3990 6202
402 265 482 320 45
1609 257 1668 313 S.
1709 255 2034 313 GREGORII
2074 256 2366 313 NYSSENI
3584 255 3658 310 46

410 378 610 440 tiones,
642 384 948 446 catteraque
983 374 1229 445 ejusdem
1262 371 1406 427 modi
1451 386 1556 442 qua
1590 372 1694 424 alia
1722 371 1788 426 de
1818 386 1983 426 causa

2096 388 2198 425 νειν
2251 373 2343 425 ἐπὶ
2381 367 2473 420 τοῦ
2496 373 2878 442 κατοιχομένου
2895 375 2978 428 tbi.
3003 372 3375 444 περιόντα;-
3392 364 3543 421 τιτι
3570 370 3657 433 δὲ,

411 469 569 531 ﬁunt,
604 476 966 538 praeterquam
1007 474 1157 522 metu
1185 465 1417 520 mortis?
1450 464 1586 519 Cum
1620 464 1785 534 igitur
1822 471 1984 517 natu-

413 561 601 614 raliter
632 575 781 615 mors
815 559 949 614 adeo
986 557 1249 613 terribilis
1283 572 1348 611 ac
1383 555 1741 610 formidabilis
1768 554 1859 621 sit,
1891 553 1985 623 qui

413 650 572 705 facile
594 649 957 720 obtemperari
985 657 1164 720 potest
1187 648 1261 713 ei,
1285 648 1379 718 qui
1422 646 1612 717 jubeat
1638 645 1984 716 superstitem

412 742 481 795 ob
512 743 736 795 alterius
795 750 1025 794 mortem
1060 748 1335 810 expertem
1382 737 1724 806 aegritudinis
1772 751 1987 807 perma-

412 831 584 885 nere?
642 829 955 897 ——M.Quid
977 844 1224 902 veroqua
1244 829 1480 886 maxime
1509 827 1577 882 de
1631 841 1797 883 causa
1844 824 1940 880 tibi
1967 867 1983 891 ,

415 921 590 990 inquit
637 922 917 993 magistra,
971 923 1088 992 ipsa
1138 936 1235 991 per
1272 936 1392 975 sese
1441 919 1632 974 mortis
1687 918 1987 973 necessitas

414 1010 610 1066 acerba
655 1020 817 1081 atque
857 1013 1086 1067 molesta
1114 1011 1374 1067 videtur?
1406 1010 1521 1064 Non
1555 1009 1696 1064 enim
1735 1009 1868 1064 satis
1902 1015 1987 1063 est

414 1101 479 1155 ad
541 1102 944 1157 criminandum
1012 1111 1065 1157 et
1132 1101 1583 1172 conquerendum
1643 1097 1987 1154 consuetudo

413 1208 601 1246 eorum
624 1233 640 1257 ,
691 1195 781 1263 qui
820 1190 1031 1248 ratione
1052 1190 1229 1246 minus
1247 1187 1629 1246 utnntur.—G.
1652 1185 1789 1255 Quid
1814 1190 1988 1245 enim-

394 1290 546 1336 ‘vero
565 1323 579 1347 ,
607 1298 787 1337 annon
816 1299 904 1338 res
927 1282 1089 1350 digna
1112 1282 1363 1336 maeroris
1385 1290 1467 1336 est
1485 1321 1499 1344 ,
1530 1280 1595 1334 ad
1620 1296 1738 1336 eam
1763 1281 1985 1351 inquam

415 1390 536 1443 ego,
568 1390 690 1429 cum
719 1375 965 1429 videmus
993 1390 1138 1438 eum,
1171 1375 1262 1444 qui
1296 1373 1457 1444 paulo
1502 1383 1629 1427 ante
1670 1372 1886 1427 vivebat
1933 1378 1987 1426 et

394 1465 760 1535 loquebatur,
823 1465 943 1537 sine
998 1465 1219 1535 spiritu,
1276 1465 1397 1519 sine
1443 1479 1596 1527 voce,
1655 1463 1987 1517 immobilem

393 1567 637 1626 'rcpente
687 1557 913 1620 factum,
963 1557 1259 1625 omniaque
1300 1555 1347 1609 ei
1401 1570 1663 1610 sensuum
1717 1552 1989 1607 naturalia

2089 463 2252 534 φησὶν
2301 463 2334 533 ἡ
2380 462 2716 527 διδάσκαλος,
2750 461 2804 515 τί
2851 480 2931 515 σοι
2981 473 3212 533 μαλιστα
3256 463 3495 536 λυπηρὸν
3532 461 3662 515 αὐτὸ

2092 556 2177 625 ἐφ’
2202 554 2416 621 ἑαυτοῦ,
2450 555 2512 608 τὸ
2543 554 2636 608 τοῦ
2672 554 2901 609 θανάτου
2942 555 3053 627 (26)
3084 556 3270 621 δοκεῖς
3310 556 3372 608 οὐ
3401 553 3508 626 γάρ
3539 554 3666 609 ικα-

2089 646 2179 700 νὸν
2243 649 2323 709 εἰς
2384 646 2638 716 διαϐολὴν
2697 643 2858 714 ἡτῶν
2877 644 3228 716 ἀλογωτέρων
3249 642 3665 715 amandum—1".

2088 738 2155 791 Τί
2189 739 2287 809 μὲν
2313 734 2406 793 οὖν
2432 740 2533 792 οὐκ
2571 737 2689 791 ἔστι
2721 736 2898 808 λύπης
2935 736 3103 802 ἄξιον,
3141 738 3278 809 πρὸς
3319 739 3487 810 αὐτὴν
3510 735 3661 795 εἷπον

2089 826 2240 896 ἐγὼ,
2288 828 2413 881 ὅταν
2447 826 2733 898 βλέπωμεν
2781 825 2892 897 (‘27)
2937 826 3027 879 τὸν
3075 826 3211 890 τέως
3244 828 3423 893 ζῶντά
3463 846 3524 882 τε
3570 829 3663 883 καὶ

2089 917 2479 988 φθεγγόμενον,
2519 917 2723 971 ἄπνουν
2761 917 2855 970 καὶ
2881 917 3105 972 ἄναυδον
3134 918 3245 989 (28)
3284 919 3378 972 καὶ
3409 919 3661 991 ἀκίνητον

2084 1007 2300 1080 ’ἀθρόως
2330 1007 2639 1078 γενόμενον,
2688 1008 2782 1060 καὶ
2822 1007 3001 1061 πάντα
3033 1008 3212 1062 αὐτῶν
3254 1009 3550 1063 σϐεσθέντα
3595 1013 3663 1064 τὰ

2090 1098 2292 1168 φυσικά
2322 1098 2648 1170 αἰσθητήρια
2668 1141 2682 1165 ,
2722 1100 2822 1152 οὐκ
2850 1100 3043 1169 ὅψεως,
3074 1099 3173 1152 οὐκ
3210 1101 3378 1171 ἀκοῆς
3414 1100 3662 1172 ἐνεργού-

2092 1207 2228 1260 σης,
2257 1189 2355 1242 οὐκ
2387 1189 2546 1242 ἀλλου
2595 1189 2737 1253 τινος
2775 1183 2849 1243 ὧν
2886 1193 2919 1262 ἡ
2964 1189 3215 1259 αἴσθησις
3248 1190 3346 1261 τὴν
3383 1190 3661 1260 ἀντίληψιν

2089 1280 2239 1351 ἔχει;
2291 1274 2362 1352 τῼ
2394 1281 2505 1350 (‘29)
2540 1282 2644 1335 κᾶν
2683 1279 2793 1353 πῦρ
2839 1282 3243 1352 προσενέγκῃς,
3290 1280 3395 1334 κᾶν
3424 1281 3661 1352 σίδηρον,

2089 1373 2192 1426 κᾶν
2225 1372 2501 1443 ἁνατέμῃς
2547 1374 2659 1441 (50)
2709 1372 2795 1426 διὰ
2840 1370 3022 1442 ξίφους
3066 1373 3126 1425 τὸ
3160 1372 3354 1442 σῶμα,
3404 1370 3506 1424 κᾶν
3549 1374 3664 1435 τοῖς

2091 1465 2443 1537 σαρκοϐὁροις
2490 1465 2695 1536 προθῇς
2752 1465 2899 1535 (51),
2944 1465 3046 1517 κᾶν
3085 1463 3365 1536 ὲγκρύῴῃς
3416 1465 3657 1534 χώματι,

2091 1557 2225 1627 πρὸς
2249 1555 2465 1610 ἅπαντα
2493 1556 2603 1625 (5⁸3)..)
2634 1557 2832 1626 ὁμοίως
2858 1557 2886 1607 ὁ
2915 1557 3162 1626 κείμενος
3189 1555 3299 1625 ἔχει
3330 1554 3461 1627 (55).
3493 1557 3661 1611 ’Ὅταν

411 1662 542 1704 vasa
574 1661 626 1703 et
653 1649 1015 1704 instrumenta
1062 1650 1356 1715 exstincta,
1386 1663 1496 1702 non
1524 1648 1723 1713 oculis,
1752 1662 1860 1701 non
1894 1660 1986 1700 au-

2096 1644 2180 1703 οὗν
2231 1650 2289 1701 ἐν
2341 1647 2547 1712 τούτοις
2602 1647 2864 1719 βλέπηται
2920 1647 3102 1718 (54)ἡ
3155 1647 3457 1719 μεταϐολὴ,
3502 1648 3561 1701 τὸ
3605 1648 3662 1702 δὲ

412 1740 586 1803 ribus,
634 1751 742 1794 non
795 1740 898 1793 alio
930 1754 1205 1809 quoquam
1255 1754 1468 1802 eorum,
1519 1752 1752 1807 quorum
1791 1751 1986 1805 appre-

2096 1740 2315 1805 ζωτικὸν
2358 1742 2532 1794 ἐκεῖνο
2567 1740 2767 1805 αἴτιον,
2813 1740 2913 1793 δτι
2959 1757 3087 1793 ποτε
3107 1736 3194 1810 ἦν,
3234 1740 3438 1808 ἀφανές
3468 1757 3525 1793 τε
3567 1741 3661 1793 καὶ

414 1832 757 1896 hensionem,
786 1832 1088 1887 subsidium
1111 1840 1275 1901 atque
1305 1830 1567 1884 auxilium
1593 1844 1785 1883 sensus
1804 1827 1986 1891 habet,

412 1928 674 1991 operante
722 1932 885 1990 atque
936 1919 1171 1975 oﬂicium
1220 1935 1381 1974 suum
1435 1919 1713 1973 faciente?
1753 1918 1840 1971 cui
1876 1917 1990 1972 sive

412 2015 591 2082 ignem
634 2012 748 2066 sive
799 2012 1003 2067 ferrum
1047 2010 1361 2072 admoveas,
1424 2012 1539 2064 sive
1580 2009 1760 2079 gladio
1788 2022 1990 2077 corpus

412 2100 645 2166 incidas,
704 2100 821 2156 sive
852 2100 1156 2155 carnivoris
1207 2098 1338 2155 feris
1380 2098 1633 2167 obiicias,
1685 2099 1800 2152 sive
1836 2096 1988 2149 humi

413 2192 684 2259 defodias,
725 2193 793 2247 ad
841 2193 1023 2247 omnia
1064 2191 1318 2246 similiter
1348 2190 1540 2261 jaccns
1571 2186 1823 2244 edicitur.
1854 2188 1988 2244 Cum

412 2286 579 2354 igitur
602 2285 658 2338 in
688 2285 774 2339 his
804 2285 1107 2340 consistere
1141 2283 1370 2338 mutatio
1407 2283 1669 2344 videatur,
1700 2281 1990 2351 vitalisque

413 2376 505 2430 illa
531 2391 719 2442 causa,
773 2391 1113 2447 quaecunque
1162 2375 1384 2429 tandem
1433 2374 1524 2428 illa
1575 2382 1711 2436 erat,
1770 2383 1991 2442 repente

411 2469 552 2524 visui
586 2458 852 2522 subducta
899 2474 1062 2536 atque
1098 2467 1369 2521 exstincta
1412 2466 1680 2519 incertum
1714 2478 1824 2533 quo
1855 2478 1990 2518 con-

411 2560 661 2623 cesserit,
699 2559 792 2614 ubi
843 2559 924 2614 vel
961 2560 1145 2626 lateat,
1189 2555 1645 2628 quemadmodum
1679 2557 1733 2610 in
1766 2557 1989 2610 lucerna

412 2650 685 2704 exstincta
718 2648 795 2714 lit,
820 2664 945 2704 cum
972 2648 1213 2713 ﬂamma,
1246 2663 1368 2719 qua:
1396 2647 1558 2701 modo
1593 2646 1644 2700 in
1668 2662 1731 2701 ea
1762 2661 1991 2701 accensa

308 2744 315 2747 ’
411 2746 552 2802 erat,
585 2753 763 2808 neque
790 2737 846 2791 in
869 2737 1142 2807 ellychnio
1170 2743 1372 2799 manet,
1399 2749 1575 2804 neque
1606 2734 1712 2787 alio
1734 2733 1988 2802 quopiam

406 2831 615 2885 transit
652 2844 716 2883 ac
742 2828 969 2891 recedit,
1018 2826 1113 2882 sed
1162 2825 1227 2880 ad
1273 2832 1574 2880 extremum
1621 2823 1903 2877 interitum
1939 2830 1992 2877 et

414 2920 763 2976 abolitionem
806 2918 1073 2990 redigitur
1108 2928 1270 2985 atque
1315 2917 1698 2986 transmigrat,
1735 2916 1829 2986 qui
1875 2915 1990 2971 ﬁeri

417 3009 611 3080 possit,
659 3016 719 3063 ut
761 3015 970 3062 tantam
1005 3007 1389 3069 mutationem,
1437 3006 1530 3078 qui
1579 3005 1730 3059 nulla
1758 3019 1816 3059 re
1844 3014 1991 3060 certa

414 3101 790 3164 conﬁrmetur,
822 3102 942 3154 sine
972 3099 1138 3153 animi
1187 3099 1376 3153 dolore
1411 3100 1553 3152 terre
1588 3095 1798 3167 possit?
1825 3093 1986 3149 Exitu

412 3192 562 3249 enim
592 3193 789 3247 anima:
816 3192 1024 3255 audito,
1061 3191 1205 3261 quod
1236 3190 1454 3260 quidem
1479 3189 1728 3243 relictum
1755 3197 1860 3252 est,
1900 3188 1986 3242 vi-

414 3283 646 3347 demus,
673 3282 821 3350 quod
868 3288 1048 3336 autem
1083 3290 1396 3353 separatum
1445 3291 1609 3352 atque
1655 3281 1984 3351 disiunctum

2091 1831 2273 1884 ἄδολον
2321 1831 2532 1901 ἀθρόως
2582 1831 2809 1901 γένηται
2861 1831 2993 1900 (55),
3044 1830 3292 1901 καθάπερ
3332 1832 3425 1883 ἐπὶ
3467 1831 3659 1900 λύχνου

2093 1922 2409 1985 σϐεσθέντος
2451 1922 2549 1991 τῆς
2591 1923 2728 1985 τέως
2769 1921 3141 1992 ἐξαπτομένης
3171 1921 3255 1989 ἐφ’
3301 1922 3496 1975 ἑαυτοῦ
3546 1923 3660 1993 (56)

2096 2014 2289 2082 φλογὸς
2322 2011 2443 2065 οὔτε
2473 2013 2565 2065 ἐπὶ
2599 2012 2696 2081 τῆς
2726 2010 3034 2079 θρυαλλίδος
3065 2009 3350 2080 μενούσης,
3388 2008 3507 2063 οὕτε
3539 2010 3662 2063 ἐτέ-

2094 2103 2226 2177 ρωοί
2248 2122 2349 2156 που
2380 2102 2800 2173 μεθισταμένης,
2834 2101 2948 2154 ἀλλ’
2981 2102 3061 2164 εἰς
3086 2100 3392 2171 ἀφανισμὸν
3425 2101 3660 2170 παντελῆ

2096 2194 2516 2266 μεταχωρούσης
2538 2235 2554 2258 ,
2583 2194 2698 2257 πῶς
2730 2193 2793 2247 ἂν
2826 2191 3033 2262 γένοιτο
3065 2192 3164 2264 τὴν
3193 2191 3459 2262 τοσαύτην
3499 2208 3662 2262 μετα-

2092 2286 2251 2357 ϐολὴν
2293 2288 2533 2354 ἐνεγκεῖν
2566 2285 2784 2350 ἀλύπως
2829 2286 3038 2357 μηδενὶ,
3074 2286 3363 2357 προδήλως
3404 2286 3663 2357 ἐπερειδό-

2096 2394 2253 2447 μενον
2298 2378 2431 2447 (57);
2470 2377 2687 2441 Ἕξοδον
2714 2378 2822 2448 γὰρ
2860 2378 3038 2448 ψυχῆς
3078 2378 3188 2449 (58)
3213 2378 3576 2445 ἀκούσαντες,
3603 2379 3663 2431 τὸ

2095 2469 2192 2540 μὲν
2218 2469 2536 2537 ὑπολειφθὲν
2568 2452 2676 2538 (59)
2707 2468 2939 2539 ὁρῶμεν,
2970 2470 3029 2522 τὸ
3056 2470 3111 2522 δὲ
3136 2471 3400 2542 χωρισθὲν
3434 2469 3661 2539 ἀγνοοῦ-

2095 2578 2225 2631 μεν,
2281 2560 2411 2614 αὑτό
2456 2577 2515 2612 τε
2568 2561 2595 2613 ὅ
2622 2560 2674 2611 τί
2721 2559 2829 2629 (40)
2868 2577 2995 2613 ποτε
3021 2562 3159 2615 κατά
3187 2561 3284 2631 τὴν
3330 2561 3490 2631 φύσιν
3526 2562 3660 2628 ἐστὶ,

2093 2651 2184 2704 καὶ
2219 2653 2295 2714 είς
2330 2653 2358 2704 ὃ
2384 2667 2434 2702 τι
2465 2650 2936 2721 μετακεχιῦρηκεν,
2966 2652 3025 2705 οὐ
3049 2652 3182 2721 γῆς,
3219 2654 3318 2705 οὐκ
3350 2652 3510 2723 ἀέρος
3530 2691 3542 2714 .
3568 2653 3663 2725 οὐχ

2094 2740 2324 2806 ὓδατος,
2366 2742 2466 2795 οὐκ
2517 2742 2674 2795 ἄλλου
2723 2740 2866 2804 τινὸς
2914 2741 3023 2794 τῶν
3063 2742 3343 2813 στοιχείων
3384 2744 3442 2797 ὲν
3487 2743 3663 2815 ἑαυτῷ

2092 2833 2396 2898 δεικνύντος
2427 2835 2640 2905 ἐκείνην
2680 2834 2778 2906 τὴν
2809 2835 2919 2906 (41)
2951 2836 3181 2906 δύναμιν
3212 2838 3311 2909 τὴν
3358 2836 3449 2889 τοῦ
3480 2836 3663 2908 σώμα-

2091 2946 2185 2992 τος
2214 2930 2607 2999 ὲκχωρήσασαν
2630 2945 2644 2961 ·
2692 2923 2760 3001 ἦς
2800 2928 3195 3000 ὐπεξελθούσης
3236 2932 3426 3003 νεκρόν
3459 2932 3574 2983 ἐστι
3602 2929 3662 2984 τὸ

2097 3020 2417 3087 ὑπολειφθὲν
2451 3019 2565 3092 (49.)
2599 3020 2693 3074 καὶ
2724 3020 2859 3092 πρὸς
2887 3021 3180 3091 διαφθορὰν
3204 3021 3316 3093 (45)
3355 3021 3456 3092 ἤδη
3486 3021 3662 3076 ὲκκείυ

2098 3126 2255 3180 μενον
2289 3109 2418 3181 (44).

414 3381 520 3438 est,
557 3381 673 3428 tum
717 3374 894 3444 ipsum
941 3373 1074 3443 quid
1127 3373 1347 3429 tandem
1390 3373 1695 3447 secundum
1742 3381 1995 3427 naturam
2036 3372 2129 3437 sit,
2170 3380 2285 3426 tum
2322 3372 2376 3425 in
2417 3371 2548 3442 quid
2585 3377 2940 3441 concesserit,
3021 3385 3183 3447 atque
3227 3377 3506 3433 redactum
3568 3378 3657 3442 sit,

412 3468 754 3536 ignoramus,
802 3480 911 3520 non
952 3479 1104 3531 aere,
1156 3481 1266 3521 non
1332 3474 1502 3532 terra,
1554 3481 1663 3520 non
1733 3479 1896 3535 aqua,
1938 3478 2060 3517 non
2121 3462 2227 3518 alio
2279 3464 2535 3533 quopiam
2573 3467 2844 3521 elemento
2896 3467 2952 3523 in
2991 3484 3111 3524 sese
3162 3469 3479 3524 ostendente
3514 3468 3659 3522 illam

411 3752 612 3814 praeter
648 3759 786 3814 rem,
832 3754 887 3799 et
931 3745 1063 3801 vitio
1113 3745 1345 3809 librarii,
1409 3745 1502 3812 qui
1544 3745 1781 3814 priorem
1834 3744 1986 3799 vocis

415 3816 659 3938 ejlusdentt
710 3813 943 3870 formam
1004 3815 1278 3870 incondite
1340 3813 1599 3885 scriptam
1650 3816 1833 3870 delere
1888 3831 1984 3869 ne-

416 3900 450 3938 ιι
472 3900 630 3938 exera
662 3926 676 3937 .

472 3892 676 3939 exerat.

416 3900 713 4025 “legitimis
740 3954 848 4008 τοῦ
878 3953 1155 4008 θανάτου.
1187 3956 1265 4009 lta
1289 3954 1551 4025 legecum
1595 3970 1697 4010 ms.
1751 3966 1985 4025 utroque

417 4023 536 4080 sine
577 4039 712 4094 voce
763 4025 1079 4089 ἀναγκαῖον,
1138 4039 1301 4092 quam
1354 4023 1499 4077 edita
1536 4025 1757 4079 habent.
1802 4023 1984 4094 Neque

416 4094 563 4149 enim
595 4092 683 4148 hic
716 4093 781 4147 ad
838 4094 1221 4148 necessitatem
1262 4094 1456 4148 mortis
1503 4096 1841 4163 simpliciter,
1884 4092 1983 4149 sed

417 4163 485 4217 ad
511 4179 600 4228 ea,
630 4179 751 4232 qua;
803 4164 994 4217 mortis
1025 4172 1153 4218 sunt
1184 4164 1238 4216 in
1283 4164 1625 4227 universum,
1668 4166 1979 4232 respicitur.

493 4234 604 4304 (27,)
635 4231 975 4304 Βλέπωμεν.
1005 4234 1081 4286 lla
1117 4241 1406 4303 utrumque
1427 4250 1528 4288 ms.
1567 4249 1665 4303 pro
1689 4231 1980 4304 βλέπομεν.

489 4303 601 4374 (‘28)
629 4304 735 4374 (fat
772 4303 1056 4357 ἄναυδον.
1114 4305 1191 4357 lta
1244 4319 1345 4357 ms.
1394 4303 1704 4374 utrumque,
1740 4304 1885 4374 quod
1931 4311 1983 4357 et

415 4372 595 4428 versio
633 4372 822 4427 Latina
861 4384 1010 4428 recte
1057 4376 1359 4443 expressit,
1410 4372 1661 4443 quamvis
1702 4372 1765 4427 in
1792 4373 1982 4429 Graeco

415 4442 565 4499 edito
594 4458 703 4496 non
724 4451 919 4497 exstet.

489 4512 600 4581 (29)
626 4508 701 4582 τῼ
740 4520 969 4580 uterque
1004 4512 1175 4567 codex
1215 4511 1377 4565 habet
1410 4512 1463 4565 in
1488 4512 1650 4568 editis
1695 4515 1984 4577 omissum,

420 4583 563 4651 quod
586 4581 766 4636 tamen
794 4584 974 4651 versio
1003 4582 1193 4634 Latina
1226 4581 1404 4635 habet.

489 4654 598 4723 (50)
644 4650 972 4723 Ἀναζέμῃᾳ
1010 4651 1107 4705 Ms.
1162 4653 1201 4723 ᾼ
1252 4650 1580 4723 ἀνατέμνῃς.
1606 4650 1764 4708 Prius
1795 4651 1987 4723 praefe-

418 4720 649 4793 rendum
682 4720 1218 4793 suadentseqnentia
1264 4720 1433 4776 verba
1454 4720 1697 4792 ejusdem
1719 4720 1983 4793 temporis

414 4790 622 4863 προθῇς
651 4798 705 4844 et
731 4790 1028 4913 ὲγζιρύΐῃς.

489 4862 600 4913 (51)
629 4864 881 4913 Ποοθηρ.
940 4872 991 4913 ta
1019 4880 1028 4913 ι

489 4855 600 4934 (si)
621 4855 991 4934 ﬂgodﬁe._lt'a
1019 4877 1083 4917 ex
1109 4876 1214 4915 ms.
1237 4859 1290 4913 B
1321 4870 1374 4934 et
1400 4876 1490 4934 “ex
1523 4862 1758 4934 lectione
1784 4863 1981 4934 margi-

419 4931 525 4984 nali
556 4928 658 5003 τοῇ
680 4928 758 4993 ίΑ,
793 4931 905 5003 _qui
968 4932 1021 4985 in
1069 4940 1234 5003 textu
1286 4931 1504 4985 exhibet
1531 4932 1772 5003 προσθῇς
1800 4928 1981 4990 ηὶίῐιίιε

419 5007 584 5074 recte.
616 4998 750 5074 Nam
776 4998 843 5054 de
864 5002 1025 5074 rebus
1066 5001 1120 5055 in
1148 5002 1327 5056 cibum
1356 4998 1649 5070 propositis
1678 4998 1984 5074 non_t:poa-

419 5070 626 5193 τῗθημι,
655 5068 751 5125 sed
783 5071 1079 5143 προτίθημι
1108 5068 1425 5141 usurpatur;
1460 5068 1577 5127 v.0.
1602 5071 1745 5144 apud
1781 5068 1985 5144 Sopho-

420 5155 447 5193 c
469 5156 555 5193 em
587 5156 603 5193 :

420 5155 555 5195 cunn
587 5156 603 5193 Ζ

497 5229 775 5300 Προθέντ⁹
835 5211 1077 5301 ἀδελφῷ
1104 5232 1350 5288 δεῖπνον
1377 5234 1609 5287 οἰκείων
1630 5233 1871 5290 τέκνων.

491 5342 602 5411 (5%)
639 5345 918 5399 Ἀπαντα.
953 5345 1131 5400 ιῖοάρκ
1166 5345 1209 5398 Α
1238 5345 1395 5400 habet
1423 5346 1589 5399 ἅπαν.

490 5415 601 5481 (55)
639 5415 691 5465 '0
744 5416 1018 5484 κείμενος
1072 5416 1216 5483 ἔχει.
1263 5416 1627 5471 Posteriorem
1677 5432 1865 5471 vocem
1918 5433 1984 5471 ex

424 5492 652 5564 utroque
712 5486 834 5538 cod.
897 5486 1133 5540 restitui.
1169 5485 1298 5539 Eam
1331 5487 1475 5541 enim
1519 5502 1715 5542 sensus
1758 5488 1982 5542 omnino

522 5568 670 5606 llll'll.

420 5563 945 5691 Γοῗὲίξιὲλέπηται.
996 5622 1073 5679 lla
1127 5625 1321 5682 iterum
1381 5641 1479 5695 pro
1530 5624 1804 5695 βλέπεται,
1838 5626 1981 5696 quod

2089 3751 2173 3799 est
2204 3743 2257 3796 in
2291 3743 2457 3798 edito.

2183 3814 2272 3888 55)
2290 3814 2581 3888 ferrum.
2614 3811 2788 3888 915:8
2806 3814 2973 3888 habet
3011 3818 3317 3888 γεγένηται.

2181 3883 2269 3953 56)
2289 3882 2661 3954 Ἐφ’ἐᾳυτοῦ.
2686 3881 2777 3936 Sic
2805 3885 2922 3950 lego
2951 3881 3047 3954 pro
3068 3881 3212 3942 edito
3233 3886 3395 3941 αὑτοῦ
3424 3900 3546 3941 cum
3570 3899 3661 3939 co-

2087 3951 2361 4025 dicibusA
2384 3959 2436 4005 et
2469 3952 2529 4015 Β,
2557 3967 2787 4025 quorum
2822 3954 2905 4025 hic
2946 3951 3229 4010 lectionem
3256 3959 3412 4011 istaut
3449 3958 3502 4009 in
3543 3956 3661 4025 ipso

2089 4032 2260 4088 textu,
2298 4024 2384 4076 hic
2422 4037 2550 4095 vero
2608 4021 2692 4095 in_
2725 4024 3231 4095 margineexhibct.
3274 4029 3433 4095 cujus
3460 4021 3579 4079 loco
3606 4026 3661 4081 in

2092 4101 2350 4146 contextu
2395 4092 2650 4144 mendose
2682 4091 2879 4160 legitur
2898 4094 2984 4144 ἐπ’
3010 4095 3209 4146 αὐτῶν.

2161 4162 2270 4230 (57)
2308 4160 2527 4228 Μηδενὶ
2562 4160 2875 4228 προδήλως
2903 4163 3373 4231 ἐπερειδόμενον.
3402 4163 3550 4216 "anc
3584 4164 3661 4215 le-

2089 4232 2327 4303 ctionem
2389 4232 2725 4303 restituo‘ex
2779 4246 2885 4303 ms._
2939 4240 3187 4301 utroque,
3248 4250 3343 4302 pro
3382 4234 3541 4289 editis
3584 4234 3657 4303 μὴ

2090 4300 2371 4373 προδήλως
2395 4299 2844 4373 ὑπερειδόμενοῃ
2875 4301 2925 4353 in
2961 4299 3159 4370 quibus
3202 4299 3419 4357 sensum
3455 4299 3658 4373 frustra

2088 4368 2321 4443 quazras.
2351 4368 2804 4443 lmoipsavcrsio
2828 4368 3016 4425 Latina
3040 4374 3283 4426 eamdem
3302 4375 3570 4443 expressit
3586 4368 3657 4426 ita

2088 4440 2362 4514 reddens:
2399 4440 2507 4514 qui
2529 4439 2678 4514 ηιιίζα
2711 4456 2772 4514 _re
2810 4444 3338 4511 certarconﬁrmetur.
3372 4439 3660 4514 'Loquitur

2089 4511 2234 4585 enim
2288 4508 2674 4585 Gregoriusde
2711 4510 2929 4581 lugente
2984 4508 3277 4583 ejusmoJi,
3325 4516 3416 4585 qui
3447 4508 3656 4569 nullum

2086 4579 2252 4633 habet
2273 4583 2385 4648 spei
2413 4579 2741 4648 praesidium.

2162 4649 2275 4723 (58)
2299 4647 2546 4723 ﬂexus.
2584 4648 2815 4723 Restituti
2850 4664 2916 4703 ex
2958 4661 3189 4723 utroque
3231 4655 3377 4721 cod.,
3427 4657 3572 4711 sicut
3605 4666 3659 4713 et

2090 4717 2270 4774 versio
2299 4717 2487 4770 Latina
2510 4720 2784 4786 exprimit.
3105 4717 3115 4723 '
3210 4754 3211 4757 η

2163 4788 2276 4867 (5_9)
2314 4788 3158 4867 'Itaotszpdgrlsielegendum
3188 4811 3287 4863 pro
3330 4797 3657 4867 ὑποληφθέν,

2088 4860 2234 4928 quod
2258 4858 2344 4912 est
2361 4858 2411 4934 in
2430 4859 2561 4913 edit.
2587 4858 2986 4934 th§.juben'te
3004 4879 3103 4917 ms.
3129 4858 3234 4916 ne:
3256 4858 3659 4934 postulantibus

2090 4929 2458 4998 grammatica:
2508 4930 2834 4996 rationibus,
2878 4934 2988 4987 imo
3013 4929 3335 4988 ememlante
3368 4937 3498 4991 edit.
3533 4940 3660 4991 anni

2091 4998 2517 5121 {Gingerivari
2538 5001 2680 5053 enim
2704 5000 2863 5058 debet
2892 5019 2954 5058 ex
2981 5000 3273 5069 ὑπολείπω,
3302 5020 3409 5059 non
3438 5023 3501 5061 ex
3538 5009 3663 5060 ὐπο-

2125 5086 2203 5121 αυ.
2277 5087 2369 5121 νω.

2125 5087 2369 5122 αμοανω.

2164 5086 2473 5216 ιξιιῖὦνῗίὺτό
2498 5156 2560 5191 τε
2612 5139 2645 5192 ὅ
2671 5157 2744 5216 τε.
2776 5142 2898 5216 ξὈτι
2934 5157 3040 5196 non
3084 5143 3332 5212 agnoscit
3356 5143 3420 5210 A,
3448 5162 3555 5216 quo
3581 5154 3661 5200 ta-

2096 5224 2221 5281 men
2240 5208 2317 5281 ad
2345 5225 2565 5281 sensum
2608 5210 2993 5275 perﬁciendum
3021 5208 3159 5281 opus
3188 5220 3291 5267 est.

2170 5279 2282 5352 (41)
2323 5279 2458 5352 Τήν.
2502 5282 2792 5352 luterserui
2819 5297 2885 5336 ex
2927 5297 3028 5335 ms.
3062 5276 3317 5352 utroque.

2170 5348 2282 5424 (42)
2323 5348 2740 5424 Ὑπολειςςθέν,
2762 5351 2842 5424 Ita;
2865 5352 3060 5424 scribo
3104 5348 3298 5407 iterum
3332 5368 3430 5423 pro
3458 5353 3658 5424 ὑπολη-

2099 5419 2252 5487 φθέν,
2288 5420 2432 5487 quod
2457 5423 2614 5475 estin
2657 5419 2789 5475 edit.
2822 5420 2980 5476 1615.

2164 5489 2276 5624 (45)
2311 5490 2664 5558 Διαφθυράν,
2689 5491 2869 5545 Codex
2902 5492 2939 5543 A
2975 5492 3133 5546 liabet
3175 5493 3402 5564 simplex
3434 5491 3656 5563 φθοράν.

2164 5558 2254 5624 (44
2316 5559 2712 5624 Ἐκκείμενον.
2763 5561 2863 5615 Ms.
2903 5560 2944 5614 Β
2972 5563 3132 5619 habet
3159 5565 3474 5624 ἐγκείμενον
3506 5578 3656 5617 meu-

2093 5558 2275 5684 ᾶοὲιὲι)
2316 5559 2712 5630 Ἐκκείμενον.
2763 5561 2863 5615 Ms.
2903 5560 2944 5614 Β
2972 5563 3132 5619 habet
3159 5558 3474 5635 ἐγκείμενον
3506 5558 3657 5617 tuen-

2132 5645 2243 5685 οδε.
