3990 6202
468 262 547 321 17
1532 278 1621 332 ne
1649 276 1861 332 ANIMA
1893 276 1982 331 ET
2016 276 2051 330 ιι

2168 276 2612 334 URRECTIONE.
3652 274 3741 332 18ι

470 389 601 454 vim,
649 403 769 459 qua!
798 392 1102 447 excesserit
1133 409 1162 449 e
1193 408 1423 467 corpore
1459 414 1471 450 :
1507 411 1613 467 qua
1656 412 1874 468 egressa
1909 404 2070 467 atque
2112 395 2380 452 subducta
2404 436 2418 459 ,
2453 394 2597 463 quod
2652 392 3009 464 relinquitur,
3056 398 3331 447 mortuum
3370 398 3454 446 est
3504 396 3558 445 et
3594 405 3719 446 cor-

471 484 707 555 ruptioni
739 484 854 555 jam
886 492 1219 546 expositum.

546 651 603 705 Γ.
623 649 871 705 Ταῦταδέ
887 669 989 722 μου
1020 650 1305 719 διεξιόντος
1351 654 1487 724 (45)
1540 653 1739 726 μεταξὺ
1788 652 2038 706 κατασεί-

2211 649 2276 706 G.
2312 648 2442 704 Ilaec
2469 662 2592 701 cum
2620 661 2721 717 ego
2740 646 3023 709 dixissem,
3049 656 3216 698 manu
3254 640 3471 696 interim
3496 634 3718 693 silentio

467 754 606 791 σασα
645 738 759 811 (46)
792 744 858 811 τῇ
883 743 1658 816 χειρὶὴδιδάσκαλος-Μ.Μή
1682 741 1763 805 τίς
1783 759 1839 795 σε
1873 743 2042 798 τοιοῦ-

464 847 593 893 τος,
658 832 829 901 φησι,
887 833 1050 902 φόὗος
1103 837 1470 907 ὑποταράσσει
1521 838 1614 890 καὶ
1664 836 1873 907 συνέχει
1929 836 2040 910 (47)

2144 743 2432 813 imperato,
2484 739 2865 810 magistra.——
2898 736 2967 791 Μ.
3010 734 3264 805 Nunquid
3296 729 3591 801 ejusmodi,
3632 728 3718 781 in-

2144 836 2285 905 quit,
2331 843 2514 889 metus
2556 844 2609 885 te
2658 830 2961 901 perturbat,
2996 838 3050 883 et
3089 833 3326 882 mentem
3363 830 3510 877 tuam
3544 819 3718 888 angit,

464 917 564 986 τὴν
590 917 854 985 διάνοιαν,
883 921 959 986 ὡς
984 925 1045 976 ού
1069 923 1318 995 διαμενού
1339 944 1426 997 ῖης
1453 926 1533 989 είς
1562 926 1649 979 ἀεὶ
1683 926 1793 998 (48)
1823 927 1921 996 τῆς
1942 926 2044 995 ψυ-

2168 926 2306 997 luasi
2337 925 2517 980 anima
2549 937 2656 978 non
2690 936 2906 992 semper
2934 926 3173 985 maneat,
3206 917 3300 974 sed
3322 931 3429 971 una
3463 929 3585 969 cum
3613 911 3723 966 dis-

465 1010 586 1076 χῆςφ
609 1009 747 1063 ἀλλὰ
792 1015 1312 1087 συγκαταληγούσης
1353 1020 1420 1089 τῇ
1459 1017 1696 1072 διαλύσει
1730 1016 1823 1071 τοῦ
1856 1015 2043 1088 σώμα-

465 1116 584 1164 τος;
603 1104 732 1160 -Γ,
762 1103 903 1171 Ἐγὼ
922 1104 980 1158 δὲ
994 1104 1109 1171 (καὶ
1128 1105 1409 1178 γὰρ-οὔπω
1422 1105 1519 1162 τοῦ
1540 1110 1743 1173 πάθους
1776 1110 1867 1163 τὸν
1894 1109 2044 1178 λογι-

470 1187 607 1257 σμὸν
630 1189 991 1261 ἀνεδεξάμην)
1015 1192 1127 1262 (49)
1151 1192 1483 1265 θρασύτερόνη
1502 1216 1616 1263 πως
1639 1199 2040 1271 ἀπεκρινάμην,

468 1279 529 1331 ού
563 1280 704 1333 πάνυ
754 1282 1227 1354 περισκεψάμενος
1269 1284 1329 1337 τὸ
1369 1285 1681 1356 λεγόμενον.
1730 1284 1896 1341 Εἶπον
1934 1287 2044 1359 γὰρ

468 1370 837 1442 ἐπιτάγμασιν
864 1372 1101 1428 ἐοικέναι
1129 1374 1227 1439 τὰς
1263 1374 1413 1439 θείας
1438 1376 1641 1451 φωνὰς,
1669 1378 1735 1430 δι’
1767 1372 1840 1431 ὧν
1863 1378 1923 1429 τὸ
1948 1377 2044 1448 μὲν

469 1460 579 1514 δεῖν
622 1464 910 1518 πεπεῖσθαι
943 1465 1043 1535 τὴν
1081 1465 1259 1537 ψυχὴν
1287 1466 1461 1521 εἰσαεὶ
1491 1468 1768 1538 διαμένειν
1807 1471 2045 1537 ἀναγκα-

471 1552 694 1623 ζόμεθα,
732 1555 793 1607 ού
832 1556 937 1626 μὴν
977 1556 1121 1627 λόγῳ
1148 1559 1255 1610 τινὶ
1286 1557 1365 1629 τῷ
1390 1560 1616 1630 τοιούτῳ
1652 1560 2043 1631 προσήχθημεν

471 1644 717 1714 δόγματι.
765 1645 903 1698 Ἀλλ’
946 1645 1118 1700 ἔοικεν
1151 1649 1281 1718 ἡμῖν
1324 1647 1435 1719 (50)
1476 1648 1735 1712 δουλικῶς
1778 1649 1989 1703 ἔνδοθεν
2017 1653 2045 1703 ὁ

471 1735 594 1797 νοῦς
626 1735 778 1806 φόϐῳ
799 1736 859 1789 τὸ
886 1737 1235 1809 κελευόμενον
1258 1739 1531 1809 δέχεσθαι,
1559 1742 1657 1810 οὐχ
1683 1741 1794 1811 (51)
1822 1740 2046 1811 ἑκουσίᾳ.

469 1829 583 1881 τινί
620 1829 761 1899 ὁρμῇ
808 1831 918 1892 τοῖς
966 1828 1278 1900 λεγομένοις
1333 1831 1695 1885 συντίθεσθαι.
1744 1832 1904 1885 Ὅθεν
1953 1831 2045 1884 καὶ

474 1918 768 1991 βαρύτεραι
814 1922 944 1990 ἡμῖν
978 1922 1070 1974 ἐπὶ
1122 1920 1231 1975 τῶν
1283 1923 1719 1993 κατοικουμένων
1764 1925 1822 1976 αί
1878 1922 2043 1977 λύπαι

2148 1018 2424 1074 solutione
2455 1015 2705 1086 corporis
2738 1014 2855 1084 ipsa
2901 1027 3120 1083 quoque
3150 1025 3273 1066 esse
3302 1005 3635 1063 desinat?——
3654 1000 3721 1054 G.

2149 1107 2262 1179 Ego
2292 1121 2425 1162 vero
2455 1103 2679 1176 (etenim
2710 1104 2953 1159 nondum
2990 1102 3057 1157 ab
3074 1099 3396 1172 aegritudine
3422 1105 3477 1152 et
3504 1101 3720 1164 pertur-

2148 1198 2369 1255 batione
2405 1197 2672 1251 rationem
2718 1193 3067 1264 collegeram)
3092 1189 3355 1245 audacius
3384 1183 3721 1258 protervius-

2147 1308 2253 1364 que
2300 1289 2721 1362 quodammodo,
2755 1287 2886 1357 quid
2930 1286 3228 1350 diceretur,
3264 1297 3372 1338 non
3424 1278 3723 1334 admodum

2147 1383 2528 1443 considerans,
2584 1379 2863 1448 respondi.
2914 1376 3039 1430 Dixi
3096 1376 3265 1438 enim,
3296 1372 3515 1427 divinas
3560 1382 3726 1447 voces

2144 1464 2435 1537 praeceptis
2467 1472 2524 1517 et
2556 1462 2754 1517 edictis
2800 1475 2925 1517 esse
2971 1458 3212 1526 similes,
3255 1459 3457 1529 quibus
3497 1458 3729 1514 credere

2146 1550 2368 1628 quidem
2400 1570 2688 1623 cogamur,
2722 1554 2962 1608 animam
2996 1562 3255 1623 oportere
3295 1552 3351 1606 in
3397 1559 3725 1622 perpetuum

2148 1664 2476 1720 permanere
2498 1687 2513 1712 ,
2544 1663 2651 1702 nou
2680 1655 2863 1702 autem
2893 1646 3078 1715 aliqua
3109 1645 3324 1701 ratione
3355 1645 3421 1700 ad
3453 1644 3729 1714 ejusmodi

2149 1738 2481 1794 sententiam
2531 1737 2895 1791 adducamur.
2943 1735 3051 1791 Sed
3084 1736 3305 1792 videtur
3358 1736 3519 1796 nobis
3574 1752 3728 1791 mens

2148 1829 2297 1884 intra
2334 1844 2437 1884 nos
2472 1828 2731 1883 servilem
2768 1828 2821 1882 in
2859 1827 3084 1883 modum
3127 1835 3276 1882 metu
3312 1827 3547 1898 probare
3579 1828 3727 1897 quod

2145 1922 2393 1992 iubetur,
2418 1936 2527 1976 non
2561 1918 2875 1974 voluntario
2902 1918 3139 1990 quodam
3169 1927 3324 1974 motu
3358 1919 3464 1985 iis,
3493 1933 3614 1989 qua:
3646 1918 3732 1974 di-

471 2010 707 2078 γίνονται
722 2011 863 2084 [οὐκ]
881 2011 1124 2084 ἀκριϐῶς
1140 2013 1517 2083 ἐπισταμένων
1532 2014 1643 2084 (52)
1662 2015 1694 2084 ἡ
1702 2014 1839 2083 μῶν,
1854 2014 1951 2067 εἴτ’
1968 2014 2047 2067 ἔτι

2168 2024 2370 2078 :autur,
2399 2012 2687 2068 assentiri.
2725 2010 2880 2066 Unde
2906 2012 3074 2068 etiam
3106 2011 3166 2065 ﬁt
3185 2051 3200 2074 ,
3232 2020 3292 2065 ut
3322 2014 3548 2081 gravius
3578 2025 3730 2065 mor-

470 2105 587 2158 ὲστὶ
641 2105 753 2173 (55)
785 2103 907 2157 καθ’
951 2104 1084 2157 αὑτὸ
1118 2104 1277 2157 τοῦτο
1315 2104 1376 2157 τὸ
1408 2103 1666 2168 ζωοποιὺν
1703 2107 1905 2171 αἴτιον,
1954 2106 2046 2158 καὶ

467 2197 613 2266 ὅπη,
667 2195 763 2249 καὶ
810 2197 996 2261 ὅπως,
1035 2197 1146 2249 εἴτε
1187 2196 1287 2249 οὐκ
1328 2195 1474 2249 ἔστιν
1520 2196 1731 2269 οὐδαμῆ
1774 2198 2044 2269 οὐδαμῶς.

471 2288 624 2350 ἰσας
655 2287 766 2355 (54)
801 2287 909 2358 γὰρ
944 2291 1089 2342 ποιεῖ
1126 2287 1221 2342 τοῦ
1266 2288 1480 2358 ἀληθῶς
1507 2289 1658 2354 ὄντος
1699 2289 1892 2361 ἀδηλία
1933 2290 2045 2361 (55)

466 2381 567 2443 τὰς
596 2381 681 2449 ἐφ’
716 2380 970 2450 ἑκάτερον
1007 2380 1334 2451 ὑπολείψεις.
1366 2383 1476 2436 Καὶ
1503 2381 1715 2445 πολλοῖς
1744 2382 1842 2452 μὲν
1866 2380 2045 2446 τοῦτο,

469 2472 683 2535 πολλοῖς
718 2472 774 2525 δὲ
807 2473 863 2525 τὸ
893 2474 1130 2528 ἐναντίον
1154 2474 1263 2545 (56)
1294 2474 1458 2527 δοκεῖ.
1500 2470 1611 2527 Καὶ
1648 2472 1754 2525 εἰσί
1792 2474 1856 2542 γέ
1902 2490 2047 2536 τινες

469 2563 621 2634 παρὰ
659 2566 770 2625 τοῖς
805 2558 1064 2632 Ἕλλησιν
1099 2567 1157 2618 οὐ
1204 2566 1406 2637 μικρὰν
1444 2566 1658 2636 ἔχοντες
1701 2565 1793 2619 ἐπὶ
1837 2565 2049 2635 φιλοσο-

469 2655 568 2727 φίᾳ
596 2655 707 2726 (57)
737 2655 835 2727 τὴν
874 2654 1032 2720 δόξαν
1053 2696 1067 2720 ,
1098 2657 1148 2710 οἳ
1176 2655 1364 2710 ταῦτα
1403 2655 1660 2728 ᾠήθησαν
1704 2673 1765 2709 τε
1810 2656 1905 2709 κάὶ
1942 2657 2048 2710 ἁπ-

469 2748 756 2817 ειρήναντο.
792 2747 953 2804 -Μ.
982 2747 1110 2814 Ἔα,
1132 2746 1427 2818 φησὶ,τοὺς
1447 2748 1647 2814 ἔξωθεν
1693 2747 1895 2819 λήρους
1919 2786 1934 2810 ,
1988 2747 2046 2799 ὲν

469 2835 552 2904 οἷς
589 2842 617 2894 ὁ
655 2838 750 2892 τοῦ
795 2838 1025 2909 ψεύδους
1053 2840 1281 2911 εὑρέτης
1317 2840 1410 2892 ἐπὶ
1448 2839 1619 2911 βλάϐῃ
1652 2841 1751 2911 τῆς
1789 2838 2046 2911 ἀληθείας

472 2932 712 2997 πιθανῶς
753 2932 850 2996 τὰς
880 2932 1237 3003 ἠπατημένους
1277 2933 1574 3004 ὑπολήψεις
1606 2933 1944 3004 συντίθησιν
1983 2934 2047 2987 σὺ

472 3025 529 3078 δὲ
560 3024 693 3095 πρὸς
718 3022 878 3077 τοῦτο
902 3023 1086 3094 βλέπε,
1116 3026 1198 3077 ὃτι
1226 3023 1289 3076 τὸ
1312 3023 1483 3088 οὕτως
1516 3025 1644 3095 περὶ
1673 3023 1848 3095 ψυχῆς
1881 3023 2046 3097 ἔχειν,

473 3114 623 3166 οῦδὲν
655 3113 781 3168 ἀλλο
812 3114 959 3167 ἐστὶν
994 3114 1025 3184 ἢ
1059 3113 1337 3184 ἀλλότριον
1382 3114 1493 3184 (58)
1524 3113 1660 3186 πρὸς
1704 3113 1801 3185 τὴν
1845 3115 2048 3185 ἀρετὴν

474 3205 639 3277 ἔχειν,
683 3208 778 3259 καὶ
810 3206 945 3277 πρὸς
970 3204 1031 3258 τὸ
1061 3205 1234 3275 παρὸν
1264 3205 1363 3276 ἡδὺ
1410 3204 1569 3276 μόνον
1596 3205 1813 3275 βλέπειν
1831 3222 1844 3236 ·
1872 3206 1970 3277 τὴν
1993 3206 2049 3259 δὲ

471 3301 584 3363 τοῖς
630 3298 822 3352 αἰῶσιν
874 3296 987 3367 (59)
1041 3295 1479 3367 ὲνθεωρουμένην
1524 3296 1669 3367 ζωὴν
1702 3297 1796 3350 ἀπ’
1836 3296 2049 3362 ἐλπίδος

474 3388 739 3443 τεκεῖσθαι
764 3427 778 3451 ,
812 3386 933 3441 καθ’
962 3386 1030 3456 ἢν
1060 3386 1194 3456 μόνη
1226 3386 1337 3455 (60)
1362 3387 1395 3457 ἡ
1422 3385 1590 3458 ἀρετὴ
1610 3386 1673 3439 τὸ
1704 3386 1888 3441 πλεῖον
1911 3387 2043 3458 ἔχει.

472 3480 602 3533 -Γ.
634 3483 745 3537 Καὶ
766 3482 905 3549 πῶς,
926 3480 1088 3553 ἔφην,
1109 3481 1308 3551 γένοιτ’
1332 3482 1400 3536 ἂν
1418 3482 1552 3553 ἡμῖν
1592 3478 1766 3546 παγὶα
1812 3479 1922 3549 ((51)
1965 3497 2049 3544 τις

473 3572 564 3623 καὶ
578 3569 911 3641 ἀμετάθετος
944 3571 977 3640 ἡ
1009 3571 1137 3641 περὶ
1161 3569 1254 3622 τοῦ
1287 3568 1562 3641 διαμένειν
1587 3571 1685 3642 τὴν
1703 3572 1879 3642 ψυχὴν
1901 3572 2045 3640 δόξας

547 3768 660 3839 (45)
687 3767 1037 3834 Διεξιόντος.
1065 3766 1185 3839 Ηοο
1210 3767 1391 3839 malim
1423 3782 1547 3839 cum
1580 3784 1686 3823 ms.
1737 3768 1780 3823 Β
1822 3785 1921 3839 pro
1966 3771 2054 3837 ἐξ·

479 3837 672 3902 ιόνλιος,
693 3839 839 3907 quod
869 3846 950 3892 est
977 3840 1031 3892 in
1059 3838 1244 3894 editis.
1273 3837 1536 3902 Διεξιέναι
1564 3841 1708 3894 enim
1742 3837 2057 3895 deenarra-

481 3911 864 3979 tionegrerkum
907 3910 1139 3979 _copiosa
1181 3917 1234 3962 et
1278 3909 1555 3979 luculenta
1595 3911 1847 3979 usurpari
1893 3913 2051 3965 solet.

482 3978 620 4034 Vide
646 3977 705 4031 Β.
744 3976 963 4033 Godofr.
989 3976 1189 4033 Olearii
1215 3987 1373 4034 notas
1398 3980 1463 4033 ad
1492 3976 1886 4033 Philostratum
1916 3982 2051 4045 L20,

538 4048 572 4104 2
612 4049 686 4103 De
728 4048 861 4103 Vitis
892 4049 1270 4117 sophistarum,
1308 4058 1361 4103 et
1403 4049 1957 4106 Ludov.CresolliuIn
1995 4053 2051 4106 in

525 4121 706 4175 IIeatro
745 4120 1011 4173 rhetorum
1036 4136 1119 4183 ιιι,
1145 4136 1194 4173 c.
1239 4120 1325 4173 17.

549 4192 658 4260 (46)
688 4191 1134 4245 Κατασείσασα.
1153 4191 1244 4244 Sic
1261 4190 1612 4246 scribendum
1635 4199 1771 4261 puto
1787 4207 1909 4246 cum
1929 4190 2055 4247 cod.

477 4264 518 4316 Α
550 4265 640 4331 qui
676 4262 730 4315 in
781 4270 931 4315 textu
962 4262 1104 4314 hanc
1141 4262 1428 4315 lectionem
1464 4261 1687 4324 diserte,
1723 4263 1777 4315 in
1814 4265 2060 4331 margine

479 4348 608 4386 vero
636 4332 1053 4397 κατασιγάσασα
1083 4331 1321 4397 exhibet,
1341 4332 1485 4401 quod
1520 4334 1793 4400 posterius
1824 4334 2062 4401 explicat

450 4403 709 4457 -alterum
746 4402 902 4454 illud.
944 4403 1242 4469 ltrnmque
1270 4404 1415 4456 enim
1467 4403 1747 4457 silentium
1785 4404 1975 4465 inleI‘t.
2008 4412 2062 4457 et

478 4482 664 4528 nostra
694 4472 917 4540 quidem
951 4472 1113 4526 lectio
1136 4473 1264 4534 tale,
1295 4471 1441 4537 quod
1467 4472 1612 4540 quis.
1643 4472 1787 4526 farto
1819 4487 1912 4541 per
1946 4488 2062 4527 ma-

479 4560 610 4598 num
662 4543 893 4605 indicio,
929 4543 1011 4595 vel
1045 4543 1239 4596 suadet
1288 4543 1370 4596 vel
1421 4543 1668 4611 imperat.
1700 4540 1838 4597 Vide
1869 4544 2056 4597 Actor.

480 4630 579 4675 Ill,
622 4613 723 4672 l7:
762 4628 885 4677 XIII,
925 4612 1011 4675 16,
1056 4619 1162 4666 etc.
1217 4620 1271 4665 et
1313 4614 1502 4667 confer
1542 4611 1797 4668 Lambert
1838 4612 1961 4668 Bos.
1993 4615 2058 4667 ad

479 4683 615 4739 Nov.
664 4682 907 4737 Testam.
944 4698 997 4753 p.
1031 4681 1119 4736 79.
1151 4682 1332 4736 Codex
1375 4682 1416 4735 Β
1469 4685 1523 4736 in
1558 4684 1678 4752 ipso
1726 4690 1876 4738 textu
1936 4684 2066 4754 legit

480 4755 916 4821 κατασιγάσασα.

551 4826 665 4895 (47)
690 4823 963 4893 Συνέχει.
999 4821 1181 4878 Codex
1214 4822 1265 4877 Α
1298 4822 1460 4877 habet
1490 4825 1699 4894 συγχεῖ,
1726 4823 1915 4881 eodem
1954 4824 2067 4880 fere

482 4912 670 4951 sensu.

552 4967 665 5033 (18)
697 4965 1336 5035 Διαμενούσηςεὶσαεί.
1356 4963 1538 5019 Codex
1563 4964 1609 5017 Α
1640 4964 1769 5035 legit
1795 4963 2062 5035 μενούσης

484 5037 655 5090 εἱσαεί
677 5052 693 5065 ο
730 5036 770 5089 Β
801 5051 930 5091 vero
970 5034 1235 5104 μενούσης
1262 5036 1370 5091 ἀεί.

651 5110 668 5177 )
716 5105 1167 5177 Ἆνεδεξάμηνεμ
1197 5104 1377 5159 Cudex
1437 5118 1665 5175 uterque
1709 5105 1847 5177 legit
1876 5105 2064 5161 ἄνελε-ο

482 5174 688 5249 eam).
715 5178 861 5247 quod
885 5178 1090 5231 malim.
1110 5174 1335 5249 Videtur
1355 5178 1518 5249 etiam
1545 5174 1814 5249 interpres
1835 5174 2063 5249 Latinus

484 5247 587 5303 hoc
638 5254 873 5302 verbum
931 5256 1053 5305 ante
1085 5247 1275 5303 oculos
1327 5247 1607 5303 habuisse.
1665 5247 1840 5302 Vertit
1893 5247 2061 5313 enim,

483 5319 798 5388 col/egeram
809 5358 823 5371 .

557 5390 672 5457 (50)
719 5388 893 5457 ἰιμῖν
917 5389 1068 5445 deest
1091 5388 1145 5446 in
1174 5391 1361 5453 codice
1388 5390 1449 5444 Β.

556 5462 672 5527 (λι)
732 5463 877 5527 Οὐχ.
934 5458 1078 5515 Malo
1144 5464 1267 5523 hoc,
1306 5475 1467 5530 quam
1515 5457 1656 5521 οὐδὲ,
1697 5457 1843 5525 quod
1872 5466 1956 5513 cst
2010 5457 2066 5511 in

485 5533 673 5585 editis.
703 5530 945 5584 Alterum
984 5532 1118 5588 illud
1148 5542 1335 5587 tuetur
1362 5547 1465 5585 ms.
1499 5538 1814 5595 utrumque.

556 5601 673 5670 (52)
712 5602 1176 5673 Ἐπίσταμένων.
1237 5603 1414 5656 Editio
1446 5600 1593 5673 anni
1603 5598 1767 5673 1615,
1808 5597 2067 5673 mendose

488 5668 880 5745 ἑπισταμένως,
908 5668 1050 5745 quod
1080 5677 1133 5730 in
1162 5676 1337 5730 altera
1369 5672 1496 5726 anni
1534 5668 1671 5726 1658
1694 5670 2065 5737 emendatum,

492 5743 752 5812 probante
773 5760 867 5801 ms.
904 5743 1155 5821 utroque.

2152 2114 2375 2161 tuorum
2404 2105 2628 2160 nomine
2657 2104 2968 2169 doleamus,
2994 2118 3121 2158 eum
3147 2104 3305 2173 plene
3328 2110 3383 2159 et
3405 2111 3598 2158 exacte
3621 2117 3732 2156 non

2153 2197 2395 2254 sciamus
2415 2241 2430 2264 ,
2463 2197 2611 2253 sitne
2641 2196 2822 2251 adhuc
2851 2211 2949 2265 per
2977 2211 3100 2251 sese
3132 2196 3249 2251 haec
3272 2195 3489 2251 viviﬁca
3524 2210 3691 2252 causa
3713 2235 3729 2260 ,

2151 2297 2207 2343 et
2237 2289 2362 2356 ubi,
2393 2270 2450 2343 ei
2476 2286 2779 2359 quomodo,
2805 2301 2875 2339 an
2904 2300 3037 2341 vero
3066 2300 3339 2356 nusquam
3367 2287 3440 2340 sit
3472 2286 3586 2339 ullo
3616 2299 3734 2339 mo-

2150 2381 2241 2436 do.
2273 2381 2409 2435 Nam
2442 2380 2778 2437 ineertitudo
2811 2378 2966 2448 ejus,
3001 2378 3151 2449 quod
3184 2394 3380 2434 revera
3412 2386 3534 2443 est,
3569 2392 3732 2448 pares

2150 2473 2315 2531 efficit
2337 2473 2395 2527 in
2420 2481 2715 2544 utramque
2737 2480 2949 2542 partem
2973 2473 3290 2543 opiniones.
3311 2474 3388 2527 Ac
3407 2472 3594 2527 multis
3618 2472 3734 2540 qui-

2151 2566 2272 2622 dem
2305 2567 2439 2632 hoc,
2478 2567 2667 2620 multis
2693 2580 2824 2621 vero
2851 2564 3199 2619 contrarium
3227 2564 3483 2619 videtur:
3513 2572 3568 2617 et
3600 2573 3733 2618 sunt

2154 2674 2290 2716 sane
2329 2658 2475 2730 apud
2514 2656 2739 2714 Graecos
2778 2656 3003 2726 quidam
3044 2671 3154 2711 non
3198 2656 3253 2710 in
3298 2669 3467 2726 parva
3509 2663 3733 2725 propter

2150 2750 2563 2822 phi1050phiam
2622 2748 3071 2814 existimatione,
3114 2749 3213 2819 qui
3254 2747 3373 2801 haec
3417 2753 3473 2802 et
3520 2745 3730 2815 Opinati

2151 2852 2279 2901 sunt
2348 2852 2404 2900 et
2449 2843 2965 2914 pronuntiaverunt.
2985 2838 3134 2894 —M.
3155 2836 3734 2905 Mitte,inquit.exter-

2151 2952 2251 2992 nas
2295 2951 2511 3005 nugas,
2558 2934 2614 2989 in
2657 2934 2858 3004 quibus
2902 2931 3177 2988 mendacii
3223 2931 3478 2986 inventor
3519 2928 3574 2983 in
3634 2927 3732 2983 de-

2150 3029 2469 3084 trimentum
2533 3028 2782 3082 veritatis
2832 3024 3195 3097 probabiliter
3245 3021 3413 3078 falsas
3441 3020 3733 3091 opiniones

2151 3118 2451 3189 componit.
2482 3116 2562 3172 Tu
2591 3134 2724 3174 vero
2755 3119 2864 3172 huc
2899 3117 3148 3188 respice,
3175 3115 3319 3187 quod
3347 3116 3421 3169 ita
3452 3113 3525 3169 de
3549 3112 3735 3167 anima

2153 3212 2360 3267 sentire
2407 3212 2546 3267 nihil
2590 3220 2677 3267 est
2723 3210 2909 3274 aliud,
2956 3225 3123 3281 quam
3164 3225 3195 3263 a
3243 3210 3448 3263 virtute
3494 3207 3735 3263 alienum

2152 3316 2313 3366 esse,
2346 3310 2401 3356 et
2430 3301 2484 3355 id
2520 3302 2668 3371 quod
2706 3301 2760 3355 in
2793 3300 3087 3372 praesentia
3127 3314 3295 3355 suave
3333 3307 3387 3353 et
3421 3296 3735 3367 jucundum

2074 3420 2118 3477 ε
2152 3402 2271 3460 est,
2311 3394 2491 3448 solum
2532 3402 2824 3463 spectare,
2863 3407 2982 3448 eam
3021 3400 3202 3447 autem
3243 3392 3410 3444 vitam
3435 3429 3450 3455 ,
3501 3405 3623 3460 qum
3680 3390 3734 3443 in

2157 3484 2387 3539 infinitis
2444 3484 2664 3539 saeculis
2732 3484 3150 3549 consideratur,
3216 3498 3311 3554 per
3381 3496 3544 3551 quam
3618 3481 3735 3535 sola

2159 3574 2338 3631 virtus
2382 3577 2587 3633 eminet
2617 3590 2781 3650 atque
2797 3577 3044 3650 superior
3060 3583 3166 3643 est,
3185 3575 3637 3647 desperare.-—G,
3664 3569 3737 3653 ¹Εἰ

2232 3772 2346 3851 (55)
2375 3772 2499 3827 Εἶτ’
2525 3775 2612 3827 ἔτι
2646 3773 2806 3851 ἐστι..
2829 3772 2983 3851 lianc
3012 3773 3302 3851 lectionem
3332 3782 3387 3829 et
3412 3773 3580 3851 ms._A
3608 3784 3738 3851 sug-

2161 3841 2633 3915 gerit,'et_sensus
2659 3845 2887 3915 requirit
2910 3860 3007 3914 pro
3027 3846 3137 3899 εἴτε
3166 3844 3218 3898 τί
3251 3845 3364 3897 ἐστι
3388 3841 3532 3914 quod
3569 3841 3739 3915 estin

2164 3912 2348 3985 editis.
2381 3912 2519 3985 lluic
2546 3914 2690 3974 enim
2719 3912 3015 3985 opponitur
3040 3916 3094 3969 in
3124 3912 3482 3984 sequentibus
3506 3912 3738 3985 effreopx

2162 3984 2327 4037 ἐστιν.
2380 3983 2627 4039 Varietas
2658 3982 2894 4040 ortaest
2921 4002 2986 4040 ex
3018 3982 3228 4041 duabus
3259 3984 3485 4039 vocibus
3529 3982 3626 4035 εἴτ’
3659 3982 3739 4033 ἔτι

2163 4062 2216 4126 et
2247 4054 2356 4126 etes
2390 4072 2458 4126 τι
2480 4056 2646 4126 1³911εῄ
2671 4055 2815 4109 inter
2845 4057 3129 4126 legendum
3163 4058 3305 4110 inter
3334 4070 3393 4109 se
3421 4060 3747 4126 permutanw

2163 4125 2267 4177 dis.
2310 4124 2502 4179 Versio
2532 4124 2726 4178 Latina
2767 4124 3009 4179 nostram
3046 4125 3335 4180 lectionem
3360 4124 3631 4192 sequitur.

2235 4195 2347 4263 (54)
2374 4196 2559 4260 "leae.
2598 4196 2675 4247 Ita
2735 4196 2976 4249 scribere
3009 4195 3165 4261 jubet
3204 4206 3257 4249 et
3301 4210 3404 4251 ms.
3445 4201 3742 4262 utrumque

2161 4272 2214 4319 et
2246 4281 2443 4319 sensus
2485 4279 2583 4333 pro
2617 4264 2765 4329 ἴσως,
2796 4264 2940 4333 quod
2978 4275 3061 4319 est
3094 4265 3147 4317 iu
3175 4264 3359 4319 editis.

2234 4334 2346 4404 (55)
2379 4332 2645 4400 Ἀδηλιά.
2709 4332 2823 4389 nec
2886 4336 3103 4403 reposui
3136 4351 3199 4388 ex
3237 4350 3339 4388 ms.
3374 4344 3607 4401 utroque
3640 4347 3739 4401 pro

2164 4407 2198 4476 ῄ
2224 4405 2415 4467 δειλία,
2438 4420 2599 4475 quam
2637 4418 2821 4457 vocem
2845 4404 2990 4476 edita
3011 4406 3149 4458 male
3163 4405 3450 4476 exhibent.
3469 4404 3740 4476 Interpres

2167 4472 2392 4530 Latinus
2458 4472 2553 4544 per
2611 4475 3039 4528 ineertitudinem
3091 4482 3331 4537 vertens,
3372 4474 3456 4529 vel
3490 4472 3737 4528 eamdem

2166 4562 2354 4601 vocem
2389 4562 2497 4614 pra:
2520 4546 2698 4600 oculis
2744 4545 2955 4609 habuit,
2988 4546 3072 4601 vel
3101 4547 3421 4602 coniectura
3449 4551 3741 4599 assecutus

2168 4624 2271 4672 est.

2245 4685 2359 4755 (56)
2395 4686 2464 4739 Τὸ
2493 4685 2789 4741 ἐναντίον.
2824 4684 2927 4740 Ms.
2966 4685 3009 4756 Β
3030 4685 3155 4756 legit
3176 4683 3500 4740 τούναντίον.

2243 4752 2354 4830 (ὸῖ)
2394 4757 2527 4830 Ἐπί
2569 4756 2921 4830 φιλοσοφίᾳἸ
2965 4752 3278 4830 “ascripsi
3325 4772 3390 4830 ei:
3416 4752 3612 4830 cod:_B
3643 4768 3743 4824 pro

2168 4822 2262 4882 ὲπῖ
2284 4822 2598 4897 φιλοσοφίαν
2631 4827 2775 4894 quod
2798 4822 2890 4880 est
2913 4827 2967 4879 in
3001 4827 3131 4880 edit.
3156 4822 3283 4879 anni
3321 4825 3476 4880 1615.
3511 4822 3659 4880 Nam
3680 4839 3751 4877 ea.

2167 4896 2301 4968 quin
2326 4908 2408 4953 est
2432 4898 2561 4951 anni
2602 4896 2757 4962 1658,
2799 4897 3116 4951 mendosam
3156 4896 3516 4967 scriptionem
3559 4909 3744 4950 emen-

2166 4971 2333 5027 davit.

2243 5041 2353 5112 (58)
2394 5039 2750 5106 Ἀλλότριον.
2791 5034 2889 5090 Ms.
2923 5036 2967 5089 A
3017 5035 3178 5091 habet
3210 5036 3525 5107 ἀλλοτρίως,
3580 5034 3745 5105 idque

2172 5113 2386 5166 melius.

2244 5182 2356 5251 (59)
2402 5178 2529 5251 Τοῖς
2562 5175 2797 5231 αἰῶσιν.
2821 5175 2922 5232 Ms.
2955 5175 3077 5230 Ain
3109 5177 3354 5246 margine
3381 5179 3493 5240 τοῖς
3525 5176 3749 5231 ἀτελευ-

2171 5249 2353 5322 τήτοις
2369 5249 2578 5322 αἰῶσιν.

2246 5324 2357 5391 (60)
2379 5320 2567 5391 Μόνη.
2600 5315 2692 5371 Sic
2708 5318 2902 5385 scripsi
2922 5334 3024 5391 pro,
3039 5319 3206 5391 μόνην
3234 5331 3300 5371 ex
3315 5330 3435 5391 gms.
3459 5315 3524 5370 Δ.
3543 5314 3748 5372 Virtuti

2173 5386 2318 5448 enim
2338 5386 2455 5445 'soli
2485 5389 2597 5441 hare
2628 5386 2985 5456 praarogativa
3014 5386 3249 5442 hocloco
3277 5386 3605 5441 vindicatur.

2249 5461 2361 5531 (61)
2396 5458 2608 5531 naria.
2636 5459 2710 5511 Ita
2746 5469 2892 5531 recte
2918 5474 3020 5514 ms.
3059 5469 3377 5531 utrumque,
3408 5465 3466 5510 ut
3488 5468 3552 5531 et
3582 5458 3752 5531 editio

2178 5527 2307 5587 anni
2344 5527 2508 5591 1658,
2560 5544 2660 5599 pro
2718 5527 2945 5595 πλαγία,
3005 5530 3150 5598 quod
3210 5527 3295 5585 est
3329 5527 3385 5581 in
3435 5527 3577 5599 edit.
3622 5530 3756 5583 anni

2178 5605 2336 5658 1615.
2393 5596 2677 5655 llerivatur
2725 5600 2870 5655 enim
2923 5616 2952 5654 a
2999 5596 3284 5672 πήγνυσι,
3333 5604 3388 5653 et
3422 5596 3760 5655 soliditatem

2178 5674 2363 5730 infert.
