3990 6202
416 218 491 277 23
1640 215 1696 272 5.
1738 215 1985 272 GREGOI

2121 216 2409 275 NYSSENI
3622 235 3698 294 24

419 351 499 397 tes
536 349 668 397 sunt
701 341 920 408 omnia,
959 355 1078 411 qua:
1127 339 1185 395 in
1235 338 1595 397 universitate
1646 356 1829 396 rerum
1876 343 1981 399 sub

2100 358 2212 404 nou;
2249 341 2326 410 (2)
2353 340 2790 411 διατειχίζοντες.
2836 341 2944 412 Γῆν
2987 343 3017 396 ὁ
3060 341 3300 407 τοιοῦτος
3344 344 3534 416 βλέπει
3577 350 3672 420 μό-

417 449 644 488 sensum
677 432 931 488 cadentia
963 432 1413 504 conspiciuntur,
1451 434 1632 489 minus
1662 435 1772 490 alto
1808 437 1996 493 animo

418 524 664 594 pra'ditis
695 523 858 594 quasi
893 523 1104 594 pariete
1132 539 1231 594 per
1265 539 1389 579 sese
1423 524 1640 595 objecto
1675 542 1864 580 earum
1902 543 1994 583 re-

417 629 576 678 rum,
627 629 752 683 quae
799 621 984 670 mente
1035 621 1204 685 atque
1251 614 1614 685 intelligentia
1668 626 1994 685 cernuntur,

417 720 583 760 causa
639 705 1088 774 contemplationi
1145 703 1434 760 olﬁcientia
1464 715 1519 762 et
1543 707 1836 763 obstantia.
1865 708 1998 765 Ter-

416 810 568 860 ram,
591 795 684 865 qui
707 797 836 850 talis
854 805 975 862 est,
1001 811 1200 866 aquam
1222 837 1238 862 ,
1267 812 1446 852 aerem
1463 837 1478 862 ,
1516 797 1698 868 ignem
1731 799 1998 855 duntaxat

415 888 706 956 intuetur;
749 890 893 945 unde
937 898 1120 946 autem
1159 890 1358 945 horum
1405 891 1837 962 unumquodque
1880 893 1994 960 sit,

424 989 512 1034 aut
549 996 648 1051 per
682 979 833 1051 quod
857 1023 872 1048 ,
913 989 1009 1036 aut
1038 996 1068 1036 a
1101 997 1212 1052 quo
1245 992 1592 1049 coerceatur,
1632 987 1994 1056 comprelteno

414 1073 578 1127 datur
617 1080 672 1129 et
717 1073 1091 1140 contineatur,
1143 1075 1459 1146 perspicere
1500 1091 1615 1145 prae
1652 1076 1820 1131 animi
1873 1078 1994 1132 exi-

413 1165 623 1236 guitate
653 1181 761 1221 non
796 1175 999 1237 potest.
1030 1167 1105 1222 Ac
1139 1176 1348 1223 vestem
1377 1167 1595 1237 quidem
1634 1169 1836 1239 aliquis
1866 1184 1996 1225 con-

415 1258 694 1327 spicatus,
751 1260 1060 1316 rationibus
1117 1275 1184 1314 eo
1238 1261 1552 1324 adducitur,
1611 1268 1671 1314 ut
1724 1269 1992 1317 textorem

414 1360 719 1420 agnoscat;
754 1367 854 1421 per
888 1366 1080 1408 navem
1116 1351 1508 1406 fabricatorem
1543 1351 1665 1424 ejus
1701 1352 1990 1424 intelligit,

414 1444 654 1511 itemque
684 1443 850 1497 simul
879 1451 1045 1512 atque
1071 1443 1367 1498 aediﬁcium
1395 1453 1756 1512 conspectum
1790 1443 1991 1509 fuerit,

413 1548 608 1590 manus
637 1534 852 1605 opiﬁcis
881 1537 1250 1610 spectantium
1287 1538 1458 1593 menti
1493 1537 1822 1593 obversatur
1851 1558 1864 1594 :
1900 1538 1994 1594 isti

411 1640 540 1680 vero
567 1625 695 1683 dum
724 1627 987 1680 mundum
1018 1628 1325 1695 intuentur,
1362 1629 1430 1684 ad
1463 1645 1588 1687 eum
1612 1669 1627 1695 ,
1661 1631 1753 1702 qui
1790 1646 1887 1703 per
1925 1632 1990 1686 il-

2099 449 2197 504 νην
2228 433 2304 504 (5)
2323 473 2338 497 ,
2366 433 2459 487 καὶ
2489 432 2653 504 ὕδωρ,
2681 435 2776 487 καὶ
2803 434 2972 506 ἀέρα,
3007 436 3101 488 καὶ⁹
3139 435 3252 508 πῦρ
3271 454 3286 468 ο
3313 438 3436 494 ὅθεν
3469 441 3528 495 δὲ
3560 443 3690 496 τού-

2097 543 2206 579 των
2247 525 2494 592 ἕκαστον,
2529 526 2562 596 ἢ
2605 527 2665 579 ιν
2693 526 2798 580 τίνι
2831 527 3000 592 ἐστὶν,
3027 527 3062 598 ἢ
3097 528 3201 582 ὑπὸ
3239 529 3387 594 τίνος
3423 532 3499 604 (4)
3528 511 3691 606 πέρι-

2099 619 2397 688 κρατεῖται,
2426 616 2613 670 διιδεῖν
2639 617 2744 670 ὑπὸ
2775 617 3140 690 μικροψυχίας
3182 619 3244 672 οὐ
3279 619 3527 676 δύναται.
3567 625 3682 678 Καὶ

2101 707 2314 778 ἱμάτιον
2346 707 2446 778 μέν
2485 707 2560 779 (5)
2589 725 2676 770 τις
2727 708 2850 762 ίδὼν
2893 708 2987 762 τὸν
3017 710 3264 782 ὑφάντην
3293 712 3689 782 ἁνελογίσατο,

2097 803 2193 854 καὶ
2235 799 2324 854 διὰ
2350 801 2450 871 τῆς
2492 801 2620 872 νηὸς
2652 802 2728 873 (6)
2761 803 2852 856 τὸν
2889 803 3166 874 ναυπηγὸν
3202 806 3521 878 ἐνενόησεν,
3547 809 3583 880 ἦ
3624 825 3686 862 τε

2096 892 2262 948 αὑτοῦ
2295 893 2574 964 οίκοδόμου
2601 893 2724 966 χεὶρ
2750 894 2884 966 ὁμοῦ
2917 898 2982 968 τῇ
3025 895 3118 950 τοῦ
3157 897 3684 971 οίκοδομήματος(7)

2097 982 2216 1053 ὄψει
2244 986 2309 1054 τῇ
2334 984 2544 1056 διανοίᾳ
2573 984 2682 1039 τῶν
2715 985 3003 1058 θεωμένων
3027 989 3327 1060 ἐγγίνεται.
3355 993 3419 1045 Oi
3451 992 3510 1045 δὲ
3544 993 3680 1065 πρὸς

2095 1075 2188 1129 τὸν
2230 1076 2438 1147 κόσμον
2465 1077 2701 1149 ὁρῶντες
2730 1081 2868 1152 πρὸς
2894 1080 2984 1134 τὸν
3013 1081 3102 1136 διὰ
3140 1080 3346 1136 τούτων
3377 1082 3457 1154 (8)
3491 1083 3678 1156 δηλού-

2099 1185 2258 1236 μενον
2302 1167 2728 1238 ἀμὸλυωποῦσιν
2777 1171 2876 1240 (9),
2907 1171 3031 1225 ὅθεν
3073 1171 3142 1226 τὰ
3193 1173 3332 1242 σοφὰ
3366 1173 3477 1248 (10)
3507 1176 3681 1232 ταῦτα

2097 1254 2198 1311 καῖ
2218 1258 2418 1330 δριμέα
2447 1260 2596 1332 παρὰ
2619 1261 2728 1316 τῶν
2752 1261 2843 1315 τὸν
2873 1263 3182 1335 ἀφανισμὸν
3210 1265 3390 1338 ψυχῆς
3413 1267 3677 1339 δογματι-

2095 1347 2295 1411 ζόντων
2325 1350 2675 1422 προφέρεται·
2705 1351 2862 1422 σῶμα
2884 1353 2948 1405 ὲκ
2976 1354 3281 1426 στοιχείων,
3314 1356 3411 1410 καὶ
3438 1361 3679 1428 στοιχεῖα

2095 1441 2159 1494 ὲκ
2207 1439 2458 1512 σώματος
2482 1485 2497 1510 ,
2548 1444 2641 1500 καὶ⁴
2683 1444 2746 1498 τὸ
2781 1445 2856 1515 μὴ
2893 1445 3154 1501 δύνασθαι
3183 1447 3280 1517 τὴν
3323 1448 3505 1522 ψυχὴν
3553 1451 3676 1506 καθ’

2095 1533 2294 1606 ἑαυτὴν
2325 1529 2497 1602 εἶναι,
2529 1538 2578 1589 εί
2613 1538 2752 1609 μήτε
2786 1535 2990 1591 τούτων
3035 1557 3088 1593 τι
3123 1539 3208 1612 εἴη
3234 1580 3248 1606 ,
3292 1543 3427 1612 μήτε
3459 1544 3518 1596 ὲν
3559 1543 3678 1595 τού-

2097 1639 2231 1686 τοις.
2263 1623 2326 1677 Εἰ
2359 1623 2467 1698 γὰρ
2505 1625 2588 1678 ὅτι
2625 1625 2701 1696 μὴ
2741 1627 2988 1698 ὁμοφυὴς
3015 1630 3126 1691 τοῖς
3158 1629 3436 1700 στοιχείοις
3461 1631 3605 1682 ἐστὶν
3637 1633 3672 1701 ἡ

411 1721 522 1772 lum
559 1718 890 1785 declaratur,
919 1722 1219 1776 caecutiunt
1265 1693 1319 1778 et
1361 1693 1985 1781 liallttciiianiur.-Unde

2100 1713 2262 1786 ψυχὴ,
2291 1715 2380 1770 διὰ
2411 1693 2571 1770 τοῦτο
2603 1693 2718 1788 (11⁷)
2749 1693 2983 1789 ουδαμονῦ
3013 1714 3154 1773 εἷναι
3188 1693 3358 1793 αὐτὴν
3389 1723 3437 1775 οἱ
3467 1693 3675 1776 ἀντιλέἐ

410 1812 501 1878 iit,
534 1822 592 1867 ut
619 1815 758 1868 scita
795 1815 902 1869 ista
933 1823 1094 1870 acuta
1121 1819 1192 1871 ab
1223 1816 1310 1880 iis,
1338 1817 1434 1888 qui
1463 1818 1744 1874 interitum
1773 1827 1826 1874 et
1854 1820 1987 1875 abo-

407 1903 658 1960 litionem
687 1905 883 1960 animae
911 1908 1028 1963 suis
1055 1907 1294 1964 decretis
1325 1910 1581 1975 tradunt,
1613 1911 1986 1981 proferantur,

407 2010 612 2066 corpus
655 1997 918 2052 nimirum
967 2014 1034 2054 ex
1075 1999 1406 2066 elementis,
1450 2011 1504 2058 et
1547 2003 1818 2059 elementa
1867 2021 1990 2062 esse

407 2103 472 2144 ex
507 2102 760 2157 corpore,
798 2088 926 2143 item
958 2089 1197 2144 animam
1229 2105 1328 2160 per
1356 2106 1479 2146 sese
1508 2107 1630 2148 esse
1659 2108 1766 2147 non
1802 2109 1986 2164 posse,

410 2179 515 2233 nisi
545 2179 629 2234 vel
662 2179 857 2234 horum
891 2179 1096 2252 aliquid
1119 2219 1135 2246 ,
1169 2181 1254 2235 vel
1286 2181 1342 2241 in
1371 2181 1458 2236 bis
1494 2182 1587 2237 sit.
1616 2180 1751 2236 Nam
1785 2183 1828 2238 si
1858 2200 1986 2254 pro-

407 2277 592 2339 pterea
643 2286 916 2342 nusquam
965 2286 1084 2328 eam
1135 2286 1260 2328 esse
1308 2271 1614 2328 adversarii
1665 2273 1985 2343 opinantur,

406 2361 553 2431 quod
599 2363 780 2424 anima
835 2377 944 2420 non
995 2363 1066 2420 sit
1110 2362 1360 2434 ejusdem
1413 2365 1631 2436 generis
1680 2375 1733 2420 et
1779 2375 1988 2422 natura:

405 2467 532 2510 cum
561 2454 848 2510 elementis
875 2473 888 2508 :
927 2454 981 2508 bi
1018 2455 1257 2525 primum
1289 2455 1511 2526 quidem
1540 2457 1706 2512 etiam
1731 2498 1745 2522 ,
1778 2473 1901 2528 quae
1931 2458 1986 2512 in

404 2559 571 2604 carne
600 2546 840 2616 degitur,
879 2547 1047 2603 vitam
1087 2548 1390 2603 inanimam
1421 2564 1546 2606 esse
1579 2550 1801 2606 tradant
1838 2555 1985 2622 (non

404 2638 549 2692 enim
579 2637 729 2693 aliud
757 2639 1057 2709 quidquam
1085 2655 1289 2711 corpus
1319 2651 1444 2707 est,
1478 2649 1643 2713 atque
1675 2658 1986 2700 concursus

402 2732 858 2805 elementorum),
885 2748 1019 2802 ergo
1041 2749 1143 2788 nec
1167 2734 1220 2787 in
1246 2733 1333 2789 his
1354 2733 1572 2804 quidem
1598 2735 1836 2789 animam
1861 2752 1985 2793 esse

403 2821 633 2885 dicant,
675 2836 796 2891 qua:
834 2837 932 2884 per
967 2837 1092 2879 sese
1130 2822 1368 2878 viviﬁcet
1407 2838 1528 2878 eam
1569 2826 1984 2879 concretionem

407 2921 571 2982 atque
601 2914 1039 2971 commistionem
1071 2931 1085 2969 :
1125 2915 1400 2986 siquidem
1440 2915 1556 2970 fieri
1597 2916 1830 2986 posthac
1873 2931 1982 2970 non

405 3013 618 3074 potest,
655 3005 1123 3076 quemadmodum
1163 3007 1486 3077 opinantur,
1530 3015 1592 3061 ut
1629 3007 1982 3062 manentibus
2009 3043 2052 3098 ο

403 3095 690 3152 elementis
719 3095 887 3153 etiam
923 3096 1106 3152 anima
1144 3097 1251 3165 sit,
1288 3111 1400 3168 quo
1430 3095 1720 3158 elliciatur.
1753 3107 1813 3152 ut
1845 3097 1982 3151 nihil

403 3187 552 3242 aliud
572 3230 588 3255 ,
619 3203 783 3258 quam
819 3198 1096 3246 mortuam
1127 3205 1251 3246 esse
1281 3190 1447 3246 vitam
1478 3197 1724 3246 nostram
1757 3191 1985 3246 demon-

405 3287 602 3334 strent.
646 3278 746 3338 Sin
779 3288 962 3334 autem
1005 3295 1156 3336 nunc
1207 3281 1264 3336 in
1301 3296 1535 3353 corpore
1573 3281 1814 3335 animam
1859 3295 1983 3336 esse

406 3389 514 3426 non
547 3372 841 3439 dubitant,
873 3390 984 3445 quo
1014 3384 1176 3445 pacto
1210 3390 1446 3446 corpore
1475 3375 1746 3431 dissoluto
1781 3377 1834 3429 in
1872 3375 1986 3430 ele-

407 3472 588 3520 menta
635 3465 872 3520 animam
918 3467 1124 3523 aboleri
1170 3479 1336 3537 atque
1379 3468 1606 3524 interire
1639 3476 1869 3526 censent
1919 3481 1984 3523 ac

405 3555 677 3610 tradunt?
711 3555 918 3612 Deinde
955 3571 1087 3612 vero
1139 3557 1411 3612 adversus
1462 3557 1706 3611 divinam
1761 3570 1985 3627 quoque

405 3657 658 3704 naturam
693 3649 845 3717 paria
879 3648 1118 3704 audeant
1155 3647 1377 3720 obloqui
1407 3655 1463 3704 et
1493 3648 1792 3704 oblatrare.
1835 3648 1984 3715 Quo-

405 3741 568 3796 modo
603 3741 751 3796 enim
785 3740 972 3796 dicent
1005 3741 1336 3797 invisibilem
1358 3781 1373 3807 ,
1411 3741 1827 3812 incorpoream,
1866 3757 1985 3796 ma-

2093 1821 2280 1871 γοντες
2319 1805 2547 1860 οίονταιο
2577 1799 2723 1860 οὗτοι
2765 1807 2980 1879 πρῶτον
3011 1808 3108 1880 μὲν
3150 1810 3244 1863 καὶ
3279 1811 3380 1881 τὴν
3419 1813 3477 1864 έν
3510 1812 3673 1883 σαρκὶ

2093 1895 2237 1968 ζωὴν
2267 1895 2473 1968 ἄψυχον
2499 1893 2638 1952 εἶναι
2674 1897 3169 1971 δογματιζέτωσαν.
3201 1901 3276 1956 Οὐ
3321 1902 3430 1972 γὰρ
3459 1903 3588 1958 ἄλλο
3618 1922 3673 1960 τι

2091 1990 2152 2044 τὸ
2193 1990 2353 2062 σῶμα
2383 1977 2552 2058 ἔστιν,
2593 1993 2642 2045 εί
2675 1993 2750 2065 μὴ
2781 1993 3051 2066 συνδρομὴ
3084 1993 3191 2047 τῶν
3244 1995 3522 2066 στοιχείων
3544 2013 3556 2026 ·
3593 1997 3674 2068 μὴ

2090 2081 2268 2136 τοίνυν
2303 2082 2426 2155 μηδ’
2454 2083 2513 2136 ὲν
2544 2083 2749 2148 τούτοις
2770 2085 2868 2158 τὴν
2895 2085 3070 2156 ψυχὴν
3095 2082 3232 2138 εἶναι
3260 2085 3573 2154 λεγέτωσαν
3599 2087 3668 2141 δι’

2091 2175 2290 2246 ἑαυτῆς
2333 2175 2702 2240 ζωοποιοῦσαν
2749 2177 2860 2246 (l2)
2908 2176 2968 2229 τὸ
3013 2175 3329 2248 σύγκριμα·
3378 2176 3537 2248 εἴπερ
3570 2177 3673 2230 οὐκ

2091 2268 2206 2322 ἐστι
2240 2266 2376 2340 μετὰ
2407 2265 2580 2321 ταῦτα
2614 2267 2856 2332 δυνατὸν,
2891 2265 3074 2330 καθὼς
3115 2267 3316 2321 οἴονται
3338 2306 3353 2330 ,
3382 2267 3494 2321 τῶν
3522 2277 3669 2320 στοιὲ

2090 2361 2249 2432 χείων
2281 2359 2447 2414 ὄντων
2472 2360 2567 2413 καὶ
2608 2359 2705 2430 τὴν
2742 2359 2918 2432 ψυχὴν
2959 2353 3120 2422 εἶναι,
3168 2358 3244 2422 ὡς
3269 2359 3438 2429 μηδὲν
3462 2359 3590 2413 ἄλλο
3633 2360 3667 2430 ἢ

2089 2452 2288 2523 νεκρὰν
2327 2452 2424 2524 τὴν
2455 2452 2600 2524 ζωὴν
2635 2451 2790 2523 ἡμῶν
2833 2454 2961 2524 παρ’
2995 2451 3175 2505 αὐτῶν
3224 2451 3666 2506 ἀποδείκνυσθαι.

2089 2545 2151 2597 Εἰ
2184 2545 2240 2598 δὲ
2287 2543 2382 2597 νῦν
2421 2546 2479 2598 έν
2521 2546 2599 2616 τῷ
2640 2543 2860 2614 σώματι,
2885 2546 2985 2615 τὴν
3027 2542 3204 2615 ψυχὴν
3251 2538 3391 2596 εἶναι
3429 2543 3538 2614 (15)
3569 2545 3670 2597 οὐκ

2087 2636 2506 2708 ἅμφιῦἀλλουσι,
2563 2635 2681 2700 πῶς
2710 2635 2802 2688 τοῦ
2846 2634 3097 2704 σώματος
3140 2635 3252 2706 (14)
3283 2635 3364 2699 είς
3407 2634 3476 2689 τὰ
3525 2652 3670 2688 στοι-

2087 2731 2210 2799 χεῖα
2243 2729 2334 2781 τὸν
2378 2728 2686 2799 ἀφανισμὸν
2724 2727 2896 2798 αὐτῆς
2934 2725 3322 2799 δογματίζουσι
3345 2766 3359 2791 ,
3389 2726 3579 2780 ἔπειτα
3612 2728 3669 2781 δὲ

2088 2821 2178 2874 καὶ
2211 2821 2352 2874 κατὰ
2377 2821 2576 2891 ταύτης
2753 2820 2853 2891 τῆς
2891 2820 3041 2884 θείας
3075 2819 3292 2890 φύσεως
3316 2819 3383 2874 τὰ
3412 2815 3508 2874 ἴσα
3545 2820 3667 2874 τολ-

2091 2913 2365 2983 μάτωσαν.
2404 2912 2527 2977 Πῶς
2571 2913 2680 2985 γὰρ
2719 2913 2902 2984 έροῦσι
2943 2912 3040 2984 τὴν
3071 2912 3262 2984 νοεράν
3309 2930 3367 2964 τε
3421 2912 3534 2984 (16)
3574 2912 3668 2965 καὶ

2087 3004 2248 3058 ᾰῦ).ον
2291 3005 2385 3060 καὶ
2432 3005 2581 3074 ἀειδῆ
2615 3004 2774 3074 φύσιν
2819 3007 2898 3068 είς
2929 3005 2996 3058 τὰ
3039 3004 3183 3076 ὑγρά
3219 3005 3406 3066 τεκαὶ
3445 3003 3668 3074 μαλακὰ

2089 3097 2182 3150 καὶ
2213 3097 2505 3168 στερέμνια
2519 3095 2876 3166 διαδυομένην
2908 3095 3019 3166 (17)
3045 3096 3102 3149 ὲν
3139 3095 3216 3166 τῷ
3253 3090 3393 3148 εἶναι
3425 3094 3666 3166 συνέχειν

2087 3186 2156 3238 τὰ
2181 3185 2330 3251 ὄντα,
2353 3186 2475 3239 οὔτε
2513 3187 2787 3256 συγγενῶς
2813 3187 3037 3257 ἔχουσαν
3058 3188 3192 3259 πρὸς
3213 3188 3282 3242 τὰ
3314 3189 3371 3240 έν
3404 3182 3486 3252 οἷς
3514 3189 3666 3258 γίνε-

2087 3296 2200 3343 ται,
2223 3277 2344 3332 οὔτε
2379 3278 2464 3332 διὰ
2486 3279 2546 3331 τὸ
2565 3280 2876 3351 ἑτερογενὲς
2899 3282 2956 3332 ὲν
2981 3282 3166 3346 αὐτοῖς
3196 3277 3337 3335 εἶναι
3372 3280 3663 3336 ἁδυνατοῦο

2091 3388 2189 3424 σαν
2213 3387 2226 3436 ;
2255 3371 2462 3424 Οὐκοῦν
2479 3371 2762 3442 ἐξῃρήσθω
2780 3372 2890 3442 (18)
2915 3373 3143 3426 καθόλου
3161 3373 3255 3425 τοῦ
3276 3374 3543 3444 δόγματος
3571 3374 3664 3426 αὐ-

2090 3463 2198 3516 τῶν
2258 3465 2352 3518 καὶ
2395 3464 2524 3519 αὐτὸ
2581 3462 2642 3516 τὸ
2667 3463 2839 3530 Θεῖον,
2863 3456 3363 3532 ᾧδιακρατεῖταιτὰ
3376 3461 3664 3516 ovain—1‘.

2091 3558 2231 3610 Αὐτὸ
2257 3558 2313 3611 δὲ
2343 3558 2452 3627 (19)
2481 3557 2659 3620 τοῦτο,
2680 3551 2830 3610 εἷπον
2863 3556 2972 3626 (20)
2999 3555 3128 3625 ἐγὼ,
3153 3553 3269 3616 πῶς
3296 3554 3360 3606 ἂν
3389 3556 3496 3614 τοῖς
3521 3553 3666 3604 ἀντι-

2090 3649 2335 3717 λέγουσιν
2392 3646 2760 3718 ἁναμφίὸολον
2809 3646 3037 3714 γένοιτο,
3073 3645 3132 3699 τὸ
3170 3646 3233 3696 ὲκ
3255 3641 3388 3696 Θεοῦ
3424 3639 3558 3694 εἶναι
3597 3642 3664 3694 τὰ
3737 3709 3744 3714 ν

2092 3740 2270 3794 πάντα
2297 3780 2311 3803 ,
2341 3739 2433 3792 καὶ⁴
2457 3740 2514 3791 ὲν
2547 3737 2694 3807 αὐτῷ
2724 3737 3169 3809 περικρατεῖσθαι
3214 3736 3282 3789 τὰ
3315 3735 3442 3788 ὅντα
3464 3775 3477 3798 ,
3507 3735 3538 3805 ἢ
3570 3735 3662 3788 καὶ

2090 3834 2227 3897 ὅλως
2258 3833 2320 3886 τὸ
2355 3827 2495 3885 εἷναί
2531 3849 2584 3884 τι
2608 3833 2761 3884 Θεῖον
2792 3833 2888 3901 τῆς
2926 3829 3032 3884 τῶν
3069 3830 3240 3884 ὄντων
3273 3828 3665 3900 ὑπερκείμενον

2086 3926 2324 3996 φύσεως

405 3832 557 3886 teriae
593 3839 910 3902 expertem,
947 3838 1002 3887 et
1033 3847 1152 3887 eam
1193 3847 1317 3902 qua:
1354 3842 1537 3888 mente
1577 3833 1697 3889 sola
1735 3833 1981 3904 percipi-

403 3935 514 3989 tur,
553 3937 804 3986 naturam
833 3926 885 3979 in
921 3925 1146 3981 humida
1186 3925 1485 3999 molliaque
1512 3934 1568 3981 et
1594 3927 1775 3982 calida
1814 3935 1978 3996 atque

403 4017 542 4072 dura
589 4025 967 4088 penetrantem
1020 4017 1074 4070 in
1123 4017 1363 4074 essentia
1406 4018 1689 4074 continere
1717 4035 1806 4076 res
1839 4021 2158 4086 universas,
2187 4037 2310 4091 quae
2342 4027 2512 4075 sunt:
2547 4034 2672 4072 eum
2707 4031 2884 4087 neque
2937 4016 3158 4084 cognita
3209 4015 3527 4083 ejusdemve
3576 4028 3666 4081 ge-

403 4107 553 4162 neris
598 4121 722 4163 cum
772 4109 840 4163 iis
887 4108 996 4172 sit,
1049 4108 1104 4162 in
1152 4109 1354 4179 quibus
1405 4117 1680 4176 versatur,
1729 4127 1911 4182 neque
1962 4119 2255 4182 prepterea
2301 4111 2448 4182 quod
2485 4110 2716 4169 alterius
2749 4124 2815 4163 ac
2849 4107 3051 4162 diversi
3087 4091 3303 4176 generis
3336 4106 3441 4170 sit,
3474 4105 3528 4157 in
3583 4103 3664 4154 eis

402 4216 527 4258 esse
555 4216 667 4256 non
699 4201 918 4274 possit?
965 4203 1111 4274 Ergo
1157 4201 1378 4272 penitus
1432 4216 1500 4258 ex
1552 4216 1744 4259 eorum
1792 4203 2046 4261 doctrina
2086 4203 2360 4258 eximatur
2393 4202 2558 4260 etiam
2599 4202 2780 4274 ipsum
2818 4198 3066 4256 divinum
3107 4195 3321 4254 Numen
3350 4235 3366 4261 ,
3418 4211 3530 4266 quo
3573 4209 3664 4250 res

2087 4419 2291 4474 τούτων
2319 4419 2465 4485 quod
2487 4427 2572 4476 est
2599 4419 2652 4474 in
2676 4417 2859 4474 editis.

2151 4489 2262 4561 (η)
2305 4483 2886 4561 Ζωοποιυῦσαν.1ιιι
2933 4493 3084 4542 recte
3119 4483 3306 4561 _edit_i_o
3357 4499 3446 4539 an.
3500 4483 3660 4548 l658,

2081 4557 2582 4636 pr6__CsztOt05§a
2621 4559 2822 4636 prioris
2843 4598 2858 4624 ,
2883 4557 3358 4636 consentientibus
3387 4570 3522 4636 mss.

2153 4624 2266 4700 (15)
2294 4627 2469 4686 Εἶναι
2510 4624 2718 4686 inserui
2745 4645 2810 4685 ex
2855 4644 2989 4684 mss.
3035 4627 3198 4682 Deest
3223 4625 3368 4681 enim
3405 4627 3458 4678 in
3500 4624 3665 4679 editis

2081 4704 2244 4757 male.
2741 4751 2748 4759 .

2153 4772 2264 4841 (14)
2303 4771 2414 4826 Τοῦ
2454 4772 2730 4840 σώματος
2775 4768 2931 4825 deest
2977 4769 3033 4822 in
3074 4783 3180 4841 ms.
3221 4775 3489 4841 utroque,
3537 4765 3660 4833 quit

2083 4837 2294 4898 scilicet
2317 4859 2384 4896 ex
2413 4837 2868 4898 antecedentibus
2904 4841 3064 4896 facile
3101 4837 3326 4908 intelligi
3358 4845 3592 4908 poterat.

2153 4913 2267 4984 (15)
2308 4913 2471 4966 Κατὰ
2513 4913 2751 4980 ταύτης.
2809 4909 2912 4966 Ms.
2964 4918 3260 4980 utrumque
3292 4907 3426 4960 κατ’
3475 4907 3662 4977 αὐτῆς,

2082 4985 2307 5048 rectius,
2339 4993 2396 5037 ut
2427 4994 2581 5054 puto.

2080 5056 2082 5058 ⁷
2155 5054 2268 5124 (16)
2296 5045 2548 5121 ’Νοεράν
2575 5069 2660 5108 τε.
2688 5051 3062 5124 ΜεηΒγθάἀίι
3104 5049 3194 5102 hic
3241 5061 3426 5101 vocem
3480 5045 3665 5116 φύσιν,

2081 5122 2255 5195 quam
2275 5125 2328 5179 in
2358 5125 2521 5195 editis
2553 5131 2675 5195 post
2701 5122 2855 5195 ἀειδῆ
2884 5122 3120 5195 invenis.

2155 5196 2268 5264 (17)
2297 5185 2724 5264 Διαδυομὲνην.
2764 5185 2881 5266 __S_i'c
2916 5193 3034 5266 lego
3064 5205 3130 5244 ex
3160 5201 3307 5266 mss.
3324 5199 3430 5266 pro
3456 5185 3669 5266 διαλυο-

2085 5259 2259 5336 μένην
2301 5266 2446 5335 quod
2487 5259 2572 5320 est
2622 5259 2676 5318 in
2713 5263 2899 5319 editis.
2951 5259 3027 5316 De
3063 5259 3447 5330 penetratione
3494 5259 3665 5322 enim,

2083 5335 2404 5391 nouantem
2439 5335 2736 5397 solutione,
2770 5346 2952 5388 sermo
2983 5341 3087 5385 est.

2155 5406 2267 5477 (18)
2310 5404 2679 5473 Ἐξῃρήσθω.
2733 5403 2846 5458 lloc
2892 5401 3077 5454 malim
3110 5415 3175 5456 ex
3205 5415 3342 5458 mss.
3395 5417 3494 5474 pro
3522 5401 3668 5468 ἐξαι-

2087 5475 2261 5547 ρέάθω
2283 5477 2661 5547 (ιυοᾴβάίιξιιη
2691 5484 2812 5547 θείς,
3069 5543 3120 5547 _-
3204 5517 3225 5547 --
3342 5479 3361 5495 °

2154 5546 2267 5615 (l9)
2297 5543 2388 5598 λέ.
2419 5545 2521 5599 Ms.
2559 5544 2600 5598 Β
2633 5544 2761 5616 legit
2800 5543 2854 5596 in
2882 5549 3034 5598 textu
3065 5543 3153 5614 δή,
3191 5543 3232 5598 Α
3261 5558 3392 5600 vero
3427 5544 3481 5598 in
3517 5557 3664 5600 mar-

2085 5618 2208 5687 gine
2231 5616 2384 5687 idern
2413 5617 2598 5687 habet.

2158 5687 2272 5759 (20)
2309 5682 2517 5741 Εἶπον.
2565 5685 2666 5740 Ms.
2696 5683 2737 5739 Β
2765 5682 2954 5740 εἰπών.

475 4424 552 4494 (2)
577 4420 1169 4494 Μικροψυχοτέρους.
1210 4419 1312 4474 Ms.
1331 4418 1386 4494 B_
1404 4418 1532 4490 legit
1579 4418 1973 4494 μικροψύχους.

474 4489 550 4564 (5)
593 4489 824 4560 Mei-ni.
862 4489 962 4548 Ms.
992 4489 1288 4564 utrumque
1308 4489 1502 4564 μόνον,
1544 4489 1734 4544 eodem
1783 4505 1966 4544 sensu.

475 4560 550 4638 (4)
566 4568 669 4621 Ἐν
693 4566 811 4638 τίνι
831 4564 1021 4638 early,
1054 4563 1092 4630 ἢ
1116 4562 1234 4614 ὑπὸ
1260 4561 1446 4638 τινος.
1469 4560 1542 4638 Ita
1559 4575 1664 4638 ms.
1685 4567 1978 4638 utrumque

403 4644 458 4690 et
482 4629 659 4690 ‘editio
685 4635 814 4688 anni
847 4634 985 4688 1658
1019 4629 1117 4702 pro
1146 4629 1432 4702 mendosa
1485 4630 1724 4684 lectione
1761 4630 1820 4682 έν
1870 4629 1976 4682 τινί

402 4717 458 4762 ct
487 4707 593 4760 ὑπό
623 4723 767 4768 τινος
790 4701 1051 4760 editionis
1075 4701 1301 4774 prioris.

473 4777 549 4846 (5)
578 4775 704 4830 Μέν
725 4777 880 4846 deest
906 4789 1007 4846 ms.
1028 4774 1105 4846 7A.

499 4841 554 4914 6)
613 4847 793 4912 Νηός.
821 4844 919 4900 Ms.
952 4843 994 4898 Β
1027 4844 1152 4914 legit
1173 4841 1330 4906 νεώς.

464 4912 548 4986 (7)-
571 4912 1198 4986 Οἱκοδομήματοςίβὶο
1233 4923 1530 4986 utrumque
1561 4912 1836 4986 icgibms.
1879 4927 1978 4981 pro

401 4982 1036 5059 οἰκοδομήσαντοςξῳιοᾴ
1051 4984 1197 5040 edita
1231 4982 1686 5059 liabent.l_.atinus
1705 4982 1979 5052 interpres

403 5055 710 5133 genuinam
738 5057 1206 5133 banc‘lectionetn
1239 5055 1536 5123 expressit.

473 5132 550 5203 (8)
606 5129 856 5203 Τούτων.
878 5127 967 5203 Sic
984 5135 1038 5182 et
1066 5122 1358 5203 utrumque
1398 5139 1529 5189 ms.;
1557 5122 1807 5203 atcodex
1833 5123 1874 5175 Α
1922 5122 1978 5203 in

409 5194 650 5271 margine
680 5199 810 5270 legit
841 5197 1054 5260 τούτου,
1082 5194 1229 5266 quod
1262 5194 1660 5271 prae_stat,_quia
1691 5207 1872 5247 sermo
1896 5202 1980 5248 est

394 5271 472 5331 .ie
517 5265 758 5334 mundo:
777 5287 870 5340 per
895 5283 1056 5340 quem
1086 5265 1301 5340 creator
1332 5269 1452 5330 ejus
1489 5265 1920 5340 demonstratur.

476 5342 552 5413 (9)
597 5332 1112 5413 ’Λμϐλυωπρῦσικ
1137 5336 1236 5392 Ms.
1266 5344 1560 5406 utrumque
1593 5332 1980 5406 ἁμὸλυώττου-

407 5412 495 5465 σιν
523 5428 689 5465 sensu
721 5412 935 5465 eodem.

475 5482 588 5550 (10)
620 5480 806 5549 Σοφὰ.
841 5479 930 5550 Sic
949 5487 1519 5550 utrumque_ms._pro
1549 5475 1698 5545 σαφά
1721 5473 1775 5550 i_n
1793 5474 1978 5550 editis;

406 5545 580 5622 paulo
615 5545 737 5620 post
777 5549 972 5621 δριμέα
1018 5545 1173 5604 recte
1210 5547 1342 5602 edit;
1385 5546 1546 5610 1658.
1599 5562 1699 5616 pro
1731 5545 1978 5614 δριμαῖα,

404 5622 555 5698 quod
569 5623 736 5698 estin
759 5623 957 5698 priore.

475 5694 590 5755 (li)
645 5686 970 5749 Διὰτοῦτο.
1007 5688 1119 5746 Hoc
1161 5689 1418 5761 rescripsi
1454 5705 1516 5744 ex
1559 5703 1690 5744 mss.
1746 5702 1842 5756 pro
1894 5686 1980 5739 διὰ

333 6045 570 6123 ΛΚ
