3990 6202
416 234 566 290 -21

1704 226 1763 283 S.
1784 222 2113 283 GREGORII
2142 219 2448 278 NYSSENI

3703 231 3784 287 28

497 347 564 404 ad
588 360 789 419 supera
811 343 1046 413 feratur,
1071 357 1170 416 per
1192 358 1373 400 aerem
1397 342 1817 410 latibusvecta,
1835 350 1892 399 et
1909 343 2060 399 athe-

2170 340 2327 406 ἐντὸς
2357 336 2571 397 κύκλων
2617 336 2715 410 τὴν
2751 338 2848 392 ἐπὶ
2886 337 2949 392 τὸ
2978 336 3229 408 ἔμπαλιν.
3258 338 3495 411 κίνησιν,
3542 343 3659 411 τάς
3710 364 3782 403 τι

499 454 628 497 reus
660 438 805 509 ignis
836 437 905 492 ad
940 443 1145 491 terram
1171 435 1473 501 deferatur,
1507 436 1644 492 adeo
1676 446 1737 492 ut
1763 446 1818 494 et
1868 438 2070 494 inﬁma:

496 539 678 602 partes
701 527 906 584 caloris
930 535 1182 597 expertes
1209 542 1319 582 non
1344 528 1477 592 sint,
1495 537 1551 583 et
1569 536 1727 586 terra:
1744 532 2070 602 superfusus

496 620 754 676 imbrium
798 618 1016 682 humor,
1052 633 1176 672 cum
1208 618 1361 674 unus
1392 627 1593 674 natura
1623 622 1715 688 sit,
1749 622 2070 681 innumeras

494 708 798 781 germinum
827 707 1092 779 producat
1130 707 1479 765 dill’erentias
1506 709 1762 767 omnibus
1802 711 2069 781 subjectis

493 809 620 871 apte
639 807 806 871 atque
822 798 1235 854 accommodate
1265 798 1562 864 inhaerens,
1593 807 1760 870 atque
1786 800 2064 859 insidens:

492 891 838 947 celerrimam
861 891 990 946 item
1009 891 1128 946 axis
1147 890 1203 946 in
1225 890 1413 947 orbem
1436 890 1755 962 circumque
1773 894 2065 949 rotundum

491 986 911 1042 conversionem
951 995 1118 1055 atque
1174 984 1574 1049 revolutionem
1594 1023 1610 1051 ,
1637 984 2068 1059 interiorumque

464 1075 826 1139 -,circulorum
854 1076 910 1131 in
940 1074 1281 1132 contrarium
1311 1076 1607 1131 motionem
1626 1116 1647 1143 ,
1669 1077 2066 1152 subiectiones-

468 1152 599 1236 |que
630 1178 685 1223 et
707 1183 1037 1241 congressus
1070 1169 1320 1225 coitusve
1347 1176 1512 1239 atque
1533 1169 1852 1236 concinnas,
1886 1178 2062 1240 aptas,

491 1268 661 1326 ratas,
691 1268 1010 1318 constantes
1032 1302 1048 1326 ,
1080 1262 1469 1317 convenientes
1492 1270 1550 1317 et
1576 1263 1817 1332 aequales
1849 1262 2065 1335 digres-

489 1350 677 1406 siones
704 1351 1107 1421 distantiasque
1137 1351 1421 1407 siderum:
1459 1352 1576 1408 haec
1622 1353 1670 1410 si
1714 1354 1838 1424 quis
1884 1355 2062 1411 oculis

483 1441 861 1513 intelligentiae
916 1450 1082 1514 atque
1129 1442 1250 1500 acie
1305 1443 1508 1499 mentis
1556 1443 1825 1513 intuetur,
1876 1460 2061 1502 annon

488 1539 678 1601 aperte
708 1546 806 1602 per
838 1547 901 1587 ca
934 1547 1057 1603 quze
1089 1540 1399 1603 apparent,
1434 1531 1666 1588 docetur
1693 1534 1840 1603 quod
1872 1534 2061 1590 divina

486 1622 572 1677 vis
602 1622 901 1678 artiﬁciosa
935 1622 1224 1692 solersque
1257 1623 1314 1677 in
1358 1622 1525 1679 rebus
1576 1623 1852 1681 universis
1901 1641 2064 1697 appa-

2173 434 2484 509 ὑποδρομὰς
2526 434 2621 489 καὶ
2654 432 2756 500 τὰς
2789 433 3075 511 συνόδους,
3126 434 3223 489 καὶ
3255 434 3356 500 τὰς
3390 439 3779 512 ἐναρμονίους

2172 525 2500 590 ἀποστάσεις
2537 526 2646 579 τῶν
2687 525 2922 598 ἄστρων
2958 528 2988 580 ό
3033 525 3207 580 ταῦτα
3268 526 3483 598 βλέπων
3515 532 3601 605 τῷ
3638 534 3769 589 δια-

2169 618 2405 690 νοητικῷ
2431 619 2531 690 τῆς
2560 619 2737 690 ψυχῆς
2775 618 3037 690 ὀφθαλμῷ
3059 659 3075 685 ν
3111 615 3220 692 ἄρα
3249 621 3659 695 οὐχὶνφανερῶς
3697 630 3771 685 ἐκ

2167 710 2278 767 τῶν
2301 710 2638 782 φαινομένων
2657 709 2987 775 διδάσκεται,
3017 712 3099 767 ὅτι
3119 711 3237 765 θεία
3257 712 3483 785 δύναμις
3497 714 3770 787 ἔντεχνός

2166 817 2237 855 τε
2260 802 2355 859 καὶ
2384 804 2523 874 σοφὴ
2548 806 2665 866 τοῖς
2694 798 2847 856 οὖσιν
2871 802 3272 876 ἐμφαινομένη,
3291 805 3387 858 καὶ
3410 804 3500 860 διὰ
3524 806 3766 862 πάντων

2166 894 2377 965 ἥκουσα
2399 894 2469 949 τὰ
2498 895 2637 967 μέρη
2666 895 2777 965 (40)
2802 894 3135 968 συναρμόζει
3158 895 3238 967 τῷ
3261 895 3385 968 ὅλῳ,
3420 897 3511 951 καὶ
3539 899 3608 951 τὸ
3627 900 3762 954 ὅλον

2168 983 2478 1055 συμπληροῖ
2504 986 2561 1039 ὲν
2596 986 2708 1048 τοῖς
2734 984 2945 1055 μέρεσι,
2975 987 3076 1038 καὶ
3106 984 3207 1055 μιᾷ
3242 999 3348 1037 τινι
3385 989 3759 1056 περικρατεῖ-

2165 1091 2256 1128 ται
2284 1073 2509 1144 δυνάμει
2540 1074 2602 1127 τὸ
2635 1076 2741 1128 πᾶν
2766 1073 2901 1143 (41),
2938 1073 3071 1128 αὐτὸ
3098 1073 3156 1127 ὲν
3190 1072 3366 1144 ἐαυτῷ
3409 1074 3568 1143 μένον
3625 1075 3778 1148 [καὶ.
3848 1124 3857 1133 .

2165 1163 2294 1234 περὶ
2322 1163 2481 1216 ἑαυτὸ
2504 1162 2840 1235 κινούμενον]
2865 1164 2999 1235 (62),
3022 1164 3115 1218 καὶ
3143 1162 3266 1218 οὔτε
3288 1165 3454 1236 λῆγόν
3481 1183 3614 1220 ποτε
3641 1167 3756 1236 τῆς

2165 1253 2463 1324 κινήσεως,
2487 1252 2609 1307 οὔτε
2648 1255 2729 1318 είς
2765 1254 2922 1309 ἄλλον
2947 1253 3071 1309 τινὰ
3098 1254 3262 1311 τόπον
3285 1256 3435 1325 παρὰ
3458 1256 3549 1310 τὸν
3566 1297 3582 1317 ,
3611 1258 3675 1309 ὲν
3702 1251 3754 1325 ᾧ

2165 1343 2302 1408 ἐστι,
2318 1338 2976 1411 μεθιστάμενον;-Γ.Καὶ
2989 1335 3126 1402 πῶς,
3142 1337 3313 1402 εἶπον,
3329 1339 3362 1410 ἡ
3379 1338 3507 1415 περ)⁹
3520 1343 3580 1396 τὸ
3596 1344 3748 1402 εἴναι

2163 1430 2257 1484 τὸν
2283 1431 2416 1486 Θεὸν
2436 1430 2638 1495 πίστις,
2661 1432 2757 1484 κα)⁸
2782 1432 2883 1502 τὴν
2900 1429 3076 1502 ψυχὴν
3095 1425 3235 1483 εἶναι
3266 1428 3365 1501 τὴν
3388 1430 3747 1503 ἀνθρωπίνην

2164 1520 2638 1575 συναποδείκνυσιν
2662 1539 2677 1589 ;
2715 1522 2790 1575 Οὐ
2819 1520 2928 1593 γὰρ
2957 1521 3022 1592 δὴ
3052 1520 3245 1575 ταύτόν
3286 1521 3401 1574 ἐστι
3448 1520 3522 1592 τῷ
3551 1522 3678 1593 Θεῷ
3707 1526 3747 1595 ἡ

2162 1612 2329 1684 ψυχὴ,
2370 1611 2511 1666 ὥστε
2541 1615 2589 1667 εἰ
2628 1613 2691 1666 τὸ
2708 1613 2766 1667 ἓν
2790 1615 3103 1686 ὁμολογοῖτο
3133 1613 3245 1686 (45)
3272 1609 3409 1667 εἶναι
3439 1615 3738 1683 συνομολο-

487 1726 657 1776 rens,
709 1720 874 1784 atque
930 1727 1028 1782 per
1076 1714 1260 1768 omnia
1312 1713 1595 1784 pertinens
1645 1730 1710 1771 ac
1759 1716 1879 1773 lusa
1934 1734 2057 1774 cum

2163 1704 2372 1772 γεῖσθαι
2400 1704 2615 1769 πάντως
2633 1705 2728 1759 καὶ⁵
2744 1706 2804 1760 τὸ
2826 1704 3162 1778 λειπόμενον.

480 1814 670 1878 partes
707 1807 1089 1862 accommodat
1117 1816 1172 1863 et
1204 1808 1424 1878 adaptat
1456 1809 1592 1876 toti,
1625 1817 1740 1865 tum
1784 1819 1957 1868 totum
2005 1819 2252 1886 partibus
2289 1821 2505 1890 explet,
2550 1829 2716 1892 atque
2763 1836 2874 1877 una
2917 1820 3154 1891 quadam
3198 1816 3249 1872 vi
3285 1829 3469 1873 rerum
3505 1811 3733 1866 univec-o

488 1899 624 1952 sitas
656 1905 944 1951 coercetur
986 1905 1041 1953 et
1071 1897 1407 1962 continetur,
1441 1898 1572 1953 dum
1609 1900 1728 1970 ipsa
1764 1904 1818 1956 in
1850 1916 1910 1960 se
1940 1908 2057 1976 ipsa
2091 1919 2303 1977 manet,
2335 1919 2391 1966 et
2428 1911 2638 1967 circum
2669 1928 2730 1970 se
2770 1914 2891 1983 ipsa
2920 1917 3186 1973 movetur,
3216 1923 3280 1962 ac
3323 1900 3530 1959 moveri
3572 1915 3732 1954 nun-

484 2001 650 2059 quam
700 1986 936 2053 desinit,
1000 2002 1179 2057 neque
1235 1986 1291 2041 in
1339 1987 1506 2041 alium
1547 1990 1837 2058 quemdam
1901 1993 2115 2063 locum,

2140 1991 2145 1995 ’
2174 2007 2372 2068 praeter
2436 2014 2595 2064 eum,
2630 2000 2686 2053 in
2709 2015 2822 2072 quo
2838 2006 2941 2062 est,
2962 1985 3483 2062 trsnsmigrat?——G.
3518 1989 3586 2044 Et
3615 2004 3753 2060 quo.

483 2087 666 2147 pacto,
697 2080 952 2148 inquam,
982 2086 1362 2150 argumentum
1380 2118 1403 2145 ,
1426 2093 1535 2147 quo
1564 2077 1730 2135 Deum
1762 2097 1884 2140 esse
1918 2085 2054 2143 ﬁdes
2085 2086 2144 2142 lit
2165 2130 2181 2155 ,
2217 2089 2380 2145 simul
2409 2090 2841 2146 etiamanimam
2871 2086 3162 2142 humanam
3191 2096 3313 2138 esse
3341 2082 3689 2137 demonstrat
3707 2078 3751 2132 ἳκ

484 2169 603 2225 Non
634 2170 778 2225 enim
812 2170 999 2241 utique
1026 2170 1217 2227 eadem
1253 2185 1379 2226 cum
1415 2170 1525 2227 Deo
1563 2186 1654 2229 res
1683 2175 1876 2233 anima.
1897 2185 2017 2247 est,
2049 2186 2110 2235 ut
2136 2181 2184 2238 si
2212 2198 2378 2238 unum
2409 2198 2535 2241 esse
2566 2174 2921 2247 concedatur,
2963 2191 3191 2250 prorsus
3225 2174 3390 2229 etiam
3429 2173 3496 2229 de
3553 2173 3755 2231 altero.

482 2278 595 2318 non
628 2263 934 2318 dubitetur.

571 2388 1123 2458 M.Atilla:Dicitur,
1171 2391 1372 2462 inquit,
1406 2406 1438 2446 a
1491 2391 1832 2463 sapientibus
1887 2392 2053 2449 homo

478 2496 681 2551 parvus
737 2480 958 2552 quidam
1013 2499 1136 2540 esse
1189 2484 1449 2551 mundus,
1511 2486 1604 2556 qui
1658 2485 1713 2540 in
1767 2501 1890 2542 sese
1940 2486 2055 2542 haec

481 2573 754 2629 elementa
804 2560 1107 2643 contineat,
1159 2592 1228 2632 ex
1259 2576 1459 2648 quibus
1495 2591 1675 2633 rerum
1721 2578 2055 2635 universitas

481 2674 700 2724 constat
734 2677 897 2740 atque
946 2671 1214 2740 completa
1259 2679 1364 2727 est.
1400 2669 1559 2737 Quod
1613 2672 1657 2728 si
1712 2670 1827 2726 lnec
1868 2670 2057 2740 opinio

480 2775 609 2817 vera
661 2767 767 2829 est,
815 2744 1032 2817 utesse
1067 2762 1302 2828 videtur,
1356 2761 1587 2816 forsitan
1636 2776 1745 2816 non
1782 2777 1921 2833 opus
1956 2763 2056 2818 ha-

2238 2397 2311 2452 M.
2344 2394 2497 2469 Ἡδὲ,
2519 2392 2750 2464 Λέγεται
2773 2392 2912 2464 (Η),
2959 2392 3113 2464 φησὶ,
3174 2391 3325 2465 παρὰ
3374 2391 3484 2446 τῶν
3549 2390 3737 2460 σοφῶν

2156 2487 2349 2559 μικρός
2396 2504 2483 2552 τις
2518 2480 2661 2540 εῖναι
2717 2486 2920 2556 κόσμος
2957 2487 2987 2539 ό
3019 2484 3323 2555 ἄνθρωπος,
3356 2483 3528 2538 ταῦτα
3576 2500 3735 2553 περι-

2154 2577 2293 2649 έχων
2339 2578 2398 2632 ὲν
2449 2577 2626 2649 ἐαυτῷ
2677 2576 2747 2631 τὰ
2786 2576 3058 2647 στοιχεῖα,
3119 2570 3203 2640 οἷς
3261 2576 3322 2630 τὸ
3359 2578 3468 2629 πᾶν
3521 2592 3734 2645 συμπεο

2157 2668 2454 2739 πλήρωται.
2480 2668 2543 2721 Εἰ
2559 2668 2616 2722 δὲ
2643 2666 2847 2739 ἀληθὴς
2877 2661 3031 2730 οὗτος
3064 2667 3094 2720 ό
3108 2666 3263 2737 λόγος
3282 2666 3448 2738 (ἔοικε
3468 2667 3570 2739 δὲ),
3592 2668 3736 2737 τάχα

2157 2758 2259 2812 οὐκ
2296 2758 2362 2813 ἂν
2395 2756 2589 2829 ἑτέρας
2617 2756 2916 2829 ἐδεήθημεν
2942 2757 3053 2828 (ιδ)
3090 2757 3409 2829 συμμαχίας
3438 2760 3518 2822 εἰς
3547 2758 3608 2810 τὸ
3646 2758 3735 2827 βε-

485 2848 767 2905 buerimns
812 2850 920 2905 alio
952 2850 1159 2906 auxilio
1191 2851 1259 2906 ad
1292 2850 1720 2906 conﬁrmandam
1750 2867 1869 2908 eam
1891 2867 2054 2922 quam

2163 2847 2457 2917 σαιωθῆναι
2476 2849 2605 2918 ἡμῖν
2618 2846 2646 2900 ὃ
2659 2847 2784 2917 περὶ
2797 2845 2974 2918 ψυχῆς
2994 2846 3371 2917 ὑπειλήφαμεν
3393 2846 3525 2922 (46).
3545 2847 3681 2900 ’Υπε
3690 2863 3735 2898 ι-

484 2940 553 2994 de
599 2940 777 2993 anima
824 2941 1178 3011 concepimus
1231 2942 1541 3012 opinionem
1582 2961 1595 2997 :
1645 2957 1934 2999 censemus
1968 2958 2059 2998 au-

2163 2916 2406 3011 λήφαμεν
2420 2937 2477 2990 δὲ
2490 2916 2551 2990 ἑὼ
2568 2932 2707 2992 εἶναι
2725 2916 2905 3009 αὐτὴν
2916 2936 3036 2991 καθ’
3057 2916 3257 3008 ἑαυτὴν
3275 2916 3333 2991 ἐν
3347 2916 3735 3008 ἐξηλλαγμένη

485 3038 591 3086 ιεηι
637 3046 756 3086 eam
793 3047 888 3102 per
923 3047 1044 3088 sese
1079 3032 1361 3102 praeditam
1420 3049 1542 3115 esse
1582 3044 1773 3090 natura
1814 3036 2055 3107 propria,

482 3120 765 3192 peculiari,
818 3122 1041 3189 eximia,
1086 3123 1304 3180 diversa
1332 3134 1497 3196 atque
1521 3125 1624 3180 alia
1660 3141 1825 3197 quam
1854 3142 2054 3198 corpus

482 3212 631 3284 quod
659 3229 723 3269 ex
763 3215 969 3271 crassis
1019 3217 1271 3286 partibus
1307 3224 1544 3273 constat.
1571 3217 1644 3274 Ut
1675 3218 1820 3274 enim
1848 3220 2059 3276 univer-

483 3320 607 3362 sum
651 3305 912 3360 mundum
962 3309 1169 3363 auxilio
1211 3324 1474 3365 sensuum
1514 3319 1931 3382 cognoscentes,
1962 3312 2061 3381 per

483 3397 657 3469 ipsam
693 3406 1009 3454 nostrorum
1038 3415 1296 3457 sensuum
1327 3401 1598 3457 actionem
1629 3408 1793 3472 atque
1822 3400 2082 3474 ellicicn;

484 3491 615 3546 tiam
656 3490 984 3546 deducimur
1027 3493 1094 3547 ad
1128 3493 1626 3549 considerationem
1668 3495 2060 3565 notionemque

483 3582 585 3647 rei,
639 3582 916 3654 opinionis
965 3590 1020 3639 et
1068 3583 1383 3640 intellectus
1433 3600 1658 3641 sensum
1721 3589 2057 3656 superantis,

482 3681 647 3743 atque
683 3674 878 3729 oculus
908 3673 1070 3729 nobis
1105 3673 1323 3730 exsistit
1351 3674 1624 3745 interpres
1664 3677 2057 3746 omnipotentis

483 3762 787 3833 sapientiae,
815 3780 938 3834 qua;
982 3766 1038 3820 in
1080 3780 1262 3820 rerum
1310 3764 1528 3836 quidem
1559 3766 1917 3822 universitate
1941 3782 2062 3824 cer-

480 3854 653 3919 nitur,
685 3868 809 3908 eum
854 3871 1002 3920 vero,
1036 3857 1130 3926 qui
1163 3872 1257 3926 per
1307 3856 1479 3926 ipsam
1516 3857 1669 3913 solus
1715 3872 1805 3913 res
1837 3858 2060 3915 univer-

480 3958 573 4000 sas
625 3944 864 4015 undique
913 3946 1327 4016 comprehendit
1375 3954 1540 4017 atque
1586 3947 1904 4017 complexus
1952 3957 2059 4015 est,

480 4050 580 4106 per
627 4051 751 4092 sese
806 4037 1058 4092 indicat:
1109 4037 1184 4091 ita
1233 4036 1363 4091 dum
1408 4051 1535 4092 eum
1587 4052 1826 4108 quoque,
1870 4036 1964 4107 qui
2002 4037 2058 4091 in

481 4127 643 4182 nobis
668 4137 774 4191 est,
804 4128 1066 4183 mundum
1094 4128 1398 4192 intuemur,
1435 4128 1580 4183 haud
1615 4142 1783 4198 parva
1816 4127 2060 4184 subsidia

481 4216 743 4274 habemus
786 4234 883 4291 per
920 4235 982 4275 ea
1014 4235 1134 4290 quae
1183 4228 1482 4290 apparent,
1523 4220 1689 4274 etiam
1734 4218 1804 4275 ad
1829 4220 1883 4274 id
1913 4218 2059 4288 quod

2157 3047 2217 3085 τε
2240 3030 2336 3084 καὶ
2379 3027 2654 3101 ἱδιαζούσῃ
2689 3027 2883 3098 φύσει,
2911 3027 3061 3100 παρὰ
3086 3027 3187 3098 τὴν
3210 3026 3524 3098 σωματικὴν
3555 3044 3734 3098 παχυ-

2161 3122 2406 3194 μέρειαν.
2447 3120 2535 3184 Ὧς
2557 3120 2665 3189 γὰρ
2687 3119 2866 3173 πάντα
2900 3119 2992 3174 τὸν
3027 3118 3228 3189 κόσμον
3254 3118 3343 3173 διὰ
3363 3118 3462 3189 τῆς
3484 3117 3734 3189 αἰσθητι-

2158 3214 2263 3285 κῆς
2291 3215 2627 3287 ἀντιλήψεως
2658 3212 3111 3291 ὲπιγινῴσκοντες
3142 3253 3159 3279 ,
3190 3213 3259 3269 δι’
3288 3214 3457 3286 αὐτῆς
3476 3214 3575 3285 τῆς
3594 3212 3734 3268 κατὰ

2156 3305 2255 3379 τὴν
2299 3308 2552 3380 αἴσθησιν
2590 3308 2746 3380 ἡμῶν
2783 3307 3060 3380 ἐνεργείας
3091 3308 3171 3371 εἰς
3202 3307 3300 3379 τὴν
3343 3305 3438 3361 τοῦ
3477 3306 3618 3377 ὑπὲρ
3643 3306 3730 3360 αἴ-

2160 3399 2351 3472 σθησιν
2377 3401 2695 3473 πράγματος
2717 3400 2827 3470 (47)
2853 3400 2948 3454 καὶ
2972 3401 3246 3471 νοήματος
3266 3398 3479 3453 ἔννοιαν
3507 3397 3729 3469 ὁδηγού-

2161 3494 2300 3562 μεθα
2343 3488 2484 3562 (48),
2523 3489 2619 3543 καὶ
2664 3488 2872 3557 γίνεται
2901 3489 3033 3559 ἡμῖν
3061 3489 3091 3540 ό
3132 3485 3410 3556 ὀφθαλμὸς
3462 3484 3731 3555 ἑρμηνεὺς

2155 3581 2256 3651 τῆς
2278 3579 2681 3651 παντοδυνάμου
2716 3578 2939 3648 σοφίας,
2974 3580 3073 3649 τῆς
3101 3576 3182 3648 τῷ
3217 3576 3379 3630 παντὶ
3409 3576 3506 3646 μὲν
3534 3573 3730 3627 ὲνθεωι-

2162 3668 2449 3747 ρουμένης,
2483 3668 2576 3722 τὸν
2596 3667 2653 3721 δὲ
2677 3666 2797 3721 κατ’
2823 3665 2993 3737 αὐτὴν
3019 3664 3132 3736 (19)
3164 3664 3257 3718 τοῦ
3289 3663 3488 3749 παντὸς
3515 3662 3722 3733 περιδε-

2157 3738 2462 3832 θραγμένον
2484 3758 2550 3812 δι’
2581 3757 2782 3828 ἑαυτῆς
2818 3755 3169 3829 μηνυούσης,·
3198 3753 3339 3808 οὕτω
3370 3738 3461 3808 κᾶι
3489 3752 3622 3824 πρὸς
3640 3751 3727 3805 τὸν

2159 3853 2219 3906 ὲν
2244 3853 2375 3923 ἡμῖν
2399 3851 2686 3922 βλέποντες
2700 3849 2928 3920 κόσμον,
2955 3850 3017 3903 οὐ
3039 3847 3242 3921 μικρὰς
3264 3846 3462 3918 ἔχομεν
3483 3843 3727 3916 ἀφορμὰς

2161 3943 2297 4016 πρὸς
2314 3944 2375 3997 τὸ
2393 3943 2482 3997 διὰ
2501 3942 2608 3996 τῶν
2631 3942 2971 4012 φαινομένων
2990 3941 3083 3993 καὶ
3099 3938 3193 3992 τοῦ
3212 3938 3600 4009 κεκρυμμένου
3619 3938 3724 4007 (50)

2160 4034 2686 4106 καταστοχάσασθαι.
2719 4034 3041 4105 Κέκρυπται
3071 4030 3127 4083 δὲ
3148 4032 3351 4096 ἐκεῖνο,
3377 4030 3407 4082 ὃ
3428 4030 3513 4097 ἐφ’
3538 4026 3724 4083 ἑαυτοῦ

2161 4126 2220 4181 ὃν
2244 4126 2432 4197 νοητόν
2454 4142 2515 4178 τε
2560 4124 2672 4196 (51)
2694 4124 2787 4178 καὶ
2807 4121 2980 4185 ἀειδὲς
2998 4118 3275 4189 διαφεύγει
3296 4117 3395 4189 τὴν
3414 4116 3716 4187 αἰσθητικὴ.

2161 4216 2505 4287 κατανόησιν.

478 4313 753 4369 occultum
786 4320 889 4378 est,
920 4312 1237 4384 conjectura
1270 4311 1643 4384 perveniendi.
1687 4311 1745 4366 Id
1777 4318 1959 4367 autem
1990 4311 2045 4365 in
2082 4323 2208 4366 sese
2262 4308 2537 4363 occultum
2573 4313 2627 4361 et
2666 4303 3045 4361 absconditum
3088 4311 3190 4369 est,
3225 4299 3371 4371 quod
3442 4306 3498 4356 et
3558 4306 3725 4352 mente

477 4415 532 4461 et
590 4406 950 4477 intelligentia
1000 4405 1302 4476 percipitur
1345 4405 1641 4475 formatque
1689 4418 1886 4474 expers
1939 4411 2045 4466 est,
2085 4399 2234 4472 quod
2277 4414 2543 4456 sensuum
2588 4397 2777 4470 eﬂ‘ugit
2830 4393 3383 4451 animadversionem.

552 4541 618 4597 G.
643 4539 819 4612 Atque
834 4539 1183 4610 ego:Verum
1208 4537 1474 4606 sapientia
1513 4536 1765 4606 quidem,
1805 4537 2049 4609 inquam,

2222 4536 2284 4591 Γ.
2306 4530 2477 4601 Κάγὼ
2490 4528 2671 4589 εἶπον·
2696 4526 2860 4597 Ἀλλὰ
2881 4530 2979 4602 τὴν
3021 4530 3132 4615 (52)
3190 4527 3282 4583 τοῦ
3328 4526 3527 4590 παντὸς
3568 4527 3721 4596 ὑπερ-

476 4644 597 4703 (ιιιίε
655 4630 712 4684 in
776 4628 990 4685 superis
1051 4628 1296 4698 partibus
1357 4627 1516 4698 quasi
1560 4628 1615 4682 in
1679 4643 1805 4684 arce
1863 4644 2047 4684 rerum

476 4801 668 4875 λοιπᾷς
689 4804 787 4873 τὴν
816 4803 1082 4859 ἐναντίαν.
1109 4836 1142 4845 ι
1157 4805 1511 4875 Περιφοράν.
1544 4802 1727 4875 Ταῦτα
1737 4804 1912 4875 πάντα
1934 4804 2048 4875 δια-

477 4873 642 4997 ἓοραί
682 4875 819 4929 εἰσιν
852 4875 1117 4947 κινήσεων
1145 4874 1239 4930 καὶ
1274 4873 1509 4947 σχέσεων
1538 4874 1672 4945 πρὸς
1699 4874 1901 4946 ἄλληλα
1944 4874 2054 4928 τῶν

519 4959 716 4997 στρων.

519 4959 696 4999 στρων
703 4986 716 4999 .

550 5011 664 5149 με)
706 5015 781 5068 Τὰ
806 5015 979 5083 μέρη.
1014 5013 1114 5067 Ms.
1148 5024 1440 5084 utrumque
1466 5014 1535 5068 τά
1550 5031 1627 5067 τε.

572 5083 664 5149 41)
696 5082 1035 5149 Δυνάμειτὸ
1056 5083 1200 5138 πᾶν.
1244 5084 1321 5138 lta
1347 5093 1493 5139 recte
1527 5085 1627 5139 edit

572 5083 664 5155 41)
696 5082 1035 5155 ᾼυνάμειτὸ
1056 5083 1200 5138 πᾶν.
1236 5084 1321 5155 lta
1347 5082 1501 5155 recte
1527 5084 1693 5155 editio
1726 5085 1852 5138 anni
1891 5082 2051 5155 1638.

479 5153 653 5224 Aliter
703 5153 883 5224 habet,
920 5154 1287 5224 interpunctio
1335 5154 1389 5208 in
1444 5153 1683 5209 editione
1734 5153 2052 5224 ίϐιὸπεεά

479 5223 760 5295 mendose.
781 5223 959 5295 Codex
980 5224 1019 5295 Β
1038 5222 1135 5295 pro
1163 5224 1413 5294 sequenti
1431 5224 1562 5295 αὐτό
1584 5224 1713 5295 legit
1725 5225 1866 5278 male
1882 5222 2048 5293 αὐτῷ.

549 5293 662 5362 (42)
690 5294 830 5364 Περὶ
853 5293 1444 5364 ἐαυτὸκινούβενον.
1499 5294 1579 5364 lta
1610 5294 1807 5364 scripsi
1837 5309 1906 5349 ex
1935 5309 2046 5364 _ms.

480 5360 526 5414 A
552 5360 654 5437 pro
676 5360 826 5437 edito,
852 5366 981 5437 περὶ
1021 5365 1154 5421 αὐτὸ
1192 5360 1495 5437 γινόμενον.
1540 5362 1676 5422 Cod.
1726 5360 1769 5419 B
1791 5361 2051 5422 mendose

481 5431 611 5493 περ).
636 5433 852 5490 ἑαυτοῦ.
882 5431 1089 5492 Cintera
1120 5431 1417 5493 consentit.

576 5500 665 5577 ιζ»)
708 5502 1125 5577 -ξομοᾷογοῖτα
1197 5505 1273 5577 lla
1323 5514 1554 5577 uterque
1614 5508 1784 5577 codex
1842 5520 1941 5576 pro
1971 5518 2052 5577 eo

482 5572 625 5638 quod
657 5572 825 5627 editio
865 5574 1002 5631 1638
1030 5576 1192 5632 habet
1227 5572 1576 5648 ὡμολογεῖτο,
1611 5584 1667 5632 ει
1698 5572 1869 5633 altera
1902 5575 2052 5645 prior

482 5640 828 5695 ὡμολόγοιτο.

479 5656 828 5712 ωμολογοιτο.

2155 4623 2413 4698 κειμένην
2439 4622 2631 4694 σοφίαν
2661 4621 2750 4676 διὰ
2768 4623 2879 4676 τῶν
2904 4620 3354 4694 ὲνθεωρουμένων
3369 4622 3433 4692 τῇ
3454 4618 3607 4687 φύσει
3622 4617 3719 4671 τῶν

2229 4801 2367 4873 (Lai)
2394 4801 2457 4855 Ἠ
2479 4798 2567 4864 δὲ,
2596 4797 2860 4873 derisui.
2892 4799 2956 4873 ln_
2990 4796 3140 4853 calce
3154 4794 3373 4873 podicis
3401 4793 3458 4873 A_
3478 4790 3715 4873 hancin-

2157 4861 2335 4994 γεὲἱέ
2362 4861 2568 4935 notam,
2608 4861 2858 4922 ἐντεῦθεν
2901 4865 3001 4930 τὰς
3048 4867 3178 4937 περὶ
3224 4864 3400 4936 ψυχῆς
3435 4861 3717 4925 ἀποδείξεις

2157 4959 2228 4994 γο
2267 4958 2379 4994 cost.

2307 4958 2379 4994 ει.

2157 4958 2764 5079 γρῗῗῖῧιλεδεήθημεν.
2790 5009 2835 5062 Α
2870 5007 2913 5059 B
2940 5004 3283 5079 δεηθείημενε

2229 5070 2342 5151 (46)
2392 5070 3077 5151 ’Υπεαλῆξοᾲαιιεῃ-ειε.
3131 5070 3543 5143 ὑπειλήφαμεν
3578 5070 3714 5124 ὑπει-

2159 5143 2410 5222 λήὲραμεν
2442 5143 2736 5222 eum»)
2767 5143 3163 5222 ἐξηλλαγμένη.

2250 5211 2342 5290 ιτ)
2384 5211 2751 5290 Πρὰγματός.
2792 5211 2906 5290 A_'B
2942 5211 3265 5290 πράγματός
3306 5227 3386 5265 τε.

2250 5232 2318 5273 47
2384 5232 2751 5290 Πραγματος.
2792 5232 2837 5269 A
2868 5232 2906 5267 υ
2942 5232 2983 5267 π
3022 5232 3265 5296 αγματος
3306 5232 3313 5245 ·

2250 5232 2342 5357 48)
2389 5290 2815 5359 Ὀδισργούμεθα.Δ
2835 5287 2875 5338 Β
2908 5232 3313 5359 πρὲηγουμεθα.

2255 5352 2346 5431 49)
2385 5352 2763 5431 καθἀὑτήν.
2793 5357 2839 5431 ᾼ
2866 5354 2991 5409 καθ’
3020 5352 3236 5431 ξαν-τόν.

2252 5419 2340 5497 5οἱ
2385 5429 2493 5484 Τοῦ
2532 5419 2960 5499 κεκρὺμμένου.
3020 5421 3082 5478 ln
3121 5423 3275 5478 calce
3313 5420 3521 5477 codicis
3563 5419 3600 5474 A
3630 5419 3711 5492 τῆς

2155 5499 2333 5572 ψυχῆς
2370 5499 2636 5568 δηλονότι.

2228 5520 2333 5623 XI);
2370 5520 2636 5568 θηλονοτι.

2228 5570 2340 5639 (ι’ί)
2388 5572 2490 5621 Ὃν
2522 5568 2746 5639 νοητόν
2778 5581 2868 5639 τεἑ
2899 5564 2951 5639 ᾼ-
2971 5564 3023 5639 ,δ’
3042 5563 3232 5639 νοητόν
3249 5578 3345 5639 τε.

2394 5638 2569 5694 Ἀλλὰ
2596 5632 2725 5707 τήν.
2762 5638 2804 5689 A
2835 5636 2875 5687 Β
2904 5635 3039 5689 ἀλλὰ
3070 5632 3167 5706 τῆν
3196 5632 3316 5705 μέν.
