3990 6202
400 241 471 299 29
1210 302 1211 305 η
1467 242 1554 300 DE
1591 243 1810 299 ANIMA
1844 240 1932 297 ET
1961 239 2565 301 RESURRECTIONE.
3590 238 3667 299 30

397 354 570 409 ὅντων
597 351 775 422 σοφῶν
788 368 851 404 τε
868 351 963 405 καί
976 352 1244 423 τεχνικῶν
1259 352 1453 423 λόγων,
1472 357 1606 426 ὲντῇ
1626 356 1862 428 ἁρμονίᾳ
1877 354 1988 426 (55)

2094 355 2349 426 praesidet
2392 354 2742 411 universitati
2787 368 2883 424 per
2924 368 3042 417 eas,
3091 366 3214 422 qua:
3256 361 3571 422 spectantur
3602 355 3660 410 in

397 442 574 515 ταύτῃ
597 441 687 496 καὶ
711 441 1069 512 διακοσμήσει
1096 442 1323 498 δυνατόν
1354 445 1502 498 ἐστιν
1524 445 1947 515 ἀναλογίσασθαι
1967 461 1981 476 ·

396 521 579 607 ψυχῆς
603 535 661 589 δὲ
695 534 899 604 γνῶσις
926 534 1015 589 διά
1038 534 1148 591 τῶν
1176 535 1319 590 κατά
1351 536 1416 590 τὸ
1442 536 1600 606 σῶμα
1623 535 1987 607 δεικνυμένων

397 625 485 689 τίς
522 626 588 680 ἂν
616 625 828 696 γένοιτο
862 628 975 689 τοῖς
1008 626 1117 680 ἀπὸ
1154 624 1264 680 τῶν
1293 626 1632 698 φαινομένων
1663 626 1725 680 τὸ
1745 626 1987 699 κρυπτὸν

399 720 800 792 ἀνιχνεύουσιν;
836 717 1117 774 -Μ.Καὶ
1137 719 1369 792 μάλιστα
1389 718 1499 787 (54)
1523 719 1622 793 μέν
1657 737 1739 773 τοι
1763 760 1777 782 .
1824 717 1988 789 φησὶν

402 812 437 883 ή
487 811 783 883 παρθένος,
827 813 942 875 τοῖς
977 809 1119 865 κατὰ
1139 810 1201 865 τὸ
1235 811 1396 882 σοφὸν
1424 811 1597 865 ἐκεῖνο
1624 809 1990 882 παράγγελμα

401 903 692 974 γινώσκειν
733 906 961 968 ἑαυτοὺς
988 903 1349 975 ἐπιθυμοῦσιν
1368 918 1383 935 '
1416 904 1466 958 εἰ
1505 903 1667 977 κᾶνή
1706 904 1817 974 (55)
1846 904 1989 959 διδά-

403 994 599 1060 σκαλος
620 994 732 1049 τῶν
767 995 896 1066 περί
921 994 1105 1065 ψυχῆς
1130 994 1457 1066 ὑπολήψεων
1476 994 1614 1066 αὑτὴ
1654 996 1688 1066 ἡ
1714 994 1882 1066 ψυχὴ,
1905 996 1989 1049 ὅτι

404 1086 564 1152 ἀῦλός
608 1105 693 1151 τις
730 1087 842 1157 (56)
878 1088 973 1141 καὶ
1009 1085 1330 1159 ἀσώματος,
1376 1087 1726 1160 καταλλήλως
1772 1090 1840 1159 τῇ
1877 1086 1986 1159 ἰδίᾳ

405 1178 566 1249 φύσει
600 1177 898 1251 ἐνεργοῦσά
936 1178 1051 1251 (57)
1078 1196 1138 1233 τε
1166 1177 1260 1233 καὶ
1286 1177 1605 1250 κινουμένη,
1632 1178 1729 1234 καί.
1759 1178 1848 1232 διά
1880 1176 1987 1232 τῶν

410 1270 734 1341 σωματικῶν
749 1270 997 1344 ὀργάνων
1017 1270 1116 1334 τάς
1140 1270 1278 1334 ἰδίας
1310 1271 1555 1343 κινήσεις
1574 1269 1982 1341 ὲνδεικνυμένη.

417 1361 483 1415 Ἥ
512 1362 621 1432 γὰρ
647 1360 913 1434 ὀργανική
936 1360 1031 1415 τοῦ
1068 1358 1319 1432 σώματος
1349 1359 1489 1433 αῦτη
1526 1360 1790 1432 διασκευὴ
1810 1400 1826 1425 ,
1870 1360 1988 1414 ἐστι

412 1453 509 1525 μὲν
536 1453 686 1507 οὐδὲν
727 1448 890 1526 ἦττον
934 1452 1029 1505 καὶ
1068 1450 1296 1505 ἐπὶτῶν
1339 1438 1828 1525 ἀπονεκρωθέντων
1871 1450 1985 1522 (58)

407 1544 496 1600 διά
534 1544 785 1609 θανάτου,
824 1543 940 1599 ἀλλ’
972 1542 1229 1614 ἀκίνητος
1267 1542 1380 1615 (59)
1431 1543 1580 1613 μένει
1631 1545 1728 1597 καί⁹
1768 1543 1987 1617 ἀνενέρ-

408 1653 594 1707 γητος,
608 1636 707 1707 τῆς
722 1634 957 1707 ψυχικῆς
979 1634 1257 1705 δυνάμεως
1278 1635 1337 1688 ὲν
1360 1636 1494 1708 αὐτῇ
1523 1635 1598 1708 μὴ
1615 1635 1798 1707 οὔσης.
1814 1637 1987 1690 Κινείο

2092 456 2288 505 natura
2326 464 2532 516 rerum,
2565 449 2799 506 solertes
2835 454 2889 501 et
2933 444 3263 501 artiﬁciosas
3310 444 3574 512 rationes,
3602 446 3661 501 in

2089 540 2192 595 hac
2235 548 2380 611 apta,
2411 539 2706 603 concinna,
2737 535 3105 593 consentienti
3139 544 3304 606 atque
3325 537 3664 606 conspirantl

2089 632 2461 696 distinctione,
2510 630 2882 701 descriptione
2921 637 3087 699 atque
3126 627 3438 699 digestione
3484 636 3665 699 potest

2089 721 2453 778 animadverti
2486 732 2654 792 atque
2684 718 2947 777 aestimari
2978 737 2992 774 :
3027 718 3224 772 anima:
3262 733 3392 772 vero
3421 718 3667 788 cognitio

2090 828 2187 883 per
2223 829 2287 870 ea
2314 829 2433 885 qua-
2468 814 2524 869 in
2556 828 2788 884 corpore
2822 812 3217 874 ostenduntur,
3257 824 3505 879 quamam
3531 824 3666 864 con-

2091 906 2304 977 tingere
2375 907 2550 977 possit
2605 906 2674 961 iis
2726 905 2818 975 qui
2870 919 2967 974 per
2999 904 3317 975 apparentia
3362 900 3509 972 quod
3563 915 3663 954 oc-

2090 998 2299 1052 cultum
2330 1008 2449 1062 est,
2491 987 3121 1065 investigant?M.Atque
3168 991 3461 1048 admodum
3508 1005 3661 1054 sane,

2090 1087 2268 1158 inquit
2291 1087 2466 1157 virgo,
2491 1085 2575 1140 vel
2598 1085 2717 1155 ipsa
2746 1087 2950 1150 anima,
2965 1084 3120 1155 juxta
3144 1083 3344 1139 scitutn
3368 1081 3504 1136 illud
3526 1095 3666 1150 pra:-

2090 1187 2330 1249 ceptum,
2377 1177 2591 1247 seipsos
2642 1188 2877 1231 noscere
2909 1174 3285 1245 cupientibus,
3339 1172 3663 1243 opinionum

2088 1277 2254 1339 atque
2284 1266 2707 1339 persuasionum
2763 1266 2833 1322 de
2885 1267 3068 1320 anima
3098 1264 3234 1320 satis
3274 1264 3469 1318 idonea
3511 1259 3664 1316 suﬁi-
3716 1255 3723 1269 ’

2087 1360 2351 1429 ciensque
2372 1359 2633 1430 magistra
2671 1365 2778 1423 est,
2806 1372 3000 1427 nempe
3023 1358 3168 1426 quod
3199 1370 3395 1425 expers
3422 1352 3663 1408 materia:

2087 1458 2143 1506 et
2180 1451 2512 1520 incorporea
2552 1449 2800 1520 quadam
2845 1449 2939 1514 sit,
2974 1463 3095 1517 qua:
3128 1447 3196 1501 ad
3222 1462 3376 1500 suam
3410 1454 3664 1501 naturam

2087 1538 2499 1595 accommodate
2544 1547 2599 1592 et
2638 1544 2889 1607 operetur
2940 1544 2996 1590 et
3029 1542 3338 1599 moveatur,
3372 1544 3427 1588 et
3458 1548 3555 1604 per
3580 1534 3663 1599 in-

2089 1635 2395 1682 strumenta
2452 1623 2774 1695 corporalia
2840 1637 2973 1679 suas
3046 1622 3320 1678 motiones
3386 1622 3657 1677 ostendat.

407 1742 498 1779 ται
519 1724 577 1780 δὲ
600 1725 722 1779 τότε
750 1725 878 1780 ὅταν
903 1725 938 1796 ἦ
958 1742 1019 1779 τε
1051 1723 1162 1797 (60)
1182 1723 1432 1795 αἴσθησις
1449 1723 1507 1780 ἒν
1525 1728 1638 1790 τοῖς
1656 1726 1908 1797 ὀργάνοις
1925 1720 1983 1797 ᾖ,

2091 1718 2587 1774 lnstrumentorum
2620 1716 2767 1772 enim
2795 1714 3044 1785 corporis
3093 1712 3210 1768 lucc
3240 1714 3471 1784 digestio
3498 1725 3661 1785 atque

411 1813 509 1867 καὶ
546 1812 636 1867 διά
670 1812 771 1884 τῆς
809 1812 1114 1885 αἰσθήσεως
1146 1816 1178 1887 ή
1218 1815 1384 1886 νοητὴ
1422 1813 1650 1887 δύναμις
1687 1814 1851 1888 διήκῃ
1874 1814 1983 1886 (61)

411 1904 535 1966 ταῖς
583 1900 741 1965 ἰδίαίς
784 1901 984 1973 ὁρμαῖς
1035 1902 1365 1973 συγκινοῦσα
1398 1903 1535 1974 πρὸς
1574 1903 1635 1957 τὸ
1670 1901 1864 1957 δοκοῦν
1915 1901 1986 1955 τὰ

410 1988 677 2064 ὀργανικά
702 1992 1051 2065 αισθητήρια,
1066 1987 1200 2044 -Γ,
1218 1985 1730 2061 Τίοῦν,εῐπον,ὲστὶν
1745 1998 1779 2068 ἡ
1802 1995 1980 2066 ψυχής

411 2083 462 2136 εἰ
483 2080 709 2137 δυνατὸν
736 2080 879 2153 λόγῳ
903 2081 1011 2137 τινὶ
1040 2082 1141 2154 τὴν
1174 2080 1336 2152 φύσιν
1364 2082 1748 2153 ὑπογραφῆναι
1767 2124 1784 2150 ,
1817 2084 1894 2148 ὡς
1918 2084 1984 2139 ἄν

410 2190 497 2238 τις
521 2173 732 2243 γένοιτο
762 2175 898 2245 ἡμῖν
924 2173 1018 2229 τοῦ
1039 2173 1397 2246 ὑποκειμένου
1419 2172 1509 2228 διά
1540 2173 1641 2246 τῆς
1660 2174 1985 2246 ὑπογραφῆς

412 2260 766 2333 κατανόησις.
784 2265 892 2322 Καὶ
905 2265 940 2335 ή
955 2258 1635 2325 διδάσκαλος,-Μ.”Αλλοι
1655 2260 1755 2332 μὲν
1786 2260 1981 2339 ἀλλως,

413 2352 578 2423 φησί,
623 2353 717 2408 τὸν
750 2351 877 2424 περὶ
920 2351 1090 2423 αὐτῆς
1129 2353 1479 2423 ἀπεφήναντο
1516 2350 1698 2420 λόγον,
1746 2350 1890 2405 κατά
1923 2350 1984 2404 τὸ

410 2443 600 2499 δοκοῦν
623 2443 850 2509 ίκαστος
879 2444 1203 2516 ὁριζόμενοι,
1228 2446 1261 2516 ή
1293 2444 1350 2497 δὲ
1383 2443 1626 2517 ἡμετέρα
1660 2441 1788 2514 περὶ
1813 2441 1986 2512 αὐτῆς

410 2535 537 2603 δόξα
577 2536 749 2603 οὕτως
793 2536 940 2608 ἔχει’
984 2536 1145 2607 Ψυχή
1198 2537 1346 2589 ἔστιν
1384 2535 1540 2589 οὐσία
1565 2532 1800 2605 γεννητὴ
1849 2531 1985 2603 (6‘2),

411 2629 569 2684 οὐσία
593 2626 764 2695 ζῶσα,
791 2627 974 2700 νοερὰ,
998 2626 1207 2699 σώματι
1231 2626 1507 2698 ὀργανικῷ
1537 2626 1633 2680 καὶ
1661 2622 1984 2696 αἰσθητικῷ,

411 2720 638 2792 δύναμιν
670 2718 904 2791 ζωτικὴν
932 2719 1027 2772 κα)⁵
1051 2715 1160 2774 τῶν
1190 2717 1466 2790 αἰσθητῶν
1494 2715 1892 2787 ἀντιληπτικὴν
1917 2714 1986 2769 δι’

412 2810 612 2881 εαυτῆς
635 2810 851 2864 ἐνιοῦσα
885 2809 1020 2880 (65),
1054 2808 1157 2873 ἕως
1184 2807 1251 2863 ἂν
1288 2810 1323 2880 ή
1348 2805 1572 2879 δεκτικὴ
1625 2805 1830 2860 τούτων
1863 2821 1990 2859 συν-

412 2902 608 2974 έστηκε
640 2902 750 2974 (66)
781 2900 1091 2971 φύσις.Καί
1127 2900 1245 2972 ἅμα
1279 2899 1452 2954 ταῦτα
1483 2899 1719 2969 λέγουσα
1749 2897 1989 2953 δείκνυσι

411 2994 475 3064 τῇ
508 2992 652 3064 χειρὶ
697 2991 787 3046 τὸν
819 2991 1000 3063 ἰατρὸν
1036 2990 1129 3044 τὸν
1162 2989 1259 3043 ἐπὶ
1298 2988 1561 3061 θεραπείᾳ
1598 2990 1692 3042 τοῦ
1740 2988 1989 3059 σώματος

412 3084 548 3155 αὐτῇ
593 3081 1041 3154 προσκαθήμενοι)
1062 3120 1077 3147 ,
1110 3081 1204 3134 καί
1247 3097 1434 3152 φησιν·
1488 3080 1684 3149 Ἐγγὺς
1717 3081 1851 3150 ήμῖν
1881 3077 1988 3131 τῶν

412 3173 716 3245 εἰρημένων
756 3176 789 3244 ή
827 3172 1121 3246 μαρτυρία.
1164 3170 1291 3235 Πῶς
1322 3170 1450 3242 γάρ,
1482 3166 1635 3224 εἶπεν
1669 3169 1805 3237 (65),
1837 3163 1992 3231 οὗτος

411 3264 686 3320 ἐπιϐαλὼν
707 3267 776 3335 τῇ
799 3263 1038 3337 ἀρτηρίᾳ
1055 3265 1156 3334 τὴν
1179 3260 1587 3317 τῶν-δακτύλων
1609 3261 1773 3331 ἁφὴν,
1800 3259 1990 3315 ἀκούει

409 3356 610 3428 τρόπον
638 3356 763 3409 τινά
796 3355 886 3410 διά
906 3356 1006 3426 τῆς
1042 3354 1282 3424 ἀπτικῆς
1315 3352 1618 3425 αἰσθήσεως
1647 3352 1748 3423 τῆς
1768 3352 1991 3424 ,φύσεως

412 3448 548 3520 πρὸς
572 3447 734 3502 αὑτὸν
763 3445 996 3518 βοώσης,
1031 3445 1126 3499 καὶ
1152 3445 1221 3499 τά
1256 3445 1364 3499 ῐδια
1401 3444 1551 3517 πάθη
1582 3444 1947 3516 διηγουμένης
1970 3484 1985 3510 ,

410 3540 493 3593 δτι
524 3539 583 3591 ἐν
619 3537 864 3592 ὲπιτάσει
907 3535 1024 3589 ἐστὶ
1048 3535 1126 3608 τῷ
1160 3534 1375 3607 σώματι
1399 3535 1462 3589 τὸ
1502 3534 1862 3608 ἀρρώστημα,
1895 3537 1991 3590 καί

410 3630 519 3684 ἀπὸ
561 3628 727 3683 τῶνδε
760 3627 870 3682 τῶν
913 3626 1237 3698 σπλάγχνων
1276 3628 1310 3698 ή
1363 3625 1520 3691 νόσος
1558 3626 1815 3700 ὥρμηται
1841 3666 1857 3693 ,
1895 3628 1989 3682 καὶ

412 3720 508 3773 ἐπὶ
556 3718 768 3777 τοσόά
809 3717 1128 3789 παρατείνει
1177 3715 1273 3771 τοῦ
1322 3716 1570 3789 φλογμοῦ
1616 3719 1651 3789 ή
1700 3718 1986 3785 ὲπίτασις;

416 3810 735 3865 Διδάσκεται
761 3810 817 3863 δὲ
848 3809 942 3864 καὶ
974 3810 1079 3864 ὑπὸ
1104 3808 1199 3863 τοῦ
1232 3809 1514 3881 ὀφθαλμοῦ
1546 3809 1684 3865 ἀλλα
1720 3808 1945 3864 τοιαῦτα
1971 3853 1987 3878 ,

419 3900 558 3969 πρός
577 3916 638 3953 τε
658 3899 719 3953 τδ
736 3900 914 3971 σχῆμα
941 3898 1041 3970 τῆς
1068 3897 1439 3963 κατακλίσεως
1461 3898 1696 3969 βλέπων,
1729 3900 1825 3954 καὶ
1854 3901 1991 3973 πρὸς

416 3989 519 4062 τήν
548 3989 658 4043 τῶν
689 3988 902 4063 σαρκῶν
938 3988 1221 4062 τηκεδόνα.
1258 3990 1370 4045 Καὶ
1398 3991 1475 4055 ὡς
1508 3992 1863 4064 ἐπισημαίνει
1891 3994 1989 4067 τὴν

411 4083 563 4138 ἔνδον
592 4082 852 4147 διάθεσιν,
882 4082 944 4137 τό
980 4099 1040 4137 τε
1084 4077 1223 4147 εἰδος
1250 4081 1345 4138 τοῦ
1379 4082 1700 4155 χρώματος,
1738 4083 1991 4158 ὕπωχρόν

386 4166 471 4228 ’τε
511 4173 572 4227 δν
617 4173 713 4227 καὶ
754 4171 1013 4244 χολῶδες,
1045 4174 1141 4226 καὶ
1175 4175 1209 4246 ή
1243 4173 1354 4228 τῶν
1391 4174 1654 4246 ὀμμάτων
1700 4175 1828 4248 βολὴ
1862 4179 1991 4249 περὶ

410 4266 518 4322 τῶν
547 4265 862 4321 λυπούντων
893 4266 1007 4336 (66)
1051 4268 1148 4322 κα)⁸
1174 4266 1407 4337 ἀλγύνον
1450 4269 1773 4340 αὐτομάτως
1800 4271 1988 4341 ἐγκλι-

411 4359 630 4431 νομένη.
686 4358 961 4423 Ὡσαύτως
995 4360 1052 4414 δὲ
1094 4359 1188 4414 καὶ
1241 4361 1275 4432 ή
1309 4360 1446 4432 ἀκοὴ
1483 4360 1593 4431 (ετ)
1637 4361 1746 4416 τῶν
1786 4364 1988 4435 ὁμοίων
2021 4342 2064 4397 ο

410 4448 728 4514 διδάσκαλος
751 4449 963 4519 γίνεται
982 4489 999 4515 ,
1026 4448 1104 4521 τῷ
1126 4449 1183 4504 δὲ
1208 4449 1320 4520 (68)
1350 4451 1542 4524 πυκνῷ
1566 4452 1659 4507 τοῦ
1687 4452 1984 4527 ἄσθματος,

410 4540 504 4595 καὶ
528 4540 607 4612 τῷ
639 4541 1065 4613 συνεκδιδομένῳ
1101 4541 1241 4612 μετά
1264 4542 1363 4613 τῆς
1389 4544 1665 4616 ἀναπνοῆς
1698 4548 1987 4621 στεναγμῷ

408 4631 471 4686 τὺ
509 4632 685 4697 πάθος
722 4632 1183 4702 ὲπιγινώσκουσα.
1232 4635 1389 4688 Εἴποι
1428 4635 1473 4689 δ’
1505 4634 1569 4690 ἄν
1602 4654 1687 4702 τις
1724 4638 1863 4711 μηδὲ
1889 4641 1989 4712 τὴν

408 4723 676 4797 δσφρησιν
715 4724 812 4778 τοῦ
855 4727 1220 4797 ἐπιστήμονος
1254 4726 1655 4783 ἀνεπίσκεπτον
1701 4726 1842 4785 εἶναι
1891 4732 1989 4787 τοῦ

407 4815 636 4881 πάθους,
665 4817 804 4872 ἀλλά
835 4817 924 4872 διὰ
959 4818 1059 4890 τῆς
1088 4820 1247 4883 ποιᾶς
1277 4818 1373 4873 τοῦ
1410 4819 1688 4892 ἄσθματος
1729 4823 1990 4896 ἰδιότητος

407 4907 791 4977 ὲπιγινώσκειν
817 4910 879 4962 τὸ
907 4909 1355 4982 ἐγκεκρυμμένον
1383 4914 1497 4976 τοῖς
1539 4912 1868 4987 σπλάγχνοις
1890 4917 1992 4990 ἀρ-

642 5042 915 5121 Ἁρμονίᾳ
938 5051 1045 5121 et_c.
1072 5043 1379 5121 ἐναρμονίῳ
1402 5046 1575 5121 ταύτῃ
1602 5048 1982 5121 διακοσμήσει.

476 5113 593 5183 (δι)
634 5111 936 5183 Μάλιστα.
970 5113 1013 5166 Β
1045 5111 1210 5183 μάλα.

502 5182 593 5253 55)
632 5185 703 5237 Εἰ
735 5181 856 5237 κᾶν
883 5185 944 5252 ἠ.
981 5184 1027 5238 Δ
1048 5181 1098 5235 Β
1123 5185 1306 5253 ἰκανή.

501 5253 593 5319 56)
635 5254 861 5319 Ἀῦλός
889 5270 999 5320 τις.
1031 5254 1077 5307 Α
1105 5254 1148 5306 Β
1169 5254 1329 5317 ἀῦλός
1355 5256 1439 5318 τίς
1462 5258 1599 5313 tm.

499 5322 591 5399 ξ’ί)
640 5323 1030 5399 ξενεργοῦσα.
1064 5324 1107 5377 Β
1139 5326 1527 5399 ἐνεργουμένη.

498 5393 590 5471 ἓξ)
639 5393 1292 5471 ᾏπρνεκρωένξωγηλ
1323 5393 1839 5471 ἀποναρκωθέντων.

500 5463 590 5535 59)
639 5464 957 5535 ᾎκίνητος.
992 5466 1038 5518 Α
1073 5465 1114 5517 Β
1135 5465 1392 5535 ἀκίνητός
1414 5484 1493 5523 τε.

499 5532 592 5608 66)
633 5533 809 5608 ’ξοεαν
838 5535 1061 5608 ἥγτεηΒ
1082 5535 1159 5588 ὅτ’
1190 5534 1257 5590 ἂν
1283 5532 1316 5608 ή
1348 5552 1427 5592 τε.

498 5601 592 5677 (ξε)
629 5604 829 5677 galla.
861 5601 902 5659 Ἀ
934 5603 1211 5677 διήκηται.

500 5670 593 5745 δί)
630 5670 918 5751 Γεκνίὴτή.
952 5676 995 5730 Β
1009 5670 1244 5747 ’γενηύήο

571 5324 591 5531 ξ

473 5391 499 5742 Ξ

2088 1818 2383 1882 apparatus
2405 1817 2491 1865 est
2520 1808 2741 1879 quidem
2757 1805 3121 1861 nihilominus
3152 1806 3209 1859 in
3237 1813 3413 1861 morte
3443 1821 3656 1875 perem-

2087 1903 2196 1972 ptis
2242 1909 2296 1957 et
2322 1899 2630 1964 exstinctis,
2653 1897 2749 1953 sed
2780 1898 2925 1968 quod
2947 1896 3144 1951 animae
3160 1896 3241 1951 vis
3259 1898 3313 1950 in
3330 1910 3394 1951 ea
3424 1911 3533 1953 non
3564 1895 3658 1959 sit,

2085 2008 2284 2064 expers
2313 2000 2498 2048 manet
2517 1994 2571 2048 εἰ
2590 1988 2848 2045 motionis
2864 1995 2918 2043 et
2938 1986 3192 2043 actionis.
3211 1985 3459 2042 Movetur
3477 1994 3658 2043 autem

2087 2091 2243 2151 tunc,
2287 2100 2411 2140 cum
2453 2091 2508 2139 et
2538 2096 2738 2139 sensus
2771 2080 3128 2137 instrumenti
3174 2088 3279 2145 est,
3322 2087 3376 2135 et
3409 2095 3506 2149 per
3536 2093 3663 2134 sen-

2086 2192 2208 2231 sum
2254 2174 2597 2247 intelligendi
2635 2174 2720 2231 vis
2750 2182 2917 2246 atque
2945 2171 3187 2228 facultas
3222 2172 3463 2242 pertinet
3492 2176 3661 2239 atque

2088 2269 2338 2341 pervadit
2367 2258 2475 2324 una
2502 2283 2629 2324 cum
2661 2267 2779 2324 suis
2812 2264 3101 2323 conatibus
3131 2270 3186 2319 et
3233 2261 3663 2333 appetitionibus

2087 2376 2197 2431 quo
2238 2360 2414 2416 visum
2452 2360 2636 2422 fuerit.
2678 2360 2842 2416 simul
2887 2373 3114 2414 movens
3158 2369 3420 2412 sensuum
3455 2353 3663 2408 instru-

2089 2457 2290 2507 menta.
2312 2439 3386 2511 —G.Quidigitur,inquannestanima9
3431 2444 3478 2499 si
3521 2443 3663 2499 forte

2087 2549 2269 2613 potest
2300 2540 2484 2610 aliqua
2525 2540 2739 2593 ratione
2784 2547 2981 2592 natura
3027 2537 3150 2607 ejus
3185 2534 3465 2605 designari
3498 2544 3664 2604 atque

2090 2633 2348 2700 describi,
2410 2644 2470 2689 ut
2520 2649 2586 2689 ex
2649 2631 2771 2703 ipsa
2811 2629 3186 2687 delineatione
3231 2637 3400 2698 atque
3454 2626 3664 2681 descri-

2092 2725 2279 2798 ptione
2327 2725 2515 2795 aliquo
2556 2724 2717 2778 modo
2755 2722 2901 2792 quod
2940 2719 3287 2793 propositum
3337 2726 3443 2780 est,
3486 2715 3665 2770 anim-

2091 2815 2411 2872 advertatur
2475 2808 3151 2884 etc0gnoscatur.—M.Et
3197 2808 3459 2879 magistra
3487 2845 3502 2871 ,
3559 2803 3666 2860 Alii

2092 2906 2314 2978 quidem
2368 2905 2553 2969 aliter,
2605 2899 2820 2972 inquit,‘
2859 2900 3131 2956 rationem
3179 2899 3302 2969 ejus
3350 2897 3662 2959 ediderunt,

2094 3006 2259 3066 prout
2299 2997 2506 3067 cuique
2555 2994 2859 3059 videretur,
2906 2991 3271 3049 deﬁnientes:
3302 2997 3494 3046 nostra
3536 3002 3667 3044 vero

2092 3086 2163 3143 de
2216 3101 2280 3143 ea
2332 3086 2609 3143 sententia
2663 3084 2791 3142 talis
2835 3091 2924 3142 est
2980 3101 2995 3138 :
3043 3081 3245 3138 Anima
3295 3088 3380 3137 est
3426 3078 3667 3135 essentia

2090 3184 2372 3247 generata,
2410 3176 2655 3233 essentia
2690 3177 2906 3240 vivens,
2944 3172 3354 3235 intellectualis,
3386 3170 3668 3242 corporeis

2091 3281 2351 3322 sensuum
2396 3265 2777 3323 instrumentis
2829 3263 3068 3327 vivendi,
3104 3270 3269 3335 atque
3310 3276 3375 3316 ea
3420 3276 3543 3333 qua:
3573 3274 3667 3315 ca-

2092 3357 2231 3413 dunt
2279 3357 2385 3415 sub
2441 3372 2640 3413 sensus
2696 3356 3034 3428 percipiendi
3078 3354 3400 3409 facultatem
3454 3369 3521 3409 ac
3554 3355 3665 3407 vim

2092 3462 2188 3519 per
2232 3462 2353 3504 sese
2390 3461 2692 3519 suggerens
2738 3451 2795 3501 et
2841 3444 3167 3508 immittens,
3211 3441 3458 3513 quandin
3492 3454 3665 3511 capax

2091 3552 2282 3595 earum
2323 3553 2509 3593 rerum
2549 3544 2747 3592 natura
2787 3543 3051 3592 constare
3093 3536 3367 3592 videatur.
3402 3532 3470 3587 Et
3503 3532 3671 3587 simul

2092 3627 2210 3684 haec
2266 3626 2482 3691 dicens,
2539 3626 2836 3691 medicum,
2895 3628 2989 3698 qui
3038 3626 3088 3682 ei
3141 3624 3373 3683 curandi
3418 3625 3671 3694 corporis

2091 3734 2258 3776 causa
2300 3718 2599 3785 assidebat,
2656 3734 2823 3774 manu
2878 3718 3149 3785 ostendit,
3197 3725 3254 3775 et
3300 3717 3415 3772 ait:
3463 3714 3673 3771 Prmsto

2094 3812 2259 3869 nobis
2290 3820 2376 3869 est
2396 3826 2586 3868 eorum
2608 3827 2732 3882 qua:
2759 3810 2909 3866 dicta
2937 3819 3067 3866 sunt
3095 3807 3498 3866 testimonium.
3526 3806 3674 3873 Quo-

2090 3919 2221 3961 nam
2262 3904 2409 3961 enim
2454 3903 2643 3973 modo,
2676 3904 2878 3973 inquit,
2919 3903 3010 3959 hic
3064 3910 3215 3957 tactu
3268 3902 3563 3972 digitorum
3602 3899 3671 3954 ad

2091 3996 2349 4053 arteriam
2393 3996 2663 4063 adhibito,
2712 4011 2809 4067 per
2847 3996 3109 4067 tangendi
3137 4010 3362 4052 sensum
3399 3993 3673 4065 quodam-

2090 4087 2254 4143 modo
2284 4088 2438 4143 audit
2472 4086 2543 4144 ad
2564 4087 2748 4160 ipsum
2772 4089 3099 4144 clamantem
3129 4095 3408 4151 naturam,
3433 4099 3673 4155 suasque

2090 4180 2408 4239 aﬂ'ectiones
2462 4188 2518 4237 et
2561 4182 2920 4253 aegritudines
2986 4190 3363 4242 enarrantem,
3420 4177 3566 4247 quod
3619 4177 3671 4230 in

2094 4274 2436 4330 incremento
2464 4272 2727 4329 nimirum
2772 4279 2830 4328 et
2877 4271 2933 4327 in
2966 4271 3274 4327 intentione
3304 4270 3555 4340 corporis
3591 4268 3676 4321 in-

2095 4367 2325 4423 ﬁrmitas
2369 4366 2465 4429 sit,
2504 4372 2559 4422 et
2590 4365 2660 4421 ab
2712 4363 2804 4419 his
2846 4361 3157 4419 visceribus
3191 4361 3417 4416 morbus
3449 4369 3674 4415 exortus

2094 4460 2188 4526 sit,
2243 4468 2298 4515 et
2349 4457 2541 4513 tandiu
2573 4463 2903 4529 prorogetur
2946 4469 3013 4510 ac
3062 4454 3224 4510 duret
3253 4451 3469 4507 ardoris
3513 4451 3675 4506 vehe-

2093 4551 2334 4609 mentia?
2387 4550 2568 4621 Atque
2609 4550 2720 4604 alia
2759 4563 2981 4621 quoque
3013 4546 3144 4602 talia
3174 4544 3337 4602 discit
3378 4544 3449 4600 ab
3488 4544 3671 4607 oculo,

2091 4642 2219 4698 dum
2260 4642 2348 4699 vel
2382 4642 2451 4697 ad
2509 4641 2742 4713 ﬁguram
2771 4650 2832 4698 et
2869 4640 3115 4696 habitum
3148 4638 3551 4698 decumbentis,
3589 4635 3675 4690 vel

2091 4734 2160 4791 ad
2199 4735 2452 4791 carnium
2479 4734 2660 4791 tabem
2689 4742 2853 4804 atque
2877 4732 3275 4804 collapsionem
3322 4729 3574 4800 respicit.
3602 4727 3667 4782 Et

2092 4825 2553 4898 quemadmodum
2603 4831 2660 4881 et
2715 4823 2928 4896 species
2985 4822 3191 4878 coloris
3239 4822 3325 4877 vel
3378 4820 3672 4892 snbpallidi

2092 4919 2176 4976 vel
2216 4918 2421 4984 biliosi,
2472 4925 2528 4973 et
2556 4917 2847 4974 oculorum
2896 4916 3039 4975 ictus
3071 4916 3139 4972 ad
3181 4915 3430 4973 habitum
3468 4914 3673 4971 doloris

2166 5051 2279 5119 (63)
2330 5050 2631 5106 Ἐνιοῦσα.
2666 5051 2712 5104 Δ
2740 5050 2782 5102 Β
2813 5049 3033 5104 ἐνιεῖσα.

2165 5115 2278 5193 (64)
2316 5119 2686 5190 Συνέστηκε.
2718 5122 2766 5175 Α
2806 5119 2862 5175 in
2892 5118 3137 5191 margine
3165 5118 3526 5187 συνεστηκυῖα
3558 5115 3675 5185 φαί-

2092 5208 2275 5330 νοῗίίοέ)
2315 5260 2449 5327 Πῶς
2488 5259 2598 5330 γὰρ
2642 5254 2833 5330 εἶπεν.
2882 5256 2937 5313 In
2982 5259 3132 5330 calce
3178 5256 3386 5330 codicis
3434 5257 3474 5330 _A
3533 5255 3674 5311 hanc

2090 5325 2276 5401 notam
2310 5325 2597 5401 invenies:
2628 5329 2941 5401 Σημείωσαι
2986 5328 3135 5393 ὅπως
3179 5325 3361 5398 ἰατρὸν
3402 5326 3483 5390 εἰς
3531 5342 3671 5398 μαρ-

2088 5400 2282 5470 τυρίαν
2314 5399 2488 5478 καλεῖ.
2694 5399 2720 5401 ”
3401 5464 3427 5476 _

2100 5468 2839 5560 ,Αἵ-λυπούντων,
2859 5475 2965 5524 etc.
2999 5467 3045 5521 Α
3079 5465 3123 5522 Β
3147 5465 3211 5522 τὸ
3257 5464 3462 5521 λυπουν
3492 5482 3554 5522 τε
3579 5464 3676 5522 καὶ

2089 5539 2353 5610 ἀλγεινόν.
2452 5553 2459 5560 -
2900 5595 2906 5601 ,

2170 5611 2283 5680 (67)
2333 5609 2406 5666 Ἦ
2432 5606 2606 5680 dwl-
2644 5607 2746 5680 1Ξὴ
2778 5607 2893 5680 βοή·

2164 5677 2276 5754 (68)
2322 5680 2404 5747 Τῷ
2434 5678 2518 5734 δέ.
2554 5680 2594 5733 Β
2622 5677 2702 5750 τῷ
2722 5677 2802 5733 τε.
