3990 6202
366 259 447 316 55
1450 253 1537 307 DE
1576 253 1791 309 ANIMA
1843 252 1934 308 ET
1979 252 2582 310 RESURRECTIONE.
3564 263 3640 322 84

372 375 583 451 ρῶσθαι
607 374 780 443 φωτὸς
820 374 937 446 (91)
966 374 1028 428 τὸ
1052 376 1319 444 στοιχεῖον
1342 389 1354 403 °
1388 376 1447 427 οὐ
1477 375 1585 445 γὰρ
1620 375 1771 446 μένει
1798 377 1857 430 ἐν
1882 374 1950 447 τῷ

2064 391 2224 432 suum
2274 375 2531 430 conﬁciat
2580 389 2828 439 cursum,
2868 377 2984 447 ipsa
3030 392 3191 433 suum
3230 377 3467 448 ampiius
3504 381 3641 435 duo-

369 463 569 533 πυκνῷ
617 461 719 532 τῆς
776 463 1029 534 περιόδου
1078 462 1344 533 διηνεκῶς
1391 464 1803 535 ἀντιπρόσωπος
1849 464 1963 535 (92)

371 553 545 619 θέσις,
567 554 711 607 ἅπαν
737 554 797 606 τὺ
829 554 968 625 πρὸς
991 554 1140 625 ήμᾶς
1170 554 1270 624 τῆς
1297 553 1525 625 σελήνης
1550 554 1718 626 μέρος
1746 555 1836 610 διὰ
1856 556 1964 610 τῶν

370 644 614 715 ἡλιακῶν
672 644 914 698 ἀκτίνων
964 643 1381 714 πεφωτισμένον
1437 645 1733 715 ἐποίησεν,
1790 646 1964 711 οὓτως

372 737 501 791 ὅταν
557 735 654 787 ἐπὶ
690 737 760 789 τὰ
790 735 1000 804 πλάγια
1029 735 1237 803 γίνεται
1275 735 1386 807 (93)
1426 735 1521 791 τοῦ
1552 738 1704 807 ἡλίου
1749 737 1844 791 τοῦ
1870 736 1963 792 ’ἀεὶ

374 830 492 883 κατ’
521 829 684 883 αὐτὸν
724 829 1013 899 γινομένου
1048 828 1160 898 (9ί)
1195 830 1293 899 τῆς
1328 829 1564 899 σελήνης
1595 832 1958 902 ἡμισφαιρίου

372 916 876 986 διαλαμϐανομένου
907 918 971 986 τῇ
1002 915 1096 969 τοῦ
1145 916 1259 987 (95)
1293 917 1526 971 ἀκτίνων
1570 919 1829 992 περιϐολῇ
1856 959 1871 985 ,
1899 920 1962 975 τὸ

375 1004 511 1074 πρὸς
535 1005 681 1074 ἡμᾶς
708 1005 829 1057 κατ’
852 1005 1101 1075 ἀνάγκην
1128 1006 1542 1072 ἀνποσκιάζεται,
1571 1008 1958 1079 ἀντιμεθιστα·

375 1095 545 1165 μένης
576 1096 675 1166 τῆς
710 1095 1055 1167 λαμπηδόνος
1088 1095 1197 1149 ἀπὸ
1232 1096 1328 1150 τοῦ
1369 1097 1444 1168 μὴ
1486 1098 1785 1170 δυναμένου
1824 1099 1960 1171 πρὸς

372 1185 463 1237 τὸν
490 1186 641 1255 ἥλιον
671 1185 891 1256 βλέπειν
923 1186 1125 1258 μέρους
1147 1188 1240 1240 ἐπὶ
1269 1188 1361 1241 τὸν
1387 1188 1497 1259 (96)
1528 1190 1618 1244 ἀεὶ
1646 1191 1769 1244 κατ’
1809 1193 1959 1245 ἐκεῖ·

374 1293 463 1329 νον
485 1276 787 1347 γινόμενον,
822 1277 929 1341 ἓως
955 1277 1020 1331 ἂν
1050 1278 1299 1333 ὑποϐἇσα
1341 1281 1453 1348 (97)
1481 1280 1598 1335 κατ’
1629 1281 1843 1336 εὐθεῖαν
1865 1283 1957 1338 τὸν

372 1366 594 1436 ἡλιακὸν
620 1367 819 1422 κύκλον
848 1369 990 1423 κατά
1019 1367 1188 1423 νώτου
1232 1372 1330 1441 τὴν
1368 1372 1562 1426 ἀκτῖνα
1585 1373 1824 1445 δέξηται,
1861 1376 1958 1428 καὶ

371 1456 514 1510 οὕτω
544 1458 639 1511 τοῦ
667 1459 874 1514 ἄνωθεν
902 1462 1263 1532 ἡμισφαιρίου
1292 1464 1765 1536 περιλαμφθέντος
1789 1467 1956 1538 ἀόρα-

370 1567 464 1603 τον
492 1553 635 1603 ποιεῖ
652 1552 716 1604 τὸ
755 1551 890 1621 πρὸς
916 1553 1062 1623 ἡμᾶς
1101 1554 1286 1625 μέρος,
1314 1556 1375 1608 τὸ
1401 1552 1538 1609 εἶναι
1571 1556 1682 1627 (98)
1725 1557 1954 1613 καθόλου

370 1646 435 1713 τῇ
468 1643 573 1713 ἰδία
599 1644 757 1712 φύσει
790 1646 1025 1713 ἀφεγγὲς
1052 1648 1146 1700 καὶ
1180 1647 1483 1717 ἀφώτιστον
1504 1667 1518 1681 ⁸
1557 1651 1692 1722 ὅπερ
1722 1651 1786 1723 δὴ
1816 1671 1954 1708 παν·

2069 466 2253 521 decies
2279 466 2519 537 complet
2546 467 2756 522 orbem.
2793 467 3160 534 Quamobrem
3189 469 3411 536 accidit,
3430 480 3492 525 ut
3532 487 3643 528 non

2067 569 2285 625 semper
2330 554 2667 609 elementum
2700 556 2843 611 lunae
2875 557 3094 626 plenum
3126 556 3354 614 luminis
3378 559 3481 626 sit;
3514 575 3641 616 nam

2062 660 2188 714 qua:
2229 659 2394 699 suum
2440 659 2665 701 cursum
2714 646 2915 718 exiguo
2965 648 3230 719 temporis
3284 651 3461 718 spatio
3502 667 3645 722 sape

2063 735 2323 797 conﬁcit,
2373 735 2570 791 crebro
2613 735 2851 791 circuitu
2899 737 2978 803 ei,
3036 738 3126 807 qui
3188 739 3351 810 longo
3383 744 3644 811 temporis

2063 825 2354 879 intervallo
2376 840 2537 880 suum
2558 824 2742 880 orbem
2762 824 2981 893 lustrat,
3005 825 3233 882 adversa
3252 837 3515 898 perpetuo
3532 843 3641 882 non

2061 923 2267 973 manet.
2282 915 2376 971 sed
2392 914 2849 985 quemadmodum
2863 916 3076 972 directo
3104 918 3206 972 soli
3225 920 3488 975 adversus
3505 920 3643 975 lunae

2060 1009 2200 1063 situs
2217 1006 2376 1063 ellicit
2391 1015 2450 1062 ut
2462 1006 2640 1062 omnis
2656 1007 2802 1064 illius
2820 1023 2884 1064 ea
2906 1023 3056 1079 pars,
3070 1024 3190 1080 qua;
3204 1010 3273 1065 ad
3291 1026 3393 1067 nos
3409 1020 3641 1081 spectat,

2059 1113 2090 1152 a
2121 1098 2291 1153 radiis
2313 1099 2448 1153 solis
2474 1098 2658 1152 lumen
2684 1100 2919 1170 accipiat
2956 1109 3120 1171 atque
3149 1102 3539 1157 collustretur:
3566 1105 3641 1159 ita

2058 1190 2149 1243 ubi
2171 1205 2236 1244 ex
2258 1198 2571 1244 transverso
2587 1190 2690 1245 soli
2708 1189 2874 1245 fuerit
2892 1193 3165 1262 opposita,
3185 1194 3443 1263 quoniam
3473 1210 3535 1250 ea
3556 1196 3637 1250 di-

2058 1280 2222 1333 midia
2241 1279 2385 1349 globi
2417 1279 2625 1336 lunaris
2652 1294 2800 1350 pars,
2822 1296 2943 1351 quae
2963 1298 3180 1353 semper
3207 1284 3310 1355 ipsi
3336 1286 3440 1340 soli
3465 1300 3638 1357 oppo-

2055 1374 2160 1425 sita
2179 1382 2263 1426 est
2278 1370 2529 1442 amplexu
2543 1357 2821 1427 radiorum
2847 1374 3146 1443 intercepta
3164 1375 3394 1430 collucet
3412 1394 3429 1444 ;
3445 1379 3637 1440 altera,

2054 1477 2177 1532 quae
2204 1461 2273 1516 ad
2326 1476 2429 1517 nos
2455 1464 2708 1531 pertinet,
2745 1464 2935 1517 umbra
2965 1466 3282 1521 necessario
3321 1467 3637 1534 obducitur,

2054 1562 2376 1607 transeunte
2393 1552 2646 1606 nimirum
2670 1551 2963 1621 splendore
2985 1554 3053 1608 ab
3068 1568 3131 1609 ea
3157 1563 3313 1625 parte
3334 1558 3636 1626 quaesolem

2054 1645 2307 1714 aspicere
2328 1658 2439 1698 non
2457 1650 2656 1714 potest,
2676 1643 2751 1699 ad
2767 1643 2912 1699 illam
2942 1654 3151 1714 partem
3173 1663 3294 1718 qua:
3324 1663 3543 1718 semper
3559 1649 3637 1703 illi

367 1733 531 1803 τελὴς
563 1734 657 1787 τοῦ
689 1736 948 1805 στοιχείου
988 1737 1214 1807 μείωσις
1243 1739 1475 1809 λέγεται.
1516 1742 1579 1795 El
1605 1743 1663 1795 δὲ
1703 1743 1946 1818 παρέλθῃ

2055 1742 2139 1791 est
2155 1735 2407 1798 adversa,
2422 1734 2597 1789 donec
2615 1733 2824 1789 directo
2842 1736 3068 1791 subiens
3083 1737 3270 1792 orbem
3292 1739 3467 1794 sollsa
3488 1751 3639 1811 tergo

372 1826 539 1879 πάλιν
569 1827 661 1879 τὸν
689 1826 838 1897 ἥλιον
866 1828 1005 1881 κατὰ
1042 1829 1142 1900 τὴν
1176 1830 1315 1884 ίδίαν
1348 1831 1444 1885 τοῦ
1471 1833 1675 1905 δρόμου
1707 1834 1944 1906 κίνησιν,

374 1917 472 1969 καὶ
512 1917 577 1969 ἐκ
619 1915 848 1985 πλαγίου
887 1918 1098 1985 γένοιτο
1135 1923 1202 1992 τῇ
1255 1922 1467 1988 ἀκτῖνι,
1513 1924 1576 1978 τὸ
1622 1925 1726 1997 πρὸ
1768 1926 1950 1995 ὀλίγου

371 2007 623 2077 ἀλαμπὲς
652 2007 998 2079 ὑπολάμπειν
1026 2008 1252 2082 ἄρχεται
1286 2011 1396 2083 (99)
1427 2050 1442 2075 ,
1465 2014 1564 2083 τῆς
1591 2014 1815 2077 ἀκτῖνος
1842 2014 1951 2067 ἀπὸ

373 2097 469 2151 τοῦ
486 2099 893 2169 πεφωτισμένου
918 2100 1051 2172 πρὸς
1072 2101 1135 2154 τὸ
1157 2101 1294 2166 τέως
1313 2102 1517 2171 ἀφανὲς
1533 2102 1609 2171 (1)
1632 2104 1939 2175 μετιούσης.

2055 1826 2267 1881 radium
2285 1825 2537 1895 accipiat,
2554 1834 2717 1895 atque
2736 1825 2810 1879 ita
2828 1827 3148 1882 collustrata
3168 1842 3231 1883 ea
3249 1826 3471 1883 dimidia
3486 1839 3638 1899 parte

2058 1918 2447 1988 sphaerae,qu
2469 1930 2635 1986 supra
2668 1925 2773 1981 est,
2805 1916 2951 1970 illam
2991 1932 3112 1986 quae
3154 1918 3223 1972 ad
3265 1934 3366 1975 nos
3402 1929 3634 1989 spectat,

2064 2010 2323 2081 quoniam
2350 2024 2413 2063 ex
2440 2009 2523 2063 sui
2544 2020 2737 2063 natura
2757 2024 2986 2078 prorsus
3003 2010 3309 2079 splendoris
3335 2022 3388 2066 et
3415 2012 3635 2067 luminis

2056 2115 2250 2171 expers
2290 2106 2395 2165 est,
2431 2099 2575 2153 visui
2623 2098 2883 2155 subducit
2920 2117 2933 2152 :
2976 2101 3122 2169 quod
3172 2103 3427 2157 nimirum
3477 2103 3636 2173 plena

370 2204 533 2264 atque
558 2193 796 2264 perfecta
846 2195 1017 2265 ipsius
1071 2197 1324 2251 elementi
1364 2197 1659 2252 diminutio
1706 2199 1928 2253 dicitur.
1968 2195 2125 2263 Quod
2173 2195 2221 2249 si
2258 2208 2450 2248 rursus
2493 2193 2579 2248 sui
2618 2207 2819 2249 cursus
2861 2201 3010 2248 motu
3062 2194 3232 2249 solem
3286 2197 3637 2265 prmterierit.

371 2294 426 2337 et
446 2298 513 2338 ex
543 2294 857 2338 transverso
890 2284 1046 2338 radio
1076 2283 1244 2340 fuerit
1268 2287 1541 2356 opposita,
1579 2287 1724 2356 quod
1748 2290 1912 2356 paulo
1942 2294 2070 2340 ante
2108 2284 2315 2339 lumine
2346 2283 2592 2349 carebat,
2645 2283 2827 2339 lucere
2864 2284 3078 2355 incipit,
3124 2292 3445 2341 transeunte
3477 2288 3632 2345 radio

372 2375 446 2431 ab
498 2376 802 2430 illuminala
853 2385 1007 2446 parte
1032 2376 1100 2432 ad
1135 2391 1280 2442 eam,
1331 2392 1455 2448 qua
1506 2379 1773 2434 hactenus
1821 2377 2134 2448 splendoris
2182 2389 2379 2445 expers
2412 2384 2552 2430 erat.

452 2515 614 2585 Ὁρᾷς
642 2510 753 2567 οἷόν
783 2514 856 2586 (2)
888 2532 967 2568 σοι
997 2516 1206 2585 γίνεται
1239 2518 1272 2588 ἡ
1303 2516 1424 2587 ὄψις
1463 2516 1809 2582 διδάσκαλος,
1846 2518 1946 2572 οὐκ

368 2604 437 2657 ἄν
474 2621 555 2657 σοι
610 2606 1000 2678 παρασχομένη
1048 2607 1116 2660 δι’
1176 2609 1374 2679 ἑαυτῆς
1419 2608 1527 2661 τῶν
1567 2608 1821 2662 τοιούτων
1849 2609 1947 2680 τὴν

369 2693 604 2765 θεωρίαν
637 2694 748 2766 (3),
783 2697 831 2747 εί
870 2696 942 2766 μή
988 2712 1043 2747 τι
1099 2691 1201 2749 οὖν’
1243 2695 1319 2766 (4)
1365 2696 1427 2749 τὸ
1473 2694 1561 2749 διὰ
1614 2695 1724 2749 τῶν
1772 2694 1947 2764 ὄψεων

374 2783 586 2855 βλέπων
609 2784 684 2857 (5)
707 2825 723 2850 ,
755 2784 786 2838 ὃ
813 2788 924 2849 τοῖς
950 2786 1071 2839 κατ’
1103 2785 1354 2857 αἴσθησιν
1390 2786 1811 2857 γινωσκομένοις
1836 2780 1947 2841 οἷόν

370 2892 516 2929 τισιν
540 2876 752 2947 ὁδηγοῖς
792 2876 1127 2946 κεχρημένον
1154 2876 1242 2930 διὰ
1295 2876 1403 2930 τῶν
1450 2877 1784 2948 φαινομένων
1806 2919 1820 2942 ,
1852 2878 1946 2931 ἐπὶ

373 2967 447 3020 τὰ
489 2967 563 3039 μὴ
608 2966 916 3038 βλεπόμενα
949 2968 1025 3040 (6)
1058 2968 1361 3035 διαδύεται;
1395 2967 1461 3022 Τί
1493 2971 1574 3024 δεῖ
1599 2969 1943 3042 προστιθέναι

2146 2511 2385 2568 Videsne
2413 2511 2656 2581 qualium
2682 2526 2867 2567 rerum
2926 2513 3020 2567 tibi
3064 2513 3213 2569 visus
3246 2515 3503 2583 magister
3535 2516 3629 2583 sit,

2050 2607 2145 2678 qui
2181 2621 2276 2675 per
2319 2620 2439 2659 sese
2480 2605 2672 2658 talium
2709 2619 2890 2659 rerum
2971 2606 3072 2659 tibi
3130 2605 3625 2661 considerationem

2052 2708 2217 2768 atque
2267 2696 2633 2767 cognitionem
2690 2710 2801 2750 non
2851 2695 3208 2766 prmbuisset,
3261 2696 3367 2751 nisi
3421 2697 3630 2768 aliquid

2051 2796 2201 2844 esset
2231 2786 2374 2858 quod
2408 2801 2504 2854 per
2532 2785 2724 2841 oculos
2756 2794 3024 2852 cerneret,
3056 2786 3201 2858 quod
3231 2787 3298 2844 iis
3318 2804 3440 2859 quae
3463 2804 3629 2846 sensu

2050 2876 2428 2947 percipiuntur
2465 2885 2724 2947 tanquam
2812 2877 3049 2934 ducibus
3108 2879 3437 2949 quibusdam
3472 2893 3631 2937 utens

2050 2983 2148 3040 per
2203 2968 2521 3039 apparentia
2564 2975 2879 3038 penetraret
2933 2968 3001 3023 ad
3049 2984 3136 3033 ea,
3178 2986 3300 3041 quae
3355 2985 3464 3027 non
3523 2987 3624 3042 ap-

374 3061 476 3124 τάς
506 3060 885 3132 γεωμετρικάς
934 3060 1154 3130 ἐφόδους
1195 3059 1283 3114 διὰ
1324 3061 1433 3115 τῶν
1475 3062 1746 3134 αἰσθητῶν
1779 3082 1950 3135 χαρα-

2055 3060 2295 3128 parent?
2343 3059 2484 3125 Quid
2534 3073 2675 3129 opus
2717 3068 2803 3115 est
2830 3059 3035 3115 addere
3079 3060 3448 3117 instrumenta
3497 3078 3627 3133 geo-

370 3152 620 3221 γμάτων,
660 3151 800 3223 πρὸς
826 3151 896 3204 τὰ
924 3152 1062 3222 ὑπὲρ
1096 3151 1347 3221 αἴσθησιν
1388 3154 1537 3223 ἡμᾶς
1575 3154 1948 3224 χειραγωγού-

377 3260 477 3305 σας
500 3282 515 3306 ,
542 3243 637 3296 κα)⁸
672 3243 842 3314 μυρία
893 3244 986 3297 ἐπ).
1029 3244 1235 3307 τούτοις
1264 3243 1397 3298 ἄλλα
1418 3281 1434 3309 ,
1488 3244 1554 3298 δι’
1584 3239 1659 3298 ὧν
1701 3248 1952 3301 συνίστα-

369 3354 462 3391 ται
496 3336 574 3409 (7)
618 3337 707 3390 διὰ
731 3336 841 3391 τῶν
889 3337 948 3389 ὲν
991 3338 1119 3407 ἡμῖν
1174 3335 1500 3407 σωματικῶς
1543 3337 1949 3408 ἐνεργουμένων

371 3426 473 3497 τῆς
504 3427 959 3499 ὲγκεκρυμμένης
987 3426 1061 3494 (8)
1092 3428 1156 3495 τῇ
1188 3425 1346 3493 φύσει
1373 3424 1528 3496 ήμῶν
1547 3427 1738 3497 νοερᾶς
1758 3425 1944 3490 οὐσίας

372 3515 473 3585 τὴν
502 3520 809 3591 κατάληψιν
828 3516 1071 3587 γίνεσθαι
1092 3515 1252 3583 ;-Γ.
1276 3516 1341 3570 Τί
1352 3515 1431 3579 δὲ,
1447 3510 1617 3581 εἶπον,
1636 3515 1684 3569 εί
1743 3513 1929 3585 ὥσπερ

372 3608 554 3661 κοινὺν
587 3607 685 3677 μέν
733 3610 879 3659 ἐστιν
925 3605 1017 3658 ἐπὶ
1063 3606 1161 3675 τῆς
1195 3604 1460 3675 αἰσθητῆς
1505 3604 1611 3658 τῶν
1672 3602 1946 3674 στοιχείων
1984 3618 1992 3625 ·

376 3697 590 3765 φύσεως
624 3697 685 3751 τὸ
712 3696 938 3757 ὑλῶδες,
965 3694 1193 3766 διαφορά
1247 3694 1303 3747 δὲ
1355 3693 1497 3749 κατά
1548 3693 1610 3747 τὺ
1661 3692 1856 3757 ίδίαζον
1889 3694 1946 3746 ὲν

375 3788 594 3857 ἑκάστῳ
621 3788 749 3840 εἴδει
786 3788 881 3857 τῆς
912 3785 1044 3856 ὕλης
1095 3785 1264 3856 πολλὴ
1287 3786 1355 3855 (ἥ
1384 3803 1443 3838 τε
1468 3785 1577 3856 γὰρ
1606 3784 1817 3855 κίνησις
1849 3785 1947 3839 αὒ-

373 3883 492 3941 τοῖς
518 3880 584 3931 ὲκ
601 3877 696 3930 τοῦ
730 3876 960 3931 ἐναντίου
985 3878 1153 3939 ἐστὶν,
1187 3876 1280 3929 τοῦ
1307 3877 1404 3947 μὲν
1433 3874 1748 3946 ἀνωφεροῦς
1772 3875 1943 3938 ὄντος,

376 3970 478 4023 τοῦ
502 3969 559 4022 δὲ
594 3969 684 4022 ἐπὶ
715 3970 806 4023 τοῦ
831 3969 906 4041 (9)
937 3969 1087 4023 κάτω
1122 3966 1396 4037 βρίθοντος
1419 4006 1433 4031 ,
1464 3966 1526 4019 τὸ
1556 3965 1612 4018 δὲ
1652 3966 1765 4031 (10)
1808 3960 1947 4028 εἶδος

371 4063 437 4116 οὐ
470 4061 533 4115 τὸ
560 4060 718 4126 αὐτὸ,
754 4061 908 4132 καὶὴ
954 4058 1175 4128 ποιότης
1229 4056 1481 4129 διάφορος
1527 4056 1584 4109 έν
1623 4056 1784 4121 τινι),
1826 4054 1947 4108 τού-

368 4171 482 4207 των
516 4153 628 4224 (11)
660 4152 801 4206 κατά
848 4152 938 4206 τὸν
986 4151 1142 4219 λόγον
1194 4146 1628 4218 συνουσιωμένην
1676 4162 1761 4208 τις
1804 4142 1945 4199 εἶναι

367 4244 521 4314 λέγοι
552 4245 780 4316 δύναμιν
802 4285 817 4309 ,
846 4245 945 4316 τὴν
976 4244 1074 4306 τὰς
1114 4241 1370 4313 mmet;
1413 4240 1617 4301 ταύτας
1645 4236 1943 4307 φαντασίας

369 4354 431 4392 τε
468 4337 562 4390 καὶ
599 4337 876 4407 κινήσεις,
907 4337 971 4388 ἐκ
1019 4333 1252 4404 φυσικῆς
1288 4331 1544 4401 ἰδιότητάς
1571 4346 1630 4381 τε
1665 4329 1757 4382 καὶ
1785 4328 1942 4382 δυνά-

2053 3148 2304 3214 metrica,
2349 3164 2471 3219 qua:
2510 3163 2602 3217 per
2642 3149 2931 3204 sensibilcs
2984 3149 3187 3219 ﬁguras
3242 3150 3308 3205 ad
3375 3166 3440 3206 ea
3504 3168 3628 3223 quae

2050 3249 2216 3307 supra
2271 3250 2492 3291 sensum
2539 3242 2690 3297 sunt,
2748 3251 2849 3291 nos
2907 3236 3064 3307 quasi
3109 3237 3508 3305 manudncunt,
3561 3255 3627 3295 ac

2050 3332 2251 3396 praeter
2304 3325 2419 3380 haec
2478 3325 2584 3378 alia
2617 3331 2898 3389 sexcenta,
2953 3325 3152 3396 quibus
3195 3327 3509 3384 ostenditur
3536 3338 3623 3384 at-

2050 3432 2156 3487 que
2198 3416 2462 3487 probatur
2500 3432 2600 3487 per
2637 3431 2701 3473 ea
2752 3432 2873 3486 qua
2912 3419 3271 3488 corporaliter
3325 3419 3379 3474 in
3460 3422 3623 3478 nobis

2049 3515 2367 3575 operantur,
2402 3506 2945 3577 comprehensionem
3001 3515 3165 3578 atque
3215 3511 3618 3581 perceptionem

2050 3596 2164 3651 ﬁeri
2220 3595 2611 3652 intellectualis
2661 3605 2715 3651 et
2750 3598 3041 3653 invisibilis
3086 3602 3360 3664 essentne,
3416 3619 3537 3673 qua:
3567 3605 3623 3659 in

2047 3696 2247 3741 natura
2309 3696 2501 3743 nostra
2576 3687 2761 3743 infusa
2800 3728 2815 3752 ,
2882 3689 3152 3756 immista,
3218 3701 3629 3764 contemperata

2048 3786 2214 3849 atque
2261 3777 2582 3834 abscondita
2613 3778 2801 3837 estVG.
2828 3781 2969 3848 Quid
3029 3795 3189 3848 vero,
3232 3783 3480 3854 inquam,
3533 3787 3578 3842 si
3609 3828 3625 3849 ,

2048 3869 2507 3942 quemadmodum
2575 3869 2859 3926 materiale
2926 3871 3147 3942 quidem
3205 3888 3499 3932 commune
3543 3888 3629 3934 cst

2048 3961 2358 4020 insensibili
2414 3961 2809 4018 elementorum
2864 3973 3096 4029 naturae,
3148 3966 3455 4023 diﬁ‘erentia
3527 3985 3626 4025 au-

2046 4062 2157 4109 tem
2235 4052 2554 4123 singulatim
2632 4051 2687 4107 in
2740 4068 3069 4123 unaquaque
3143 4058 3323 4126 specie
3390 4063 3629 4117 materia:

2046 4145 2486 4216 magna(motus
2521 4144 2666 4198 enim
2702 4144 2770 4198 iis
2800 4130 3112 4199 contrarius
3164 4156 3268 4209 est,
3318 4165 3441 4202 cum
3472 4153 3618 4205 aliud

2045 4237 2263 4308 quidem
2301 4250 2522 4291 sursum
2557 4226 2799 4297 feratu‘r,
2852 4236 2999 4289 aliud
3032 4252 3161 4290 vero
3214 4239 3471 4294 deorsum
3514 4258 3616 4297 ver-

2049 4333 2179 4396 gat,
2220 4323 2433 4395 species
2488 4323 2615 4377 item
2653 4338 2763 4377 non
2819 4325 3009 4379 eadem
3056 4333 3111 4380 et
3154 4329 3390 4396 qualitas
3440 4329 3624 4385 diver-

374 4444 521 4499 μεως
548 4404 909 4498 ἐνεργοῦσανς
942 4421 1044 4477 Οἷα
1071 4424 1136 4496 δὴ
1186 4423 1356 4478 πολλά
1389 4420 1655 4492 βλέπομεν
1701 4419 1805 4472 ὑπὸ
1840 4416 1947 4471 τῶν

2055 4418 2177 4483 sa),
2227 4413 2275 4470 si
2308 4413 2434 4485 quis
2482 4412 2568 4467 bis
2610 4411 2898 4468 elementis
2932 4412 3041 4466 vim
3085 4416 3378 4483 quamdam
3414 4416 3627 4471 ratione

345 4530 351 4589 ι
378 4517 756 4591 μηχανοποιῶν
789 4514 1153 4588 ἐνεργούμενα
1178 4553 1194 4579 ,
1225 4514 1309 4584 ἐφ’
1338 4508 1413 4568 ὧν
1451 4514 1484 4583 ἡ
1532 4511 1632 4580 ὕλη
1678 4507 1940 4579 τεχνικῶς

451 4698 565 4769 (91)
604 4696 1037 4766 Πεπληρῶσθαι
1084 4695 1296 4769 saturos.
1340 4689 1592 4769 lp‘calce
1635 4685 1844 4769 codicis
1902 4685 1947 4765 ᾼ

379 4757 519 4824 hanc
547 4757 668 4839 lego
698 4757 1161 4839 amt-otationemz
1194 4763 1315 4816 ’Ότι
1347 4760 1605 4839 ἐλάττονα
1646 4757 1946 4839 τόπονιτοῦ

375 4825 882 4912 ήλιακοῦντοσοῦτον
926 4839 959 4907 ή
1007 4833 1202 4956 σελήνη
1242 4829 1539 4901 περιπολεῖ,
1570 4827 1711 4882 ὥστε
1746 4825 1946 4949 satira:

383 4910 477 4956 τιὲν
507 4909 647 4956 κατὰ
675 4909 820 4956 uiua
846 4906 937 4956 τὸν
966 4905 1094 4956 ἴδιον
1150 4900 1356 4956 κτελεῖν
1391 4900 1573 4956 τόπον.
1601 4898 1691 4951 τὸν
1717 4897 1868 4956 ἥλιον

376 4897 489 5033 ger
507 4909 647 4962 κατά
674 4909 820 4989 μῆνα
846 4897 1094 4960 τὸνῒδιον
1121 4897 1356 4957 ἐκτελεῖν
1391 4900 1573 4963 τόπον,
1601 4898 1691 4951 τὸν
1717 4897 1868 4968 ἥλιον

410 4998 427 5031 ι
472 4996 740 5032 ενιαυτου.

410 4980 444 5031 ι’
472 4979 740 5032 ἐνιαυτοῦ.

448 5049 561 5119 (9‘2)
612 5040 1421 5119 KWthda'ogﬂoc._POSl.iit_lnc
1446 5054 1633 5119 vocem
1662 5038 1715 5091 in
1742 5052 1885 5119 mssL
1901 5036 1945 5119 ᾼ

373 5128 431 5174 et
454 5106 465 5119 ’
491 5106 557 5171 Β’
594 5106 901 5187 sequuntur
924 5186 929 5187 ί
954 5106 1072 5187 ista
1109 5115 1160 5167 in
1207 5110 1630 5187 editi§_t)nijssa
1673 5124 1686 5159 :
1718 5106 1807 5187 τῷ.
1838 5106 1945 5187 ,διὰ

370 5188 576 5243 πολλοῦ
601 5176 864 5259 περιιόντι
888 5186 976 5260 τον
1001 5185 1127 5237 ἴδιον
1150 5179 1367 5260 πόλον.ηῆ
1387 5180 1454 5232 δι’
1484 5179 1662 5260 ὀλίγου
1688 5176 1947 5260 πολλάκις

366 5260 467 5315 τὸν
506 5247 706 5328 ἑαυτῆς
756 5256 1079 5328 περιθέουσα
1099 5271 1111 5283 ·
1144 5251 1258 5328 ἀλλ’
1296 5247 1483 5328 ὥσπερ
1584 5250 1703 5302 κατ’
1734 5247 1946 5300 εὐθεῖαν

363 5329 451 5392 ὡς
480 5329 617 5397 πρὸς
645 5319 736 5381 τδν
765 5319 915 5397 ἥλιον
952 5323 1359 5397 ἀντιπρόσωπος
1398 5319 1563 5383 θέσις.

449 5394 565 5461 (95)
604 5394 863 5452 Γίνεται.
896 5397 941 5448 Α
971 5394 1212 5463 γένηται.

446 5468 563 5535 (94)
601 5467 950 5535 Γενομένου.
984 5461 1030 5517 Β
1060 5461 1367 5535 γενομένου.

473 5533 1180 5609 9ᾆ)1’ᾗτοῦ.Βτῇτῶνο
1339 5602 1352 5609 _
1435 5600 1447 5609 _
1545 5598 1558 5609 .
1627 5598 1637 5609 .
1864 5597 1876 5609 .

474 5598 565 5670 96)
614 5598 749 5662 ’ἐπὶ
790 5608 911 5670 τόν.
958 5598 1019 5665 Α”
1050 5606 1108 5662 in
1142 5611 1293 5660 textu
1336 5600 1457 5655 ἐπεὶ
1500 5598 1580 5662 τό,
1625 5598 1678 5653 in
1709 5598 1951 5669 margine

2048 4514 2212 4576 atque
2290 4504 2648 4576 proportione
2729 4511 3189 4576 contemperatam
3223 4544 3239 4572 ,
3302 4506 3519 4562 insitam
3572 4516 3627 4562 et

2125 4682 2240 4752 (97)
2291 4674 2620 4752 ’Υποσᾶσω
2655 4679 2698 4735 Β
2717 4679 3061 4752 (Ὑποδᾶσαν.

2146 4748 2236 4825 98)
2280 4753 2351 4809 Τὸ
2381 4749 2553 4808 εἶναι.
2585 4754 2635 4825 (ξ
2659 4750 2737 4825 τῷ
2760 4750 2820 4804 τὸ
2849 4749 3005 4825 εἶναι.
3041 4752 3080 4804 Β
3106 4752 3185 4825 τῷ
3207 4748 3364 4809 εἶναι.

2145 4774 2236 4896 33$
2255 4895 2260 4896 ί
2278 4774 3071 4896 5X,»§2_:"3£,’ifi‘,§§§é§“$2i§f

2122 4891 2224 4963 (¹)’
2251 4891 2522 4963 ’ᾼςοανές-
2554 4894 2599 4946 Α
2620 4893 2665 4963 Β
2694 4891 2958 4962 deme.

2122 4959 2201 5032 (ε)
2244 4959 2404 5018 οἷον.
2432 4964 2479 5015 Α
2505 4963 2547 5015 B
2574 4961 2719 5032 οἴων.

2123 5034 2200 5104 (5)
2241 5033 2526 5104 Θεωρίανζ
2551 5032 2593 5084 Β
2627 5031 2945 5103 θεραπείαν.

2148 5098 2201 5168 4)
2245 5098 2388 5173 Οὗιξ.
2424 5104 2466 5155 Β
2496 5098 2584 5173 ἦν.

2146 5174 2202 5241 5)
2238 5170 2585 5227 Βλέπων.Ἀ
2615 5171 2657 5223 B
2689 5170 2904 5241 βλέπον.

2122 5240 2199 5311 (6)
2238 5243 2334 5310 Μὴ
2357 5240 2728 5311 βλεπόμενα.
2765 5242 2857 5311 Μή
2889 5240 3043 5296 deest
3075 5241 3137 5296 Β.

2120 5310 2198 5376 (7)
2247 5312 2629 5366 Συνίσταται.
2668 5310 2711 5362 Β
2739 5310 3049 5365 συνίσταται
3075 5310 3156 5364 τό.

2121 5377 2198 5453 (8)
2249 5377 2782 5455 Ἐτνιεκρυμμένης.
2832 5379 2882 5432 Δ
2933 5379 2991 5435 in
3044 5380 3290 5452 margine
3345 5381 3623 5460 ἐγκεκρα-

2125 5470 2237 5506 νης.

2054 5451 2237 5523 μένης·
2321 5451 2332 5455 ’
2488 5518 2515 5530 _
2722 5518 2735 5533 ,

2124 5524 2199 5591 (9)
2257 5519 2542 5591 Ἐπίίτου.
2573 5519 2619 5591 ᾼ
2647 5518 2812 5591 Bst-rt
2834 5519 2915 5573 τό.

2126 5587 2236 5662 (10)
2284 5592 2353 5645 Τὸ
2380 5590 2467 5644 δέ.
2508 5587 2553 5642 Δ
2579 5589 2708 5662 Β,τό
2732 5606 2813 5644 τε.

2124 5650 2236 5737 (ll)
2276 5663 2382 5719 Ἕν
2412 5677 2523 5716 τινι
2543 5700 2557 5727 ,
2597 5650 2836 5718 τὸύτων.
2867 5661 2912 5714 Δ
2936 5662 2977 5715 Β
2999 5659 3055 5716 ἓν
3081 5677 3187 5720 τινι
3220 5661 3445 5719 τούτων.
