3990 6202
522 296 595 355 35
1734 286 1794 346 S.
1832 285 2162 346 GREGORII
2216 284 2510 344 NYSSENI
3714 290 3788 350 35

523 411 683 484 quasi
711 410 1115 482 incorporatam
1148 418 1316 482 atque
1332 408 1863 468 consubstantiatam
1880 422 2005 466 esse
2020 406 2107 462 di-

2220 404 2790 481 Βιατεθεῖσαμιμεῖται
2821 405 2922 479 τὴν
2947 406 3107 477 φύσιν
3128 449 3144 474 ,
3200 406 3299 462 οὐκ
3349 409 3407 463 ἐν
3435 406 3515 480 τῷ
3546 407 3789 481 σχήματι

525 508 636 572 cat,
695 517 818 574 quae
870 501 1008 570 haec,
1059 515 1183 573 quae
1249 510 1435 558 mente
1481 499 1904 571 percipiuntur,
1980 496 2100 551 visa

2220 502 2350 571 ιύνῳ
2374 498 2487 570 (12)
2511 497 2766 554 δεικνῦσα
2791 497 2856 553 τὸ
2883 500 3084 570 ὅμοιον,
3118 498 3255 554 ἀλλὰ
3283 498 3396 572 (15)
3419 501 3513 555 καὶ
3553 502 3612 555 ἐν
3637 503 3791 575 κινή-

526 598 693 661 atque
733 590 1006 647 motiones
1053 605 1117 646 ex
1168 589 1408 645 naturali
1457 588 1791 660 proprietate
1824 593 1988 656 atque
2019 582 2101 638 fa-

2220 605 2284 643 [ει
2320 589 2551 657 γίνεται,
2572 588 2668 643 καὶ
2701 587 2938 658 φθόγγον
2970 588 3092 642 τινὰ
3122 588 3498 660 ὑποκρίνεται,
3526 589 3788 659 ἠχοῦντος

527 683 733 738 cultate
779 681 1230 753 eﬂiciat‘lqualia
1283 682 1455 737 multa
1503 681 1759 735 nimirum
1813 694 1843 733 a
1893 675 2102 735 machi-

2220 698 2260 734 ιν
2306 679 2385 751 τῷ
2410 679 2703 752 φωνητικῷ
2737 680 2895 751 μέρει
2941 679 3037 734 τοῦ
3080 682 3500 761 μηχανήματος)
3542 680 3636 734 καὶ
3663 680 3787 735 οὑδὲ

529 789 721 831 narum
803 775 1106 832 artificibus
1174 773 1314 830 οῦὶοί
1372 772 1643 838 videmus,
1715 771 1806 826 ubi
1873 769 2102 825 materia

2220 787 2307 824 ιτου
2337 770 2447 841 (14)
2481 771 2676 842 νοητήν
2704 788 2824 825 τινα
2846 770 3073 842 δύναμιν
3101 771 3407 842 γινομένοις
3436 771 3548 842 (15)
3583 771 3779 825 ὲνθεωο

527 875 644 922 arte
678 864 947 937 disposita
1011 872 1264 919 naturam
1317 863 1596 927 imitatur,
1658 875 1769 915 non
1822 860 1877 915 in
1928 858 2102 915 forma

2220 861 2406 933 ροῦμεν
2433 862 2532 933 τὴν
2561 861 2683 916 καθ’
2713 862 2942 917 ἕκαστον
2973 862 3085 933 (16)
3115 862 3487 934 ἐργαζομένην
3534 862 3594 916 τὸ
3643 862 3775 933 σχῆο

527 957 706 1012 solum
768 955 1183 1012 similitudinem
1241 953 1561 1018 ostendens,
1604 967 1793 1008 verum
1826 952 1991 1007 etiam
2047 949 2101 1004 in

2220 972 2285 1021 ια
2308 995 2323 1020 ,
2354 955 2414 1008 τὸ
2441 951 2576 1018 εἶδος
2598 953 2755 1025 (16⁸),
2795 954 2885 1008 τὸν
2919 950 3085 1025 ἦχον,
3113 955 3212 1026 τὴν
3244 956 3475 1025 κίνησιν.
3523 956 3586 1009 Ei
3608 954 3795 1010 ταῦτα’

529 1053 679 1100 motu
714 1053 985 1109 versatur,
1017 1053 1070 1099 et
1112 1042 1297 1097 ﬁctam
1344 1042 1635 1113 quamdam
1676 1056 1866 1097 vocem
1907 1054 2106 1111 reprat-

528 1144 744 1200 sentat,
819 1142 1112 1192 resonante
1170 1134 1420 1189 machina
1486 1133 1542 1187 in
1583 1143 1738 1202 parte
1788 1133 2000 1189 vocali:
2042 1146 2106 1187 ac

529 1242 638 1281 non
691 1228 911 1297 utrique
940 1227 1051 1281 vim
1099 1225 1393 1296 quamdam
1441 1225 1795 1295 intelligentia
1825 1223 2103 1294 praeditam

529 1320 583 1374 in
639 1320 709 1376 iis
761 1335 883 1389 quae
977 1319 1111 1376 fiunt
1168 1319 1349 1375 inesse
1413 1317 1929 1383 animadvertimus,
1987 1329 2109 1389 qua:

528 1413 847 1483 singulatim
917 1426 1165 1482 quasque
1216 1426 1307 1467 res
1363 1410 1557 1466 efficiat
1609 1417 1665 1466 et
1723 1420 2011 1480 operetur,
2046 1409 2109 1464 ﬁ-

527 1518 737 1575 guram,
792 1504 1052 1573 speciem,
1117 1516 1356 1565 sonum,
1390 1508 1621 1556 motum.
1674 1498 1732 1554 Si
1780 1500 1897 1555 haec
1956 1501 2111 1556 dica-

529 1613 653 1652 mus
681 1597 844 1651 etiam
879 1596 933 1650 in
969 1595 1074 1650 hoc
1125 1593 1444 1651 mechanico
1479 1600 1688 1649 natura:
1735 1602 1938 1650 nostra:
1994 1593 2110 1651 fieri

533 1685 941 1752 instrumento,
990 1685 1142 1741 nulla
1204 1685 1540 1757 separatim,
1576 1700 1697 1755 quae
1748 1694 1929 1741 mente
1989 1699 2112 1741 cer-

2205 1045 2436 1116 λέγομεν
2454 1044 2564 1117 (17)
2593 1044 2688 1098 καὶ
2713 1044 2839 1115 περὶ
2861 1045 2920 1098 τὸ
2940 1044 3241 1116 μηχανικὸν
3263 1044 3422 1098 τοῦτο
3442 1044 3543 1114 τῆς
3566 1043 3783 1112 φύσεως

2204 1138 2360 1208 ἡμῶν
2391 1136 2639 1207 ὄργανον,
2672 1136 2944 1207 μηδεμιᾶς
2972 1135 3117 1191 κατά
3145 1137 3207 1189 τὸ
3239 1134 3438 1200 ἰδιάζον
3463 1137 3661 1207 νοητῆς
3689 1136 3783 1188 οὑ-

2208 1229 2330 1293 σίας
2381 1227 2796 1299 ἐγκεκραμένης
2824 1226 2937 1300 (18)
3012 1228 3277 1297 γίνεσθαι,
3324 1227 3461 1281 ἀλλά
3518 1244 3662 1290 τινος
3709 1228 3778 1298 τῇ

2208 1319 2369 1390 φύσει
2409 1319 2518 1371 τῶν
2557 1319 2617 1389 ἐν
2668 1319 2799 1388 ἡμῖν
2847 1318 3126 1388 στοιχείων
3166 1318 3457 1389 κινητικῆς
3500 1316 3782 1387 δυνάμεως

2207 1411 2535 1483 ἐγκειμένης
2555 1453 2571 1478 ,
2602 1412 2696 1464 κα).
2724 1411 2821 1480 τὴν
2845 1410 3098 1483 τοιαύτην
3119 1410 3403 1481 ἐνέργειαν
3432 1409 3781 1480 ἀποτέλεσμα

2208 1499 2348 1558 εἶναι
2373 1502 2484 1573 (19)
2524 1501 2608 1571 ἐφ’
2642 1501 2855 1570 ,ἑαυτῆς
2874 1517 2887 1533 ν
2923 1501 3023 1572 τὴν
3054 1502 3248 1573 νοητὴν
3270 1503 3485 1571 ἐκείνην
3516 1502 3608 1556 καὶ
3637 1500 3785 1555 ἀσώ-

2214 1611 2382 1665 ματον
2405 1593 2506 1665 τῆς
2528 1592 2706 1664 ψυχῆς
2727 1592 2915 1647 οὐσίαν
2937 1591 3363 1661 ἀποδεικνύοιτο,
3383 1594 3417 1664 ἢ
3451 1592 3511 1648 τὸ
3538 1593 3787 1665 μηδὸλως

2212 1681 2351 1740 εἶναι
2379 1702 2395 1752 ;

530 1788 716 1846 natur,
772 1786 971 1834 natura
1026 1777 1247 1843 infusa,
1303 1777 1400 1833 sed
1450 1776 1687 1848 quadam
1755 1776 2018 1832 facultate
2074 1778 2327 1833 movendi
2384 1778 2550 1834 insita
2618 1789 2835 1837 natura;
2888 1794 3077 1836 eorum
3131 1795 3255 1851 quae
3331 1780 3385 1842 in
3432 1779 3592 1835 nobis
3654 1788 3788 1835 sunt

531 1870 952 1935 elementorum,
994 1866 1252 1941 urgente,
1277 1877 1443 1940 atque
1499 1868 1771 1938 ejusmodi
1829 1869 2100 1924 actionem
2140 1884 2265 1926 esse
2298 1871 2378 1925 rei
2436 1870 2712 1940 effectum,
2747 1886 2871 1943 quae
2939 1871 3077 1927 nihil
3129 1871 3278 1926 aliud
3325 1878 3411 1925 est
3457 1886 3621 1940 quam
3667 1886 3788 1925 mo-

533 1968 625 2015 tus
673 1960 895 2030 quidam
945 1960 1297 2030 impulsivus,
1360 1959 1457 2030 qui
1500 1967 1755 2014 versatur
1841 1966 1898 2014 et
1957 1970 2261 2030 occupatur
2286 1959 2434 2017 circa
2489 1963 2857 2035 cognitionem
2901 1976 3089 2018 earum
3141 1975 3347 2024 rerum,
3404 1960 3602 2031 quibus
3667 1968 3788 2016 stu-

533 2054 727 2109 demus
752 2060 806 2109 et
864 2067 1085 2124 operam
1119 2054 1369 2112 damus:
1412 2061 1596 2110 utrum
1651 2052 1826 2124 magis
1894 2067 1990 2123 per
2031 2053 2174 2120 haec,
2229 2069 2423 2112 essene
2484 2056 2634 2112 illam
2715 2057 2773 2112 in
2847 2070 2971 2113 sese
3019 2054 3338 2110 rationalem
3389 2054 3786 2125 intelligentia:-

536 2161 643 2217 que
695 2145 1015 2216 participem
1068 2155 1123 2202 et
1173 2146 1554 2218 incorpoream
1586 2146 1784 2202 animae
1823 2153 2102 2212 naturam,
2143 2163 2210 2202 an
2251 2164 2321 2204 ne
2364 2165 2591 2220 prorsus
2647 2149 2865 2222 quidem
2897 2163 3041 2213 esse,
3095 2146 3539 2202 demonstretur?

633 2238 704 2293 Μ.
727 2237 798 2291 At
817 2233 1422 2306 illa:Cumsimilitudo,
1468 2235 1681 2308 inquit,
1734 2234 1956 2305 adjuvat
2017 2246 2112 2290 at-

2292 2241 2367 2295 M.
2402 2243 2465 2296 'H
2481 2243 2556 2305 δὲ,
2575 2243 2878 2316 Συμμαχεί,
2900 2238 3067 2310 φησὶ,
3117 2235 3356 2308 τῷλόγῳ
3400 2236 3493 2289 καὶ
3541 2234 3602 2287 τὸ
3647 2232 3782 2286 ὑπό-

535 2338 645 2396 que
699 2320 943 2379 defendit
982 2334 1227 2381 nostram
1273 2328 1617 2393 orationem,
1667 2335 1782 2382 tum
1830 2334 2110 2383 structura

537 2429 702 2487 atque
750 2416 1078 2486 compositio
1111 2418 1291 2474 omnis
1338 2434 1405 2475 ex
1460 2420 1694 2477 adverso
1746 2419 1906 2475 nobis
1948 2419 2110 2475 illata:

537 2507 991 2565 contradictionis
1048 2524 1159 2566 non
1209 2525 1406 2582 parum
1456 2510 1703 2568 conferet
1761 2512 1830 2567 ad
1883 2520 2109 2568 senten-

536 2595 626 2650 tia:
670 2607 873 2655 nostrae
905 2598 1392 2656 confirmationem.
1413 2604 1547 2658 —l;.
1570 2605 1671 2670 Qui
1692 2602 1988 2656 ltocdicis?
2022 2597 2110 2652 in-

536 2699 720 2754 quam.
740 2691 883 2747 -Μ,
901 2691 1193 2759 Quoniam,
1210 2687 1407 2758 inquit,
1421 2691 1493 2744 ita
1508 2692 1670 2753 scire,
1692 2696 1955 2756 tractare,
1993 2688 2110 2744 dis-

536 2789 741 2843 ponere
793 2782 847 2829 et
882 2775 1298 2832 accommodare
1350 2778 1631 2832 materiam
1678 2779 1998 2846 inanimam,
2052 2789 2113 2836 ut

536 2880 651 2931 ars,
685 2881 807 2936 qua":
862 2869 926 2922 atl
974 2867 1255 2924 machinas
1297 2867 1543 2924 adhibita
1600 2877 1705 2935 est,
1754 2871 1876 2926 loco
1919 2872 2113 2928 anima:

537 2958 927 3028 propemodum
990 2959 1230 3014 materiae
1305 2960 1378 3014 sit
1433 2999 1448 3025 ,
1514 2970 1798 3031 propterea
1852 2963 1999 3034 quod
2059 2970 2114 3017 et

537 3057 769 3114 motum,
821 3057 876 3105 et
933 3065 1152 3116 sonum,
1207 3058 1262 3107 et
1315 3036 1547 3123 figuram
1608 3059 1664 3107 et
1713 3054 1844 3107 talia
1916 3070 2114 3124 reprae-

536 3149 737 3209 sentat,
786 3143 922 3198 satis
958 3142 1121 3199 fuerit
1168 3144 1235 3199 ad
1283 3145 1813 3211 demonstrandum,
1864 3148 2009 3218 quod
2043 3150 2115 3205 sit

536 3234 742 3306 aliquid
801 3235 856 3290 in
906 3237 1126 3292 homine
1160 3237 1269 3293 tale
1326 3238 1472 3309 quod
1550 3254 1648 3309 per
1706 3241 2115 3312 contemplatri-

536 3343 653 3384 cem
713 3336 768 3383 et
820 3329 1176 3385 inventricem
1229 3330 1547 3387 facultatem
1610 3345 1735 3386 cum
1793 3333 2116 3389 naturaliter

538 3423 713 3491 possit
767 3421 882 3477 haec
932 3423 987 3477 in
1037 3423 1220 3493 seipso
1273 3423 1655 3490 considerare,
1701 3435 1883 3480 mente
1930 3426 2116 3480 conci-

538 3526 670 3582 pere
732 3520 788 3567 et
868 3512 1345 3576 animadvertere.
1414 3524 1527 3572 tum
1576 3523 1703 3570 ante
1781 3516 2115 3588 cogitatione

2211 2329 2432 2401 δειγμα,
2465 2328 2559 2382 καὶ
2587 2329 2621 2399 ἡ
2656 2330 2969 2401 κατασκευὴ
2995 2330 3142 2383 πᾶσα
3169 2328 3269 2400 τῆς
3294 2324 3785 2396 ἀνθυπενεχθείσης

2210 2420 2344 2491 ἡμῖν
2391 2419 2759 2490 ἀντιρρήσεως
2806 2418 2869 2472 οὐ
2920 2417 3094 2491 μικρά
3142 2417 3443 2472 συντελέσει
3502 2414 3638 2487 πρὸς
3682 2412 3786 2485 τὴν

2211 2509 2321 2562 τῶν
2376 2508 2673 2580 νοηθέντων
2704 2506 2833 2578 ἡμῖν
2847 2504 3185 2577 βεϐαιότητα.
3201 2506 3332 2562 -Γ,
3360 2506 3480 2568 Ilii);
3501 2500 3595 2559 οὖν
3623 2502 3787 2578 τοῦτο

2212 2599 2421 2668 λέγεις
2438 2599 2827 2665 -Μ-Ὂτιτοι,
2840 2602 3066 2672 φησὶ,τὸ
3079 2602 3455 2667 οῦτωςείδέναι
3476 2594 3787 2666 μεταχειρί-

2215 2689 2403 2755 ζεσθαι
2434 2706 2489 2742 τι
2520 2687 2632 2760 (20)
2678 2688 2772 2742 καὶ
2797 2687 3093 2742 διατιθέναι
3121 2688 3222 2759 ⁸ἑὴν
3242 2687 3463 2758 (ἄψυχον
3509 2687 3639 2759 ὓλην
3663 2725 3680 2751 ,
3709 2686 3789 2750 ὡς

2210 2781 2311 2852 τὴν
2369 2779 2778 2835 ἐναποτιθεῖσαν
2817 2778 2931 2851 (21)
2992 2783 3105 2843 τοῖς
3177 2780 3532 2851 μηχανήμασι
3591 2777 3789 2848 τέχνην

2217 2871 2414 2943 μικροῦ
2446 2872 2555 2926 δεῖν
2579 2872 2700 2926 ἀντὶ
2726 2875 2825 2944 τῆς
2853 2871 3031 2943 ψυχῆς
3065 2871 3131 2941 τῇ
3166 2871 3265 2943 ὕλῃ
3302 2870 3584 2940 γίνεσθαι,
3616 2870 3681 2922 δι’
3709 2864 3788 2923 ὧν

2215 2964 2426 3034 κίνησίν
2454 2980 2512 3015 τε
2542 2963 2637 3018 κα)⁵
2668 2958 2832 3034 ἦχον,
2864 2964 2958 3017 καὶ
2998 2965 3250 3034 σχήματα
3273 3002 3286 3027 ,
3314 2962 3409 3016 καὶ
3449 2962 3518 3017 τὰ
3565 2960 3790 3016 τοιαῦτα

2215 3054 2670 3126 καθυποκρίνεται
2694 3095 2708 3116 ,
2736 3054 3006 3118 ἀπόδειξις
3033 3053 3099 3107 ἂν
3123 3053 3210 3125 εἴη
3233 3054 3326 3108 τοῦ
3362 3049 3501 3108 εἷναί
3529 3071 3580 3107 τι
3613 3052 3790 3107 τοιοῦ-

2214 3160 2303 3197 τον
2334 3143 2446 3215 (22)
2476 3147 2535 3198 ἐν
2568 3144 2645 3215 τῷ
2678 3144 2947 3216 ἀνθρώπῳ
2967 3186 2982 3212 ,
3022 3139 3068 3214 ᾧ
3100 3145 3270 3199 ταῦτα
3299 3145 3408 3216 (25)
3455 3145 3659 3214 πέφυκε
3700 3145 3789 3199 διὰ

2213 3234 2311 3306 τῆς
2342 3234 2681 3306 θεωρητικῆς
2704 3236 2800 3289 καὶ
2820 3236 3176 3308 ἐφευρετικῆς
3198 3237 3481 3308 δυνάμεως
3507 3238 3789 3290 κατανοεῖν

2213 3343 2273 3379 τε
2305 3326 2363 3379 ἐν
2393 3323 2570 3396 ἐαυτῷ
2599 3324 2710 3396 (24)
2746 3327 2840 3380 καὶ
2882 3328 3418 3399 προκατασκευάζειν
3470 3331 3536 3400 τῇ
3586 3327 3793 3400 διανοίᾳ

2214 3416 2283 3470 τὰ
2331 3417 2697 3489 μηχανήματα
2729 3456 2747 3483 ,
2789 3414 2890 3472 εἷθ’
2923 3418 3096 3484 οὕτως
3143 3422 3223 3483 είς
3253 3421 3531 3489 ἐνέργειαν
3568 3422 3655 3475 διά
3691 3421 3793 3491 τῆς

2215 3506 2411 3577 τέχνης
2443 3506 2629 3577 ἄγειν,
2663 3509 2759 3561 κα).
2790 3509 2877 3564 διὰ
2905 3510 3003 3581 τῆς
3040 3510 3173 3583 ὕλης
3205 3511 3471 3566 δεικνύειν
3496 3513 3556 3565 τὺ
3592 3513 3788 3584 νόημα.

538 3604 827 3661 instituere
875 3619 939 3659 ac
977 3620 1286 3675 praeparare
1330 3607 1654 3672 machinas,
1693 3614 1858 3679 atque
1891 3609 1962 3662 ita
2015 3607 2112 3663 de-

2220 3569 2438 3670 ﬂpii'irov
2463 3569 2573 3672 γὰρ
2596 3569 2676 3655 δτι
2710 3569 3018 3673 πνεύματος
3204 3604 3361 3675 χρεία
3386 3604 3522 3674 πρδς
3565 3569 3790 3676 τῆν’ἐκ-

538 3696 663 3751 inde
692 3711 786 3752 eas
820 3711 917 3767 per
950 3703 1124 3751 artem
1181 3695 1248 3752 ad
1281 3697 1553 3754 actionem
1598 3698 1898 3768 perducere
1925 3714 1988 3755 ae
2015 3714 2113 3770 per

538 3787 825 3840 materiam
877 3788 1172 3843 ostendere
1199 3788 1401 3844 mentis
1462 3796 1816 3860 conceptum.
1868 3788 2110 3845 Primum

537 3879 682 3932 enim
719 3876 865 3942 quod
913 3877 978 3932 ad
1044 3894 1232 3934 vocem
1285 3879 1552 3935 edendam
1609 3880 1807 3951 spiritu
1848 3895 1988 3950 opus
2042 3880 2117 3936 sit

539 3969 928 4026 animadvertit
958 3989 974 4039 ;
1017 3971 1214 4027 deinde
1239 3988 1347 4043 quo
1385 3981 1545 4043 pacto
1592 3974 1858 4029 machina:
1889 3973 2118 4045 spiritus

538 4062 962 4132 excogitaretur,
1019 4063 1365 4118 considerata
1419 4064 1816 4120 elementorum
1865 4078 2061 4120 natura
2095 4103 2109 4130 ,

538 4153 751 4208 ratione
789 4161 916 4207 ante
959 4154 1292 4226 perpendit,
1333 4155 1480 4227 quod
1533 4155 1793 4211 nimirum
1850 4156 1989 4211 nihil
2019 4172 2115 4211 va.

538 4260 700 4299 cuum
754 4245 826 4300 sit
882 4246 935 4300 in
991 4262 1173 4302 rerum
1244 4256 1487 4313 natura,
1555 4247 1651 4302 sed
1709 4247 2116 4319 comparatione

537 4350 660 4389 cum
717 4337 995 4405 graviori,
1042 4339 1160 4394 leve
1197 4354 1436 4394 vacuum
1479 4347 1707 4410 putetur
1746 4347 1911 4410 atque
1965 4338 2118 4393 dica-

540 4436 652 4493 tur,
687 4429 947 4498 quoniam
986 4438 1041 4484 et
1090 4430 1207 4500 ipse
1254 4445 1348 4484 aer
1400 4430 1455 4484 in
1515 4445 1637 4485 sese
1669 4430 1756 4484 sui
1804 4437 2000 4484 natura
2029 4443 2118 4484 so-

542 4517 685 4573 lidus
736 4533 800 4573 ac
842 4519 1039 4589 plenus
1099 4528 1206 4574 est.
1261 4516 1510 4574 Vacuum
1557 4519 1703 4575 enim
1764 4534 1865 4576 vas
1914 4519 2117 4574 dicitur

540 4621 635 4674 per
671 4605 1011 4673 abusionem,
1071 4622 1196 4660 cum
1251 4607 1321 4661 ab
1355 4607 1584 4662 humore
1615 4621 1847 4661 vacuum
1908 4605 2115 4674 fuerit,

541 4698 894 4754 nihilominus
938 4698 1084 4754 aeris
1125 4699 1347 4769 plenum
1398 4699 1651 4756 eruditus
1678 4699 1845 4756 etiam
1897 4699 2117 4755 hoces-

640 4870 725 4943 12)
763 4871 957 4937 Μόνῳ.
989 4872 1037 4943 Α
1066 4871 1394 4943 inmargine
1426 4871 1617 4943 μόνων.

644 4940 726 5029 1a
766 4943 991 5029 sed:
1014 4942 1061 4994 Α
1089 4940 1387 5029 ratio.

645 5012 726 5082 14)
762 5010 914 5064 Οὐδέ
947 5026 1087 5082 που.
1120 5014 1162 5064 Α
1193 5013 1267 5065 Οὐ
1298 5010 1491 5082 δήπιυ.

645 5015 726 5075 14)
762 5015 914 5064 Οὺδέ
947 5026 1087 5065 που.
1120 5015 1162 5064 Α
1193 5015 1267 5065 Οὐ
1298 5015 1491 5082 δήπου.

616 5015 730 5150 Elii)
770 5084 821 5134 Γ
824 5080 1136 5150 ινομένοις.
1168 5082 1210 5133 Β
1233 5085 1345 5142 τοῖς
1372 5081 1812 5151 γινωσκομένοις.

617 5152 729 5221 (16)
770 5153 907 5205 Καθ’
926 5152 1201 5221 ἕκαστον.
1238 5152 1285 5221 Β
1322 5151 1393 5203 Τὸ
1427 5151 1546 5204 καθ’
1570 5152 1817 5221 ἕκαστον.

615 5217 1187 5296 (ίρξ)1’ὐ-σχῆμιι.μτῤ
1206 5217 1382 5296 εἶδος.
1414 5221 1456 5272 Β
1476 5222 1537 5275 τὸ
1566 5218 1725 5289 εἶδος,
1753 5224 1813 5276 τὸ
1847 5225 2049 5296 σχῆμα.

618 5290 735 5370 ς
768 5290 1050 5370 ᾼέγομεν.
1076 5291 1193 5370 ΑΒ
1220 5290 1489 5370 λέγοιμεν.

616 5361 729 5434 (l8)
781 5362 844 5434 ΓΕ
854 5361 1276 5434 ι’κεξιραμένηςε
1292 5361 1335 5413 Β
1360 5362 1836 5434 ὲ’τδςεκρυιιιμιεένπνιις-

616 5426 635 5496 ζ
644 5426 730 5500 19)
780 5426 1466 5502 ἈτὶοτέλεόνμαεῖναιζΑ
1497 5426 1551 5487 ei
1584 5426 1625 5486 Β
1647 5426 1841 5502 postea
1870 5434 1985 5489 lucc
2024 5448 2118 5487 cx-

548 5498 725 5575 hibet‘.
750 5501 822 5575 fil
861 5502 1013 5575 οὐδὲν
1046 5498 1172 5575 ἄλλο
1202 5501 1234 5573 ἢ
1263 5502 1476 5575 κίνησίς
1521 5503 1603 5575 τίς
1651 5498 1797 5557 ἐστιν
1825 5502 2116 5575 ,ὁρμητικὴ

547 5570 677 5639 περὶ
717 5569 817 5653 τὴν
852 5571 1051 5650 γνῶσιν
1099 5569 1687 5642 τῶνσπουδαξομένων
1725 5569 2111 5644 ἐνεργουμένης

547 5637 612 5691 Τί
644 5638 710 5712 ἀν
744 5639 942 5709 μαλλον
970 5641 1056 5694 διὰ
1094 5642 1283 5712 τούτου
1318 5642 1425 5711 (διὰ
1457 5643 1660 5696 τούτων
1693 5643 1758 5712 Α)
1788 5643 1821 5712 ἧ
1853 5644 1913 5696 τὸ
1951 5639 2111 5698 εἶναι.

619 5707 1286 5779 (20)1Μεταχειρίζεσθαί
1322 5707 1399 5767 τι.
1444 5713 1485 5763 Β
1522 5707 1991 5783 μεταχειρίζεσοαί
2034 5730 2113 5768 τε.

2213 3688 2477 3759 φώνησιν,
2510 3692 2837 3763 κατενόησεν
2859 3709 2872 3722 ·
2899 3690 2998 3746 εἷθ’
3018 3695 3164 3759 ὅπως
3191 3696 3256 3750 ἂν
3287 3695 3594 3767 ἐπινοηθείη
3626 3696 3791 3751 πνεῦ-

2218 3798 2292 3851 μα
2312 3781 2390 3852 τῷ
2421 3783 2776 3852 μηχανήματι
2806 3781 2884 3853 τῷ
2909 3783 3154 3859 λογισμῷ
3176 3784 3530 3858 προεξήτασε,
3557 3786 3657 3855 τὴν
3679 3787 3787 3838 τῶν

2221 3872 2497 3944 στοιχείων
2546 3872 2709 3942 φύσιν
2745 3875 3180 3948 ἐπισκεψάμενος
3201 3920 3215 3945 ,
3263 3880 3343 3933 ὅτι
3365 3879 3515 3933 οὐδὲν
3545 3878 3697 3932 κενὸν
3730 3880 3787 3930 ἐν

2218 3966 2332 4028 τοῖς
2356 3961 2506 4018 οὗσίν
2543 3964 2709 4028 ἐστιν,
2737 3965 2872 4019 ἀλλά
2901 3967 3036 4038 πρὸς
3067 3968 3177 4040 (25)
3211 3968 3270 4022 τὸ
3296 3968 3594 4043 βαρύτερον
3615 3986 3788 4041 παρα-

2219 4057 2365 4111 θέσει
2388 4056 2542 4112 κενὸν
2568 4057 2630 4109 τὸ
2657 4057 2857 4127 κοῦφον
2881 4059 3194 4130 νομίζεται,
3235 4062 3358 4114 ἐπεὶ
3388 4062 3481 4115 καὶ
3510 4062 3669 4126 αὐτὸς
3699 4060 3790 4131 ἐφ’

2216 4150 2416 4213 ἐαυτοῦ
2451 4150 2570 4205 κατ’
2606 4151 2739 4205 ἰδίαν
2785 4151 3079 4206 ὑπόστασιν
3131 4152 3325 4223 μεστός
3365 4170 3425 4206 τε
3477 4155 3504 4205 ὁ
3546 4155 3655 4227 ἀὴρ
3695 4158 3789 4208 καὶ

2217 4242 2433 4314 πλήρης
2463 4244 2579 4296 ἐστί
2604 4243 2737 4317 (26).
2770 4245 3023 4298 Διάκενον
3052 4244 3160 4315 γὰρ
3186 4244 3246 4299 τὸ
3278 4247 3497 4314 ἀγγεῖον
3526 4248 3590 4299 ἐκ
3622 4264 3789 4301 κατο-

2218 4334 2467 4403 χρήσεως
2510 4333 2748 4402 λέγεται.
2794 4335 2964 4389 Ὅταν
3012 4335 3121 4407 γὰρ
3169 4335 3262 4389 τοῦ
3321 4337 3491 4408 ὑγροῦ
3527 4337 3682 4392 κενὸν
3729 4335 3784 4412 ᾗ,

2218 4422 2369 4476 οὐδὲν
2408 4418 2572 4497 ’ἦττον
2608 4426 2721 4496 (27)
2774 4426 2967 4497 μεστὸν
3005 4427 3164 4498 ἀέρος
3208 4428 3635 4500 πεπαιδευμένος
3678 4430 3787 4500 (28)

2221 4513 2315 4569 καὶ
2350 4515 2509 4569 τοῦτο
2533 4516 2699 4586 λέγει.
2734 4519 2962 4590 Σημεῖον
2990 4518 3045 4572 δὲ
3075 4519 3165 4573 τὸν
3197 4519 3504 4591 ἐπαχθέντα
3530 4525 3593 4594 τῇ
3627 4523 3788 4594 λίμνῃ

2217 4604 2470 4676 ἀμφορέα
2488 4605 2598 4681 (29)
2635 4607 2709 4678 μὴ
2736 4607 2896 4673 εὐθὺς
2922 4609 3258 4681 πληροῦσθαι
3288 4612 3383 4664 τοῦ
3420 4613 3641 4676 ὓδατος.
3675 4613 3787 4666 ἀλλ’

2221 4697 2567 4764 ἐπιπολάζειν
2599 4698 2670 4753 τὰ
2707 4701 2901 4771 πρῶτα
2923 4742 2938 4769 ,
2981 4702 3075 4756 τοῦ
3115 4703 3582 4775 ἐναπειλημμένου
3631 4704 3789 4774 ἀέρος

2293 4872 2406 4950 (21.)
2460 4874 2987 4950 Ἐνοιτττοτιθεῖσαν.Δ
3014 4881 3059 4931 Α
3103 4878 3155 4932 in
3212 4885 3359 4950 textu
3401 4879 3792 4950 ἐνατοοληῳοεε-

2222 4960 2342 5007 σαν,
2372 4944 2425 4998 in
2457 4947 2699 5013 margine
2737 4947 3177 5004 évarrorsfleisav.
3217 4948 3259 4999 Β
3286 4944 3718 5007 ἐναποτεθεῶαν.

2295 5014 2407 5081 (22)
2452 5017 2508 5081 Tt
2533 5016 2822 5070 τοιοῦτον.
2860 5019 2899 5069 Β
2929 5020 3166 5073 τοιοῦτόν
3196 5034 3266 5072 τι.

2295 5080 2406 5155 (25)
2447 5080 2522 5155 τῼ
2547 5085 2750 5140 ταῦτα.
2791 5090 2835 5141 Δ
2868 5088 2896 5141 ὃ
2926 5090 3116 5144 ταῦτα.

2450 5153 2566 5231 ’_Er_
2586 5156 2795 5231 éayzq'i.
2834 5158 2874 5210 Β
2902 5160 2961 5231 ἐν
2987 5159 3152 5231 αὐτῷ.

2311 5222 2404 5298 gf?)
2443 5225 2693 5298 ﬂpdc._B
2724 5229 2788 5298 τῇ
2824 5229 2980 5298 πρός.

2288 5245 2404 5291 (τοι
2443 5245 2617 5290 υρος.
2651 5245 2693 5278 ι)
2724 5245 2788 5298 τῃ
2824 5247 2866 5281 π
2902 5245 2980 5292 ος.

2288 5276 2417 5374 (26),
2442 5296 2678 5374 ψεστός
2697 5314 2761 5350 τε
2783 5301 2816 5351 ό
2851 5245 2968 5374 ἕὴρ
2994 5316 3050 5352 κ.
3088 5316 3152 5374 τι.
3175 5301 3223 5356 ἐ.
3250 5304 3295 5355 Α
3321 5305 3349 5356 ὁ
3371 5302 3479 5374 ἀὴρ
3513 5300 3703 5374 ναστός
3730 5315 3788 5353 τε

2218 5361 2312 5416 καὶ
2359 5361 2683 5445 πλήρης.ἐῦ
2716 5361 2966 5445 eumdem
3012 5372 3256 5427 ordinent
3296 5361 3501 5438 servat,
3554 5372 3648 5429 sed
3684 5361 3790 5442 ’ριο

2215 5433 2410 5504 ναστρς
2435 5433 2632 5489 retinet
2656 5437 2866 5504 μεστός.

2292 5493 2408 5583 {33)
2452 5493 2872 5583 gaasrﬁnqé.
2908 5508 2951 5561 A
2984 5509 3026 5583 Β
3055 5509 3209 5583 οὐδὲν
3230 5511 3287 5565 δι
3312 5506 3492 5583 ἦττον.

2293 5572 2406 5645 (2Β)
2449 5572 2945 5645 Πεπαιδέιξμένος.
2979 5581 3023 5631 Λ
3054 5580 3096 5631 Β
3131 5583 3160 5634 ὁ
3192 5572 3412 5636 πεπαίδ.

2293 5642 2406 5724 (22)
2457 5642 2759 5724 Ἅμφρρέιέζ
2805 5646 2847 5697 Β
2882 5642 2974 5724 τρν
3006 5651 3146 5721 ἀμφ.
3176 5653 3220 5724 ᾼ
3260 5654 3313 5707 in
3343 5659 3493 5708 textu
3528 5650 3671 5708 idem
3706 5649 3795 5706 ha-

2220 5714 2333 5778 bet,
2363 5714 2419 5769 in
2452 5717 2696 5785 margine
2721 5731 2853 5773 vero
2876 5718 2967 5773 τὸν
2999 5714 3262 5793 κεραμέα.
