3990 6202
341 293 410 352 3:
1381 287 1494 341 DE
1525 285 1746 342 ANIMA
1779 285 1868 341 ET
1898 284 2501 347 RESURRECTIONE.
3529 301 3598 357 58

344 414 441 474 ἐπὶ
478 411 543 466 10
572 409 686 465 ἀνω
714 408 774 462 10
805 405 981 461 κοῖλον
1025 404 1308 476 ἀνέχοντος
1328 445 1342 468 ,
1383 385 1490 470 ἕως
1523 405 1589 460 ἂν
1629 388 1870 469 πιεσθεὶς
1901 406 1928 458 0

2035 419 2093 459 se
2137 407 2290 462 dicit.
2350 408 2519 480 Cujus
2575 411 2652 466 rei
2703 410 2919 482 signum
2968 419 3092 478 est,
3146 411 3288 484 quod
3338 412 3598 483 amphora

344 503 632 576 ἀμφορεὺς
663 503 729 572 τῇ
765 499 908 570 χειρὶ
937 496 1031 551 τοῦ
1062 497 1363 568 ἀρυομένου
1399 499 1456 549 ὲν
1490 497 1568 568 τῷ
1598 495 1752 567 βάθει
1779 497 1925 566 γίνε-

343 612 435 650 ται
465 594 615 666 (50),
646 591 742 646 καὶ
770 590 928 644 τοῦτο
955 589 1067 657 (51)
1095 588 1316 658 δέξηται
1348 589 1424 659 τῷ
1461 589 1687 661 στόματι
1719 589 1834 660 (52)
1864 589 1926 643 τὸ

347 687 528 758 ὕδωρ·
562 679 623 740 06
667 682 955 754 γινομένου
1011 681 1284 735 δείκνυται
1335 681 1396 734 10
1447 681 1521 752 μὴ
1559 680 1715 735 κενὸν
1763 682 1926 736 αὑτὸν

346 776 486 835 εἶναι
518 778 614 832 καὶ
639 776 748 847 πρὸ
784 775 878 829 τοῦ
927 774 1139 836 ὓδατος.
1170 773 1334 844 Μάχη
1384 774 1496 843 (55)
1535 773 1643 844 γάρ
1684 790 1768 837 τις
1797 773 1925 846 περ)⁷

348 871 424 941 τῷ
449 871 682 940 στόματι
715 866 830 936 (54)
865 865 972 918 τῶν
1012 863 1104 917 δύο
1131 865 1407 933 στοιχείων
1435 867 1626 936 ὁρᾶται
1649 907 1664 932 ,
1699 864 1792 918 τοῦ
1827 866 1924 936 μὲν

351 961 540 1024 ὓδατος
588 958 692 1012 ὑπὸ
737 957 934 1029 βάρους
969 955 1061 1008 ἐπὶ
1088 955 1149 1008 10
1184 955 1360 1010 κοῖλον
1392 954 1709 1027 βιαζομένου
1737 974 1796 1010 τε
1830 958 1924 1012 καὶ

350 1051 650 1126 είσρέοντος
675 1090 688 1114 ,
745 1048 838 1101 τοῦ
893 1047 948 1100 δὲ
1002 1046 1165 1117 ἀέρος
1211 1046 1303 1100 τοῦ
1346 1047 1812 1119 ὲναπειλημμένου
1849 1049 1925 1120 τῷ

351 1141 512 1212 κοίλῳ
543 1139 631 1194 διὰ
671 1138 766 1192 τοῦ
813 1136 979 1191 αὑτοῦ
1029 1137 1296 1208 στόματος
1325 1138 1436 1208 (55)
1475 1139 1568 1192 ἐπὶ
1599 1140 1660 1192 10
1692 1139 1925 1210 ἔμπαλιν

350 1229 766 1302 συνθλιϐομένου
807 1229 936 1300 περὶ
965 1227 1026 1281 10
1055 1227 1196 1300 ὕδωρ
1223 1268 1238 1293 ,
1285 1230 1380 1283 καὶ
1417 1230 1774 1302 ἀναρρέοντος
1799 1271 1813 1296 ,
1849 1232 1926 1296 ὡς

350 1325 442 1378 καὶ
468 1323 578 1395 (56)
617 1319 1016 1376 ἀνακόπτεσθαι
1037 1319 1126 1373 διά
1147 1319 1334 1374 τούτου
1362 1321 1473 1392 (57)
1508 1322 1601 1375 καὶ
1633 1324 1926 1394 ἀνακοχλά-

349 1419 464 1482 ζειν
506 1415 616 1484 (58)
644 1413 706 1466 10
740 1413 884 1482 ὕδωρ
911 1410 1268 1483 περιαφρίξον
1305 1413 1414 1484 (59)
1439 1417 1505 1485 τῇ
1536 1414 1625 1485 βίᾳ
1649 1415 1742 1468 τοῦ
1769 1415 1928 1469 meo-

353 1525 536 1580 ματος.
579 1506 765 1560 Ταῦτα
792 1505 904 1577 (40)
940 1501 1033 1558 οῦν
1077 1504 1369 1575 κατενόησε
1395 1545 1409 1569 ,
1446 1506 1540 1558 καὶ
1563 1507 1709 1570 ὅπως
1742 1507 1808 1561 ἂν
1835 1509 1923 1560 ὲν-

349 1598 532 1670 τεθείη
564 1597 782 1668 πνεῦμα
807 1595 885 1667 τῷ
909 1597 1258 1672 μηχανήματι
1281 1596 1370 1650 διὰ
1391 1597 1491 1667 τῆς
1520 1597 1626 1651 τῶν
1649 1599 1925 1670 στοιχείων

351 1689 566 1760 φύσεως
621 1687 905 1756 ἐπενόησε.
939 1685 1126 1739 Κοῖλον
1172 1686 1281 1757 γάρ
1323 1703 1376 1739 τι
1410 1687 1522 1758 (41)
1551 1687 1616 1740 ὲκ
1662 1687 1926 1758 στεγανῆς
1958 1691 1969 1760 I‘

349 1781 485 1852 ῦλης
541 1777 987 1842 κατασκευάσας,
1026 1778 1120 1830 καὶ
1156 1777 1491 1848 πανταχόθεν
1524 1777 1616 1832 τὸν
1667 1780 1725 1832 ὲν
1773 1780 1924 1851 αὑτῷ

351 1873 495 1941 ἀέρα
526 1869 796 1941 περισχὼν
848 1869 1236 1923 ἀδιάπνευστον
1261 1912 1274 1934 ,
1321 1870 1516 1936 ὲπάγει
1562 1870 1623 1922 10
1662 1869 1805 1942 ὕδωρ
1835 1872 1925 1926 διὰ

353 1963 619 2034 στόματος
645 1962 755 2032 (η)
793 1961 869 2031 τῷ
897 1961 1081 2031 κοίλῳ,
1122 1959 1263 2014 κατά
1295 1961 1356 2014 10
1391 1962 1587 2033 μέτρον
1612 1962 1710 2032 τῆς
1736 1965 1925 2034 χρείας

345 2055 409 2108 10
435 2052 600 2107 ποσὸν
639 2052 1032 2124 συμμετρήσας
1073 2049 1168 2105 τοῦ
1215 2051 1440 2116 ὓδατος,
1477 2047 1579 2106 εἶθ’
1613 2051 1786 2117 οῦτως
1831 2054 1924 2108 ἐπὶ

349 2145 440 2199 10v
470 2143 867 2216 παρακείμενον
892 2141 1055 2195 αὐλὸν
1085 2141 1267 2195 δίδωσι
1293 2142 1432 2196 κατά
1457 2142 1519 2194 10
1547 2143 1923 2215 ἀντικείμενον

347 2235 425 2308 τῷ
456 2235 578 2306 ἀέρι
612 2235 711 2306 τὴν
739 2233 927 2298 δίοδον,
960 2231 1339 2302 ἐκθλιϐόμενος
1368 2233 1425 2286 δὲ
1448 2231 1526 2304 τῷ
1564 2233 1716 2289 ὕδατι
1749 2235 1922 2306 βιαιό-

345 2343 502 2398 τερον
535 2328 565 2379 0
595 2326 703 2396 ἀὴρ
749 2323 960 2395 πνεῦμα
988 2324 1232 2394 γίνεταιο
1261 2325 1398 2397 ὅπερ
1426 2324 1689 2380 ἐκπίπτον
1711 2327 1823 2399 (45)
1853 2331 1919 2399 τῇ

346 2420 666 2489 κατασκευῇ
700 2415 792 2470 τοῦ
824 2413 987 2470 αὐλοῦ
1026 2415 1116 2470 τὸν
1145 2411 1277 2488 ἦχον
1305 2417 1466 2471 ποιεῖ.

2026 495 2243 552 admota
2307 507 2504 571 stagno
2559 517 2667 557 non
2732 502 2912 557 statim
2963 517 3104 572 aqua
3181 503 3444 574 repletur,
3502 511 3596 561 sed

2026 590 2284 659 primum,
2307 601 2498 648 coacto
2517 608 2582 648 ac
2605 593 2943 664 deprehenso
2969 595 3114 650 intus
3145 609 3270 651 aere
3297 610 3595 651 concavum

2031 695 2250 736 sursum
2293 685 2535 749 tollente,
2595 686 2856 751 innatat,
2915 688 3091 757 quoad
3147 687 3448 745 haurientis
3483 704 3600 743 ma-

2026 785 2100 824 nu
2136 772 2398 838 amphora
2448 788 2636 844 pressa
2687 776 2741 829 in
2792 775 2960 831 fundo
3018 776 3202 843 fuerit,
3234 792 3298 832 ac
3341 786 3472 832 tunc
3500 794 3598 849 per

2031 877 2095 918 os
2154 865 2384 934 accipiat
2444 881 2682 936 aquam;
2740 883 2850 937 quo
2899 866 3041 923 facto
3096 868 3424 932 ostenditur,
3450 868 3593 938 quod

2027 969 2130 1009 nec
2205 963 2498 1027 antequam
2571 972 2712 1028 aqua
2785 959 3127 1028 repleretur,
3182 973 3350 1014 vacua
3428 969 3590 1014 esset.

2031 1043 2166 1099 Nam
2224 1063 2403 1118 pugna
2451 1049 2696 1118 quaedam
2753 1050 2983 1105 duorum
3040 1052 3188 1106 circa
3243 1065 3307 1107 os
3356 1049 3594 1106 elemen-

2028 1143 2206 1191 torum
2265 1137 2528 1202 ecrnitnr,
2561 1139 2688 1194 dum
2749 1155 2889 1210 aqua
2948 1140 3163 1210 quidem
3216 1151 3434 1212 propter
3471 1155 3595 1211 gra-

2027 1228 2246 1283 vitatem"
2289 1237 2343 1284 et
2381 1231 2840 1299 ponderositatem
2887 1234 2937 1288 vi
2979 1235 3031 1288 in
3085 1248 3385 1289 concavum
3419 1232 3595 1286 innuit

2029 1328 2191 1388 atque
2233 1318 2527 1389 irrumpit:
2561 1334 2654 1374 aer
2686 1335 2846 1385 vero,
2903 1321 2998 1392 qui
3028 1321 3081 1375 in
3133 1336 3377 1376 concavo
3423 1320 3596 1375 inter-
3655 1303 3665 1313 ’

2027 1419 2218 1481 ceptus
2272 1409 2719 1480 deprehenditur,
2793 1427 2889 1482 per
2961 1410 3102 1467 idem
3156 1426 3220 1466 os
3276 1412 3330 1465 in
3381 1421 3599 1465 contra-

2035 1503 2175 1556 rium
2233 1501 2375 1556 circa
2412 1516 2606 1572 aquam
2662 1510 2972 1556 eoarctatus
3033 1501 3290 1558 dilabitur
3357 1517 3421 1556 ac
3453 1511 3600 1557 retro

2026 1591 2182 1660 ﬂuit,
2221 1592 2356 1648 adeo
2383 1601 2442 1646 ut
2493 1608 2588 1663 per
2632 1593 2778 1647 hunc
2834 1608 2974 1664 aqua
3031 1593 3187 1662 quasi
3234 1593 3598 1663 interrumpa-

2026 1695 2118 1740 tur
2163 1695 2216 1742 et
2261 1685 2619 1756 impediatur,
2665 1700 2729 1740 ac
2790 1687 2839 1740 vi
2898 1685 3125 1757 spiritus
3179 1685 3413 1741 refracta
3459 1685 3599 1740 reci-

2027 1785 2368 1849 procataque
2398 1793 2463 1832 ac
2511 1793 2772 1848 spumans
2823 1778 2977 1848 quasi
3010 1793 3041 1833 e
3068 1778 3357 1848 conchylio
3401 1793 3597 1834 sonum

2022 1871 2168 1926 edat.
2229 1869 2294 1924 Et
2343 1869 2460 1924 hme
2507 1870 2672 1939 igitur
2711 1869 3146 1945 animadvertit,
3200 1877 3254 1926 et
3325 1868 3600 1940 quomodo

2022 1962 2250 2033 spiritus
2311 1961 2582 2016 machinis
2626 1961 2986 2028 immittatur,
3057 1975 3153 2032 per
3206 1959 3599 2016 elementorum

2023 2061 2273 2107 naturam
2307 2052 2658 2122 excoigitavit.
2694 2050 2828 2106 Nam
2883 2067 3125 2107 concavo
3155 2053 3390 2123 quodam
3422 2067 3487 2108 ex
3518 2067 3603 2108 so-

2022 2143 2131 2198 lida
2173 2143 2418 2215 duraque
2489 2147 2716 2202 materia
2793 2145 2978 2212 facto,
3050 2154 3214 2217 atque
3281 2161 3410 2201 aere
3454 2146 3603 2201 intus

2030 2238 2292 2294 concluso
2374 2237 2612 2308 undique
2670 2237 2918 2294 cohibito
2950 2246 3113 2308 atque
3159 2253 3475 2309 compresso
3535 2253 3604 2294 ne

2029 2329 2293 2399 exspiret,
2332 2344 2550 2400 aquam,
2584 2344 2683 2400 pro
2731 2328 2892 2384 modo
2938 2329 3223 2400 praesentis
3258 2345 3390 2384 usus
3435 2344 3604 2400 quan-
3691 2406 3696 2411 ‘

2035 2423 2243 2479 titatem
2300 2424 2419 2493 ejus
2465 2423 2770 2490 dimensus,
2823 2441 2920 2495 per
2973 2441 3034 2482 os
3090 2427 3144 2480 in
3194 2441 3498 2504 concavum)
3528 2426 3603 2480 in-

345 2513 535 2579 ducit,
591 2510 786 2567 deinde
859 2510 941 2566 sic
988 2510 1058 2566 ad
1115 2510 1422 2582 oppositam
1476 2513 1715 2569 ﬁstulam
1771 2531 1837 2572 ex
1907 2516 2140 2574 adverso
2201 2519 2491 2574 transitum
2549 2519 2660 2573 aeri
2748 2520 2877 2584 dat,
2929 2536 3222 2590 expressus
3268 2531 3447 2576 autem
3513 2538 3604 2578 ve-

363 2607 680 2663 hementius
767 2615 820 2662 et
882 2606 1054 2695 elisus
1107 2604 1176 2660 ab
1246 2619 1387 2676 aqua
1471 2606 1760 2665 violentius
1827 2625 1967 2678 aer,
2006 2613 2232 2684 spiritus
2283 2612 2388 2667 ﬁt:
2450 2613 2544 2683 qui
2623 2612 2850 2683 spiritus
2910 2613 3126 2670 irruens
3176 2623 3228 2669 et
3282 2615 3604 2671 incumbens

356 2699 412 2753 in
453 2706 788 2754 structuram
840 2697 1034 2754 ﬁstulae
1073 2712 1267 2754 sonum
1313 2698 1444 2754 edit.

417 2785 542 2861 Ἆρ’
581 2791 642 2843 οὐ
668 2789 780 2861 (44)
826 2791 1073 2862 φανερῶς
1101 2789 1374 2844 δείκνυται
1401 2791 1490 2844 διὰ
1513 2791 1622 2846 τῶν
1665 2793 1924 2865 φαινομέ-

2103 2792 2300 2846 Annon
2360 2789 2526 2860 igitur
2569 2805 2663 2860 per
2707 2804 2771 2844 ea
2829 2804 2950 2860 quae
3002 2798 3265 2861 apparent
3315 2789 3604 2847 manifesto

347 2899 476 2945 νων,
511 2882 593 2964 ὅτι
626 2880 742 2934 ἐστι
785 2899 868 2946 τις
903 2883 961 2935 ὲν
989 2881 1066 2954 τῷ
1103 2881 1374 2954 ἀνθρώπῳ
1397 2883 1522 2948 νοῦς
1570 2884 1699 2940 ἄλλο
1734 2904 1786 2941 τι
1815 2887 1924 2960 (45)

2035 2884 2345 2940 ostenditur
2410 2881 2553 2953 quod
2621 2883 2693 2937 sit
2749 2883 2998 2952 quaedam
3069 2883 3124 2937 in
3177 2881 3394 2938 homine
3451 2899 3604 2939 mens

350 2972 502 3044 παρά
527 2973 590 3026 10
636 2974 960 3043 φαινόμενον
979 3013 994 3038 ,
1025 2974 1052 3027 0
1085 2973 1162 3043 τῷ
1189 2973 1303 3044 (46)
1333 2974 1502 3028 ἀειδεῖ
1531 2987 1590 3030 τε
1622 2978 1714 3032 καὶ
1756 2978 1927 3051 νοερῷ

2035 2973 2241 3046 aliquid
2272 2974 2424 3029 aliud
2477 2984 2638 3044 atque
2691 2981 2938 3044 apparet,
2979 2990 3099 3044 qua:
3139 2974 3396 3029 invisibili
3441 2983 3606 3044 atque

351 3063 448 3134 τῆς
485 3063 618 3126 ἰδίας
653 3063 869 3134 φύσεως
897 3064 1072 3119 ταῦτα
1099 3065 1158 3118 ὲν
1188 3065 1365 3136 ἑαυτῷ
1394 3069 1926 3138 προκατασκευάζων

2035 3064 2256 3120 informi
2304 3071 2357 3117 et
2409 3063 2770 3132 intelligentia
2816 3062 3041 3132 prazdita
3102 3070 3294 3117 natura
3338 3077 3435 3116 sua
3491 3063 3605 3117 hac

349 3158 468 3220 ταῖς
489 3155 754 3218 ἐπινοίαις
776 3195 790 3221 ,
820 3151 918 3208 εἷθ’
959 3154 1128 3218 οὕτως
1158 3155 1246 3208 διὰ
1269 3156 1366 3226 τῆς
1397 3157 1584 3228 ὑλικῆς
1627 3159 1928 3232 ὑπηρεσίας

349 3249 428 3311 εἰς
456 3247 517 3300 10
569 3248 805 3318 ἐμφανὲς
839 3248 987 3316 ἄγων
1015 3247 1116 3318 τὴν
1153 3247 1297 3303 ἔνδον
1331 3252 1604 3304 συστᾶσαν
1649 3251 1926 3321 διάνοιαν;

349 3338 414 3393 El
448 3339 558 3410 γὰρ
586 3334 654 3410 ἦν
684 3339 824 3392 κατά
846 3341 936 3392 τὸν
963 3339 1311 3394 ἀντιτεθέντα
1334 3339 1490 3410 λόγον
1512 3343 1642 3413 ἡμῖν
1668 3345 1734 3414 τῇ
1769 3343 1930 3413 φύσει

349 3431 458 3483 τῶν
509 3430 789 3504 στοιχείων
841 3429 941 3493 τάς
973 3429 1226 3494 τοιαύτας
1260 3429 1691 3502 θαυματοποιίας
1726 3433 1932 3502 λογίζε-

351 3520 476 3576 σθαι
500 3521 648 3592 (47),
681 3521 1008 3593 αὐτομάτως
1037 3521 1104 3575 ἂν
1154 3522 1284 3593 ἡμῖν
1329 3523 1558 3594 συνέστη
1604 3524 1820 3588 πάντως
1862 3526 1932 3579 τὰ

353 3616 720 3685 μηχανήματα
750 3631 762 3644 ·
799 3615 894 3668 καὶ
923 3613 1046 3666 οὔτε
1087 3616 1114 3668 0
1142 3615 1340 3685 χαλκὸς
1375 3615 1475 3685 τὴν
1506 3615 1699 3687 τέχνην
1731 3617 1931 3688 ἀνέμε-

351 3721 440 3758 νεν
467 3706 547 3768 είς
577 3704 639 3757 10
661 3704 912 3772 γενέσθαι
937 3704 1308 3776 ἀνδροείκελον
1334 3704 1446 3776 (48)
1473 3746 1487 3770 ,
1521 3705 1636 3758 ἀλλ’
1661 3705 1790 3759 εὐθὺ
1819 3705 1930 3777 (49)

352 3795 420 3848 ἂν
443 3795 687 3859 τοιοῦτος
718 3797 783 3848 ἐκ
826 3795 1039 3865 φύσεως
1079 3795 1192 3866 (50)
1236 3790 1304 3866 ἦν
1327 3808 1340 3824 ⁸
1371 3795 1479 3848 οὐδ’
1529 3795 1596 3849 ἂν
1642 3797 1736 3850 τοῦ
1765 3796 1931 3852 αὐλοῦ

353 3887 498 3956 πρὸς
542 3885 633 3938 10v
673 3882 803 3956 ἦχον
843 3888 871 3939 0
897 3887 1005 3959 ἀὴρ
1047 3886 1269 3958 ἐδεήθη,
1299 3887 1434 3940 ἀλλά
1463 3887 1688 3941 πάντοτε
1741 3889 1808 3943 ἂν
1846 3889 1930 3959 ἐφ’

356 3975 557 4029 ἑαυτοῦ
594 3977 701 4046 (54)
743 3977 859 4047 ἤχει
890 3977 1030 4031 κατά
1059 3978 1121 4030 10
1157 3976 1369 4047 συμϐἰν
1399 3977 1510 4049 (52)
1531 4017 1546 4043 ,
1589 3979 1728 4050 ῥέων
1753 3996 1812 4031 τε
1839 3979 1933 4032 καὶ

352 4068 703 4138 κινούμενος·
737 4068 828 4122 106
853 4087 910 4123 τε
939 4069 1050 4141 (55)
1084 4068 1272 4132 ὓδατος
1293 4070 1393 4124 οὐκ
1415 4069 1480 4124 ἀν
1505 4066 1574 4141 ἦν
1600 4071 1929 4143 βεϐιασμένη

352 4161 444 4214 διὰ
466 4161 735 4230 σωλῆνος,
770 4163 803 4234 ὴ
847 4164 984 4236 πρὸς
1012 4164 1110 4234 τὴν
1145 4164 1422 4237 ἀναφορὰν
1453 4163 1565 4235 (54)
1598 4165 1698 4235 τῆς
1737 4165 1932 4237 τέχνης

354 4253 421 4304 ὲκ
459 4254 776 4323 πιεσμάτων
805 4257 884 4318 είς
912 4256 969 4308 τὸ
1002 4255 1152 4328 παρά
1195 4256 1356 4327 φύσιν
1391 4255 1784 4321 ἀναθλιϐούσης
1833 4256 1932 4327 τὴν

355 4344 569 4414 κίνησιν
589 4363 602 4376 ·
630 4346 746 4400 ἀλλ’
785 4347 1104 4418 αὐτομάτως
1145 4349 1269 4418 ἀνίη
1301 4348 1414 4417 (55)
1443 4347 1503 4400 10
1544 4346 1690 4417 ὕδωρ
1715 4347 1932 4411 πάντως

2031 3157 2177 3212 intra
2217 3156 2456 3226 seipsam
2508 3157 2817 3225 excogitata
2850 3170 3186 3225 pra-parans,
3239 3155 3318 3211 sic
3346 3155 3608 3227 deinceps

2031 3263 2130 3319 per
2169 3248 2451 3302 materiale
2507 3246 2878 3302 ministerium
2935 3248 2990 3301 in
3047 3247 3394 3317 prepatui'um
3443 3255 3608 3318 atque

2033 3345 2281 3410 apertum
2321 3339 2506 3394 educit
2550 3338 2701 3392 intus
2755 3337 3014 3408 agitatam
3075 3347 3130 3393 et
3171 3337 3462 3392 conﬂatam
3517 3339 3603 3393 in-

2031 3431 2434 3503 telligentiam?
2465 3429 2599 3483 Nam
2650 3429 2697 3485 si
2747 3428 2908 3500 juxta
2944 3429 3252 3500 oppositam
3283 3429 3443 3484 nobis
3477 3444 3605 3484 ora-

2035 3523 2235 3578 tionem
2285 3523 2677 3577 elementorum
2733 3529 2945 3575 naturze
2989 3521 3118 3574 talia
3166 3519 3394 3575 miriﬁca
3439 3536 3605 3591 opera

2034 3615 2310 3671 ascribere
2366 3624 2528 3686 atque
2564 3615 2847 3685 assignare
2898 3615 3105 3682 liceret,
3139 3629 3237 3669 sua
3287 3621 3480 3682 sponte
3512 3629 3608 3668 ca-

2034 3721 2209 3777 suque
2231 3707 2456 3762 fortuito
2485 3705 2644 3761 nobis
2669 3721 2897 3776 prorsus
2918 3705 3183 3761 machinae
3202 3705 3605 3772 conderentur;

2034 3812 2099 3852 ac
2144 3812 2322 3868 neque
2369 3812 2443 3854 tes
2488 3805 2661 3852 artem
2707 3803 3050 3868 exspectaret
3097 3796 3164 3850 ad
3203 3796 3307 3852 hoc
3335 3806 3395 3851 ut
3429 3805 3609 3851 statua

2034 3890 2213 3946 virilis
2249 3889 2525 3954 evaderet,
2553 3888 2649 3944 sed
2689 3890 2941 3960 protinus
2991 3903 3022 3942 a
3063 3896 3259 3942 natura
3305 3891 3410 3945 tale
3440 3898 3606 3953 esset,
3658 3901 3662 3905 '

2035 3997 2214 4052 neque
2257 3981 2322 4037 ad
2353 3997 2548 4038 sonum
2579 3981 2848 4037 edendum
2897 3995 2992 4036 aer
3028 3980 3161 4035 tubo
3193 3996 3332 4052 Opus
3366 3982 3608 4047 haberet,

2036 4076 2130 4130 sed
2163 4089 2378 4146 semper
2403 4090 2500 4145 per
2523 4089 2646 4130 sese
2671 4081 2978 4137 resonaret,
3021 4073 3230 4142 quippe
3257 4073 3349 4142 qui
3383 4071 3611 4126 fortuito

2037 4181 2167 4222 casu
2208 4164 2398 4222 ﬂueret
2433 4174 2488 4220 et
2534 4173 2869 4227 moveretur,
2911 4178 3088 4232 neque
3139 4178 3294 4231 aqua:
3332 4177 3429 4231 per
3459 4163 3612 4217 ﬁstu-

2036 4259 2141 4312 lam
2189 4271 2388 4312 cursus
2434 4256 2487 4310 in
2546 4255 2802 4320 sublime,
2855 4262 2974 4306 arte
3035 4259 3240 4305 motum
3287 4260 3486 4319 praeter
3515 4267 3612 4304 na-

2034 4359 2214 4406 turam
2257 4365 2352 4420 per
2402 4347 2792 4420 expressiones
2834 4347 2901 4402 ad
2941 4360 3140 4415 supera
3171 4347 3410 4400 elidente
3448 4356 3610 4415 atque

357 4436 495 4504 πρὸς
523 4437 583 4488 10
611 4437 930 4508 μηχάνημα,
959 4441 1024 4510 τῇ
1059 4439 1166 4509 ίδίᾳ
1197 4440 1355 4509 φύσει
1389 4439 1479 4492 ἐπὶ
1508 4439 1568 4492 10
1601 4440 1712 4493 ἄνω
1735 4439 1926 4509 ὀχετη-

2035 4447 2278 4512 cogente,
2327 4448 2386 4493 ut
2419 4438 2808 4502 conﬁceretur,
2852 4435 2948 4492 sed
2993 4442 3186 4506 sponte
3218 4449 3318 4490 sua
3383 4450 3609 4504 prorsus

357 4525 641 4596 γούμενον.
685 4529 747 4581 Et
779 4527 837 4582 δὲ
866 4529 1069 4582 τούτων
1094 4529 1236 4584 κατά
1265 4529 1324 4582 10
1343 4529 1645 4599 αὐτόματόν
1665 4530 1812 4581 ἐστιν
1836 4529 1928 4581 οὐ-

353 4617 442 4670 δὲν
491 4618 596 4671 ὑπὸ
644 4620 742 4690 τῆς
789 4620 897 4673 τῶν
947 4623 1223 4691 στοιχείων
1277 4621 1490 4690 φύσεως
1521 4619 1929 4691 ἔνεργούμενον,

350 4707 491 4762 ἀλλά
521 4708 688 4783 τέχνῃ
723 4710 859 4781 πρὸς
887 4710 949 4763 10
998 4711 1187 4764 δοκοῦν
1237 4711 1468 4766 ἕκαστον
1513 4710 1744 4782 ἄγεταιο
1795 4712 1828 4783 ἡ
1874 4711 1931 4765 δὲ

425 4883 540 4960 (3"?)
579 4887 839 4960 ῙΪίζεταιτ
883 4887 1262 4960 ῥαγένηταιο

448 4956 540 5020 51)
587 4956 787 5010 Τοῦτο.
816 4959 856 5008 Α
886 4958 927 5008 Β
953 4958 1095 5012 τότε.

449 5025 540 5098 ξιξ)
585 5026 671 5098 Τῷ
695 5027 964 5098 στόματι.
1001 5030 1043 5079 Α
1075 5029 1116 5080 Β
1147 5027 1224 5098 τῷ
1249 5027 1470 5098 στομίῳ.

427 5095 539 5173 £333?)
577 5095 779 5173 δέείκηο
802 5097 871 5173 ,Β-
905 5099 1136 5173 inn-XM-

428 5165 541 5236 (54)
588 5165 669 5228 Τῷ
699 5165 1048 5234 στόματιζλ
1080 5165 1119 5220 Β
1141 5167 1200 5220 10
1230 5165 1466 5236 στόμιον.

427 5235 542 5308 (55)
582 5237 904 5308 Στόμαζος.
938 5239 982 5289 Δ
1012 5239 1052 5289 Β
1089 5237 1334 5308 στομίου.

430 5305 546 5373 (56⁷)
599 5305 693 5368 Ὠς
715 5306 834 5358 καί.
876 5308 982 5360 Καί
1017 5305 1262 5363 ἀυιεεῑᾈ.

450 5376 544 5448 73?)
582 5377 683 5448 ᾼιὰ
715 5377 1020 5448 τούτουεΒ
1047 5379 1134 5431 διὰ
1169 5376 1327 5431 τοῦτο
1351 5377 1404 5448 ἦ.

454 5445 544 5518 58)
595 5446 1058 5518 Ἀνακοχλὰζειν.
1086 5451 1129 5500 Α
1157 5450 1197 5500 Β
1223 5445 1718 5518 ἀνακογχυλιάζειν.

452 5516 545 5590 50)
586 5517 986 5590 ζιεριαρρίζον.
1022 5519 1061 5570 Β
1095 5516 1528 5590 περιαφρίζοντι.

429 5585 542 5655 (40)
588 5587 796 5640 Ταῦτα.
833 5590 875 5641 Α
911 5590 952 5641 Β
979 5585 1256 5643 ταῦτάτε.

457 5655 546 5730 44)
587 5656 804 5730 [ξοῖτιον
827 5660 936 5730 γάρ
965 5678 1040 5714 τι.
1080 5662 1116 5712 Β
1146 5660 1286 5713 delet
1311 5661 1434 5730 γὰρ.

459 5726 548 5798 42)
589 5726 909 5801 Στόματόςξ
936 5736 977 5786 Α
1009 5731 1054 5784 Β
1077 5730 1316 5800 στομίου.

522 5101 542 5306 l

2039 4543 2180 4599 aqua
2223 4527 2289 4583 ad
2319 4527 2632 4584 machinam
2671 4524 3014 4590 ascenderet,
3063 4523 3262 4594 quippe
3294 4523 3380 4578 sui
3416 4532 3610 4577 natura

2040 4634 2260 4675 sursum
2288 4627 2496 4675 evecta.
2529 4616 2625 4673 Sin
2662 4628 2843 4673 autem
2887 4618 3082 4672 horum
3113 4617 3251 4672 nihil
3278 4632 3375 4670 sua
3413 4626 3613 4687 sponte

2041 4711 2108 4767 ab
2147 4712 2543 4768 elementorum
2593 4719 2792 4766 natura
2837 4709 3094 4776 eﬁieitur,
3143 4709 3237 4766 sed
3276 4719 3415 4775 arte,
3448 4725 3613 4781 quor-

2105 4887 2218 4957 (45)
2257 4887 2606 4957 ξΕκπίπτον.
2639 4889 2682 4940 Α
2716 4888 2757 4939 Β
2782 4889 3074 4957 ἐμπίπτον.

2105 4952 2218 5030 (44)
2255 4952 2374 5030 Ἆρ’
2405 4959 2496 5012 οὐ.
2529 4958 2573 5010 Α
2600 4957 2653 5030 i_n
2674 4952 2923 5030 margine
2951 4955 3040 5030 ἆρ’
3081 4954 3174 5014 οῦν
3203 4961 3286 5015 οῦ.

2108 5027 2220 5095 (45)
2263 5028 2451 5081 Ἀλλο
2480 5046 2553 5081 τι.
2599 5028 2640 5078 Β
2663 5027 2819 5091 ἀλλος
2845 5046 2948 5093 τις.

2034 5117 2041 5125 ’
2107 5097 2220 5164 (46)
2272 5097 2324 5149 Ὀ
2358 5096 2461 5167 τῷ.
2495 5099 2536 5150 Α
2566 5098 2624 5162 ὃς
2654 5096 2752 5167 τῷ.

2131 5167 2220 5235 47)
2263 5165 2626 5236 Λογίζεσθαι.
2672 5165 2715 5220 Α
2752 5167 2806 5222 in
2859 5168 3106 5237 margine
3143 5166 3618 5236 καταλογίζεσθαι.

2132 5239 2224 5309 48)
2263 5237 2742 5309 ξΑνδροείκελοκε
2781 5242 2824 5290 Α
2849 5236 3210 5309 ἀνδρείκελον.

2107 5307 2219 5374 (49)
2255 5307 2435 5361 Εὑθύ.
2479 5309 2523 5359 Α
2553 5311 2593 5360 Β
2623 5307 2802 5370 εὐθύς.

2109 5377 2224 5446 (50)
2272 5377 2542 5442 Τοιοῦτος
2566 5378 2634 5430 ἐκ
2668 5379 2926 5445 φύσεως.
2972 5376 3012 5427 Β
3045 5376 3350 5446 ἐκφύσεως
3388 5375 3619 5431 τοιοῦτο.

2106 5445 2219 5515 (51)
2261 5448 2362 5500 Ἂν
2386 5446 2478 5514 ἐφ’
2518 5447 2758 5501 ἑαυτοῦ.
2799 5446 2914 5515 Ἐφ’
2944 5445 3140 5498 ἑαυτοῦ
3161 5446 3248 5501 ἄν.

2110 5517 2222 5586 (52)
2263 5515 2524 5587 Συμϐᾶν.
2561 5518 2601 5568 Β
2636 5515 2871 5587 συμϐάν.

2109 5588 2220 5657 (55)
2264 5586 2378 5640 Τοῦ
2412 5603 2494 5642 τε.
2522 5587 2566 5657 Β(
2594 5586 2685 5640 τοῦ
2713 5586 2802 5640 δέ.

2268 5656 2632 5732 Ῐιὶνξαρορὰν.
2671 5659 2712 5710 Α
2747 5658 2786 5732 Β
2817 5655 3017 5732 τὸύᾶνω
3049 5661 3208 5732 φορά.

2121 5729 2232 5799 (55)
2267 5728 2576 5796 Ἀνίημίιίιι
2597 5736 2744 5784 textu
2763 5727 2829 5782 ἂν
2855 5730 2936 5800 εἴη
2963 5732 3014 5782 in
3035 5727 3228 5802 marg.,
3249 5729 3354 5800 ᾔει.
3376 5729 3415 5780 Β
3442 5727 3632 5784 dmin.
