3990 6202
559 318 631 376 39
1806 309 1867 365 s.
1901 304 2225 365 casconn
2254 293 2551 366 uv'ssnm
3794 314 3848 369 ις

563 443 686 487 sum
720 426 898 483 visum
923 425 1091 482 fuerit
1129 426 1561 499 unumquodque
1604 425 1825 482 ducitur
1854 446 1867 481 :
1912 442 2003 482 ars
2037 441 2121 483 aut

2235 428 2398 501 τέχνη
2429 429 2638 483 διάνοιά
2666 426 2780 499 (56)
2810 429 2894 493 τίς
2915 430 3033 483 ἐστι
3058 430 3190 485 ποία
3221 429 3440 503 κίνησίς
3469 446 3538 484 τε
3568 429 3676 485 καὶ
3701 430 3848 504 ὲνέρ

561 530 671 575 teut
721 527 806 574 est
858 519 1212 589 intelligentia
1263 520 1513 590 quaedam
1564 519 1781 576 stabilis
1833 533 1898 573 ac
1954 518 2134 584 ﬁrma,

562 624 687 677 qua:
714 608 780 663 ad
818 609 1043 679 aliquod
1083 612 1423 681 propositum
1454 618 1509 666 et
1544 610 1858 667 institutum
1890 625 1986 680 per
2018 624 2140 663 ma-

559 703 754 757 teriam
777 712 1089 768 exercetur,
1112 712 1275 774 atque
1298 703 1664 774 intelligentia
1688 704 1891 759 mentis
1914 702 2140 773 quidam

2243 539 2367 592 γεια
2394 563 2409 584 ,
2452 523 2562 596 ἄρα
2606 524 2703 577 κα).
2752 522 2842 577 διὰ
2876 523 2987 576 τῶν
3017 523 3311 579 ἀντιθέτων
3339 526 3480 595 ἡμῖν
3512 524 3583 578 τὸ
3619 524 3766 579 ἄλλο
3813 541 3847 577 τ

2246 615 2396 684 παρᾶ
2423 614 2484 666 τὸ
2514 614 2837 685 φαινόμενον
2868 610 3008 669 εἶναι
3033 616 3128 670 τὸν
3169 615 3291 672 νοῦν
3321 618 3356 688 ἠ
3396 617 3727 672 ἀκολουθία
3755 617 3847 672 τῶ

2246 703 2554 774 εἰρημένων
2581 704 2884 771 ἀπέδειξεν.

558 798 812 866 proprius
860 807 1046 854 motus
1089 805 1145 853 et
1195 797 1489 853 elﬁcientia
1521 804 1626 861 est,
1685 797 1947 851 nimirum
1978 797 2145 851 etiam
2218 811 2318 868 per
2356 797 2612 870 opposita
2658 799 2822 859 nobis
2870 799 3079 874 aliquid
3126 800 3277 859 aliud
3330 811 3504 874 atque
3588 810 3848 875 apparet

555 905 680 945 esse
700 899 962 960 mentem,
990 892 1388 963 consequentia
1415 891 1692 947 dictorum
1719 889 2142 947 demonstravit.

653 1010 1428 1087 M.Egovero:liocquidem,
1480 1012 1704 1082 inquam
1732 1050 1747 1075 ,
1786 1009 1953 1066 etiam
2012 1007 2130 1079 ipse

560 1104 684 1160 dico
738 1104 814 1159 ita
853 1120 915 1162 se
964 1104 1189 1174 habere,
1234 1106 1382 1178 quod
1428 1105 1689 1161 nimirum
1727 1102 1782 1158 id
1833 1101 1980 1174 quod
2017 1116 2129 1156 non

560 1206 812 1268 apparet,
857 1213 968 1254 non
1004 1198 1148 1255 idem
1180 1200 1253 1255 sit
1283 1214 1409 1255 cum
1448 1214 1515 1254 eo
1547 1195 1692 1268 quod
1724 1202 1984 1267 apparet:
2019 1208 2128 1249 non

562 1299 741 1345 tamen
793 1290 848 1345 in
897 1290 1002 1347 bac
1049 1291 1299 1346 oratione
1344 1288 1508 1345 video
1546 1289 1601 1345 id
1633 1288 1779 1360 quod
1814 1286 2123 1358 quaeritur:

557 1383 797 1435 nondum
827 1380 973 1437 enim
1016 1381 1149 1435 mihi
1180 1380 1349 1452 liquet
1378 1379 1509 1451 quid
1550 1379 1771 1436 tandem
1811 1376 2130 1435 existimare

554 1479 802 1540 oporteat
852 1472 986 1527 illud
1026 1486 1151 1529 esse
1197 1471 1347 1544 quod
1399 1487 1507 1527 non
1562 1476 1811 1542 apparet.
1843 1469 1937 1524 sed
1987 1466 2133 1539 quod

552 1563 836 1619 materiale
885 1563 1107 1633 quidem
1148 1564 1355 1634 aliquid
1397 1579 1506 1618 non
1560 1563 1651 1627 sit,
1712 1559 1878 1618 didici
1914 1575 1977 1616 ex
2012 1575 2132 1615 ser-

551 1668 757 1709 mone:
794 1654 1040 1709 nondum
1072 1661 1269 1710 autem
1287 1655 1519 1725 cognovi
1548 1652 1680 1724 quid
1722 1653 1790 1709 de
1837 1666 1903 1707 eo
1948 1647 2132 1706 dicere

551 1744 861 1801 conveniat.
911 1743 1024 1815 Ego
1055 1744 1160 1801 hoc
1200 1747 1441 1801 maxime
1480 1744 1861 1800 desiderabam
1895 1741 2129 1804 discere,

2304 1005 2366 1059 Γ.
2401 1002 2819 1074 Ἐγὼδέ,Τοῢτο
2857 1004 2954 1077 μὲν
3002 1004 3175 1071 οὕτως
3223 1007 3369 1079 ἔχειν
3410 1007 3570 1079 φημὶ
3611 1008 3719 1064 καὶ
3769 1012 3844 1065 αὐ

2234 1096 2348 1161 τὸς,
2372 1087 2433 1150 τὸ
2463 1095 2538 1167 μὴ
2562 1096 2759 1150 ταύτὸν
2784 1090 2924 1151 εἶναι
2946 1096 3024 1169 τῷ
3046 1100 3357 1171 φαινομένῳ
3378 1099 3442 1154 τὸ
3475 1100 3559 1171 μὴ
3584 1102 3847 1173 φαινόμε

2234 1201 2344 1239 νον·
2380 1187 2441 1239 οὐ
2476 1185 2582 1259 μὴν
2609 1186 2671 1240 τὸ
2702 1186 3031 1260 ζητούμενον
3058 1190 3115 1241 ἐν
3148 1187 3227 1260 τῷ
3248 1189 3392 1259 λόγῳ
3414 1190 3612 1262 τούτῳ
3636 1190 3841 1262 βλέπω

2232 1275 2386 1331 οὔπω
2416 1278 2524 1349 γάρ
2557 1295 2651 1350 μοι
2678 1278 2835 1352 δῆλόν
2882 1281 3030 1334 ἐστιν
3054 1318 3070 1344 ,
3101 1280 3131 1333 ὅ
3176 1280 3232 1334 τί
3262 1295 3393 1334 ποτε
3440 1281 3560 1352 χρὴ
3595 1282 3848 1353 νομίζειν

2239 1369 2416 1422 ἐκεῖνο
2438 1364 2577 1423 εἶναι
2601 1369 2663 1423 τὸ
2693 1369 2767 1442 μὴ
2798 1370 3140 1441 φαινόμενον,
3170 1370 3286 1426 ἀλλ’
3310 1370 3392 1425 ὅτι
3422 1372 3533 1443 μέν
3568 1372 3778 1427 ὑλικόν
3806 1391 3839 1427 τ

2237 1460 2338 1513 οὐκ
2365 1460 2512 1513 ἐστιν
2554 1458 2835 1532 ἐδιδάχθην
2865 1460 2944 1532 τῷ
2980 1460 3122 1532 λόγῳ
3145 1475 3160 1492 ·
3203 1459 3413 1515 οὐδέπω
3442 1460 3506 1514 δὲ
3554 1461 3748 1531 ἔγνων
3777 1503 3793 1526 ,
3832 1465 3848 1518 ἰ

2236 1569 2289 1606 τι
2319 1550 2447 1623 περ).
2473 1550 2640 1605 αὐτοῦ
2669 1552 2935 1623 προσήκει
2970 1550 3181 1621 λέγειν*
3216 1551 3327 1620 ἐγὼ
3359 1551 3418 1606 δέ
3461 1551 3642 1607 τοῦτο
3686 1555 3848 1625 μάλι·

2236 1657 2336 1696 στα
2385 1642 2615 1715 ἐδεόμην
2662 1642 2876 1714 μαθεῖν,
2921 1644 3019 1715 οὐχ
3058 1644 3141 1698 ὅτι
3182 1643 3280 1699 οὐκ
3329 1643 3503 1712 ἐστιν,
3554 1645 3686 1700 ἀλλ’
3705 1648 3848 1718 ὅπερ

2234 1731 2400 1786 ἐστίν.
2428 1733 2573 1789 -—M.
2603 1735 2956 1801 Ἦδέ,ῐῙολλά,
2975 1734 3240 1806 (memmi.
3269 1736 3396 1807 περ).
3427 1736 3663 1791 πολλῶν
3695 1737 3848 1791 οὖτα

549 1849 663 1888 non
716 1835 846 1904 quid
892 1849 1004 1888 non
1048 1834 1142 1901 sit,
1160 1835 1255 1891 sed
1273 1831 1513 1905 quidsit.
1532 1828 1676 1884 —M.
1699 1827 1906 1884 Atilla:
1940 1829 2121 1894 Multa,

2237 1826 2580 1897 μανθάνομεν
2610 1827 2668 1880 ὲν
2712 1826 2791 1897 τῷ
2828 1827 2901 1898 μὴ
2941 1826 3060 1880 τόδε
3092 1844 3147 1880 τι
3178 1826 3359 1895 λέγειν
3410 1823 3563 1883 εἷναι
3596 1829 3743 1885 αὐτὸ
3788 1831 3848 1884 τὲ

549 1923 747 1993 inquit,
802 1922 969 1978 etiam
1009 1920 1077 1976 de
1126 1920 1312 1975 multis
1358 1919 1433 1973 ita
1476 1920 1761 1983 discimus,
1803 1917 1932 1973 dum
1985 1915 2128 1971 dici-

548 2030 672 2068 mus
714 2028 822 2067 non
878 2013 981 2067 hoc
1030 2011 1234 2081 aliquid
1293 2026 1416 2066 esse
1474 2010 1647 2080 ipsam
1698 2006 1996 2065 essentiam
2048 2006 2127 2063 rei

549 2104 813 2173 quacsitre,
848 2104 1108 2173 quidnam
1140 2104 1358 2158 tandem
1389 2118 1453 2159 ea
1494 2117 1582 2158 res
1622 2101 1695 2159 sit
1726 2099 2124 2172 signiﬁcantes.

546 2194 684 2249 Cum
717 2194 862 2248 enim
899 2193 1211 2272 ἀπόνηρον,
1237 2192 1292 2248 id
1341 2202 1425 2248 est
1460 2209 1564 2247 non
1596 2208 1818 2261 pravum
1863 2190 1946 2247 vel
1979 2190 2125 2243 haud

547 2285 748 2339 malum
772 2285 1029 2348 dicimus,
1054 2285 1255 2338 bonum
1275 2284 1650 2348 ostendimus;
1675 2297 1798 2337 cum
1821 2283 1947 2337 item
1971 2281 2129 2335 ἄναν-

547 2374 692 2447 δρον,
735 2375 789 2431 id
836 2383 940 2442 est,
987 2391 1091 2430 non
1128 2376 1298 2430 virum
1351 2374 1839 2440 nominaverimus,
1874 2372 2129 2426 timidum

543 2466 981 2536 designavituus,
1013 2482 1076 2521 ac
1117 2467 1289 2521 multa
1322 2465 1410 2521 bis
1457 2464 1657 2522 similia
1694 2472 1857 2534 atque
1879 2463 2129 2533 ejusdem

2235 1914 2375 1971 εἶναι
2404 1916 2497 1971 τοῦ
2535 1917 2891 1989 ζητουμένου,
2912 1917 2942 1972 δ
2970 1918 3024 1971 τί
3050 1917 3180 1971 ποτέ
3203 1920 3317 1972 ἐστι
3342 1919 3848 1991 διερμηνεύοντες.

2247 2007 2541 2079 Ἀπόνηρον
2591 2007 2698 2081 γὰρ
2751 2008 2995 2074 εἰπόντες
3047 2008 3140 2062 τὸν
3198 2008 3403 2078 ἀγαθὸν
3465 2014 3848 2083 παρεστήκα-

2235 2118 2336 2172 μεν
2387 2101 2499 2173 (57)
2532 2142 2549 2167 ,
2610 2102 2704 2155 καὶ
2756 2101 3015 2174 ἄνανδρον
3069 2101 3435 2174 ὀνομάσαντες
3497 2104 3598 2159 τὸν
3663 2105 3848 2160 δειλὸν

2231 2190 2607 2261 ἐγνωρίσαμεν
2630 2230 2645 2254 ,
2681 2191 2775 2244 καὶ
2827 2190 2996 2244 πολλά
3048 2190 3256 2255 τούτοις
3318 2193 3431 2261 (58)
3460 2192 3628 2246 ἔστιν
3657 2197 3848 2250 εἰπεῖν

2230 2279 2582 2350 ὁμοιότροπα.
2609 2278 2684 2331 Δι’
2718 2271 2794 2332 ὧν
2818 2280 2850 2351 ἢ
2882 2280 2943 2333 τὸ
2966 2280 3327 2352 χρηστότερον
3353 2282 3848 2356 ἀναλαμϐάνομεν

2224 2371 2405 2442 νόημα
2428 2368 2517 2423 διὰ
2541 2369 2643 2439 τῆς
2688 2369 2796 2423 τῶν
2847 2371 3099 2443 πονηρῶν
3146 2372 3475 2442 ἀποφάσεως
3508 2374 3659 2445 (59),
3694 2375 3728 2446 ἢ
3781 2376 3846 2430 τὸ

2227 2462 2459 2534 ἔμπαλιν
2486 2462 2577 2515 ἐπὶ
2604 2462 2665 2516 τὸ
2697 2464 2875 2534 χεῖρον
2902 2466 3020 2527 ταῖς
3053 2464 3327 2527 ὑπονοίαις
3356 2467 3694 2538 τρεπόμεθα
3715 2509 3731 2531 ,
3771 2472 3840 2539 τῇ

544 2559 694 2613 modi
727 2560 835 2614 dici
888 2566 1143 2630 possunt,
1187 2574 1284 2631 per
1316 2573 1435 2629 qum
1477 2558 1564 2613 vel
1617 2558 1999 2627 benigniorem
2030 2568 2121 2625 per

2228 2554 2335 2608 τῶν
2360 2545 2540 2607 καλῶν
2568 2554 2853 2624 ἀφαιρέσει
2890 2554 2951 2607 τὸ
2981 2555 3213 2625 πονηρὸν
3235 2555 3637 2627 ἐνδειξάμενοι.
3671 2558 3843 2612 Οὕτω

543 2650 811 2707 malorum
858 2651 1200 2718 negationem
1256 2649 1568 2719 excipimus
1618 2647 1981 2711 intellectum,
2033 2644 2119 2701 vel

543 2749 735 2794 contra
786 2740 853 2795 ad
906 2741 1232 2795 deteriorem
1267 2739 1581 2808 opinionem
1616 2737 1979 2804 deﬂectimus,
2027 2735 2122 2791 ad-

2226 2645 2404 2701 τοίνυν
2438 2645 2530 2699 καὶ
2558 2645 2651 2698 ἐπὶ
2690 2643 2784 2697 τοῦ
2820 2644 3085 2715 παρόντος
3133 2662 3219 2709 τις
3245 2645 3402 2714 λόγου
3430 2651 3801 2719 κατανοήσας
3821 2692 3838 2716 ,

2228 2738 2328 2791 οὐκ
2378 2735 2446 2791 ἂν
2500 2738 2601 2808 τῆς
2651 2734 2875 2806 δεούσης
2929 2735 3058 2808 περὶ
3101 2736 3163 2789 τὸ
3210 2736 3550 2810 ζητούμενον
3611 2741 3839 2806 ἐννοίας

542 2832 819 2901 emptione
861 2830 1129 2885 bonorum
1190 2831 1243 2887 id
1290 2831 1436 2902 quod
1468 2844 1694 2900 pravum
1724 2838 1777 2884 et
1803 2829 2005 2884 malum
2038 2836 2121 2885 est

2230 2825 2595 2898 ἀποσφαλείη.

543 2926 875 2983 iudicantes.
911 2927 989 2981 Ad
1018 2927 1162 2981 hunc
1208 2927 1376 2999 igitur
1422 2925 1645 2980 modum
1691 2925 1737 2981 si
1804 2925 1929 2995 quis
1963 2940 2031 2980 ex
2102 2924 2360 2994 praesenti
2412 2936 2636 2995 quoque
2689 2922 2996 2993 quaestione
3048 2937 3164 2979 rem
3216 2923 3694 2993 consideravcrit,
3761 2926 3835 2981 ab

544 3032 608 3071 ea
656 3016 993 3086 cogitatione
1036 3024 1201 3087 atque
1238 3016 1501 3089 opinione
1544 3030 1711 3087 quam
1784 3030 1876 3072 res
1920 3015 1987 3071 ad
2058 3014 2414 3087 quaerendum
2461 3021 2518 3069 et
2567 3012 2929 3070 scrutandqu
3013 3013 3297 3086 proposita
3357 3015 3602 3085 requirit
3653 3026 3833 3087 atque

542 3111 837 3178 desiderat,
880 3126 991 3166 non
1032 3111 1335 3167 aberrabit.

613 3250 894 3319 Qurcritur
948 3263 1153 3321 autem,
1216 3253 1349 3324 quid
1399 3263 1639 3310 mentem
1691 3266 1815 3309 esse
1870 3255 2119 3322 oporteat

2291 3246 2541 3319 Ζητεῖται
2572 3245 2631 3300 δέ
2665 3245 2718 3298 τί
2769 3244 2875 3317 χρὴ
2908 3244 3000 3299 τὸν
3049 3243 3175 3299 νοῦν
3221 3243 3429 3299 οἴεσθαι
3465 3246 3602 3302 κατ’
3652 3248 3832 3318 αὐτὴν

543 3342 799 3396 arbitrari
849 3344 1151 3398 secundum
1187 3343 1363 3414 ipsam
1416 3343 1737 3400 essentiam.
1795 3340 1900 3408 Qui
1950 3341 2121 3411 igitur

539 3435 675 3503 quin
725 3435 795 3487 sit
839 3436 1058 3505 quidem
1102 3435 1179 3501 id,
1210 3435 1279 3491 de
1319 3451 1431 3506 quo
1478 3436 1710 3507 quaestio
1755 3444 1861 3498 est,
1895 3442 2120 3505 propter

540 3541 684 3590 eam,
726 3542 847 3594 qua:
898 3527 967 3580 ab
994 3526 1116 3596 ipso
1157 3527 1318 3583 nobis
1367 3526 1697 3595 ostenditur,
1748 3526 2117 3592 eﬂlcientiam,

540 3633 652 3673 nou
704 3619 919 3672 dubitat
966 3619 1071 3673 hoc
1130 3618 1261 3689 quid
1312 3619 1405 3683 sit,
1445 3619 1592 3674 scire
1624 3619 1673 3673 si
1725 3619 1863 3681 vult,
1901 3616 2121 3673 abunde

543 3724 608 3764 ac
642 3708 978 3764 sullicieuter
1022 3709 1074 3764 id
1096 3710 1316 3779 assequi
1341 3710 1562 3780 poterit.
1606 3708 1741 3764 Nam
1778 3709 1826 3765 si
1864 3708 2120 3765 didicerit

542 3799 596 3854 id
644 3815 753 3853 non
802 3814 929 3855 esse
961 3800 1067 3854 hoc
1120 3801 1268 3871 quod
1312 3816 1482 3856 sensu
1526 3801 1851 3872 percipitur,
1883 3815 1993 3855 non
2024 3814 2119 3856 co-

543 3893 738 3953 lorem,
765 3908 872 3945 non
901 3892 1153 3962 ﬁguram,
1182 3909 1293 3949 non
1318 3894 1601 3959 duritiem,
1624 3908 1733 3950 non
1766 3894 2113 3965 gravitatem,

543 3998 654 4036 non
689 3982 1076 4053 quantitatem,
1115 3999 1223 4039 non
1254 4000 1395 4051 eam,
1423 4000 1545 4056 qua:
1573 3985 1627 4041 in
1655 3986 1762 4039 tria
1786 3984 1865 4051 ilt,
1891 3984 2119 4040 divisio-

542 4088 700 4138 nem,
757 4090 865 4129 non
919 4075 1130 4130 inloco
1177 4076 1544 4146 positionem,
1610 4091 1789 4146 neque
1817 4074 2115 4146 quidquam

544 4175 777 4228 prorsus
807 4177 996 4217 eorum
1037 4177 1160 4233 quae
1203 4164 1353 4219 circa
1384 4164 1667 4220 materiam
1696 4162 2115 4233 deprehendun-

546 4256 661 4315 tur,
690 4250 990 4321 uovitquod
1014 4253 1159 4306 aliud
1182 4253 1358 4321 adque
1383 4253 1497 4307 haec
1511 4253 1739 4310 sit.—G.
1782 4248 1896 4320 Ego
1929 4260 2110 4306 autem

542 4338 663 4408 ejus
708 4339 1054 4409 interpellate
1106 4357 1381 4408 sermone,
1466 4340 1683 4408 Nescio,
1740 4341 1988 4411 inquam,
2066 4341 2112 4396 si

545 4431 731 4485 omnia
786 4432 900 4486 hzcc
945 4447 1014 4487 ex
1081 4447 1337 4489 sermone
1398 4432 1775 4499 detrahantur,
1849 4433 1943 4503 qui
1995 4432 2113 4487 ﬁeri

540 4523 741 4589 possit,
772 4531 832 4577 ut
877 4539 987 4578 non
1036 4539 1143 4578 uua
1193 4540 1318 4579 cum
1358 4524 1446 4579 bis
1490 4524 1717 4580 tollatur
1746 4533 1801 4581 et
1830 4526 2113 4581 aboleatur

2219 3338 2319 3410 τὴν
2350 3337 2558 3392 οὐσίαν.
2577 3337 2634 3391 '0
2663 3335 2842 3391 τοίνυν
2868 3336 2929 3390 τὸ
2972 3337 3070 3407 μὲν
3115 3332 3256 3390 εἶναι
3284 3337 3464 3402 τοῦτο,
3503 3340 3644 3410 περὶ
3691 3334 3755 3394 οὗ
3796 3340 3827 3391 ὁ

2219 3430 2376 3499 λόγος
2409 3429 2565 3496 ἐστὶ,
2615 3428 2703 3484 διὰ
2739 3431 2839 3499 τῆς
2889 3430 3021 3500 παρ’
3053 3428 3218 3483 αὑτοῦ
3270 3429 3636 3500 δεικνυμένης
3684 3433 3822 3501 ἡμῖν

2218 3522 2500 3594 ἐνεργείας
2544 3521 2619 3593 μὴ
2644 3519 3020 3592 ἀμφιδάλλων,
3051 3521 3111 3573 τὸ
3159 3520 3213 3573 δὲ
3240 3522 3269 3574 ὅ
3294 3521 3348 3573 τί
3379 3520 3492 3590 (60)
3523 3523 3646 3574 ἐστι
3671 3522 3821 3589 γνῶ-

2217 3629 2304 3667 ναι
2349 3612 2689 3683 βουλόμενος,
2736 3611 2932 3676 ἱκανῶς
2966 3611 3032 3665 ἂν
3093 3610 3303 3683 εὕροιτο
3337 3610 3478 3681 (61),
3520 3612 3613 3686 μὴ,
3648 3610 3816 3665 τοῦτο

2222 3706 2411 3777 μαθεῖν
2459 3700 2598 3760 εἶναι
2626 3706 2759 3760 αὐτὸ
2801 3706 2830 3759 ὃ
2871 3704 3341 3777 καταλαμσάνειή
3392 3703 3650 3773 αἴσθησις
3675 3743 3691 3767 ,
3730 3704 3812 3775 μὴ

2217 3797 2451 3869 χρῶμα.
2486 3796 2561 3869 μὴ
2591 3798 2813 3869 σχῆμαν
2861 3798 2938 3870 μὴ
2986 3797 3340 3863 ἀντιτυπίαν.
3376 3798 3449 3868 μὴ
3473 3794 3684 3867 βάρος,
3729 3795 3809 3866 μὴ

2217 3888 2576 3960 πηλικότητα,
2619 3890 2693 3959 μὴ
2739 3888 2838 3959 τὴν
2864 3890 2944 3952 είς
2973 3888 3099 3961 τρία
3126 3889 3402 3943 διάστασιν
3426 3927 3442 3953 ,
3472 3887 3546 3959 μὴ
3575 3888 3679 3958 τὴν
3713 3887 3810 3939 ἐπὶ

2214 3980 2379 4033 τόπου
2410 3979 2558 4033 θέσιν
2611 3979 2724 4050 (62)
2749 4019 2764 4043 ,
2800 3979 2936 4051 μηδέ
2968 3998 3020 4034 τι
3060 3981 3172 4051 (65)
3222 3982 3331 4035 τῶν
3378 3982 3507 4051 περ).
3538 3980 3640 4051 τὴν
3670 3978 3808 4047 ὕλην

2216 4068 2783 4139 καταλαμϐανομένων
2810 4068 2947 4130 ὅλως
2968 4069 3133 4138 μηδὲν
3159 4071 3240 4140 ίδη
3262 4070 3395 4137 (64),
3422 4070 3476 4121 τί
3497 4069 3628 4122 ἄλλο
3649 4066 3809 4135 ποιρά

2212 4160 2387 4214 ταῦτά
2439 4161 2633 4230 ἐστιν.⁸
2668 4157 2809 4227 Ἐγὼ
2847 4161 2901 4215 δὲ
2932 4158 3134 4229 μεταξὺ
3166 4154 3630 4229 διεξιούσης,-Γ.
3685 4157 3804 4210 Ούκ

2212 4247 2350 4317 οἴδα,
2378 4251 2546 4322 ἔφην,
2582 4249 2700 4314 πῶς
2754 4250 2890 4313 ἐστι,
2933 4250 3145 4304 πάντων
3195 4248 3398 4302 τούτων
3450 4248 3801 4319 ἀφαιρουμέ-

2213 4360 2318 4396 νων
2339 4342 2451 4415 (65)
2495 4340 2589 4396 τοῦ
2621 4341 2804 4410 λόγου,
2834 4341 2908 4412 μὴ
2941 4339 3416 4409 συνεξαλειφθῆναι
3446 4340 3660 4402 τούτοις
3704 4340 3800 4392 καὶ

2212 4433 2274 4486 τὸ
2302 4432 2652 4504 ζητούμενον.
2682 4433 2800 4486 Τίνι
2832 4433 2940 4504 γὰρ
2962 4435 3209 4504 προσφυῇ
3231 4431 3342 4503 (66)
3374 4430 3498 4502 δίχα
3520 4429 3731 4484 τούτων
3762 4431 3795 4500 ή

2215 4522 2595 4595 καταληπτικὴ
2623 4523 2910 4595 περιεργία
2934 4564 2951 4590 ,
2979 4522 3121 4578 κατά
3145 4541 3208 4592 γε
3231 4523 3329 4596 τὴν
3357 4523 3495 4597 ἐμὴν
3525 4522 3799 4592 ὑπόληψιν

541 4613 596 4668 id
638 4616 783 4685 quod
810 4617 1099 4685 qumritur.
1131 4614 1407 4681 Quidnam
1438 4616 1581 4671 enim
1617 4617 1825 4687 absque
1864 4618 1951 4673 bis
1985 4633 2110 4688 per-

2228 4612 2364 4667 ὤπω
2392 4614 2605 4684 ὁρᾶται.
2664 4614 2923 4684 Πανταχῆ
2958 4613 3069 4684 (67)
3126 4613 3237 4686 γάρ
3267 4617 3323 4668 ἐν
3370 4616 3437 4684 τῇ
3489 4616 3596 4666 τῶν
3623 4612 3796 4664 ὄντων

539 4705 774 4775 cipiendi
806 4719 939 4760 cura
971 4714 1136 4775 atque
1173 4706 1438 4762 sedulitas
1468 4707 1850 4777 amplectatur,
1896 4709 1986 4764 cui
2026 4709 2110 4765 in-

542 4795 764 4861 Intereat,
810 4812 931 4853 mea
977 4797 1196 4868 quidem
1231 4796 1511 4885 opinione,
1564 4799 1807 4856 nondum
1857 4807 2104 4870 apparet.

765 5035 1135 5113 Postdtdvom
1160 5039 1213 5095 in
1247 5041 1293 5113 ᾼ
1314 5049 1366 5113 et
1394 5039 1437 5095 B
1460 5052 1760 5113 sequuntur
1787 5042 1891 5098 ista
1923 5061 1937 5096 :
1960 5042 2110 5113 ἐστὶν

539 5107 788 5184 ἀσςξαλῂς
819 5110 1101 5184 πρός-τινα
1121 5110 1321 5184 σκοπὸν
1341 5107 1706 5184 ἐνεργουμένη
1725 5113 1813 5167 διὰ
1836 5113 1933 5183 τῆς
1955 5111 2107 5184 ὕλης,

539 5179 668 5251 ήᾲδὲ
698 5179 773 5251 (in
801 5180 1048 5251 margine
1070 5181 1105 5251 ἦ
1128 5181 1208 5250 τε)
1232 5179 1445 5235 διάνοια
1481 5179 1583 5235 νοῦ⁷
1611 5179 1705 5247 τίς
1740 5179 1900 5235 ἐστιν’
1935 5179 2109 5235 οἰκεία

541 5248 875 5323 κίνησίςλτε,
920 5248 1255 5323 inAma'rgine
1283 5252 1413 5323 ﬁsci.
1449 5252 1577 5306 ποιά
1619 5251 1829 5323 κίνησίς
1863 5251 2028 5323 rain
2069 5252 2108 5304 li

537 5318 825 5456 ἷὲιὲίειέστὶέ
847 5319 1092 5390 ἀσφαλὴς
1119 5322 1152 5393 ἡ
1192 5321 1249 5375 δὲ
1277 5320 1483 5377 διάνοια
1518 5324 1633 5380 νοῦ.
1658 5318 1764 5379 Pro
1806 5321 1935 5375 ποία
1961 5321 2105 5377 idem

692 5406 779 5442 ποι
828 5430 838 5442 .

627 5396 667 5441 it
692 5396 838 5442 ποιά.

757 5460 1259 5538 ραρεστήξαμενη
1282 5463 1322 5517 Α
1348 5462 1389 5516 Β
1414 5466 1849 5537 παρεστήσααεν.

609 5527 723 5599 (58)
758 5527 1008 5597 Τούτοις.
1039 5530 1080 5583 Β
1107 5527 1398 5599 τοιούτοις.
1496 5527 1511 5577 ἶ

765 5596 1179 5676 Ἀπτρερξίονειιιῃς.Δ
1197 5604 1242 5656 Α
1268 5605 1323 5659 in
1350 5596 1600 5676 margine
1620 5605 1725 5658 ἀπε
1736 5607 2013 5676 μφάσεως.

612 5618 724 5663 (δυ)
786 5618 1173 5722 Αποὲοασεως.
1197 5618 1242 5656 Α
1268 5620 1323 5659 In
1350 5620 1593 5676 margine
1620 5618 1810 5676 απεμφ

864 5667 901 5721 δ
950 5669 1491 5745 dtt.A_in_margiue
1521 5674 1666 5729 τοῦθ’
1706 5680 1810 5730 ὃτι.

614 5737 729 5810 (Gl)
758 5736 1024 5808 Εῧροιτο.
1056 5746 1100 5796 Δ
1128 5740 1170 5795 Β
1196 5741 1343 5814 εὖροι
1368 5736 1450 5798 τό.

2216 4704 2545 4777 ἀναζητήσει
2570 4704 2658 4758 διὰ
2679 4706 2779 4775 τῆς
2807 4705 3155 4778 ἐξεταστικῆς
3183 4706 3418 4770 διανοίας
3444 4707 3564 4758 ὅσον
3588 4719 3649 4755 τε
3678 4701 3792 4771 (68)

2213 4799 2274 4852 τὸ
2303 4798 2650 4870 ζητούμενον,
2685 4799 2873 4872 ῶσπερ
2924 4799 3066 4864 τινὲς
3120 4800 3309 4870 τυφλοὶ
3340 4800 3426 4854 διὰ
3471 4798 3668 4869 τοίχων
3699 4794 3793 4849 ἐπὶ

2282 5043 2394 5113 (62)
2427 5043 2627 5098 Θέσιν.
2648 5043 2687 5097 Α
2716 5043 2758 5097 Β
2780 5043 3037 5098 διάθεσιν.

2286 5114 2398 5186 (65)
2426 5113 2597 5186 ΑΜηδέ
2616 5121 2688 5166 τι.
2720 5114 2775 5186 Α⁸
2797 5114 2963 5186 μηδὲν
2987 5113 3113 5186 τῶν.

2286 5132 2398 5186 tuo;
2434 5132 2597 5179 Μηοε
2616 5132 2688 5166 τι.
2720 5132 2767 5167 Α
2786 5132 2963 5238 ἐμησεν
2987 5132 3113 5168 των.
3149 5183 3173 5197 κ

2282 5184 2395 5246 (64)
2424 5184 2618 5249 Ὄλως
2661 5183 2785 5253 μηδ
2820 5202 2856 5238 ν
2894 5183 3013 5253 ιδῃ.
3066 5184 3109 5238 Α
3146 5197 3296 5251 ομως
3342 5183 3508 5253 μηδὲν
3538 5184 3588 5238 εί
3617 5183 3680 5253 δή
3715 5199 3786 5234 τι.

2212 5251 2252 5307 Β
2276 5254 2460 5325 μηδέν.
2481 5254 2545 5306 El
2564 5253 2625 5324 δή
2649 5251 2817 5325 eum
2838 5251 3083 5325 margine
3109 5254 3203 5325 τοῦ
3237 5251 3417 5325 aloe.
3451 5255 3541 5307 illa
3573 5251 3787 5325 senten-

2215 5321 2289 5376 tia
2322 5321 2397 5395 ita
2424 5321 2686 5395 scribitur
2717 5342 2730 5378 :
2761 5322 2910 5395 θέσιν
2939 5321 3124 5395 ·’μηδέ
3154 5323 3338 5395 τιτῶν
3366 5326 3491 5395 περ).
3523 5325 3627 5395 τὴν
3657 5321 3785 5395 ὓλην

2218 5393 2771 5517 καταέαέώανομένων
2801 5394 2936 5458 ὅλως
2965 5387 3132 5465 μηδὲν
3163 5391 3322 5457 οἶδεν,
3358 5387 3451 5446 ὅτι
3485 5387 3612 5447 ἀλλο
3638 5387 3782 5460 παρὰ

2218 5479 2344 5517 tau-.-
2444 5479 2580 5517 στιν.

2210 5479 2384 5517 ταυτα
2412 5479 2580 5517 εστιν.

2435 5532 2917 5613 Ἀφαιρουμέξνων.
2967 5532 3008 5587 Β
3035 5534 3458 5613 ἀφαιρουμένου.

2426 5602 2734 5683 ζζροσςρυῇ.
2822 5605 3124 5683 προσφυής.
3145 5602 3187 5657 Β
3201 5602 3571 5683 ἀν’προσιρυῇ.

2282 5672 2396 5745 (67)
2427 5672 2737 5745 Anartium}.
2760 5676 2808 5745 (Α
2824 5672 2887 5745 5n
2922 5672 3164 5743 margine
3201 5672 3506 5745 ιΙανταχοῦ.

2279 5742 2393 5814 (68)
2425 5743 2613 5797 Ὅσον
2631 5760 2713 5799 τε.
2742 5744 2786 5797 Α
2820 5743 2861 5799 Β
2892 5745 3243 5815 ἁφάσσοντες.
