3990 6202
248 377 311 430 ιι
1312 366 1402 421 DE
1440 363 1655 418 ANIMA
1697 361 1784 417 ET
1827 359 2433 418 RESURRECTIONE.
3435 359 3503 413 ις,

249 493 352 564 τὴν
395 487 565 560 θύραν
603 483 1102 558 χειραγωγούμενοι
1128 523 1143 548 ,
1198 483 1313 546 ἐνὸς
1369 482 1479 536 τῶν
1535 481 1826 552 εἰρημένων,

1938 477 2075 533 Nam
2114 477 2318 548 ubique
2345 477 2399 532 in
2432 490 2613 531 rerum
2647 473 3072 545 investigatione
3111 473 3507 530 examinatrice

247 583 465 645 πάντως
493 579 826 648 θιγγάνομεν
856 576 968 645 (69)
991 617 1006 641 ,
1049 575 1098 647 ἢ
1133 576 1331 646 χρῶμα.
1381 575 1758 643 εὑρίσκοντες,
1792 574 1826 644 ἦ

248 673 515 748 σχῆ,μα,ἦ
550 671 911 742 τιηλικότητα,
946 670 980 738 ἦ
1018 686 1070 721 τι
1098 667 1203 720 τῶν
1241 667 1391 738 παρά
1428 666 1521 720 σοῦ
1566 665 1660 720 νῦν
1689 665 1830 736 ἀπη-

250 767 606 843 ριθμημένων
641 763 860 833 ἕτερον’
891 761 1019 814 ὅταν
1041 759 1099 813 δὲ
1133 758 1338 812 τούτων
1369 758 1531 828 μηδὲν
1566 752 1703 810 εἶναι
1741 755 1827 808 λέ-

246 875 410 929 γηται
436 857 503 911 ἀν
537 855 685 923 (70),
721 855 800 917 είς
844 851 904 905 τὸ
931 850 1172 922 μηδόλως
1215 866 1268 902 τι
1295 846 1429 902 εἶναι
1475 847 1680 901 οἴεσθαι
1725 847 1829 899 ὑπὸ

251 939 1042 1021 μικροίξιυχίαςιπεριαγόμεθα.

1936 578 2099 639 atque
2132 569 2459 624 scrutatrice
2488 565 2866 636 intelligentia,
2907 566 3065 636 quasi
3103 565 3388 637 palpantes
3425 565 3503 633 id,

1933 659 2081 730 quod
2118 659 2402 729 quatritur,
2439 665 2702 727 tanquam
2735 656 2863 711 caici
2894 657 3114 727 quidam
3147 656 3381 712 ducibus
3412 671 3509 726 pa-

1934 751 2168 807 rietibus
2211 751 2278 805 ad
2343 751 2545 806 ostium
2588 748 2894 815 tendentes,
2949 764 3176 820 prorsus
3218 750 3388 803 unum
3438 763 3507 804 ex

1935 846 2100 900 dictis
2156 844 2498 915 attingimus,
2548 843 2634 897 vel
2683 842 2943 909 colorem,
2998 840 3081 896 vel
3126 842 3375 911 ﬁguram,
3419 839 3508 895 vel

1934 936 2322 1006 quantitatem,
2367 935 2453 990 vel
2494 933 2701 1004 aliquid
2748 933 2895 987 aliud
2926 948 3115 988 eorum
3157 948 3278 1003 qua:
3323 932 3421 989 abs
3455 940 3508 987 te

248 1045 577 1093 enumerata
607 1039 738 1090 sunt
759 1030 1142 1087 ot'i'endentes:
1180 1042 1305 1084 cum
1340 1039 1521 1082 autem
1549 1027 1754 1082 dicitur
1781 1027 1918 1081 nihil
1955 1028 2148 1081 horum
2179 1041 2324 1093 esse,
2355 1040 2466 1096 prae
2503 1024 2671 1079 animi
2707 1024 3005 1096 exiguitate
3031 1037 3096 1078 eo
3115 1022 3409 1094 redigimur
3449 1034 3508 1076 ut

251 1149 318 1190 ne
346 1148 579 1204 prorsus
607 1129 824 1202 quidem
850 1127 1058 1197 aliquid
1097 1139 1219 1180 esse
1260 1131 1538 1195 putemus.

336 1244 415 1302 Μ.
446 1245 509 1300 Ἥ
532 1244 586 1298 δὲ
615 1242 969 1312 σχετλιάσασα
987 1238 1184 1311 μεταξὺ
1218 1237 1312 1291 τοῦ
1361 1238 1520 1306 λόγου
1554 1275 1567 1302 ,
1597 1235 1702 1288 Φεῦ
1732 1238 1831 1307 τῆς

248 1341 476 1402 ἀτοπίας
501 1379 516 1401 ,
538 1337 725 1407 φησιν,
759 1335 840 1396 εἰς
869 1327 979 1384 οἷον
1013 1329 1122 1399 (7·1)
1163 1329 1529 1397 καταστρέφει
1577 1327 1748 1398 πέρας
1794 1329 1830 1398 ἠ

252 1428 557 1503 μικροφυὴς
587 1427 724 1495 αὕτη
757 1424 851 1477 καὶ
870 1420 1205 1493 χαμαίζηλος
1231 1437 1296 1472 πε
1307 1422 1358 1488 ρ).
1383 1419 1489 1473 τῶν
1518 1418 1684 1471 ὄντων
1710 1417 1830 1489 κρί-

251 1521 368 1582 σιςί
418 1518 481 1570 Et
517 1515 620 1586 γὰρ
657 1512 920 1585 ἐξῄρηται
967 1509 1060 1563 τοῦ
1097 1510 1248 1573 ὄντος
1289 1509 1434 1562 ἆπαν
1473 1508 1502 1561 6
1549 1507 1625 1578 μὴ
1653 1510 1716 1578 τῇ
1745 1508 1828 1560 at-

251 1610 439 1680 σθὴσει
493 1605 854 1677 γνωρίζεται,
886 1602 995 1656 οὐδ’
1033 1601 1100 1656 ἂν
1143 1602 1314 1671 αὐτὴν
1352 1599 1449 1670 τὴν
1503 1599 1598 1652 τοῦ
1629 1598 1828 1662 παντὸς

250 1697 644 1754 ἐπιστατοῦσαν
676 1697 772 1750 κα)⁸
801 1691 1300 1765 περιδεδραγμένην
1325 1691 1435 1743 τῶν
1465 1689 1634 1743 ὄντων
1666 1689 1826 1742 δύνα-

255 1809 350 1862 μιν
397 1787 686 1860 ὁμολογοίη
722 1786 831 1855 (72)
864 1785 1081 1847 πάντως
1111 1783 1138 1836 6
1169 1783 1325 1837 τοῦτο
1357 1782 1561 1850 λέγων,
1608 1781 1744 1836 ἀλλά
1769 1780 1830 1835 τὸ

250 1879 548 1950 ἀσώματόν
582 1894 641 1930 τε
669 1877 762 1929 καὶ
812 1874 986 1936 ἀειδὲς
1016 1873 1145 1942 περὶ
1192 1873 1291 1942 τῆς
1325 1870 1474 1935 θείας
1506 1871 1721 1940 φύσεως
1752 1870 1830 1924 δι-

249 1972 504 2041 δαχθεὶς,
544 1969 605 2023 τὸ
644 1967 718 2038 μὴ
746 1962 886 2020 εἶναι
920 1963 1088 2034 αὐτὴν
1141 1963 1278 2028 ὅλως
1323 1963 1386 2015 ἐκ
1427 1961 1526 2032 τῆς
1576 1960 1830 2029 τοιαύτης

248 2063 468 2124 πάντως
500 2060 610 2130 (75)
635 2055 955 2119 ἀκολουθίας
983 2053 1257 2123 λογίζεται
1294 2051 1428 2124 (74).
1458 2053 1522 2105 Εἰ
1545 2051 1600 2105 δὲ
1634 2051 1750 2104 ἐκεῖ
1768 2051 1830 2105 τὸ

245 2151 423 2206 ταῦτα
458 2150 533 2220 μὴ
571 2145 707 2202 εἶναι
741 2146 1054 2218 περιγραφὴ
1071 2145 1181 2216 (75)
1210 2142 1304 2198 τοῦ
1334 2139 1474 2196 εἶναι
1503 2143 1565 2195 οὐ
1594 2141 1824 2211 γίνεται,

247 2243 368 2306 πῶς
423 2244 452 2295 6
500 2239 841 2311 ἀνθρώπινος
892 2233 1018 2299 νοῦς
1055 2234 1149 2289 τοῦ
1203 2233 1356 2296 ὄντος
1400 2231 1706 2286 ἐκθλίϐεται
1759 2234 1827 2304 τῇ

245 2331 536 2402 ἀφαιρέσει
555 2330 665 2383 τῶν
698 2328 1025 2399 σωματικῶν
1064 2325 1370 2396 ἰδιωμάτων
1409 2322 1829 2393 συνδαπανώμε-

246 2439 338 2484 νος
358 2439 372 2485 ς
390 2426 530 2480 -Γ,
551 2421 776 2492 Οὐκοῦν,
798 2418 968 2485 εἶπον,
984 2417 1042 2484 ἐξ
1058 2416 1272 2473 ἀτόπων
1285 2415 1396 2487 (76)
1421 2413 1829 2485 μεταλαμϐάνο-

251 2530 351 2583 μεν
379 2511 570 2581 ἕτερον
593 2511 790 2564 ἄτοπον
817 2508 904 2562 διὰ
928 2508 1028 2578 τῆς
1061 2505 1380 2569 ἀκολουθίας
1409 2503 1634 2574 ταύτης.
1663 2502 1828 2572 Περί-

247 2617 427 2655 κειται
459 2600 567 2672 γὰρ
614 2601 643 2654 6
679 2599 836 2667 λόγος
878 2599 1010 2669 ἡμῖν
1043 2598 1123 2659 είς
1153 2596 1214 2648 τὸ
1240 2595 1435 2649 ταύτὸν
1463 2593 1671 2647 οἴεσθαι
1709 2592 1824 2665 (77)

248 2693 317 2762 τῇ
353 2691 473 2762 θείᾳ
496 2690 678 2760 φύσει,
704 2689 799 2743 καί¹
843 2688 936 2742 τδν
965 2687 1094 2742 νοῦν
1121 2687 1214 2741 τὸν
1246 2687 1542 2757 ἡμέτερον,
1568 2684 1728 2756 εἴπερ
1759 2686 1827 2755 τῇ

249 2781 591 2851 ὁπεξαιρέσει
619 2780 730 2832 τῶν
789 2778 909 2831 κατ’
945 2777 1194 2847 αἴσθησιν
1239 2775 1639 2848 εὑρισκομένων
1683 2777 1828 2829 νοεῖ-

245 2885 342 2921 ται
378 2869 490 2938 (78)
506 2868 930 2939 ὲκάτερον.-Μ.
952 2869 1040 2937 Μὴ
1054 2865 1250 2923 ταύτόν
1263 2866 1566 2940 (79)είπῃς,
1601 2863 1764 2933 φησὶν
1793 2866 1827 2934 ἡ

243 2957 564 3020 διδάσκαλος
603 2955 828 3029 (ἀσεϐὴς
855 2954 963 3026 γὰρ
999 2953 1094 3007 καὶ
1121 2945 1276 3017 οὗτος
1307 2954 1336 3005 6
1362 2953 1576 3021 λόγος),
1611 2954 1725 3008 ἀλλ’
1753 2955 1829 3018 ὡς

2017 1228 2086 1284 Μ.
2120 1227 2190 1288 At
2216 1229 2601 1296 illa,dumha2e
2618 1229 2852 1285 dicerem
2881 1233 3180 1304 indignata,
3228 1231 3372 1287 Proh
3418 1248 3508 1288 res

1928 1322 2260 1392 importuna,
2317 1325 2515 1394 inquit,
2567 1334 2621 1380 et
2663 1324 2932 1380 absurda!
3000 1325 3069 1380 ad
3122 1339 3284 1395 quem
3343 1325 3506 1380 tinem

1928 1415 2194 1484 redigitur
2226 1430 2290 1469 ac
2324 1415 2527 1470 desinit
2577 1415 2761 1485 exigui
2795 1416 3019 1486 ingenii,
3063 1417 3510 1486 pusillanimum-

1928 1521 2036 1575 que
2062 1510 2116 1559 et
2141 1505 2413 1572 abjectum
2443 1505 2589 1560 istud
2615 1505 2682 1560 de
2707 1506 2874 1562 rebus
2907 1522 3030 1576 qua:
3054 1515 3237 1563 mente
3266 1521 3509 1563 noscun-

1935 1605 2025 1651 tur
2063 1596 2370 1666 judicium!
2406 1595 2542 1651 Nam
2573 1597 2618 1652 si
2647 1612 2712 1652 ex
2751 1613 2936 1652 rerum
2967 1605 3162 1652 natura
3196 1606 3506 1668 exemptum

1932 1698 2015 1743 est
2039 1687 2308 1759 quidquid
2326 1703 2490 1744 sensu
2518 1702 2629 1743 non
2673 1688 3048 1759 cognoscitur,
3082 1704 3152 1744 ne
3185 1689 3360 1760 ipsam
3386 1690 3509 1759 qui-

1932 1778 2053 1834 dem
2077 1794 2262 1833 rerum
2285 1779 2666 1835 universitatis
2683 1779 2967 1835 rectricem
2989 1791 3153 1850 atque
3172 1780 3504 1850 praefectam,

1929 1881 2050 1936 quae
2092 1882 2184 1923 res
2227 1867 2517 1924 universas
2567 1869 2852 1940 complexa
2898 1877 3002 1935 est,
3052 1872 3160 1924 vim
3203 1879 3366 1941 atque
3407 1886 3503 1940 po-

1930 1963 2184 2013 testatem
2207 1956 2456 2013 conﬁteri
2480 1972 2710 2028 prorsus
2733 1960 2973 2028 potuerit
3000 1960 3046 2016 is
3079 1961 3172 2031 qui
3206 1961 3307 2015 hoe
3329 1962 3461 2016 dicit
3489 1981 3502 2016 :

1931 2047 2024 2101 sed
2057 2047 2154 2100 ubi
2200 2047 2608 2118 incorporeum,
2635 2048 2926 2103 informem
2956 2059 3006 2104 ct
3030 2050 3358 2106 invisibilem
3384 2067 3509 2106 esse

1929 2138 2172 2194 divinam
2206 2141 2484 2214 acceperit
2511 2149 2789 2205 naturam,
2825 2157 2934 2197 non
2967 2156 3091 2197 esse
3117 2159 3234 2196 eam
3266 2145 3506 2212 penitus,

1929 2243 1995 2285 ex
2044 2229 2360 2301 huiusmodi
2417 2245 2648 2303 prorsus
2697 2236 3092 2304 consequentia
3147 2236 3505 2292 existimabit.

1931 2319 2031 2376 Sin
2071 2331 2254 2378 autem
2313 2323 2428 2377 illic
2484 2333 2774 2394 prapterea
2834 2326 2980 2395 quod
3035 2326 3149 2381 haec
3200 2343 3310 2381 non
3372 2329 3506 2394 sint,

1930 2413 2106 2485 ipsius
2151 2417 2405 2470 essentize
2443 2417 2784 2486 praescriptio
2834 2425 2997 2487 atque
3043 2423 3345 2490 peremptio
3397 2437 3505 2475 non

1929 2505 2166 2571 exsistit,
2193 2521 2306 2577 quo
2336 2515 2498 2576 pacto
2527 2522 2684 2564 mens
2716 2508 2953 2562 humana
2987 2525 3052 2564 ex
3084 2519 3278 2565 natura
3299 2527 3505 2579 rerum,

1930 2601 1990 2649 ut
2029 2610 2150 2665 qua:
2182 2611 2291 2650 una
2318 2611 2442 2651 cum
2479 2597 2829 2668 ademptione
2855 2601 3222 2668 corporalium
3257 2607 3506 2673 proprie—

1930 2690 2099 2738 tatum
2113 2690 2476 2750 consumatur,
2494 2687 2707 2744 eliditur
2718 2695 2878 2761 atque
2892 2691 3327 2752 excluditur?—G
3337 2737 3352 2751 .
3365 2693 3508 2765 Ergo

1928 2785 1994 2827 ex
2042 2772 2304 2839 absurdo,
2359 2771 2609 2843 inquam,
2669 2787 2767 2842 per
2828 2773 2972 2830 hanc
3029 2781 3504 2849 consequentiam,

1876 2892 1886 2902 -
1929 2863 2077 2919 aliud
2107 2864 2340 2920 invicem
2377 2864 2676 2935 arripimus
2719 2853 3051 2936 absurdum;
3094 2884 3218 2924 nam
3253 2886 3319 2927 eo
3349 2874 3507 2929 nobis

1929 2955 2110 3009 oratio
2157 2954 2381 3010 redacta
2440 2963 2546 3020 est,
2600 2965 2662 3010 ut
2708 2963 2950 3013 nostram
2990 2974 3210 3031 quoque
3266 2974 3504 3020 mentem

245 3050 533 3122 ἐδιδάχθης
555 3049 711 3121 παρὰ
737 3048 838 3115 τῆς
861 3046 1012 3110 θείας
1044 3046 1268 3118 Γραφῆς
1307 3045 1456 3116 (80),
1491 3047 1674 3116 ὅμοιον
1706 3046 1826 3099 εἰπὲ

1932 3045 2176 3100 eamdem
2239 3053 2352 3102 rem
2399 3060 2524 3102 esse
2569 3062 2694 3101 cum
2740 3048 2925 3103 divina
2976 3059 3172 3105 natura
3225 3062 3502 3123 putemus,

246 3143 406 3197 τοῦτο
433 3143 648 3212 ἐκείνῳ.
677 3140 752 3193 Τὸ
781 3139 891 3211 γὰρ
925 3139 1045 3192 κατ’
1075 3137 1258 3192 εἰκόνα
1288 3137 1398 3209 (81)
1427 3137 1719 3209 γενόμενον
1742 3137 1830 3191 διά

246 3236 466 3290 πάντων
517 3236 630 3306 ἔχει
679 3233 897 3296 πάντως
946 3231 1047 3300 τὴν
1092 3230 1228 3302 πρὸς
1275 3229 1338 3282 τὸ
1385 3229 1691 3300 ἀρχέτυπον
1718 3228 1828 3300 (8‘2)

245 3327 543 3398 ὁμοιότητα
571 3364 584 3386 ,
640 3323 832 3394 νοτερὰν
860 3321 953 3376 τοῦ
979 3320 1166 3389 νοεροῦ
1189 3361 1204 3390 ,
1251 3319 1346 3373 καὶ
1387 3319 1482 3372 τοῦ
1537 3319 1830 3390 ἀσωμάτου

246 3413 561 3482 ἀσώματον,
602 3411 769 3478 ὄγκου
800 3427 859 3462 τε.
889 3410 1087 3472 παντὸς
1116 3408 1226 3477 (83)
1265 3407 1680 3480 ἀπηλλαγμένον
1719 3407 1830 3461 ὤσ-

249 3519 358 3572 περ
382 3503 561 3554 ὲκεῖνο
581 3543 596 3566 ,
627 3501 722 3554 καὶ
744 3502 924 3553 πᾶσαν
951 3497 1220 3567 ὲκφεῦγον
1242 3497 1330 3551 διὰ
1357 3515 1424 3571 ση
1432 3498 1695 3569 μαντικὴν
1716 3495 1828 3569 (84)

248 3592 662 3663 καταμέτρησιν
723 3591 924 3662 ὁμοίως
985 3589 1180 3659 ἐκείνῳ
1214 3605 1228 3620 ⁸
1280 3588 1407 3644 ἄλλο
1468 3589 1525 3643 δέ
1589 3606 1642 3643 τι
1698 3591 1828 3661 παρ’

249 3684 428 3736 ἐκεῖνο
458 3685 600 3737 κατά
650 3684 750 3754 τὴν
782 3686 883 3752 τῆς
933 3683 1148 3751 φύσεως
1188 3681 1442 3752 ίδιότητα.
1477 3682 1673 3736 Οὐκέτι
1719 3680 1828 3752 γὰρ

249 3771 317 3825 ἀν
335 3771 418 3841 εἴη
435 3770 614 3836 είκὼν,
630 3771 678 3822 εί
698 3771 889 3846 ἐκείνῳ
908 3774 1358 3843 δι’ἀπάντων(85)
1376 3774 1460 3845 είη
1473 3773 1667 3830 ταύτδν
1691 3769 1825 3842 (86),

250 3861 367 3915 ἀλλ’
390 3863 450 3913 ὲν
478 3857 559 3923 οἷς
592 3862 648 3912 ἐν
692 3863 760 3931 τῇ
796 3862 1038 3932 ἀκτίστῳ
1084 3858 1242 3930 φύσει
1299 3861 1597 3931 καθορᾶται
1629 3863 1824 3928 ἐκεῖνο,

252 3953 312 4003 ὲν
354 3953 471 4014 τοῖς
504 3951 683 4012 αὐτοῖς
718 3953 751 4020 ἡ
795 3952 987 4024 κτιστὴ
1027 3951 1188 4021 φύσις
1222 3951 1460 4006 δείκνυσι
1499 3950 1686 4005 τοῦτο·
1732 3952 1827 4006 καὶ

248 4040 445 4110 ὥσπερ
473 4040 727 4104 πολλάκις
742 4042 1010 4114 ὲν,μικρῷ
1040 4042 1291 4113 ψήγματι
1317 4041 1500 4115 ὑελίνῃ
1531 4041 1667 4112 (87),
1697 4041 1826 4094 ὅταν

244 4131 384 4203 τύχῃ
413 4133 550 4204 πρὸς
576 4133 768 4187 ἀκτῖνα
794 4133 1067 4204 κείμενον,
1097 4135 1215 4197 ὅλος
1243 4134 1495 4206 ἐνορᾶται
1538 4133 1633 4187 τοῦ
1673 4133 1824 4204 ἡλίου

240 4222 279 4275 ὁ
310 4223 508 4287 κύκλος
536 4263 552 4287 ,
582 4224 643 4276 ού
668 4224 811 4278 κατά
836 4225 899 4278 16
943 4225 1071 4280 ῐδιον
1126 4223 1355 4296 μέγεθος
1381 4222 1531 4295 αὐτῷ
1563 4225 1824 4294 ἐμφαινό-

243 4328 409 4382 μενος
429 4355 444 4375 ,
492 4312 608 4364 ἀλλ’
632 4312 708 4376 ὡς
758 4316 926 4384 χωρεῖ
953 4313 1228 4386 βραχύτης
1259 4311 1370 4384 (88)
1412 4311 1508 4365 τοῦ
1537 4313 1824 4384 ψήγματος

1933 3136 2204 3206 siquidem
2231 3137 2606 3192 subtractione
2627 3152 2817 3193 eorum
2846 3155 2968 3210 quae
2994 3155 3159 3196 sensu
3196 3143 3504 3214 deprchen-

1933 3223 2160 3288 duntur,
2181 3221 2492 3295 intelligitur
2529 3226 3224 3299 utrumque.—M.Neidem
3237 3231 3402 3294 dicas,
3424 3235 3508 3288 in-

1931 3313 2051 3383 quit
2082 3314 2340 3384 magistra
2367 3314 2560 3384 (impia
2587 3316 2731 3369 enim
2769 3316 2884 3371 haec
2915 3333 3132 3389 quoque
3162 3322 3342 3375 oratio
3373 3324 3504 3394 est),

1934 3406 2030 3461 sed
2063 3405 2526 3475 quemadmodum
2549 3422 2580 3460 a
2610 3407 2797 3463 divina
2825 3421 2959 3465 voce
2991 3411 3190 3468 doctus
3215 3419 3295 3478 es,
3329 3415 3509 3473 simile

1929 3509 2055 3552 esse
2098 3495 2204 3550 hoc
2251 3496 2327 3551 illi
2361 3496 2472 3552 dic.
2513 3495 2649 3552 Nam
2683 3499 2829 3570 quod
2879 3503 3180 3558 secundum
3217 3505 3506 3576 imaginem

1931 3585 2136 3642 factum
2184 3595 2292 3650 est,
2344 3603 2440 3658 per
2486 3592 2668 3644 omnia
2722 3592 2939 3663 penitus
2980 3595 3298 3666 principalis
3328 3613 3507 3653 exem-

1928 3677 2097 3747 plaris
2139 3687 2305 3749 atque
2350 3678 2540 3735 forma:
2589 3681 3004 3739 similitudinem
3064 3686 3256 3755 habet;
3303 3689 3508 3745 intelle-

1927 3769 2186 3832 ctualem,
2217 3769 2340 3840 ejus
2369 3771 2513 3841 quod
2549 3777 2636 3827 est
2669 3773 3070 3842 intellectuale;
3100 3777 3506 3847 incorpoream,

1929 3857 2270 3928 incorporei;
2317 3867 2482 3930 atque
2523 3861 2594 3916 ab
2625 3867 2772 3918 omni
2803 3866 2946 3921 mole
2973 3880 3237 3936 corporea
3276 3869 3506 3925 liberum

1927 3959 2010 4004 est
2030 3950 2237 4016 itidem,
2257 3960 2318 4006 ut
2342 3951 2511 4019 illud;
2538 3959 2592 4008 et
2613 3968 2830 4010 omnem
2861 3957 3263 4014 intervallarem
3293 3960 3507 4016 dimen-

1928 4041 2138 4096 sionem
2169 4035 2356 4115 effugit
2393 4046 2645 4101 similiter
2675 4057 2837 4118 atque
2861 4048 2992 4104 illud
3027 4070 3040 4104 ε
3067 4050 3161 4106 sed
3189 4061 3276 4106 est
3303 4052 3507 4122 aliquid

1927 4131 2075 4187 aliud
2111 4143 2274 4204 atque
2305 4135 2438 4190 illud
2471 4137 2615 4207 quod
2648 4141 2715 4193 ad
2740 4149 2949 4194 naturae
2971 4142 3167 4197 attinet
3198 4143 3504 4213 proprieta-

1928 4231 2057 4278 tem.
2080 4223 2198 4279 Non
2221 4227 2367 4281 enim
2398 4230 2634 4298 amplius
2664 4229 2844 4300 imago
2878 4229 3062 4297 fuerit,
3097 4233 3143 4286 si
3179 4249 3273 4303 per
3295 4237 3502 4305 omnia,

1927 4330 2024 4385 per
2053 4316 2496 4384 intellectualem,
2515 4320 2915 4392 incorporeum,
2943 4324 3208 4378 intervalli
3228 4336 3503 4397 expertem

235 4397 342 4450 τοῦ
385 4397 586 4452 κύκλου
635 4400 736 4470 τὴν
791 4399 1028 4470 ἔμφασιν
1056 4418 1070 4433 ⁸
1123 4401 1296 4464 οὕτως
1327 4402 1386 4454 ὲν
1431 4404 1496 4473 τῇ
1532 4402 1826 4474 βραχύτητι

1932 4415 2181 4462 naturam
2202 4408 2340 4464 idem
2369 4425 2492 4464 cum
2514 4411 2606 4466 illo
2625 4421 2791 4478 esset,
2809 4414 2902 4470 sed
2929 4431 3026 4487 per
3053 4431 3174 4486 qua:
3206 4417 3259 4471 in
3306 4426 3505 4474 natura

229 4487 349 4555 τῆς
380 4490 652 4561 ἡμετέρας
710 4491 926 4560 φύσεως
977 4492 1084 4546 τῶν
1134 4493 1428 4564 ἀφράστων
1470 4495 1694 4549 ἐκείνων
1722 4496 1822 4566 τῆς

231 4579 498 4649 Θεότητος
540 4581 847 4652 ίδιωμάτων
893 4584 953 4636 αἱ
1003 4584 1210 4648 είκόνες
1238 4584 1609 4655 ἐκλάμπουσιν
1636 4628 1650 4651 ,
1681 4585 1822 4640 ὥστε

223 4669 333 4725 aut
356 4671 562 4726 τούτων
593 4674 685 4727 τὸν
712 4674 868 4743 λόγον
914 4676 1420 4747 χειραγωγούμενον
1439 4715 1455 4743 ,
1509 4678 1646 4749 μήτε
1684 4679 1820 4732 ἀπο-

313 4868 430 4938 (69)
477 4871 860 4947 ᾷιπάνομεν.
907 4873 964 4928 in
989 4881 1142 4929 textu
1261 4875 1484 4947 additur
1517 4876 1821 4947 ἁπτόμεθα,

214 4940 294 4996 in
322 4942 573 5016 margine
603 4940 1057 5016 vero'tnonetun:
1089 4946 1278 5016 Δείπει
1306 4945 1367 5016 τὸ
1393 4940 1694 5016 ἁπτόμεθα.

306 5008 428 5144 :70)
452 5011 705 5078 Λέγηται
739 5012 834 5065 ἄν.
865 5015 909 5065 Δ
934 5013 1046 5067 etB
1071 5015 1253 5070 delent
1290 5015 1376 5068 ἀν.

341 5078 553 5144 ωεις
580 5076 730 5135 οἷον.
762 5083 806 5135 Α
854 5083 908 5136 in
953 5093 1102 5139 textu
1141 5085 1221 5144 είς
1259 5085 1340 5144 ὃν,

208 5076 553 5212 εἰέζξὲέῑιξ
580 5076 730 5135 οἷον.
762 5083 806 5135 Α
854 5083 908 5136 ἱιι
953 5093 1102 5139 textu
1141 5085 1221 5148 είς
1259 5085 1340 5150 ὃν,
1376 5085 1470 5142 sed
1497 5086 1551 5140 in
1578 5084 1824 5156 margine

337 5218 431 5342 ἒξ)
476 5219 846 5304 Ὁμολογοίη.
885 5221 928 5275 Α
953 5221 1259 5294 ὀμολογείη.

346 5305 365 5340 Α
415 5289 432 5342 i
470 5291 716 5342 Παντωι-
747 5291 892 5342 delet
918 5291 980 5342 Β.

297 5289 432 5426 (73g
470 5289 716 5357 Πάντως
747 5291 892 5346 delet
918 5291 980 5346 Β.

288 5359 401 5429 (74
452 5358 771 5429 Λοτιζεται.
800 5362 847 5415 Α
875 5362 980 5429 λογι

452 5358 771 5434 Aeg-(Cum.
800 5362 847 5415 Α
875 5362 1170 5431 λογίσεται,
1193 5365 1342 5434 quod
1376 5372 1431 5421 et
1458 5365 1622 5423 habet
1651 5365 1819 5422 editio

196 5429 368 5488 anni
408 5429 567 5486 1615⁷.

282 5499 422 5576 (Ῐὲ)
451 5502 813 5576 Εεριῖρςιφήο
837 5504 1275 5576 Αιπαρσιγραφή·

280 5504 423 5652 ἓἓέ
451 5504 1266 5652 ίέῗῖἒὲἕαῗτιςληπῖέἱξὲΐιΐέξ

277 5638 425 5716 (:12)
456 5638 717 5716 ρζειζθαι.
739 5643 798 5716 *ΑΔ
821 5638 1148 5716 inhmargine
1173 5645 1429 5701 νοεῖσθαι.

287 5708 402 5762 ’78
463 5709 693 5764 Νοεῖται
719 5713 854 5770 delet
881 5714 941 5768 Β.

271 5709 427 5854 ἑῖθ)
454 5778 553 5844 Μὴ
587 5784 818 5841 ταύτόν.
839 5785 941 5840 Ἀλ]

307 5778 427 5848 79)
454 5778 553 5844 Μὴ
587 5784 818 5841 ταύτόν.
839 5785 978 5840 Ἀλλ’
1007 5785 1040 5856 ἢ
1075 5786 1271 5839 ταύτὸν
1305 5786 1482 5857 εἴπῃς.

567 5874 828 5943 ΡΑτιιοι..
891 5884 1012 5944 Gn.
1048 5881 1263 5942 XLVI.

1928 4515 2036 4554 non
2052 4508 2234 4554 creata
2254 4501 2384 4557 illud
2409 4504 2758 4574 perspicitur,
2784 4521 2878 4576 per
2901 4507 3092 4561 eadem
3110 4516 3300 4562 natura
3321 4519 3505 4565 creata

1929 4591 2034 4645 hoc
2049 4593 2321 4660 ostendit;
2349 4601 2403 4648 et
2427 4597 2884 4664 quemadmodum
2906 4598 2958 4652 in
2981 4612 3149 4668 parvo
3167 4615 3309 4670 smpe
3329 4600 3504 4656 frusto

1929 4682 2079 4746 vitri,
2126 4697 2252 4737 cum
2283 4684 2349 4738 ad
2395 4685 2606 4740 radium
2645 4689 2959 4758 expositum
2987 4689 3157 4758 jacet,
3195 4701 3343 4747 totus
3371 4693 3504 4749 solis

2152 4881 2418 4958 ζριιςξῆς.
2453 4885 2492 4936 Α
2512 4885 2572 4958 ’Β
2598 4888 2797 4958 φωνῆς.

2004 4950 2116 5021 (81)
2149 4951 2219 5006 Τὸ
2257 4950 2367 5022 γὰρ
2399 4954 2526 5007 κατ’
2563 4950 2786 5010 εἶχόνὶι.
2830 4957 2887 5011 In
2915 4959 3062 5013 calce
3088 4960 3296 5014 codicis
3319 4960 3361 5012 Λ
3391 4960 3506 5014 haec

1931 5021 2005 5076 ita
2037 5021 2544 5100 σκριίςοιιιιενξοτι
2571 5027 2756 5100 ὅμοιος
2790 5027 2889 5097 μέν
2915 5028 3030 5081 ἐστι
3055 5029 3131 5100 τῷ
3149 5029 3267 5099 Θεῷ
3301 5031 3329 5082 6
3356 5032 3502 5100 ἡμέ-

1931 5107 2090 5166 τερος
2100 5160 2108 5166 _
2125 5091 2284 5166 νιλῖξς.Δ
2297 5093 2478 5166 οὐκέτι
2502 5094 2557 5148 δὲ
2580 5091 2882 5166 ὁμοούσίος.

2252 5161 2453 5232 ἀρχέτ.
2487 5166 2532 5217 Α
2565 5160 2656 5218 τδν
2690 5167 3014 5237 ἀρχέτυπον.

2005 5186 2117 5230 (οη
2156 5186 2223 5213 ιυ
2252 5186 2453 5232 αρχετ.
2487 5186 2532 5217 Δ
2565 5186 2656 5218 τον
2690 5186 2760 5237 αρ

2005 5229 2374 5302 (85)]Ογκου
2398 5250 2462 5288 τε
2483 5237 2730 5302 παντός.
2750 5186 2794 5289 ἐ

1925 5299 2089 5354 habet
2117 5299 2304 5368 ὄγκου.
2441 5361 2447 5368 ,

1997 5368 2110 5507 (84)
2138 5370 2240 5422 Διά
2257 5374 2654 5437 σημαντικήν.
2686 5375 2729 5428 A
2757 5381 2810 5429 et
2834 5375 2874 5427 Β
2893 5375 3344 5447 διαστηματικήν.

2021 5439 2110 5506 85)
2135 5441 2213 5492 Δι’
2235 5440 2534 5497 ἁπάντων.
2569 5443 2610 5496 Β
2640 5445 2727 5498 διὰ
2772 5444 3005 5498 πάντων.

2807 5236 2968 5305 ὄγκου
2993 5237 3207 5300 πάντως
3230 5234 3359 5307 [sic]
3379 5245 3432 5293 et
3457 5239 3503 5291 Α

2021 5439 2110 5506 85)
2135 5441 2213 5492 Δι’
2235 5440 2534 5497 ἁπάντων.
2569 5443 2610 5496 Β
2640 5445 2727 5498 διὰ
2772 5444 3005 5498 πάντων.

1991 5508 2114 5593 (86).
2138 5510 2422 5593 Ἕκείγω.-
2445 5510 2503 5566 In
2651 5515 2890 5579 additur,
2948 5517 3007 5567 ἐν
3066 5516 3144 5586 τῷ
3197 5519 3369 5593 νοερῷ
3409 5520 3504 5576 καὶ

1925 5577 2210 5656 datu
2235 5582 2330 5656 καὶ
2349 5577 2683 5656 ἀδιαστὰτῳ.

1999 5649 2113 5725 (87)
2152 5650 2407 5725 fuit”.
2440 5654 2486 5706 Α
2522 5654 2561 5707 Β
2587 5649 2798 5725 ὑέλίνῳ.

2006 5719 2119 5790 (88)
2150 5719 2478 5794 Βραχὺτης.
2517 5725 2612 5799 lii)
2654 5719 2944 5800 βραχύτης.

3147 5893 3181 5945 2
