3990 6202
411 282 484 337 45
1489 277 1578 334 DE
1615 275 1832 334 ANIMA
1872 277 1960 334 ET
1999 277 2595 338 RESURIKECTIONE.
3590 281 3661 337 ιε

417 391 605 462 ἐπειδὴ
655 389 844 446 λύεται
891 389 954 444 τὸ
995 387 1371 460 συγκείμενον,
1402 387 1700 443 κινδυνεύει
1738 389 1812 462 (6)
1862 407 1983 445 συν-

2094 389 2252 445 simul
2295 391 2513 447 occulta
2557 399 2722 462 atque
2751 387 3010 446 ineffabili
3038 390 3270 461 quadam
3297 392 3508 447 ratione
3534 405 3658 447 cum

421 483 731 554 διαλυθῆναι
755 481 835 553 τῷ
868 481 1108 552 συνθέτῳ
1130 480 1191 533 τὸ
1219 480 1293 551 μὴ
1330 480 1706 549 συγκείμενον.

2097 481 2488 537 elementorum
2519 489 2903 538 concremento
2934 482 3200 537 coaluerit
3249 483 3416 538 etiam
3447 483 3500 537 in
3531 496 3661 552 per-

414 587 632 649 petuum
660 589 981 646 permanere
1007 588 1132 628 cum
1160 574 1227 629 iis
1255 574 1454 643 quibus
1478 574 1761 630 commista
1791 581 1896 636 est,
1937 587 2114 642 neque
2141 574 2248 628 ullo
2271 574 2430 630 modo
2461 575 2528 629 ab
2552 590 2616 630 ea
2641 576 2930 631 coalitione
2958 585 3120 646 atque
3153 577 3520 640 concretione,
3540 590 3664 647 quas

414 669 581 726 semel
605 668 653 722 ei
683 665 996 737 contigerit,
1026 665 1182 720 avelli
1217 674 1426 734 putare,
1451 667 1600 721 nullo
1638 665 1798 720 modo
1823 673 1906 720 est
1932 680 1959 717 a
1990 665 2462 722 verisimilitudine
2486 675 2648 735 atque
2679 667 3058 737 probabilitate
3081 669 3338 723 alienum.
3360 666 3476 722 Non
3510 669 3660 723 enim

410 762 539 832 quia
566 758 800 816 solvitur
825 756 1210 828 compositura,
1239 755 1364 811 inde
1398 756 1562 811 etiam
1600 755 1908 812 necessario
1934 755 2286 825 consequitur
2313 771 2419 811 una
2446 772 2570 812 cum
2599 759 2900 829 composito
2924 757 3148 815 dissolvi
3181 759 3234 813 id
3259 759 3402 828 quod
3435 773 3661 829 compo-

410 854 577 908 situm
615 866 726 907 non
758 856 865 906 est.

484 956 545 1011 Γ.
564 958 738 1029 Κάγὼ
756 959 929 1028 εἶπον,
959 959 1192 1017 Ἀλλάτά
1206 962 1306 1033 μὲν
1321 961 1553 1033 στοιχεῖα
1574 957 1906 1027 συμπίπτειν
1928 973 1983 1010 τε

2173 961 2238 1017 G.
2270 959 2444 1028 Atque
2466 973 2565 1030 ego
2593 977 2606 1015 :
2631 960 2829 1018 Verum
2852 963 3117 1020 elementa
3137 961 3372 1034 quidem,
3410 962 3656 1032 inquam,

411 1055 551 1126 πρὸς
603 1050 807 1122 ἄλληλα
837 1049 936 1119 (7),
972 1049 1066 1102 καὶ
1119 1050 1253 1119 πρὸς
1300 1048 1543 1118 ἀλλήλων
1593 1046 1983 1118 διακρίνεσθαι¹

2094 1045 2232 1101 inter
2261 1061 2384 1102 sese
2417 1055 2530 1100 tum
2563 1047 2714 1103 coire
2751 1059 2807 1104 et
2847 1050 3240 1114 cohaerescere,
3276 1057 3390 1106 tum
3424 1051 3658 1107 alterum

415 1147 511 1198 καὶ
554 1143 711 1197 τοῦτο
753 1138 892 1195 εἶναι
936 1139 1037 1210 τὴν
1079 1137 1174 1191 τοῦ
1223 1137 1473 1210 σώματος
1513 1138 1769 1192 σύστασίν
1809 1155 1869 1190 τε
1897 1139 1983 1190 καὶ

2094 1135 2154 1190 ab
2197 1136 2376 1191 altero
2423 1137 2665 1206 separari
2705 1147 2868 1209 atque
2910 1139 3177 1211 disjungi,
3219 1151 3273 1196 et
3325 1141 3378 1196 id
3410 1143 3660 1213 corporis

414 1237 674 1301 διάλυσιν,
729 1232 904 1295 οὐδεὶς
957 1229 1024 1285 ἂν
1071 1229 1336 1284 ἀντείποι.
1380 1229 1599 1301 Ἐπειδὴ
1649 1229 1706 1282 δὲ
1751 1227 1885 1281 πολὺ
1929 1227 1983 1280 τὸ

2094 1241 2206 1282 esse
2229 1233 2343 1280 tum
2381 1228 2822 1284 constitutionem
2862 1240 2978 1285 tum
3015 1231 3458 1297 dissolutionem,
3500 1249 3661 1288 nemo

417 1327 578 1397 μέσον
621 1324 838 1394 ἑκάστῳ
866 1320 944 1392 (8)
980 1323 1179 1374 νοεῖται
1224 1319 1380 1372 τοῦτο
1409 1319 1518 1373 τῶν
1545 1319 1621 1390 (9)
1661 1316 1983 1389 ἑτερογενῶς

2094 1315 2505 1372 contradixerit.
2564 1317 2833 1383 Quoniam
2894 1329 3074 1376 autem
3127 1323 3356 1376 multum
3397 1324 3662 1379 interesse

412 1418 642 1488 ἐχόντων
672 1414 810 1486 πρὸς
847 1412 1070 1483 ἄλληλα,
1120 1410 1262 1464 κατά
1297 1427 1358 1462 τε
1406 1409 1504 1480 τὴν
1555 1409 1784 1478 τοπικὴν
1817 1407 1983 1474 θέσιν,

2094 1408 2410 1478 intelligitur
2463 1410 2604 1464 inter
2634 1413 3070 1482 unumquodque
3119 1414 3335 1479 horum,
3389 1430 3511 1484 quae
3545 1424 3658 1469 tum

412 1508 504 1562 καὶ
526 1507 622 1577 τὴν
641 1505 750 1558 τῶν
778 1503 1096 1572 ποιημάτων
1118 1500 1226 1571 (10)
1252 1500 1514 1572 διαφοράν
1535 1516 1593 1551 τε
1615 1499 1708 1552 κα).
1730 1497 1983 1602 ἰδιότητα,

2094 1497 2392 1551 secundum
2419 1497 2642 1553 localem
2681 1500 3028 1568 positionem,
3064 1509 3177 1556 tum
3203 1503 3527 1572 qualitatum
3555 1503 3662 1558 dif-

413 1593 928 1666 συνδεδραμηκότων
964 1590 1062 1662 μὲν
1096 1589 1205 1659 (11)
1237 1589 1485 1660 ἀλλήλοις
1509 1589 1636 1658 περὶ
1681 1587 1740 1640 τὸ
1772 1586 1983 1638 ὑποκεί-

2094 1585 2380 1641 ferentiam
2405 1588 2616 1658 pariter
2640 1604 2703 1644 ac
2728 1590 3112 1660 proprietatem
3145 1592 3344 1647 diversi
3375 1594 3516 1647 inter
3538 1609 3661 1648 sese

417 1704 577 1758 μενον
603 1685 713 1737 τῶν
742 1683 1034 1752 στοιχείων,
1058 1681 1157 1750 τὴν
1179 1680 1371 1751 νοεράν
1396 1681 1598 1749 ταύτην
1617 1679 1711 1731 καὶ
1735 1677 1983 1732 ἀδιάστα-

2094 1675 2312 1745 generis
2347 1686 2497 1740 sunt,
2532 1676 2801 1746 siquidem
2833 1678 2980 1733 circa
3028 1679 3332 1749 subjectum
3362 1681 3499 1736 inter
3539 1696 3661 1736 sese

411 1795 505 1831 τον
533 1775 695 1845 φύσιν
723 1776 788 1845 ῆν
831 1772 1100 1842 καλοῦμεν
1135 1772 1246 1840 (12)
1273 1770 1469 1842 ψυχὴν,
1516 1769 1806 1823 ἀκόλουθον
1846 1786 1983 1839 συμ-

2094 1768 2475 1822 concurrerint
2510 1768 2802 1832 elementa,
2847 1778 3272 1826 consentaneum
3305 1781 3410 1836 est,
3446 1773 3659 1828 intelle-

419 1867 568 1936 φυῶς
611 1866 745 1936 πρὸς
778 1865 838 1918 τὸ
880 1865 1157 1935 ἡνωμένον
1195 1863 1336 1933 ἔχειν
1363 1880 1376 1893 ·
1407 1864 1456 1915 εί
1493 1862 1550 1915 δὲ
1601 1863 1696 1916 ἀπ’
1742 1862 1983 1932 ἀλλήλων

2094 1856 2329 1910 ctualem
2377 1856 2520 1912 hanc
2561 1856 3032 1928 dimensionisque
3078 1871 3351 1930 expertem
3384 1869 3655 1926 naturam,

414 1957 712 2028 διακριθείη
743 1956 938 2021 ταῦτα,
981 1957 1203 2009 κάκεῖσε
1238 1954 1347 2025 (15)
1388 1953 1615 2022 γένοιτο,
1655 1953 1874 2024 ὄπηπερ
1921 1952 1988 2007 ἂν

409 2047 639 2102 ἕκαστον
668 2047 700 2116 ἡ
734 2045 895 2114 φύσις
926 2045 1048 2113 ἄγοι
1081 2044 1213 2114 (14).
1244 2044 1298 2096 τὶ
1342 2043 1588 2096 πείσεται
1628 2042 1741 2111 (15)
1769 2043 1802 2112 ή
1840 2040 1986 2112 ψυχὴ

411 2130 651 2200 πολλαχῆ
681 2131 773 2184 τοῦ
797 2131 1071 2200 ὀχήματος
1098 2130 1235 2201 αύτῇ
1261 2129 1880 2200 διασπαρέντοςοῶσπερ
1903 2146 1987 2193 τις

411 2218 613 2289 ναύτης
645 2218 743 2287 τῆς
776 2218 997 2280 ὁλκάδος
1041 2219 1098 2270 ὲν
1126 2216 1368 2285 ναυαγίῳ
1411 2215 1753 2287 διαλυθείσης
1792 2217 1987 2271 ἀδυνα-

410 2304 521 2358 τῶν
550 2307 684 2357 πᾶσι
713 2307 825 2367 τοῖς
851 2304 942 2358 τοῦ
975 2304 1158 2357 πλοίου
1203 2305 1410 2376 μορίοις
1439 2303 1620 2367 ἀλλοις
1653 2305 1858 2375 ἀλλαχῆ
1889 2305 1985 2358 τοῦ

411 2395 683 2463 πελάγους
711 2395 1124 2466 ἐσκεδασμένοις
1158 2395 1278 2447 κατ’
1301 2395 1461 2448 αὑτὸν
1485 2394 1596 2464 (16)
1624 2395 1980 2466 ἐπινήξασθαι

411 2486 640 2555 (παντὸς
681 2486 790 2554 (17)
837 2485 945 2556 γὰρ
982 2483 1075 2537 τοῦ
1124 2484 1503 2554 ἐπιτυχοῦντος
1537 2482 1647 2555 (18)
1693 2484 1987 2554 λαϐόμενος

409 2579 480 2633 τὰ
524 2578 688 2631 λοιπά
721 2578 908 2650 φέρειν
945 2577 1054 2647 (19)
1103 2575 1417 2644 καταλείψει
1457 2577 1569 2638 τοῖς
1609 2574 1859 2646 κύμασι),
1895 2576 1986 2629 τὸν

409 2669 572 2724 αὐτὸν
597 2669 796 2740 τρόπον
819 2671 852 2738 ἡ
874 2667 1018 2739 ψυχὴ
1046 2667 1159 2738 (20)
1181 2669 1246 2738 τῇ
1277 2665 1546 2736 διακρίσει
1571 2665 1680 2720 τῶν
1709 2666 1986 2736 στοιχείων

411 2759 882 2832 συνδιασχισθῆναι
911 2759 1008 2830 τὴν
1054 2758 1215 2828 φύσιν
1263 2758 1362 2811 ούκ
1406 2756 1623 2827 ἔχουσα,
1663 2756 1821 2829 εἴπερ
1859 2757 1986 2810 δυσ-

413 2853 778 2914 απαλλάκτως
807 2850 922 2921 ἔχει
939 2848 1032 2904 τοῦ
1061 2848 1331 2919 σώματος,
1349 2846 1427 2900 ἑνί
1452 2864 1557 2900 τινι
1578 2847 1792 2909 πάντως
1813 2863 1986 2916 προσ⁴

411 2946 608 3014 φυεῖσα
643 2941 922 3012 στοιχείων
963 2939 1094 3010 (21),
1143 2938 1251 2991 τῶν
1289 2936 1464 2991 ἄλλων
1500 2937 1982 3006 ἀποσχισθήσεται,

410 3035 507 3088 καὶ
532 3033 686 3087 οὐδὲν
722 3032 919 3102 μᾶλλον
963 3029 1229 3084 ἀθάνατον
1256 3027 1422 3098 αὐτὴν
1456 3027 1544 3081 διὰ
1571 3026 1634 3080 τὸ
1661 3028 1719 3078 ὲν
1748 3026 1826 3078 ἐνὶ
1860 3025 1981 3097 ζῇν,

409 3127 444 3196 ἢ
482 3126 702 3196 θνητὴν,
725 3124 816 3178 διὰ
841 3123 902 3177 τὸ
923 3124 979 3176 ὲν
1005 3124 1117 3185 τοῖς
1142 3120 1350 3174 πλείοσι
1383 3121 1458 3192 μὴ
1489 3113 1649 3185 εἶναι,
1693 3119 1727 3189 ἡ
1759 3117 1982 3172 ἀκολου-

410 3216 503 3269 θία
537 3215 633 3270 τοῦ
660 3216 818 3284 λόγου
853 3215 1066 3268 δίδωσιν
1094 3211 1320 3266 οἴεσθαι.

2093 1959 2256 2014 quam
2295 1945 2531 1998 animam
2579 1960 2861 2013 vocamus,
2915 1949 3188 2003 cohaerere
3225 1958 3384 2018 atque
3428 1949 3661 2019 conjun-

2093 2041 2234 2088 ctam
2284 2049 2408 2089 esse
2453 2049 2578 2089 cum
2623 2050 2710 2102 eo,
2765 2037 2908 2106 quod
2960 2037 3096 2108 (ita)
3146 2039 3354 2093 unitum
3398 2050 3514 2106 e3t;
3571 2039 3659 2093 sin

2094 2131 2274 2179 autem
2308 2125 2424 2180 haec
2465 2125 2695 2180 alterum
2743 2128 2812 2184 ab
2847 2128 3017 2184 altero
3055 2138 3306 2200 separata
3352 2137 3517 2199 atque
3567 2128 3661 2183 illo

2092 2213 2311 2268 redacta
2364 2213 2585 2276 fuerint,
2630 2232 2957 2287 quocunque
2992 2221 3416 2289 unumquodque
3465 2229 3660 2273 natura

2094 2301 2265 2364 ducit.
2301 2303 2538 2370 patietur
2561 2305 2723 2359 etiam
2757 2307 2956 2370 anima,
2998 2307 3053 2361 in
3088 2308 3286 2361 multas
3318 2314 3500 2376 partes
3537 2321 3663 2376 pas-

2093 2391 2199 2447 sim
2231 2392 2482 2447 vebiculo
2525 2393 2644 2462 ejus
2689 2395 2954 2464 disjecto:
2988 2405 3041 2451 et
3074 2395 3528 2466 quemadmodum
3562 2397 3661 2451 ali—

2091 2481 2216 2553 quis
2260 2492 2458 2548 nauta,
2501 2485 2594 2539 ubi
2646 2486 2932 2557 naufragio
2970 2489 3236 2544 dissoluta
3285 2487 3448 2544 fuerit
3483 2488 3660 2551 navis,

2091 2571 2161 2625 ad
2199 2585 2390 2627 omnes
2425 2573 2544 2642 ejus
2571 2583 2776 2645 partes,
2808 2577 2931 2634 aliis
2971 2578 3024 2631 in
3057 2579 3218 2634 aliam
3251 2579 3420 2650 pelagi
3451 2587 3660 2650 partem

2091 2659 2398 2732 dissipatis,
2425 2664 2614 2719 eodem
2655 2674 2898 2737 tempore
2925 2669 3130 2725 adnare
3159 2685 3266 2724 non
3293 2679 3470 2741 potest
3502 2670 3658 2742 (nam

2091 2750 2139 2806 si
2169 2752 2432 2823 quidquid
2480 2755 2714 2824 primum
2763 2759 3065 2816 occurrerit
3111 2767 3165 2814 et
3206 2760 3421 2815 obviam
3472 2761 3660 2824 fuerit,

2090 2842 2528 2912 apprehenderit,
2561 2846 2769 2916 reliqua
2803 2846 3061 2906 ﬂuctibus
3097 2849 3225 2906 ferri
3257 2853 3413 2922 plane
3440 2853 3662 2924 permit-

2093 2934 2218 3004 tet),
2269 2933 2460 2991 eodem
2516 2937 2677 2992 modo
2730 2939 2910 2994 anima
2943 2955 3064 3010 qua:
3101 2957 3164 2997 ea
3197 2951 3391 2996 natura
3434 2942 3661 3012 praedita

2091 3041 2202 3080 non
2255 3036 2356 3093 est,
2416 3038 2474 3082 ut
2530 3045 2639 3084 una
2692 3045 2815 3085 cum
2871 3036 3216 3104 separatione
3267 3038 3656 3093 elementorum

2091 3117 2391 3184 scindatur,
2425 3119 2693 3191 siquidem
2715 3136 2745 3174 a
2777 3137 3006 3194 corpore
3041 3125 3259 3182 liberari
3308 3135 3468 3199 atque
3493 3144 3660 3200 expc-

2090 3208 2196 3263 diri
2229 3225 2337 3264 non
2361 3219 2559 3280 potest,
2592 3213 2639 3269 si
2674 3214 2767 3268 nni
2794 3216 2956 3271 alicui
2992 3232 3219 3286 prorsus
3249 3219 3526 3275 inhaeserit
3555 3221 3660 3275 ele-

411 3315 616 3371 mento,
651 3283 872 3361 abaliis
899 3305 1160 3360 avelletur
1199 3312 1253 3358 ct
1291 3301 1701 3367 intercludetur,
1735 3310 1790 3356 et
1821 3310 1880 3355 ut
1909 3283 2079 3356 nihilo
2105 3301 2280 3372 magis
2309 3303 2632 3361 immortalis
2661 3320 2782 3375 qua:
2809 3307 2860 3360 in
2895 3283 3005 3363 uno
3029 3307 3194 3375 vivat,
3221 3323 3382 3379 quam
3410 3311 3659 3366 mortalis

410 3411 628 3472 putetur
655 3415 776 3472 quas
807 3400 862 3454 in
903 3397 1152 3468 pluribus
1176 3411 1283 3452 non
1323 3397 1415 3464 sit,
1445 3394 1832 3464 consequentia
1864 3395 2134 3450 sermonis
2155 3396 2267 3451 dat.

483 3537 538 3592 Μ
556 3577 572 3594 .
610 3536 752 3592 Ἀλλ’
776 3535 901 3590 οὔτε
923 3533 1288 3602 συστέλλεται,
1309 3530 1493 3604 φησὶν,
1515 3527 1635 3582 οὔτε
1653 3528 1912 3603 διαχεῖται
1925 3528 1986 3582 τὸ

409 3621 596 3692 νοητόν
617 3637 678 3674 τε
702 3621 796 3674 καὶ
815 3619 1138 3672 ἀδιάστατον
1163 3618 1452 3688 (σωμάτων
1475 3615 1582 3686 γὰρ
1605 3614 1734 3669 ἴδιον
1756 3615 1985 3686 συστολὴ

2160 3523 2230 3581 Μ.
2252 3529 2322 3582 At
2341 3542 2514 3598 neque
2555 3526 2915 3593 contrahitur,
2938 3529 3130 3601 inquit,
3148 3545 3324 3602 neque
3336 3533 3658 3592 diffunditur

2083 3618 2136 3673 id
2170 3619 2316 3688 quod
2345 3629 2399 3675 et
2442 3631 2623 3676 mente
2667 3621 2936 3686 noscitur,
2983 3623 3425 3696 cogitationeque
3474 3631 3658 3699 perci~

410 3714 504 3767 καί
539 3711 840 3782 διάχυσις),
880 3709 1074 3780 ἐπίσης
1103 3709 1159 3762 δὲ
1208 3707 1349 3762 κατά
1387 3707 1485 3776 τὴν
1528 3707 1665 3760 ἰδίαν
1702 3705 1862 3776 φύσιν
1887 3705 1983 3777 τὴν

2094 3710 2251 3778 pitur,
2297 3717 2351 3765 et
2381 3709 2766 3780 disjunctionis
2816 3715 3285 3786 separationisque
3331 3733 3526 3789 expers
3573 3731 3659 3778 est

411 3804 571 3874 ἀειδῆ
607 3805 701 3857 καὶ
738 3803 1026 3873 ἀσώματον
1054 3803 1118 3872 τῇ
1151 3817 1211 3854 τε
1248 3797 1530 3870 συγκρίσει
1567 3797 1674 3850 τῶν
1712 3796 1983 3866 στοιχείων

2094 3797 2407 3870 (corporum
2441 3804 2585 3856 enim
2626 3803 2878 3858 contrahi
2921 3812 3086 3875 atque
3116 3806 3344 3864 diﬂ‘undi
3375 3811 3655 3882 proprium

413 3895 548 3964 περὶ
575 3894 635 3946 τὸ
673 3894 830 3962 σῶμα
866 3894 960 3947 καὶ
999 3895 1067 3963 τῇ
1112 3889 1379 3960 διακρίσει
1411 3889 1690 3960 πάρεστιν,
1731 3903 1982 3955 συνεσφι-

415 3982 636 4052 γμένων
663 3981 774 4051 (22)
799 3983 855 4035 ὲν
884 3980 961 4050 τῷ
992 3979 1324 4051 συγκρίματι
1363 3978 1472 4032 τῶν
1497 3975 1771 4046 στοιχείων
1801 3991 1984 4028 στενο-

409 4074 754 4145 χωρουμένη,
767 4071 887 4126 οὔτε
908 4071 1386 4142 ἀποφοιτησάντων
1405 4068 1498 4123 ἐπὶ
1511 4067 1581 4121 τὰ
1598 4066 1834 4135 συγγενῆ
1847 4065 1981 4135 (25),

409 4166 506 4219 καὶ
532 4164 672 4218 κατά
699 4164 862 4232 φύσιν
883 4163 1068 4226 αὐτοῖς
1089 4157 1599 4231 ἀπολιμπανομένη,
1627 4157 1730 4210 κᾶν
1758 4156 1892 4210 πολὺ
1923 4154 1984 4208 τὸ

2089 3891 2224 3963 est),
2265 3890 2362 3946 sed
2399 3892 2682 3962 aequaliter
2712 3893 2868 3962 juxta
2905 3895 2989 3950 sui
3023 3904 3296 3964 naturam,
3338 3915 3458 3971 quae
3485 3909 3542 3958 et
3575 3903 3659 3957 in-

2087 3981 2340 4047 visibilis,
2396 3981 2647 4040 inl‘ormis
2694 3994 2749 4039 et
2782 3986 3100 4056 incorporea
3135 3997 3241 4052 est,
3279 4005 3402 4045 cum
3441 3992 3656 4049 coalitis

2089 4079 2253 4141 atque
2285 4074 2557 4130 concretis
2585 4075 2732 4130 circa
2779 4089 2980 4147 corpus
3005 4078 3312 4146 elementis,
3354 4090 3466 4137 tum
3501 4099 3658 4154 sepa-

2087 4163 2224 4218 ratis
2243 4171 2407 4233 atque
2435 4164 2728 4234 disjunctis
2759 4167 2933 4232 adest,
2967 4183 3032 4223 ac
3052 4185 3230 4240 neque
3255 4175 3570 4232 constrictis
3598 4178 3654 4231 in

411 4256 575 4326 μέσον
607 4251 747 4308 εἶναι
792 4254 940 4307 δοκεῖ
966 4253 1028 4306 τὸ
1064 4253 1162 4322 τῆς
1201 4250 1514 4340 ἑτερότητος
1545 4248 1658 4320 (24)
1689 4247 1983 4340 adsuerat:-

2094 4254 2434 4309 concretione
2478 4255 2760 4312 elementis
2808 4258 3073 4327 premitur
3111 4271 3276 4332 atque
3319 4275 3650 4334 coarctatur,

406 4345 567 4416 χείων
597 4343 1048 4415 ὲνθεωρούμενον.
1087 4341 1262 4413 Πολλὴ
1285 4341 1448 4413 γὰρὴ
1482 4339 1712 4410 διαφορά
1743 4338 1854 4409 (25)
1884 4337 1979 4391 τοῦ

2094 4357 2265 4413 neque
2295 4342 2362 4398 ad
2391 4351 2620 4415 cognata
2651 4345 2868 4418 sibique
2899 4351 3170 4407 naturalia
3201 4355 3460 4419 reversis,
3487 4357 3655 4414 relin-

406 4433 722 4504 ἀνωφεροῦς
747 4452 807 4487 τε
841 4436 934 4488 καὶ
967 4435 1168 4502 κούφου
1208 4434 1341 4503 πρὸς
1363 4432 1424 4486 τὸ
1471 4432 1608 4503 βαρὺ
1640 4432 1734 4484 καὶ
1760 4431 1978 4500 γεῶδες,

405 4522 503 4577 τοῦ
527 4523 727 4594 θερμοῦ
761 4524 874 4595 (26)
905 4525 1041 4595 πρὸς
1066 4526 1127 4578 τὸ
1153 4524 1380 4594 ψυχρὸν,
1408 4522 1502 4576 καὶ
1523 4521 1617 4574 τοῦ
1647 4520 1810 4591 ὑγροῦ
1845 4520 1980 4590 πρὸς

404 4617 466 4669 τὸ
500 4615 738 4670 ἐναντίον
761 4632 776 4646 ·
804 4615 919 4668 ἀλλ’
959 4615 1106 4685 ὅμως
1129 4614 1304 4679 οὐδεὶς
1333 4613 1491 4676 πόνος
1531 4615 1594 4684 τῇ
1635 4613 1797 4684 νοερᾷ
1821 4611 1979 4680 φύσει

478 4821 558 4892 (θ)
579 4821 945 4878 Κινδυνεύει.
977 4824 1087 4878 Καὶ
1109 4824 1244 4878 κινδ.

505 4891 553 4966 ῃ
587 4892 743 4966 ῃρδς
768 4893 1020 4966 (una
1035 4897 1073 4966 Α
1116 4893 1156 4966 u
1178 4895 1272 4948 ἀπ’
1303 4895 1486 4966 ἀλλήλ.

503 4961 558 5028 8)
593 4962 881 5030 Ἐκὰστῳ.
913 4966 956 5017 Δ
989 4963 1030 5016 Β
1055 4965 1304 5019 ἑκάστου.

479 5033 558 5098 (9)
603 5031 782 5085 Τοῦτο
799 5031 934 5085 τῶν.
971 5033 1068 5086 ΑΒ
1097 5033 1320 5089 τούτων.

625 5100 1001 5176 -ῌριημάτωνῃ
1036 5105 1077 5156 A
1104 5101 1146 5155 Β
1179 5106 1494 5176 ποιοτήτων.

476 5170 744 5238 (11)Μέν
769 5172 922 5226 deest
953 5173 1016 5225 Α.

476 5240 591 5312 (lg)
620 5242 726 5312 Ἦν
751 5243 888 5312 κοιλ.
981 5240 1079 5312 τὴν
1124 5242 1244 5295 καλ.

512 5309 596 5375 13)
633 5310 906 5364 Κάκεῑσε.
928 5310 968 5364 Β
990 5309 1082 5364 κάι
1104 5313 1299 5366 ἐκεῖσε.

509 5378 595 5451 μ)
628 5381 806 5447 Ἀγοι.
843 5383 884 5432 Α
911 5382 1052 5448 άγει,
1090 5381 1276 5451 Βάγῃ.

475 5448 914 5524 (ίᾷλΠεζσεται.
944 5453 986 5504 Α
1033 5452 1087 5505 in
1124 5448 1367 5521 margine
1401 5496 1412 5508 .
1453 5456 1704 5524 Ἀγεται,
1737 5457 1977 5511 πείσεται

400 5520 504 5572 καὶ.
530 5521 564 5586 ἡ

477 5589 595 5654 (16)
629 5589 766 5641 Κατ’
792 5594 954 5648 αὐτό.
980 5592 1021 5645 Α
1066 5591 1205 5646 κατά
1232 5594 1445 5648 ταύτόν.

477 5657 597 5727 (Π)
623 5661 860 5721 "firme.
892 5666 931 5720 Α
966 5663 1209 5726 πάντως.

2085 4434 2290 4503 quitur,
2319 4433 2528 4490 etiamsi
2560 4451 2816 4508 magnum
2840 4439 2973 4497 illud
3006 4442 3299 4502 discrimen
3322 4463 3446 4504 esse
3473 4451 3655 4506 videa-

2085 4532 2194 4590 tur,
2223 4525 2368 4596 quod
2411 4527 2656 4582 cernitur
2690 4537 2745 4584 et
2777 4531 3231 4592 animadvertitur
3265 4539 3320 4594 in
3352 4541 3654 4599 elemento-

2087 4633 2207 4672 rum
2238 4617 2588 4684 diversitate;
2621 4634 2818 4692 magna
2860 4625 3006 4680 enim
3045 4629 3350 4688 diti‘erentia
3381 4643 3465 4692 est
3513 4635 3655 4691 inter

2160 4829 2270 4908 (
2307 4831 2776 4908 ’ζίῃιτυχοῦντοᾳ
2812 4836 2875 4908 AV
2897 4835 3318 4908 Βὲπιτυχόντος.

2159 4900 2206 5020 (1
2199 4900 2536 5021 ἆὶοξξέξῖν.
2558 4905 2602 4957 Α
2631 4906 2685 4959 in
2712 4900 2954 4977 margine
2982 4900 3146 4972 εΤοίξ
3171 4900 3378 4978 κύμασι
3403 4909 3623 4963 καταλει

2085 4967 2175 5036 ψει
2199 4967 2478 5039 φέρεσθαι.
2830 4967 2859 4977 ν

2157 5038 2290 5178 (20).
2308 5040 2369 5093 Ἡ
2396 5041 2653 5124 ψυχιῇΒ
2675 5045 2767 5097 καὶ
2797 5047 2830 5116 ή
2859 5046 3026 5117 ψυχή.

2159 5109 2241 5178 (21
2294 5111 2680 5178 Προσφυεισα
2707 5119 3026 5178 στοιχείων

2159 5109 2272 5178 (21)
2294 5109 2680 5180 Προσφὺεῖσα
2707 5109 3038 5185 (Italiamin
3070 5117 3111 5170 Β
3142 5119 3476 5188 προσφυεῖσα
3509 5135 3651 5172 στοι-

2085 5176 2600 5253 χείλιρέμΑγᾉστοιχείῳ.

2154 5230 2267 5386 (22)
2291 5230 2810 5321 Σὺκεὸνέέἷγίμένων.
2844 5254 2887 5306 Λ
2915 5263 2968 5308 et
2999 5254 3038 5308 Β
3071 5255 3405 5324 praemittunt
3433 5255 3577 5310 οὔτε.

2177 5317 2268 5378 25)
2298 5320 2584 5386 Συγγενῆ.
2617 5322 2657 5373 Β
2690 5323 2923 5386 συγγενῆ
2950 5342 3028 5376 τε.

2298 5317 2657 5392 Συγτξεόοῆίβ
2690 5323 2923 5392 συγγενῆ
2950 5342 3028 5376 τε.

2155 5385 2268 5454 (24)
2297 5385 2469 5440 Δοκέῖ
2483 5385 2674 5458 τὸτῆς
2696 5385 3057 5461 ἐτὲρότὴτος.
3088 5398 3132 5448 Α
3159 5393 3199 5448 Β
3222 5393 3350 5465 δοκῇ
3375 5397 3438 5466 τῇ
3469 5398 3655 5470 ἑτερό-

2393 5529 2663 5600 διαφορά.
2688 5531 2731 5586 Α
2756 5533 2808 5588 in
2842 5540 2990 5587 textu
3017 5532 3284 5606 ἀναφορὰ,
3319 5535 3374 5590 in
3413 5537 3658 5609 margine

2120 5614 2211 5652 ιαφ
2323 5639 2336 5652 .

2120 5613 2336 5666 ιαφορα.

2157 5665 2266 5738 (26)
2300 5669 2408 5725 Τοῦ
2447 5672 2681 5742 θερμοῦ.
2721 5672 2758 5728 Β
2786 5674 2877 5727 καὶ
2905 5675 2998 5729 τοῦ
3023 5674 3246 5750 οερμοιῦ.
