3990 6202
886 247 898 278 ι

475 347 540 405 47
1670 347 1727 404 S.
1761 343 2087 405 GREGORII
2128 345 2414 404 NYSSENI
3639 345 3715 400 £8

465 462 523 518 lt]
555 461 700 534 quod
729 477 853 518 cum
888 462 1001 519 leve
1025 463 1118 530 sit,
1147 477 1367 519 sursum
1401 461 1591 528 fertur,
1645 473 1700 520 et
1735 479 1898 536 grave
1927 472 2035 519 ter—

2139 465 2352 536 ἑκάστῳ
2379 465 2652 536 παρεῖναι,
2684 457 2764 527 οἷς
2787 463 2930 527 anas
2956 460 3176 533 ὲνεφύη,
3201 459 3287 514 διά
3316 459 3563 531 κράσεως
3593 457 3711 528 (27)

468 569 731 624 reumque
755 573 767 609 :
790 555 916 609 item
945 556 1084 609 inter
1110 554 1344 610 calidum
1361 566 1414 610 et
1433 555 1708 628 frigidum,
1727 558 2035 613 humidum-

467 656 576 710 que
615 652 668 697 et
695 643 745 699 ei
785 645 1142 709 contrarium,
1173 653 1406 700 attamen
1439 647 1590 700 nullo
1631 649 1848 717 negotio
1877 648 2037 703 intel-

471 731 720 788 lectualis
751 742 965 798 natura,
1007 749 1180 804 eaque
1216 751 1336 805 qua:
1370 746 1550 790 meme
1580 738 1693 791 sola
1738 745 1952 792 constat
1983 744 2037 792 et

469 822 794 894 cogitatione
817 825 1134 894 percipitur,
1166 826 1320 882 adest
1357 827 1652 895 unicuique
1680 841 1892 894 eorum,
1923 827 2039 896 qui-

472 914 570 969 bus
596 915 761 969 semel
803 916 1107 982 inhaeserit,
1154 931 1253 972 nec
1286 931 1384 986 per
1427 915 1779 982 refusionem,
1819 916 2036 974 discus-

469 1005 679 1059 sionem
735 1021 800 1061 ac
854 1006 1266 1062 distractionem
1325 1021 1433 1061 una
1480 1021 1604 1062 cum
1651 1008 2039 1063 contrarietate

468 1096 739 1150 scinditur
764 1097 1179 1152 elementorum.
1201 1097 1320 1154 Non
1347 1099 1492 1153 enim
1523 1099 1650 1168 quia
1679 1099 2040 1168 dispositione

469 1186 570 1240 loci
605 1195 863 1258 certaque
888 1190 1118 1259 quadam
1149 1190 1498 1259 proprietate,
1533 1189 1719 1259 procul
1751 1190 1868 1243 haec
1898 1190 2041 1244 inter

465 1292 586 1333 sese
626 1278 829 1334 distare
883 1280 1308 1346 existimantur,
1370 1279 1577 1335 idcirco
1629 1279 2037 1350 inseparabilis,

465 1368 960 1440 ilisjunctionisque
989 1386 1051 1425 ac
1083 1371 1243 1441 spatii
1270 1386 1467 1442 expers
1499 1379 1695 1426 natura
1720 1386 1919 1441 magno
1945 1387 2039 1427 ne-

466 1461 612 1528 gotio
659 1476 722 1515 ac
757 1460 1044 1515 diﬂiculter
1085 1463 1437 1534 conjungitur
1485 1477 1614 1516 cum
1662 1462 1730 1516 iis
1756 1478 1877 1530 qua:
1919 1463 2038 1517 loco

463 1551 688 1614 distant,
729 1552 986 1618 quoniam
1012 1552 1176 1606 etiam
1204 1567 1349 1607 nunc
1379 1567 1533 1608 mens
1567 1552 1730 1606 simul
1754 1560 1807 1607 et
1835 1552 2035 1607 caelum

464 1645 844 1712 contemplari,
885 1653 939 1699 et
968 1643 1035 1698 ad
1073 1646 1338 1701 terminos
1373 1646 1562 1699 mundi
1593 1645 1812 1700 curiosa
1852 1647 2037 1716 inqui-

465 1731 665 1786 sitione
691 1733 908 1787 extendi
958 1741 1173 1802 potest;
1214 1749 1279 1788 ac
1327 1749 1438 1789 non
1469 1735 1746 1790 divellitur
1788 1743 2036 1790 eontem-

2141 556 2214 626 μὴ
2250 553 2728 624 συνδιασχιζομένη
2775 555 2840 623 τῇ
2883 553 2989 605 τῶν
3033 551 3308 621 στοιχείων
3355 550 3716 621 ὲναντιότητι.

2136 646 2210 699 Οὐ
2239 644 2348 715 γάρ
2374 644 2556 714 ἐπειδὴ
2583 644 2722 697 κατά
2754 643 2863 718 τὴν.
2885 642 3114 712 τοπικὴν
3155 641 3454 702 διάστασιν,
3491 641 3586 723 κὶα).
3611 640 3718 711 τὴν

2137 735 2298 788 ποίαν
2336 734 2450 804 (28)
2485 735 2740 804 ἰδιότητα,
2788 733 3069 805 πόρρωθεν
3099 731 3342 802 ἀλλήλων
3387 731 3563 784 ταῦτα
3597 731 3716 800 (99)

2137 825 2434 896 νομίζεται,
2459 826 2544 878 διὰ
2576 825 2732 878 τοῦτο
2766 826 2961 894 κάμνει
2995 825 3026 894 ἡ
3069 822 3387 900 ἀδιάστατος
3411 821 3570 890 φύσις
3598 823 3717 886 τοῖς

2135 915 2376 978 τοπικῶς
2396 915 2700 986 διεστηκόσι
2726 914 3128 983 συναπτομένη,
3155 914 3276 965 ἐπεὶ
3297 911 3391 965 καὶ
3411 911 3505 965 νῦν
3537 911 3716 976 ἔξεστι

2136 1006 2200 1074 τῇ
2232 1003 2436 1073 διανοίᾳ
2467 1003 2602 1074 ὁμοῦ
2647 1021 2705 1056 τε
2733 1004 2824 1056 τὸν
2855 1002 3082 1074 οὐρανὸν
3110 1001 3354 1072 θεωρεῖν,
3391 1001 3484 1054 καὶ
3521 1000 3614 1052 ἐπὶ
3640 999 3715 1052 τὰ

2137 1095 2352 1166 πέρατα
2374 1095 2466 1149 τοῦ
2501 1095 2706 1166 κόσμου
2735 1097 2853 1161 ταῖς
2887 1091 3434 1165 πολυπραγμοσύναις
3469 1090 3712 1145 ἐκτείνε-

2139 1185 2299 1239 σθαι·
2329 1185 2422 1238 καὶ
2449 1187 2509 1239 οὑ
2548 1186 2839 1239 διασπᾶται
2870 1185 3005 1256 πρὸς
3031 1182 3269 1238 τοσαῦτα
3309 1184 3454 1253 μήκη
3493 1183 3554 1235 τὸ
3575 1181 3715 1233 θεω-

2141 1277 2363 1346 ρητικὸν
2395 1278 2493 1346 τῆς
2523 1277 2702 1348 ψυχῆς
2735 1277 2890 1347 ἡμῶν
2917 1275 3327 1345 διατεινόμενον.
3347 1272 3554 1327 Οὐκοῦν
3580 1271 3711 1325 οὐδ-

2138 1369 2196 1422 ὲν
2223 1369 2476 1439 ἐμπόδιόν
2526 1371 2642 1422 ἐστι
2669 1372 2735 1440 τῇ
2761 1370 2904 1438 ψυχῇ
2936 1367 3076 1421 κατὰ
3102 1367 3163 1419 τὸ
3191 1361 3308 1419 ἶσον
3323 1368 3576 1437 παρεῖναι
3596 1367 3712 1428 τοῖς

2137 1460 2232 1514 τοῦ
2262 1461 2510 1532 σώματος
2543 1462 2843 1529 στοιχείοις,
2878 1460 2971 1513 καὶ
3012 1457 3474 1528 συγκεκραμένοις
3501 1456 3588 1510 διὰ
3607 1455 3712 1524 τῆς

2139 1549 2461 1622 συνδρομῆς,
2509 1550 2604 1603 καὶ
2631 1549 3017 1619 ἀπολυομένοις
3061 1547 3150 1600 διὰ
3194 1546 3304 1617 (50)
3341 1545 3439 1616 τῆς
3468 1542 3710 1613 ἀνακρά-

2139 1657 2295 1705 σεως.
2337 1640 2603 1712 Καθάπερ
2632 1642 2739 1712 γὰρ
2761 1638 2963 1711 χρυσοῦ
2998 1639 3092 1692 καὶ
3120 1635 3360 1708 ἀργύρου
3390 1632 3712 1702 συντετηκό-

2137 1751 2244 1786 των
2293 1733 2637 1803 ὲνθεωρεῖταί
2683 1749 2767 1795 τις
2800 1731 3022 1801 τεχνικὴ
3070 1729 3297 1799 δύναμις
3345 1729 3378 1798 ἡ
3425 1725 3523 1788 τὰς
3575 1723 3710 1786 ὕλας

464 1823 662 1891 plativa
706 1823 902 1879 animm
934 1834 1134 1880 nostrae
1159 1841 1306 1894 pars,
1337 1827 1466 1880 dum
1511 1826 1577 1881 ad
1613 1832 1792 1883 tantas
1822 1827 2033 1882 disten-

2141 1823 2474 1894 συντήξασα·
2509 1822 2604 1874 καὶ
2647 1822 2694 1872 εἰ
2737 1820 2899 1873 πάλιν
2947 1816 3242 1885 ἀποτακείη
3281 1814 3374 1867 τοῦ
3421 1813 3608 1883 ἐτέρου
3648 1809 3712 1862 τὸ

464 1911 615 1966 ditur
666 1913 1051 1984 longitudines.
1103 1915 1244 1986 Ergo
1297 1917 1428 1971 nihil
1491 1917 1718 1986 impedit
1769 1918 2032 1986 animam,

463 2001 597 2068 quin
631 2001 914 2070 aequaliter
960 2005 1206 2074 corporis
1242 2005 1384 2061 adsit
1432 2005 1735 2070 elementis,
1776 2013 1890 2060 tum
1936 2022 2034 2076 per

463 2105 791 2146 concursum
831 2095 1270 2164 contemperatis,
1307 2101 1421 2148 tum
1472 2110 1569 2164 per
1607 2095 2028 2163 discussionem,

460 2179 897 2247 distractionem,
918 2193 1079 2255 atque
1095 2185 1512 2255 disjunctionem
1532 2188 1811 2244 resolutis.
1837 2188 2036 2253 Quem-

465 2270 756 2325 admodum
829 2273 973 2327 enim
1028 2287 1163 2329 auro
1214 2281 1270 2328 et
1336 2282 1560 2346 argento
1621 2277 2040 2346 colliquet‘actis,

465 2361 758 2417 artiﬁciosa
793 2365 875 2420 vis
899 2365 1145 2434 quaedam
1175 2367 1438 2430 cernitur,
1472 2383 1591 2437 qua:
1627 2370 1888 2424 materias
1943 2384 2037 2425 eas

463 2455 810 2522 conﬂaverit;
847 2466 902 2512 et
925 2462 968 2513 si
1004 2474 1195 2514 rursus
1220 2476 1315 2530 per
1346 2459 1783 2529 liquefactionem
1807 2463 2038 2516 alterum

464 2547 534 2602 ab
557 2547 730 2603 altero
759 2557 1073 2618 separatum
1103 2549 1291 2615 fuerit,
1325 2551 1685 2606 nihilominus
1740 2553 1879 2607 ratio
1905 2555 2039 2610 artis

461 2639 519 2691 in
555 2648 784 2708 utroque
815 2649 1030 2705 manet;
1063 2655 1125 2694 ac
1152 2641 1376 2695 materia
1395 2642 1610 2710 quidem
1645 2641 1820 2698 divisa
1850 2642 2033 2708 fuerit,

463 2743 554 2784 ars
579 2738 760 2784 autem
811 2746 920 2785 una
948 2747 1073 2784 cum
1110 2732 1337 2784 materia
1370 2747 1479 2785 non
1520 2731 1866 2800 dissecatur;
1901 2748 2038 2802 quo-

464 2831 590 2871 nam
620 2819 764 2872 enim
790 2819 950 2873 modo
988 2817 1155 2872 dividi
1187 2819 1386 2887 poterit
1426 2819 1768 2874 individuum
1793 2822 1817 2874 ?
1847 2822 2036 2876 eadem

2137 1915 2342 1985 ἕτερον,
2366 1913 2518 1966 οὐδὲν
2537 1913 2756 1984 ἔλαττον
2783 1913 2811 1965 ὁ
2834 1913 2931 1982 τῆς
2971 1910 3163 1979 τέχνης
3184 1907 3339 1966 λόγος
3375 1905 3434 1956 ὲν
3463 1901 3712 1970 ἑκατέρῳ

2141 2006 2324 2077 μένει·
2356 2005 2451 2059 καὶ
2475 2006 2508 2074 ἡ
2544 2005 2642 2074 μὲν
2668 2003 2767 2074 ὕλη
2798 2001 3132 2073 διεμερίσθη,
3193 1994 3229 2064 ἡ
3249 1990 3303 2046 δὲ
3327 1989 3487 2062 τέχνη
3511 1987 3569 2039 οὐ
3600 2003 3714 2043 συν-

2137 2097 2401 2167 διετμήθη
2424 2099 2490 2166 τῇ
2517 2095 2644 2167 ὕλῃ·
2677 2096 2795 2159 πῶς
2816 2093 2926 2164 γάρ
2950 2092 3015 2146 ἂν
3041 2085 3334 2160 διαιρεθείη
3354 2085 3413 2136 τὸ
3437 2084 3708 2154 ἄτμητονς

2140 2188 2279 2242 κατὰ
2307 2187 2397 2241 τὸν
2425 2187 2583 2240 αὑτὸν
2609 2187 2765 2255 λόγον
2808 2185 2902 2238 καὶ
2928 2186 2960 2255 ἡ
3000 2181 3158 2254 νοερὰ
3179 2179 3275 2249 τῆς
3302 2175 3480 2246 ψυχῆς
3514 2172 3674 2241 φύσις
3691 2207 3711 2234 9

2139 2280 2233 2334 καὶ
2265 2283 2334 2350 τῇ
2369 2279 2638 2349 συνδρομῇ
2664 2277 2769 2332 τῶν
2798 2274 3073 2346 στοιχείων
3100 2271 3458 2340 ὲνθεωρεῖται,
3487 2265 3580 2318 καὶ
3601 2263 3716 2315 δια-

2139 2370 2406 2424 λυθέντων
2440 2370 2551 2441 (51)
2579 2369 2680 2422 οὐκ
2710 2366 3085 2435 ἀποκρίνεται,
3121 2360 3255 2417 ἀλλά
3295 2358 3391 2413 καὶ
3431 2358 3489 2408 ὲν
3529 2352 3716 2414 αὐτοῖς

2143 2462 2300 2533 μένει
2337 2461 2428 2514 καὶ
2460 2461 2517 2513 ὲν
2539 2458 2616 2530 τῷ
2645 2457 2906 2530 χωρισμῷ
2929 2455 3107 2509 αὐτῶν
3135 2443 3714 2521 συμπαρεκτεινομένη

2141 2553 2202 2605 οὐ
2227 2552 2594 2612 διακόπτεται,
2631 2550 2750 2602 οὐδὲ
2783 2549 2919 2618 πρὸς
2940 2548 3029 2602 τὸν
3046 2544 3276 2616 ἀριθμὸν
3298 2541 3406 2593 τῶν
3433 2535 3716 2608 στοιχείων

2141 2643 2222 2705 είς
2280 2642 2480 2712 μερικά
2520 2641 2631 2710 (52)
2678 2641 2941 2710 τμήματα
2999 2632 3528 2706 κατακερματίζεται
3574 2625 3715 2697 (55).

2143 2732 2314 2786 Τοῦτο
2356 2733 2464 2804 γὰρ
2499 2733 2626 2786 ῐδιον
2652 2732 2751 2802 τῆς
2796 2731 3108 2801 σωματικῆς
3150 2726 3242 2780 καὶ
3282 2717 3720 2792 διαστηματικῆς

2148 2825 2263 2875 ἐστι
2312 2822 2556 2890 φύσεως⁹
2591 2825 2624 2894 ἡ
2667 2823 2722 2876 δὲ
2757 2822 2917 2894 νοερά
2944 2839 3003 2874 τε
3053 2820 3146 2873 κα)¹
3179 2817 3499 2876 ἀδιάστατος
3551 2807 3719 2878 φύσις

463 2907 674 2961 ratione
707 2922 770 2962 ea
809 2923 932 2977 quae
988 2916 1169 2962 mente
1210 2916 1427 2962 consmt
1453 2947 1468 2974 ,
1517 2917 1680 2978 atque
1718 2911 2035 2981 cogitatione

2148 2913 2216 2966 τὰ
2249 2914 2314 2966 ἐκ
2335 2913 2664 2979 διαστάσεως
2699 2915 2797 2968 οὐκ
2823 2913 3135 2983 ἀναδέχεται
3171 2908 3338 2979 πάθη.

465 2995 784 3066 percipitur,
811 2996 1007 3049 animae
1035 3002 1251 3061 natura,
1287 3005 1342 3050 et
1391 2997 1446 3049 in
1491 3011 1764 3054 concursu
1796 3001 2187 3057 elementorum
2235 3004 2497 3068 cernitur,
2546 3015 2600 3059 et
2661 3006 2916 3061 resolutis
2962 3005 3067 3070 iis,
3109 3017 3218 3056 non
3267 2997 3570 3056 secernitur
3611 3008 3720 3049 nec

463 3097 816 3157 segregatur;
858 3085 952 3141 sed
990 3095 1043 3140 et
1071 3094 1253 3140 manet
1288 3086 1342 3139 in
1383 3085 1472 3149 iis,
1507 3095 1560 3142 et
1599 3103 1707 3142 una
1741 3106 1864 3144 cum
1897 3092 2239 3160 separatione
2274 3110 2466 3149 eorum
2506 3103 2730 3150 extensa
2783 3112 2891 3151 non
2960 3094 3325 3159 interciditur,
3384 3105 3484 3146 nec
3545 3089 3717 3142 inter—

457 3178 752 3247 rumpitur,
798 3192 971 3246 neque
1024 3192 1121 3246 pro
1177 3194 1402 3234 numero
1439 3181 1828 3236 elementorum
1865 3182 1918 3236 in
1954 3193 2136 3252 partes
2202 3196 2256 3241 et
2315 3187 2488 3243 frusta
2518 3189 2822 3243 conciditur
2865 3209 2878 3244 :
2918 3190 2969 3243 id
3008 3188 3148 3243 enim
3189 3201 3464 3256 corporeae
3509 3183 3720 3254 pariter

464 3267 904 3323 etintervallaris
943 3275 1153 3322 natura:
1204 3271 1480 3339 propriutn
1516 3279 1600 3325 est
1648 3288 1661 3324 :
1706 3278 1762 3324 at
1803 3271 2118 3342 incorporea
2158 3275 2646 3347 intellectualisque
2672 3286 2725 3332 et
2772 3277 3063 3332 invisibilis
3110 3279 3332 3345 pariter,
3369 3285 3532 3345 atque
3571 3273 3715 3328 divi-

466 3365 637 3418 sionis
683 3361 1150 3430 dimensionisque
1188 3378 1383 3433 expers
1422 3373 1616 3418 natura
1665 3365 1948 3434 passiones
1978 3375 2032 3421 et
2070 3383 2231 3425 casus
2257 3386 2320 3426 ex
2343 3372 2600 3428 distantia
2647 3380 2809 3444 atque
2857 3373 3141 3428 intervallo
3180 3371 3557 3442 contingentes
3597 3384 3708 3423 non

466 3457 681 3526 recipit,
712 3470 890 3525 neque
918 3455 1174 3515 admittit.

534 3572 678 3643 Ergo
703 3571 883 3625 anima
921 3577 1006 3625 est
1038 3572 1091 3624 in
1127 3568 1193 3624 iis
1219 3569 1274 3623 in
1303 3570 1503 3638 quibus
1535 3573 1700 3625 semel
1729 3572 1849 3633 fuit,
1881 3572 2030 3627 nulla

2207 3573 2412 3626 Οὐκοῦν
2440 3574 2588 3627 ἐστιν
2628 3575 2686 3627 ἐν
2715 3573 2895 3636 αὐτοῖς
2923 3574 2956 3641 ἡ
2990 3573 3155 3642 ψυχὴ,
3190 3574 3247 3624 ὲν
3289 3567 3373 3634 οἷς
3401 3570 3547 3637 ἅπαξ
3585 3573 3710 3641 ἐγέ-

466 3663 790 3720 necessitate
835 3675 954 3716 eam
999 3679 1028 3714 a
1055 3660 1408 3724 coluerentia,
1437 3677 1541 3730 qua
1579 3677 1702 3716 cum
1755 3663 1864 3719 illis
1905 3680 2036 3719 eon-

468 3757 653 3825 juncta
693 3761 779 3807 est
818 3761 981 3820 atque
1023 3751 1322 3811 concrevit,
1359 3751 1646 3805 avellente.
1680 3750 1820 3818 Quid
1869 3753 2036 3822 igitur

468 3847 522 3899 in
559 3844 644 3900 liis
673 3843 850 3906 triste,
897 3842 1154 3897 acerbum
1188 3849 1350 3912 atque
1377 3842 1544 3896 animi
1584 3843 1914 3898 demissione
1949 3844 2037 3897 di-

467 3950 635 4005 gnum
657 3941 763 3996 est,
805 3934 850 3988 si
889 3933 941 3986 id
976 3932 1118 4002 quod
1157 3932 1392 3994 videtur,
1428 3949 1552 3987 cum
1588 3933 1847 3989 invisibili
1887 3949 2038 3989 com-

470 4025 750 4080 mutatur?
786 4023 849 4078 Et
876 4023 1034 4090 cujus
1080 4023 1154 4077 rei
1183 4024 1355 4093 gratia
1397 4024 1534 4077 adeo
1556 4039 1714 4080 mens
1752 4034 1846 4078 tua
1875 4025 2034 4078 morti

467 4115 680 4171 infensa
709 4111 815 4164 est?
835 4139 893 4148 --
913 4105 978 4163 G.
1005 4111 1117 4181 Ego
1137 4125 1283 4176 vero,
1311 4109 1398 4165 ubi
1421 4110 1784 4168 deﬁnitionem
1817 4115 2032 4180 animte,

465 4222 626 4278 quam
677 4208 732 4261 in
777 4205 1045 4275 superiori
1089 4219 1340 4262 sermone
1384 4203 1608 4268 iecerat,
1641 4205 1824 4259 animo
1859 4205 2036 4260 revol-

465 4299 664 4355 vissem
689 4306 850 4368 atque
883 4297 1282 4368 repetivissern,
1307 4296 1417 4351 dixi
1447 4311 1554 4351 non
1586 4296 1722 4351 satis
1751 4295 1883 4351 mihi
1911 4311 2038 4352 con-

465 4389 732 4445 siderati
759 4399 926 4458 atque
958 4389 1140 4443 animo
1166 4387 1438 4457 reputanti
1478 4388 1749 4456 potentias
1779 4397 1834 4442 et
1865 4387 2031 4452 vires,

460 4497 588 4553 qua:
625 4484 682 4538 in
710 4484 892 4539 anima
912 4490 1235 4546 cernuntur,
1272 4482 1420 4536 illam
1449 4482 1753 4537 orationem
1777 4497 1899 4538 esse
1935 4482 2034 4536 de-

465 4584 819 4630 monstratam
844 4592 856 4628 :
888 4588 1007 4643 quae
1032 4572 1162 4627 dicit
1186 4587 1306 4627 eam
1338 4572 1758 4628 intellectualem
1787 4586 1910 4627 esse
1938 4586 2035 4625 na-

467 4673 668 4731 turam,
701 4673 754 4721 et
780 4665 836 4719 in
868 4663 1318 4720 instrumentario
1345 4677 1575 4732 corpore
1597 4662 1818 4717 vitalem
1838 4663 1943 4716 vim
1966 4661 2031 4715 ad

463 4768 726 4808 sensuum
752 4753 1094 4810 efﬁcientiam
1121 4761 1283 4823 atque
1304 4753 1665 4822 adiectionem
1694 4753 2030 4824 ingenerare.

465 4842 600 4897 Nam
633 4859 740 4898 non
785 4845 961 4898 solum
999 4845 1140 4900 circa
1183 4859 1301 4898 eam
1341 4845 1536 4899 mentis
1557 4853 1755 4900 nostra:
1780 4844 2035 4913 agitatio-

2137 3680 2275 3726 νετο,
2306 3663 2561 3733 οὐδεμιᾶς
2607 3664 2849 3735 ἀνάγκης
2892 3666 2990 3732 τῆς
3035 3663 3170 3734 πρὸς
3214 3664 3395 3718 ἐκεῖνα
3427 3664 3708 3732 συμφυΐας

2135 3754 2304 3824 αὐτὴν
2331 3754 2682 3825 ἀποσπώσης.
2720 3755 2784 3808 Τί
2819 3750 2912 3808 οὖν
2944 3755 3005 3808 τὸ
3035 3755 3354 3826 σκυθρωπὸν
3395 3755 3452 3808 ἐν
3493 3754 3705 3820 τούτοις

2136 3845 2302 3907 ἐστὶν,
2333 3845 2381 3897 εί
2404 3845 2499 3898 τοῦ
2525 3846 2804 3916 ὁρωμένου
2836 3847 2896 3900 τὸ
2928 3847 3102 3910 ἀειδὲς
3127 3847 3583 3912 άνταλλάσσεται;
3611 3847 3706 3900 καὶ

2137 3933 2276 4004 ὑπὲρ
2307 3933 2451 3997 τίνος
2473 3933 2615 3988 οὕτω
2638 3935 2983 4006 διαϐέϐληταί
3013 3954 3094 3990 σοι
3131 3937 3264 4007 πρὸς
3291 3937 3383 3991 τὸν
3420 3937 3647 3991 θάνατον
3670 3939 3706 4008 ἡ

2135 4023 2509 4091 διάνοιας-Γ,
2531 4020 2673 4092 Ἐγὼ
2683 4020 2756 4086 δὲ,
2773 4019 3054 4074 ἀναλαϐὼν
3070 4024 3178 4095 (54)
3190 4026 3255 4094 τῇ
3271 4023 3474 4094 διανοίᾳ
3489 4025 3576 4078 τὸν
3594 4027 3707 4096 δρι-

2138 4113 2292 4183 σμδν,
2323 4112 2382 4166 δν
2413 4114 2473 4165 ὲν
2498 4115 2608 4175 τοῖς
2635 4111 2740 4182 πρὸ
2769 4113 2956 4167 τούτου
2985 4114 3164 4181 λόγοις
3204 4115 3329 4184 περὶ
3352 4114 3529 4184 ψυχῆς
3551 4115 3704 4166 ἑποι-

2135 4205 2323 4275 ήσατο,
2352 4205 2449 4274 οὐχ
2485 4203 2682 4267 ἱκανῶς
2721 4199 2874 4258 εἷπον
2904 4205 3222 4275 ἐνδεδεῖχθαι
3281 4221 3368 4275 μοι
3413 4204 3504 4257 τὸν
3549 4204 3704 4272 λόγον

2135 4297 2339 4348 ἐκεῖνον
2370 4295 2468 4358 τὰς
2500 4295 2940 4367 ἐνθεωρουμένας
2970 4299 3036 4366 τῇ
3068 4295 3212 4366 ψυχῇ
3259 4294 3515 4364 δυνάμεις
3549 4293 3660 4365 (55)
3683 4305 3700 4324 ⁸

2133 4386 2194 4449 ὃς
2224 4403 2355 4456 φησι
2382 4386 2573 4456 νοεράν
2599 4387 2766 4456 αὐτὴν
2796 4381 2936 4441 εἶναι
2971 4386 3179 4449 οὐσίαν,
3204 4386 3298 4439 καὶ
3327 4385 3404 4456 τῷ
3432 4384 3706 4457 ὀργανικῷ

2138 4479 2348 4549 σώματι
2395 4478 2630 4548 ζωτικὴν
2671 4477 2896 4547 δύναμιν
2937 4478 3072 4547 πρὸς
3112 4479 3212 4548 τὴν
3248 4477 3355 4531 τῶν
3405 4477 3707 4548 αἰσθήσεων

2135 4568 2412 4639 ἐνέργειαν
2439 4570 2682 4636 ἐμποιεῖν
2705 4582 2717 4594 ⁸
2748 4567 2808 4619 οὑ
2831 4567 2939 4636 γὰρ
2963 4567 3120 4636 μόνον
3137 4566 3266 4638 περὶ
3287 4566 3385 4638 τὴν
3409 4569 3707 4636 ἐπιστημο-

2134 4659 2288 4730 νικήν
2308 4676 2364 4711 τε
2397 4659 2488 4711 καὶ
2517 4659 2851 4729 θεωρητικὴν
2872 4658 3108 4711 διάνοιαν
3139 4659 3360 4730 ἐνεργός
3384 4661 3528 4712 ἐστιν
3548 4656 3705 4727 ἡμῶν

2134 4750 2167 4819 ἡ
2197 4749 2364 4819 ψυχὴ,
2397 4751 2454 4800 ὲν
2482 4747 2558 4818 τῷ
2579 4748 2748 4818 νοερῷ
2777 4749 2874 4818 τῆς
2896 4749 3085 4812 οὐσίας
3117 4749 3177 4801 τὸ
3209 4751 3445 4803 τοιοῦτον
3483 4747 3707 4819 ἐργαζο-

2141 4837 2297 4908 μένη,
2327 4837 2446 4889 οὐδὲ
2474 4837 2542 4889 τὰ
2571 4837 2898 4908 αἰσθητήρια
2935 4839 3069 4908 μόνα
3099 4838 3232 4907 πρὸς
3260 4839 3358 4906 τὴν
3383 4837 3522 4890 κατὰ
3548 4839 3707 4905 φύσιν

466 4951 612 4998 nem,
654 4950 758 5008 qua
794 4936 1055 4990 scientias
1079 4936 1405 5007 percipimus
1437 4950 1501 4991 ac
1535 4935 1900 5004 speculamur,
1927 4933 2032 4988 cili-

2139 4895 2417 4998 ἐνέργειαν
2445 4895 2742 4998 οἰκονομεῖ”
2772 4895 2907 4982 ἀλλὰ
2935 4895 3105 5000 ζπολλὴ
3267 4895 3484 4999 ττι-κατά
3513 4895 3707 4980 ’ἐπιθυ-

464 5039 564 5080 cax
613 5033 666 5079 et
715 5034 940 5079 actuosa
988 5027 1169 5079 anima
1222 5037 1406 5080 nostra
1457 5033 1558 5090 est,
1611 5040 1706 5092 per
1748 5040 1866 5079 eam
1915 5040 2035 5094 qua:

458 5122 644 5172 mente
673 5123 888 5170 constat
909 5124 962 5170 et
996 5116 1348 5186 intelligentia
1392 5130 1503 5170 suae
1531 5124 1734 5169 natura:
1761 5114 1867 5169 vim
1901 5115 2029 5168 talia

531 5312 646 5384 (3?)
675 5315 778 5368 Διά
805 5316 1091 5384 κράσεως.
1121 5316 1164 5366 Α
1189 5313 1229 5365 Β
1245 5312 1311 5365 δι’
1336 5313 1710 5384 ἀνακράσεως.

532 5381 646 5448 (28)
673 5385 877 5438 Ποίαν.
905 5385 943 5436 Β
961 5383 1144 5437 Ποιάν.

535 5450 645 5522 (g9)
677 5453 865 5522 Ταῦτα
892 5454 1043 5509 deest
1069 5453 1130 5510 B.

531 5521 646 5588 (30)
670 5521 1138 5592 fA-T‘Oglvopévmc
1170 5523 1286 5578 διά.
1319 5523 1360 5577 Β
1385 5524 1539 5578 ἀπολ.
1587 5523 1635 5577 δ.
1677 5523 1777 5592 τῆς
1813 5521 2030 5590 συνδρο-

466 5590 583 5662 μῆς
599 5589 692 5662 καὶ
721 5589 922 5662 ἀπολλυ
931 5589 1115 5662 μένης.

531 5657 644 5733 (ξε)
666 5657 1086 5733 ἀιαηίυθᾴιξτωιξ.
1125 5663 1167 5713 Δ
1199 5664 1259 5733 in
1283 5664 1527 5733 margine
1549 5706 1562 5730 ,
1603 5661 1988 5717 ἁναλυθὲντων.

530 5728 645 5800 (32)
675 5727 916 5794 Μερικτὶ.
939 5729 976 5780 Β
1005 5730 1144 5800 μέρη
1172 5731 1282 5787 καί.

2144 5017 2270 5088 μίαν
2299 5016 2432 5086 (56),
2468 5016 2633 5086 πολλὴ
2671 5017 2727 5070 δὲ
2778 5021 2870 5072 καὶ
2906 5020 2935 5089 ἡ
2979 5019 3121 5072 κατά
3171 5019 3339 5089 θυμὸν
3370 5019 3582 5088 κίνησις
3624 5023 3709 5072 ἐν·

2137 5108 2418 5179 θεωρεῖται
2449 5112 2513 5179 τῇ
2561 5109 2758 5178 φύσει·
2792 5113 3056 5184 ἑκατέρας
3087 5115 3198 5185 (57)
3233 5113 3288 5166 δὲ
3328 5111 3530 5166 τούτων
3565 5129 3708 5180 γενι-

2202 5309 2315 5384 (ξξ)
2355 5309 2928 5384 Κατακερματίζετᾳι.
2957 5311 3480 5384 Βλκαταμερίζεται.

2202 5381 2310 5449 (54)
2359 5379 2504 5447 Ἐγὼ
2531 5379 2598 5432 δὲ
2637 5381 2970 5434 ἀναλαϐών.
2999 5379 3217 5434 Scholia
3243 5379 3295 5435 in
3324 5384 3473 5436 calce
3496 5379 3705 5435 codicis

2129 5452 2171 5503 A
2200 5449 2492 5519 explicant,
2542 5449 2836 5520 Γρηγόριος
2893 5450 3187 5520 ἐπίσκοπος
3221 5452 3293 5516 ὡς
3322 5454 3378 5506 ἐν
3415 5451 3701 5506 ἀντιθέσει.

2131 5520 2188 5572 ln
2216 5521 2464 5591 (margine
2484 5519 2755 5591 (scribitur
2789 5519 3109 5591 Παραθέσει.

2205 5589 2315 5658 (55)
2338 5589 2641 5658 Δυνάμεις.
2671 5591 2711 5642 Α
2745 5589 2895 5642 addit
2925 5591 3281 5658 ἐννοουμένῳ.

2205 5591 2315 5727 (55)
2338 5591 2641 5658 Δυνάμεις.
2671 5591 2711 5642 Α
2745 5591 2895 5642 addit
2925 5591 3281 5663 ἐννοουμένῳ.

2344 5659 2501 5732 Κατὰ
2523 5660 2860 5732 ἐπιθυμίαν.
2893 5659 2930 5711 Β
2959 5662 3076 5714 κατ’
3099 5662 3326 5732 ἐπιθυμ.

2203 5730 2313 5800 (57)
2351 5730 2682 5798 Ἑκιιτέρας.
2718 5729 2761 5780 Δ
2797 5730 3075 5802 ἐκατέρου.
