3990 6202
463 348 528 406 ιςι
1675 350 1737 409 S.
1771 348 2100 408 GREGOBII
2139 345 2431 409 NYSSENI

3633 345 3722 403 52

462 459 1088 533 musetapprobamus,
1138 461 1507 534 quodcunque
1555 479 1680 520 cum
1731 465 2028 536 Scriptura:

2128 463 2305 535 ψυχῆς
2342 462 2618 533 φιλοσοφεῖ
2649 459 2716 515 δι’
2755 457 3073 529 αἰνίγματος
3095 472 3110 488 °
3145 455 3243 511 ὅσα
3280 455 3326 511 θ’
3361 458 3390 510 ὁ
3432 457 3548 528 (59)
3585 458 3721 530 μετ’

457 552 778 608 convenerit
801 560 859 608 et
877 551 1291 607 concordaverit
1321 553 1643 610 intentione.
1673 553 1841 624 igitur
1861 557 2028 612 omis-

463 655 523 697 so
559 641 802 698 Platonis
845 657 1032 708 curru,
1078 642 1237 714 eique
1281 643 1592 714 subiunctis
1635 645 1839 716 bijugis
1867 647 2028 717 pullis

458 747 748 804 equorum,
787 747 894 788 non
927 733 1116 789 eadem
1149 734 1292 790 inter
1324 749 1385 790 se
1417 734 1706 791 all‘ectione
1743 743 1797 791 et
1823 736 2026 807 impetu

460 823 726 889 praeditis,
776 822 956 893 iisque
989 823 1244 894 praefecto
1277 824 1486 894 auriga,
1536 825 1740 895 quibus
1774 825 2029 880 omnibus

458 913 551 969 ille
576 928 676 984 per
704 914 936 984 aenigma
978 922 1142 985 atque
1190 915 1536 971 involucrum
1581 916 1712 970 talia
1745 916 1813 972 de
1846 917 2028 970 anima

459 1003 873 1075 philosophatur
899 1005 1005 1076 (a);
1056 1006 1276 1062 omissis
1323 1006 1452 1062 item
1491 1004 1580 1070 iis,
1631 1007 1942 1077 quaetradit
1983 1006 2029 1061 is

457 1097 552 1166 qui
583 1104 708 1165 post
745 1112 870 1152 eum
919 1097 1280 1170 philosophus
1309 1097 1432 1163 fuit,
1462 1099 1556 1169 qui
1589 1114 1676 1154 res
1706 1100 2030 1169 apparentes

459 1185 754 1242 artiﬁciose
789 1189 1154 1257 persequitur,
1181 1202 1354 1260 eaque
1385 1203 1506 1259 quae
1543 1203 1688 1242 nunc
1711 1189 1872 1245 nobis
1899 1203 2031 1259 pro-

459 1278 637 1346 posita
673 1286 804 1334 sunt
834 1279 1124 1351 diligenter
1143 1280 1463 1336 examinans
1495 1293 1560 1334 ae
1587 1287 1852 1345 tractans,
1884 1293 2029 1334 mor-

457 1369 621 1423 talem
655 1385 753 1438 per
775 1369 890 1425 haec
918 1370 1154 1424 animam
1186 1385 1311 1426 esse
1343 1371 1560 1427 censuit
1589 1381 1753 1443 atque
1786 1387 2029 1444 pronun-

459 1459 640 1523 tiavit;
673 1459 878 1515 relictis
903 1459 1030 1515 item
1067 1459 1324 1515 omnibus
1357 1460 1426 1516 iis
1459 1461 1552 1531 qui
1577 1469 1633 1517 et
1665 1472 1791 1517 ante
1823 1469 1877 1517 et
1907 1472 2031 1532 post

459 1550 560 1605 hos
590 1549 832 1617 fuerunt,
878 1549 971 1620 qui
1017 1549 1101 1605 vel
1132 1565 1295 1620 prosa
1342 1551 1652 1620 solutaque,
1681 1551 1767 1606 vel
1801 1567 2030 1608 numero

455 1628 689 1710 quodam
722 1654 786 1694 ac
816 1654 1076 1696 mensura
1105 1640 1334 1696 astricta
1374 1641 1620 1696 oratione
1659 1655 1750 1697 res
1793 1641 2031 1711 philoso-

457 1732 644 1799 phicas
678 1731 1050 1796 tradiderunt,
1077 1731 1342 1788 divinitus
1369 1731 1640 1802 proditam
1663 1730 2027 1804 Scripturam,

2128 556 2332 607 ἐκεῖνον
2360 553 2646 623 φιλόσοφος
2675 549 2705 605 δ
2747 548 3010 621 τεχνικῶς
3053 547 3164 618 (60)
3192 551 3306 612 τοῖς
3352 549 3720 618 φαινομένοις

2126 641 2452 704 ἀκολουθῶν,
2485 641 2580 694 καὶ
2625 640 2695 694 τὰ
2724 639 2818 694 νῦν
2862 639 2992 709 ἡμῖν
3037 635 3370 708 προκείμενα
3415 636 3482 690 δι’
3513 637 3722 708 ἐπιμε-

2127 733 2274 797 λείας
2301 730 2695 799 κατεξετάζων,
2737 729 2935 801 θνητὴν
2964 724 3102 782 εἶναι
3128 728 3216 782 διὰ
3246 729 3451 782 τούτων
3478 729 3587 800 τὴν
3605 729 3719 799 ψυ-

2127 824 2229 894 χὴν
2255 825 2588 895 ἀπεφήνατο.
2613 823 2707 877 καὶ
2739 821 2946 884 πάντας
2979 819 3106 884 τούς
3140 837 3200 872 τε
3227 820 3333 892 πρὸ
3359 821 3584 883 τούτων,
3611 821 3720 875 καὶ

2125 916 2253 980 τοὺς
2312 914 2532 985 ἐφεξῆς,
2584 913 2709 978 τούς
2767 931 2825 966 τε
2879 911 3252 981 καταλογάδην
3309 912 3402 965 καὶ
3461 913 3588 976 τοὺς
3646 913 3718 965 ἐν

2129 1006 2321 1078 ῥυθμῷ
2359 1005 2470 1076 (61)
2496 1023 2604 1060 τινι
2633 1006 2728 1058 καὶ
2761 1003 2942 1075 μέτρῳ
2978 1003 3443 1073 φιλοσοφήσαντας
3476 1002 3716 1057 καταλι-

2129 1097 2342 1160 πόντες,
2387 1096 2586 1150 σκοπὸν
2613 1095 2705 1150 τοῦ
2755 1094 2914 1163 λόγου
2943 1093 3041 1165 τὴν
3086 1093 3442 1148 θεόπνευστον
3481 1095 3717 1167 Γραφὴν

2129 1187 2481 1259 ποιησώμεθα
2509 1187 2642 1259 (62),
2677 1187 2711 1259 ἢ
2740 1187 2918 1258 ψυχῆς
2958 1185 3236 1256 ἐξαίρετον
3267 1186 3432 1256 μηδὲν
3461 1187 3716 1258 νομίζειν

2128 1276 2269 1334 εἶναι
2312 1278 2660 1348 νομοθετεί,ὃ
2702 1279 2776 1349 μὴ
2823 1279 2917 1332 καὶ
2957 1277 3056 1348 τῆς
3098 1276 3248 1340 θείας
3295 1275 3508 1345 φύσεώς
3554 1279 3715 1330 ἐστιν

2129 1371 2280 1424 ἴδιον.
2319 1368 2378 1422 Ὀ
2423 1369 2533 1439 γὰρ
2583 1367 2832 1438 ὁμοίωμα
2865 1365 2999 1421 Θεοῦ
3053 1365 3151 1436 τὴν
3182 1365 3359 1436 ψυχὴν
3403 1362 3542 1419 εἶναι
3598 1368 3716 1438 φήι

2131 1475 2230 1522 σας
2264 1459 2398 1526 (65),
2422 1459 2529 1512 πᾶν
2556 1457 2584 1510 ὃ
2614 1457 2888 1529 ἀλλότριόν
2915 1459 3031 1510 ἐστι
3062 1455 3220 1518 Θεοῦ,
3252 1455 3408 1519 ἐκτὸς
3438 1454 3576 1510 εἶναι
3609 1457 3713 1510 τοῦ

2127 1550 2252 1620 ὅρου
2277 1549 2377 1619 τῆς
2412 1548 2589 1620 ψυχῆς
2619 1549 2952 1619 ἀπεφήνατο.
2989 1547 3122 1600 Ούδέ
3150 1548 3258 1620 γὰρ
3290 1547 3400 1617 (ϐλ)
3429 1547 3494 1602 ἂν
3514 1550 3572 1600 ἐν
3592 1551 3715 1612 τοῖς

2130 1640 2606 1714 παρηλλαγμένοις
2636 1638 2922 1710 διασωθείη
2951 1637 3013 1692 τὸ
3037 1639 3240 1707 ὅμοιον.
3273 1639 3481 1693 Οὐκοῦν
3513 1639 3708 1708 ἐπειδὴ

2127 1731 2366 1786 τοιοῦτον
2396 1731 2514 1786 οὐδὲ
2547 1733 2613 1802 τῇ
2659 1731 2778 1800 θείᾳ
2809 1730 2922 1801 (65)
2953 1731 3334 1800 συνθεωρεῖται
3363 1729 3542 1799 φύσει,
3575 1729 3710 1782 οὐδὲ

455 1838 569 1893 quo
625 1831 833 1894 spectet
892 1833 946 1880 et
1003 1823 1269 1889 intendat,
1342 1823 1580 1878 orationi
1637 1839 2028 1896 proponamus,

2130 1827 2197 1896 τῇ
2228 1824 2372 1894 ψυχῇ
2398 1821 2806 1877 συνουσιοῦσθαι
2830 1821 2942 1892 (66)
2967 1821 3137 1876 ταῦτα
3167 1820 3310 1876 κατὰ
3345 1821 3502 1891 λόγον
3529 1822 3594 1876 ἀν
3620 1838 3711 1884 τις

456 1929 684 1986 quaeque
705 1914 890 1969 divina
921 1913 1206 1985 Scriptura
1241 1914 1454 1979 statuit,
1504 1921 1564 1969 ut
1596 1915 1733 1970 nihil
1763 1917 1818 1971 in
1849 1916 2030 1970 anima

2136 1915 2475 1984 ὑπονοήσειε.

457 2020 582 2062 csse
615 2012 868 2077 putemus
892 2005 1150 2062 eximium
1191 2013 1247 2061 et
1279 2005 1508 2076 insigne,
1539 2005 1686 2076 quod
1722 2021 1831 2063 non
1868 2007 2033 2064 etiam
2069 2004 2264 2062 divina:
2294 2011 2504 2060 natura:
2539 2001 2816 2072 proprium
2847 2002 2938 2059 sit.
2973 2003 3075 2070 Qui
3103 2002 3244 2058 enim
3288 2000 3711 2059 similitudinem

371 2122 374 2124 η
460 2095 552 2151 Dei
592 2095 828 2150 animam
877 2111 1002 2152 esse
1037 2095 1196 2159 dixit,
1238 2095 1500 2166 quidquid
1534 2111 1566 2151 a
1607 2097 1718 2155 Deo
1746 2099 1981 2155 alienum
2019 2108 2123 2166 est,
2161 2106 2311 2154 extra
2349 2094 2720 2152 deﬁnitionem
2751 2094 2946 2151 animae
2981 2112 3104 2152 esse
3135 2093 3448 2150 declaravit.
3490 2093 3710 2150 Etenim

455 2189 511 2242 in
544 2187 774 2244 diversis
816 2203 881 2244 ac
912 2188 1288 2247 differentibus
1335 2191 1634 2247 similitudo
1671 2191 1986 2247 conservari
2029 2206 2138 2248 non
2175 2192 2365 2262 possit.
2417 2191 2558 2264 Ergo
2598 2191 2853 2263 quoniam
2893 2186 3160 2258 ejusmodi
3196 2185 3328 2240 nihil
3358 2200 3482 2241 cum
3516 2183 3710 2240 divina

454 2281 700 2336 cernitur
723 2291 938 2347 natura,
974 2297 1041 2338 ne
1067 2283 1260 2339 anima:
1286 2282 1505 2355 quidem
1543 2283 1658 2338 haec
1683 2282 1846 2340 insita
1867 2291 1922 2340 et
1946 2284 2102 2356 quasi
2130 2285 2492 2341 coessentiata
2517 2300 2638 2341 esse
2665 2292 2814 2359 recte
2838 2283 2961 2354 quis
2991 2280 3404 2337 existimaverit.

503 2360 640 2448 tiam
673 2408 803 2450 vero
831 2394 1112 2450 dialectica
1138 2394 1362 2466 quidem
1389 2403 1528 2462 arte,
1552 2411 1650 2466 per
1676 2396 1947 2451 rationum
1976 2404 2030 2451 et

454 2491 903 2554 argumentorum
938 2483 1304 2539 collectricem
1335 2499 1401 2540 ac
1432 2484 1812 2541 resolutricem
1841 2483 2020 2540 scien-

449 2573 606 2637 tiam,
635 2581 823 2627 nostra
853 2587 1070 2643 quoque
1092 2571 1346 2643 dogmata
1376 2582 1540 2646 atque
1573 2575 1793 2630 decreta
1825 2575 2028 2631 conﬁr-

451 2679 604 2719 mare
631 2681 646 2718 :
679 2665 822 2735 quod
845 2663 1158 2734 huiusmodi
1183 2667 1395 2738 species
1420 2667 1688 2722 orationis
1719 2666 1786 2720 ad
1810 2666 2028 2720 demon-

450 2753 732 2809 strandam
764 2754 1069 2821 veritatem,
1102 2766 1215 2810 tum
1249 2755 1465 2822 debilis,
1487 2763 1603 2810 tum
1639 2764 1892 2826 suspecta
1914 2756 2022 2811 sit:

453 2841 838 2897 recusabimus
875 2857 940 2898 ac
968 2845 1470 2912 praetermittemus.
1502 2844 1661 2900 Patet
1683 2846 1828 2899 enim
1856 2845 2028 2900 omni-

453 2932 558 2987 bus
584 2946 648 2986 ac
672 2932 845 3004 liquet
871 2934 1015 3004 quod
1039 2933 1325 2988 dialectica
1353 2935 1573 2990 curiosa
1604 2935 1879 2992 subtilitas
1930 2950 2026 3006 pa-

453 3037 545 3079 res
573 3022 629 3078 in
656 3031 947 3094 utramque
971 3033 1182 3094 partem
1208 3024 1352 3080 vires
1386 3023 1602 3090 habeat,
1639 3025 1736 3079 .vel
1768 3023 1835 3078 ad
1865 3039 2022 3079 ever—
2047 3007 2092 3067 α

452 3115 661 3170 sionem
693 3115 960 3180 veritatis,
1008 3115 1089 3170 vel
1121 3114 1190 3169 ad
1239 3115 1588 3170 mendacium
1638 3114 2018 3186 judicandum.

453 3207 610 3264 Unde
630 3208 793 3262 etiam
819 3209 990 3278 ipsam
1017 3209 1325 3273 veritatem,
1349 3208 1442 3262 tibi
1475 3206 1792 3277 huiusmodi
1838 3207 2019 3276 aliqua

452 3296 698 3352 adhibita
754 3303 872 3350 arte
919 3295 1218 3366 profertur,
1270 3309 1646 3366 saepenumero
1706 3302 2018 3365 suspectam

451 3387 739 3452 habemus,
793 3386 956 3457 quasi
1011 3385 1206 3442 harum
1263 3388 1462 3441 artium
1522 3385 1801 3442 subtilitas
1857 3393 2022 3456 atque

449 3478 690 3534 versutia
715 3486 953 3532 mentem
986 3486 1233 3533 nostram
1286 3478 1537 3542 seducat,
1571 3487 1625 3533 et
1669 3478 1726 3532 in
1774 3477 2020 3534 fraudem

452 3569 698 3639 impellat
722 3576 886 3638 atque
915 3581 946 3621 a
979 3567 1210 3623 veritate
1251 3575 1524 3650 avertat,
1552 3567 1657 3624 Sed
1689 3569 1732 3622 si
1764 3572 1890 3639 quis
1939 3571 2024 3622 in-

450 3661 811 3731 compositam
835 3667 889 3715 et
915 3658 1272 3724 inconditam,
1296 3667 1461 3730 atque
1479 3659 1548 3714 ab
1577 3661 1723 3715 omni
1754 3661 2026 3717 velamine

455 3761 510 3807 ct
536 3751 738 3806 amictu
765 3751 971 3806 nudam
1016 3750 1266 3806 admittat
1293 3753 1619 3816 orationem,
1663 3751 1928 3816 dicemus,
1968 3758 2029 3806 ut

452 3841 778 3911 poterimus,
829 3841 987 3911 juxta
1025 3841 1223 3897 seriem
1265 3850 1320 3897 et
1369 3850 1688 3898 contextum
1732 3842 2029 3915 Scriptum

447 3931 782 3996 traditionis,
801 3933 1312 3988 commentationem
1331 3933 1398 3988 de
1415 3933 1500 3990 his
1519 3933 1682 3990 rebus
1703 3933 2026 3991 inferentes.

448 4023 588 4090 Quid
631 4023 796 4092 igitur
831 4031 915 4078 est
965 4024 1111 4093 quod
1148 4022 1420 4079 dicimus?
1466 4023 1622 4090 Quod
1662 4025 1764 4080 hoc
1802 4024 2030 4080 rationis

2173 2370 2277 2451 “re
2317 2397 2415 2468 μὲν
2451 2393 2543 2452 οὖν
2576 2397 2716 2451 κατά
2753 2396 2851 2466 τὴν
2873 2391 3214 2462 διαλεκτικὴν
3242 2391 3434 2462 τέχνην
3461 2390 3547 2444 διὰ
3573 2389 3710 2444 συλ-

2129 2489 2442 2560 λογιστικῆς
2473 2507 2534 2543 τε
2557 2490 2649 2544 καὶ
2674 2487 3001 2556 ἀναλυτικῆς
3022 2486 3328 2555 ἐπιστήμης
3356 2481 3710 2553 βεϐαιοῦσθαι

2129 2582 2222 2635 καὶ
2246 2579 2314 2634 τὰ
2344 2580 2589 2653 ἡμέτερα
2615 2580 2882 2650 δόγματα,
2909 2578 2983 2641 ὡς
3030 2577 3226 2648 σαθρόν
3247 2593 3306 2628 τε
3340 2575 3434 2629 καὶ
3463 2573 3710 2630 ὕποπτον

2128 2674 2208 2736 είς
2247 2671 2518 2736 ἀπόδειξιν
2555 2671 2810 2741 ἀληθείας
2852 2670 2914 2723 τὸ
2949 2667 3186 2722 τοιοῦτον
3231 2661 3368 2730 εἶδος
3403 2664 3498 2720 τοῦ
3540 2666 3708 2734 λόγου

2130 2763 2598 2834 παραιτησόμεθα.
2637 2764 2778 2816 Πᾶσι
2805 2761 2912 2832 γάρ
2949 2763 3064 2814 ἐστι
3094 2758 3355 2830 πρόδηλον
3377 2757 3436 2811 τὸ
3457 2757 3554 2828 τὴν
3585 2758 3711 2812 δια-

2128 2852 2383 2923 λεκτικὴν
2409 2853 2723 2924 περιεργίαν
2743 2851 2862 2920 ἴσην
2881 2851 2963 2919 ἐφ’
2985 2848 3221 2919 ἑκάτερα
3237 2847 3333 2918 τὴν
3356 2848 3508 2918 ἰσχὺν
3533 2847 3708 2918 ἔχειν,

2129 2941 2262 3012 πρός
2293 2959 2352 2995 τε
2379 2942 2478 3013 τὴν
2505 2943 2602 3013 τῆς
2635 2941 2891 3011 ἀληθείας
2937 2939 3267 3010 ἀνατροπὴν,
3298 2939 3392 2993 καὶ
3431 2939 3567 3009 πρὸς
3601 2939 3710 3009 τὴν

2123 3031 2218 3084 τοῦ
2249 3032 2478 3102 ψεύδους
2523 3034 2853 3104 κατηγορίαν
2883 3031 3016 3104 (67).
3061 3030 3228 3085 Ὅθεν
3265 3030 3358 3086 καὶ
3398 3031 3566 3102 αὐτὴν
3601 3029 3710 3101 τὴν

2124 3121 2399 3193 ἀλήθειαν,
2433 3124 2561 3177 ὅταν
2600 3124 2738 3194 μετά
2765 3140 2906 3186 τινος
2939 3121 3194 3191 τοιαύτης
3225 3122 3422 3192 τέχνης
3453 3123 3700 3192 προάγηυ

2122 3228 2234 3275 ται,
2274 3213 2340 3266 δι’
2383 3213 2616 3282 ὑποψίας
2660 3212 2916 3276 πολλάκις
2961 3213 3295 3283 ποιούμεθα,
3331 3212 3407 3276 ὡς
3433 3213 3534 3283 τῆς
3573 3212 3709 3283 περὶ

2124 3299 2330 3370 ταύτης
2373 3301 2482 3373 (68)
2531 3301 2833 3372 δεινότητος
2886 3302 3373 3374 παρακρουομένης
3411 3302 3566 3373 ἡμῶν
3601 3303 3704 3370 τὴν

2124 3389 2382 3455 διάνοιαν,
2411 3391 2506 3446 καὶ
2538 3395 2638 3463 τῆς
2663 3392 2916 3464 ἀληθείας
2972 3393 3377 3464 ἀποσφαλείσης
3403 3393 3541 3474 (69)⁵
3559 3395 3622 3446 Εἰ
3646 3393 3704 3446 δέ

2125 3497 2208 3544 τις
2235 3481 2324 3534 τὸν
2348 3481 2723 3535 ἀκατάσκευόν
2752 3498 2811 3534 τε
2849 3481 2944 3535 καὶ
2969 3482 3172 3552 γυμνὸν
3202 3482 3381 3551 πάσης
3413 3481 3702 3552 περιϐολῆς
3771 3540 3774 3544 ,

2129 3573 2404 3644 προσίοιτο
2435 3572 2613 3640 λόγον,
2650 3571 2882 3642 ἐροῦμεν
2909 3573 2985 3635 ὼς
3024 3571 3091 3625 ἀν
3123 3571 3234 3641 (70)
3261 3566 3371 3624 οἷόν
3403 3587 3460 3624 τε
3490 3566 3522 3644 ᾖ
3559 3571 3701 3625 κατά

2129 3663 2220 3716 τὸν
2253 3662 2441 3734 εἱρμὸν
2463 3663 2559 3733 τῆς
2579 3661 2856 3732 γραφικῆς
2879 3662 3202 3732 ὑφηγήσεως
3219 3659 3318 3732 τὴν
3343 3661 3470 3731 περὶ
3495 3661 3700 3714 τούτων

2124 3751 2357 3824 θεωρίαν
2383 3752 2770 3823 προσάγοντες.
2805 3751 2870 3804 Τί
2901 3747 2994 3805 οὖν
3021 3753 3166 3804 ἐστιν
3186 3751 3214 3804 ὅ
3241 3767 3417 3821 φαμεν
3451 3750 3562 3820 (71)
3587 3767 3602 3815 ;
3627 3750 3698 3803 Τὸ

2123 3844 2343 3914 λογικὸν
2376 3844 2532 3898 τοῦτο
2573 3843 2712 3908 ζῶον
2753 3845 2783 3896 ό
2823 3843 3107 3913 ἄνθρωπος
3135 3842 3228 3895 νοῦ
3260 3859 3319 3895 τε
3349 3841 3443 3895 καὶ
3471 3841 3696 3911 ἐπιστή-

2128 3952 2236 4005 μης
2266 3934 2511 3988 δεκτικόν
2553 3929 2716 3997 εἶναι,
2743 3933 2778 4005 ἢ
2813 3933 2929 4005 (7i)
2960 3934 3110 4004 παρά
3145 3932 3253 3986 τῶν
3287 3932 3391 3996 ἔξω
3417 3932 3510 3986 τοῦ
3541 3932 3696 4000 λόγου

2125 4025 2220 4079 τοῦ
2249 4026 2368 4079 καθ’
2401 4028 2550 4095 ἡμᾶς
2581 4025 2996 4096 μεμαρτύρηται
3020 4063 3036 4088 ,
3067 4024 3165 4078 ούκ
3194 4024 3259 4078 ἀν
3284 4023 3426 4076 οὕτω
3453 4024 3546 4077 τοῦ
3587 4026 3699 4094 ὀρι-

448 4111 720 4181 particeps
750 4110 948 4165 animal
980 4112 1160 4175 homo,
1187 4112 1442 4167 nimirum
1469 4112 1837 4184 intelligentia
1863 4123 2024 4184 atque

2129 4114 2267 4186 σμοῦ
2311 4114 2409 4186 τὴν
2446 4113 2604 4184 φύσιν
2649 4114 2804 4184 ἡμῶν
2832 4115 3255 4182 ὑπογράφοντος,
3289 4112 3449 4183 εἴπερ
3495 4111 3696 4178 ἐνεώρα

448 4200 693 4256 scicntia:
721 4216 888 4272 capax
924 4205 1014 4267 sit,
1045 4203 1129 4258 vel
1167 4218 1356 4258 eorum
1393 4203 1486 4274 qui
1517 4218 1548 4258 a
1585 4205 1794 4261 ratione
1826 4215 2025 4261 nostra!

2131 4205 2298 4276 θυμόν
2343 4223 2402 4259 τε
2447 4206 2542 4260 καὶ
2571 4205 2861 4276 ἐπιθυμίαν
2891 4205 2983 4258 καὶ
3010 4205 3078 4258 τά
3105 4203 3327 4257 τοιαῦτα
3362 4204 3538 4256 πάντα
3570 4219 3693 4254 συν-

447 4292 572 4348 ﬁdei
618 4302 781 4362 atque
823 4293 1100 4364 religionis
1134 4294 1295 4351 alieni
1335 4303 1484 4359 sunt,
1528 4294 1843 4352 testimonio
1871 4309 2026 4350 com-

2128 4298 2432 4368 ουσιωμένα
2463 4299 2528 4368 τῇ
2575 4296 2754 4366 φύσει.
2792 4295 2926 4348 υύδὲ
2964 4294 3072 4365 γὰρ
3110 4295 3195 4348 ἐπ’
3222 4293 3380 4348 ἄλλου
3407 4293 3551 4356 τινὸς
3574 4294 3696 4364 ὅρον

449 4384 735 4453 probatum
764 4393 848 4440 est
873 4403 886 4440 :
911 4385 1110 4455 quippe
1137 4400 1244 4440 non
1277 4385 1352 4441 ita
1381 4393 1631 4441 naturam
1659 4393 1902 4442 nostram
1925 4385 2023 4442 de-

2130 4389 2196 4444 ἄν
2223 4406 2308 4453 τις
2353 4387 2579 4460 ἀποδοίη
2608 4387 2702 4443 τοῦ
2745 4386 3124 4458 ὑποκειμένου,
3164 4385 3226 4439 τὸ
3254 4385 3430 4439 κοινὸν
3456 4385 3574 4439 ἀντὶ
3603 4384 3694 4438 τοῦ

447 4476 723 4547 scriptura
750 4490 814 4532 ac
840 4476 1189 4548 designatura
1212 4475 1455 4533 deﬁnitio
1484 4477 1699 4545 fuisset,
1728 4477 2021 4548 siquidem

2134 4479 2264 4533 ίδίου
2286 4478 2482 4546 λέγων.
3139 4479 3146 4485 ’

445 4575 500 4623 et
528 4568 903 4634 iracundiam,
931 4576 986 4626 et
1024 4568 1521 4639 concupiscentiam
1561 4577 1614 4626 et
1658 4571 1972 4642 bujusmodi
2012 4573 2195 4628 omnia
2241 4588 2364 4629 cum
2405 4579 2589 4626 nostra
2639 4579 2832 4627 natura
2868 4570 3018 4627 unita
3052 4580 3107 4627 et
3145 4570 3301 4643 quasi
3339 4569 3696 4628 coessentiata

2205 4770 2318 4841 (65)
2349 4771 2502 4826 Οὐδέ
2531 4787 2584 4826 τ.
2611 4776 2665 4827 0.
2697 4771 2738 4823 Β
2764 4769 2914 4841 οὐδὲν
2933 4785 2986 4825 τ.
3013 4767 3064 4821 θ.

2215 4835 2314 4906 Ῐ66)
2343 4841 2840 4896 Συνουσιοῦσθαι.
2870 4839 2911 4890 Β
2939 4836 3345 4890 συνουσιῶσθαι.

2349 4910 2541 4984 Τὴν-τ.
2568 4914 2636 4984 ψ.
2679 4927 2883 4984 eratin:
2922 4908 2963 4962 Β
2990 4907 3088 4984 τῂν
3118 4922 3314 4984 κατηγ.
3346 4922 3396 4960 τ.
3427 4905 3486 4974 ψ.

447 4766 542 4841 καὶ
565 4766 964 4841 ,ἐπιθυμητικὸν
995 4766 1096 4836 τῆς
1139 4766 1338 4841 ψυχῆς
1352 4767 1515 4839 μέρος
1539 4768 1791 4841 -συξυγίᾳ
1829 4769 2024 4841 πώλων

445 4833 821 4910 ἀπείκασείτδ
845 4837 902 4910 δέ
925 4833 1286 4906 διανοητικόν,
1311 4833 1478 4910 ἤγουν
1503 4839 1594 4892 τὸν
1628 4833 1777 4903 νοῦν,
1802 4839 2020 4910 ἡνιόχῳ.

447 4903 660 4979 Ibidem
684 4905 758 4979 ad_
776 4907 954 4979 verba
973 4903 1178 4979 textus,
1203 4903 1515 4979 quaepaqu
1542 4903 2021 4979 post_scqtt'uttt'ur,

446 4976 475 5028 ὁ
502 4973 848 5049 μεθεξέριεῖνον
881 4975 1183 5049 φιλόσοφος,
1219 4973 1376 5049 legis,
1419 4973 1810 5049 Ἀριστοτέλης.
2006 4973 2015 4976 ⁷
2201 4973 2314 5049 (68)
2342 4973 2482 5048 Περὶ
2507 4973 2747 5046 ταῦτης.
2779 4973 2889 5031 ΑΒ
2915 4973 3254 5049 περὶξταῦταέ

661 5044 818 5120 ξοσα
847 5046 913 5120 0’_
930 5047 983 5098 ὁ.
1004 5046 1057 5120 Β
1081 5043 1184 5098 ὅσα
1212 5043 1401 5120 τ’ᾼοῦν.
1481 5043 1492 5048 ⁷
1745 5043 1756 5049 ⁷
2201 5043 2313 5118 (69)
2354 5043 2866 5120 νἈῖτοσφαλξίσης.
2897 5043 3003 5120 ΑΔΒ
3028 5043 3492 5118 ἀποσφαλλούσης.

516 5112 631 5188 (60)
663 5112 974 5188 Τεχνικῷς.
1004 5115 1046 5167 Β
1065 5116 1360 5188 τεχνικόςη
1425 5183 1468 5188 η
1677 5186 1686 5188 γ
1787 5185 1795 5188 Α
2194 5112 2308 5188 (70)
2350 5119 2447 5184 Ὠς
2466 5112 2568 5188 (ir.
2609 5121 2652 5171 A
2686 5119 2726 5169 Β
2751 5112 2899 5188 όπὼς
2929 5116 3012 5170 ἀν.

519 5125 631 5182 (60)
663 5125 974 5184 Ἰσχνικως.
1005 5125 1046 5167 Β
1065 5125 1332 5184 τεχνικός.

674 5184 896 5267 Ξ)υομῴ
919 5202 1032 5267 τιτι
1071 5202 1135 5267 ιιι.ζ
1154 5203 1217 5254 μ.
1245 5185 1285 5236 Β
1311 5183 1568 5267 εύρύθμῳ
1592 5186 1700 5239 τινί
1731 5185 1936 5258 μέτρῳ.

2194 5125 2286 5188 (70
2350 5125 2447 5184 Ὧς
2473 5125 2568 5172 ἄν.
2609 5125 2652 5171 Α
2686 5125 2726 5169 Β
2751 5125 2899 5181 ὅπως
2929 5125 3012 5170 ἄν.

2128 5259 2138 5267 _
2195 5125 2308 5267 (Ἠί
2336 5189 2396 5242 Τί
2421 5184 2534 5243 οὖν
2547 5189 2718 5267 ἐοίτιν
2737 5187 3002 5267 ὄΆφαιέεν.
3019 5185 3248 5267 (πριιιιδο
3269 5185 3529 5245 codicisA
3555 5187 3688 5244 lianc

519 5255 632 5328 (t3?)
664 5254 1066 5328 "Q'Wéyfélq.
1096 5255 1136 5328 Β
1160 5253 1549 5325 ποιησόμεθα(
1733 5253 1745 5257 -
1836 5253 1848 5258 τ
1887 5253 1899 5258 -

2128 5253 2337 5314 invenis
2369 5269 2572 5319 notam.
2603 5253 2830 5328 όρισμδς
2851 5253 2952 5328 τῆς
2979 5257 3186 5321 οὐσίας.

522 5323 636 5400 (θᾷ)
667 5323 905 5400 strigae.
928 5326 966 5376 Β
988 5323 1214 5400 είπῲν.⁵
1285 5323 1292 5324 “
1372 5323 1378 5325 ⁷
2197 5329 2308 5400 (72)
2342 5329 2426 5383 Ἠ.
2463 5329 2505 5381 Β
2526 5328 2638 5381 καί.

521 5393 635 5463 (64)
656 5394 808 5448 Οὐδὲ
828 5395 960 5465 γάρ.
987 5396 1029 5448 Β
1060 5395 1120 5448 οὑ
1150 5394 1279 5465 γάρ.

525 5544 599 5624 (ᾳ)
631 5544 886 5624 Scholion
911 5551 963 5604 in
985 5548 1175 5624 (imago
1203 5550 1508 5624 appositum
1532 5567 1544 5604 :
1575 5551 1731 5624 Plato
1755 5551 1818 5604 de
1837 5553 2017 5624 anima
2125 5568 2241 5624 rum
2268 5553 2451 5606 currui
2480 5555 2878 5624 subjunrtorum
2897 5571 2916 5608 :
2947 5565 3169 5610 mentem
3203 5565 3376 5611 autem
3414 5572 3503 5610 seu
3542 5554 3685 5608 illaut

453 5617 726 5694 dialogtttn
761 5619 901 5694 fecit,
943 5635 1090 5690 quem
1121 5617 1442 5694 Pltm'donem
1492 5622 1885 5694 inscripsitain
1913 5638 2015 5694 quo
2120 5623 2473 5694 animwivim.
2523 5617 2626 5694 qua
2673 5635 2722 5679 et
2753 5626 2930 5678 animo
2977 5628 3262 5694 agitamus,
3318 5627 3607 5693 cogitamus
3637 5631 3684 5694 et

453 5705 543 5762 ens
567 5685 772 5762 quidem
794 5685 985 5762 animm
1007 5699 1204 5762 partes,
1238 5690 1290 5762 in
1318 5689 1503 5762 quibus
1536 5685 2015 5762 etgconcupiscendi
2120 5685 2606 5762 animadvertimus,
2655 5694 2855 5762 auriga:
2887 5685 3224 5750 assimilavit.
3250 5685 3402 5750 ’11ωέ
3434 5703 3608 5750 autem
3631 5693 3685 5746 in

457 5759 532 5812 vis
578 5765 625 5809 ct
656 5758 855 5813 irarum
891 5758 1050 5813 ardor
1079 5760 1301 5823 exsistit,
1348 5761 1471 5824 pari
1510 5758 1786 5828 pullorum
1807 5761 2019 5830 rqttiuo-
2126 5760 2392 5818 Phaedone
2420 5780 2520 5818 non
2550 5773 2690 5833 sunt,
2724 5758 2812 5819 scil
2840 5766 2890 5820 in
2919 5765 3164 5825 Phaedro.
