3990 6202
382 225 450 280 55
1454 223 1540 280 DE
1577 223 1792 280 ANIMA
1832 223 1920 280 ET
1958 220 2558 282 RESURRECTIONE.
3559 224 3628 278 ιι

379 342 546 402 atque
590 331 1069 390 consubstantiata
1111 351 1236 394 esse
1291 338 1522 398 videret.
1561 342 1697 398 Nam
1745 358 1845 400 nec
1887 342 1940 398 in
1969 341 2078 397 ulla
2115 338 2337 414 quidem
2387 338 2492 392 alia
2533 350 2612 402 re,
2657 333 2779 390 loco
2820 335 3028 404 proprii
3069 348 3359 390 commune
3398 349 3626 406 ponens,

388 421 620 492 subjecti
650 423 945 494 quisquam
971 426 1208 482 ediderit
1229 429 1626 488 deﬁnitionem.

469 512 618 567 Ἐπεὶ
644 511 740 569 οὖν
771 514 837 568 τὸ
865 515 1260 588 ἐπιθυμητικόν
1287 538 1346 574 τε
1372 521 1466 575 καὶ
1508 523 1788 595 θυμοειδὲς
1817 523 1956 580 κατὰ

2131 517 2400 586 Quoniam
2457 517 2622 590 igitur
2664 524 2720 574 et
2769 514 3197 587 concupiscendi
3251 529 3305 571 et
3355 515 3626 571 irascendi

383 602 447 659 τὸ
473 605 587 658 ῑσον
632 605 729 658 καὶ
757 605 851 659 ἐπὶ
881 606 983 676 τῆς
1013 608 1209 678 ἀλόγου
1253 628 1313 664 τε
1353 614 1446 667 καὶ
1490 614 1712 685 λογικῆς
1748 616 1960 686 φύσεως

383 694 706 767 καθορᾶται,
727 697 827 750 οὐκ
845 699 911 752 ἄν
929 716 1013 764 τις
1036 700 1274 770 εὐλόγως
1295 704 1359 756 ἐκ
1381 703 1471 758 τοῦ
1493 705 1673 759 κοινοῦ
1694 723 1962 778 χαρακτη-

384 785 524 857 ρίζει
551 787 666 859 (73)
698 787 760 840 τὸ
791 788 938 842 ίδιον.
977 791 1042 843 '0
1071 789 1128 844 δὲ
1157 792 1295 865 πρὸς
1323 794 1423 866 τὴν
1446 796 1546 864 τῆς
1586 795 1799 864 φύσεως
1833 797 1962 849 ὑπο-

378 870 600 951 γραφὴν
641 879 896 952 περιττόν
940 880 1054 952 (74)
1097 899 1158 934 τε
1207 883 1302 936 καὶ
1349 884 1672 956 ἀπόϐλητον,
1718 887 1835 949 πῶς
1877 885 1962 940 ἐν·

380 987 530 1024 εστιν
560 971 675 1043 (75)
707 972 784 1035 ὡς
819 972 987 1044 μέρος
1027 973 1127 1044 τῆς
1153 973 1386 1043 φύσεως,
1416 977 1503 1030 ἐπ’
1527 979 1806 1048 ἀνατροπῇ
1847 977 1958 1047 (76)

381 1062 478 1118 τοῦ
509 1064 636 1134 ὅρου
666 1063 768 1134 τὴν
810 1064 964 1133 ίσχὺν
1008 1064 1185 1134 ἔχεινς
1221 1067 1335 1129 Πᾶς
1365 1064 1474 1138 γὰρ
1502 1067 1728 1138 ὁρισμὸς
1777 1068 1962 1132 οὐσίας

384 1155 521 1225 πρὸς
546 1155 607 1208 τὸ
630 1155 760 1208 ίδιον
784 1155 879 1209 τοῦ
901 1156 1259 1228 ὑποκειμένου
1279 1158 1482 1229 βλέπει.
1511 1160 1602 1226 Ὀ,
1625 1177 1679 1213 τι
1707 1160 1750 1212 δ’
1772 1161 1838 1215 ἂν
1857 1161 1962 1226 ἔξω

381 1244 480 1298 τοῦ
511 1244 800 1310 ίδιάζοντος
823 1241 880 1318 ᾖ,
915 1247 991 1311 ὼς
1025 1247 1301 1320 ἀλλότριον
1342 1251 1649 1321 παρορᾶται
1686 1251 1780 1303 τοῦ
1809 1253 1955 1322 ὅρου.

397 1337 556 1390 Ἀλλὰ
587 1337 693 1408 μὴν
714 1339 749 1408 ή
782 1337 924 1392 κατὰ
952 1337 1122 1408 θυμόν
1151 1357 1213 1392 τε
1253 1340 1346 1394 καὶ
1378 1341 1674 1411 ἐπιθυμίαν
1713 1341 1960 1413 ἐνέργεια

386 1423 540 1493 κοινὴ
584 1425 765 1495 πάσης
804 1421 945 1478 εἶναι
991 1427 1091 1496 τῆς
1131 1427 1357 1498 λογικῆς
1394 1421 1454 1482 τε
1499 1431 1594 1484 καὶ
1625 1430 1735 1500 (77)
1765 1430 1960 1499 ἀλόγου

386 1513 602 1583 φύσεως
624 1517 984 1586 ὁμολογεῖται.
1018 1520 1135 1572 Πᾶν
1162 1519 1218 1572 δὲ
1245 1519 1306 1573 τὸ
1333 1520 1530 1584 κοινὸν,
1559 1521 1618 1575 οὐ
1636 1521 1826 1574 ταύτόν
1846 1523 1960 1575 ἐστι

383 1605 465 1676 τῷ
493 1605 770 1670 ἰδιάζοντι.
812 1609 1047 1680 Ἀνάγκη
1087 1611 1197 1682 ἄρα
1241 1611 1330 1664 διὰ
1373 1611 1578 1666 τούτων
1621 1613 1757 1678 ἐστὶ,
1803 1611 1876 1682 μὴ
1904 1613 1961 1665 ὲν

383 1695 597 1760 τούτοις
646 1695 783 1752 εἶναι
824 1699 995 1753 ταῦτα
1044 1700 1375 1770 λογίζεσθαι,
1412 1705 1470 1756 ὲν
1520 1697 1601 1767 οἷς
1649 1703 1962 1773 κατεξαίρε-

385 1802 483 1840 τον
515 1786 627 1858 (78)
657 1790 701 1860 ἠ·
727 1790 1038 1863 ἀνθρωπίνη
1084 1793 1547 1866 χαρακτηρίζεται
1593 1794 1772 1863 φύσις.
1821 1794 1960 1848 Ἀλλ’

2059 609 2140 666 vis
2162 611 2442 678 :equaliter
2471 623 2688 680 quoque
2738 616 2847 663 tam
2874 608 2927 661 in
2953 607 3181 664 rationis
3221 620 3442 677 experte
3465 623 3628 678 quant

2058 701 2290 756 rationis
2335 708 2591 768 compote
2647 698 2894 753 cernitur
2943 707 3164 765 natura,
3222 698 3370 752 nulla
3419 698 3630 752 ratione

2057 803 2160 845 nec
2189 800 2334 846 recte
2363 790 2489 860 quis
2524 805 2620 859 per
2637 790 2990 844 Communem
3012 796 3220 853 notam,
3250 788 3303 844 id
3326 788 3468 858 quod
3504 802 3630 858 pro-

2058 879 2236 950 prium
2275 887 2361 934 est
2403 879 2793 950 designaverit.
2855 877 3012 945 Quod
3070 885 3251 932 autem
3290 878 3354 932 ad
3416 885 3629 932 natura

2060 969 2495 1040 designationem
2540 983 2939 1038 supervacuum
2991 982 3055 1024 ac
3110 967 3470 1036 rejicicndum
3521 973 3628 1030 est,

2057 1077 2167 1133 quo
2191 1071 2350 1132 pacto
2383 1070 2644 1131 tanquam
2694 1076 2822 1131 pars
2856 1070 3088 1125 naturae,
3145 1068 3328 1130 potest
3359 1059 3428 1114 ad
3483 1073 3631 1114 ever-

2059 1155 2266 1210 sionem
2293 1153 2632 1208 detinitionis
2671 1153 2814 1208 vires
2841 1152 3078 1207 habere?
3100 1151 3292 1206 Omnis
3323 1150 3467 1205 enim
3495 1148 3631 1203 deii-

2059 1243 2198 1298 nitio
2229 1243 2574 1305 substantia,
2608 1240 2889 1311 proprium
2924 1239 3156 1308 subjecti
3185 1244 3413 1306 spectat.
3457 1233 3629 1300 Quid-

2058 1332 2188 1402 quid
2214 1339 2395 1384 autem
2435 1340 2592 1384 extra
2638 1327 3074 1398 pecuiiaritatem
3122 1341 3185 1380 ac
3241 1323 3627 1396 proprietatem

2058 1423 2248 1488 fuerit,
2304 1429 2564 1490 tanquam
2598 1434 2628 1472 a
2687 1418 3006 1473 deﬁnitione
3049 1416 3288 1470 alienum
3328 1413 3632 1483 despicitur

2059 1519 2222 1583 atque
2276 1510 2663 1567 contemnitur.
2720 1509 2877 1577 Atqui
2948 1515 3058 1560 tam
3117 1503 3391 1560 irascendi
3466 1517 3630 1574 quam

2059 1602 2485 1674 concupiscendi
2535 1601 2642 1656 vim
2710 1607 2874 1670 atque
2929 1596 3271 1653 emcientiam
3319 1610 3443 1650 cum
3480 1593 3630 1648 omni

2059 1703 2258 1751 natura
2309 1701 2420 1748 tam
2457 1691 2709 1747 rationali
2763 1705 2929 1762 quam
2981 1688 3284 1742 irrationali
3342 1701 3632 1741 commune

2061 1801 2184 1844 esse
2237 1792 2475 1840 constat.
2513 1781 2789 1852 Quidquid
2829 1788 3010 1835 autem
3061 1793 3350 1834 commune
3381 1787 3487 1840 est,
3520 1791 3630 1831 non

390 1873 578 1946 ὥσπερ
613 1877 672 1930 τὸ
702 1878 1017 1950 αίσθητικὸν
1044 1882 1140 1934 καὶ
1160 1881 1222 1934 τὸ
1241 1880 1530 1954 θρεπτικὸν
1558 1883 1649 1936 καὶ
1674 1882 1958 1954 αὐξητικὸν

2065 1877 2207 1934 idem
2235 1891 2362 1932 cum
2399 1875 2669 1946 peculiari
2696 1881 2797 1929 est.
2845 1870 3171 1928 Necessario
3200 1870 3367 1941 igitur
3397 1885 3492 1939 per
3520 1868 3632 1922 hrec

384 1969 446 2020 ὲν
469 1970 600 2038 ἡμῖν
629 1986 713 2032 τις
741 1970 863 2023 ίδὼν
901 1972 1003 2025 οὐκ
1037 1971 1258 2026 ἀναλύει
1285 1973 1374 2027 διὰ
1409 1975 1611 2028 τούτων
1639 1974 1729 2028 τὸν
1764 1975 1959 2029 ἁποδο·

383 2056 546 2109 θέντα
570 2056 668 2125 τῆς
689 2057 868 2129 ψυχῆς
894 2059 1004 2130 (79)
1030 2061 1154 2132 ὅρον
1194 2061 1276 2132 (οὐ
1299 2061 1407 2134 γὰρ
1427 2062 1610 2134 ἐπειδὴ
1630 2063 1786 2116 τοῦτὸ
1810 2065 1958 2118 ἐστιν

383 2147 445 2198 ὲν
471 2149 536 2218 τῇ
568 2146 735 2219 ψυχῇ,
762 2149 938 2202 ἐκεῖνο
965 2149 1063 2203 οὐκ
1100 2150 1290 2217 ἔστιν),
1323 2151 1464 2204 οὕτω
1495 2151 1591 2205 καὶ
1621 2151 1690 2206 τὰ
1721 2152 1845 2223 περὶ
1866 2152 1958 2206 τὸν

381 2236 554 2307 θυμὸν
596 2240 691 2292 καὶ
741 2240 840 2310 τὴν
885 2239 1180 2312 ἐπιθυμίαν
1213 2245 1552 2315 κατανοήσας
1598 2243 1700 2312 τῆς
1745 2242 1958 2312 φύσεως

382 2328 542 2398 ἡμῶν
566 2330 688 2400 κινή
697 2347 860 2399 ματα,
882 2331 980 2384 οὐκ
999 2330 1064 2386 ἂν
1088 2331 1200 2402 (80)
1229 2332 1466 2402 εὐλόγως
1487 2333 1564 2404 τῷ
1585 2334 1694 2405 ὅρῳ
1713 2333 1958 2406 μάχοιτο,

381 2416 461 2478 ὡς
492 2415 751 2481 ὲλλειπῶς
786 2417 898 2488 (81)
930 2419 1290 2492 ὲνδειξαμένῳ
1318 2421 1418 2492 τὴν
1439 2421 1620 2490 φύσιν.
1749 2422 1794 2436 ⁶“

2063 1971 2316 2042 sequitur
2347 1975 2406 2022 ut
2450 1968 2567 2022 haec
2602 1968 2656 2021 in
2699 1965 2810 2021 illis
2840 1979 2948 2019 non
2984 1979 3106 2019 esse
3130 1962 3506 2018 existimemus
3536 1973 3633 2029 per

2063 2076 2183 2133 qua:
2202 2059 2476 2132 praecipue
2492 2057 2809 2128 designatur
2830 2055 3068 2110 humana
3090 2064 3300 2106 natura.
3321 2049 3426 2106 Sed
3443 2064 3633 2120 quem-

2062 2151 2356 2208 admodum
2389 2150 2436 2206 si
2477 2149 2601 2220 quis
2643 2145 2944 2211 sentiendi,
2989 2142 3265 2199 nutriendi
3298 2149 3353 2197 et
3399 2138 3629 2210 augendi

2062 2245 2173 2299 vim
2222 2243 2279 2298 in
2329 2242 2488 2297 nobis
2526 2239 2899 2309 conspicatus,
2936 2250 3034 2306 per
3069 2237 3188 2290 haec
3247 2249 3356 2288 non
3406 2230 3633 2286 resolvit

2065 2335 2261 2390 animae
2285 2334 2716 2389 demonstratam
2755 2329 3124 2385 deﬁnitionem
3167 2326 3299 2397 (non
3331 2324 3475 2379 enim
3496 2337 3633 2393 quo-

2066 2423 2214 2478 niam
2248 2422 2354 2477 hoc
2380 2433 2468 2478 est
2494 2422 2548 2475 in
2575 2421 2777 2484 anima,
2809 2417 2939 2472 illud
2963 2432 3073 2472 non
3098 2416 3228 2486 est),
3256 2413 3445 2470 eodem
3468 2413 3630 2467 modo

380 2508 431 2564 si
469 2509 593 2579 quis
631 2517 842 2564 natura:
881 2519 1087 2567 nostrae
1145 2513 1294 2567 circa
1342 2512 1684 2569 iracundiam
1739 2523 1794 2570 et
1851 2515 2353 2586 concupiscentiam
2400 2521 2583 2569 motus
2632 2511 3049 2576 animadvertit,
3099 2524 3208 2565 non
3261 2509 3424 2564 etiam
3485 2515 3631 2561 recte

386 2603 758 2657 deﬁnitionem
784 2609 1082 2673 oppugnet,
1109 2610 1186 2682 ,ιιι
1224 2618 1344 2673 qua:
1374 2606 1560 2661 minus
1591 2606 1924 2662 sufﬁcienter
1964 2614 2218 2661 naturam
2247 2604 2574 2660 ostenderit.

460 2708 522 2764 Γ.
544 2709 610 2762 Τί
628 2702 722 2765 οὖν
737 2709 843 2782 χρὴ
860 2711 988 2781 περ).
997 2710 1184 2764 τούτου
1203 2709 1313 2781 (82)
1331 2709 1639 2778 γινώσκειν,
1661 2707 1811 2765 εἷπον
1828 2710 1964 2781 πρὸς

391 2800 489 2871 τὴν
519 2800 868 2865 διδάσκαλον;
893 2801 1060 2855 Ούπω
1088 2801 1196 2873 γὰρ
1215 2797 1328 2866 οἷός
1346 2802 1404 2854 τέ
1427 2804 1540 2870 εἰμι
1558 2802 1793 2855 κατιδεῖν
1810 2803 1960 2866 ὅπως

392 2892 656 2960 προσήκει
700 2891 769 2945 τὰ
801 2894 858 2945 ὲν
895 2894 1018 2963 ἡμῖν
1053 2895 1199 2953 ὄντα,
1232 2893 1308 2957 ὡς
1333 2893 1586 2963 ἀλλότρια
1615 2893 1715 2962 τῆς
1749 2892 1961 2960 φύσεως

390 2982 545 3051 ἡμῶν
572 2984 974 3040 ἀποποιεῖσθαι.
1004 2987 1160 3040 -Μ.
1192 2983 1376 3056 Ὁρᾷς,
1397 2988 1583 3056 φησιν,
1601 2987 1683 3039 ὅτι
1706 2987 1852 3057 μάχη
1875 2988 1960 3050 τίς

387 3072 503 3124 ἐστι
531 3071 626 3125 τοῦ
654 3073 912 3143 λογισμοῦ
933 3075 1069 3143 πρὸς
1089 3076 1282 3142 ταῦτα,
1311 3075 1405 3129 καὶ
1435 3076 1634 3146 σπουδὴ
1657 3075 1750 3129 τοῦ
1784 3094 1954 3146 μονω-

388 3167 546 3235 θῆναι
570 3167 669 3239 τὴν
706 3167 885 3239 ψυχὴν
910 3168 1135 3234 τούτων,
1163 3170 1237 3232 ὡς
1266 3168 1331 3222 ἂν
1359 3165 1469 3222 οἷόν
1497 3186 1582 3232 τις
1615 3169 1726 3239 (85)
1845 3167 1953 3222 Καί

384 3257 492 3308 είσί
512 3255 574 3324 γέ
607 3274 750 3320 τινες
782 3252 862 3320 οἷς
889 3256 1300 3328 κατώρθωταιή
1335 3258 1830 3329 σπουδὴ,καοάπερ
1859 3258 1946 3310 ἐπὶ

380 3347 475 3400 τοῦ
496 3349 771 3411 Μωῦσέως
795 3349 1084 3420 ἀκούομεν,
1113 3352 1192 3402 ὅτι
1213 3351 1473 3419 κρείττων
1491 3346 1557 3419 ἦν
1575 3349 1747 3419 θυμοῦ
1773 3367 1829 3403 τε
1854 3349 1950 3402 καὶ

383 3431 680 3502 ἐπιθυμίας
734 3433 974 3496 ἐκεῖνος’,
1035 3433 1320 3506 ἀμφότερα
1374 3435 1755 3508 μαρτυρούσης
1811 3437 1959 3510 αὐτῷ

380 3517 482 3588 τῆς
514 3520 773 3590 ἱστορίας,
799 3521 880 3574 ὅτι
909 3520 1022 3588 (84)
1048 3525 1220 3592 πρᾷος
1243 3520 1310 3594 ἦν
1337 3525 1488 3594 παρὰ
1517 3527 1726 3590 πάντας
1757 3527 1960 3598 ἀνθρώ-

384 3627 519 3672 πους
547 3611 898 3680 (ἐνδείκνυται
932 3612 987 3665 δὲ
1013 3613 1075 3665 τὸ
1109 3614 1374 3686 ἀόργητον
1397 3615 1484 3669 διὰ
1508 3617 1600 3669 τοῦ
1633 3619 1830 3689 πρᾴου,
1864 3621 1959 3674 καὶ

382 3699 483 3770 τὴν
515 3701 649 3772 πρὸς
696 3699 788 3753 τὸν
817 3699 984 3772 θυμὸν
1023 3701 1417 3773 ἀλλοτρίωσιν),
1445 3704 1538 3758 καὶ
1566 3706 1646 3758 ὅτι
1686 3707 1785 3759 οὐκ
1829 3708 1955 3761 ὲειτε⁴

386 3791 600 3861 θύμησε
627 3789 828 3844 τούτων
854 3791 1018 3855 τινὸς,
1053 3792 1181 3864 περὶ
1206 3792 1242 3846 ἃ
1273 3793 1489 3864 ὁρῶμεν
1516 3795 1573 3846 ὲν
1605 3798 1717 3858 τοῖς
1745 3796 1957 3861 πολλοῖς

389 3883 454 3936 τὺ
478 3881 860 3954 ἐπιθυμητικὸν
891 3884 1299 3956 ἐνεργούμενον.
1341 3887 1518 3958 Ὅπερ
1545 3888 1644 3940 οὐκ
1680 3888 1745 3941 ἂν
1776 3888 1958 3956 ἐγένε-

389 3990 452 4025 το
466 3972 600 4042 (85),
623 3975 669 4026 εί
692 3974 844 4042 φύσις
861 3972 928 4046 ἦν
949 3975 1144 4042 ταῦτα,
1164 3977 1258 4031 καὶ
1275 3979 1354 4040 εἰς
1371 3977 1459 4030 τὸν
1484 3977 1640 4046 λόγον
1654 3980 1751 4049 τῆς
1772 3980 1958 4043 οὐσίας

385 4066 633 4135 ἀνήγετο.
663 4067 736 4118 υύ
775 4067 883 4138 γάρ
916 4069 1030 4121 ἐστι
1063 4068 1283 4122 δυνατὸν
1315 4069 1404 4124 τὸν
1442 4070 1546 4135 ἔξω
1572 4072 1828 4139 γεγονότα
1859 4072 1958 4142 τῆς

383 4156 599 4224 φύσεως
629 4159 686 4210 ὲν
707 4158 784 4226 τῷ
817 4155 954 4212 εἶναι
988 4160 1190 4229 μένειν.
1225 4161 1384 4214 Ἀλλὰ
1411 4161 1516 4232 μὴν
1537 4165 1584 4214 εί
1613 4163 1817 4231 Μωσῆς
1843 4163 1954 4234 (86)

383 4249 478 4300 καὶ
510 4248 567 4300 ὲν
607 4247 685 4318 τῷ
713 4244 850 4301 εἶναι
882 4245 968 4320 ἦν,
1001 4251 1092 4303 καὶ
1126 4252 1182 4303 ὲν
1230 4251 1437 4315 τούτοις
1479 4251 1577 4305 οὐκ
1609 4248 1698 4323 ἦν,
1745 4253 1874 4305 ἄλλο
1902 4271 1955 4306 τι

381 4336 492 4406 ἄρα
522 4338 672 4408 παρὰ
702 4338 802 4410 τὴν
838 4340 997 4408 φύσιν
1040 4342 1155 4394 ἐστὶ
1183 4342 1374 4406 ταῦτα,
1413 4342 1506 4395 καὶ
1532 4343 1650 4414 οὐχὶ
1685 4343 1862 4409 φύσις.
1894 4345 1955 4396 Εἰ

380 4428 493 4498 γὰρ
512 4429 624 4499 (87)
651 4430 868 4498 ἀληθῶς
893 4431 1052 4500 φύσις
1075 4431 1229 4485 τοῦτό
1257 4434 1402 4485 ἐστιν
1424 4434 1559 4504 (88),
1583 4436 1639 4486 ἐν
1732 4434 1792 4486 τὸ
1816 4430 1955 4488 εἶναι

380 4520 482 4588 τῆς
510 4520 696 4583 οὐσίας
719 4522 1216 4592 καταλαμϐάνεται,
1241 4524 1445 4577 τούτων
1471 4525 1528 4577 δὲ
1549 4527 1580 4596 ἡ
1605 4525 1956 4596 ἀλλοτρίωσις

379 4608 467 4675 ἐφ’
495 4609 628 4678 ἡμῖν
657 4611 854 4673 κεῖται,
888 4609 963 4672 ὡς
995 4609 1068 4680 μὴ
1099 4609 1258 4679 μόνον
1286 4610 1538 4680 ἀζήμιον,
1571 4610 1708 4664 ἀλλὰ
1730 4611 1821 4664 καὶ
1845 4612 1957 4664 ὲπι-

377 4697 571 4766 κερδὲς
600 4697 712 4766 (89)
741 4695 880 4750 εἷναι
913 4699 978 4767 τῇ
1012 4697 1168 4766 φύσει
1201 4698 1292 4750 τὸν
1320 4698 1625 4770 ἀφανισμὸν
1648 4699 1756 4752 τῶν
1783 4700 1959 4753 τοιού-

376 4806 504 4843 των.
542 4787 709 4859 Δῆλον
733 4783 826 4842 οὖν
856 4790 938 4842 ὅτι
974 4789 1080 4842 τῶν
1107 4789 1304 4856 ἔξωθεν
1333 4791 1813 4864 ὲπιθεωρουμένων
1841 4793 1957 4847 ἐστὶ

595 4989 1030 5064 Χαρακτῃρίζέι.
1061 4993 1103 5046 Β
1128 4992 1534 5064 χαρακτηρίζοι.

451 5062 563 5134 (μ)
590 5062 894 5134 ηεριττόν.
932 5065 975 5116 Α
997 5062 1248 5134 περιττόν
1273 5062 1390 5116 ἐστι
1412 5065 1525 5118 καί.

476 5132 565 5200 75)
606 5133 904 5185 Ἕνεστιν.
937 5133 978 5185 Β
1002 5132 1172 5188 ἐστίν.

477 5201 563 5256 76)
610 5201 758 5255 Ἐπ’.
793 5202 838 5254 Δ
876 5201 916 5254 Β
944 5203 1055 5256 ὲπί.

473 5271 564 5342 77)
599 5271 714 5340 Τῆς
739 5273 991 5342 λογικῆς
1018 5291 1082 5327 τε
1104 5272 1206 5327 καί
1227 5271 1408 5327 delent
1435 5274 1478 5326 Α
1499 5273 1556 5327 Β.

590 5342 1040 5423 ξατεξρίρςτον.
1133 5342 1254 5423 κατ’
1278 5342 1597 5423 ἐξαίρετον..

474 5413 564 5494 79)
604 5413 716 5494 Τῆς
743 5413 984 5494 ψυχῆς.
1013 5414 1060 5466 Δ
1088 5414 1142 5468 in
1181 5421 1331 5469 textu
1379 5413 1504 5484 περὶ
1538 5416 1636 5484 της
1664 5415 1858 5488 ψυχῆς,
1887 5416 1943 5472 in

373 5482 621 5550 margine
639 5485 706 5570 τῇ
727 5482 892 5554 ψυχῇ.
941 5553 953 5565 .
1131 5571 1140 5580 ι
1329 5555 1341 5568 ι
1451 5482 1491 5574 ἐ
1596 5482 1603 5484 ἡ

596 5555 908 5636 egeam}
940 5569 994 5636 In
1024 5568 1389 5636 margine-oux
1419 5553 1474 5610 ἔτ
1524 5556 1608 5612 ἄν.

453 5620 564 5688 (δι)
601 5623 936 5695 Ἑλλειπῶς.
963 5625 1009 5679 Δ
1033 5623 1073 5675 Β
1096 5620 1342 5689 ἐλλιπῶς.

544 5201 564 5411 ξ

448 5275 470 5480 ἓ

2129 2711 2194 2768 G.
2226 2710 2368 2777 Quid
2392 2710 2578 2782 igitur,
2607 2709 2827 2779 inquam
2856 2709 2924 2764 ad
2949 2711 3290 2779 magistram,
3321 2711 3388 2767 de
3405 2713 3492 2768 Itis
3518 2722 3627 2770 sta.

2059 2807 2215 2853 tuere
2244 2807 2298 2853 et
2329 2797 2539 2852 sentire
2572 2797 2824 2868 oportet?
2848 2798 3089 2853 nondum
3119 2799 3263 2854 enim
3287 2800 3629 2856 animadver-

2057 2898 2174 2943 tere
2213 2903 2437 2958 possum
2478 2903 2588 2959 quo
2619 2896 2782 2958 pacto
2813 2890 3104 2944 conveniat
3129 2904 3192 2945 ea
3234 2905 3356 2960 qua:
3387 2891 3441 2944 in
3475 2893 3632 2947 nobis

2059 2966 2272 3045 insunt,
2316 2989 2576 3052 tanquam
2609 2981 2786 3035 aliena
2824 2996 2853 3034 a
2887 2989 3084 3037 natura
3119 2990 3306 3037 nostra
3343 2999 3631 3055 segregare

2061 3082 2223 3142 atque
2239 3072 2692 3143 repudiare.-—M.
2712 3072 2901 3137 Vides,
2922 3075 3118 3145 inquit,
3133 3078 3278 3145 quod
3293 3090 3470 3146 pugna
3483 3091 3632 3145 qua»

2062 3163 2184 3217 dam
2205 3165 2434 3219 rationis
2451 3164 2716 3220 adversus
2735 3165 2848 3219 lucc
2869 3168 3019 3228 sit,et
3033 3168 3300 3225 studium.
3315 3169 3492 3230 quoad
3508 3168 3629 3232 ejus

2069 3255 2181 3309 ﬁeri
2213 3253 2406 3323 possit,
2435 3251 2670 3304 animam
2705 3251 2774 3305 ab
2803 3250 2888 3305 his
2935 3246 3226 3318 separandi
3253 3255 3420 3316 atque
3457 3262 3634 3317 segre-

2063 3343 2247 3414 gandi.
2279 3343 2354 3397 Ac
2377 3352 2504 3396 sunt
2533 3355 2666 3397 sane
2701 3340 2971 3407 nonnulli,
3019 3339 3222 3410 quibus
3243 3338 3347 3393 hoc
3393 3337 3634 3394 studium

2063 3448 2328 3504 prospere
2383 3432 2675 3499 successit,
2711 3431 2914 3503 quique
2965 3431 3019 3486 id
3078 3429 3223 3500 quod
3263 3428 3636 3500 quaesiverunt

2063 3523 2300 3580 assecuti
2356 3530 2507 3589 sunt,
2564 3520 3024 3594 quemadmodum
3077 3521 3146 3576 de
3192 3518 3376 3590 Moyse
3424 3515 3636 3570 audivi-

2065 3630 2209 3679 mus,
2238 3614 2386 3685 quod
2411 3615 2458 3669 is
2493 3628 2593 3668 nec
2624 3613 2691 3668 ab
2720 3613 2799 3667 ira
2823 3626 2924 3667 nec
2951 3625 2982 3665 a
3015 3609 3471 3680 concupiscentia.
3490 3606 3637 3660 vinci

2065 3723 2128 3762 ac
2159 3706 2406 3777 superari
2438 3713 2646 3776 posset,
2693 3703 2982 3774 utriusque
3028 3702 3109 3757 rei
3155 3698 3528 3756 testimonium
3581 3697 3633 3752 ei

2065 3799 2387 3869 perliibente
2404 3796 2662 3863 historia,
2683 3793 2828 3867 quod
2852 3802 2907 3850 et
2929 3793 3068 3849 lenis
3091 3793 3348 3863 mitisque
3371 3797 3519 3846 esset
3544 3805 3638 3844 su-

2065 3906 2161 3962 pra
2191 3905 2382 3945 omnes
2410 3891 2660 3945 homines
2678 3889 2796 3959 (per
2819 3888 3097 3944 lenitatem
3116 3895 3298 3940 autem
3328 3892 3384 3937 et
3401 3883 3638 3938 clemen-

2062 3983 2194 4036 tiam
2229 3983 2324 4038 irae
2352 3984 2599 4037 vacuitas
2641 3991 2697 4037 et
2731 3982 2800 4038 ab
2841 3979 3126 4037 iracundia
3165 3979 3376 4032 alienus
3420 3976 3637 4031 animus

2062 4072 2414 4142 ostenditur),
2465 4078 2521 4127 et
2559 4070 2705 4142 quod
2748 4085 2856 4125 non
2891 4069 3305 4136 concupisceret
3340 4063 3634 4134 quidquam

2062 4178 2250 4220 eorum
2281 4163 2426 4217 circa
2460 4177 2580 4233 quae
2615 4161 2668 4215 in
2714 4161 2991 4230 plerisque
3020 4158 3333 4212 hominibus
3361 4156 3468 4209 vim
3504 4169 3636 4208 con-

2062 4251 2380 4322 cupiscendi
2423 4256 2744 4320 occupatam
2785 4263 2908 4303 esse
2937 4246 3203 4300 videmus.
3227 4242 3383 4311 Quod
3426 4258 3536 4297 non
3584 4243 3637 4296 ei

2061 4344 2422 4412 contingeret,
2442 4344 2487 4396 si
2516 4349 2711 4396 natura
2737 4339 2852 4394 inec
2875 4344 3148 4400 essent,et
3168 4336 3235 4390 ad
3257 4335 3522 4389 rationem
3547 4348 3635 4388 es-

2062 4433 2253 4488 sentix:
2279 4433 2636 4488 referrentur.
2665 4429 2807 4486 Fieri
2838 4429 2982 4483 enim
3007 4443 3114 4482 non
3151 4433 3349 4498 potest,
3393 4433 3452 4479 ut
3481 4431 3633 4479 extra

2061 4531 2312 4578 naturam
2336 4524 2669 4579 constitutus
2694 4522 2748 4576 in
2769 4535 2892 4576 esse
2910 4527 3146 4574 maneat.
3171 4516 3333 4586 Atqui
3357 4516 3403 4571 si
3423 4513 3636 4586 Moyses

2061 4621 2114 4670 et
2146 4615 2198 4668 in
2239 4629 2362 4670 esse
2394 4624 2530 4680 erat,
2564 4623 2618 4669 ct
2649 4615 2703 4668 in
2738 4613 2824 4668 liis
2853 4627 2960 4666 non
2987 4618 3124 4675 erat,
3152 4609 3300 4664 aliud
3329 4623 3459 4680 ergo
3477 4605 3630 4678 quid.

2065 4705 2209 4776 piam
2239 4715 2401 4776 atque
2430 4715 2646 4768 natura,
2678 4705 2790 4759 haec
2823 4711 2974 4767 sunt,
2999 4711 3190 4758 etnon
3236 4708 3453 4756 natura.
3503 4698 3635 4767 Qua:

2061 4797 2204 4852 enim
2240 4812 2366 4853 vere
2393 4805 2588 4852 natura
2625 4806 2731 4860 est,
2769 4796 2873 4852 hoc
2908 4803 3013 4860 est,
3048 4794 3103 4852 in
3153 4807 3260 4866 quo
3297 4793 3472 4863 ipsum
3511 4806 3633 4847 esse

2131 4995 2242 5062 (82)
2279 4995 2415 5065 Περὶ
2443 4995 2751 5065 τούτουζΒ
2773 4993 2902 5065 περ).
2933 4991 3157 5065 τούτων.

2133 5059 2244 5134 (83)
2279 5059 2418 5120 Οἷόν
2437 5083 2546 5132 τις.
2575 5067 2621 5119 Α
2647 5059 2757 5118 οἷόν
2787 5059 2860 5126 τι,
2884 5064 2928 5116 Β
2950 5059 3060 5117 οἶόν
3083 5079 3163 5116 τε.

2132 5135 2244 5205 (84)
2277 5138 2426 5190 Ὅτι.
2454 5135 2494 5188 Β
2522 5137 2603 5190 ὅτι
2635 5151 2715 5188 τε.

2129 5193 2452 5276 (85)Ὅπερ
2479 5207 2590 5260 οὐκ
2627 5205 2706 5276 ἂν
2737 5203 2990 5276 ἐτέκετο.
3033 5199 3273 5276 In‘caice
3401 5195 3491 5276 ad-
3514 5193 3627 5276 lucc

2056 5267 2234 5346 verba
2258 5275 2360 5346 ista
2400 5267 2811 5346 legunturfuz't
2829 5273 2890 5325 οὐ
2910 5269 3144 5346 -φυσικός
3172 5271 3317 5322 ἐστιν
3340 5269 3398 5322 ὲν
3424 5267 3504 5338 τῷ
3532 5267 3628 5322 ἁν-

2053 5342 2257 5422 θριὶλπιρ
2282 5341 2501 5422 genus;
2520 5345 2613 5422 καὶ
2625 5345 2674 5422 ’ᾗ
2689 5341 2977 5422 ἐπιθυμία.

2121 5411 2239 5496 (ιρι
2273 5411 2942 5496 ιιευσῇςοηλβνωυσῆς-

2124 5483 2216 5620 ἓξὲξ

2128 5622 2219 5693 (89

2275 5481 2496 5552 Ei
2527 5482 2566 5532 Β
2595 5483 2629 5552 ἡ
2657 5482 2784 5548 γάρ.

2273 5547 2450 5606 Τοῦτό
2468 5547 2656 5605 ἑστιῶ.
2672 5547 2730 5603 Δ
2756 5549 2897 5605 τοῦτ’
2913 5547 3078 5604 ἔστιν.

2294 5593 3078 5693 λὲῖτῐῖιὲιῖἑέξ.’λί’τέἶιὶεξιὲῆζ”

2219 5481 2238 5682 ξ
