3990 6202
334 1386 355 1395 ν
446 1366 543 1435 qui
579 1366 938 1422 concitaverit
983 1375 1037 1422 et
1064 1365 1131 1421 ad
1181 1366 1318 1421 iram
1356 1362 1753 1435 provocaverit.
1809 1359 2015 1415 Horum

453 254 524 309 55
1689 248 1747 303 S.
1773 246 2102 305 GBECORII
2122 246 2417 304 NYSSEM
2893 285 2896 289 η
3642 253 3737 312 56

451 366 773 433 substantiae
802 362 1273 437 deprehenditur;
1320 363 1515 419 horum
1550 370 1731 419 autem
1770 364 2018 421 alienatio

2128 364 2300 419 ταῦτα
2337 366 2404 420 τὰ
2448 364 2593 437 πάθη
2624 367 2720 436 τῆς
2751 364 2965 436 φύσεως
2993 365 3121 421 ὅντα
3164 365 3258 425 καὶ
3287 367 3388 422 οὐκ
3415 367 3598 424 οὐσία.
3646 368 3737 423 Ἦ

452 464 508 514 in
538 458 697 516 nobis
730 458 834 514 sita
863 466 968 524 est,
1015 464 1074 512 ut
1102 470 1210 510 non
1240 454 1416 511 solum
1434 470 1541 510 non
1581 463 1794 523 noceat,
1815 469 2018 509 verum-

2134 456 2232 525 μὲν
2257 454 2366 527 γάρ
2394 454 2506 526 (90)
2547 457 2693 510 ἐστιν
2726 456 2863 527 ὅπερ
2890 456 3065 510 ἐστίν·
3095 455 3265 527 θυμὸν
3295 456 3354 509 δὲ
3386 456 3538 521 ζέσιν
3568 452 3736 512 εἶναι

449 550 613 605 etiam
680 550 894 609 lucrosa
969 555 1134 619 atque
1190 556 1501 618 qumstuosa
1570 554 1778 602 naturae
1838 547 2018 602 talium

2127 545 2222 599 τοῦ
2257 545 2385 616 περὶ
2422 545 2648 618 καρδίαν
2681 545 2909 615 αἵματος
2939 547 3053 609 τοῖς
3085 545 3302 609 πολλοῖς
3342 546 3508 601 δοκεῖ.
3542 548 3731 601 ’Έτε-

451 649 697 696 motuum
723 640 950 696 abolitio
987 639 1078 698 sit.
1119 638 1306 694 Palam
1339 646 1424 695 est
1475 653 1605 709 ergo
1633 638 1779 709 quod
1831 654 1900 694 ex
1955 639 2018 695 iis

2129 653 2213 707 ροι
2239 635 2294 690 δὲ
2328 635 2463 707 (9i),
2487 634 2664 708 ὄρεξιν
2681 636 2794 708 (9‘2)
2820 635 2917 690 τοῦ
2946 635 3306 706 ἀντιλυπῆσαι
3341 636 3433 693 τὸν
3459 653 3730 707 προκατ-

451 746 575 801 ηυω
600 733 947 790 extrinsecus
983 731 1039 786 in
1084 732 1250 789 rebus
1291 730 1732 798 considerantur,
1761 730 1879 787 haec
1911 730 2018 787 sint

2124 726 2362 798 άρξαντα
2405 724 2538 797 (93).
2581 727 2669 791 Ὠς
2709 726 2754 781 δ’
2804 727 2872 781 ἂν
2918 727 3081 797 ἡμεῖς
3134 726 3501 798 ὑπολάϐοιμεν
3562 729 3725 800 (94),

449 822 677 881 allectus
713 834 769 883 et
802 826 1247 896 perturbationes
1271 832 1503 891 naturae,
1549 830 1604 879 et
1636 838 1744 879 non
1796 829 2012 885 natura.

2126 816 2295 889 θυμός
2326 818 2472 872 ἐστιν
2498 816 2642 891 ὁρμὴ
2670 817 2763 873 τοῦ
2789 818 3037 874 κακῶσαι
3066 817 3158 872 τὸν
3185 816 3578 890 παροξύνοντα.
3607 814 3730 875 Ὧν

452 911 585 970 Nam
617 913 732 971 hac
754 913 975 984 quidem
1003 923 1111 976 est.
1158 913 1305 985 quod
1332 919 1451 978 est;
1500 910 1786 967 iracundia
1835 917 2017 965 autem

2121 906 2276 962 οὐδὲν
2306 907 2386 979 τῷ
2412 908 2541 980 περὶ
2566 908 2746 981 ψυχῆς
2776 909 2888 980 ὅρῳ
2913 908 3217 978 συμϐαίνει.
3251 909 3371 965 Κάν
3397 908 3494 980 τὴν
3514 910 3727 964 ἐπιθυ-

450 1003 613 1074 vulgo
661 1003 844 1061 fervor
898 1004 1205 1076 sanguinis,
1269 1004 1364 1074 qui
1412 1003 1561 1058 circa
1612 1016 1707 1056 cor
1754 1007 1861 1064 est,
1895 1012 2018 1055 esse

2125 996 2254 1068 μίαν
2285 997 2398 1070 (95)
2429 999 2514 1067 ἐφ’
2544 998 2745 1071 ἑαυτῆς
2789 997 3154 1069 διορισώμεθα
3197 998 3330 1070 (96),
3379 999 3567 1070 ἔφεσιν
3618 1000 3724 1054 λέ-

449 1096 724 1167 plerisque
752 1096 989 1153 videtur.
1024 1098 1163 1153 Aliis
1209 1111 1358 1162 vero,
1408 1094 1669 1165 appetitio
1717 1090 2017 1153 ulciscendi

2122 1087 2285 1160 ξομεν
2312 1088 2405 1143 τοῦ
2436 1090 2728 1154 ἐνδέοντος,
2755 1090 2790 1162 ἢ
2831 1089 2995 1143 πόθον
3035 1091 3132 1161 τῆς
3175 1091 3296 1147 καθ’
3331 1092 3520 1163 ἡδονὴν
3563 1093 3722 1147 ἀπο-

446 1200 593 1251 eum,
636 1200 664 1239 a
689 1201 798 1255 quo
831 1186 1122 1247 lacessitus
1148 1196 1202 1243 et
1231 1194 1358 1241 ante
1410 1185 1573 1241 laesus
1618 1183 1717 1238 sis.
1763 1180 1899 1247 Sed,
1955 1188 2016 1235 ut

2122 1177 2386 1245 λαύσεως,
2412 1180 2444 1251 ἢ
2472 1181 2648 1253 λύπην
2675 1182 2769 1236 ἐπὶ
2794 1180 2871 1253 τῷ
2894 1181 2967 1252 μὴ
2992 1182 3109 1239 κατ’
3132 1183 3377 1247 ἐξουσίαν
3399 1183 3512 1247 ϐντι
3534 1201 3720 1238 κατα-

447 1291 550 1333 nos
583 1277 934 1339 arbitramur,
968 1277 1250 1332 iracundia
1270 1283 1352 1331 est
1385 1274 1645 1345 appetitio
1667 1271 1899 1328 nocendi
1965 1270 2017 1326 ei

2123 1267 2407 1341 θυμητικῷ
2433 1270 2580 1343 (97)·
2613 1272 2649 1342 ἡ
2693 1288 2816 1325 τινα
2862 1269 3001 1343 πρὸς
3047 1272 3108 1326 τὸ
3133 1272 3235 1342 ἡδὺ
3287 1274 3491 1344 σχέσιν,
3525 1268 3590 1329 οὗ
3626 1275 3714 1346 μὴ

2124 1359 2387 1431 πάρεστιν
2438 1364 2472 1433 ἡ
2525 1361 2839 1435 ἀπόλαυσις.
2884 1362 3074 1419 Ταῦτα
3106 1364 3215 1436 γὰρ
3272 1365 3450 1421 πάντα
3493 1366 3591 1419 καὶ
3632 1366 3716 1419 τὰ

447 1465 631 1512 autem
662 1457 797 1513 nihil
825 1457 1082 1512 convenit
1111 1455 1280 1513 animi
1310 1453 1636 1515 deﬁnitioni.
1695 1451 1939 1522 Itemque
1970 1448 2017 1505 si

2123 1449 2346 1506 τοιαῦτα
2373 1451 2472 1527 τὴν
2503 1453 2602 1523 μὲν
2653 1451 2947 1523 ἐπιθυμίαν
2994 1453 3345 1518 ἐνδείκνυται,
3371 1454 3466 1510 τοῦ
3498 1455 3558 1509 δὲ
3583 1456 3712 1525 ὁρι-

446 1559 545 1615 pcr
574 1562 699 1602 sese
760 1546 1266 1615 concupiscentiam
1328 1544 1675 1607 doﬁniamus,
1731 1540 2018 1611 appetitio-

2126 1539 2264 1612 σμοῢ
2296 1541 2389 1595 τοῦ
2412 1544 2539 1617 περί
2569 1543 2746 1615 ψυχῆς
2770 1543 2831 1597 ού
2860 1542 3252 1614 προσάπτεται.

447 1656 572 1697 nem
603 1653 726 1695 esse
750 1637 997 1693 dicemus
1022 1636 1143 1706 ejus
1170 1634 1315 1705 quod
1351 1635 1524 1700 deest,
1556 1634 1644 1690 vel
1678 1631 2009 1695 desiderium
2049 1628 2293 1688 fruendae
2318 1633 2638 1704 voluptatis.
2670 1634 2753 1689 vel
2782 1634 3023 1690 dolorem
3053 1633 3124 1689 ob
3157 1634 3211 1688 id
3248 1635 3394 1705 quod
3416 1650 3525 1691 non
3559 1633 3715 1707 poti-

444 1746 571 1786 mur
597 1744 664 1787 eo
696 1729 840 1799 quod
871 1727 1024 1785 cordi
1058 1737 1166 1793 est,
1191 1735 1354 1801 atque
1396 1727 1580 1787 animo
1606 1734 1820 1796 gratum
1852 1732 1908 1780 et
1943 1734 2249 1794 acceptum,
2278 1734 2372 1780 aut
2402 1727 2640 1798 aliquam
2674 1727 3013 1784 atl‘ectionem
3048 1726 3115 1781 ad
3158 1726 3211 1781 id
3238 1727 3383 1799 quod
3415 1736 3500 1784 est
3527 1742 3710 1790 suave

443 1831 499 1878 et
521 1822 849 1892 jucundum,
877 1834 988 1891 quo
1034 1820 1140 1876 frui
1186 1835 1297 1877 non
1346 1819 1494 1875 licet.
1522 1817 1649 1873 Haec
1674 1818 1819 1875 enim
1856 1825 1912 1873 et
1937 1814 2183 1885 ejusdem
2233 1819 2377 1875 modi
2414 1821 2598 1887 omnia
2630 1820 2987 1891 cupiditatem
3024 1819 3242 1890 quidem
3279 1820 3600 1887 ostendunt,
3629 1819 3707 1876 ad

443 1914 814 1970 definitionem
846 1919 1027 1968 autem
1062 1911 1257 1969 anima:
1281 1925 1391 1968 non
1422 1912 1717 1981 pertinent.

512 2046 820 2114 Quinetiam
856 2045 962 2100 alia
1004 2061 1223 2117 quoque
1270 2061 1391 2117 qua:
1422 2047 1567 2101 circa
1605 2046 1841 2100 animam
1891 2059 2013 2100 cer-
2046 2073 2091 2128 Β

443 2147 673 2206 nuntur,
703 2154 823 2210 quae
850 2138 954 2193 sibi
992 2138 1223 2192 invicem
1254 2153 1318 2192 ex
1346 2137 1578 2194 adverso
1607 2139 1785 2208 posita
1822 2136 2018 2192 viden~

444 2240 552 2295 tur,
582 2229 745 2284 veluti
773 2228 1036 2284 timiditas
1074 2236 1129 2284 et
1154 2228 1403 2296 audacia,
1434 2229 1590 2284 dolor
1628 2236 1682 2284 et
1740 2229 2015 2297 voluptas,

444 2327 626 2376 metus
653 2330 709 2376 et
756 2327 1125 2390 contemptus,
1186 2328 1240 2375 et
1298 2335 1637 2390 quaecunque
1686 2320 1818 2373 talia
1864 2326 2015 2384 sunt,

442 2425 676 2479 quorum
708 2409 1137 2481 unumquodque
1166 2416 1457 2480 cognatum
1488 2410 1707 2480 quidem
1731 2425 1855 2465 esse
1874 2410 2019 2465 vide-

444 2512 533 2555 tur
554 2516 677 2556 cum
704 2500 976 2556 irascendi
1005 2507 1166 2570 atque
1200 2500 1625 2567 concupiscendi
1654 2500 1727 2565 vi,
1752 2499 2014 2570 peculiari

443 2600 625 2648 autem
683 2592 1001 2647 deﬁnitione
1062 2607 1214 2647 suam
1265 2591 1516 2662 designat
1574 2598 1848 2647 naturam.
1880 2591 2014 2647 Nam

443 2691 497 2737 ct
529 2683 759 2740 audacia
786 2692 839 2739 et
868 2684 1203 2752 contemptio
1252 2682 1775 2739 demonstrationem
1808 2699 1873 2740 ac
1924 2699 2015 2740 re-

442 2775 917 2844 praesentationem
955 2774 1161 2829 indicat
1188 2774 1253 2828 ad
1282 2776 1417 2828 iram
1473 2789 1757 2844 propensae
1809 2776 2018 2845 appeti-

444 2864 631 2931 tionis,
661 2864 1076 2919 diminutionem
1100 2878 1232 2919 vero
1254 2864 1545 2933 quamdam
1568 2870 1622 2918 et
1637 2864 2015 2920 remissionem

442 2953 611 3023 hujus
639 2953 912 3023 ejusdem,
941 2953 989 3009 is
1014 2953 1108 3024 qui
1153 2968 1252 3024 per
1306 2953 1652 3009 timiditatem
1708 2962 1764 3009 et
1811 2963 2015 3010 metum

444 3046 797 3117 ingeneratur
833 3045 1058 3102 habitus
1113 3053 1169 3102 et
1226 3044 1476 3101 allectus.
1529 3044 1696 3101 Dolor
1726 3055 1906 3103 autem
1950 3062 2016 3103 ex

444 3147 678 3210 utroque
719 3137 978 3194 materias
1010 3137 1195 3193 habet.
1236 3136 1371 3192 Nam
1427 3144 1483 3194 et
1544 3138 1640 3193 ira:
1694 3137 2039 3203 inefficacia,,

444 3230 574 3285 dum
609 3244 718 3285 non
746 3235 926 3301 potest
954 3228 1079 3299 quis
1108 3229 1301 3285 ulcisci
1330 3243 1427 3285 eos
1459 3243 1490 3283 a
1526 3229 1728 3300 quibus
1751 3236 1879 3285 ante
1923 3230 2017 3284 lae-

445 3334 542 3375 sus
594 3320 686 3383 sit,
714 3318 873 3374 dolor
932 3325 987 3374 et
1034 3317 1253 3375 exsistit
1323 3325 1378 3373 et
1424 3326 1549 3386 est;
1605 3316 1848 3388 itemque
1917 3317 2014 3373 de-

2204 2066 2365 2122 Ἀλλά
2397 2067 2492 2122 καὶ
2516 2068 2617 2123 ὅσα
2659 2068 2796 2125 ἄλλα
2823 2068 2953 2140 περὶ
2978 2069 3156 2141 ψυχὴν
3190 2065 3510 2139 καθορᾶται,
3537 2065 3607 2126 τὰ
3638 2067 3709 2134 ἐξ

2117 2154 2394 2209 ἀντιθέτου
2424 2156 2673 2230 ἀλλήλοις
2691 2158 2961 2230 ὁρώμενα,
2982 2152 3093 2212 οἷον
3108 2156 3308 2213 δειλίαν
3329 2153 3439 2227 (98)
3462 2156 3558 2211 καὶ
3579 2156 3703 2229 (99)

2118 2244 2337 2318 θράσος,
2377 2245 2552 2319 λύπην
2586 2249 2682 2302 καὶ
2706 2248 2919 2319 ἡδονὴν,
2950 2247 3113 2318 φόϐον
3143 2246 3235 2301 καὶ
3266 2246 3702 2316 καταφρόνησιν,

2118 2337 2214 2391 καὶ
2246 2338 2324 2407 (1)
2353 2339 2453 2392 ὅσα
2484 2339 2727 2406 τοιαῦτα,
2767 2333 2843 2394 ὧν
2869 2340 3097 2393 ἕκαστον
3129 2337 3399 2407 συγγενῶς
3427 2337 3502 2406 (2)
3546 2337 3704 2409 ἔχειν

2118 2428 2266 2481 δοκεῖ
2291 2429 2426 2499 πρὸς
2453 2430 2515 2482 τὸ
2535 2428 2926 2501 ἐπιθυμητικὸν
2949 2430 3024 2501 (3)
3046 2429 3079 2501 ἢ
3110 2428 3407 2499 θυμοειδὲς,
3439 2426 3700 2492 ἰδιάζοντι

2103 2503 2174 2571 ’δὲ
2211 2521 2322 2592 ὅρῳ
2353 2521 2453 2592 τὴν
2497 2521 2630 2576 ίδίαν
2664 2522 3037 2593 ἀνυπογράφει
3078 2521 3156 2591 (4)
3187 2519 3363 2588 φύσιν.
3396 2520 3470 2574 Τό
3490 2536 3549 2573 τε
3581 2519 3698 2590 γὰρ

2118 2609 2318 2682 θράσος
2336 2614 2476 2687 καὶή
2507 2615 2909 2685 καταφρόνησις
2925 2613 3161 2685 ἔμφασιν
3182 2611 3539 2685 ὑποσημαίνει
3566 2608 3695 2664 τινὰ

2116 2701 2212 2772 τῆς
2242 2701 2519 2773 θυμώδους
2547 2703 2722 2775 ὁρμῆς
2746 2719 2762 2736 ο
2792 2703 3084 2757 ἐλάττωσιν
3111 2701 3169 2754 δέ
3210 2717 3333 2754 τινα
3376 2700 3469 2754 καὶ
3500 2697 3695 2768 ὕφεσιν

2115 2792 2211 2846 τοῦ
2246 2793 2411 2847 αὐτοῦ
2460 2794 2649 2847 τούτου
2677 2796 2710 2866 ἡ
2742 2793 2882 2848 κατὰ
2911 2793 3111 2846 δειλίαν
3154 2793 3248 2846 καὶ
3284 2790 3447 2862 φόϐον
3478 2792 3694 2859 ἐγγινο-

2120 2884 2259 2956 μένη
2294 2888 2496 2956 σχέσις.
2536 2887 2601 2942 Ἦ
2636 2887 2692 2941 δὲ
2723 2886 2869 2958 λύπη
2909 2887 2967 2954 ἐξ
3008 2887 3328 2958 ἀμφοτέρων
3352 2883 3427 2955 (5)
3450 2883 3559 2953 ἔχει
3589 2881 3694 2945 τὰς

2118 2974 2349 3040 ὖλας.“Ἥ
2376 2995 2434 3031 τε
2470 2977 2548 3050 (6)
2596 2978 2704 3050 γὰρ
2753 2977 2848 3032 τοῦ
2906 2977 3078 3049 θυμοῦ
3116 2976 3323 3040 ἀτονία,
3369 2976 3426 3028 ὲν
3470 2972 3548 3044 τῷ
3592 2972 3693 3027 τοῦ

2116 3066 2425 3136 ἀμύνασθαι
2465 3071 2593 3134 τοὺς
2636 3069 3114 3142 προλελυπηκότας
3162 3067 3404 3137 ἀδυνάτῳ
3437 3065 3511 3137 (7)
3541 3063 3691 3136 λύπη

2117 3159 2359 3228 γίνεται*
2390 3161 2483 3215 καὶ
2529 3163 2562 3234 ἡ
2595 3161 2903 3231 ἀπόγνωσις
2943 3160 3052 3215 τῶν
3091 3157 3555 3230 ὲπιθυμουμένων,
3590 3159 3692 3212 καὶ

2116 3251 2150 3322 ἡ
2186 3252 2438 3324 στέρησις
2468 3253 2578 3306 τῶν
2603 3251 2976 3324 καταθυμίων,
3006 3251 3104 3323 τὴν
3134 3247 3456 3322 σκυθρωπὴν
3485 3246 3690 3318 ταύτην

2119 3341 2338 3412 ἔμποιεῖ
2374 3343 2439 3415 τῇ
2464 3339 2671 3412 διανοίᾳ
2692 3338 2946 3398 διάθεσιν.
2971 3343 3079 3398 Καὶ
3101 3343 3163 3400 τὸ
3198 3340 3692 3411 ἀντιθεωρούμενον

444 3408 687 3479 speratio
717 3423 905 3464 eorum
962 3423 1083 3479 qua:
1132 3408 1618 3479 concupiscuntur,
1672 3408 2015 3481 privatioque

2121 3408 2184 3502 τῇ
2219 3430 2386 3504 λύπῃ,
2412 3408 2489 3484 Et
2535 3408 2657 3485 xae‘
2686 3431 2878 3504 ἡδονὴν
2925 3431 3068 3500 λέγω
3119 3430 3314 3501 νόημα,
3363 3408 3563 3501 ὁμοίως
3609 3429 3690 3500 τῷ

442 3516 632 3558 eorum
654 3516 775 3572 quae
794 3502 946 3556 cordi
979 3509 1107 3556 sunt
1134 3510 1298 3572 atque
1333 3501 1572 3571 placent,
1598 3502 1814 3559 tristem
1864 3503 2012 3558 hanc

443 3608 507 3649 ac
534 3593 785 3650 tetricam
812 3593 867 3647 in
892 3599 1073 3649 mente
1104 3593 1389 3664 ingenerat
1427 3591 1791 3650 affectionem.
1840 3594 2017 3666 Atque

442 3682 609 3739 etiam
637 3682 689 3738 id
716 3682 863 3753 quod
894 3682 1230 3738 contrarium
1279 3680 1455 3736 dolori
1486 3679 1722 3747 videtur,
1763 3684 2014 3752 volupta-

443 3774 515 3827 tis
539 3787 760 3828 sensum
791 3773 932 3838 dico,
987 3773 1240 3830 similiter
1268 3780 1323 3828 et
1354 3773 1409 3827 in
1460 3774 1597 3828 iram
1629 3781 1685 3829 et
1729 3774 2019 3844 concupis-

444 3860 678 3916 centiam
700 3861 981 3916 dividitur.
1012 3861 1275 3931 Voluptas
1304 3863 1448 3919 enim
1485 3864 1771 3935 utriusque
1818 3864 2017 3920 horum

443 3967 511 4007 ex
534 3966 690 4023 aequo
731 3952 1095 4023 principatum
1146 3962 1311 4010 tenet.
1354 3953 1429 4024 (a)
1463 3954 1597 4022 Quae
1648 3957 1848 4023 omnia,
1893 3970 2017 4012 cum

442 4042 588 4097 circa
616 4040 852 4096 animam
884 4050 1034 4104 sunt,
1080 4050 1192 4097 tum
1232 4043 1413 4098 anima
1451 4061 1560 4100 non
1592 4054 1743 4113 sunt,
1790 4048 1885 4104 sed
1925 4064 2020 4104 ve-

444 4132 541 4186 luti
571 4131 818 4203 quaedam
852 4148 1092 4189 verrucae
1136 4150 1200 4190 ex
1253 4137 1567 4206 cogitatrice
1616 4146 1771 4208 parte
1824 4140 2018 4195 animae

536 4354 625 4389 nm
663 4354 727 4389 Pi
754 4355 859 4389 “2w-
891 4354 1001 4389 ιυνῧη
1055 4355 1149 4389 114
1184 4355 1237 4389 ηὲ

513 4353 627 4494 (3(1))
659 4354 1461 4494 ἓέῌιγὲἔλῐόιδήὲζὲἔοῖἑὲέ.

514 4492 626 4564 (92)
667 4493 926 4561 Ὀρεξιν.
946 4492 1201 4564 Α-ὅρεξις.

513 4561 628 4643 i933?
666 4561 1185 4643 Εροκςῖιέρεάντιξο
1208 4561 1250 4643 1.3
1270 4562 1665 4643 πειροὲύγαντα·

678 4628 1125 4707 ξζπολᾴϐορμεν.
1145 4632 1199 4707 Α,
1211 4628 1699 4707 ὑπολαμϐάνοιμεν.

518 4700 630 4772 (95)
656 4701 798 4772 ,Κᾶν
819 4701 934 4772 τὴν
957 4700 1295 4772 ἐπιθυμίαν.
1333 4700 1397 4761 lu'
1436 4700 1596 4759 caice'
1631 4704 1675 4757 A
1717 4703 1832 4760 hinc
1885 4714 2015 4764 uota

446 4770 711 4842 occurrit,
742 4770 865 4842 ὅρος
892 4770 1206 4842 ἐπιθυμίας.

540 4839 632 4911 96)
669 4838 1082 4907 Διορισώμεθαζ
1101 4841 1145 4911 Β
1174 4838 1504 4911 ὁρισώμεθα.

668 4909 1149 4982 Καταθυμητικῷ.
1174 4909 1219 4963 Ᾱ
1247 4910 1655 4982 Β-καταθυμίῳ.

541 4977 633 5047 98)
672 4977 989 5034 Δειλῶν-,Α
1006 4978 1413 5049 δειλία-λύπη,
1442 4977 1719 5050 φόϐοξκαὶ
1749 4984 2020 5055 καταφρό-

448 5065 624 5121 νησις.

541 5119 631 5189 99)
654 5118 784 5174 Kal.
821 5116 973 5173 Delet
994 5117 1054 5172 Β.

518 5120 596 5330 ξι)
635 5186 770 5242 Καί.
802 5186 954 5268 Delet
990 5187 1050 5241 B.

541 5259 599 5329 2)
630 5261 958 5329 Συγγενως.
985 5259 1030 5311 Δ

614 4840 633 5047 ξ

543 5189 596 5259 1)
613 5186 770 5242 Καί.
802 5186 954 5259 Dejet
990 5187 1050 5241 B.

541 5256 599 5329 2)
630 5256 958 5329 Συγγενῶς.
985 5259 1030 5311 Δ
1057 5258 1099 5309 Β
1128 5259 1405 5327 συγγενῶς
1438 5259 1553 5329 μέν.

525 5455 597 5526 (a)
632 5454 889 5522 Scholion
924 5474 939 5512 :
989 5457 1188 5511 Vitium
1233 5453 1501 5527 quoa'dam
1532 5457 1589 5510 iu
1628 5464 1749 5527 cute
1775 5456 2008 5526 corporis

450 5525 623 5581 nostri
683 5527 930 5589 exsistit,
989 5528 1127 5592 quod
1180 5525 1369 5582 aeruca
1426 5536 1661 5583 vocatur.
1714 5525 2007 5582 Cumarum

452 5597 594 5651 enim
626 5611 844 5664 parvum
865 5595 1130 5664 quoddam
1166 5596 1496 5651 tuberculum
1530 5598 1743 5651 exsistit
1783 5597 1841 5650 in
1886 5606 2004 5650 cute

455 5666 592 5736 quod
620 5666 753 5720 rutis
786 5664 994 5737 quidem
1026 5680 1150 5732 pars
1182 5683 1293 5723 esse
1325 5666 1547 5732 videtur,
1596 5667 1777 5737 quippe
1826 5666 1876 5721 ei
1926 5666 2011 5720 in-

2041 4420 2045 4425 .
2230 4420 2544 4524 ιθυ

2121 3519 2278 3592 θυμῷ
2303 3536 2363 3575 τε
2394 3523 2488 3574 καὶ
2514 3523 2579 3592 τῇ
2609 3522 2875 3593 ἐπιθυμίᾳ
2918 3519 3317 3593 ἐπιμερίζεται.
3362 3519 3549 3591 Ἡδονὴ
3579 3519 3688 3590 γὰρ

2120 3611 2382 3684 ἐκατέρου
2422 3612 2628 3666 τούτων
2676 3613 2817 3667 κατά
2855 3612 2917 3665 τὸ
2945 3609 3060 3665 ἴσον
3107 3609 3422 3683 ἡγεμονεύει
3454 3649 3467 3662 .
3504 3608 3570 3663 *Α
3609 3609 3688 3682 (8)

2122 3700 2298 3753 πάντα
2321 3700 2413 3753 καὶ
2451 3701 2579 3772 περὶ
2605 3701 2704 3773 τὴν
2726 3700 2903 3772 ψυχήν
2929 3702 3065 3767 ἐστι,
3097 3702 3191 3754 καὶ
3225 3699 3369 3771 ψυχὴ
3395 3700 3495 3753 ούκ
3521 3699 3686 3767 ἔστιν,

2123 3788 2241 3842 ἀλλ’
2263 3782 2375 3843 οἷον
2396 3789 2705 3861 μυρμηκίαι
2727 3789 2869 3853 τινὲς
2891 3788 2984 3843 τοῦ
3007 3787 3347 3859 διανοητικοῢ
3374 3786 3572 3859 μέρους
3591 3787 3687 3856 τῆς

2122 3877 2300 3950 ψυχῆς
2324 3880 2653 3952 ὲκφυιίμεναι
2683 3881 2779 3952 (9).
2818 3880 2885 3935 ’Δ
2921 3879 3060 3952 μέρη
3098 3880 3197 3952 μὲν
3226 3881 3395 3951 αὐτῆς
3439 3876 3575 3932 εἶναι
3602 3875 3687 3930 διὰ

2122 3970 2185 4024 τὸ
2218 3971 2974 4044 προσπεφυκέναινομίζεται,
2989 3974 3049 4027 οὐ
3072 3972 3178 4045 μὴν
3200 3971 3373 4025 ἐκεῖνό
3394 3971 3532 4023 εἰσιν
3553 3968 3684 4037 (10),

2124 4059 2260 4134 ὅπερ
2294 4060 2438 4117 ἐστὶν
2453 4063 2487 4128 ἡ
2512 4059 2657 4133 ψυχὴ
2677 4062 2794 4115 κατ’
2815 4062 3017 4117 οὐσίαν.
3033 4060 3175 4114 -Γ.
3201 4054 3310 4111 Καὶ
3322 4059 3430 4129 μὴν
3454 4056 3681 4127 ὁρῶμεν.

2124 4149 2270 4220 φημὶ
2298 4149 2432 4219 πρὸς
2468 4152 2566 4221 τὴν
2589 4150 2874 4222 παρθένον,
2905 4150 2966 4203 οὐ
2996 4147 3197 4219 μικρὰν
3219 4148 3282 4201 ὲκ
3313 4145 3515 4200 τούτων
3539 4145 3685 4213 γινο-

2194 4362 2271 4434 (3)
2303 4361 2772 4434 Ἑπιθυμητικόν.
2793 4364 2908 4420 Ain
2940 4363 3207 4434 margine,
3227 4357 3614 4431 ἐπιθυμητικόν
3626 4373 3684 4411 τε

2219 4502 2273 4574 τί)
2324 4502 2837 4574 “rursm-ptissana
2866 4502 2908 4554 Β
2945 4503 3270 4574 ὑπογράφει.

2219 4519 2273 4568 4)
2329 4519 2771 4574 ’Λνυποτραφεα
2795 4519 2837 4556 Α
2868 4519 2908 4554 υ
2945 4519 3270 4623 υποέραφει.
3581 4567 3607 4580 η

2218 4571 2272 4641 5)
2323 4573 2392 4627 Ἦ
2426 4571 2495 4625 δὲ
2525 4575 2692 4641 λύπη
2732 4572 2802 4638 ἐξ
2854 4574 3217 4641 ἀμφοτρων.
3242 4571 3298 4625 In
3325 4567 3480 4641 calce
3518 4582 3608 4621 του
3643 4568 3685 4641 ᾼ

2129 4636 2231 4698 hoc
2252 4636 2459 4712 legitur
2479 4636 2748 4704 scholiun,
2782 4636 3161 4712 Περἵδειλίας
3192 4641 3286 4712 καὶ
3318 4639 3567 4712 θράσους,
3596 4636 3687 4712 θεαὶ

2126 4713 2292 4783 φόϐου
2315 4706 2423 4764 ῖιαὶ
2474 4706 2928 4827 καταφρονήσεως
2948 4750 2964 4773 ,
3015 4711 3107 4763 καὶ
3146 4709 3320 4779 λύπης
3354 4706 3448 4762 καὶ
3481 4706 3685 4827 ἡδονῆὲ,

2126 4782 2216 4827 καὶ
2250 4782 2333 4827 ὅτι
2355 4780 2534 4827 πάντα
2558 4798 2662 4827 περ
2706 4780 2767 4827 τὸ
2800 4780 3077 4827 θυμοειδὲς
3104 4778 3274 4827 καὶτὸ
3300 4774 3628 4827 ἐπιθυμητικ
3659 4793 3685 4827 ν

2120 4774 2216 4836 δὶα).
2231 4782 2333 4853 ίδτι
2355 4780 2534 4834 πάντα
2558 4774 2686 4853 περ),
2706 4774 2785 4834 τδ’
2800 4774 3077 4851 θυμοειδὲς
3104 4779 3197 4832 καὶ
3214 4774 3289 4830 ea
3300 4774 3458 4830 ἐπιθυ
3466 4774 3686 4847 μητικὺν

2123 4852 2484 4905 συνίστανται.

2192 4921 2268 4990 (6)
2308 4920 2464 4990 Εἴτε.
2491 4921 2533 4990 Β
2554 4920 2589 4990 ἧ
2611 4936 2690 4973 τε.
2728 4917 2866 4990 Ibid.
2884 4920 2986 4990 Ἐν
3010 4917 3109 4984 τῷ.
3135 4915 3178 4969 Β
3201 4916 3260 4970 ὲν
3281 4917 3371 4986 τῇ.

2214 4988 2270 5058 7)
2320 4988 2628 5060 Ἆδυνάτῳ.
2660 4989 2703 5041 Β
2736 4988 3027 5060 ἀδυναμίᾳ.
3119 5034 3125 5039 .

2212 5060 2267 5129 8)
2306 5061 2392 5115 Ἄ.
2427 5061 2466 5112 Α
2500 5059 2542 5111 Β
2569 5059 2732 5130 ᾇπερ.

2190 5126 2265 5199 (9)
2316 5126 2721 5199 Ἐκφυόμεναὶ.
2750 5129 2792 5181 Β
2811 5126 3143 5199 ὲκφυόμενα.

2190 5192 2304 5270 (ιῦ)
2336 5192 2542 5254 Είὸνίνῖ
2565 5198 2610 5253 Α
2637 5199 2693 5253 in
2717 5192 2959 5269 margine
2979 5192 3137 5250 εἶναι.

2117 5418 2447 5514 increscens:
2472 5469 2654 5511 revera
2680 5463 2858 5508 tamen
2884 5452 2966 5508 ita
3007 5450 3062 5507 se
3098 5466 3184 5506 res
3204 5467 3309 5507 non
3332 5450 3509 5504 habet.
3542 5447 3680 5502 Unde

2114 5529 2163 5581 si
2190 5528 2306 5592 quis
2330 5542 2519 5581 curare
2549 5525 2691 5589 velit,
2726 5538 2855 5592 opus
2873 5532 2952 5577 est
2981 5530 3039 5575 ut
3070 5521 3314 5576 tollatur.
3342 5521 3460 5574 Hoc
3484 5519 3679 5592 simili.

2115 5588 2294 5651 tudine
2328 5596 2395 5650 ad
2442 5611 2549 5651 rem
2575 5588 2901 5664 propositam
2940 5591 3229 5649 admodum
3253 5588 3530 5647 commoda
3562 5602 3676 5643 usus

2114 5676 2212 5721 est.
