3990 6202
489 215 494 218 ’
552 255 623 317 59
812 252 816 256 ‘
1799 252 1859 310 s.
1901 251 2233 311 casconu
2274 250 2565 310 NYSSENI

547 382 806 448 ponatur,
842 384 903 431 ut
931 374 1171 446 ell‘ugere
1200 375 1376 447 possit
1406 389 1597 430 eorum
1625 374 1720 446 qui
1747 374 2122 431 calumniandi

2237 372 2454 446 Ἐπειδὴ
2496 374 2608 446 γὰρ
2646 372 2876 444 συνέστη
2913 372 2974 427 τὸ
3016 371 3146 435 πᾶν,
3183 368 3365 434 καθὼς
3399 369 3433 441 ἡ
3477 370 3731 442 ίστορία
3769 389 3781 422 ι

549 482 716 525 causa
745 467 1060 523 auscultant
1090 466 1348 524 incursus
1379 475 1434 522 et
1461 466 1817 531 offensiones,
1859 466 1947 522 via
1983 481 2125 538 qua-

2234 465 2339 530 σίν,
2387 467 2486 520 οὐκ
2529 465 2691 530 εὐθὺς
2729 465 2842 537 (55)
2879 466 2909 518 6
2951 462 3237 535 ἄνθρωπος
3274 463 3331 516 ὲν
3362 464 3430 533 τῇ
3464 465 3549 533 γῇ
3613 461 3781 530 γίνεσι

551 558 677 613 dam
705 565 761 615 ct
788 557 997 613 ordinis
1012 557 1405 627 consequentia
1427 557 1492 613 ad
1522 557 1855 614 creationem
1887 557 2127 613 hominis

2233 556 2369 612 ἀλλὰ
2398 557 2588 611 τούτου
2626 558 2723 629 μὲν
2756 559 2788 628 ἡ
2831 557 2942 610 τῶν
2973 555 3184 625 ἀλόγων
3217 555 3601 626 προηγήσατο
3655 553 3781 622 φύσ

553 650 798 704 divinum
831 663 1030 704 numen
1062 649 1366 706 accessisse
1393 647 1870 719 Scripturadocet.
1897 648 2126 704 Postea-

2237 649 2462 704 ἐκείνων
2509 647 2566 700 δὲ
2597 647 2668 701 τὰ
2713 647 3091 718 βλαστήματα.
3142 645 3449 709 Δείκνυσιν,
3514 642 3725 715 οἶμαι,

553 755 720 811 quam
777 741 925 797 enim
963 742 1200 796 conditae
1245 749 1377 797 sunt
1405 756 1494 796 res
1544 741 1836 806 universae,
1867 740 2129 811 quemad-

2237 740 2441 794 τούτων
2486 741 2514 794 6
2555 739 2732 808 λόγος,
2783 740 2864 793 ὅτι
2906 740 2941 809 ἡ
2991 737 3198 808 ζωτικὴ
3242 737 3476 808 δύναμις
3542 735 3775 789 ἀκολου

557 833 782 887 modum
831 832 1063 889 historia
1097 833 1252 896 dicit,
1309 848 1422 888 non
1477 832 1666 902 utique
1729 833 1915 889 statim
1970 832 2133 888 homo

2238 831 2345 885 τινὶ
2375 833 2442 902 τῇ
2485 832 2768 902 σωματικῇ
2808 828 3212 900 καταμίγνυται
3243 827 3424 897 φύσει,
3460 828 3714 897 πρῶτον
3771 842 3781 894 ι

557 925 772 979 exstitit
806 925 858 978 in
893 933 1058 990 terra,
1095 924 1192 980 sed
1235 925 1384 979 hunc
1424 925 1645 994 quidem
1681 925 1894 980 ratione
1944 938 2133 981 caren-

2240 925 2352 987 τοῖς
2387 921 2734 993 ἀναισθήτοις
2775 919 3032 974 ὲνδύουσα
3061 918 3197 990 (56),
3233 918 3374 972 κατά
3410 918 3536 988 (57)
3585 916 3772 970 τοῦτο

561 1014 700 1068 tium
741 1023 936 1071 natura
967 1016 1279 1084 prmecssit;
1328 1023 1455 1070 ante
1487 1014 1579 1069 illa
1625 1029 1755 1070 vero
1784 1015 2030 1085 germina
2074 1028 2137 1070 ac

2244 1014 2338 1068 ἐπὶ
2373 1015 2434 1068 τὺ
2470 1013 2784 1086 αἰσθητικὸν
2813 1010 3098 1083 προϊοῦσα,
3131 1006 3229 1062 εἷθ’
3262 1009 3434 1072 οὕτως
3465 1009 3626 1080 πρὸς
3655 1007 3726 1060 τὸ
3752 1024 3781 1060 ν

563 1104 762 1174 plantae
780 1103 1020 1159 fuerunt.
1041 1103 1314 1169 Ostendit,
1335 1105 1552 1174 opinor,
1573 1119 1671 1174 per
1689 1104 1804 1158 haec
1828 1104 2137 1174 Scriptura,

1773 1119 1804 1158 c
1828 1104 2137 1174 Scriptura,
2251 1105 2342 1177 ρδν
2374 1107 2468 1160 καὶ
2496 1105 2801 1175 λογιστικὸν
2825 1104 2939 1174 (58)
2965 1101 3348 1156 ἀναϐαίνουσα.

564 1196 710 1264 quod
763 1197 844 1251 vis
896 1196 1079 1252 vitalis
1129 1197 1322 1251 ordine
1367 1209 1432 1250 ac
1485 1194 1869 1250 vicissitudine
1918 1194 2155 1265 quadam
2196 1198 2468 1267 corporali
2517 1197 2908 1251 commiscetur
2956 1202 3186 1260 naturae,
3221 1193 3460 1263 primum
3504 1189 3760 1262 quidem

570 1302 738 1343 sensu
781 1288 1028 1343 carentia
1057 1302 1180 1343 sese
1224 1294 1519 1355 penetrans
1551 1293 1607 1342 et
1631 1285 1948 1352 infundens,
1984 1295 2176 1356 postea
2214 1302 2347 1342 vero
2381 1290 2446 1342 ad
2477 1303 2644 1344 sensu
2677 1287 2965 1357 praeditqu
3005 1285 3362 1356 pregrediens
3402 1301 3416 1338 :
3459 1283 3548 1338 ita
3583 1282 3782 1338 deinct

572 1381 640 1436 ad
679 1381 731 1435 id
763 1379 908 1450 quod
944 1385 1126 1433 mente
1153 1384 1317 1448 atque
1339 1377 1697 1446 intelligentia
1732 1377 2020 1448 praeditum
2056 1377 2397 1449 rationisque
2429 1379 2704 1449 particeps
2730 1387 2834 1443 est,
2866 1375 3191 1431 ascendens.

638 1472 808 1544 lgitur
843 1486 1034 1527 eorum
1087 1485 1210 1541 quae
1255 1477 1422 1533 sunt,
1485 1469 1636 1522 aliud
1671 1469 1896 1540 quidem
1951 1484 2151 1540 corpo-

2321 1471 2528 1526 Οὐκοῦν
2554 1471 2662 1524 τῶν
2690 1471 2859 1524 ὄντων
2889 1470 2949 1523 τὸ
2980 1469 3078 1540 μὲν
3108 1465 3438 1538 σωματικὸν,
3467 1463 3536 1518 τὸ
3570 1464 3635 1517 δὲ
3670 1479 3781 1533 νοει

571 1579 750 1633 reum,
775 1563 922 1617 aliud
967 1577 1098 1617 vero
1145 1568 1326 1616 mente
1379 1567 1544 1631 atque
1603 1559 1961 1630 intelligentia
2009 1575 2147 1630 pra:-

2254 1565 2370 1618 ἐστι
2420 1562 2671 1626 πάντως·
2707 1561 2799 1614 τοῦ
2848 1560 2905 1613 δὲ
2957 1556 3309 1629 σωματικοῦ,
3337 1556 3396 1609 τὸ
3443 1556 3550 1627 μὲν
3601 1553 3781 1624 Empta;

572 1653 746 1709 ditum
810 1668 1076 1721 prorsus;
1116 1665 1440 1721 corporeum
1489 1658 1672 1706 autem
1732 1649 1881 1705 aliud
1935 1651 2148 1720 quidem

2254 1660 2407 1724 ἐστι,
2439 1657 2501 1710 τὸ
2541 1655 2598 1709 δὲ
2629 1654 2854 1725 ἄψυχον.
2889 1651 3170 1722 Ἐμψυχον
3217 1651 3274 1704 δὲ
3307 1649 3450 1716 λέγω
3485 1647 3554 1701 τὸ
3614 1647 3781 1717 μετέ)

574 1746 917 1810 inanimum,
975 1743 1120 1799 aliud
1164 1759 1295 1799 vero
1339 1742 1640 1798 animatum
1682 1749 1788 1798 est.
1838 1742 2150 1797 Animatum

2203 1779 2229 1834 Β
2257 1751 2431 1823 ζωῆςο
2455 1749 2563 1804 τῶν
2585 1747 2641 1802 δὲ
2662 1745 2877 1812 ζώντων
2900 1744 3032 1814 (59),
3059 1742 3129 1796 τὰ
3148 1743 3245 1813 μὲν
3266 1741 3520 1834 αἰσθήσει
3543 1737 3779 1834 συξῇ(4

578 1845 761 1892 autem
814 1836 940 1890 dico
999 1833 1147 1905 quod
1196 1834 1319 1889 vitae
1373 1833 1650 1904 particeps
1693 1841 1800 1890 est.
1852 1833 2030 1904 Atque
2061 1848 2154 1890 eo-

2205 1828 2224 1834 ν
2254 1842 2326 1898 τὰ
2365 1843 2585 1912 ἀμοιρεῖ
2615 1837 2836 1908 ταύτης.
2873 1835 3041 1891 Πάλιν
3080 1834 3186 1887 τῶν
3222 1830 3598 1901 αἰσθητικῶν,
3647 1828 3720 1882 τὰ
3761 1847 3781 1898 ι.

579 1941 702 1980 rum
746 1939 867 1994 quae
921 1922 1132 1989 vivunt,
1185 1923 1292 1977 alia
1337 1922 1557 1993 quidem
1619 1923 1674 1978 in
1725 1939 1891 1980 sensu
1941 1923 2154 1988 vivunt,

2255 1931 2452 2002 λογικά
2480 1931 2618 1998 ἐστι,
2643 1928 2712 1982 τὰ
2739 1928 2795 1980 δὲ
2818 1927 3007 1995 ἄλογα.
3049 1925 3198 1978 Ἐπεὶ
3221 1921 3314 1976 οὖν
3335 1924 3369 1992 ἡ
3397 1919 3709 1991 αἰσθητικὴ
3739 1917 3781 1980 ξε

580 2017 688 2071 alia
742 2031 873 2072 vero
909 2015 1030 2085 ejus
1065 2017 1308 2086 expertia
1343 2023 1494 2070 sunt.
1539 2014 1755 2072 Rursus
1813 2031 1980 2072 sensu
2026 2031 2156 2087 prte-

2257 2026 2358 2079 οὒκ
2404 2023 2470 2077 ἂν
2516 2022 2638 2092 δίχα
2669 2021 2770 2091 τῆς
2807 2019 2938 2090 ὕλης
2991 2015 3218 2085 συσταίη
3243 2055 3258 2079 ,
3294 2014 3400 2068 οὐδ’
3441 2012 3510 2066 ἂν
3560 2011 3625 2064 τὸ
3663 2027 3781 2081 vos;

581 2108 820 2164 ditornm
861 2107 964 2161 alia
1009 2106 1230 2177 quidem
1287 2107 1500 2162 ratione
1536 2107 1761 2177 praedita
1787 2147 1804 2174 ,
1857 2108 1965 2162 alia
2028 2122 2157 2165 vero

2258 2116 2432 2178 ἄλλως
2463 2115 2520 2169 ὲν
2551 2111 2764 2183 σώματι
2794 2110 3025 2179 γένοιτο,
3057 2110 3131 2180 μὴ
3161 2107 3239 2179 τῷ
3271 2103 3577 2176 αἰσθητικῷ
3605 2103 3724 2171 (41)
3755 2103 3781 2153 ὲ

584 2199 822 2256 rationis
857 2198 1104 2268 expertia
1153 2207 1302 2253 sunt.
1347 2197 1615 2264 Quoniam
1667 2213 1796 2271 ergo
1826 2213 1994 2255 sensu
2033 2213 2160 2269 prae-

2261 2208 2552 2280 φυόμενον,
2584 2203 2774 2258 τούτου
2817 2202 2978 2274 χάριν
3018 2199 3300 2255 τελευταία
3335 2200 3369 2270 ἡ
3419 2196 3517 2250 τοῦ
3553 2193 3781 2264 ἀνθρὼτπ

584 2290 697 2346 dita
735 2288 844 2343 vita
898 2289 1106 2358 absque
1151 2288 1380 2343 materia
1429 2287 1730 2344 consistere
1781 2303 1891 2344 non
1941 2289 2160 2360 possit,

2262 2293 2574 2365 κατασκευὴ
2595 2294 2905 2363 ἱστορεῖται,
2925 2291 3000 2355 ὡς
3025 2292 3202 2342 πᾶσαν
3223 2285 3714 2359 ὲκπεριειληφότος
3739 2283 3781 2354 (4

585 2386 641 2434 et
683 2377 828 2449 quod
894 2386 1074 2432 mente
1137 2376 1427 2447 praeditum
1477 2387 1562 2433 est
1619 2379 1779 2433 aliter
1835 2378 1893 2433 in
1934 2392 2161 2447 corpore

2262 2389 2360 2461 τὴν
2403 2385 2640 2455 ζωτικὴν
2685 2385 2860 2448 ἰδέαν,
2888 2384 2989 2453 τήν
3018 2399 3078 2434 τε
3111 2381 3168 2435 ὲν
3215 2381 3327 2442 τοῖς
3362 2377 3715 2448 βλαστήμασι
3762 2391 3781 2425 3

586 2486 712 2526 esse
743 2478 996 2539 nequeat,
1030 2469 1136 2524 nisi
1171 2469 1222 2523 vi
1269 2469 1539 2523 sentiendi
1579 2469 1928 2535 inhaerescat,
1963 2467 2066 2522 hac
2097 2468 2162 2524 de

2263 2481 2363 2551 τὴν
2414 2482 2472 2533 ὲν
2515 2479 2626 2540 τοῖς
2674 2475 2888 2543 ἀλόγοις
2935 2471 3332 2543 θεωρουμένην.
3381 2467 3456 2520 Τὸ
3505 2467 3606 2539 μὲν
3655 2465 3781 2536 τρές

589 2578 757 2619 causa
797 2562 960 2617 homo
995 2569 1275 2631 postremo
1325 2561 1447 2616 loco
1483 2560 1738 2617 conditus
1798 2575 1922 2616 esse
1999 2559 2165 2614 tradi-

2268 2571 2391 2626 σθαί
2422 2571 2530 2642 (45)
2564 2586 2622 2622 τε
2654 2565 2910 2632 αὔξεσθαι
2936 2564 3046 2635 (44)
3067 2565 3132 2616 ὲκ
3154 2563 3253 2633 τῆς
3283 2559 3518 2630 φυτικῆς
3543 2556 3659 2627 ἔχει
3684 2555 3781 2620 ζωὶ

590 2663 703 2721 tur,
736 2662 795 2708 ut
837 2655 928 2724 qui
985 2668 1202 2708 omnem
1251 2653 1470 2707 vitalem
1495 2653 1733 2722 speciem
1758 2691 1774 2717 ,
1796 2660 1852 2707 et
1898 2667 2018 2706 eam
2048 2666 2170 2721 qua:
2268 2663 2384 2716 εστι
2407 2661 2516 2732 γὰρ
2541 2659 2601 2712 τὸ
2633 2657 2870 2711 τοιοῦτον
2898 2656 2990 2710 καὶ
3023 2658 3080 2709 ἐν
3113 2653 3339 2715 ἐκείνοις
3372 2651 3520 2716 ἰδεῖν,
3549 2646 3782 2718 ἑλκομέν

595 2746 651 2800 in
684 2744 1042 2814 germinibus,
1080 2750 1134 2798 et
1167 2757 1285 2796 eam
1329 2757 1448 2812 quae
1497 2743 1553 2796 in
1607 2743 1786 2797 brutis
1837 2743 2171 2796 animadver-

2267 2773 2329 2808 τε
2362 2754 2456 2808 καὶ
2489 2752 2578 2806 διά
2620 2749 2784 2822 ῥιζῶν
2811 2749 2909 2818 τῆς
2935 2747 3141 2821 τροφῆς
3173 2746 3265 2797 καί
3295 2738 3738 2810 ἁποποιουμένης
3765 2735 3781 2790 ἰ

597 2835 764 2897 titur,
815 2833 870 2886 in
928 2847 1051 2888 sese
1115 2833 1435 2902 complexus
1469 2832 1563 2888 sit.
1607 2831 1741 2885 Nam
1774 2831 1844 2885 ali
1877 2831 2096 2901 quidem
2119 2839 2173 2886 et

2269 2845 2500 2918 καρπῶν
2527 2861 2588 2897 τε
2632 2841 2726 2895 καί.
2755 2839 2968 2909 φύλλων
2988 2854 3002 2868 ⁸
3031 2836 3092 2890 τὸ
3127 2835 3184 2889 δὲ
3217 2834 3336 2888 κατ’
3362 2832 3615 2902 αἴσθησιν
3641 2830 3781 2882 οἰκοκ

598 2939 894 2996 augescere
936 2931 1099 2992 atque
1135 2937 1384 2977 crescere
1413 2963 1428 2988 ,
1459 2938 1526 2977 ex
1580 2922 1691 2976 vita
1747 2922 2057 2992 plantarum
2115 2927 2174 2976 et

2276 2937 2494 3009 μεῖσθαι
2524 2937 2586 2988 ἐκ
2613 2933 2722 2987 τῶν
2741 2932 2952 3000 ἀλόγων
2980 2928 3110 2998 ἔχει.
3143 2927 3216 2980 Τὸ
3242 2927 3298 2980 δὲ
3317 2922 3652 2994 διανοητικόν
3677 2938 3736 2974 τε
3757 2938 3781 2972 κ

600 3018 850 3088 stirpium
909 3017 1111 3072 habet:
1155 3016 1284 3070 licet
1345 3017 1491 3070 enim
1549 3016 1654 3070 tale
1697 3014 1958 3084 quiddam
2011 3014 2174 3068 etiam

2273 3027 2490 3098 λογικὸν
2531 3023 2762 3096 ἄμικτόν
2807 3023 2924 3074 ἐστι
2970 3018 3168 3082 ἰδιάζον
3211 3017 3347 3088 (45),
3381 3015 3472 3069 ἐπὶ
3511 3011 3715 3082 ταύτης
3752 3028 3781 3062 τ

603 3107 662 3163 ἰη
696 3108 804 3163 illis
850 3106 1036 3172 videre
1065 3145 1080 3171 ,
1143 3107 1346 3176 quippe
1384 3121 1508 3160 cum
1532 3115 1586 3160 et
1623 3104 1934 3158 attrahatur
1991 3103 2174 3158 nutri-

2199 3131 2242 3189 ο
2275 3118 2488 3188 φύσεως
2515 3116 2600 3184 ἐφ’
2631 3114 2797 3183 ἑαυτῇ
2825 3109 2936 3182 (46)
2971 3107 3362 3177 θεωρούμενον.
3409 3105 3547 3158 Ἀλλ’
3582 3103 3768 3170 ὥσπερ

605 3207 848 3255 mentum
896 3213 995 3268 per
1075 3197 1333 3262 radices,
1383 3205 1439 3251 et
1493 3210 1590 3267 per
1636 3193 1848 3252 fructus
1902 3194 2066 3250 simul
2115 3207 2177 3249 ac

2284 3201 2601 3278 ὲφελκτικδν
2653 3203 2760 3258 τῶν
2812 3203 3124 3272 ἀναγκαίων
3178 3200 3312 3272 πρὸς
3341 3199 3452 3270 τὴν
3503 3195 3691 3265 ὑλικὴν
3742 3192 3781 3259 (Α

608 3290 738 3345 folia
785 3297 1114 3345 excernatur
1145 3297 1198 3342 et
1241 3288 1561 3357 rejiciatur:
1605 3287 1748 3357 quod
1788 3294 1968 3341 autem
2013 3301 2179 3340 sensu

2285 3297 2430 3368 ζωὴν
2521 3296 2680 3364 φύσις
2705 3294 2836 3364 ἔχει,
2861 3295 2997 3364 ὅπερ
3027 3295 3082 3345 ὲν
3100 3295 3234 3362 ἡμῖν
3263 3289 3548 3359 γενόμενον
3575 3282 3781 3356 ὄρεξιςί

609 3379 976 3450 gubernatur,
1012 3391 1042 3430 a
1085 3376 1262 3431 brutis
1299 3385 1352 3430 et
1392 3377 1604 3431 ratione
1639 3375 1954 3431 carentibus
1995 3374 2178 3429 habet.

2285 3404 2460 3456 γεται.
2497 3383 2666 3437 Τοῦτο
2706 3383 2763 3436 δέ
2799 3401 2978 3454 φαμεν
3011 3381 3104 3434 τοῦ
3154 3377 3384 3449 φυσικοῦ
3425 3376 3535 3447 (48)
3580 3375 3677 3444 τῆς
3711 3373 3781 3437 ξω

611 3470 688 3523 At
721 3470 804 3524 vis
833 3468 1110 3539 cogitandi
1171 3482 1236 3521 ac
1285 3467 1647 3522 ratiocinandi
1703 3467 1757 3520 in
1812 3466 1914 3520 hac
1986 3474 2182 3519 natura

2287 3478 2460 3540 εἴδους
2485 3471 2653 3530 εἶναι·
2687 3475 2810 3528 ἐπεὶ
2840 3475 2897 3528 δὲ
2930 3472 3038 3544 (49)
3067 3473 3160 3525 καὶ
3188 3472 3245 3524 ὲν
3282 3469 3506 3530 ἐκείνοις
3533 3466 3675 3519 ἔστιν
3706 3464 3775 3517 ἰδε

613 3562 764 3617 nulla
814 3560 1140 3616 admistione
1194 3569 1475 3624 concreta,
1533 3559 1627 3613 sed
1692 3559 1984 3628 peculiaris
2059 3563 2188 3619 est,

2288 3562 2399 3620 οἷόν
2426 3583 2577 3628 τινας
2608 3563 2784 3636 ὁρμὰς
2824 3564 2935 3633 (50)
2972 3562 3214 3632 φυσικῶς
3261 3556 3647 3630 ὲνεργουμένας
3680 3556 3736 3606 ὲν
3777 3572 3781 3586 ι

615 3668 738 3722 qua:
786 3667 881 3722 per
909 3666 969 3707 se
997 3651 1293 3720 separatim
1321 3649 1722 3705 consideratur.
1760 3647 1866 3703 Sed
1924 3647 2190 3718 quemad-

2291 3657 2631 3729 πληροῦσθαί
2668 3673 2728 3709 τε
2767 3655 2862 3709 τοῦ
2897 3654 3097 3708 οἰκείου
3126 3652 3222 3706 καὶ
3259 3651 3427 3722 όργᾷν
3458 3648 3565 3718 (51)
3595 3645 3726 3715 πρὸς
3756 3661 3781 3695 τ

620 3743 839 3799 modum
909 3743 1348 3798 necessariorum
1420 3741 1789 3796 attractricem
1835 3739 1945 3794 vim
1996 3747 2192 3794 natura

2296 3748 2523 3817 ἔκφυσιν
2545 3765 2558 3778 ·
2583 3745 2727 3799 οὓτω
2752 3747 2844 3799 καὶ
2871 3747 2971 3799 ὅσα
2997 3745 3096 3814 τῆς
3127 3743 3322 3811 ἀλόγου
3350 3739 3459 3813 (52)
3489 3735 3691 3808 φύσεώς
3711 3739 3781 3788 ιξσ⁴

623 3833 788 3888 habet
834 3849 866 3887 a
906 3835 1018 3889 vita
1064 3834 1353 3897 materiali,
1406 3849 1530 3903 qua:
1559 3833 1641 3889 vis
1685 3833 1730 3887 si
1773 3832 1827 3886 in
1864 3831 2025 3887 nobis
2068 3831 2189 3888 fne-

2300 3840 2432 3901 ἴδια,
2465 3837 2639 3892 ταῦτα
2669 3837 2746 3909 τῷ
2778 3835 2947 3907 νοερῷ
2977 3836 3075 3905 τῆς
3113 3835 3287 3906 ψυχῆς
3322 3829 3635 3902 κατεμίχθη.
3683 3827 3781 3879 Ἐκε

625 3927 728 3997 rit,
753 3927 1024 3995 appetitus
1067 3924 1289 3979 dicitur.
1334 3923 1462 3976 Eam
1501 3931 1681 3979 autem
1716 3923 1821 3976 vim
1865 3923 1934 3976 de
1979 3923 2193 3992 planta-

2175 3951 2193 3962 '
2299 3947 2425 3992 νων,
2463 3929 2649 4000 φησὶν,
2685 3931 2714 3982 ὁ
2763 3927 2952 3998 θυμὸς,
2988 3927 3210 3979 ἐκείνων
3249 3925 3277 3977 6
3322 3922 3501 3991 φόϐος,
3542 3919 3751 3972 ἐκείνων

624 4030 746 4068 rum
779 4017 902 4070 vitae
935 4017 1118 4086 specie
1159 4030 1284 4071 esse
1324 4014 1603 4070 dicimus:
1640 4016 1841 4084 quippe
1885 4028 2008 4069 cum
2054 4022 2108 4070 et
2138 4013 2194 4068 in

2301 4020 2437 4075 ἄλλα
2475 4020 2654 4074 πάντα
2684 4020 2784 4073 ὅσα
2812 4017 2954 4072 κατά
2979 4017 3041 4071 τὸ
3069 4014 3306 4070 ὲναντίον
3337 4015 3394 4066 ὲν
3425 4013 3551 4081 ἡμῖν
3581 4009 3684 4080 (55)
3709 4010 3781 4060 ὲνε

627 4107 735 4162 illis
780 4107 943 4162 liceat
999 4107 1182 4162 videre
1256 4116 1516 4177 tanquam
1572 4103 1862 4161 facultates
1921 4105 2194 4176 quasdam

2303 4113 2477 4179 γεῖται
2501 4149 2515 4173 ,
2550 4109 2690 4181 πλὴν
2721 4109 2818 4180 τῆς
2846 4108 3069 4178 λογικῆς
3113 4122 3169 4158 τε
3204 4103 3299 4156 καί
3327 4099 3656 4169 διανοητικῆς
3700 4096 3781 4147 δυν

625 4199 952 4255 naturaliter
981 4200 1088 4254 vim
1122 4215 1276 4254 suam
1304 4207 1641 4264 exercentes,
1679 4198 1806 4253 dum
1836 4207 1890 4254 et
1917 4198 2197 4268 replentur

2307 4217 2470 4270 μεως·
2498 4200 2526 4253 ὃ
2555 4200 2620 4270 δὴ
2656 4200 2812 4271 μόνον
2845 4200 2943 4269 τῆς
2980 4198 3250 4269 ἡμετέρας
3287 4193 3429 4263 ζωῆς
3454 4189 3558 4261 (54)
3589 4188 3781 4258 ἐξαίρει

625 4307 693 4346 eo
721 4292 867 4360 quod
897 4293 1095 4363 cuique
1137 4294 1416 4363 proprium
1452 4299 1508 4346 et
1536 4291 1879 4346 commodum
1926 4290 2108 4353 fuerit,
2142 4297 2197 4346 et

2302 4294 2359 4346 ἐν
2384 4293 2563 4362 ἑαυτῷ
2587 4291 2723 4362 (55),
2749 4290 2929 4354 καθὼς
2957 4291 3191 4361 εἴρηται,
3225 4285 3319 4339 τοῦ
3361 4283 3500 4337 θείου
3525 4281 3781 4351 χαρακτῆρ

627 4382 980 4451 impelluntur
1007 4398 1071 4437 ac
1102 4390 1320 4452 turgent
1341 4381 1406 4435 ad
1429 4381 1786 4436 crescendum
1812 4390 1861 4434 et
1886 4381 2198 4451 germinan-

2303 4383 2423 4454 ἔχον
2455 4384 2552 4454 τὴν
2601 4384 2848 4454 μίμησιν.
2896 4381 3036 4435 Ἀλλ’
3065 4381 3251 4447 ἐπειδὴ
3299 4377 3437 4432 κατὰ
3467 4375 3552 4428 τὸν
3589 4373 3680 4443 1Ιιδη
3721 4387 3781 4441 πε

629 4465 760 4520 dum
790 4482 804 4519 :
833 4468 1022 4523 eodem
1067 4468 1230 4522 etiam
1282 4467 1442 4522 modo
1481 4483 1822 4537 quaecunque
1856 4467 2068 4524 ratione
2108 4484 2200 4524 ca-

2303 4472 2632 4526 αποδοθέντα
2667 4473 2778 4543 (56)
2817 4471 2974 4540 λόγον
2995 4512 3010 4536 ,
3052 4471 3151 4524 οὐκ
3191 4470 3334 4524 ἐστιν
3379 4467 3544 4529 ἄλλως
3583 4464 3674 4533 τὴν
3709 4464 3781 4530 im

635 4557 805 4612 rentis
846 4566 1056 4612 natura:
1096 4558 1314 4628 propria
1343 4567 1493 4623 sunt,
1523 4559 1637 4614 hmc
1671 4560 2027 4632 intelligentia
2068 4575 2202 4628 pra:-

2236 4559 2279 4615 D
2305 4564 2406 4635 κὴν
2436 4563 2663 4635 δύναμιν
2713 4563 3032 4633 ἐγγενέσθαι
3067 4567 3135 4634 τῇ
3175 4563 3459 4633 σωματικῇ
3499 4559 3621 4628 ζωῇ,
3669 4556 3781 4626 μὴὲ

634 4644 761 4701 dita:
798 4647 994 4702 anima:
1031 4648 1171 4717 parti
1226 4648 1489 4719 permista
1526 4657 1671 4706 sunt.
1707 4648 1864 4716 llinc,
1895 4649 2090 4720 inquit,
2116 4658 2201 4706 cst

2181 4658 2201 4705 t
2303 4655 2412 4710 τῶν
2452 4654 2756 4728 αἰσθήσεων
2791 4654 3144 4726 ἐγγινομένην
3195 4653 3341 4722 (57)’
3386 4653 3419 4722 ὴ
3452 4650 3506 4704 δὲ
3531 4648 3752 4721 αἰσθησις

1107 4847 1147 4901 Β
1185 4847 1473 4924 εὑθὺίδμέ.Δ
1494 4917 1506 4924 _
2378 4852 2491 4924 (47)
2540 4853 2800 4922 Ύλικήν.
2839 4853 2898 4908 In
2930 4854 3174 4924 margine
3199 4852 3295 4921 τῆς
3323 4850 3507 4922 ὑλικῆς
3533 4850 3679 4921 ζωῆς.

860 4918 1218 4993 Ἐνδρορσα.
1325 4919 1366 4972 Β
1390 4917 1699 4975 ὲνδύνουσα.
2381 4917 2494 4993 (48)
2530 4917 2820 4993 Φιξσικοῦ.
2861 4925 2906 4976 Α
2947 4917 3197 4991 φυτῖκοῦ.

708 4987 825 5056 (57)
856 4987 1035 5042 Κατὰ.
1069 4988 1110 5041 Β
1136 4988 1295 5060 μετά.
1459 5056 1470 5074 ⁸
2381 4987 2496 5124 (49)
2544 4991 2710 5046 Ἐπεὶ
2757 4993 2844 5048 δέ.
2951 4987 2993 5046 Β
3020 4993 3225 5074 ἐπειδή.

711 5057 826 5124 (58)
864 5057 1021 5124 Πρὸς
1044 5057 1111 5110 τὸ
1140 5057 1352 5124 νοερόν
1376 5074 1475 5110 και
1500 5060 1700 5124 λογισ.
1735 5057 1781 5111 Α
1807 5059 1944 5124 πρὸς
1980 5059 2040 5114 τὸ
2065 5059 2213 5124 λογι-
2382 5063 2473 5124 (50
2553 5063 2779 5124 Ὀρμάς.
2809 5063 2856 5117 Α
2881 5079 2936 5117 In
2969 5077 3212 5124 margine

711 5057 826 5127 (58)
864 5057 1021 5133 Πρὸς
1044 5057 1479 5133 τὸηγοξρόνααί
1500 5060 1700 5133 λογιᾳ.
1735 5057 1781 5111 Α
1801 5059 1944 5133 πρὸς
1971 5059 2040 5133 ,τὸ
2065 5059 2213 5129 λογι-
2382 5057 2496 5133 (50)
2553 5063 2779 5133 Ὀρμᾴς.
2809 5063 2856 5117 Α
2881 5063 2936 5117 in
2969 5057 3212 5133 margine
3241 5059 3506 5133 ἀφορμάς.

645 5127 823 5202 κόν-τε
851 5128 945 5202 καί
973 5127 1410 5202 νοερόνζϐῂπρὸς
1431 5127 1494 5180 τὸ
1519 5129 1703 5200 νοερόν
1722 5146 1780 5182 τε
1801 5127 2036 5198 λογικόν.
2141 5127 2147 5129 “
2383 5127 2495 5202 (51)
2538 5127 2774 5202 Ὀῥλτ-ᾷνλ.
2809 5135 2848 5186 A
2878 5135 2930 5187 in
2954 5127 3208 5202 (margine
3233 5127 3431 5202 ὁρμᾷν.

711 5197 824 5277 ea
859 5196 1205 5277 aesar--9
1239 5196 1413 5277 ςψειιιο
1613 5196 1624 5200 '
1876 5196 1882 5198 '
2389 5196 2502 5277 ea)
2532 5196 2915 5277 Τῆξᾶλτὲγουτ
2947 5196 3112 5277 Ιξδεαῖ
3133 5219 3180 5277 τι
3215 5196 3300 5254 ἀλ.

713 5265 825 5350 (4.9)
855 5266 1029 5350 ξιξξιῐο
1060 5267 1102 5320 Α
1129 5266 1218 5347 ζῇν
1248 5265 1315 5350 ῖεθι
1343 5267 1437 5350 ξέλ
1582 5338 1607 5350 -
2389 5265 2502 5350 (5.32)
2547 5265 2925 5350 iEﬂW-A
2960 5271 3106 5350 stem
3140 5271 3219 5350 ἔν’

865 5336 1216 5411 ᾼίσθητικῷ.
1258 5337 1668 5411 Β-αἰσθητικῶς.
1801 5407 1813 5411 _
2390 5336 2503 5411 (54)
2537 5336 2731 5410 Ζωῆςῖ
2759 5343 2801 5396 Α
2835 5343 2875 5396 Β
2908 5339 3118 5411 addunt
3155 5342 3325 5411 ἐστίν.

867 5408 1443 5482 ξβκπεριειληξότρς.
1466 5406 1527 5482 ’Β-
1547 5407 1932 5482 ὲμπεριειληφ.
2391 5406 2506 5482 (55)
2550 5406 2888 5482 Ἐγίέαυτῷ,
2987 5412 3043 5465 ὲν
3072 5409 3242 5481 αὐτῷ.

867 5477 1207 5545 Τρέφεσθαι·
1239 5479 1279 5528 Β
1305 5477 1413 5549 γὰρ
1433 5477 1592 5580 τρέφξ
1696 5477 1707 5482 ⁷
1858 5477 1894 5480 ’⁷
2393 5477 2508 5552 (56)
2561 5480 3072 5550 Προαποδοθέντα.
3141 5477 3203 5535 [ι’
3235 5483 3290 5535 in
3347 5479 3570 5551 margine
3620 5493 3782 5548 προαπι

883 5547 1169 5580 Αὖζαν-νηί..
1235 5549 1261 5580 Δ
1296 5548 1384 5580 νηῒ
1418 5567 1446 5580 η
1477 5566 1516 5580 ιι.-
1577 5549 1616 5580 Ω
1649 5552 1738 5580 νηὶ
1776 5548 2094 5580 -..ιειιιιρρηκο
2323 5552 2594 5580 2....01..--

874 5547 1193 5621 έῇξξᾳθαι.
1228 5544 1395 5621 καί
1417 5544 1618 5621 αῷξτξΒ
1649 5552 1743 5605 καί
1774 5548 2119 5614 αὐξάνεσθαι.
2321 5544 2618 5621 δειάθένταξ

879 5613 1129 5698 ᾎξιάζως.
1316 5618 1410 5698 καὶ
1437 5613 1654 5698 ἰδιάζον.
1862 5613 1871 5614 ί
2395 5613 2506 5694 (57)
2551 5619 2990 5692 Ἐγγίιόμέιήν.
3029 5620 3073 5676 Β
3117 5619 3457 5690 ἐγγινομένη.

722 5679 832 5755 (16)
887 5684 1127 5754 Ἐαυτῇ.
1159 5685 1203 5738 Α
1240 5684 1278 5738 Β
1311 5688 1522 5741 ἑαυτοῦ.
