3990 6202
147 289 209 344 6i
1231 285 1317 340 DE
1352 285 1569 342 ΑΝῙΜΑ
1609 285 1696 343 ΕΤ

1826 287 2342 350 .SURBECTIONE.
3343 295 3413 351 6!
3463 243 3466 246 ἢ

145 403 213 472 τῇ
256 399 371 452 τῶν
398 397 606 467 ἀλόγων
631 396 954 468 προῦπέστη
980 395 1167 466 φύσειο
1190 397 1266 462 ὡς
1287 398 1398 468 (58)
1423 397 1726 465 ἀναγκαίως

1835 398 1940 464 ira,
1972 415 2038 455 ex
2073 400 2181 458 illis
2219 409 2420 466 metus,
2473 403 2599 460 hinc
2637 402 2818 458 omnia
2863 400 2966 456 alia
3001 416 3336 472 quaecunque
3361 403 3415 458 in

144 491 235 543 διὰ
269 488 370 543 τοῦ
397 489 514 552 ἑνὸς
535 489 624 541 καὶ
645 488 782 559 πρὸς
803 487 936 558 (58‘)
957 487 1027 540 τά
1052 487 1374 559 συνημμένα
1403 488 1607 543 τούτων
1629 488 1726 559 (59¹

1849 490 2186 544 contrarium
2211 507 2240 545 a
2262 492 2417 549 nobis
2439 502 2782 555 exercentur.
2799 502 3020 562 excepta
3048 491 3275 546 rationis
3303 507 3419 560 par-

141 579 366 648 γίνεται
395 580 493 650 τῆς
519 578 698 648 ψυχῆς
724 577 884 649 ἡμῶν
918 579 952 649 ἡ
979 578 1249 633 κοινωνία.

1840 576 2005 646 ticipe
2040 585 2202 648 atque
2228 581 2506 650 cogitandi
2539 581 2830 635 facultate:
2860 588 2979 651 qua:
3007 581 3123 636 sola
3160 579 3417 634 nimirum

145 671 429 740 przecipua
475 670 596 724 vita:
644 680 845 726 nostra:
884 686 1010 741 pars
1047 679 1130 726 est
1161 671 1215 726 in
1247 686 1368 726 sese
1397 670 1590 725 divnnaa
1625 670 1844 741 figurae,
1880 669 2044 725 sicuti
2077 671 2279 727 dictum
2306 683 2426 740 est,
2464 673 2754 745 imaginem
2794 673 3104 729 continens.
3145 671 3250 727 Sed
3279 684 3420 742 quo—

145 759 298 815 niam
323 762 478 830 juxta
503 761 616 831 jam
651 768 780 816 ante
825 761 1088 816 redditam
1121 763 1409 828 rationem,
1453 765 1662 820 ratione
1697 762 1921 832 praedita
1951 764 2034 817 vis
2061 778 2336 834 corporeae
2380 767 2504 821 vita:
2537 781 2645 820 non
2680 765 2836 820 aliter
2870 765 3050 820 inesse
3086 772 3282 835 potest,
3313 761 3417 816 nisi

143 865 245 920 per
283 867 480 908 sensus
513 852 664 918 insit,
693 859 860 920 atque
895 866 1093 907 sensus
1135 853 1187 906 in
1217 852 1372 906 bruta
1408 861 1570 923 atque
1608 853 1838 907 rationis
1868 859 2088 920 experte
2118 862 2312 907 natura
2342 861 2469 909 ante
2499 853 2742 910 substitit
2767 862 2928 922 atque
2951 853 3281 907 constitutus
3307 859 3413 914 est,

143 943 466 998 necessario
502 958 600 1013 per
625 957 794 997 unum
825 946 986 998 etiam
1013 957 1134 997 cum
1169 944 1566 1000 cohazrentibus
1591 944 1715 998 huic
1743 951 1904 1014 atque
1933 941 2244 1011 conjunctis
2278 943 2472 998 anima:
2497 957 2699 1000 nostrae
2734 941 3048 998 communio
3071 938 3306 996 exsistit.

212 1077 411 1131 Ταῦτα
441 1077 498 1130 δέ
531 1078 678 1130 ἐστιν
714 1077 813 1130 ὅσα
846 1077 904 1130 ὲν
937 1076 1068 1148 ἡμῖν
1096 1077 1355 1148 γινόμενα
1383 1078 1534 1148 πάθη
1572 1078 1726 1147 λέγει·

1902 1073 2025 1129 limc
2058 1081 2238 1130 autem
2273 1081 2423 1142 sunt,
2457 1091 2796 1146 quaecunque
2829 1075 2881 1128 in
2914 1074 3072 1129 nobis
3101 1073 3410 1140 existentia,

141 1187 275 1235 ται,
327 1169 364 1222 a
417 1168 540 1238 οὐχ).
586 1167 802 1230 πάντως
840 1167 934 1219 ἐπὶ
973 1167 1125 1236 κακῷ
1169 1186 1274 1222 τινι
1305 1172 1370 1240 τῇ
1419 1169 1726 1240 ἀνθρωπίνῃ

1827 1167 1994 1237 πάθη,
2038 1165 2092 1220 id
2123 1173 2207 1222 est
2239 1167 2478 1235 affectus,
2506 1167 2800 1236 passiones,
2831 1166 2945 1221 sive
2971 1165 3412 1235 perturbationes,

144 1255 538 1328 συνεκληρώθη
569 1255 680 1327 ζωῇ
701 1273 716 1286 ⁸
746 1252 782 1326 ἦ
815 1257 926 1327 (60)
957 1256 1068 1328 γὰρ
1091 1256 1156 1310 ἂν
1186 1260 1215 1310 6
1245 1259 1584 1330 Δημιουργδς
1624 1260 1726 1313 τῶν

1827 1266 1882 1312 et
1916 1266 2087 1310 motus
2124 1257 2386 1312 dicuntur
2423 1275 2437 1311 :
2473 1273 2593 1328 qua:
2631 1273 2739 1312 non
2773 1258 2995 1311 omnino
3025 1257 3152 1310 mali
3185 1255 3414 1324 alicujus

142 1347 340 1403 κακῶν
371 1347 468 1418 τὴν
497 1347 676 1401 αἰτίαν
709 1347 808 1418 ἔχῃ
835 1346 976 1417 (6|),
1011 1349 1058 1400 εἰ
1089 1349 1294 1402 ἐκεῖθεν
1322 1351 1378 1402 ai
1417 1350 1528 1404 τῶν
1552 1351 1726 1422 πλημ-

1829 1363 1997 1403 causa
2038 1349 2290 1404 humanae
2337 1349 2646 1404 contributa
2677 1357 2884 1402 naturae
2916 1355 3044 1402 sunt
3089 1347 3248 1417 (nam
3279 1346 3415 1400 alio-

143 1439 485 1510 μελημάτων
540 1433 682 1509 ἦσαν
741 1440 974 1507 ἀνάγκαι
1029 1442 1605 1512 συγκαταεεὸλημέναι
1661 1445 1726 1514 τῇ

1834 1439 1928 1508 qui
1959 1438 2206 1494 Creatori
2236 1455 2402 1495 causa
2434 1441 2695 1494 malorum
2726 1439 2991 1510 assignari
3029 1445 3235 1508 posset,
3272 1438 3316 1491 si
3347 1437 3413 1490 il-

142 1526 315 1595 φύσει
335 1543 350 1556 ·
377 1526 515 1580 ἀλλά
535 1529 601 1596 τῇ
630 1528 759 1597 ποιᾷ
781 1531 971 1598 χρήσει
993 1529 1092 1598 τῆς
1120 1531 1504 1601 προαιρέσεως,
1539 1531 1572 1602 ἢ
1603 1533 1726 1602 ἀρε-

1832 1525 1940 1581 linc
1963 1534 2310 1596 peccatorum
2339 1529 2660 1583 necessaria:
2683 1543 2863 1583 causae
2890 1526 3050 1583 simul
3078 1526 3132 1580 in
3159 1535 3407 1580 naturam

137 1616 264 1685 τῆς,
303 1615 340 1685 ἢ
369 1615 567 1678 κακίας
590 1615 800 1686 ὄργανα
825 1616 893 1669 τά
919 1618 1141 1672 τοιαῦτα
1166 1619 1266 1689 τῆς
1290 1620 1467 1690 ψυχῆς
1497 1622 1618 1693 κινή
1628 1639 1726 1692 μα-

1832 1619 2043 1673 collatae
2075 1627 2259 1676 essent
2283 1620 2337 1690 ),
2380 1620 2473 1675 sed
2509 1628 2662 1675 certo
2702 1620 2935 1690 quodam
2975 1633 3076 1673 usu
3114 1616 3410 1672 voluntatis

137 1723 208 1758 τα
256 1705 496 1773 γίνεται.
539 1705 809 1778 Καθάπερ
851 1708 879 1760 6
921 1709 1140 1779 σίδηρος
1189 1709 1330 1763 κατά
1370 1711 1594 1782 γνώμην
1633 1712 1726 1766 τοῦ

1834 1715 1888 1764 et
1922 1710 2154 1776 arbitrii,
2195 1711 2280 1766 vel
2310 1711 2528 1766 virtutis
2568 1712 2652 1766 vel
2695 1711 2812 1765 vitii
2860 1709 3221 1764 instrumenta
3270 1709 3406 1763 tales

141 1795 398 1865 τεχνίτου
434 1796 796 1867 τυπούμενος,
832 1799 968 1869 πρὸς
1017 1800 1154 1870 ὅπερ
1197 1800 1263 1854 ἂν
1308 1801 1458 1855 ἔθετο
1489 1803 1600 1874 (62)
1635 1803 1728 1857 τοῦ

135 1885 554 1956 τεχνιτεύοντος
583 1889 614 1958 ἡ
643 1888 957 1960 ἐνθύμησις,
983 1891 1119 1962 πρὸς
1151 1893 1308 1946 τοῦτο
1337 1895 1432 1948 καὶ
1460 1897 1725 1967 σχηματι-

136 1973 378 2046 ζεται,ῆ
411 1977 592 2046 ξίφος,
615 1979 648 2049 ἡ
669 1996 721 2032 τι
745 1979 854 2052 (65)
876 1984 1177 2053 γεωργικὸν
1204 1985 1482 2056 ἐργαλεῖον
1508 1989 1730 2060 γινόμε-

138 2081 226 2153 νος
253 2065 400 2133 (64).
424 2067 631 2121 Οὐκοῦν
652 2071 700 2122 εί
728 2070 827 2140 μὲν
850 2074 879 2124 6
897 2072 1071 2141 λόγος,
1102 2075 1132 2128 6
1157 2076 1220 2146 δὴ
1252 2077 1348 2148 τῆς
1373 2078 1586 2146 φύσεώς
1616 2081 1727 2153 (65)

141 2152 296 2206 ἐστιν
330 2153 624 2226 ἐξαίρετον,
656 2159 766 2212 τῶν
789 2160 986 2225 ἔξωθεν
1009 2162 1118 2234 (66)
1148 2167 1604 2238 ὲπεισκριθὲντων

142 2244 447 2314 ἡγεμονίαν
478 2247 611 2317 ἔχοι,
644 2249 824 2314 καθὼς
853 2252 947 2304 καὶ
968 2253 1035 2305 δι’
1062 2255 1381 2326 αἰνίγματος
1410 2259 1439 2310 6
1463 2261 1561 2331 τῆς
1589 2262 1726 2331 Γρα-

143 2336 248 2405 φῆς
269 2339 632 2409 παρεδήλωσε
655 2341 830 2410 λόγος,
852 2342 1038 2414 ἄρχειν
1063 2346 1481 2419 ἐγκελευόμενος
1511 2353 1727 2408 πάντων

143 2421 248 2473 τῶν
282 2423 524 2491 ἀλόγων,
558 2427 658 2480 οὑκ
699 2428 764 2483 ἄν
795 2447 848 2482 τι
887 2432 1024 2502 πρὸς
1057 2435 1256 2499 κακίας
1287 2438 1589 2509 ὑπηρεσίαν
1619 2441 1728 2497 τῶν

144 2513 406 2566 τοιούτων
449 2519 764 2586 κινημάτων
798 2521 908 2591 (67)
951 2523 1080 2593 ἡμῖν
1118 2525 1432 2598 ὲνεργήσειε
1453 2569 1468 2594 ,
1496 2531 1590 2584 τοῦ
1629 2533 1727 2602 μὲν

146 2603 318 2670 φόὸου
343 2605 404 2658 τὸ
433 2607 671 2678 ὑπήκοον
705 2612 1080 2681 ἐμποιοῦντος,
1114 2617 1208 2670 τοῦ
1240 2619 1297 2672 δὲ
1339 2619 1510 2691 θυμοῦ
1547 2622 1608 2676 τὸ
1636 2624 1729 2677 ἀν-

147 2694 355 2764 δρεῖον,
387 2698 489 2768 τῆς
517 2700 716 2764 δειλίας
741 2703 798 2757 δὲ
826 2705 922 2776 τὴν
955 2701 1254 2777 ἀσφάλειαν
1275 2751 1292 2776 ,
1318 2713 1419 2783 τῆς
1445 2714 1502 2767 δὲ
1530 2715 1724 2772 ἐπιθυ-

151 2785 392 2855 μητικῆς
419 2789 598 2858 ὁρμῆς
627 2791 727 2862 τὴν
753 2791 902 2846 θείαν
939 2813 998 2849 τε
1027 2797 1118 2850 κει)⁵
1146 2799 1420 2870 ἀκήρατον
1442 2804 1576 2873 ἡμῖν
1603 2804 1727 2874 ἡδο·

147 2875 240 2943 νην
290 2877 680 2949 προξενούσης.
741 2884 805 2937 Εἰ
850 2885 907 2938 δὲ
955 2887 1216 2942 ἀποϐάλοι
1263 2891 1377 2962 (68)
1429 2893 1530 2958 τάς
1569 2895 1726 2965 ἡνίας

147 2966 175 3017 6
211 2966 394 3035 λόγος,
431 2970 523 3022 καὶ
558 2966 670 3024 οἷόν
707 2989 792 3037 τις
823 2975 1043 3048 ήνίοχοςι
1078 2981 1378 3050 ἐμπλακεὶς
1407 2983 1486 3055 τῷ
1518 2985 1723 3056 ἅρματι

149 3058 380 3111 κατόπιν
425 3059 515 3112 ὑπ’
557 3063 723 3117 αὑτοῦ
772 3065 1018 3138 σύροιτο,
1063 3072 1180 3123 ἐκεῖ
1223 3072 1332 3140 (69)
1381 3075 1724 3144 ἀπαγόμενος
1751 3058 1792 3116 C

145 3149 394 3219 ὅπουπερ
426 3151 489 3204 ἂν
524 3154 556 3223 ἡ
585 3154 776 3223 ἀλογος
809 3158 1022 3228 κίνησις
1046 3160 1154 3216 τῶν
1186 3163 1605 3236 ὑπεζευγμένων
1631 3168 1726 3237 φέ-

149 3258 229 3329 ρει
256 3244 398 3313 (70),
435 3245 550 3298 τότε
592 3249 675 3311 εἰς
720 3249 890 3314 πάθος
932 3254 988 3305 αί
1022 3254 1189 3324 ὁρμαὶ
1223 3239 1722 3329 καταστρέψονται,

142 3326 252 3386 οἷον
269 3333 340 3403 δὴ
371 3336 464 3387 καὶ
484 3337 574 3389 ἐπὶ
596 3340 709 3402 τοῖς
731 3339 844 3410 (71)
872 3341 1084 3410 ἀλόγοις
1101 3343 1248 3399 ἔστιν
1271 3347 1416 3401 ἰδεῖν.
1437 3326 1588 3402 Ἐπεὶ
1610 3351 1721 3421 (72)

144 3423 252 3495 γάρ
292 3426 396 3478 οὑκ
436 3427 712 3484 ἐπιστατεῖ
750 3431 1028 3504 λογισμοῖς
1058 3436 1170 3505 (75)
1205 3442 1317 3501 τοῖς
1349 3442 1590 3508 φυσικῶς
1631 3445 1726 3496 αὑ-

142 3516 253 3604 τοῖς
293 3517 784 3591 ὲγκωμιαζομένης
813 3523 926 3592 (74)
955 3527 1237 3596 κινήσεως,
1279 3529 1347 3582 τὰ
1374 3530 1473 3600 μὲν
1501 3530 1722 3604 θυμώδη

143 3603 251 3656 τῶν
280 3604 440 3667 ζώων
465 3609 523 3660 ὲν
550 3610 798 3680 ἀλλήλοις
827 3612 1104 3685 φθείρεται
1132 3618 1243 3688 (75)
1275 3620 1351 3690 τῷ
1378 3620 1533 3692 θυμῷ
1557 3639 1722 3693 στρα-

140 3694 492 3763 τηγούμεναῤ
531 3697 598 3750 τὰ
629 3699 687 3752 δὲ
728 3700 1048 3772 πολύσαρκά
1077 3721 1137 3756 τε
1175 3706 1268 3758 καὶ
1294 3706 1494 3762 δυνατά
1523 3709 1602 3772 είς
1631 3709 1724 3762 ού-

138 3782 227 3835 sev
275 3785 478 3836 οἰκεῖον
508 3787 709 3854 ἀγαθον
751 3791 1004 3846 ἀπώνατο
1041 3794 1139 3864 τῆς
1174 3796 1454 3866 δυνάμεως
1477 3837 1492 3862 ,
1537 3799 1723 3869 κτῆμα

139 3871 236 3925 τοῦ
269 3873 498 3941 λογικοῦ
525 3876 611 3929 διὰ
639 3881 734 3948 τὴν
757 3881 974 3951 ἀλογίαν
1010 3887 1263 3956 γινόμενα
1283 3906 1296 3918 ο
1325 3889 1360 3959 ἤ
1385 3907 1444 3942 τε
1475 3891 1574 3961 τῆς
1602 3893 1722 3945 ἐπι-

143 3964 360 4035 θυμίας
386 3967 480 4018 καὶ
501 3968 594 4038 τῆς
617 3969 804 4042 ἡδονῆς
836 3974 1085 4047 ἐνέργεια
1113 3979 1240 4048 περ).
1272 3980 1422 4032 οὐδὲν
1451 3980 1558 4034 τῶν
1582 3981 1722 4053 ὑψη-

145 4058 252 4112 λῶν
290 4057 407 4126 (76)
437 4059 750 4129 ἀσχολοῦται
784 4063 927 4135 (77)·
961 4064 1083 4118 οὔτε
1126 4067 1252 4122 ἀλλο
1284 4085 1336 4123 τι
1373 4069 1482 4123 τῶν
1524 4071 1581 4123 ὲν
1627 4072 1724 4124 αὑ-

144 4151 259 4212 τοῖς
304 4148 418 4217 (78)
447 4149 827 4223 θεωρουμένων
857 4156 998 4227 λόγῳ
1029 4159 1135 4211 τινὶ
1164 4160 1299 4230 πρὸς
1324 4162 1386 4214 τὸ
1415 4161 1722 4217 λυσιτελοῦν

143 4239 472 4309 διεξάγεται.
515 4243 670 4297 Οῦτω
716 4246 810 4299 καὶ
855 4249 912 4300 ὲν
950 4250 1080 4318 ἡμῖν
1121 4251 1169 4304 εί
1215 4251 1289 4323 μὴ
1329 4253 1465 4324 πρὸς
1505 4255 1567 4308 τὸ
1605 4255 1723 4310 δέον

1831 1801 1998 1854 animi
2029 1809 2209 1858 motus
2242 1800 3020 1870 exsistunt.Quemadmodum
3052 1800 3252 1856 ferrum
3279 1800 3408 1854 dum

1831 1905 1896 1946 ex
1925 1893 2192 1947 sententia
2232 1891 2462 1948 artificis
2491 1893 2730 1955 cuditur,
2757 1904 3081 1961 quocunque
3111 1889 3409 1945 ferramen-

1830 1987 1965 2035 tum.
1996 1983 2224 2038 artificis
2271 1986 2454 2037 animo
2506 1983 2762 2038 voluntas
2807 1981 3192 2044 destinaverit,
3239 1979 3306 2032 ad
3354 1977 3408 2032 id

1828 2071 1992 2126 etiam
2038 2073 2324 2136 formatur,
2363 2081 2418 2128 et
2466 2073 2548 2126 vel
2601 2072 2812 2143 gladius
2844 2071 2928 2127 vel
2956 2071 3144 2126 rustici
3178 2068 3410 2138 alicujus

1832 2163 2014 2232 aperis
2060 2163 2480 2218 instrumentum
2514 2164 2590 2218 fit.
2623 2163 2762 2234 Ergo
2803 2162 3071 2232 siquidem
3115 2161 3254 2216 ratio
3289 2175 3411 2229 qua:

1830 2253 2104 2323 pmcipua
2143 2254 2401 2307 nimirum
2442 2261 2650 2308 natura!
2694 2261 2894 2306 nostra;
2938 2265 3064 2321 pars
3096 2257 3183 2304 est
3219 2264 3408 2302 eorum

1830 2357 1953 2413 qua:
2001 2344 2344 2401 extrinsecus
2385 2345 2547 2400 nobis
2594 2343 2982 2414 superinducta
3031 2347 3086 2396 et
3130 2340 3407 2394 insinuata

1825 2443 1955 2488 sunt
2002 2433 2364 2503 principatum
2419 2434 2662 2488 obtineat
2703 2428 3195 2503 (quemadmodum
3241 2426 3404 2482 etiam

1829 2525 2126 2596 Scriptum
2159 2540 2341 2580 sermo
2371 2541 2464 2594 per
2492 2526 2722 2596 zenigma
2755 2532 3063 2592 tectamque
3105 2521 3406 2576 orationem

1827 2614 2146 2681 subinnuit,
2202 2616 2456 2671 omnibus
2503 2615 2677 2670 brutis
2717 2622 2772 2669 et
2818 2613 3042 2669 rationis
3097 2611 3407 2682 expertibus

1829 2721 2065 2777 prwesse
2107 2707 2342 2778 jubens)
2365 2748 2383 2773 ,
2416 2707 2599 2762 nullus
2637 2705 2902 2775 ejusmodi
2938 2711 3118 2758 motus
3147 2703 3306 2758 nobis
3336 2701 3406 2756 ad

1827 2797 1945 2851 vitii
1976 2798 2342 2854 minismrium
2371 2798 2551 2854 efﬁcax
2591 2797 2753 2853 fuerit
2787 2818 2799 2852 :
2841 2805 2983 2850 metu
3019 2794 3238 2864 quidem
3272 2792 3406 2849 obee

1828 2887 2111 2952 dientiam,
2145 2890 2224 2943 ira
2264 2904 2392 2944 vero
2427 2888 2836 2953 fortitudinem;
2869 2885 3158 2940 timiditate
3195 2882 3404 2939 cautio.

1824 2995 1947 3034 nem
2021 2986 2183 3050 atque
2247 2981 2596 3036 securitatem
2647 2978 3028 3048 ingeneraute;
3087 2974 3406 3044 cupiditatis

1826 3066 1955 3122 item
1996 3067 2200 3138 impetu
2247 3068 2484 3122 divinam
2529 3067 2691 3123 simul
2738 3075 2792 3121 et
2842 3065 3199 3120 immortalem
3247 3062 3406 3119 nobis

1826 3158 2160 3228 voluptatem
2207 3159 2557 3214 conciliante.
2595 3159 2688 3211 Sin
2741 3165 2921 3211 autem
2972 3157 3113 3210 ratio
3163 3155 3406 3209 habenas

1823 3250 2036 3304 amittat
2072 3260 2126 3306 et
2171 3259 2426 3320 tanquaut
2459 3250 2648 3320 auriga
2694 3249 2895 3318 aliquis
2948 3247 3243 3315 implicitus
3272 3263 3402 3301 cur-

1824 3340 1911 3395 rui
1963 3351 2110 3397 retro
2153 3341 2222 3396 ab
2263 3356 2328 3396 eo
2373 3340 2642 3404 trahatur,
2677 3340 2877 3410 illoque
2922 3338 3224 3408 abripiatur
3263 3352 3404 3406 quo-

1824 3446 2043 3502 cunque
2093 3447 2217 3488 cum
2267 3433 2497 3488 rationis
2553 3447 2747 3501 expers
2808 3438 2988 3485 motus
3032 3429 3403 3499 jumentorum

1824 3523 2058 3589 auferat,
2107 3533 2236 3577 tunc
2285 3524 2339 3578 in
2389 3525 2850 3594 perturbationem
2881 3523 3242 3594 appetitiones
3273 3538 3405 3577 con-

1824 3625 2130 3682 vertuntur,
2181 3617 2342 3688 quale
2394 3617 2649 3671 nimirum
2697 3616 2859 3671 etiam
2911 3615 2965 3670 in
3008 3615 3184 3671 brutis
3219 3615 3403 3670 videre

1825 3709 1970 3765 licet.
2017 3709 2285 3776 Quoniam
2325 3709 2472 3764 enim
2528 3709 2667 3762 ratio
2721 3707 3041 3761 naturaliter
3094 3707 3174 3762 eis
3228 3707 3404 3761 insitae

1825 3801 2051 3856 motioni
2107 3818 2214 3856 non
2265 3808 2482 3872 praeest,
2514 3816 2578 3855 ea
2614 3800 2832 3870 quidem
2878 3801 3152 3865 animalia,
3184 3817 3306 3871 quae
3333 3801 3402 3856 ad

1825 3891 1963 3946 iram
2003 3906 2173 3962 prona
2203 3899 2368 3962 atque
2391 3891 2654 3962 proclivia
2685 3899 2833 3954 sunt,
2871 3893 2950 3946 ira
2985 3891 3218 3947 ducente
3242 3901 3403 3962 atque

1822 3981 2130 4036 concitante
2185 3997 2308 4038 sese
2363 3982 2596 4037 invicem
2653 3982 2986 4049 conficiunt;
3043 3998 3164 4052 qua:
3220 3992 3402 4037 autem

1823 4085 2056 4127 carnosa
2123 4081 2252 4127 sunt
2311 4087 2376 4126 ac
2427 4071 2652 4136 viribus,
2691 4072 2938 4142 pollent,
2998 4071 3124 4126 dum
3182 4079 3403 4142 propter

1822 4161 2049 4216 rationis
2102 4161 2372 4216 defectum
2417 4163 2626 4217 ratione
2681 4162 2887 4231 praediti
2927 4163 3082 4230 quasi
3132 4162 3400 4230 mancipia

1828 4267 1892 4308 ac
1925 4253 2120 4322 praeda:
2159 4253 2316 4316 fiunt,
2350 4253 2558 4307 nullum
2595 4252 2873 4322 proprium
2908 4266 3130 4306 suarum
3195 4252 3399 4305 virium

142 4331 338 4397 ἄγοιτο
361 4333 531 4386 ταῦτα
559 4335 647 4389 διὰ
677 4337 773 4390 τοῦ
805 4338 1085 4408 λογισμοῦ,
1115 4342 1231 4395 ἀλλ’
1265 4344 1588 4418 ὲπικρατοίη
1623 4348 1722 4419 τῆς

1827 4347 2173 4401 commodqu
2228 4345 2513 4410 sentiunt;
2576 4343 2895 4413 cupiditatis
2952 4357 3173 4414 quoque
3235 4350 3400 4413 atque

144 4421 239 4474 τοῦ
269 4420 363 4474 νοῦ
403 4422 717 4488 δυναστείας
741 4427 812 4480 τά
851 4405 1021 4500 πάθη,
1063 4431 1198 4501 πρὸς
1220 4432 1280 4485 τὸ
1309 4405 1498 4502 ἄλογόν
1527 4405 1588 4489 τὲ
1629 4405 1725 4492 καί

1831 4436 2124 4507 voluptatis
2172 4436 2457 4493 ellicientia
2510 4435 2565 4490 in
2606 4435 2754 4488 nulla
2802 4449 2860 4489 re
2905 4435 3123 4490 sublitni
3163 4447 3399 4504 occupa-

143 4511 372 4580 ἀνόητον
406 4515 744 4583 μεταϐαίνων
772 4517 884 4585 (79)
914 4520 944 4572 6
985 4519 1295 4591 ἄνθρωπος,
1331 4523 1440 4577 ἀπὸ
1469 4524 1563 4578 τοῦ
1605 4527 1719 4580 δια-

146 4604 398 4674 νοητικοῦ
431 4606 522 4659 καὶ
551 4605 816 4672 θεοειδοῦς
843 4611 911 4680 τῇ
936 4612 1080 4683 ὁρμῇ
1111 4612 1222 4666 τῶν
1245 4614 1499 4669 τοιούτων
1542 4616 1718 4689 παθη-

218 4828 333 4899 (58)
362 4828 468 4897 Ὠς
486 4833 669 4888 delent
691 4834 735 4887 Α
769 4834 827 4888 Β.

218 4900 355 4971 (58η
384 4902 494 4955 Kal
537 4906 707 4971 πρός.
740 4906 850 4958 Καί
877 4906 1021 4962 delet
1047 4905 1106 4962 Β.

219 4969 335 5048 (ἐξ)
361 4969 688 5048 ΞιέύζειξνλιΑ
711 4975 904 5048 τούτφο

213 5033 332 5109 (ω)
361 5033 454 5092 Ἦ.
490 5042 559 5096 Ἦ
597 5042 658 5096 B.

215 5108 338 5194 ρ
367 5111 548 5194 ςξξζῃ.
584 5113 891 5194 Ain-textu
925 5109 1091 5186 εἶχεν,
1120 5115 1174 5171 in
1200 5118 1442 5188 margine
1470 5121 1603 5194 ἔχοι.

358 5181 600 5256 ςξυετρε
629 5183 668 5256 ᾼ
711 5181 750 5233 Β
778 5183 957 5256 ἐθέλῃ.

237 5247 333 5312 65)
358 5250 428 5300 Ἡ
455 5253 527 5302 τί.
564 5250 605 5302 Β
633 5251 761 5320 ήτι.

214 5319 333 5388 (64)
367 5319 716 5399 Γινόμενςος.
754 5322 795 5374 Β
828 5324 1128 5399 γινόμενον.
1158 5327 1202 5380 A
1249 5326 1301 5381 in
1342 5336 1489 5385 textu
1535 5332 1710 5386 κινού·

141 5407 330 5462 μενος.
367 5392 704 5462 in‘ntargine
734 5392 1032 5462 γινόμενος.

211 5458 331 5534 (ἓξ)
359 5458 623 5534 [ι’ἐίνεφξο
663 5462 706 5534 Α
744 5459 784 5512 Β
809 5458 1019 5534 addunt
1049 5464 1227 5534 ἡμῶν.

211 5529 331 5602 (66)
361 5526 648 5602 ξεξωθεν.
683 5531 722 5581 Α
753 5532 901 5602 atltlit
931 5526 1078 5602 ἡμῖνξ

209 5599 328 5671 (σξη
363 5599 729 5671 {or-mitium.
777 5601 812 5654 Β
854 5599 1141 5671 νοημάτων
1177 5608 1254 5662 ἐν.

212 5621 328 5662 ιυιι
363 5621 729 5664 ηινημαῑωτ,
777 5621 812 5654 υ
854 5621 912 5655 νο
956 5621 1122 5671 ματωε

212 5669 332 5737 (68)
376 5666 703 5724 'Azocdxoc.
739 5673 778 5728 A
808 5621 1122 5731 ἀποὲἀλλοι,

1829 4538 1882 4582 ta
1919 4537 2035 4595 est;
2071 4544 2248 4598 neque
2281 4527 2428 4582 aliud
2491 4527 2786 4597 quidquam
2825 4541 3014 4582 eorum
3069 4540 3190 4595 quae
3231 4525 3284 4578 in
3327 4524 3398 4578 iis

1826 4620 2357 4686 animadvertuntur,
2412 4620 2624 4676 ratione
2665 4619 2846 4689 aliqua
2878 4617 2946 4674 ad
2983 4617 3037 4674 id
3090 4616 3234 4689 quod
3267 4630 3396 4688 pro-

1897 4848 2012 4918 (69)
2056 4848 2231 4904 Ἐκεῖ.
2259 4848 2299 4902 Β
2322 4848 2550 4905 ἐκεῖθεν.

1895 4918 2010 4988 (70)
2033 4918 2218 4988 Φέρει.
2245 4920 2285 4973 Α
2315 4919 2355 4973 Β
2380 4921 2543 4988 φέρῃ.

1929 4937 2010 4984 ιυ)
2033 4937 2218 4988 φερει.
2245 4937 2285 4973 Α
2316 4937 2355 4973 υ
2423 4937 2447 4973 ε
2489 4938 2543 4990 ῃ.

1917 4989 2007 5058 7i)
2051 4989 2179 5043 Ἐπὶ
2205 4990 2350 5055 τοῖς.
2380 4938 2425 5044 Χ
2456 4937 2502 5042 Β
2532 4990 2737 5052 ἐντοῖς.

1920 5059 2010 5126 72)
2038 5060 2218 5114 Ἐπεί.
2250 5058 2288 5112 Β
2318 5058 2524 5128 ἐπειδή.

1917 5129 2005 5196 75)
2029 5129 2368 5197 Λογισμοῖς.
2400 5128 2440 5180 Β
2470 5127 2746 5198 λογισμός.

2051 5198 2463 5270 Ἐγκωμιαζομ.
2487 5201 2530 5270 ᾼ
2556 5199 2595 5250 Β
2627 5197 2970 5270 ἐγκειμένης.

1889 5267 2002 5338 (75)
2037 5269 2354 5338 φθείρεται.
2387 5267 2426 5320 Β
2451 5268 2692 5338 φέρεται.

1889 5335 2002 5407 (76)
2042 5336 2338 5407 fruendae.
2367 5338 2411 5389 Α
2446 5335 2502 5407 in
2525 5335 2768 5407 margine
2799 5335 3162 5407 ὑψηλοτέρων.

1887 5404 2001 5474 (77)
2039 5406 2450 5472 Ἀσχολοῦται.
2479 5406 2519 5458 Α
2554 5404 2591 5456 Β
2623 5405 2948 5472 ἀσχολεῖται.

1883 5477 1994 5546 (78)
2014 5475 2242 5540 Αὐτοῖς.
2271 5475 2316 5528 Α
2349 5475 2402 5528 in
2435 5475 2672 5546 margine
2703 5475 2930 5546 ἑαυτοῖς.

1816 5561 1846 5667 ὁ
1885 5543 1998 5632 (79)
2027 5545 2421 5601 Μεταεαίνων.
2442 5543 2482 5598 Β
2505 5543 2832 5616 μεταϐαίνει.
2857 5546 2898 5598 Δ
2926 5548 2978 5600 in
3003 5545 3247 5618 margine
3275 5549 3390 5603 6:1-

1852 5632 2008 5667 αινει.

1852 5632 2008 5674 αινει,
