3990 6202
105 209 184 268 σε
984 172 998 181 κ
1188 199 1276 255 os
1313 198 1534 258 ANIuA
1567 197 1659 255 nr
1697 201 1698 252 1

1809 196 2302 257 SURRECTIONE.
3303 208 3370 265 66

106 326 209 392 τὴν
245 321 353 394 τῆς
387 315 687 387 ἐπιθυμίας
724 313 1057 383 ἐνεγκοῦσαν
1082 313 1158 384 (6)
1187 315 1385 385 ὁρμήν.
1428 311 1698 376 Ὡσαύτως

1809 319 1858 368 ει
1892 311 2128 376 honesti,
2164 322 2331 384 atque
2365 313 2418 368 id
2463 312 2608 385 quod
2648 313 2830 386 reipsa
2869 330 2932 372 ac
2976 315 3152 373 solum
3186 333 3252 374 ex
3285 327 3376 380 sui

107 415 294 471 καὶτὸ
321 412 419 467 τοῦ
451 409 621 480 θυμοῦ
653 407 876 477 σπέρμα
906 405 968 458 ού
1011 405 1148 476 πρὸς
1173 405 1426 476 ἀνδρείαν
1455 404 1700 474 ἐστόμω-

104 524 202 562 σεν
249 506 358 577 (7),
402 502 536 558 ἀλλά
583 499 719 570 πρὸς
768 497 866 568 τὴν
915 495 1026 549 τῶν
1065 496 1142 566 (8)
1184 495 1470 565 ὁμοφύλων
1525 497 1705 566 μάχην

105 597 447 664 ἐξώπλισεν·
478 593 512 662 ἦ
546 609 604 643 τε
634 589 735 658 τῆς
762 588 981 657 ἀγάπης
999 587 1228 656 δύναμις
1257 586 1366 640 τῶν
1399 586 1602 655 νοητῶν
1625 586 1700 655 (9)

101 686 348 756 ἀπέστη,
379 681 509 752 περὶ
540 681 642 750 τὴν
672 677 782 731 τῶν
811 675 1088 747 αἰσθητῶν
1112 675 1409 728 ἀπόλαυσιν
1442 675 1584 744 πέρα
1608 674 1702 728 τοῦ

105 777 317 848 μέτρου
339 771 728 842 ὁλομανήσασα
745 765 880 836 (10),
899 766 994 818 καὶ
1014 762 1084 817 τὰ
1111 761 1245 816 ἄλλα
1286 762 1377 814 τὸν
1407 760 1568 815 αὐτὸν
1589 760 1700 832 (11)

102 865 334 936 τρόπον,
357 863 485 923 τοὺς
513 858 768 930 χείρονας
802 854 1064 925 βλαστοὺς
1095 852 1216 906 ἀντὶ
1245 851 1352 904 τῶν
1377 851 1701 922 κρειττόνων

104 951 478 1026 ἐξήνθησεν)
513 950 707 1002 τούτου
742 947 900 1017 χάριν
935 944 1159 1015 ἀφίησιν
1185 943 1214 994 ὁ
1255 941 1417 1010 σοφὸς
1459 940 1702 1010 γεωργὸς

103 1048 167 1100 τὸ
220 1044 435 1116 ἐμφυέν
480 1041 561 1112 τῷ
602 1041 877 1112 σπέρματι
927 1036 1214 1107 βλάστημα
1255 1037 1312 1088 ἐν
1348 1034 1495 1105 αύτῷ
1537 1031 1696 1098 εἶναι,

101 1135 426 1208 προμηθείᾳ
443 1132 541 1187 τοῦ
567 1131 643 1202 μὴ
665 1129 1022 1201 γυμνωθῆναι
1039 1127 1151 1182 τῶν
1180 1127 1504 1197 κρειττόνων
1527 1127 1697 1197 ἡμᾶς,

102 1228 344 1284 καθόλου
373 1227 473 1296 τῆς
498 1222 792 1293 ἐπιθυμίας
816 1220 894 1292 τῷ
917 1223 1176 1291 ἀχρήστῳ
1206 1218 1419 1289 βλαστῷ
1446 1235 1700 1288 συνεκριο

100 1319 400 1388 ζωθείσης.
435 1318 499 1370 ΕΞ
536 1316 646 1386 γάρ
679 1313 838 1366 τοῦτο
885 1311 1034 1384 πάθῃ
1078 1311 1188 1381 (12)
1224 1313 1257 1381 ὴ
1291 1310 1452 1379 φύσις
1483 1310 1614 1380 (15),
1644 1308 1697 1361 τί

97 1409 260 1462 ἔσται
290 1407 353 1460 τὸ
381 1408 607 1477 ἐπαίρον
630 1404 779 1474 ἡμᾶς
809 1401 945 1472 πρὸς
967 1401 1066 1470 τὴν
1091 1400 1198 1453 τῶν
1225 1399 1562 1472 ἐπουρανίων
1585 1398 1698 1468 (14)

97 1498 446 1566 συνάφειαν;
492 1495 524 1565 ἢ
565 1495 666 1564 τῆς
712 1492 933 1562 ἀγάπης
987 1490 1376 1560 ἀφαιρεθείσης
1415 1489 1548 1559 (15),
1592 1489 1696 1542 τίνι

95 1589 298 1658 τρόπῳ
331 1588 471 1657 πρὸς
497 1585 558 1639 τὸ
588 1586 742 1638 Θεῖον
771 1581 1257 1652 συναφθησόμεθα;
1293 1579 1400 1632 Τοῦ
1433 1579 1490 1633 δὲ
1521 1578 1693 1650 θυμοῦ

1803 407 2003 455 natura
2047 401 2251 457 bonum
2280 417 2344 458 ac
2379 414 2590 459 rectum
2625 412 2730 469 est,
2764 421 2862 476 per
2907 421 3128 476 germen
3163 405 3376 466 fraudis

1803 499 1857 547 ct
1877 491 2109 556 erroris,
2165 493 2315 563 quod
2351 511 2460 550 una
2515 495 2796 560 excrevit,
2855 495 3266 552 obtenebratum
3319 505 3376 554 et

1801 583 2156 640 obscuratum
2205 594 2290 642 est
2325 605 2338 642 :
2369 589 2533 658 (nam
2572 586 2995 653 concupiscendi
3045 588 3128 646 vis
3155 604 3266 644 non
3304 589 3375 644 ad

1802 673 1878 740 id,
1925 674 2074 744 quod
2106 683 2298 730 natura
2354 677 2554 731 bonum
2601 686 2657 731 et
2691 676 2982 732 honestum
3035 689 3146 744 est,
3211 678 3374 748 cujus

1799 763 1980 833 gratia
2000 763 2160 819 nobis
2192 765 2357 819 etiam
2376 765 2542 818 insita
2581 773 2690 830 est,
2727 775 2885 818 enata
2919 772 3081 819 estet
3105 765 3372 830 excrevit,

1801 852 1901 909 sed
1940 854 2007 908 ad
2052 855 2337 911 bestialem
2368 855 2792 926 pecorinamque
2823 863 2878 911 ct
2906 856 3135 910 rationis
3175 869 3374 924 exper-

1802 953 1908 999 tem
1966 954 2258 1011 naturam,
2295 961 2360 1000 co
2417 946 2717 1016 appetitum
2747 958 2802 1002 et
2838 948 3124 1018 imperium
3157 945 3374 1016 cupidi--

1801 1037 1929 1091 tatis
1979 1038 2248 1106 rapiente,
2292 1053 2462 1108 pravo
2496 1039 2644 1093 circa
2674 1039 2879 1094 bonum
2906 1055 2970 1094 ac
3015 1045 3227 1094 rectum
3285 1038 3376 1107 jn-

1799 1127 1983 1192 dicio,
2025 1145 2245 1199 germen
2301 1131 2707 1186 transmutavit.
2758 1131 2949 1186 itidem
3013 1131 3109 1185 iraa
3155 1144 3376 1201 quoque

1799 1233 1989 1274 semen
2036 1236 2144 1275 non
2199 1222 2265 1276 ad
2320 1221 2694 1277 fortitudinem
2729 1224 2972 1288 exacuit,
3026 1223 3123 1279 sed
3180 1221 3246 1276 ad
3281 1237 3377 1292 pu-

1800 1311 2075 1378 gnandum
2107 1327 2230 1366 cum
2264 1314 2619 1383 popularibus
2662 1330 2726 1370 ac
2767 1315 3032 1385 proximis
3064 1330 3163 1370 nos
3202 1330 3376 1368 arma-

1798 1401 1916 1466 vit;
1974 1402 2212 1472 itemque
2260 1404 2574 1460 dilectionis
2625 1407 2709 1461 vis
2761 1408 2828 1460 ab
2886 1406 2986 1469 iis,
3023 1421 3144 1475 qua:
3191 1413 3378 1461 mente

1798 1493 2201 1563 percipiuntur,
2235 1495 2510 1558 discessit,
2552 1503 2607 1550 et
2669 1497 2724 1550 in
2787 1496 3016 1551 fruendo
3052 1497 3216 1551 rebus
3269 1495 3376 1550 sub

1809 1603 2030 1642 sensum
2061 1588 2387 1644 cadentibus
2417 1599 2472 1644 et
2521 1590 2894 1646 materialibus
2958 1590 3097 1644 ultra
3151 1589 3372 1644 modum

95 1675 654 1738 κατασκευασθέντος
692 1673 824 1741 (16),
870 1673 1018 1724 ποῖον
1044 1670 1206 1723 ὅπλον
1226 1669 1366 1722 κατὰ
1394 1668 1489 1722 τοῦ
1526 1686 1696 1740 προσ-

1809 1676 2066 1731 insanivit
2097 1685 2262 1746 atque
2304 1677 2637 1732 debacchata
2686 1687 2789 1746 est,
2828 1689 3133 1749 caeteraque
3182 1677 3373 1734 eodem

95 1767 436 1828 παλαίοντος
481 1764 676 1836 ἕξομεν
697 1781 710 1830 ;
763 1762 974 1833 Ὲφίησι
1005 1762 1118 1832 (17)
1141 1761 1320 1814 τοίνυν
1345 1760 1412 1813 τὰ
1437 1759 1565 1813 νόθα
1587 1759 1695 1814 τῶν

1809 1766 1962 1820 modo
2033 1767 2218 1837 pejora
2285 1782 2384 1838 pro
2439 1769 2763 1824 melioribus
2809 1770 3054 1840 germina
3098 1769 3374 1839 produxe-

95 1857 456 1930 σπερμάτων
475 1858 533 1909 ἐν
553 1858 677 1926 ἡμῖν
701 1855 730 1906 6
757 1854 1021 1924 γεωργὸς,
1039 1852 1136 1922 οὐχ
1161 1851 1237 1915 ὡς
1265 1851 1353 1904 ἀεὶ
1385 1852 1496 1923 (18)
1527 1868 1696 1906 κατα-

1809 1856 1994 1929 runtz)
2043 1857 2250 1913 idcirco
2291 1859 2817 1931 prudens'agrieola
2857 1874 3076 1930 germen
3119 1860 3366 1913 innatum

96 1952 338 2020 κρατεῖν
367 1951 465 2018 τῆς
496 1945 825 2018 τιμιωτέρας
887 1946 1119 2015 σπορᾶς,
1149 1943 1265 1997 ἀλλ’
1297 1943 1373 2006 ῶς
1401 1942 1569 2013 αὐτὴν
1597 1941 1694 2013 τὴν

1809 1948 1991 2003 semini
2025 1947 2178 2002 ineo
2220 1949 2402 2004 inesse
2451 1948 2606 2014 sinit,
2645 1949 2698 2004 id
2751 1949 3046 2020 providens
3097 1957 3261 2020 atque
3291 1963 3376 2003 ca-

100 2040 396 2110 ᾶρουραν(
425 2038 566 2092 οὕτω
598 2037 705 2108 γάρ
729 2037 827 2108 τὴν
867 2036 1094 2107 καρδίαν
1127 2033 1401 2104 τροπικῶς
1434 2035 1542 2104 (19)
1577 2035 1696 2087 tivo-

1809 2052 1937 2092 vens
1971 2053 2039 2092 ne
2100 2039 2420 2094 melioribus
2455 2039 2748 2106 nudemur,
2781 2039 2828 2094 si
2863 2053 2970 2094 una
3005 2055 3132 2094 cum
3190 2038 3372 2094 inutili

107 2133 268 2199 μάζει
292 2132 312 2200 )
340 2130 432 2184 διὰ
458 2131 555 2201 τῆς
583 2129 911 2200 ἐγκειμένης
940 2129 1080 2197 αὐτῇ
1114 2125 1348 2196 φυσικῆς
1385 2124 1496 2194 (20)
1531 2125 1694 2226 δυνέ-

1809 2127 2036 2228 ge‘ndne
2076 2128 2352 2228 cupiditas
2399 2129 2634 2228 penitus
2703 2128 2870 2184 fuerit
2919 2129 3243 2228 exstirpata.
3311 2127 3371 2228 Si

111 2240 275 2290 μεως,
323 2223 446 2291 1ητις
482 2222 631 2275 ἐστὶν
674 2223 704 2274 ὁ
744 2218 1026 2288 λογισμὸς,
1073 2217 1134 2269 τὸ
1181 2217 1278 2286 μὲν
1316 2215 1546 2286 ξηρᾶναι
1587 2213 1696 2270 τῶν

1809 2213 1904 2270 Lith
1934 2217 2080 2271 enim
2110 2217 2374 2272 acciderit
2397 2219 2650 2271 humana:
2671 2225 2902 2280 naturae,
2933 2217 3066 2287 quid
3095 2217 3200 2270 erit
3223 2215 3374 2286 quod

110 2313 532 2383 βλαστημάτων,
579 2311 643 2365 τὸ
672 2311 730 2364 δέ
769 2312 1045 2380 κάρπιμον
1073 2307 1166 2361 καὶ
1207 2305 1432 2369 εὐθαλὲς
1457 2305 1698 2377 ἀπεργά-

1812 2323 1894 2364 ιοε
1935 2311 2107 2378 erigat
2135 2319 2190 2363 et
2222 2310 2411 2364 incitet
2450 2309 2518 2364 ad
2564 2311 2873 2364 cmlestium
2920 2307 3372 2375 coniunctionem

111 2404 330 2459 σασθαι.
359 2405 424 2456 El
466 2403 525 2456 δὲ
573 2403 650 2473 μὴ
691 2399 851 2454 τοῦτο
890 2401 1118 2468 γένοιτο,
1149 2397 1228 2468 τῷ
1269 2397 1405 2467 πυρὶ
1453 2394 1552 2466 τὴν
1597 2396 1698 2466 τῆς

1809 2409 1957 2469 itque
1985 2399 2483 2468 prepinquitatem?
2509 2409 2603 2454 aut
2643 2400 2856 2455 sublata
2903 2399 3214 2459 dilectione,
3264 2408 3374 2466 qua

111 2495 386 2564 γεωργίας
420 2493 694 2565 διάκρισιν
722 2491 1062 2562 ταμιεύεται.

1809 2489 2004 2542 ratione
2032 2502 2156 2542 cum
2181 2488 2365 2542 divino
2401 2491 2622 2544 numine
2643 2489 3022 2558 copulabimur
3057 2495 3111 2541 et
3140 2485 3374 2556 conjun-

111 2583 341 2654 gemur?
374 2581 459 2636 Ira
500 2581 628 2635 item
653 2580 950 2642 exstincta,
982 2577 1183 2648 quibus
1215 2574 1385 2631 armis
1421 2573 1687 2630 adversus
1716 2575 2076 2632 reluctantem
2111 2578 2367 2632 utemur?
2405 2577 2684 2649 Relinquit
2721 2580 2889 2650 igitur
2927 2580 2980 2632 in
3024 2577 3181 2632 nobis
3224 2576 3375 2646 agri-

112 2675 228 2729 cola
259 2677 472 2730 semina
497 2675 826 2736 adulterina,
856 2686 964 2726 non
996 2676 1056 2724 ut
1087 2670 1301 2738 semper
1336 2667 1664 2737 praevaleant
1699 2665 1961 2724 adversus
1999 2671 2376 2740 pretiosiorem
2409 2681 2667 2742 segetem,
2696 2671 2791 2726 sed
2829 2680 2888 2725 ut
2928 2670 3044 2739 ipsa
3093 2668 3255 2723 tellus
3276 2669 3373 2738 (ita

114 2769 254 2822 enim
286 2768 580 2839 allegorice
612 2781 679 2820 ac
719 2780 816 2835 per
848 2762 1068 2818 modum
1107 2759 1486 2816 translationis
1511 2773 1609 2813 cor
1647 2760 1935 2830 nominat)
1975 2776 2071 2831 per
2108 2763 2331 2819 insitam
2359 2766 2407 2820 ei
2444 2765 2548 2818 vim
2579 2764 2909 2827 naturalem,
2934 2775 3056 2832 qum
3088 2767 3171 2814 est
3202 2759 3368 2824 ratio,

116 2860 258 2915 aliud
289 2860 512 2929 quidem
542 2873 763 2929 germen
795 2854 1056 2910 arefaciat
1085 2861 1139 2906 et
1164 2851 1425 2917 exsiccet,
1455 2850 1601 2906 aliud
1630 2865 1758 2906 vero
1780 2850 2034 2907 ﬂoridum
2066 2863 2230 2926 atque
2261 2856 2579 2928 frugiferum
2605 2856 2799 2913 efﬁciat
2827 2875 2840 2910 :
2869 2853 3064 2925 quodsi
3089 2851 3139 2906 id
3165 2849 3372 2910 factum

117 2968 219 3007 non
254 2951 450 3015 fuerit,
491 2951 603 3020 igni
636 2948 935 3004 discrimen
963 2943 1078 3015 agri
1112 2951 1410 3012 proventus
1440 2941 1752 3000 faciendum
1791 2953 2053 3001 reservat.

180 3079 406 3142 οὐκοῦν,
437 3081 485 3133 εί
525 3079 623 3150 μέν
656 3095 741 3141 τις
781 3076 994 3139 τούτοις
1032 3074 1172 3129 κατά
1209 3075 1302 3128 τὸν
1338 3074 1523 3128 δέοντα
1561 3074 1695 3146 χρή-

118 3191 202 3227 σαι
225 3173 339 3243 (21)
362 3172 543 3239 λόγον,
570 3172 628 3223 ἐν
654 3168 804 3239 αύτῷ
833 3167 947 3238 (22)
973 3167 1317 3238 λαμϐάνηται
1344 3165 1457 3236 (25)
1490 3168 1694 3231 ἐκεῖνα,

117 3265 208 3318 καὶ
239 3264 316 3335 μὴ
344 3263 510 3324 αὐτὸς
535 3263 591 3314 ἐν
624 3260 871 3324 ἐκείνοις,
910 3257 1025 3311 ἀλλ’
1068 3257 1179 3329 (24)
1199 3251 1310 3310 οἷόν
1338 3273 1421 3320 τις
1448 3255 1699 3326 βασιλεὺς

114 3359 177 3426 τῇ
204 3353 523 3425 πολυχειρίᾳ
545 3352 652 3404 τῶν
687 3349 947 3420 ὑπηκόων
972 3346 1220 3418 συνεργῷ
1245 3345 1546 3418 χρώμενος»
1571 3347 1702 3417 ῥᾷον

117 3446 450 3516 κατορθώσει
489 3444 601 3514 (25)
635 3443 697 3496 τὸ
728 3443 848 3495 κατ’
891 3439 1090 3511 ἀρετὴν
1138 3437 1592 3507 σπουδαζόμενον.
1639 3435 1700 3488 Εἰ

113 3537 164 3590 δὲ
202 3538 435 3598 ἐκείνοις
465 3535 575 3604 (26)
599 3533 830 3602 γένοιτο,
865 3531 1115 3602 καθάπερ
1141 3529 1342 3582 δούλων
1375 3527 1534 3581 τινῶν
1571 3529 1702 3581 ἐπα-

118 3628 427 3679 ναστάντων
445 3624 521 3693 τῷ
533 3623 874 3692 κεκτημένῳ,
893 3620 989 3673 καὶ
1008 3619 1066 3686 ἐξ
1089 3613 1163 3672 ῶν
1183 3615 1560 3689 δραποδισθείη
1585 3615 1696 3687 (27)

112 3719 230 3779 ταῖς
260 3715 537 3776 δουλικαῖς
569 3714 830 3775 ἐπινοίαις
859 3711 968 3782 (28)
996 3710 1235 3779 ἀγεννῶς
1263 3707 1538 3778 ύποκύψαι
1561 3707 1696 3779 (29),

117 3810 202 3860 καὶ
242 3808 437 3874 κτῆμα
470 3806 677 3873 γένοιτο
703 3803 808 3856 τῶν
850 3801 1274 3872 ὑπεζευγμένων
1302 3800 1443 3854 κατά
1465 3798 1563 3870 τὴν
1594 3798 1697 3868 φύ-

121 3915 192 3950 σιν
220 3895 407 3965 αὐτῷ,
443 3895 578 3965 πρὸς
607 3897 783 3947 ἐκεῖνα
818 3897 936 3949 κατ’
964 3894 1210 3963 ἀνάγκην
1251 3891 1693 3962 μετατεοήσεται,

122 3987 248 4053 ιρδς
304 3985 456 4054 ἅπερ
505 3986 571 4038 ἄν
626 3987 657 4056 ἡ
709 3986 1068 4057 ἐπικράτησις
1120 3983 1228 4036 τῶν
1275 3981 1698 4051 καθηγουμένων

123 4075 366 4141 βιάζεται
404 4075 534 4146 (50).
568 4076 629 4128 Et
653 4075 709 4128 δὲ
747 4074 858 4145 (51)
905 4073 1079 4128 ταῦτα
1108 4073 1296 4126 τοῦτον
1322 4071 1434 4142 ἔχει
1460 4070 1552 4123 τὸν
1575 4071 1699 4141 τρό-

123 4185 233 4232 mv,
257 4168 386 4221 οὔτε
410 4169 626 4240 ἀρετὴν,
658 4167 782 4221 οὔτε
811 4168 1009 4223 κακίαν
1032 4169 1116 4236 ἐφ’
1141 4165 1348 4219 ἑαυτῶν
1376 4163 1546 4217 ταῦτα
1573 4164 1700 4216 ἀπο-

123 4260 452 4330 ςανούμεθα,
490 4261 590 4314 ὅσα
637 4261 914 4329 κινήματα
963 4258 1064 4328 τῆς
1103 4256 1279 4327 ψυχῆς
1325 4255 1453 4307 ὄντα
1501 4255 1593 4306 ἐπὶ
1630 4253 1697 4322 τῇ

121 4350 338 4419 ἐξουσίᾳ
360 4349 467 4402 τῶν
491 4350 790 4420 χρωμένων
817 4349 1014 4412 κεῖται,
1040 4346 1074 4418 ἢ
1099 4346 1277 4409 καλῶς
1300 4345 1334 4416 ἢ
1356 4343 1558 4415 ἑτέρως
1585 4343 1698 4415 (52)

121 4440 280 4509 ἐχειν.
331 4440 470 4493 Ἀλλ’
511 4442 639 4494 ὃταν
694 4439 795 4509 μὲν
844 4439 1028 4503 αὐτοῖς
1079 4437 1215 4508 πρὸς
1259 4437 1320 4490 τὸ
1371 4438 1616 4507 κρεῖττον
1663 4435 1700 4505 ἡ

182 4644 267 4712 (6)
308 4641 724 4709 ’Ersrxoﬁoar.
753 4645 796 4695 Α
820 4642 864 4693 Β
883 4641 1231 4712 ἐνεγκούσης.

185 4715 266 4784 (Ἰ)
304 4712 703 4784 Ἐξστόιίωσεν.
732 4712 1192 4784 Ιὶ-άνεστόμωσεν.

187 4783 268 4854 (8)
302 4780 425 4854 Τὴν
453 4780 588 4835 τῶν.
617 4783 737 4854 [Τήν
761 4781 996 4854 deletA.

185 4849 267 4921 (9)
304 4853 429 4908 Τῶν
454 4849 851 4919 νοητῶνύειει
888 4852 947 4906 Β.

183 4924 304 4991 (11))
348 4921 829 4989 Ὀλομανήσασα.
850 4924 890 4992 Α
929 4922 969 4972 Β
1003 4921 1410 4992 ύλομανήσασα.

184 4989 304 5062 (11)
334 4992 449 5047 Τὸν·
473 4993 680 5062 αὐτόν.
708 4993 768 5062 (Α
798 5000 852 5046 ει
870 4989 1263 5062 Bpraemittnnt
1300 4989 1462 5045 κατά.

182 5061 302 5134 (1
335 5062 525 5134 Πάθη.
545 5061 589 5112 Α
618 5061 800 5134 πάθοι.

177 5130 302 5200 (15)
341 5132 414 5186 Ἦ
447 5131 651 5199 φύσις.
684 5133 727 5184 Α
754 5130 905 5185 addit
934 5130 1273 5200 ἀνθρωπίνη.

181 5202 302 5270 (Id)
377 5201 798 5267 Ἐπουρανίων.
830 5202 875 5253 Δ
913 5201 1196 5272 ούρανίων.

180 5273 302 5340 (15)
343 5272 632 5338 Ἀφαιρείλ
664 5274 708 5325 Α
733 5270 1147 5341 ἁναγρεθείσης.

180 5288 302 5340 (ιο)
350 5288 632 5338 Apamea.
664 5288 708 5325 Α
733 5288 1153 5393 αναγρευεισῖ..

117 5342 1194 5466 ωίὶῖζς.¹ξιῗῖἔῖεῗῖξιῖίἷὲἒῗεῖζὲἒὲδέντοὲἷ
1243 5347 1393 5394 mw
1437 5334 1699 5391 “"6"

347 5450 364 5472 ν
395 5426 452 5463 ιιι
471 5426 715 5472 margine
741 5426 1193 5472 αποσοεσυεντος.

181 5427 364 5473 eme,
395 5427 452 5463 In
471 5427 715 5480 margine
741 5427 1172 5476 αποσοεσυεντος

181 5481 302 5550 (17)
345 5481 609 5553 Egomet.
645 5481 685 5534 Α
717 5483 932 5553 ἀφίησι.

184 5553 305 5619 (18)
355 5551 487 5604 Ἆεί.
523 5553 565 5603 Α
598 5554 789 5608 είσαεί.

185 5617 306 5690 (ίθ)
352 5621 475 5685 Τὴν
504 5622 671 5689 καιό.
707 5641 867 5692 mox.
894 5624 934 5679 Β
959 5621 1232 5697 τροπικῶς
1267 5637 1314 5674 τ.
1357 5617 1512 5690 καρδ.

1872 3077 2143 3146 Quocirca
2167 3081 2212 3136 si
2236 3081 2456 3152 quidem
2480 3083 2679 3154 aliquis
2706 3083 2792 3139 his
2809 3093 2957 3142 recte
2983 3094 3038 3140 et
3063 3086 3135 3140 ita
3153 3093 3212 3140 ut
3234 3085 3379 3140 ratio

1797 3170 2039 3237 postulat
2081 3178 2288 3236 utatur,
2317 3180 2371 3226 et
2407 3173 2462 3226 in
2491 3188 2610 3228 sese
2634 3173 2854 3243 quidem
2888 3175 3120 3244 recipiat
3148 3189 3236 3240 ea,
3264 3189 3377 3228 non

1799 3268 1980 3314 autem
2017 3262 2133 3330 ipse
2186 3263 2240 3316 in
2277 3271 2597 3331 potestatem
2646 3265 2864 3318 illorum
2921 3266 3217 3334 redigatur,
3274 3265 3372 3320 sed

1800 3357 2063 3419 tanquam
2096 3367 2188 3406 rex
2227 3351 2428 3420 aliquis
2460 3368 2652 3423 magna
2685 3369 2848 3408 manu
2875 3355 3218 3410 subditorum
3273 3357 3375 3412 ad-

1798 3439 2000 3510 jutrice
2037 3448 2254 3502 utatur,
2298 3439 2516 3495 facilius
2563 3451 2853 3499 assecutus
2909 3444 3074 3499 fuerit
3129 3444 3180 3498 id
3231 3445 3378 3514 quod

1803 3544 1926 3582 cum
1953 3528 2155 3584 virtute
2191 3529 2404 3584 efﬁcere
2451 3543 2698 3587 conetur.
2740 3532 2836 3588 Sin
2891 3543 3071 3588 autem
3111 3535 3378 3604 quemad-

1804 3618 2023 3673 modum
2056 3620 2171 3674 [ἱεγὶ
2209 3625 2372 3685 solet,
2417 3639 2541 3678 cum
2576 3625 2722 3680 servi
2774 3627 2941 3696 aliqui
2982 3627 3245 3682 adversus
3274 3626 3377 3680 do-

1803 3708 2008 3762 minum
2063 3711 2379 3783 insurgunt,
2419 3713 2528 3770 illis
2557 3715 2830 3773 obnoxius
2866 3716 3051 3784 fuerit,
3087 3726 3141 3773 et
3191 3718 3380 3773 servili

1803 3802 2129 3871 arrogantiae
2160 3813 2327 3874 atque
2357 3806 2700 3861 confidentiae
2754 3809 3009 3878 degeneri
3055 3807 3381 3878 abjectoquo

1803 3895 1990 3947 animo
2022 3898 2412 3964 succumbens,
2456 3914 2649 3954 servus
2701 3910 2754 3955 et
2800 3901 3131 3971 mancipium
3187 3917 3382 3954 eorum

1805 3981 1986 4036 factus
2022 3982 2114 4048 sit,
2143 3999 2265 4054 qua:
2296 3996 2491 4040 natura
2526 3987 2575 4043 ei
2603 3987 2847 4056 subjecta
2880 3997 3026 4054 sunt,
3071 3989 3137 4042 ad
3181 4003 3245 4041 ea
3280 4004 3379 4044 ne-

1806 4071 2048 4126 cessario
2075 4074 2414 4139 traducetur,
2449 4092 2557 4146 quo
2585 4077 2668 4132 vis
2696 4077 2996 4146 regentium
3025 4092 3150 4132 eum
3194 4077 3378 4146 impu-

1806 4163 1948 4218 lerit.
1982 4160 2137 4229 Quod
2170 4164 2216 4218 si
2254 4165 2367 4219 haec
2399 4167 2473 4220 ita
2504 4177 2655 4231 sunt,
2702 4182 2877 4236 neque
2907 4167 3160 4220 virtutem
3196 4181 3379 4234 neque

1806 4252 1998 4308 vitium
2031 4269 2128 4322 per
2165 4269 2290 4310 sese
2339 4254 2457 4310 haec
2519 4271 2642 4311 esse
2699 4253 3202 4324 pronuntiabimus,
3256 4269 3380 4324 qum

1807 4359 1932 4398 cum
1963 4345 2158 4399 animae
2203 4353 2384 4402 motus
2445 4345 2578 4411 sint,
2641 4346 2696 4401 in
2751 4353 3018 4417 potestate
3050 4353 3104 4400 et
3155 4345 3384 4400 arbitrio

1809 4434 2082 4490 utentium
2133 4434 2300 4490 situm
2331 4442 2437 4502 est,
2498 4439 2706 4492 recline
2765 4451 2834 4490 an
2899 4435 3053 4507 pravi
3083 4435 3214 4492 sint.
3274 4433 3380 4490 Sed

1880 4638 1994 4710 (20)
2014 4639 2179 4708 Αὺτῇ
2200 4638 2486 4709 φυσικῆς.
2509 4638 2668 4709 Αύτῷ
2697 4637 2963 4710 φυσικῶς.

1877 4708 1989 4780 (21)
2009 4708 2258 4780 Χρήσαι.
2287 4711 2331 4763 Α
2356 4713 2408 4764 in
2429 4720 2577 4766 textu
2595 4708 2874 4780 χρήσεται,
2900 4708 2952 4761 in
2979 4708 3222 4779 margine
3247 4708 3382 4780 χρή-

1808 4795 1983 4834 σαιτο.

1878 4849 1992 4916 (22)
2033 4851 2130 4901 Ἐν·
2159 4846 2336 4913 αὐτῷ.
2368 4851 2411 4901 Α
2438 4850 2495 4901 ἐν
2517 4847 2713 4918 ἐαυτῷ.

1899 4919 1988 4989 25)
2016 4919 2407 4988 Λαμόάνεται,
2442 4920 2486 4970 Δ
2519 4919 2559 4969 Β
2587 4918 2898 4989 λαμϐάνων.

1897 4989 1989 5058 24)
2029 4990 2213 5043 Ἀλλ’.
2237 4990 2278 5040 Β
2307 4989 2616 5058 γενόμενος.

1898 5055 1990 5128 25)
2017 5055 2406 5125 Κατορθώσει.
2431 5055 2472 5111 Ᾱ
2513 5058 2566 5111 in
2599 5058 2846 5128 margine
2873 5055 3264 5128 καρτοροὼσοι.

1901 5127 1992 5193 26)
2039 5129 2400 5194 Ἐκείνοις.Β
2439 5129 2526 5180 ἐπ’
2557 5127 2802 5189 ἐκείνοις.

1876 5192 1991 5268 (27)
2026 5199 2120 5268 Ἐξ
2137 5193 2225 5251 ὧν
2239 5192 2489 5265 δραποδ.
2517 5201 2561 5250 Α
2585 5195 3085 5267 ἐξανδραποδισθείη
3107 5195 3222 5261 καί,
3238 5193 3278 5246 Β
3300 5192 3385 5258 eg-

1817 5267 2284 5336 ανδροποδισθείη.

1880 5335 1992 5410 (28)
2039 5335 2385 5410 ξεπινοξιιις.
2487 5335 2784 5410 ἀπονοίας..

1882 5402 1996 5476 (29)
2037 5407 2050 5424 '
2065 5406 2399 5476 Υπίοκύψαι.
2417 5407 2487 5476 ΔΑ(
2503 5406 2542 5476 Β
2569 5402 2875 5472 ὑποκύψας.

1886 5473 1998 5548 (⁵ο)
2031 5474 2307 5548 Βθάζεζαι-
2331 5484 2374 5528 A
2408 5473 2678 5546 βιάζηται.

1889 5546 2000 5616 (ει)
2025 5548 2116 5600 Δέ.
2139 5547 2178 5616 Β
2205 5546 2290 5616 δή.

1887 5612 1999 5689 (δὲ)
2035 5612 2299 5684 Ἑτέρως.
2333 5613 2372 5669 Δ
2415 5613 2645 5688 ρηιτῐίεἰι
2676 5612 2774 5677 ὡς.

1972 4987 1992 5193 ἒ
