3990 6202
222 231 296 288 69
1319 215 1408 270 DE
1443 211 1660 271 ANIMA
1697 211 1786 268 ΕΤ
1827 208 2430 269 RESURRECTIONE.

3428 210 3493 270 7O

226 341 363 396 σκιά
387 339 487 395 τοῦ
516 335 888 408 σφαιροειδοῦς
926 334 1235 406 σχήματος,
1266 332 1328 386 ού
1364 331 1660 402 δυναμένου
1693 331 1815 385 κατ’

1922 328 2037 399 ejus
2064 330 2263 385 molem
2301 329 2508 384 feratur
2537 335 2702 398 atque
2723 329 2992 384 volvatur.
3025 327 3094 383 Et
3137 327 3488 399 quemadmoo

223 432 392 486 αὑτὸν
418 429 534 502 (58)
561 431 618 482 ὲν
647 425 829 496 κύκλῳ
864 422 1226 493 διαληφθῆναι
1253 423 1319 492 τῇ
1348 422 1446 491 τῆς
1478 421 1692 482 ἀκτῖνος
1722 435 1819 470 πε-

227 523 449 593 ριϐολῇ,
483 519 618 574 ἀλλά
645 516 786 572 κατά
814 517 995 569 πᾶσαν
1022 513 1288 583 ἀνάγκην,
1320 511 1439 565 καθ’
1464 512 1602 576 ὅπερ
1625 511 1691 564 ἂν
1718 510 1820 580 τῆς

225 612 338 682 γῆς
370 615 535 683 μέρος
562 606 875 680 προσϐάλλῃ
904 605 1014 676 (59)
1044 606 1165 666 ταῖς
1194 604 1405 656 ἀκτῖσιν
1430 602 1458 655 ό
1483 600 1652 672 ἥλιος,
1678 600 1820 654 κατά

224 721 379 767 τινος
427 702 652 772 κέντρου
697 699 919 761 πάντως
954 697 1047 751 ἐπὶ.
1091 696 1192 766 τῆς
1239 693 1472 765 σφαίρας
1516 692 1816 763 γινόμενος,

229 793 369 864 πρὸς
403 793 502 862 τὴν
533 790 646 861 (60)
681 789 905 843 εύθεῖαν
929 787 1219 857 διάμετρον
1251 784 1395 839 κατά
1420 783 1480 837 τὸ
1507 783 1690 854 ἕτερον
1717 781 1818 836 πέ-

231 899 338 954 ρας
381 881 572 944 σκότος
610 879 800 932 ἔσται’
831 878 926 931 καὶ
972 876 1114 930 οὓτω
1147 874 1288 930 κατά
1332 874 1393 928 τὸ
1437 873 1703 944 διηνεκὲς,
1740 871 1820 944 τῷ

231 971 443 1042 ἡλιακῷ
461 970 647 1042 δρόμῳ
668 970 783 1041 (61)
806 970 898 1022 ἐπὶ
917 969 979 1022 τὸ
1005 967 1374 1038 ἀντικείμενον
1393 969 1459 1038 τῇ
1483 966 1581 1036 τῆς
1605 967 1819 1028 ἀκτῖνος

233 1061 424 1132 εὐθείᾳ
458 1059 878 1133 σύμ-περιοδεύει
905 1059 966 1112 τὸ
990 1059 1202 1121 σκότος,
1245 1057 1382 1111 ὥστε
1424 1057 1565 1111 κατὰ
1595 1057 1654 1110 τὸ
1675 1051 1816 1123 ἴσον,

232 1151 328 1204 τόν
357 1169 414 1205 τε
446 1151 760 1222 ύπέργειον,
798 1150 893 1204 καὶ
923 1149 1016 1202 τὸν
1059 1149 1311 1218 ὑπόγειον
1334 1148 1499 1202 τόπον
1525 1147 1626 1201 ἀνά
1656 1147 1820 1219 μέρος

233 1241 482 1309 γίνεσθαι
514 1243 572 1296 ὲν
616 1241 755 1309 φωτί
804 1257 865 1292 τε
918 1239 1012 1293 καὶ
1060 1239 1240 1292 σκότει
1281 1239 1425 1308 (6⁸2)·
1457 1237 1625 1301 οὕτως
1674 1237 1818 1301 είκὺς

233 1331 336 1385 καὶ
373 1331 541 1385 τᾶλλα
581 1329 694 1398 (65)
731 1329 911 1382 πάντα
950 1329 1141 1399 ὅτιπερ
1177 1328 1244 1382 ἂν
1279 1327 1628 1399 στοιχειωδῶς
1657 1329 1714 1380 ὲν
1741 1325 1819 1396 τῷ

233 1421 360 1474 καθ’
395 1423 540 1492 ἡμᾶς
585 1420 928 1492 ἡμισφαιρίῳ
975 1419 1074 1490 τῆς
1107 1419 1210 1490 γῆς
1241 1419 1553 1490 θεωρεῖται,
1596 1418 1658 1471 τὸ
1690 1417 1820 1470 αὐτὸ

232 1514 333 1568 καὶ
375 1514 503 1583 περὶ
543 1513 605 1566 τὸ
651 1513 841 1583 ἕτερον
883 1507 1022 1565 εἶναι
1070 1511 1144 1582 μὴ
1175 1510 1554 1581 ἀμφιϐάλλειν.
1587 1511 1728 1573 Mai;
1761 1509 1817 1563 δὲ

234 1603 333 1656 καὶ
357 1603 456 1673 τῆς
491 1602 662 1674 αὐτῆς
700 1602 869 1674 οῦσης
907 1602 1045 1656 κατά
1091 1603 1200 1655 πᾶν
1237 1601 1347 1672 (61)
1377 1601 1476 1671 τῆς
1512 1601 1614 1670 γῆς
1653 1600 1819 1671 μέρος

232 1691 338 1760 τῆς
371 1692 479 1746 τῶν
511 1691 793 1762 στοιχείων
828 1692 1144 1763 περιϐολῆς,
1174 1691 1296 1745 οὔτε
1337 1691 1666 1759 ἀντιλέγειν,
1697 1689 1821 1743 οὔτε

237 1782 641 1854 συναγορεύειν
679 1779 826 1855 οἶμαι
858 1784 964 1837 δεῖν
991 1786 1103 1848 τοῖς
1134 1783 1262 1855 περὶ
1290 1782 1494 1836 τούτων
1529 1781 1820 1852 ἐνισταμέ-

233 1890 378 1936 νοις,
400 1872 477 1936 ὼς
497 1873 612 1928 δέον
639 1875 669 1943 ἢ
697 1874 902 1936 τοῦτον,
935 1875 968 1946 ἢ
997 1874 1088 1928 τὸν
1119 1873 1470 1944 καταχθόνιον
1495 1872 1658 1925 τόπον
1686 1872 1822 1925 ἀπο-

230 1963 496 2033 τετάχθαι
528 1964 732 2019 οἴεσθαι
759 1967 881 2029 ταῖς
908 1965 1019 2019 τῶν
1051 1965 1319 2036 σωμάτων
1347 1962 1684 2025 ὲκλυθείσαις
1711 1962 1818 2031 ψυ-

230 2058 381 2124 χαῖς.
412 2056 556 2118 Ἕως
584 2054 692 2126 γάρ
719 2055 786 2109 ἂν
819 2055 894 2126 μὴ
918 2055 1245 2126 παρακινοίη
1277 2054 1339 2107 τὸ
1406 2052 1816 2124 προηγούμενον

230 2145 414 2215 δόγμα
447 2147 478 2217 ἡ
517 2145 762 2210 ἔνστασις
806 2145 1053 2216 περὶτοῦ
1091 2139 1228 2199 εἶναι
1267 2143 1404 2214 μετά
1428 2143 1526 2213 τὴν
1565 2143 1622 2194 ἐν
1652 2141 1817 2212 σαρκὶ

233 2235 382 2307 ζωὴν
413 2235 514 2299 τάς
539 2235 736 2307 ψυχὰς,
760 2235 912 2289 οὐδὲν
952 2236 1080 2307 περ).
1115 2235 1280 2288 τόπου
1307 2234 1336 2286 ό
1378 2234 1638 2304 ἡμέτερος
1661 2232 1817 2300 λόγος

232 2325 676 2396 διενεχθήσεται,
728 2325 889 2396 μόνον
916 2324 1028 2396 (65)
1072 2323 1338 2393 σωμάτων
1381 2324 1507 2377 ἴδιον
1541 2317 1678 2375 εἶναι
1720 2321 1817 2392 τὴν

236 2415 333 2467 ἐπὶ
359 2417 528 2468 τόπου
560 2415 709 2469 θέσιν
735 2415 1168 2486 καταλαμϐάνων
1189 2429 1205 2446 ·
1235 2413 1413 2485 ψυχὴν
1441 2413 1497 2466 δὲ
1525 2411 1818 2484 ἀσώματον

234 2501 422 2569 οὖσαν,
471 2505 741 2577 μηδεμίαν
781 2506 1027 2578 ἀνάγκην
1075 2505 1219 2577 ἔχειν
1261 2507 1325 2558 ὲκ
1372 2503 1586 2575 φύσεως
1635 2504 1822 2568 τόποις

237 2598 380 2650 τισὶν
419 2598 836 2669 ὲγκατέχεσθαι.

1919 419 2048 472 dum
2076 434 2242 489 super
2273 426 2471 500 terram
2509 426 2802 488 apparente
2837 419 2972 482 sole,
3007 418 3074 472 ad
3105 418 3407 488 subiectam
3437 426 3490 472 et

1919 509 2190 564 infernam
2222 509 2343 579 ejus
2381 519 2590 580 partem
2641 510 2833 565 umbra
2869 517 3145 575 versatur,
3204 516 3490 579 propterea

1917 605 2063 676 quod
2125 605 2352 676 globosa
2391 605 2564 675 ilgura
2622 619 2732 658 non
2786 604 2960 674 possit
3001 603 3247 674 undique
3299 601 3489 658 eodem

1919 704 2168 767 tempore
2199 696 2267 751 ab
2304 695 2444 751 radii
2476 695 2724 766 amplexu
2756 695 3167 765 comprehendi,
3202 695 3296 750 sed
3334 709 3456 763 prox
3476 723 3491 734 -

1919 801 2016 842 sus
2034 800 2262 842 necesse
2287 785 2464 840 est'ut
2491 782 2556 838 ad
2578 798 2963 853 quamcunque
2989 791 3147 837 terra!
3178 789 3383 851 partem
3407 779 3488 835 sol

1919 880 2075 932 radio
2107 876 2436 938 admoverit,
2503 875 2558 929 in
2605 874 2842 945 quodam
2905 881 3108 944 puncto
3162 887 3388 944 prorsus
3432 871 3486 925 in

1921 967 2082 1037 globo
2124 974 2283 1023 terra:
2304 980 2552 1029 versans,
2585 964 2652 1018 ad
2687 977 2891 1020 rectam
2928 966 3128 1020 lineam
3189 963 3490 1019 demetien-

1921 1066 2054 1121 tem,
2101 1072 2223 1128 qua:
2282 1056 2569 1126 διάμετρος
2597 1055 2836 1121 dicitur,
2877 1055 3022 1110 circa
3059 1055 3286 1110 alteram
3331 1062 3491 1109 terra:

1919 1150 2323 1206 extremitatem
2389 1147 2624 1202 tenebrae
2683 1148 2831 1212 sint;
2893 1155 3058 1216 atque
3096 1147 3172 1200 ita
3229 1155 3489 1216 perpetuo

1921 1253 2027 1292 una
2059 1254 2183 1292 cum
2228 1253 2394 1293 cursu
2429 1238 2592 1292 solari
2625 1253 2788 1307 supra
2821 1237 3126 1307 oppositam
3167 1245 3331 1290 rectae
3351 1235 3488 1290 radii

1921 1330 2078 1383 lineae
2109 1336 2317 1398 partem
2350 1329 2590 1382 tenebrae
2625 1337 2910 1398 vagentur,
2943 1327 3078 1382 adeo
3110 1335 3170 1381 ut
3203 1327 3488 1397 aequabili-

1921 1429 2005 1475 ter
2035 1426 2090 1473 et
2123 1418 2338 1472 inferus
2359 1426 2412 1472 et
2442 1433 2672 1487 superus
2707 1426 2868 1474 teme
2900 1419 3052 1473 locus
3106 1417 3340 1473 invicem
3371 1425 3486 1470 tum

1922 1508 2164 1564 tenebris
2187 1507 2432 1570 obducti,
2467 1515 2581 1562 tum
2624 1509 2746 1563 luce
2783 1507 3041 1562 illustrati
3101 1507 3250 1562 sint:
3284 1509 3356 1562 ita
3391 1523 3490 1576 par

1919 1608 1974 1656 et
2010 1608 2444 1654 consentanequ
2495 1609 2578 1655 est
2625 1615 2736 1654 non
2780 1600 3033 1655 dubitare
3082 1600 3379 1670 quinetiam
3429 1600 3486 1653 in

1922 1693 2136 1747 caeteris
2167 1693 2423 1747 omnibus
2462 1691 2827 1762 quodcunque
2867 1691 3026 1762 juxta
3087 1699 3339 1746 naturam
3373 1691 3484 1746 ele-

1918 1792 2230 1836 mentorum
2264 1783 2318 1836 in
2380 1791 2568 1838 nostro
2609 1783 2994 1853 hemisphaerio
3048 1790 3207 1838 terra:
3237 1783 3487 1837 animad-

1915 1876 2172 1940 vertitur,
2197 1874 2338 1928 idem
2369 1873 2534 1927 etiam
2564 1873 2617 1927 in
2649 1874 2819 1928 altero
2852 1887 3073 1942 quoquc
3105 1871 3488 1942 hemisphaerio

1913 1965 2008 2020 sit.
2049 1965 2184 2019 Cum
2221 1973 2402 2019 autem
2445 1979 2542 2034 per
2570 1979 2786 2018 omnem
2824 1971 3032 2032 partem
3075 1971 3236 2017 terra:
3268 1977 3410 2018 unus
3436 1971 3489 2017 et

1913 2055 2056 2109 idem
2089 2055 2374 2122 amplexus
2412 2053 2806 2107 elementorum
2857 2053 2950 2120 sit,
3002 2069 3180 2123 neque
3217 2051 3490 2107 contradi-

1912 2142 2170 2206 cendum,
2236 2156 2413 2212 neque
2475 2141 2930 2211 patrocinaudum
2993 2143 3234 2198 arbitror
3273 2143 3342 2197 iis
3395 2143 3486 2213 qui

1915 2231 2058 2286 hanc
2093 2233 2452 2304 quaestionem
2485 2239 2703 2302 urgent,
2735 2232 2881 2303 quod
2909 2231 3134 2304 oportet
3175 2235 3490 2289 existimare

1915 2325 2000 2379 vel
2031 2324 2196 2390 hunc,
2228 2325 2310 2378 vel
2353 2325 2774 2380 subterraneum
2830 2325 3010 2379 locum
3060 2326 3389 2381 destinatum
3435 2334 3490 2380 et

1917 2414 2242 2468 attributum
2274 2431 2398 2470 esse
2418 2415 2618 2469 animis
2642 2430 2878 2484 corpore
2903 2416 3121 2471 solutis.
3146 2415 3280 2469 Nam
3313 2430 3489 2485 quan-

1925 2505 2018 2558 diu
2053 2505 2299 2574 urgendo
2330 2513 2385 2559 et
2414 2503 2670 2558 instando
2703 2504 3019 2574 primariam
3052 2509 3489 2576 praecipuamque

1923 2595 2250 2661 doctrinam,
2286 2609 2482 2664 nempe
2531 2594 2677 2664 quod
2711 2602 2834 2664 post
2867 2595 3029 2649 vitam
3071 2611 3191 2665 qua:
3231 2597 3284 2650 in
3323 2607 3490 2651 carne

238 2688 477 2760 degitur,
521 2690 720 2746 animae
766 2690 902 2754 sint,
943 2689 1259 2761 pervertere
1295 2704 1359 2745 ac
1397 2687 1723 2744 labefactare
1760 2698 1869 2741 non
1909 2686 2219 2752 conabitur,
2267 2685 2476 2774 nullam
2517 2685 2586 2740 de
2641 2685 2761 2740 loco
2819 2685 3248 2739 controversiam
3300 2692 3487 2740 nostra

242 2783 483 2837 movebit
522 2784 722 2850 oratio,
759 2798 880 2854 qua:
908 2796 1202 2853 corporum
1233 2783 1499 2837 duntaxat
1540 2781 1815 2852 propriam
1871 2793 1995 2835 esse
2028 2779 2081 2831 in
2109 2778 2230 2833 loco
2259 2779 2587 2850 positionem
2622 2778 3062 2850 comprehendit,
3093 2779 3331 2832 animam
3359 2793 3492 2834 vero

240 2887 362 2943 qua:
401 2874 724 2946 incorporea
761 2874 853 2938 sit,
885 2874 1032 2929 nulla
1060 2882 1270 2928 natura:
1301 2862 1641 2928 necessitate
1667 2871 1835 2927 certis
1872 2869 2200 2942 quibusdam
2236 2871 2376 2926 locis
2403 2870 2661 2927 detineri.

310 2965 374 3020 Γ.
405 2965 472 3018 Τί
504 2960 617 3031 οὖν,
657 2958 830 3030 εἷπον,
877 2964 926 3018 εί
962 2963 1054 3018 τὸν
1099 2962 1421 3017 Ἀπόστολον
1447 2964 1476 3016 ό
1515 2962 1813 3032 ἀντιλέγων

1989 2962 2054 3020 G.
2092 2964 2234 3030 Quid
2253 2964 2449 3038 igitur,
2473 2971 2717 3040 inquam,
2737 2964 2784 3021 si
2800 2965 3118 3036 Apostolum
3147 2967 3495 3026 adversarius

247 3057 613 3128 προδάλλοιτο
641 3056 776 3126 (66),
809 3057 991 3111 πᾶσαν
1021 3054 1248 3124 λέγοντα
1275 3055 1375 3127 τὴν
1405 3053 1628 3126 λογικὴν
1643 3053 1822 3108 κτίσιν

244 3153 300 3204 ἐν
330 3153 398 3220 τῇ
430 3149 526 3202 τοῦ
550 3149 746 3212 παντὸς
775 3148 1216 3202 ἀποκαταστάσει
1239 3148 1375 3220 πρὸς
1402 3147 1492 3201 τὸν
1507 3147 1602 3201 τοῦ
1623 3146 1821 3211 παντὸς

241 3241 610 3312 ἐξηγούμενον
645 3239 888 3310 βλέπειν,
919 3241 978 3294 ὲν
1010 3234 1090 3303 οἷς
1118 3239 1227 3310 (67)
1272 3237 1641 3308 καταχθονίων
1684 3255 1821 3308 μνη-

245 3333 465 3403 μονεύει
492 3330 655 3384 τινῶν
679 3330 748 3384 δι’
790 3329 1110 3399 Ἐπιστολῆς
1151 3329 1287 3399 πρὸς
1318 3326 1717 3398 Φιλιππησίους
1745 3327 1824 3379 εί-

244 3425 363 3478 πὼν
380 3441 394 3456 ο
417 3425 502 3478 ὅτι
525 3422 682 3494 Αύτῷ
702 3425 810 3476 πᾶν
837 3421 962 3491 γόνυ
989 3420 1194 3492 κάμψει
1223 3420 1559 3492 ἐπουρανίων
1585 3420 1678 3472 καὶ
1705 3420 1824 3472 ὲπι-

237 3517 408 3584 γείων
443 3515 537 3568 καὶ
564 3513 957 3584 καταχθονίων;
978 3542 1048 3552 -
1066 3513 1142 3566 Μ.
1175 3510 1574 3581 Ἑπιμενοῦμεν
1604 3509 1682 3581 τῷ
1707 3510 1823 3578 δόγ-

241 3626 401 3679 ματι,
424 3607 639 3677 φησὶ.νή
657 3605 999 3669 διδάσκαλος,
1018 3603 1121 3658 κᾶν
1143 3603 1314 3658 ταῦτα
1335 3603 1603 3672 λεγόντων
1613 3603 1824 3657 ἀκούω-

240 3717 370 3769 μεν,
402 3699 533 3769 περὶ
558 3697 737 3768 μέντοι
754 3697 869 3768 (68)
903 3695 996 3750 τοῦ
1015 3692 1273 3766 εἶναιτὴν
1295 3694 1473 3766 ψυχὴν
1504 3695 1710 3749 καὶτὸν
1736 3695 1824 3749 ἀνα

234 3791 532 3858 τιλέγοντα
563 3788 848 3859 σύμψηφον
867 3789 1105 3859 ἔχοντες,
1131 3788 1260 3860 περὶ
1280 3788 1448 3842 τόπου
1476 3787 1613 3859 (69),
1641 3785 1824 3850 καθὼς

234 3885 298 3934 ἐν
339 3882 456 3941 τοῖς
486 3878 750 3947 φθάσασιν
774 3881 1006 3952 εἴρηται,
1025 3881 1126 3935 ούκ
1145 3879 1512 3950 ἐνιστάμενοι.
1533 3908 1602 3918 -—
1617 3879 1677 3932 Γ.
1697 3879 1823 3940 Τοῖς

233 3968 341 4027 οὖν
367 3968 736 4039 ἐπιζητοῦσιν,
763 3966 932 4036 είπον,
963 3972 1065 4042 τὴν
1096 3971 1460 4044 ἀποστολικὴν
1499 3970 1613 4041 (70)
1649 3972 1708 4024 ὲν
1753 3973 1821 4042 τῇ

213 4064 400 4133 -φωνῇ
440 4059 616 4135 ταύτῃ
645 4061 756 4131 (71)
787 4062 1043 4128 διάνοιαν,
1073 4060 1127 4115 τί
1149 4061 1213 4115 ἀν
1243 4079 1328 4126 τις
1363 4061 1513 4134 εἴπῃ,
1545 4061 1702 4131 είπερ
1727 4059 1825 4128 τῆς

235 4153 480 4222 τοπικῆς
502 4154 777 4224 σημασίας
796 4154 1116 4224 ἀποκινοίης
1131 4153 1242 4224 (72)
1259 4153 1358 4224 τὴν
1380 4152 1525 4220 λέξιν
1541 4170 1556 4216 ς
1570 4180 1638 4191 -
1654 4153 1730 4205 Μ.
1755 4151 1820 4205 Ἦ

1921 3055 2207 3124 producat,
2241 3053 2514 3109 dicentem
2547 3056 2693 3126 quod
2728 3057 2908 3114 omnis
2942 3067 3196 3114 creatura
3224 3060 3495 3132 particeps

1922 3144 2154 3199 rationis
2171 3144 2224 3199 in
2244 3145 2587 3201 restitutione
2597 3145 2966 3203 universitatis
2979 3149 3263 3218 praasidem
3279 3152 3497 3208 univer-

1922 3248 2110 3288 sarum
2147 3250 2327 3289 rerum
2368 3234 2726 3290 observatura
2757 3237 2830 3291 sit
2869 3257 2881 3290 :
2913 3238 3002 3291 ubi
3029 3239 3191 3292 etiam
3220 3239 3496 3296 subterra-

1925 3341 2154 3380 neorum
2183 3326 2566 3381 nonnullormn
2598 3326 2838 3397 Epistola
2868 3329 2934 3382 ad
2976 3328 3351 3400 l’bilippenses
3383 3345 3494 3386 me-

1921 3417 2081 3472 minit
2094 3417 2176 3472 his
2191 3418 2400 3473 verbis:
2421 3417 2438 3470 l
2446 3420 2526 3488 psi
2546 3434 2707 3475 omne
2723 3436 2863 3491 genu
2878 3420 3144 3486 (lectetur,
3162 3422 3493 3490 cwlestium,

1925 3510 2266 3566 terrestriqu
2283 3520 2337 3566 et
2353 3511 2836 3568 subterraneorum
2855 3511 3023 3568 3—H.
3043 3512 3494 3569 Permauebimus

1922 3617 1986 3658 ac
2007 3603 2497 3673 perseverabimus,
2521 3606 2698 3676 inquit
2717 3607 2999 3678 magistra,
3023 3607 3076 3660 in
3106 3618 3256 3662 certa
3282 3607 3494 3662 stabili-

1923 3710 2027 3766 quc
2046 3696 2335 3760 sententia,
2353 3697 2567 3752 etiamsi
2584 3698 2871 3754 audiamus
2887 3699 3001 3754 haec
3014 3699 3280 3765 dicentes,
3294 3698 3498 3770 quippe

1923 3803 2050 3844 cum
2080 3789 2148 3844 de
2174 3805 2240 3844 eo
2263 3791 2480 3859 quidem
2513 3791 2659 3860 quod
2689 3793 2870 3847 anima
2909 3793 3003 3856 sit,
3031 3794 3194 3848 etiam
3231 3793 3494 3848 adversa-

1923 3877 2064 3932 rium
2107 3878 2530 3934 concordantem
2563 3889 2618 3935 et
2655 3883 3044 3938 assentientem
3079 3884 3396 3950 habeamus,
3427 3883 3497 3941 de

1925 3967 2048 4021 loco
2073 3977 2254 4024 autem
2285 3969 2379 4024 ubi
2407 3978 2692 4024 versatura
2727 3973 2817 4034 sit,
2858 3971 3002 4026 sicut
3033 3972 3084 4025 in
3119 3973 3496 4042 superioribus

1923 4057 2131 4112 dictqu
2173 4067 2278 4122 est,
2320 4075 2428 4114 non
2460 4076 2841 4130 repugnemus.
2873 4089 2943 4100 —
2969 4059 3034 4116 G.
3070 4060 3209 4127 Quid
3232 4077 3364 4132 ergo
3401 4077 3493 4115 re-

1923 4150 2293 4219 quirentibus,
2325 4151 2568 4221 inquam,
2611 4153 2968 4222 apostolicam
2992 4151 3046 4206 in
3083 4155 3182 4209 hac
3215 4170 3347 4210 voce
3370 4171 3497 4210 sen-

234 4247 322 4312 δὲ,
355 4243 432 4301 Ού
461 4263 549 4315 μοι
579 4245 747 4309 δοκεῖ,
767 4245 954 4317 φησιν,
986 4247 1014 4300 ό
1040 4245 1181 4310 θεῖος
1221 4244 1563 4308 Ἀπόστολος,
1580 4243 1818 4306 τοπικῶς

1929 4245 2154 4298 tentiam
2187 4243 2387 4313 aliquis
2415 4243 2638 4308 dixerit,
2669 4259 2736 4298 an
2769 4244 2912 4314 quod
2954 4243 3148 4298 attinet
3177 4245 3243 4299 ad
3282 4245 3385 4299 loci
3416 4245 3494 4300 si-

236 4335 344 4407 τὴν
373 4335 562 4405 ωεράν
607 4335 896 4407 διακρίνων
926 4335 1132 4401 ούσίαν,
1161 4333 1222 4388 τὸ
1248 4335 1347 4404 μὲν
1376 4334 1714 4404 ἐπουράνιον,
1762 4330 1825 4384 τὸ

235 4428 297 4482 δὲ
334 4426 603 4493 ἐπίγειον,
631 4425 692 4478 τὺ
724 4427 784 4480 δὲ
817 4425 1174 4497 καταχθόνιον
1207 4425 1470 4497 ὀνομάσαι
1501 4425 1634 4496 (75).
1678 4423 1818 4477 ’Λλλ’

238 4517 437 4589 ἐπειδὴ
467 4520 619 4591 τρεῖς
664 4518 763 4588 τῆς
805 4517 1030 4588 λογικῆς
1068 4517 1280 4588 φύσεώς
1313 4519 1419 4571 είσι
1457 4518 1818 4580 καταστάσεις

241 4609 382 4680 ήμῑν
424 4607 561 4676 (74),
614 4605 674 4672 ἐξ
713 4608 887 4678 ἀρχῆς
921 4607 1020 4678 τὴν
1059 4607 1352 4678 ἀσώματον
1395 4606 1654 4678 λαχοῦσαι
1708 4607 1817 4677 (75)

238 4699 495 4768 ζωὴν,ῆν
519 4698 815 4769 ἀγγελικὴν
840 4698 1176 4769 ὀνομάζομεν
1197 4716 1210 4729 ⁸
1241 4701 1276 4770 ἡ
1293 4698 1350 4752 δὲ
1366 4699 1500 4771 πρὸς
1521 4698 1620 4770 τὴν
1641 4699 1820 4771 σάρκα

302 4842 421 4910 (58)
451 4844 586 4897 Κατ’
610 4846 818 4898 αὐτόν.
849 4846 894 4899 Δ
924 4845 1066 4900 κατὰ
1089 4848 1304 4902 ταύτόν.

329 4911 422 4990 ἕξ)
454 4915 838 4990 ιέρρσδιέλλτι-
865 4918 912 4990 _A
933 4916 981 4990 ,Β
1009 4918 1310 4990 προσϐάλῃς

328 4983 422 5062 Si?)
456 4984 610 5062 "29¢
624 4982 760 5062 τήν·
787 4985 842 5062 B.
861 4986 956 5062 ἐπεὶ
977 4982 1094 5062 τήθ-

217 5050 459 5193 8)’.
483 5050 568 5118 Τῷ
619 5051 852 5120 ἡλιακῷ
906 5050 1123 5126 δρόμῳ.
1187 5055 1228 5108 Β
1266 5055 1406 5110 κατά
1448 5057 1538 5110 τὸν
1589 5056 1807 5128 ἡλιακὸν

378 5136 438 5171 ον
445 5161 459 5172 .

326 5138 678 5264 ξὲἶὶκότει.
705 5193 751 5245 Α
771 5199 832 5264 εειΔ
857 5191 1121 5264 Βνσκότῳ.

299 5258 422 5328 (es;
458 5261 673 5317 τᾶλλα.
710 5264 756 5314 Α
780 5260 848 5315 τὰ
868 5263 1022 5317 ἀλλα.

299 5327 423 5396 (δι)
448 5329 598 5385 Πᾶν.
619 5331 662 5384 Β
692 5332 887 5386 πάντα.

298 5398 423 5476 (ἓξ)
447 5401 743 5476 hidrqu
773 5403 1046 5476 μόνωνηΛ
1074 5403 1124 5457 in
1155 5404 1398 5476 margine
1422 5403 1614 5476 μόνων.

454 5465 872 5538 Προσᾴυίλοὶτο.
902 5465 1018 5528 ΑΒ
1045 5465 1385 5538 προδάλοῖτο.

295 5535 420 5608 (67)
459 5535 557 5593 Ἐν
587 5535 697 5607 οἶς.
735 5545 777 5596 Λ
811 5546 867 5600 ἐν
896 5543 979 5612 οἷς
1011 5535 1122 5599 καί.

403 5263 423 5468 ξ

1925 4333 2355 4403 gnitlcatiouem,
2381 4335 2677 4389 dictionem
2702 4337 3011 4392 removeat?
3029 4368 3097 4377 —
3121 4335 3193 4391 Μ.
3215 4335 3308 4390 llla
3328 4351 3492 4394 vero:

1926 4422 2045 4477 Non
2079 4423 2296 4478 videtur
2343 4424 2475 4479 mihi
2527 4423 2773 4493 divinus,
2821 4425 3016 4496 inquit,
3065 4427 3364 4498 Apostolus
3403 4442 3493 4482 ra-

1925 4519 2076 4575 tione
2093 4520 2198 4575 loci
2233 4528 2485 4575 naturam
2516 4530 2698 4578 mente
2717 4533 2880 4594 atque
2909 4523 3263 4594 intelligentia
3295 4524 3490 4595 praedi-

1927 4620 2037 4665 tam
2062 4610 2384 4666 discernens
2409 4620 2572 4682 atque
2594 4612 2962 4684 distinguens,
2982 4614 3126 4668 aliud
3147 4614 3364 4684 quidem
3381 4629 3491 4669 cm-

1926 4699 2084 4766 leste,
2107 4700 2253 4755 aliud
2282 4716 2410 4758 vero
2437 4709 2715 4768 terrestre,
2739 4703 2886 4760 aliud
2919 4704 3046 4760 item
3073 4706 3490 4761 subterraneum

1983 4849 2096 4922 (68)
2117 4850 2352 4922 Μέντοι.
2377 4852 2421 4904 Δ
2445 4851 2562 4922 μέν.

1979 4920 2094 4993 (69)
2129 4921 2266 4993 Περὶ
2287 4920 2496 4993 τόποι).
2514 4925 2559 4976 Δ
2591 4923 2720 4993 περὶ
2743 4922 2800 4977 δὲ
2824 4921 2918 4977 τοῦ
2934 4923 3098 4977 τόπου
3128 4925 3262 4979 ὅπου
3279 4925 3480 4990 καθικο

1909 4985 1952 5040 Β
1981 4985 2166 5044 itidem
2205 4985 2372 5044 liabet
2400 4991 2478 5044 δέ.

2124 5059 2582 5134 ξᾼπζοστςλικιξν.
2626 5059 2668 5114 Β
2694 5060 2976 5132 praemittit
3006 5063 3199 5134 αὑτήν.

1977 5128 2092 5200 (71)
2119 5131 2330 5200 Ταύτῃ.
2358 5129 2396 5180 Β
2424 5130 2645 5200 ταύτην.

2141 5199 2529 5271 ᾏποκινοίης.
2624 5200 2678 5271 -Β
2703 5199 3008 5271 ἀποκινοίη.

1981 5267 2097 5339 (75)
2140 5268 2516 5339 Ὡνιξμαᾳται.
2544 5269 2584 5319 Β
2613 5269 2897 5339 όνομάσαι.

1986 5336 2099 5422 (Ἱέ)
2137 5336 2326 5416 ἸΙμῖνλ
2362 5336 2402 5388 Β
2427 5338 2469 5389 Α
2506 5338 2688 5458 ἬμένΣ

1986 5405 2100 5458 (7ο)
2127 5410 2454 5458 Λαγουσαι.
2479 5405 2517 5458 Β
2565 5423 2688 5458 avom

1985 5405 2100 5475 (75)
2127 5405 2454 5476 Λαχοῦσαι.
2479 5405 2794 5476 Βλαχοῦσα,
2816 5406 2856 5460 Α
2875 5408 2928 5464 in
2947 5412 3096 5463 textu
3113 5406 3180 5466 τδι
3195 5405 3369 5476 ἀοώμ·
3390 5427 3478 5467 τόν

1913 5461 2494 5546 έχὸυσᾶ,ἱη”ιιιθι·εἰιιε
2522 5461 2792 5546 λαχοῦσα(
2898 5461 2927 5464 η
2980 5461 2991 5463 ⁷
3174 5461 3208 5466 ’ί
3267 5461 3326 5482 π’
