3990 6202
618 289 683 348 τι
1942 284 2001 345 S.
2031 283 2361 342 GREGORII
2398 283 2695 341 NYSSENI

619 404 957 464 nominasse.
982 401 1090 459 Sed
1126 400 1384 472 quoniam
1432 408 1638 458 naturae
1684 401 1898 458 ratione
1953 402 2191 473 praedita:

2301 403 2792 474 συμπεπλεγμένην
2833 401 2944 474 (76)
2979 402 3322 474 ἀνθρωπίνην
3358 402 3569 475 φαμέν·
3614 406 3654 477 ἡ
3706 405 3785 459 δὲ
3835 407 3868 462 ὁ

619 504 734 552 tres
789 503 968 550 status
999 503 1163 563 atque
1215 493 1558 552 conditiones
1602 503 1773 547 sunt:
1810 507 1918 546 una
1951 492 2192 561 quidem,

617 587 706 642 cui
738 587 809 640 ab
844 585 1000 640 initio
1030 583 1142 638 vita
1174 584 1444 654 contingit
1471 583 1800 653 incorporea
1827 595 1990 652 quam
2029 596 2195 652 ange-

618 677 779 734 licam
807 675 1188 744 nominamus;
1221 675 1392 729 altera
1425 689 1556 730 vero
1583 688 1707 728 cum
1739 688 1906 728 carne
1939 680 2195 728 conserta

619 774 784 838 atque
811 781 1078 830 connexa,
1103 780 1267 835 quam
1300 765 1594 818 humanam
1647 761 1919 830 dicimus;
1957 761 2064 816 alia
2096 777 2195 818 au-

617 868 725 914 tem
755 873 852 928 per
888 865 1118 912 mortem
1143 871 1172 910 a
1210 855 1527 910 carnalibus
1572 853 1844 908 absoluta.
1869 852 2001 920 Qua:
2027 867 2115 908 res
2138 853 2194 908 in

617 949 909 1004 animabus
965 947 1453 1010 animadvertitur,
1488 945 1594 1000 hoc
1623 944 1846 1016 opinor,
1903 944 2194 1000 altitudine

617 1041 901 1112 sapientia:
947 1041 1223 1095 videntem
1283 1039 1529 1093 divinum
1566 1037 1909 1108 Apostolum,
1951 1052 2074 1092 eum
2099 1036 2194 1106 qui

617 1133 911 1204 aliquando
957 1135 1173 1188 futurus
1219 1141 1325 1196 est,
1365 1133 1634 1186 universae
1689 1129 1901 1184 ratione
1959 1129 2196 1198 praedita:

617 1232 833 1279 natura:
862 1225 918 1279 in
952 1226 1098 1279 bono
1124 1239 1455 1279 consensum
1493 1221 1844 1292 signiﬁcare;
1875 1235 1939 1275 ac
1973 1222 2196 1276 cmleste

618 1316 840 1384 quidem
895 1332 1112 1379 vocare,
1151 1315 1459 1384 angelicum
1490 1321 1544 1367 et
1600 1313 2030 1380 incorporeum;
2085 1317 2197 1366 ter-

619 1415 792 1460 restre
822 1422 969 1471 vero,
1006 1406 1328 1474 implicitum
1357 1413 1411 1460 et
1436 1412 1749 1458 consertum
1775 1417 1898 1456 cum
1928 1417 2193 1471 corpore;

619 1496 1035 1552 subterraneum
1083 1506 1264 1550 autem
1297 1495 1350 1549 id
1381 1494 1522 1564 quod
1555 1495 1667 1564 jam
1696 1509 1726 1546 a
1767 1507 1996 1561 corpore
2040 1508 2197 1562 sepa-

616 1595 797 1642 ratum
832 1597 994 1656 atque
1022 1587 1355 1656 disjunctum
1400 1589 1492 1649 sit,
1529 1595 1623 1639 aut
1675 1592 1822 1638 certe
1854 1583 1896 1638 si
1928 1583 2033 1636 alia
2064 1599 2197 1653 quo-

613 1694 723 1749 que
747 1687 942 1749 praeter
972 1686 1321 1732 enumeratas
1354 1683 1572 1738 natura,
1601 1675 1743 1729 inter
1766 1675 1977 1728 ratione
2007 1673 2198 1743 praedi-

614 1777 700 1824 tas
737 1769 1218 1835 animadvertitur;
1248 1783 1410 1838 quam
1444 1767 1560 1822 sive
1589 1768 1714 1837 quis
1748 1767 2044 1832 daamonas,
2075 1767 2192 1822 sive

612 1861 860 1930 spiritus,
895 1861 1010 1916 sive
1063 1861 1268 1929 aliquid
1321 1859 1467 1913 aliud
1519 1859 1626 1913 tale
1673 1843 1908 1912 voluerit
1933 1857 2187 1913 denomi-

612 1966 767 2017 nare,
799 1966 909 2005 non
940 1951 1354 2016 contendemus,
1382 1949 1475 2005 sed
1502 1965 1710 2019 susque
1733 1947 1910 2018 deque
1927 1947 2186 2004 feremus.

610 2040 945 2097 Persuasum
1001 2051 1086 2098 est
1142 2042 1285 2097 enim
1325 2049 1434 2095 tam
1470 2056 1537 2095 ex
1577 2041 1856 2096 communi
1909 2040 2190 2111 opinione,

612 2144 778 2202 quam
800 2149 866 2188 ex
883 2133 1289 2203 Scripturarum
1309 2133 1629 2199 traditione,
1649 2147 1770 2188 esse
1787 2131 2079 2202 quamdam
2096 2145 2194 2185 na—

610 2229 790 2278 turam
815 2231 970 2278 extra
997 2225 1123 2277 talia
1149 2239 1402 2294 corpora,
1430 2241 1551 2294 quae
1577 2232 1724 2280 recto
1761 2235 1925 2293 atque
1960 2222 2216 2279 honesto“

609 2313 837 2368 adversa
888 2315 1279 2384 contrariaque
1333 2314 1425 2377 sit,
1485 2323 1540 2369 et
1592 2315 1649 2368 in
1680 2314 1934 2368 humana:
1978 2319 2190 2368 naturae

607 2402 995 2459 detrimentum
1070 2413 1236 2475 atque
1297 2406 1594 2474 perniciem
1662 2405 1994 2470 incumbat,
2065 2421 2188 2475 qua:

605 2504 802 2566 sponte
831 2511 930 2552 sua
965 2512 994 2551 a
1025 2498 1251 2552 meliore
1277 2507 1427 2553 sorte
1459 2497 1726 2552 exciderit
1751 2505 1918 2567 atque
1947 2496 2188 2552 deﬂuxe-

605 2585 700 2650 rit,
735 2593 792 2640 et
834 2585 890 2639 in
932 2585 1111 2640 locum
1142 2585 1268 2642 boni
1299 2593 1353 2640 et
1393 2585 1630 2650 honesti,
1671 2601 1833 2656 aquo
1874 2585 2096 2651 defecit,
2129 2585 2184 2641 id

2294 495 2522 550 θανάτου
2567 492 2678 549 τῶν
2726 492 3004 565 σαρκικῶν
3033 493 3144 562 (77)
3175 491 3571 565 ἀπολελυμένη.
3610 495 3834 568 ’Όπερ

2292 586 2487 658 ψυχαῖς
2513 585 2816 658 θεωρεῖται,
2856 583 3013 637 τοῦτο
3045 581 3216 655 οἶμαι,
3246 584 3326 655 τῷ
3360 585 3512 654 βάθει
3537 588 3640 659 τῆς
3694 590 3868 659 cogat:

2295 677 2560 749 βλέποντα
2599 676 2691 730 τὸν
2739 678 2879 730 θεῖον
2929 676 3267 739 Ἀπόστειλον,
3303 677 3482 748 πάσης
3513 678 3616 748 τῆς
3649 677 3868 747 λογικὲ

2294 767 2510 839 φύσεως
2556 768 2654 840 τὴν
2705 769 2761 821 ἐν
2800 767 2878 839 τῷ
2924 767 3110 838 ἀγαθῷ
3141 784 3270 820 ποτε
3315 769 3699 840 γενησομένην
3765 787 3868 840 συ)

2294 861 2498 930 φωνίαν
2540 859 2934 930 ἀποσημαίνειν
2960 877 2974 892 ο
3011 859 3330 930 ἐπουράνιον
3367 860 3465 930 μὲν
3507 859 3815 914 καλοῦντα
3860 880 3868 894 ·

2293 949 2583 1018 ἀγγελικὸν
2625 948 2719 1002 καὶ
2748 947 3032 1020 ἀσώματον
3050 965 3066 980 ο
3109 949 3346 1016 ἐπίγειον
3375 949 3430 1001 δὲ
3474 948 3535 1002 τὸ
3562 950 3868 1019 συμπεπλ

2295 1041 2493 1112 γμένον
2525 1039 2602 1111 τῷ
2633 1039 2876 1110 σώματι·
2926 1039 3277 1110 καταχθόνιον
3305 1041 3362 1094 δὲ
3382 1041 3443 1093 τὸ
3467 1041 3749 1112 διακεκρυ
3760 1059 3867 1111 μμ

2294 1153 2384 1188 νον
2417 1134 2530 1205 (78)
2576 1134 2674 1205 ἤδη
2708 1133 2802 1187 106
2838 1134 3109 1204 σώματος,
3155 1133 3186 1204 ἢ
3223 1133 3285 1205 δή
3329 1151 3411 1197 τις
3464 1135 3574 1204 (79)
3609 1136 3720 1187 καὶ
3761 1134 3868 1188 ἄλλ

2293 1224 2447 1295 παρὰ
2493 1223 2564 1276 τά
2589 1222 2853 1294 εἰρημένα
2886 1223 3046 1292 φύσις
3084 1223 3140 1274 ἐν
3178 1222 3366 1294 λογικῇ
3403 1221 3514 1292 (80)
3563 1223 3868 1294 θεωρεῖτα

2294 1313 2362 1386 ἢν
2395 1313 2502 1366 εἴτε
2533 1313 2790 1383 δαίμονας
2820 1313 2928 1366 εἴτε
2962 1313 3276 1382 πνεύματα,
3327 1313 3435 1364 εἴτε
3481 1311 3743 1365 τοιοῦτον
3787 1313 3867 1383 (8

2295 1403 2468 1458 ἐθέλοι
2521 1422 2606 1469 τις
2648 1405 3059 1474 κατονομάζειν,
3088 1405 3147 1456 οὑ
3191 1402 3520 1474 διοισόμεθα.
3573 1404 3868 1457 Πεπίστει

2294 1512 2383 1548 ται
2414 1495 2522 1566 (82)
2553 1495 2659 1567 γὰρ
2684 1495 2746 1548 ἔκ
2772 1512 2830 1548 τε
2858 1496 2957 1565 τῆς
2981 1496 3163 1566 κοινῆς
3193 1496 3527 1565 ὑπολήψεως,
3558 1493 3656 1548 καὶ
3689 1497 3770 1548 ἐκ
3807 1496 3868 1548 τί

2295 1585 2402 1640 τῶν
2433 1585 2545 1657 (85)
2575 1586 2806 1658 Γραφῶν
2835 1586 3203 1657 παραδόσεως,
3245 1582 3384 1639 εἷναί
3431 1603 3549 1639 τινα
3577 1586 3764 1654 φύσιν
3799 1587 3868 1652 ἐξ

2295 1676 2404 1731 τῶν
2449 1677 2698 1730 τοιούτων
2741 1677 3008 1747 σωμάτων
3047 1677 3379 1739 ὑπεναντίως
3415 1677 3548 1748 πρὸς
3600 1676 3664 1729 τὸ
3724 1678 3868 1730 καλε

2295 1756 2662 1840 διακειμένην,
2698 1769 2792 1822 καὶ
2825 1769 3126 1838 βλαπτικὴν
3161 1769 3258 1838 τῆς
3305 1768 3653 1839 ἀνθρωπίνης
3714 1766 3868 1838 ζωῆ‹

2296 1860 2554 1923 ἑκουσίως
2574 1861 2671 1931 τῆς
2691 1860 2994 1931 κρείττονος
3016 1858 3332 1929 ὑπολήψεως
3347 1859 3458 1930 (84)
3481 1861 3868 1930 ἀπορρυεῖσα)

2296 1949 2391 2003 κα).
2415 1953 2480 2020 τῇ
2511 1950 2804 2005 ἀποστάσει
2834 1950 2929 2003 τοῦ
2961 1950 3126 2003 καλοῦ
3154 1950 3212 2002 τὸ
3244 1950 3308 2002 ἐκ
3335 1949 3429 2002 τοῦ
3464 1950 3722 2002 ἐναντίου
3750 1968 3868 2004 νοοι

2299 2057 2458 2111 μενον
2489 2043 2545 2094 ἐν
2577 2041 2716 2111 αὑτῇ
2750 2042 2859 2110 (85)
2898 2042 3314 2111 ὑποστήσασαν·
3345 2041 3520 2112 ἥνπερ
3550 2042 3692 2109 φασὶ¹
3727 2060 3868 2096 κατι

2298 2130 2529 2202 χθονίοις
2575 2132 2888 2203 ἐναριθμετν
2923 2131 3012 2184 τὸν
3050 2131 3392 2194 Ἀπόστολον,
3441 2131 3598 2183 τοῦτο
3627 2132 3694 2183 ἐν
3747 2133 3868 2184 ἐκεί

2296 2239 2372 2293 νῳ
2407 2223 2517 2295 (86)
2548 2225 2624 2295 τῷ
2665 2225 2808 2295 λόγῳ
2856 2224 3206 2295 σημαίνοντα,
3251 2225 3331 2277 ὅτι
3367 2225 3463 2295 τῆς
3508 2224 3717 2288 κακίας
3761 2243 3868 2277 ποτ

2293 2315 2414 2377 ταῖς
2463 2316 2697 2385 μακραῖς
2750 2314 2857 2368 τῶν
2890 2314 3100 2368 αἰώνων
3146 2314 3411 2385 περιόδοις
3457 2313 3868 2382 ἀφανισθείσης

2293 2403 2444 2456 οὑδέν
2495 2403 2599 2471 ἔξω
2640 2404 2734 2458 τοῦ
2779 2405 2982 2474 ἀγαθοῦ
3029 2405 3536 2475 καταλειφθήσεται.
3589 2403 3766 2456 Ἀλλὰ
3797 2421 3868 2456 κσ

2293 2495 2423 2566 παρ’
2467 2495 2690 2549 ἐκείνων
2746 2497 3042 2566 ὁμοφώνως
3087 2496 3198 2568 (87)
3249 2498 3283 2568 ἡ
3325 2496 3580 2566 ὁμολογία
3629 2497 3743 2568 τῆς
3796 2514 3862 2550 το

2293 2583 2529 2656 Χριστοῦ
2563 2589 2880 2658 κυριότητος
2908 2588 3080 2641 ἔσται.

604 2673 752 2743 quod
791 2689 856 2728 ex
888 2675 1169 2728 contrario
1204 2675 1549 2747 intelligitur,
1576 2677 1633 2731 in
1678 2692 1801 2732 sese
1845 2676 2234 2733 substituerit:
2267 2692 2428 2747 quam
2465 2677 2621 2732 aiunt
2653 2678 2973 2748 Apostolum
3006 2679 3149 2735 inter
3187 2679 3546 2735 subterranea
3572 2691 3625 2736 et
3658 2681 3868 2736 infern;

605 2778 934 2828 numerare,
983 2765 1035 2818 id
1069 2767 1159 2820 illo
1195 2781 1448 2821 sermone
1487 2767 1879 2838 signiﬁcantem
1921 2769 2070 2839 quod
2102 2768 2396 2825 vitiositate
2441 2769 2620 2837 longis
2659 2771 2981 2826 saeculorum
3010 2772 3351 2826 anfractibus
3378 2784 3430 2827 et
3457 2773 3868 2829 circuitionibu;

616 2856 909 2925 aliquando
959 2857 1163 2910 abolita
1221 2864 1383 2927 atque
1430 2858 1719 2924 exstincta,
1761 2859 1896 2913 nihil
1931 2869 2125 2928 praeter
2153 2861 2359 2917 bonum
2403 2861 2763 2932 relinquetur.
2796 2861 2904 2918 Sed
2938 2864 3103 2918 etiam
3134 2863 3408 2918 daemones
3440 2863 3802 2920 concorditer
3837 2883 3866 2923 c

607 2948 1019 3018 consentienter
1048 2947 1476 3002 dominationem
1515 2947 1716 3004 Christi
1745 2950 2175 3006 conﬁtebuntur.

679 3037 953 3106 Quocirca
1001 3053 1126 3092 cum
1170 3037 1285 3093 haec
1335 3039 1412 3094 ita
1458 3039 1588 3107 sint,
1637 3055 1798 3096 nemo
1823 3056 1928 3098 nos
1957 3043 2191 3114 coegerit

2369 3046 2584 3101 Τούτων
2611 3046 2724 3118 (88)
2758 3045 2931 3110 οὑτως
2976 3046 3226 3118 ἐχόντων,
3275 3045 3452 3100 οὐκέτ’
3489 3044 3555 3100 ἄν
3595 3063 3686 3111 τις
3733 3051 3868 3120 ἡμᾶς

611 3131 1096 3186 snbterraneorum
1157 3142 1211 3186 et
1257 3131 1597 3189 infernorum
1647 3133 1868 3188 nomine
1919 3134 2193 3190 subterra-

611 3236 774 3277 neum
799 3219 1102 3290 intelligere
1120 3221 1319 3284 locum,
1360 3223 1562 3292 quippe
1601 3237 1726 3277 cum
1774 3237 1869 3278 aer
1911 3223 2194 3293 aequaliter

620 3310 859 3380 undique
889 3319 1049 3366 terrae
1093 3313 1460 3370 circumfusus
1489 3316 1581 3381 sit,
1606 3323 1667 3371 ut
1692 3317 1844 3371 nulla
1890 3315 2013 3386 ejus
2063 3331 2192 3386 pars

609 3405 679 3458 ab
709 3403 854 3456 aeris
887 3404 1138 3473 amplexu
1194 3421 1363 3460 vacua
1399 3422 1462 3460 ac
1521 3409 1665 3463 nuda
1727 3409 2189 3478 deprehendatur.

611 3498 746 3552 ._G.
762 3493 887 3550 llzec
902 3493 989 3548 ubi
1008 3496 1259 3566 magistra
1282 3497 1542 3568 exposuit,
1565 3499 1835 3570 paulisper
1869 3507 2188 3565 cunctatus,

607 3583 882 3650 Nondum,
914 3585 1158 3654 inquam,
1186 3586 1320 3640 satis
1351 3586 1602 3653 qtttesivi,
1635 3603 1738 3642 nec
1760 3589 1890 3643 mihi
1915 3589 2188 3659 quaarenti

611 3675 954 3730 satisfactum
1002 3683 1087 3730 est
1123 3693 1136 3728 :
1192 3677 1284 3730 sed
1344 3675 1509 3730 etiam
1565 3693 1712 3732 nunc
1754 3694 1921 3753 snper
1959 3682 2025 3738 iis
2069 3697 2191 3751 qua:

615 3766 761 3819 dicta
791 3774 920 3820 sunt
945 3782 1096 3822 mens
1119 3766 1386 3842 ambigua
1410 3767 1539 3821 mihi
1565 3767 1963 3837 quodammodo
1984 3779 2186 3834 manet,

612 3871 678 3910 ac
709 3871 862 3926 rogo,
903 3865 961 3910 ut
991 3855 1216 3911 omissis
1249 3856 1468 3926 quidem
1506 3858 1574 3913 iis
1603 3859 1670 3913 de
1698 3859 1899 3929 quibus
1919 3859 2034 3928 jam
2062 3874 2192 3915 con-

611 3946 759 4000 venit
779 3946 918 4000 inter
945 3961 1065 4008 nos,
1108 3947 1173 3999 ad
1211 3947 1458 4002 eamdem
1509 3948 1957 4018 consequentiam
1989 3949 2189 4002 iterum

612 4037 791 4091 oratio
821 4036 952 4090 mihi
978 4037 1289 4092 reducatur.
1311 4036 1443 4092 Nam
1470 4039 1612 4094 haud
1638 4041 1925 4096 difﬁculter
1953 4041 2192 4098 arbitror

611 4127 834 4197 eos,qui
857 4143 963 4180 non
981 4128 1273 4182 admodum
1294 4127 1424 4182 "duri
1440 4146 1502 4183 ac
1522 4131 1832 4200 pervicaees
1859 4133 1989 4197 sint,
2006 4151 2102 4205 per
2127 4151 2190 4190 ea

609 4234 734 4290 qua:
759 4219 904 4274 dicta
934 4229 1064 4274 sunt
1093 4221 1376 4275 induetum
1412 4221 1500 4285 iri,
1533 4238 1598 4277 ne
1621 4233 1741 4292 post
1761 4240 2052 4294 corporum
2083 4227 2192 4282 dis-

614 4310 971 4375 solutionem,
1005 4311 1244 4365 animam
1269 4311 1470 4367 ducant
1502 4312 1569 4367 ad
1610 4314 1889 4368 interitum
1915 4323 1969 4370 et
2016 4316 2190 4370 aboli-

2293 3134 2589 3203 ἁναγκάζοι
2615 3135 2692 3206 τῷ
2720 3135 2828 3188 τῶν
2859 3135 3224 3205 καταχθονίων
3246 3135 3466 3206 ὀνόματι
3499 3136 3588 3191 τὸν
3617 3137 3868 3208 ὑπόγειον

2292 3224 2491 3278 ἐννοεῖν
2523 3225 2727 3297 χῶροψ
2762 3227 2957 3296 ἐπίσης
2984 3224 3076 3279 τοῦ
3098 3225 3257 3297 ἀέρος
3292 3226 3624 3296 πανταχόθεν
3657 3246 3867 3301 περικε

2295 3333 2360 3387 χυ
2368 3315 2528 3386 μένου
2549 3319 2614 3388 τῇ
2633 3318 2726 3388 γῇ,
2743 3315 2816 3378 ὡς
2836 3315 3001 3385 μηδὲν
3017 3314 3188 3384 αὑτῆς
3201 3315 3364 3384 μέρος
3386 3331 3452 3382 γυ
3462 3315 3588 3384 μνον
3601 3313 3706 3382 τῆς
3724 3331 3793 3365 πε
3805 3330 3868 3383 ρι-

2297 3407 2456 3478 6ολῆς
2479 3407 2573 3461 106
2591 3407 2750 3480 ἀέρος
2773 3405 3307 3476 καταλαμϐάνεσθαι.
3324 3406 3462 3459 —l‘.
3482 3404 3666 3458 Ταῦτα
3683 3405 3742 3457 δὲ
3763 3406 3868 3475 (89]

2291 3496 2664 3566 διεξελθούσης
2699 3496 2795 3564 τῆς
2823 3494 3162 3560 διδασκάλου,
3195 3493 3388 3564 μικρὸν
3419 3493 3678 3564 ἐπισχὼν,
3705 3497 3868 3548 Οὔπω

2295 3587 2491 3650 ἱκανῶς
2523 3587 2649 3658 ἔχω,
2676 3586 2838 3656 φημὶ,
2865 3584 2957 3637 106
2989 3583 3350 3656 ζητουμένου’
3382 3584 3495 3639 ἀλλ’
3521 3585 3600 3638 ἔτι
3637 3602 3730 3656 μοι
3758 3586 3868 3646 τοῖς

2291 3677 2600 3748 εἰρημένοις
2630 3675 2961 3740 ἐπιδιστάζει
2983 3693 3099 3738 πως
3126 3677 3159 3746 ὴ
3184 3676 3406 3739 διάνοια,
3437 3677 3531 3728 καὶ
3560 3660 3752 3746 δέομαι
3778 3675 3868 3728 πά-

2291 3768 2376 3822 λιν
2409 3767 2781 3838 ἐπαναχθῆναί
2819 3785 2907 3838 μοι
2940 3767 3074 3839 πρὸς
3103 3765 3198 3837 τὴν
3231 3767 3396 3835 αὑτὴν
3424 3765 3744 3820 ἀκολουθίαν
3772 3765 3868 3818 τὸν

2289 3859 2468 3928 λόγον,
2514 3859 2624 3911 τῶν
2655 3860 2752 3929 μὲν
2781 3861 2880 3930 ἤδη
2927 3857 3402 3928 συμϐιϐασθέντων
3446 3860 3574 3929 ἡμῖν
3623 3855 3868 3910 ἀπαλλα-

2291 3951 2474 4021 γέντα;
2523 3951 2757 4021 Μέτριον
2789 3951 2902 4020 (90)
2951 3952 3060 4022 γὰρ
3089 3948 3241 4022 οἶμαι
3281 3952 3368 4004 διὰ
3414 3951 3520 4004 τῶν
3563 3948 3867 4021 εἰρημένων

2289 4045 2415 4106 τοὺς
2446 4043 2521 4114 μὴ
2552 4041 2670 4095 λίαν
2699 4042 3004 4104 ἀντιτύπως
3025 4043 3242 4112 ἔχοντας
3276 4039 3658 4110 ἐναχθήσεσοαι
3690 4037 3767 4106 μὴ
3788 4036 3868 4097 είς

2290 4133 2572 4204 ἀναίρεσιν
2620 4132 2712 4186 καὶ
2741 4132 3082 4204 ἀνυπαρξίαν
3127 4131 3224 4200 τὴν
3251 4129 3426 4198 ψυχὴν
3457 4127 3592 4198 μετά
3624 4127 3723 4197 τὴν
3747 4125 3867 4178 διά-

2289 4221 2440 4274 λυσιν
2465 4221 2574 4274 τῶν
2624 4220 2891 4291 σωμάτων
2921 4221 3094 4289 ἄγειν,
3139 4219 3273 4289 μηδὲ
3305 4215 3728 4280 κατασκευάζειν
3761 4231 3868 4284 μη·-

2289 4310 2462 4381 δαμοῦ
2496 4310 2756 4366 δύνασθαι
2803 4311 2970 4383 αὑτὴν
3019 4311 3076 4362 ὲν
3120 4311 3231 4372 τοῖς
3282 4304 3428 4361 οὖσιν
3483 4301 3620 4359 εἶναι
3671 4305 3761 4358 διὰ
3805 4303 3863 4356 τὸ

611 4403 837 4466 tionem,
869 4419 994 4468 neu,
1039 4405 1182 4471 quod
1215 4403 1284 4455 ab
1325 4403 1723 4458 elementorum
1752 4414 1944 4459 natura
1972 4405 2189 4462 diversa

2293 4401 2605 4474 έτεροειδῶς
2650 4403 2763 4476 (91)
2799 4402 2940 4473 ἔχειν
2991 4401 3126 4473 πρὸς
3172 4399 3270 4470 τὴν
3297 4397 3404 4451 τῶν
3452 4397 3725 4468 στοιχείων
3770 4395 3859 4448 οὑ-

610 4501 716 4556 est.
748 4495 952 4548 idcirco
991 4493 1280 4556 alﬁrment,
1341 4508 1460 4548 eam
1486 4510 1755 4563 nusquam
1795 4496 1848 4548 in
1879 4495 2041 4552 rebus
2070 4498 2187 4551 uni-

610 4587 785 4642 versis
815 4602 938 4642 esse
973 4601 1154 4655 posse.
1180 4583 1332 4638 Licet
1362 4586 1506 4638 enim
1562 4600 1686 4638 cum
1739 4586 2022 4642 clementis
2075 4604 2185 4643 non

612 4687 880 4748 congruat
911 4686 1074 4746 atque
1101 4677 1394 4731 conveniat
1435 4676 1803 4747 intelligentia:
1838 4680 2110 4751 particeps
2133 4689 2190 4737 et

613 4773 855 4825 materiae
914 4784 1110 4838 expers
1175 4777 1396 4834 natura,
1450 4783 1571 4823 esse
1619 4774 1802 4821 tamen
1856 4769 1909 4822 in
1960 4767 2042 4824 eis
2077 4785 2187 4824 non

614 4861 934 4930 prohibetur
968 4878 982 4914 :
1011 4859 1213 4930 quippe
1235 4857 1444 4928 duplici
1477 4858 1690 4912 ratione
1719 4857 1880 4912 nobis
1914 4857 2029 4912 haec
2067 4858 2189 4930 Opi-

613 4951 707 5006 nio
729 4949 1105 5013 conﬁrmatur,
1134 4958 1248 5004 tum
1275 4963 1342 5003 ex
1375 4960 1441 5002 eo
1488 4944 1640 5016 quod
1665 4961 1810 5001 nunc
1840 4945 1894 5000 in
1924 4946 2026 5001 hac
2052 4948 2184 5012 vita,

678 5123 792 5194 (76)
823 5127 1243 5194 Συμπεπλεγμ.
1284 5124 1328 5176 Α
1359 5118 1926 5194 Βγσυμπεπλεγμένη,
1954 5123 2042 5193 ἦν.

680 5193 792 5265 (77)
825 5193 1154 5262 Σαρκικῶν.
1187 5199 1232 5265 ᾼ
1261 5193 1498 5265 σαρκῶνζ
1545 5263 1558 5265 _
1825 5216 1832 5222 -

680 5198 770 5262 (77
825 5198 1154 5262 Σαρκικῶν.
1187 5199 1232 5247 Α
1261 5198 1498 5265 σαρκῶν.
1825 5216 1832 5222 ·

678 5198 793 5337 (78)
822 5263 1364 5337 ΔιαπᾳεγςρυμμέΪογ·ἒ
1387 5264 1434 5337 ᾼ
1469 5263 1509 5317 Β
1539 5260 1976 5335 διακεκριμένον.

708 5333 798 5398 79)
833 5337 902 5389 Ἢ
931 5333 1164 5404 δήίτις.
1206 5334 1246 5387 Β
1275 5334 1323 5386 εί
1345 5333 1402 5386 δέ
1429 5351 1533 5398 τις.

704 5405 796 5471 80)
823 5403 1070 5474 Λογικῇ.
1113 5405 1152 5457 Β
1179 5404 1441 5474 λογικοῖς.

681 5473 792 5542 (81)
827 5473 1123 5528 Τοιοῦτον.
1160 5474 1201 5527 Β
1232 5473 1359 5527 ἄλλο
1391 5492 1443 5527 τι
1463 5473 1663 5530 τοιοῦτ.

681 5542 798 5610 (82)
834 5545 1251 5597 Πεπίστευται.
1286 5544 1330 5596 Α
1360 5544 1667 5598 πέπεισται.

683 5611 796 5677 (83)
834 5612 948 5677 Τῆς
966 5610 1104 5666 τῶν.
1145 5613 1188 5665 Α
1211 5613 1356 5668 delet
1384 5613 1504 5677 τῆς.

685 5679 800 5751 (84)
838 5680 1249 5751 Ὑπολήψεως.
1289 5683 1334 5736 Α
1362 5679 1589 5754 λήξεως.

2295 4494 2434 4548 σίαν.
2473 4494 2590 4548 Κᾶν
2640 4495 2715 4566 μὴ
2748 4494 3018 4565 συμϐαίνῃ
3063 4491 3169 4565 γὰρ
3201 4489 3466 4561 τούτοιςὴ
3497 4490 3656 4561 νοερά
3678 4506 3739 4541 τε
3769 4486 3860 4539 καὶ

2292 4584 2454 4647 ἄῦλος
2499 4583 2680 4653 φύσις,
2728 4584 2790 4637 τὸ
2817 4581 2954 4637 εἶναι
2986 4584 3169 4646 αὐτοῖς
3201 4580 3310 4652 (92)
3359 4581 3419 4632 οὑ
3466 4579 3748 4641 κωλύεται,
3779 4576 3856 4629 δι-

2293 4673 2447 4744 χόθεν
2480 4675 2610 4745 ἡμῖν
2638 4674 2736 4744 τῆς
2765 4672 3082 4744 ὑπολήψεως
3113 4671 3317 4740 ταύτης
3349 4668 3736 4740 βεδαιουμένης
3755 4707 3769 4732 ,
3798 4664 3857 4716 ἔκ

2292 4779 2351 4816 τε
2392 4763 2485 4816 τοῦ
2530 4763 2625 4818 νῦν
2672 4765 2729 4816 ἐν
2754 4765 2820 4834 τῇ
2851 4763 2962 4834 ζωῇ
2996 4763 3168 4834 ταύτῃ
3198 4763 3297 4832 τὴν
3325 4761 3502 4830 ψυχὴν
3534 4760 3590 4812 ἐν
3620 4762 3728 4821 τοῖς
3753 4755 3854 4808 σώ-

2295 4871 2460 4926 μασιν
2491 4853 2650 4920 εἶναι,
2683 4855 2810 4909 ἀλλο
2844 4873 2898 4908 τι
2924 4853 3074 4923 παρὰ
3099 4854 3160 4906 τὸ
3195 4853 3350 4923 σῶμα
3383 4851 3522 4905 κατὰ
3551 4851 3649 4920 τὴν
3675 4847 3855 4903 οὐσίαν

2293 4945 2662 5017 ὑπάρχουσαν,
2709 4946 2800 5000 καὶ
2826 4947 2892 5000 ἐκ
2933 4944 3034 4999 106-
3061 4945 3160 5016 τὴν
3208 4944 3362 4997 θείαν
3401 4942 3562 5010 φύσιν
3589 4936 3851 5000 ἀποδεῖξαι

2363 5123 2476 5189 (85)
2513 5122 2611 5176 Ἐν
2638 5121 2812 5190 αὐτῇ.
2855 5123 2896 5176 Β
2921 5123 2978 5175 ἐν
3007 5123 3195 5192 ἑαυτῇ.
3220 5121 3275 5192 *Α
3309 5122 3365 5175 in
3399 5122 3643 5190 margine
3670 5116 3846 5183 ἑαυτῇο

2363 5193 2474 5258 (86)
2521 5194 2616 5244 Ἐν
2652 5193 2878 5256 ἐκείνῳ.
2931 5193 3017 5245 Ἐν
3051 5190 3195 5246 delet
3219 5190 3276 5244 Β.

2361 5263 2474 5332 (87)
2513 5261 2882 5330 Ὀμοφώνως.
2913 5263 2952 5314 A
2985 5264 3038 5315 in
3074 5262 3318 5332 margine
3346 5258 3650 5330 ὁμόφωνος.

2363 5327 2474 5398 (88)
2514 5327 2762 5384 Τούτων.
2795 5333 3052 5384 Βτούτων
3088 5327 3199 5385 οὖν.

2363 5400 2474 5470 (89)
2511 5401 2701 5454 Ταῦτα
2733 5401 2818 5455 δέ.
2851 5401 2917 5453 Δέ
2957 5402 3136 5455 delent
3160 5402 3200 5454 A
3229 5399 3288 5454 Β.

2364 5469 2477 5540 (90)
2506 5470 2776 5536 Μέτριον.
2819 5471 2864 5540 ᾼ
2897 5471 2938 5524 Β
2974 5471 3229 5540 μετρίως.

2340 5539 2477 5611 ((9))
2523 5539 2908 5611 ’ξτεροειδῶᾳ
2941 5539 2984 5593 Α
3015 5539 3410 5611 Β-ἐτεροφυῶς.

2365 5604 2476 5680 (92)
2507 5604 2672 5664 Εἷναί
2703 5604 2924 5677 αὐτοῖς.
2961 5611 3004 5665 Α
3031 5604 3266 5664 εἶναιὲν⁷
3287 5611 3490 5666 αὐτοῖς.
