  <div class='ocr_page' id='page_1' title='image "/cluster/home/n/w/nwhite01/storage/ocr_20150623/46/hvd.32044054112198/053.png"; bbox 0 0 3990 6202; ppageno 0'>
   <div class='ocr_carea' id='block_1_1' title="bbox 564 298 3841 368">
    <p class='ocr_par' dir='ltr' id='par_1_1' title="bbox 564 298 3841 368">
     <span class='ocr_line' id='line_1_1' title="bbox 564 298 3841 368; baseline 0.002 -15"><span class='ocrx_word' id='word_1_1' title='bbox 564 311 644 368; x_wconf 68' lang='lat'><strong>.25</strong></span> <span class='ocrx_word' id='word_1_2' title='bbox 1821 302 1881 356; x_wconf 90' lang='lat' dir='ltr'><strong>S.</strong></span> <span class='ocrx_word' id='word_1_3' title='bbox 1911 298 2239 358; x_wconf 75' lang='lat' dir='ltr'><strong>GREGORII</strong></span> <span class='ocrx_word' id='word_1_4' title='bbox 2265 298 2553 356; x_wconf 76' lang='lat' dir='ltr'><strong>NYSSENI</strong></span> <span class='ocrx_word' id='word_1_5' title='bbox 3764 304 3841 361; x_wconf 82' lang='lat'><strong>76</strong></span> 
     </span>
    </p>
   </div>
   <div class='ocr_carea' id='block_1_2' title="bbox 577 414 2152 496">
    <p class='ocr_par' dir='ltr' id='par_1_2' title="bbox 577 417 2144 496">
     <span class='ocr_line' id='line_1_2' title="bbox 577 417 2144 496; baseline -0.006 -15"><span class='ocrx_word' id='word_1_6' title='bbox 577 438 772 481; x_wconf 78' lang='lat' dir='ltr'><strong>rursus</strong></span> <span class='ocrx_word' id='word_1_7' title='bbox 797 421 1031 496; x_wconf 80' lang='lat' dir='ltr'><strong>exempli</strong></span> <span class='ocrx_word' id='word_1_8' title='bbox 1052 420 1227 492; x_wconf 77' lang='lat' dir='ltr'><strong>gratia</strong></span> <span class='ocrx_word' id='word_1_9' title='bbox 1255 420 1414 476; x_wconf 90' lang='lat' dir='ltr'><strong>nobis</strong></span> <span class='ocrx_word' id='word_1_10' title='bbox 1448 419 1573 476; x_wconf 88' lang='lat' dir='ltr'><strong>data</strong></span> <span class='ocrx_word' id='word_1_11' title='bbox 1614 418 1808 474; x_wconf 91' lang='lat' dir='ltr'><strong>borum</strong></span> <span class='ocrx_word' id='word_1_12' title='bbox 1833 417 1900 474; x_wconf 91' lang='lat' dir='ltr'><strong>ad</strong></span> <span class='ocrx_word' id='word_1_13' title='bbox 1924 417 2144 489; x_wconf 79' lang='lat' dir='ltr'><strong>propria</strong></span> 
     </span>
    </p>
   </div>
   <div class='ocr_carea' id='block_1_3' title="bbox 2246 414 3840 496">
    <p class='ocr_par' dir='ltr' id='par_1_3' title="bbox 2250 414 3840 495">
     <span class='ocr_line' id='line_1_3' title="bbox 2250 414 3840 495; baseline 0.004 -25"><span class='ocrx_word' id='word_1_14' title='bbox 2250 418 2415 485; x_wconf 83' lang='grc' dir='ltr'>φέτω.</span> <span class='ocrx_word' id='word_1_15' title='bbox 2457 418 2667 491; x_wconf 81' lang='grc' dir='ltr'>Ὥσπερ</span> <span class='ocrx_word' id='word_1_16' title='bbox 2695 414 2787 475; x_wconf 81' lang='grc' dir='ltr'>οὖν</span> <span class='ocrx_word' id='word_1_17' title='bbox 2828 436 3008 490; x_wconf 81' lang='grc' dir='ltr'>φαμεν</span> <span class='ocrx_word' id='word_1_18' title='bbox 3037 418 3147 489; x_wconf 80' lang='grc'>(17)</span> <span class='ocrx_word' id='word_1_19' title='bbox 3174 420 3231 472; x_wconf 82' lang='grc' dir='ltr'>ὲν</span> <span class='ocrx_word' id='word_1_20' title='bbox 3261 418 3339 490; x_wconf 81' lang='grc' dir='ltr'>τῷ</span> <span class='ocrx_word' id='word_1_21' title='bbox 3363 420 3725 493; x_wconf 75' lang='grc' dir='ltr'><strong>ὑποδείγματι</strong></span> <span class='ocrx_word' id='word_1_22' title='bbox 3756 426 3840 495; x_wconf 76' lang='grc' dir='ltr'>μὴ</span> 
     </span>
    </p>
   </div>
   <div class='ocr_carea' id='block_1_4' title="bbox 576 508 2152 586">
    <p class='ocr_par' dir='ltr' id='par_1_4' title="bbox 576 509 2148 586">
     <span class='ocr_line' id='line_1_4' title="bbox 576 509 2148 586; baseline -0.006 -14"><span class='ocrx_word' id='word_1_23' title='bbox 576 516 848 586; x_wconf 83' lang='lat' dir='ltr'><strong>cujusque</strong></span> <span class='ocrx_word' id='word_1_24' title='bbox 865 514 1128 576; x_wconf 77' lang='lat' dir='ltr'><strong>reductio,</strong></span> <span class='ocrx_word' id='word_1_25' title='bbox 1162 522 1279 566; x_wconf 90' lang='lat' dir='ltr'><strong>tum</strong></span> <span class='ocrx_word' id='word_1_26' title='bbox 1311 525 1667 576; x_wconf 88' lang='lat' dir='ltr'><strong>concursum,</strong></span> <span class='ocrx_word' id='word_1_27' title='bbox 1693 519 1811 566; x_wconf 87' lang='lat' dir='ltr'><strong>tum</strong></span> <span class='ocrx_word' id='word_1_28' title='bbox 1834 509 2148 579; x_wconf 87' lang='lat' dir='ltr'><strong>diremptio-</strong></span> 
     </span>
    </p>
   </div>
   <div class='ocr_carea' id='block_1_5' title="bbox 2246 508 3835 586">
    <p class='ocr_par' dir='ltr' id='par_1_5' title="bbox 2249 508 3835 585">
     <span class='ocr_line' id='line_1_5' title="bbox 2249 508 3835 585; baseline 0.004 -24"><span class='ocrx_word' id='word_1_29' title='bbox 2249 509 2462 577; x_wconf 80' lang='grc' dir='ltr'><strong>ἀγνοεῖν</strong></span> <span class='ocrx_word' id='word_1_30' title='bbox 2486 508 2582 580; x_wconf 81' lang='grc' dir='ltr'>τὴν</span> <span class='ocrx_word' id='word_1_31' title='bbox 2623 508 2798 580; x_wconf 78' lang='grc' dir='ltr'>βαφὴν</span> <span class='ocrx_word' id='word_1_32' title='bbox 2822 511 2917 564; x_wconf 78' lang='grc' dir='ltr'>τοῦ</span> <span class='ocrx_word' id='word_1_33' title='bbox 2943 509 3229 582; x_wconf 79' lang='grc' dir='ltr'>χρώματος</span> <span class='ocrx_word' id='word_1_34' title='bbox 3257 512 3369 581; x_wconf 88' lang='grc'>(18)</span> <span class='ocrx_word' id='word_1_35' title='bbox 3413 512 3506 566; x_wconf 86' lang='grc' dir='ltr'>τὸν</span> <span class='ocrx_word' id='word_1_36' title='bbox 3547 515 3835 585; x_wconf 79' lang='grc' dir='ltr'><strong>τεχνίτην,</strong></span> 
     </span>
    </p>
   </div>
   <div class='ocr_carea' id='block_1_6' title="bbox 581 597 2149 673">
    <p class='ocr_par' dir='ltr' id='par_1_6' title="bbox 581 597 2149 673">
     <span class='ocr_line' id='line_1_6' title="bbox 581 597 2149 673; baseline -0.006 -13"><span class='ocrx_word' id='word_1_37' title='bbox 581 613 701 661; x_wconf 85' lang='lat' dir='ltr'><strong>netn</strong></span> <span class='ocrx_word' id='word_1_38' title='bbox 729 605 1120 661; x_wconf 74' lang='lat' dir='ltr'><strong>elementorum</strong></span> <span class='ocrx_word' id='word_1_39' title='bbox 1141 602 1408 672; x_wconf 80' lang='lat' dir='ltr'><strong>designet.</strong></span> <span class='ocrx_word' id='word_1_40' title='bbox 1435 599 1508 656; x_wconf 90' lang='lat' dir='ltr'><strong>Ut</strong></span> <span class='ocrx_word' id='word_1_41' title='bbox 1527 601 1692 673; x_wconf 74' lang='lat' dir='ltr'><strong>igitur</strong></span> <span class='ocrx_word' id='word_1_42' title='bbox 1712 599 1768 654; x_wconf 92' lang='lat' dir='ltr'><strong>in</strong></span> <span class='ocrx_word' id='word_1_43' title='bbox 1793 597 2149 656; x_wconf 76' lang='lat' dir='ltr'><strong>similitudine</strong></span> 
     </span>
    </p>
   </div>
   <div class='ocr_carea' id='block_1_7' title="bbox 577 691 2145 764">
    <p class='ocr_par' dir='ltr' id='par_1_7' title="bbox 577 691 2145 764">
     <span class='ocr_line' id='line_1_7' title="bbox 577 691 2145 764; baseline -0.006 -12"><span class='ocrx_word' id='word_1_44' title='bbox 577 698 814 753; x_wconf 80' lang='lat' dir='ltr'><strong>dicimus</strong></span> <span class='ocrx_word' id='word_1_45' title='bbox 846 693 1109 749; x_wconf 82' lang='lat' dir='ltr'><strong>artiﬁcem</strong></span> <span class='ocrx_word' id='word_1_46' title='bbox 1160 706 1270 748; x_wconf 92' lang='lat' dir='ltr'><strong>non</strong></span> <span class='ocrx_word' id='word_1_47' title='bbox 1311 692 1564 764; x_wconf 79' lang='lat' dir='ltr'><strong>ignorare</strong></span> <span class='ocrx_word' id='word_1_48' title='bbox 1588 691 1790 748; x_wconf 89' lang='lat' dir='ltr'><strong>coloris</strong></span> <span class='ocrx_word' id='word_1_49' title='bbox 1820 691 2145 753; x_wconf 88' lang='lat' dir='ltr'><strong>tinctttram,</strong></span> 
     </span>
    </p>
   </div>
   <div class='ocr_carea' id='block_1_8' title="bbox 579 779 2146 861">
    <p class='ocr_par' dir='ltr' id='par_1_8' title="bbox 579 779 2146 861">
     <span class='ocr_line' id='line_1_8' title="bbox 579 779 2146 861; baseline -0.009 -15"><span class='ocrx_word' id='word_1_50' title='bbox 579 805 700 861; x_wconf 71' lang='lat' dir='ltr'><strong>qua:</strong></span> <span class='ocrx_word' id='word_1_51' title='bbox 722 794 845 859; x_wconf 90' lang='lat' dir='ltr'><strong>post</strong></span> <span class='ocrx_word' id='word_1_52' title='bbox 880 786 1190 842; x_wconf 87' lang='lat' dir='ltr'><strong>mistionem</strong></span> <span class='ocrx_word' id='word_1_53' title='bbox 1220 799 1413 839; x_wconf 87' lang='lat' dir='ltr'><strong>rursus</strong></span> <span class='ocrx_word' id='word_1_54' title='bbox 1435 783 1502 837; x_wconf 88' lang='lat' dir='ltr'><strong>ad</strong></span> <span class='ocrx_word' id='word_1_55' title='bbox 1531 782 1812 854; x_wconf 86' lang='lat' dir='ltr'><strong>proprium</strong></span> <span class='ocrx_word' id='word_1_56' title='bbox 1833 779 2026 836; x_wconf 82' lang='lat' dir='ltr'><strong>ﬂorem</strong></span> <span class='ocrx_word' id='word_1_57' title='bbox 2054 794 2146 833; x_wconf 90' lang='lat' dir='ltr'><strong>re-</strong></span> 
     </span>
    </p>
   </div>
   <div class='ocr_carea' id='block_1_9' title="bbox 579 873 2147 949">
    <p class='ocr_par' dir='ltr' id='par_1_9' title="bbox 579 873 2147 949">
     <span class='ocr_line' id='line_1_9' title="bbox 579 873 2147 949; baseline -0.008 -11"><span class='ocrx_word' id='word_1_58' title='bbox 579 883 737 938; x_wconf 89' lang='lat' dir='ltr'><strong>dacta</strong></span> <span class='ocrx_word' id='word_1_59' title='bbox 766 879 860 943; x_wconf 87' lang='lat' dir='ltr'><strong>sit,</strong></span> <span class='ocrx_word' id='word_1_60' title='bbox 898 877 995 935; x_wconf 89' lang='lat' dir='ltr'><strong>sed</strong></span> <span class='ocrx_word' id='word_1_61' title='bbox 1018 891 1319 949; x_wconf 81' lang='lat' dir='ltr'><strong>agnoscere</strong></span> <span class='ocrx_word' id='word_1_62' title='bbox 1349 884 1460 930; x_wconf 89' lang='lat' dir='ltr'><strong>tum</strong></span> <span class='ocrx_word' id='word_1_63' title='bbox 1489 874 1741 939; x_wconf 85' lang='lat' dir='ltr'><strong>rubrum,</strong></span> <span class='ocrx_word' id='word_1_64' title='bbox 1767 880 1883 928; x_wconf 93' lang='lat' dir='ltr'><strong>tum</strong></span> <span class='ocrx_word' id='word_1_65' title='bbox 1906 873 2147 943; x_wconf 76' lang='lat' dir='ltr'><strong>nigrum,</strong></span> 
     </span>
    </p>
   </div>
   <div class='ocr_carea' id='block_1_10' title="bbox 578 963 2149 1040">
    <p class='ocr_par' dir='ltr' id='par_1_10' title="bbox 578 963 2149 1040">
     <span class='ocr_line' id='line_1_10' title="bbox 578 963 2149 1040; baseline -0.006 -14"><span class='ocrx_word' id='word_1_66' title='bbox 578 979 634 1026; x_wconf 88' lang='lat' dir='ltr'><strong>et</strong></span> <span class='ocrx_word' id='word_1_67' title='bbox 676 969 723 1026; x_wconf 89' lang='lat' dir='ltr'><strong>si</strong></span> <span class='ocrx_word' id='word_1_68' title='bbox 777 969 903 1040; x_wconf 87' lang='lat' dir='ltr'><strong>quis</strong></span> <span class='ocrx_word' id='word_1_69' title='bbox 962 967 1103 1022; x_wconf 90' lang='lat' dir='ltr'><strong>alius</strong></span> <span class='ocrx_word' id='word_1_70' title='bbox 1132 966 1288 1021; x_wconf 91' lang='lat' dir='ltr'><strong>color</strong></span> <span class='ocrx_word' id='word_1_71' title='bbox 1314 981 1411 1037; x_wconf 86' lang='lat' dir='ltr'><strong>per</strong></span> <span class='ocrx_word' id='word_1_72' title='bbox 1442 972 1648 1019; x_wconf 91' lang='lat' dir='ltr'><strong>certam</strong></span> <span class='ocrx_word' id='word_1_73' title='bbox 1681 963 1975 1039; x_wconf 79' lang='lat' dir='ltr'><strong>quamdam</strong></span> <span class='ocrx_word' id='word_1_74' title='bbox 2023 977 2149 1019; x_wconf 88' lang='lat' dir='ltr'><strong>cum</strong></span> 
     </span>
    </p>
   </div>
   <div class='ocr_carea' id='block_1_11' title="bbox 579 1052 2149 1131">
    <p class='ocr_par' dir='ltr' id='par_1_11' title="bbox 579 1052 2149 1131">
     <span class='ocr_line' id='line_1_11' title="bbox 579 1052 2149 1131; baseline -0.005 -15"><span class='ocrx_word' id='word_1_75' title='bbox 579 1060 779 1117; x_wconf 83' lang='lat' dir='ltr'><strong>diversi</strong></span> <span class='ocrx_word' id='word_1_76' title='bbox 808 1058 1025 1131; x_wconf 82' lang='lat' dir='ltr'><strong>generis</strong></span> <span class='ocrx_word' id='word_1_77' title='bbox 1049 1057 1234 1114; x_wconf 90' lang='lat' dir='ltr'><strong>colore</strong></span> <span class='ocrx_word' id='word_1_78' title='bbox 1261 1056 1721 1120; x_wconf 88' lang='lat' dir='ltr'><strong>communionem,</strong></span> <span class='ocrx_word' id='word_1_79' title='bbox 1755 1053 1985 1109; x_wconf 75' lang='lat' dir='ltr'><strong>formam</strong></span> <span class='ocrx_word' id='word_1_80' title='bbox 2017 1052 2149 1109; x_wconf 78' lang='lat' dir='ltr'><strong>eﬂe-</strong></span> 
     </span>
    </p>
   </div>
   <div class='ocr_carea' id='block_1_12' title="bbox 579 1145 2150 1222">
    <p class='ocr_par' dir='ltr' id='par_1_12' title="bbox 579 1145 2150 1222">
     <span class='ocr_line' id='line_1_12' title="bbox 579 1145 2150 1222; baseline -0.004 -16"><span class='ocrx_word' id='word_1_81' title='bbox 579 1151 676 1215; x_wconf 81' lang='lat' dir='ltr'><strong>cit,</strong></span> <span class='ocrx_word' id='word_1_82' title='bbox 703 1150 884 1222; x_wconf 85' lang='lat' dir='ltr'><strong>qualis</strong></span> <span class='ocrx_word' id='word_1_83' title='bbox 908 1149 1125 1220; x_wconf 88' lang='lat' dir='ltr'><strong>quidem</strong></span> <span class='ocrx_word' id='word_1_84' title='bbox 1167 1155 1313 1204; x_wconf 89' lang='lat' dir='ltr'><strong>esset</strong></span> <span class='ocrx_word' id='word_1_85' title='bbox 1339 1147 1394 1203; x_wconf 90' lang='lat' dir='ltr'><strong>in</strong></span> <span class='ocrx_word' id='word_1_86' title='bbox 1416 1146 1794 1214; x_wconf 90' lang='lat' dir='ltr'><strong>commistura,</strong></span> <span class='ocrx_word' id='word_1_87' title='bbox 1820 1147 1999 1217; x_wconf 85' lang='lat' dir='ltr'><strong>qualis</strong></span> <span class='ocrx_word' id='word_1_88' title='bbox 2022 1145 2150 1201; x_wconf 87' lang='lat' dir='ltr'><strong>item</strong></span> 
     </span>
    </p>
   </div>
   <div class='ocr_carea' id='block_1_13' title="bbox 578 1238 2148 1308">
    <p class='ocr_par' dir='ltr' id='par_1_13' title="bbox 578 1238 2148 1308">
     <span class='ocr_line' id='line_1_13' title="bbox 578 1238 2148 1308; baseline -0.004 -10"><span class='ocrx_word' id='word_1_89' title='bbox 578 1257 724 1298; x_wconf 91' lang='lat' dir='ltr'><strong>nunc</strong></span> <span class='ocrx_word' id='word_1_90' title='bbox 755 1242 847 1308; x_wconf 84' lang='lat' dir='ltr'><strong>sit,</strong></span> <span class='ocrx_word' id='word_1_91' title='bbox 874 1256 999 1295; x_wconf 91' lang='lat' dir='ltr'><strong>cum</strong></span> <span class='ocrx_word' id='word_1_92' title='bbox 1032 1254 1144 1295; x_wconf 70' lang='lat' dir='ltr'><strong>suae</strong></span> <span class='ocrx_word' id='word_1_93' title='bbox 1175 1238 1409 1294; x_wconf 84' lang='lat' dir='ltr'><strong>naturali</strong></span> <span class='ocrx_word' id='word_1_94' title='bbox 1433 1239 1687 1293; x_wconf 60' lang='lat' dir='ltr'><strong>tinctura:</strong></span> <span class='ocrx_word' id='word_1_95' title='bbox 1706 1239 1997 1293; x_wconf 86' lang='lat' dir='ltr'><strong>restitutus</strong></span> <span class='ocrx_word' id='word_1_96' title='bbox 2024 1246 2108 1293; x_wconf 90' lang='lat' dir='ltr'><strong>est</strong></span> <span class='ocrx_word' id='word_1_97' title='bbox 2134 1255 2148 1292; x_wconf 92' lang='lat'><strong>:</strong></span> 
     </span>
    </p>
   </div>
   <div class='ocr_carea' id='block_1_14' title="bbox 577 1329 2150 1407">
    <p class='ocr_par' dir='ltr' id='par_1_14' title="bbox 577 1329 2150 1407">
     <span class='ocr_line' id='line_1_14' title="bbox 577 1329 2150 1407; baseline -0.004 -17"><span class='ocrx_word' id='word_1_98' title='bbox 577 1334 757 1407; x_wconf 76' lang='lat' dir='ltr'><strong>qualis</strong></span> <span class='ocrx_word' id='word_1_99' title='bbox 786 1334 912 1389; x_wconf 88' lang='lat' dir='ltr'><strong>item</strong></span> <span class='ocrx_word' id='word_1_100' title='bbox 946 1331 1162 1386; x_wconf 77' lang='lat' dir='ltr'><strong>futurus</strong></span> <span class='ocrx_word' id='word_1_101' title='bbox 1209 1331 1303 1394; x_wconf 88' lang='lat' dir='ltr'><strong>sit,</strong></span> <span class='ocrx_word' id='word_1_102' title='bbox 1336 1329 1381 1385; x_wconf 87' lang='lat' dir='ltr'><strong>si</strong></span> <span class='ocrx_word' id='word_1_103' title='bbox 1419 1329 1611 1385; x_wconf 86' lang='lat' dir='ltr'><strong>eodem</strong></span> <span class='ocrx_word' id='word_1_104' title='bbox 1645 1329 1808 1385; x_wconf 89' lang='lat' dir='ltr'><strong>modo</strong></span> <span class='ocrx_word' id='word_1_105' title='bbox 1830 1344 2024 1385; x_wconf 88' lang='lat' dir='ltr'><strong>rursus</strong></span> <span class='ocrx_word' id='word_1_106' title='bbox 2055 1343 2150 1384; x_wconf 90' lang='lat' dir='ltr'><strong>co-</strong></span> 
     </span>
    </p>
   </div>
   <div class='ocr_carea' id='block_1_15' title="bbox 581 1417 2150 1481">
    <p class='ocr_par' dir='ltr' id='par_1_15' title="bbox 581 1417 2150 1481">
     <span class='ocr_line' id='line_1_15' title="bbox 581 1417 2150 1481; baseline -0.003 -1"><span class='ocrx_word' id='word_1_107' title='bbox 581 1431 723 1481; x_wconf 89' lang='lat' dir='ltr'><strong>lores</strong></span> <span class='ocrx_word' id='word_1_108' title='bbox 758 1425 896 1479; x_wconf 91' lang='lat' dir='ltr'><strong>inter</strong></span> <span class='ocrx_word' id='word_1_109' title='bbox 925 1438 985 1479; x_wconf 87' lang='lat' dir='ltr'><strong>se</strong></span> <span class='ocrx_word' id='word_1_110' title='bbox 1040 1423 1418 1479; x_wconf 87' lang='lat' dir='ltr'><strong>misceantur:</strong></span> <span class='ocrx_word' id='word_1_111' title='bbox 1456 1422 1530 1476; x_wconf 89' lang='lat' dir='ltr'><strong>ita</strong></span> <span class='ocrx_word' id='word_1_112' title='bbox 1555 1421 1795 1476; x_wconf 89' lang='lat' dir='ltr'><strong>animam</strong></span> <span class='ocrx_word' id='word_1_113' title='bbox 1847 1417 2150 1477; x_wconf 87' lang='lat' dir='ltr'><strong>elemento-</strong></span> 
     </span>
    </p>
   </div>
   <div class='ocr_carea' id='block_1_16' title="bbox 576 1511 2151 1586">
    <p class='ocr_par' dir='ltr' id='par_1_16' title="bbox 576 1511 2151 1586">
     <span class='ocr_line' id='line_1_16' title="bbox 576 1511 2151 1586; baseline -0.004 -15"><span class='ocrx_word' id='word_1_114' title='bbox 576 1531 700 1572; x_wconf 84' lang='lat' dir='ltr'><strong>rum</strong></span> <span class='ocrx_word' id='word_1_115' title='bbox 741 1529 864 1586; x_wconf 76' lang='lat' dir='ltr'><strong>qua:</strong></span> <span class='ocrx_word' id='word_1_116' title='bbox 910 1513 1143 1568; x_wconf 87' lang='lat' dir='ltr'><strong>coierint</strong></span> <span class='ocrx_word' id='word_1_117' title='bbox 1191 1513 1260 1567; x_wconf 89' lang='lat' dir='ltr'><strong>ad</strong></span> <span class='ocrx_word' id='word_1_118' title='bbox 1299 1512 1750 1567; x_wconf 87' lang='lat' dir='ltr'><strong>constitutionem</strong></span> <span class='ocrx_word' id='word_1_119' title='bbox 1782 1512 2030 1582; x_wconf 90' lang='lat' dir='ltr'><strong>corporis</strong></span> <span class='ocrx_word' id='word_1_120' title='bbox 2062 1511 2151 1566; x_wconf 92' lang='lat' dir='ltr'><strong>cui</strong></span> 
     </span>
    </p>
   </div>
   <div class='ocr_carea' id='block_1_17' title="bbox 574 1602 2151 1678">
    <p class='ocr_par' dir='ltr' id='par_1_17' title="bbox 574 1602 2151 1678">
     <span class='ocr_line' id='line_1_17' title="bbox 574 1602 2151 1678; baseline -0.003 -17"><span class='ocrx_word' id='word_1_121' title='bbox 574 1609 694 1678; x_wconf 80' lang='lat' dir='ltr'><strong>ipsa</strong></span> <span class='ocrx_word' id='word_1_122' title='bbox 726 1604 1026 1671; x_wconf 61' lang='lat' dir='ltr'><strong>inhaeserit,</strong></span> <span class='ocrx_word' id='word_1_123' title='bbox 1057 1604 1217 1659; x_wconf 90' lang='lat' dir='ltr'><strong>etiam</strong></span> <span class='ocrx_word' id='word_1_124' title='bbox 1241 1602 1799 1674; x_wconf 89' lang='lat' dir='ltr'><strong>postdissolutionem</strong></span> <span class='ocrx_word' id='word_1_125' title='bbox 1826 1617 2017 1657; x_wconf 89' lang='lat' dir='ltr'><strong>eorum</strong></span> <span class='ocrx_word' id='word_1_126' title='bbox 2048 1617 2151 1657; x_wconf 87' lang='lat' dir='ltr'><strong>na-</strong></span> 
     </span>
    </p>
   </div>
   <div class='ocr_carea' id='block_1_18' title="bbox 575 1693 2152 1767">
    <p class='ocr_par' dir='ltr' id='par_1_18' title="bbox 575 1693 2152 1767">
     <span class='ocr_line' id='line_1_18' title="bbox 575 1693 2152 1767; baseline -0.003 -14"><span class='ocrx_word' id='word_1_127' title='bbox 575 1699 806 1754; x_wconf 86' lang='lat' dir='ltr'><strong>turalem</strong></span> <span class='ocrx_word' id='word_1_128' title='bbox 851 1697 994 1754; x_wconf 85' lang='lat' dir='ltr'><strong>scire</strong></span> <span class='ocrx_word' id='word_1_129' title='bbox 1034 1695 1425 1767; x_wconf 83' lang='lat' dir='ltr'><strong>proprietatem</strong></span> <span class='ocrx_word' id='word_1_130' title='bbox 1470 1710 1784 1750; x_wconf 88' lang='lat' dir='ltr'><strong>censemus.</strong></span> <span class='ocrx_word' id='word_1_131' title='bbox 1822 1693 1901 1749; x_wconf 83' lang='lat' dir='ltr'><strong>Ac</strong></span> <span class='ocrx_word' id='word_1_132' title='bbox 1933 1694 2152 1750; x_wconf 79' lang='lat' dir='ltr'><strong>tametsi</strong></span> 
     </span>
    </p>
   </div>
   <div class='ocr_carea' id='block_1_19' title="bbox 2252 597 3840 671">
    <p class='ocr_par' dir='ltr' id='par_1_19' title="bbox 2252 597 3840 671">
     <span class='ocr_line' id='line_1_19' title="bbox 2252 597 3840 671; baseline 0.003 -19"><span class='ocrx_word' id='word_1_133' title='bbox 2252 598 2390 670; x_wconf 75' lang='grc' dir='ltr'>μετὰ</span> <span class='ocrx_word' id='word_1_134' title='bbox 2426 597 2538 671; x_wconf 97' lang='grc'>(19)</span> <span class='ocrx_word' id='word_1_135' title='bbox 2574 598 2719 670; x_wconf 82' lang='grc' dir='ltr'>μίξιν</span> <span class='ocrx_word' id='word_1_136' title='bbox 2752 600 2911 655; x_wconf 81' lang='grc' dir='ltr'>πάλιν</span> <span class='ocrx_word' id='word_1_137' title='bbox 2957 600 3040 665; x_wconf 85' lang='grc' dir='ltr'><strong>είς</strong></span> <span class='ocrx_word' id='word_1_138' title='bbox 3081 599 3143 654; x_wconf 74' lang='grc' dir='ltr'>τὸ</span> <span class='ocrx_word' id='word_1_139' title='bbox 3180 602 3378 656; x_wconf 73' lang='grc' dir='ltr'>οἰκεῖον</span> <span class='ocrx_word' id='word_1_140' title='bbox 3405 602 3565 666; x_wconf 79' lang='grc' dir='ltr'>ἄνθος</span> <span class='ocrx_word' id='word_1_141' title='bbox 3595 605 3840 658; x_wconf 77' lang='grc' dir='ltr'>επανελ-</span> 
     </span>
    </p>
   </div>
   <div class='ocr_carea' id='block_1_20' title="bbox 2250 688 3839 765">
    <p class='ocr_par' dir='ltr' id='par_1_20' title="bbox 2250 688 3839 765">
     <span class='ocr_line' id='line_1_20' title="bbox 2250 688 3839 765; baseline 0.003 -21"><span class='ocrx_word' id='word_1_142' title='bbox 2250 688 2470 755; x_wconf 80' lang='grc' dir='ltr'>θοῢσαν,</span> <span class='ocrx_word' id='word_1_143' title='bbox 2515 690 2629 743; x_wconf 76' lang='grc' dir='ltr'>ἀλλ’</span> <span class='ocrx_word' id='word_1_144' title='bbox 2658 690 3041 759; x_wconf 75' lang='grc' dir='ltr'><strong>ἐπιγινώσκειν</strong></span> <span class='ocrx_word' id='word_1_145' title='bbox 3070 690 3134 744; x_wconf 87' lang='grc' dir='ltr'><strong>τό</strong></span> <span class='ocrx_word' id='word_1_146' title='bbox 3159 709 3217 745; x_wconf 89' lang='grc' dir='ltr'><strong>τε</strong></span> <span class='ocrx_word' id='word_1_147' title='bbox 3244 691 3354 764; x_wconf 90' lang='grc'>(20)</span> <span class='ocrx_word' id='word_1_148' title='bbox 3382 693 3610 765; x_wconf 74' lang='grc' dir='ltr'>ἐρυθρὸν</span> <span class='ocrx_word' id='word_1_149' title='bbox 3639 694 3740 749; x_wconf 77' lang='grc' dir='ltr'>καὶ</span> <span class='ocrx_word' id='word_1_150' title='bbox 3771 696 3839 749; x_wconf 77' lang='grc' dir='ltr'>τὸ</span> 
     </span>
    </p>
   </div>
   <div class='ocr_carea' id='block_1_21' title="bbox 2252 780 3838 858">
    <p class='ocr_par' dir='ltr' id='par_1_21' title="bbox 2252 780 3838 858">
     <span class='ocr_line' id='line_1_21' title="bbox 2252 780 3838 858; baseline 0.004 -25"><span class='ocrx_word' id='word_1_151' title='bbox 2252 780 2441 851; x_wconf 80' lang='grc' dir='ltr'>μέλαν,</span> <span class='ocrx_word' id='word_1_152' title='bbox 2460 782 2555 834; x_wconf 75' lang='grc' dir='ltr'><strong>κα)⁸</strong></span> <span class='ocrx_word' id='word_1_153' title='bbox 2581 782 2635 835; x_wconf 76' lang='grc' dir='ltr'>εἴ</span> <span class='ocrx_word' id='word_1_154' title='bbox 2659 799 2711 834; x_wconf 87' lang='grc' dir='ltr'><strong>τι</strong></span> <span class='ocrx_word' id='word_1_155' title='bbox 2739 781 2924 852; x_wconf 72' lang='grc' dir='ltr'>ἕτερον</span> <span class='ocrx_word' id='word_1_156' title='bbox 2946 780 3035 836; x_wconf 83' lang='grc' dir='ltr'><strong>διὰ</strong></span> <span class='ocrx_word' id='word_1_157' title='bbox 3064 782 3164 852; x_wconf 84' lang='grc' dir='ltr'>τῆς</span> <span class='ocrx_word' id='word_1_158' title='bbox 3202 786 3361 849; x_wconf 77' lang='grc' dir='ltr'>ποιᾶς</span> <span class='ocrx_word' id='word_1_159' title='bbox 3390 785 3523 858; x_wconf 85' lang='grc' dir='ltr'>πρὸς</span> <span class='ocrx_word' id='word_1_160' title='bbox 3549 786 3611 839; x_wconf 84' lang='grc' dir='ltr'>τὸ</span> <span class='ocrx_word' id='word_1_161' title='bbox 3639 787 3838 857; x_wconf 83' lang='grc' dir='ltr'>ἑτερο-</span> 
     </span>
    </p>
   </div>
   <div class='ocr_carea' id='block_1_22' title="bbox 2249 872 3837 948">
    <p class='ocr_par' dir='ltr' id='par_1_22' title="bbox 2249 872 3837 948">
     <span class='ocr_line' id='line_1_22' title="bbox 2249 872 3837 948; baseline 0.004 -23"><span class='ocrx_word' id='word_1_162' title='bbox 2249 873 2405 942; x_wconf 81' lang='grc' dir='ltr'>γενὲς</span> <span class='ocrx_word' id='word_1_163' title='bbox 2466 872 2748 937; x_wconf 79' lang='grc' dir='ltr'>κοινωνίας</span> <span class='ocrx_word' id='word_1_164' title='bbox 2814 872 2911 945; x_wconf 80' lang='grc' dir='ltr'><strong>τὴν</strong></span> <span class='ocrx_word' id='word_1_165' title='bbox 2985 874 3197 945; x_wconf 83' lang='grc' dir='ltr'>μορφὴν</span> <span class='ocrx_word' id='word_1_166' title='bbox 3251 877 3654 948; x_wconf 83' lang='grc' dir='ltr'>ἀπειργάσατο,</span> <span class='ocrx_word' id='word_1_167' title='bbox 3712 873 3837 931; x_wconf 77' lang='grc' dir='ltr'>οἷον</span> 
     </span>
    </p>
   </div>
   <div class='ocr_carea' id='block_1_23' title="bbox 2257 960 3837 1039">
    <p class='ocr_par' dir='ltr' id='par_1_23' title="bbox 2257 960 3837 1039">
     <span class='ocr_line' id='line_1_23' title="bbox 2257 960 3837 1039; baseline 0.001 -21"><span class='ocrx_word' id='word_1_168' title='bbox 2257 964 2355 1035; x_wconf 80' lang='grc' dir='ltr'>μὲν</span> <span class='ocrx_word' id='word_1_169' title='bbox 2384 964 2496 1037; x_wconf 88' lang='grc'>(21)</span> <span class='ocrx_word' id='word_1_170' title='bbox 2548 967 2605 1018; x_wconf 83' lang='grc' dir='ltr'>ὲν</span> <span class='ocrx_word' id='word_1_171' title='bbox 2646 967 2712 1036; x_wconf 78' lang='grc' dir='ltr'>τῇ</span> <span class='ocrx_word' id='word_1_172' title='bbox 2751 964 2914 1036; x_wconf 80' lang='grc' dir='ltr'>μίξει,</span> <span class='ocrx_word' id='word_1_173' title='bbox 2942 960 3052 1021; x_wconf 73' lang='grc' dir='ltr'>οἷον</span> <span class='ocrx_word' id='word_1_174' title='bbox 3080 966 3191 1037; x_wconf 89' lang='grc'>(22)</span> <span class='ocrx_word' id='word_1_175' title='bbox 3226 967 3320 1022; x_wconf 80' lang='grc' dir='ltr'>καὶ</span> <span class='ocrx_word' id='word_1_176' title='bbox 3346 968 3440 1022; x_wconf 81' lang='grc' dir='ltr'>νῦν</span> <span class='ocrx_word' id='word_1_177' title='bbox 3469 970 3616 1022; x_wconf 76' lang='grc' dir='ltr'>ἐστιν</span> <span class='ocrx_word' id='word_1_178' title='bbox 3656 971 3717 1023; x_wconf 81' lang='grc' dir='ltr'>ἐν</span> <span class='ocrx_word' id='word_1_179' title='bbox 3752 970 3837 1039; x_wconf 79' lang='grc' dir='ltr'>τῷ</span> 
     </span>
    </p>
   </div>
   <div class='ocr_carea' id='block_1_24' title="bbox 2250 1052 3831 1129">
    <p class='ocr_par' dir='ltr' id='par_1_24' title="bbox 2250 1052 3831 1129">
     <span class='ocr_line' id='line_1_24' title="bbox 2250 1052 3831 1129; baseline 0 -18"><span class='ocrx_word' id='word_1_180' title='bbox 2250 1056 2391 1111; x_wconf 84' lang='grc' dir='ltr'>κατὰ</span> <span class='ocrx_word' id='word_1_181' title='bbox 2421 1056 2520 1127; x_wconf 82' lang='grc' dir='ltr'>τὴν</span> <span class='ocrx_word' id='word_1_182' title='bbox 2552 1055 2714 1126; x_wconf 85' lang='grc' dir='ltr'>φύσιν</span> <span class='ocrx_word' id='word_1_183' title='bbox 2739 1055 3008 1126; x_wconf 81' lang='grc' dir='ltr'>γινομένῳ</span> <span class='ocrx_word' id='word_1_184' title='bbox 3038 1056 3150 1129; x_wconf 85' lang='grc'>(25)</span> <span class='ocrx_word' id='word_1_185' title='bbox 3174 1072 3188 1087; x_wconf 83' lang='grc'><em>’</em></span> <span class='ocrx_word' id='word_1_186' title='bbox 3234 1052 3426 1113; x_wconf 79' lang='grc' dir='ltr'>οἷονδὲ</span> <span class='ocrx_word' id='word_1_187' title='bbox 3459 1058 3620 1112; x_wconf 75' lang='grc' dir='ltr'>πάλιν</span> <span class='ocrx_word' id='word_1_188' title='bbox 3645 1058 3831 1124; x_wconf 74' lang='grc' dir='ltr'>ἔσται,</span> 
     </span>
    </p>
   </div>
   <div class='ocr_carea' id='block_1_25' title="bbox 2250 1143 3837 1221">
    <p class='ocr_par' dir='ltr' id='par_1_25' title="bbox 2250 1143 3837 1221">
     <span class='ocr_line' id='line_1_25' title="bbox 2250 1143 3837 1221; baseline -0.001 -18"><span class='ocrx_word' id='word_1_189' title='bbox 2250 1151 2298 1203; x_wconf 85' lang='grc' dir='ltr'><strong>εί</strong></span> <span class='ocrx_word' id='word_1_190' title='bbox 2346 1148 2715 1220; x_wconf 80' lang='grc' dir='ltr'><strong>ὁμοιοτρόπως</strong></span> <span class='ocrx_word' id='word_1_191' title='bbox 2748 1147 2860 1218; x_wconf 72' lang='grc'>(24)</span> <span class='ocrx_word' id='word_1_192' title='bbox 2899 1143 3054 1211; x_wconf 83' lang='grc' dir='ltr'>αὖθις</span> <span class='ocrx_word' id='word_1_193' title='bbox 3092 1148 3341 1220; x_wconf 80' lang='grc' dir='ltr'>ἀλλήλοις</span> <span class='ocrx_word' id='word_1_194' title='bbox 3381 1149 3706 1221; x_wconf 84' lang='grc' dir='ltr'>ἀναμιχθείη</span> <span class='ocrx_word' id='word_1_195' title='bbox 3762 1149 3837 1202; x_wconf 75' lang='grc' dir='ltr'>τὰ</span> 
     </span>
    </p>
   </div>
   <div class='ocr_carea' id='block_1_26' title="bbox 2250 1239 3836 1313">
    <p class='ocr_par' dir='ltr' id='par_1_26' title="bbox 2250 1239 3836 1313">
     <span class='ocr_line' id='line_1_26' title="bbox 2250 1239 3836 1313; baseline 0 -19"><span class='ocrx_word' id='word_1_196' title='bbox 2250 1239 2515 1311; x_wconf 85' lang='grc' dir='ltr'>χρώματα</span> <span class='ocrx_word' id='word_1_197' title='bbox 2538 1256 2552 1270; x_wconf 87' lang='grc'><strong>·</strong></span> <span class='ocrx_word' id='word_1_198' title='bbox 2586 1239 2759 1304; x_wconf 74' lang='grc' dir='ltr'>οὕτως</span> <span class='ocrx_word' id='word_1_199' title='bbox 2785 1239 2982 1294; x_wconf 75' lang='grc' dir='ltr'>εἰδέναι</span> <span class='ocrx_word' id='word_1_200' title='bbox 3024 1239 3122 1310; x_wconf 82' lang='grc' dir='ltr'>τὴν</span> <span class='ocrx_word' id='word_1_201' title='bbox 3145 1240 3322 1313; x_wconf 79' lang='grc' dir='ltr'>ψυχὴν</span> <span class='ocrx_word' id='word_1_202' title='bbox 3359 1239 3466 1294; x_wconf 85' lang='grc' dir='ltr'><strong>τῶν</strong></span> <span class='ocrx_word' id='word_1_203' title='bbox 3493 1240 3836 1311; x_wconf 84' lang='grc' dir='ltr'>συνδραμόν-</span> 
     </span>
    </p>
   </div>
   <div class='ocr_carea' id='block_1_27' title="bbox 2250 1326 3837 1404">
    <p class='ocr_par' dir='ltr' id='par_1_27' title="bbox 2250 1326 3837 1404">
     <span class='ocr_line' id='line_1_27' title="bbox 2250 1326 3837 1404; baseline -0.001 -19"><span class='ocrx_word' id='word_1_204' title='bbox 2250 1348 2357 1386; x_wconf 90' lang='grc' dir='ltr'><strong>των</strong></span> <span class='ocrx_word' id='word_1_205' title='bbox 2388 1331 2666 1402; x_wconf 79' lang='grc' dir='ltr'>στοιχείων</span> <span class='ocrx_word' id='word_1_206' title='bbox 2696 1332 2834 1403; x_wconf 80' lang='grc' dir='ltr'>πρὸς</span> <span class='ocrx_word' id='word_1_207' title='bbox 2860 1332 2959 1404; x_wconf 82' lang='grc' dir='ltr'>τὴν</span> <span class='ocrx_word' id='word_1_208' title='bbox 2985 1330 3080 1385; x_wconf 78' lang='grc' dir='ltr'><strong>τοῦ</strong></span> <span class='ocrx_word' id='word_1_209' title='bbox 3112 1332 3360 1402; x_wconf 79' lang='grc' dir='ltr'>σώματος</span> <span class='ocrx_word' id='word_1_210' title='bbox 3391 1332 3758 1403; x_wconf 79' lang='grc' dir='ltr'>κατασκευὴν,</span> <span class='ocrx_word' id='word_1_211' title='bbox 3787 1326 3837 1399; x_wconf 79' lang='grc' dir='ltr'>ᾧ</span> 
     </span>
    </p>
   </div>
   <div class='ocr_carea' id='block_1_28' title="bbox 2251 1420 3838 1493">
    <p class='ocr_par' dir='ltr' id='par_1_28' title="bbox 2251 1420 3838 1493">
     <span class='ocr_line' id='line_1_28' title="bbox 2251 1420 3838 1493; baseline 0.002 -19"><span class='ocrx_word' id='word_1_212' title='bbox 2251 1421 2449 1491; x_wconf 78' lang='grc' dir='ltr'>ὲνεφύη</span> <span class='ocrx_word' id='word_1_213' title='bbox 2480 1421 2614 1492; x_wconf 84' lang='grc'>(25),</span> <span class='ocrx_word' id='word_1_214' title='bbox 2648 1421 2743 1475; x_wconf 80' lang='grc' dir='ltr'>καὶ</span> <span class='ocrx_word' id='word_1_215' title='bbox 2772 1420 2910 1491; x_wconf 80' lang='grc' dir='ltr'>μετὰ</span> <span class='ocrx_word' id='word_1_216' title='bbox 2933 1422 3032 1492; x_wconf 76' lang='grc' dir='ltr'>τὴν</span> <span class='ocrx_word' id='word_1_217' title='bbox 3063 1421 3306 1475; x_wconf 84' lang='grc' dir='ltr'>διάλυσιν</span> <span class='ocrx_word' id='word_1_218' title='bbox 3334 1421 3512 1476; x_wconf 82' lang='grc' dir='ltr'>αὐτῶν</span> <span class='ocrx_word' id='word_1_219' title='bbox 3542 1422 3642 1493; x_wconf 80' lang='grc' dir='ltr'>τὴν</span> <span class='ocrx_word' id='word_1_220' title='bbox 3667 1440 3838 1492; x_wconf 76' lang='grc' dir='ltr'>φυσι-</span> 
     </span>
    </p>
   </div>
   <div class='ocr_carea' id='block_1_29' title="bbox 2252 1513 3833 1587">
    <p class='ocr_par' dir='ltr' id='par_1_29' title="bbox 2252 1513 3833 1587">
     <span class='ocr_line' id='line_1_29' title="bbox 2252 1513 3833 1587; baseline 0.001 -19"><span class='ocrx_word' id='word_1_221' title='bbox 2252 1513 2354 1585; x_wconf 82' lang='grc' dir='ltr'>κὴν</span> <span class='ocrx_word' id='word_1_222' title='bbox 2406 1514 2661 1585; x_wconf 77' lang='grc' dir='ltr'>ἰδιότητα.</span> <span class='ocrx_word' id='word_1_223' title='bbox 2718 1513 2838 1567; x_wconf 83' lang='grc' dir='ltr'>Κᾶν</span> <span class='ocrx_word' id='word_1_224' title='bbox 2885 1513 3166 1585; x_wconf 76' lang='grc' dir='ltr'>πόρρωθεν</span> <span class='ocrx_word' id='word_1_225' title='bbox 3200 1514 3295 1569; x_wconf 84' lang='grc' dir='ltr'><strong>ἀπ’</strong></span> <span class='ocrx_word' id='word_1_226' title='bbox 3320 1514 3561 1585; x_wconf 83' lang='grc' dir='ltr'>ἀλλήλων</span> <span class='ocrx_word' id='word_1_227' title='bbox 3605 1514 3752 1569; x_wconf 79' lang='grc' dir='ltr'>αὐτὰ</span> <span class='ocrx_word' id='word_1_228' title='bbox 3797 1518 3833 1587; x_wconf 75' lang='grc' dir='ltr'><strong>ἡ</strong></span> 
     </span>
    </p>
   </div>
   <div class='ocr_carea' id='block_1_30' title="bbox 2253 1601 3833 1677">
    <p class='ocr_par' dir='ltr' id='par_1_30' title="bbox 2253 1601 3833 1677">
     <span class='ocr_line' id='line_1_30' title="bbox 2253 1601 3833 1677; baseline 0.002 -21"><span class='ocrx_word' id='word_1_229' title='bbox 2253 1602 2412 1673; x_wconf 80' lang='grc' dir='ltr'>φύσις</span> <span class='ocrx_word' id='word_1_230' title='bbox 2437 1601 2646 1673; x_wconf 78' lang='grc' dir='ltr'>ἁφέλκῃ</span> <span class='ocrx_word' id='word_1_231' title='bbox 2672 1601 2757 1656; x_wconf 79' lang='grc' dir='ltr'>διὰ</span> <span class='ocrx_word' id='word_1_232' title='bbox 2784 1601 2881 1666; x_wconf 81' lang='grc' dir='ltr'>τὰς</span> <span class='ocrx_word' id='word_1_233' title='bbox 2907 1604 3231 1674; x_wconf 83' lang='grc' dir='ltr'>ὲγκειμένας</span> <span class='ocrx_word' id='word_1_234' title='bbox 3263 1605 3659 1677; x_wconf 80' lang='grc' dir='ltr'>ἐναντιότητας,</span> <span class='ocrx_word' id='word_1_235' title='bbox 3690 1607 3833 1660; x_wconf 72' lang='grc' dir='ltr'>ἑκα-</span> 
     </span>
    </p>
   </div>
   <div class='ocr_carea' id='block_1_31' title="bbox 2255 1692 3833 1767">
    <p class='ocr_par' dir='ltr' id='par_1_31' title="bbox 2255 1692 3833 1767">
     <span class='ocr_line' id='line_1_31' title="bbox 2255 1692 3833 1767; baseline 0.002 -20"><span class='ocrx_word' id='word_1_236' title='bbox 2255 1710 2379 1747; x_wconf 88' lang='grc' dir='ltr'>στον</span> <span class='ocrx_word' id='word_1_237' title='bbox 2435 1692 2613 1748; x_wconf 79' lang='grc' dir='ltr'>αὐτῶν</span> <span class='ocrx_word' id='word_1_238' title='bbox 2658 1695 2759 1763; x_wconf 79' lang='grc' dir='ltr'>τῆς</span> <span class='ocrx_word' id='word_1_239' title='bbox 2806 1694 2942 1766; x_wconf 82' lang='grc' dir='ltr'>πρὸς</span> <span class='ocrx_word' id='word_1_240' title='bbox 2992 1694 3054 1748; x_wconf 85' lang='grc' dir='ltr'>τὸ</span> <span class='ocrx_word' id='word_1_241' title='bbox 3109 1694 3348 1751; x_wconf 79' lang='grc' dir='ltr'>ἐναντίον</span> <span class='ocrx_word' id='word_1_242' title='bbox 3395 1696 3670 1767; x_wconf 74' lang='grc' dir='ltr'>ἐπιμιξίας</span> <span class='ocrx_word' id='word_1_243' title='bbox 3712 1695 3833 1767; x_wconf 84' lang='grc'>(26)</span> 
     </span>
    </p>
   </div>
   <div class='ocr_carea' id='block_1_32' title="bbox 577 1780 2152 1860">
    <p class='ocr_par' dir='ltr' id='par_1_32' title="bbox 577 1786 2152 1860">
     <span class='ocr_line' id='line_1_32' title="bbox 577 1786 2152 1860; baseline -0.004 -14"><span class='ocrx_word' id='word_1_244' title='bbox 577 1798 771 1846; x_wconf 89' lang='lat' dir='ltr'><strong>natura</strong></span> <span class='ocrx_word' id='word_1_245' title='bbox 794 1788 981 1860; x_wconf 90' lang='lat' dir='ltr'><strong>procul</strong></span> <span class='ocrx_word' id='word_1_246' title='bbox 1000 1788 1069 1842; x_wconf 91' lang='lat' dir='ltr'><strong>ah</strong></span> <span class='ocrx_word' id='word_1_247' title='bbox 1091 1787 1322 1842; x_wconf 81' lang='lat' dir='ltr'><strong>invicem</strong></span> <span class='ocrx_word' id='word_1_248' title='bbox 1347 1786 1627 1843; x_wconf 85' lang='lat' dir='ltr'><strong>abstrahat</strong></span> <span class='ocrx_word' id='word_1_249' title='bbox 1646 1786 1913 1841; x_wconf 88' lang='lat' dir='ltr'><strong>elementa</strong></span> <span class='ocrx_word' id='word_1_250' title='bbox 1933 1793 2152 1858; x_wconf 86' lang='lat' dir='ltr'><strong>propter</strong></span> 
     </span>
    </p>
   </div>
   <div class='ocr_carea' id='block_1_33' title="bbox 2246 1780 3836 1860">
    <p class='ocr_par' dir='ltr' id='par_1_33' title="bbox 2254 1780 3836 1859">
     <span class='ocr_line' id='line_1_33' title="bbox 2254 1780 3836 1859; baseline 0 -19"><span class='ocrx_word' id='word_1_251' title='bbox 2254 1783 2608 1857; x_wconf 81' lang='grc' dir='ltr'>ἀπείργουσα,</span> <span class='ocrx_word' id='word_1_252' title='bbox 2644 1785 2794 1839; x_wconf 77' lang='grc' dir='ltr'>οὐδὲν</span> <span class='ocrx_word' id='word_1_253' title='bbox 2827 1780 2989 1859; x_wconf 84' lang='grc' dir='ltr'>ἦττον</span> <span class='ocrx_word' id='word_1_254' title='bbox 3017 1784 3147 1858; x_wconf 79' lang='grc' dir='ltr'>παρ’</span> <span class='ocrx_word' id='word_1_255' title='bbox 3171 1786 3383 1858; x_wconf 78' lang='grc' dir='ltr'>ἑκάστῳ</span> <span class='ocrx_word' id='word_1_256' title='bbox 3409 1786 3558 1841; x_wconf 80' lang='grc' dir='ltr'>ἔσται</span> <span class='ocrx_word' id='word_1_257' title='bbox 3588 1788 3654 1858; x_wconf 81' lang='grc' dir='ltr'><strong>τῇ</strong></span> <span class='ocrx_word' id='word_1_258' title='bbox 3685 1803 3836 1855; x_wconf 83' lang='grc' dir='ltr'>γνω-</span> 
     </span>
    </p>
   </div>
   <div class='ocr_carea' id='block_1_34' title="bbox 583 1876 2153 1946">
    <p class='ocr_par' dir='ltr' id='par_1_34' title="bbox 583 1876 2153 1946">
     <span class='ocr_line' id='line_1_34' title="bbox 583 1876 2153 1946; baseline -0.003 -11"><span class='ocrx_word' id='word_1_259' title='bbox 583 1880 777 1936; x_wconf 87' lang='lat' dir='ltr'><strong>insitas</strong></span> <span class='ocrx_word' id='word_1_260' title='bbox 817 1877 1260 1941; x_wconf 88' lang='lat' dir='ltr'><strong>contrarietates,</strong></span> <span class='ocrx_word' id='word_1_261' title='bbox 1294 1876 1721 1946; x_wconf 88' lang='lat' dir='ltr'><strong>unumquodque</strong></span> <span class='ocrx_word' id='word_1_262' title='bbox 1745 1890 1932 1930; x_wconf 88' lang='lat' dir='ltr'><strong>eorum</strong></span> <span class='ocrx_word' id='word_1_263' title='bbox 1960 1890 2153 1932; x_wconf 88' lang='lat' dir='ltr'><strong>arcens</strong></span> 
     </span>
    </p>
   </div>
   <div class='ocr_carea' id='block_1_35' title="bbox 578 1966 2152 2039">
    <p class='ocr_par' dir='ltr' id='par_1_35' title="bbox 578 1966 2152 2039">
     <span class='ocr_line' id='line_1_35' title="bbox 578 1966 2152 2039; baseline -0.003 -13"><span class='ocrx_word' id='word_1_264' title='bbox 578 1988 609 2026; x_wconf 89' lang='lat' dir='ltr'><strong>a</strong></span> <span class='ocrx_word' id='word_1_265' title='bbox 640 1970 1023 2029; x_wconf 87' lang='lat' dir='ltr'><strong>commistione</strong></span> <span class='ocrx_word' id='word_1_266' title='bbox 1073 1967 1359 2035; x_wconf 89' lang='lat' dir='ltr'><strong>contrarii,</strong></span> <span class='ocrx_word' id='word_1_267' title='bbox 1391 1967 1751 2024; x_wconf 85' lang='lat' dir='ltr'><strong>nihilominus</strong></span> <span class='ocrx_word' id='word_1_268' title='bbox 1784 1966 2152 2039; x_wconf 74' lang='lat' dir='ltr'><strong>cognoscendi</strong></span> 
     </span>
    </p>
   </div>
   <div class='ocr_carea' id='block_1_36' title="bbox 577 2059 2154 2133">
    <p class='ocr_par' dir='ltr' id='par_1_36' title="bbox 577 2059 2154 2133">
     <span class='ocr_line' id='line_1_36' title="bbox 577 2059 2154 2133; baseline -0.003 -14"><span class='ocrx_word' id='word_1_269' title='bbox 577 2072 627 2119; x_wconf 87' lang='lat' dir='ltr'><strong>et</strong></span> <span class='ocrx_word' id='word_1_270' title='bbox 655 2061 974 2133; x_wconf 80' lang='lat' dir='ltr'><strong>explorandi</strong></span> <span class='ocrx_word' id='word_1_271' title='bbox 1003 2061 1056 2116; x_wconf 81' lang='lat' dir='ltr'><strong>vi</strong></span> <span class='ocrx_word' id='word_1_272' title='bbox 1088 2060 1370 2132; x_wconf 90' lang='lat' dir='ltr'><strong>proprium</strong></span> <span class='ocrx_word' id='word_1_273' title='bbox 1399 2060 1735 2130; x_wconf 87' lang='lat' dir='ltr'><strong>amplectens</strong></span> <span class='ocrx_word' id='word_1_274' title='bbox 1774 2059 1981 2126; x_wconf 85' lang='lat' dir='ltr'><strong>anima,</strong></span> <span class='ocrx_word' id='word_1_275' title='bbox 2009 2059 2154 2130; x_wconf 90' lang='lat' dir='ltr'><strong>apud</strong></span> 
     </span>
    </p>
   </div>
   <div class='ocr_carea' id='block_1_37' title="bbox 582 2150 2153 2225">
    <p class='ocr_par' dir='ltr' id='par_1_37' title="bbox 582 2150 2153 2225">
     <span class='ocr_line' id='line_1_37' title="bbox 582 2150 2153 2225; baseline -0.002 -14"><span class='ocrx_word' id='word_1_276' title='bbox 582 2150 1009 2225; x_wconf 90' lang='lat' dir='ltr'><strong>unumquodque</strong></span> <span class='ocrx_word' id='word_1_277' title='bbox 1028 2151 1135 2208; x_wconf 90' lang='lat' dir='ltr'><strong>erit</strong></span> <span class='ocrx_word' id='word_1_278' title='bbox 1161 2166 1226 2207; x_wconf 88' lang='lat' dir='ltr'><strong>ac</strong></span> <span class='ocrx_word' id='word_1_279' title='bbox 1243 2151 1503 2217; x_wconf 88' lang='lat' dir='ltr'><strong>manebit,</strong></span> <span class='ocrx_word' id='word_1_280' title='bbox 1522 2152 1698 2208; x_wconf 89' lang='lat' dir='ltr'><strong>donec</strong></span> <span class='ocrx_word' id='word_1_281' title='bbox 1719 2167 1914 2208; x_wconf 89' lang='lat' dir='ltr'><strong>rursus</strong></span> <span class='ocrx_word' id='word_1_282' title='bbox 1933 2152 1989 2208; x_wconf 89' lang='lat' dir='ltr'><strong>in</strong></span> <span class='ocrx_word' id='word_1_283' title='bbox 2010 2152 2153 2209; x_wconf 90' lang='lat' dir='ltr'><strong>idem</strong></span> 
     </span>
    </p>
   </div>
   <div class='ocr_carea' id='block_1_38' title="bbox 578 2241 2154 2313">
    <p class='ocr_par' dir='ltr' id='par_1_38' title="bbox 578 2241 2154 2313">
     <span class='ocr_line' id='line_1_38' title="bbox 578 2241 2154 2313; baseline -0.001 -13"><span class='ocrx_word' id='word_1_284' title='bbox 578 2259 887 2301; x_wconf 84' lang='lat' dir='ltr'><strong>concursus</strong></span> <span class='ocrx_word' id='word_1_285' title='bbox 912 2244 1304 2313; x_wconf 88' lang='lat' dir='ltr'><strong>diremptorttm</strong></span> <span class='ocrx_word' id='word_1_286' title='bbox 1326 2241 1392 2298; x_wconf 89' lang='lat' dir='ltr'><strong>ad</strong></span> <span class='ocrx_word' id='word_1_287' title='bbox 1416 2242 1872 2300; x_wconf 85' lang='lat' dir='ltr'><strong>instaurationem</strong></span> <span class='ocrx_word' id='word_1_288' title='bbox 1898 2244 2154 2300; x_wconf 90' lang='lat' dir='ltr'><strong>dissoluti</strong></span> 
     </span>
    </p>
   </div>
   <div class='ocr_carea' id='block_1_39' title="bbox 576 2322 2157 2408">
    <p class='ocr_par' dir='ltr' id='par_1_39' title="bbox 576 2322 2157 2408">
     <span class='ocr_line' id='line_1_39' title="bbox 576 2322 2157 2408; baseline -0.002 -15"><span class='ocrx_word' id='word_1_289' title='bbox 576 2336 821 2408; x_wconf 85' lang='lat' dir='ltr'><strong>corporis</strong></span> <span class='ocrx_word' id='word_1_290' title='bbox 883 2353 952 2393; x_wconf 81' lang='lat' dir='ltr'><strong>ex</strong></span> <span class='ocrx_word' id='word_1_291' title='bbox 1006 2335 1290 2393; x_wconf 89' lang='lat' dir='ltr'><strong>elementis</strong></span> <span class='ocrx_word' id='word_1_292' title='bbox 1333 2337 1508 2393; x_wconf 91' lang='lat' dir='ltr'><strong>coacti</strong></span> <span class='ocrx_word' id='word_1_293' title='bbox 1550 2335 1731 2394; x_wconf 79' lang='lat' dir='ltr'><strong>factus</strong></span> <span class='ocrx_word' id='word_1_294' title='bbox 1781 2322 1985 2403; x_wconf 77' lang='lat' dir='ltr'><strong>fuerit,</strong></span> <span class='ocrx_word' id='word_1_295' title='bbox 2035 2350 2157 2406; x_wconf 60' lang='lat' dir='ltr'><strong>quae</strong></span> 
     </span>
    </p>
   </div>
   <div class='ocr_carea' id='block_1_40' title="bbox 577 2428 1802 2501">
    <p class='ocr_par' dir='ltr' id='par_1_40' title="bbox 577 2428 1802 2501">
     <span class='ocr_line' id='line_1_40' title="bbox 577 2428 1802 2501; baseline -0.001 -18"><span class='ocrx_word' id='word_1_296' title='bbox 577 2429 800 2501; x_wconf 90' lang='lat' dir='ltr'><strong>proprie</strong></span> <span class='ocrx_word' id='word_1_297' title='bbox 829 2428 1163 2485; x_wconf 89' lang='lat' dir='ltr'><strong>resurrectio</strong></span> <span class='ocrx_word' id='word_1_298' title='bbox 1187 2436 1242 2485; x_wconf 89' lang='lat' dir='ltr'><strong>et</strong></span> <span class='ocrx_word' id='word_1_299' title='bbox 1269 2437 1355 2485; x_wconf 91' lang='lat' dir='ltr'><strong>cst</strong></span> <span class='ocrx_word' id='word_1_300' title='bbox 1385 2437 1440 2484; x_wconf 91' lang='lat' dir='ltr'><strong>et</strong></span> <span class='ocrx_word' id='word_1_301' title='bbox 1465 2428 1802 2483; x_wconf 87' lang='lat' dir='ltr'><strong>nominatur.</strong></span> 
     </span>
    </p>
   </div>
   <div class='ocr_carea' id='block_1_41' title="bbox 629 2511 2157 2589">
    <p class='ocr_par' dir='ltr' id='par_1_41' title="bbox 629 2511 2157 2589">
     <span class='ocr_line' id='line_1_41' title="bbox 629 2511 2157 2589; baseline -0.005 -16"><span class='ocrx_word' id='word_1_302' title='bbox 629 2516 886 2589; x_wconf 78' lang='lat' dir='ltr'><strong>G.Atque</strong></span> <span class='ocrx_word' id='word_1_303' title='bbox 900 2530 1026 2589; x_wconf 83' lang='lat' dir='ltr'><strong>ego:</strong></span> <span class='ocrx_word' id='word_1_304' title='bbox 1047 2512 1284 2580; x_wconf 76' lang='lat' dir='ltr'><strong>Videris,</strong></span> <span class='ocrx_word' id='word_1_305' title='bbox 1315 2512 1560 2585; x_wconf 89' lang='lat' dir='ltr'><strong>inquam,</strong></span> <span class='ocrx_word' id='word_1_306' title='bbox 1589 2513 1801 2586; x_wconf 75' lang='lat' dir='ltr'><strong>egregie</strong></span> <span class='ocrx_word' id='word_1_307' title='bbox 1830 2511 1961 2568; x_wconf 90' lang='lat' dir='ltr'><strong>mihi</strong></span> <span class='ocrx_word' id='word_1_308' title='bbox 1979 2512 2157 2569; x_wconf 87' lang='lat' dir='ltr'><strong>obiter</strong></span> 
     </span>
    </p>
   </div>
   <div class='ocr_carea' id='block_1_42' title="bbox 575 2603 2155 2662">
    <p class='ocr_par' dir='ltr' id='par_1_42' title="bbox 575 2603 2155 2662">
     <span class='ocr_line' id='line_1_42' title="bbox 575 2603 2155 2662; baseline -0.002 0"><span class='ocrx_word' id='word_1_309' title='bbox 575 2613 633 2662; x_wconf 85' lang='lat' dir='ltr'><strong>et</strong></span> <span class='ocrx_word' id='word_1_310' title='bbox 663 2604 719 2660; x_wconf 93' lang='lat' dir='ltr'><strong>in</strong></span> <span class='ocrx_word' id='word_1_311' title='bbox 750 2604 987 2661; x_wconf 91' lang='lat' dir='ltr'><strong>transitu</strong></span> <span class='ocrx_word' id='word_1_312' title='bbox 1015 2603 1326 2662; x_wconf 77' lang='lat' dir='ltr'><strong>defendisse</strong></span> <span class='ocrx_word' id='word_1_313' title='bbox 1353 2605 1659 2661; x_wconf 88' lang='lat' dir='ltr'><strong>doctrinam</strong></span> <span class='ocrx_word' id='word_1_314' title='bbox 1683 2612 1736 2661; x_wconf 93' lang='lat' dir='ltr'><strong>et</strong></span> <span class='ocrx_word' id='word_1_315' title='bbox 1770 2605 1931 2662; x_wconf 77' lang='lat' dir='ltr'><strong>ﬁdem</strong></span> <span class='ocrx_word' id='word_1_316' title='bbox 1967 2621 2155 2662; x_wconf 90' lang='lat' dir='ltr'><strong>resur-</strong></span> 
     </span>
    </p>
   </div>
   <div class='ocr_carea' id='block_1_43' title="bbox 579 2694 2155 2766">
    <p class='ocr_par' dir='ltr' id='par_1_43' title="bbox 579 2694 2155 2766">
     <span class='ocr_line' id='line_1_43' title="bbox 579 2694 2155 2766; baseline -0.001 -14"><span class='ocrx_word' id='word_1_317' title='bbox 579 2696 859 2754; x_wconf 88' lang='lat' dir='ltr'><strong>rectionis.</strong></span> <span class='ocrx_word' id='word_1_318' title='bbox 906 2696 1162 2753; x_wconf 83' lang='lat' dir='ltr'><strong>Arbitror</strong></span> <span class='ocrx_word' id='word_1_319' title='bbox 1209 2696 1356 2751; x_wconf 90' lang='lat' dir='ltr'><strong>enim</strong></span> <span class='ocrx_word' id='word_1_320' title='bbox 1410 2711 1508 2766; x_wconf 90' lang='lat' dir='ltr'><strong>per</strong></span> <span class='ocrx_word' id='word_1_321' title='bbox 1551 2696 1667 2751; x_wconf 67' lang='lat' dir='ltr'><strong>haae</strong></span> <span class='ocrx_word' id='word_1_322' title='bbox 1712 2697 1916 2753; x_wconf 90' lang='lat' dir='ltr'><strong>sensim</strong></span> <span class='ocrx_word' id='word_1_323' title='bbox 1958 2694 2155 2750; x_wconf 88' lang='lat' dir='ltr'><strong>adduci</strong></span> 
     </span>
    </p>
   </div>
   <div class='ocr_carea' id='block_1_44' title="bbox 579 2779 2155 2856">
    <p class='ocr_par' dir='ltr' id='par_1_44' title="bbox 579 2779 2155 2856">
     <span class='ocr_line' id='line_1_44' title="bbox 579 2779 2155 2856; baseline -0.005 -14"><span class='ocrx_word' id='word_1_324' title='bbox 579 2800 739 2855; x_wconf 85' lang='lat' dir='ltr'><strong>posse</strong></span> <span class='ocrx_word' id='word_1_325' title='bbox 760 2800 856 2841; x_wconf 88' lang='lat' dir='ltr'><strong>eos</strong></span> <span class='ocrx_word' id='word_1_326' title='bbox 880 2785 976 2856; x_wconf 89' lang='lat' dir='ltr'><strong>qui</strong></span> <span class='ocrx_word' id='word_1_327' title='bbox 1016 2798 1138 2839; x_wconf 90' lang='lat' dir='ltr'><strong>eam</strong></span> <span class='ocrx_word' id='word_1_328' title='bbox 1178 2783 1339 2838; x_wconf 84' lang='lat' dir='ltr'><strong>ﬁdem</strong></span> <span class='ocrx_word' id='word_1_329' title='bbox 1367 2789 1707 2854; x_wconf 79' lang='lat' dir='ltr'><strong>oppugnant,</strong></span> <span class='ocrx_word' id='word_1_330' title='bbox 1734 2798 1802 2838; x_wconf 90' lang='lat' dir='ltr'><strong>ne</strong></span> <span class='ocrx_word' id='word_1_331' title='bbox 1825 2791 2014 2852; x_wconf 88' lang='lat' dir='ltr'><strong>putent</strong></span> <span class='ocrx_word' id='word_1_332' title='bbox 2038 2779 2155 2836; x_wconf 80' lang='lat' dir='ltr'><strong>ﬁeri</strong></span> 
     </span>
    </p>
   </div>
   <div class='ocr_carea' id='block_1_45' title="bbox 581 2872 2155 2946">
    <p class='ocr_par' dir='ltr' id='par_1_45' title="bbox 581 2872 2155 2946">
     <span class='ocr_line' id='line_1_45' title="bbox 581 2872 2155 2946; baseline -0.006 -14"><span class='ocrx_word' id='word_1_333' title='bbox 581 2891 689 2932; x_wconf 90' lang='lat' dir='ltr'><strong>non</strong></span> <span class='ocrx_word' id='word_1_334' title='bbox 718 2888 882 2946; x_wconf 88' lang='lat' dir='ltr'><strong>posse</strong></span> <span class='ocrx_word' id='word_1_335' title='bbox 937 2880 999 2929; x_wconf 86' lang='lat' dir='ltr'><strong>ut</strong></span> <span class='ocrx_word' id='word_1_336' title='bbox 1032 2888 1228 2929; x_wconf 89' lang='lat' dir='ltr'><strong>rursus</strong></span> <span class='ocrx_word' id='word_1_337' title='bbox 1278 2873 1543 2927; x_wconf 84' lang='lat' dir='ltr'><strong>elementa</strong></span> <span class='ocrx_word' id='word_1_338' title='bbox 1581 2872 1726 2927; x_wconf 88' lang='lat' dir='ltr'><strong>inter</strong></span> <span class='ocrx_word' id='word_1_339' title='bbox 1756 2888 1815 2928; x_wconf 92' lang='lat' dir='ltr'><strong>se</strong></span> <span class='ocrx_word' id='word_1_340' title='bbox 1856 2877 2072 2935; x_wconf 87' lang='lat' dir='ltr'><strong>coeant,</strong></span> <span class='ocrx_word' id='word_1_341' title='bbox 2101 2876 2155 2924; x_wconf 90' lang='lat' dir='ltr'><strong>et</strong></span> 
     </span>
    </p>
   </div>
   <div class='ocr_carea' id='block_1_46' title="bbox 558 2957 2153 3030">
    <p class='ocr_par' dir='ltr' id='par_1_46' title="bbox 558 2957 2153 3030">
     <span class='ocr_line' id='line_1_46' title="bbox 558 2957 2153 3030; baseline -0.006 -6"><span class='ocrx_word' id='word_1_342' title='bbox 558 2965 832 3029; x_wconf 79' lang='lat' dir='ltr'><strong>eumdem</strong></span> <span class='ocrx_word' id='word_1_343' title='bbox 851 2963 1123 3021; x_wconf 87' lang='lat' dir='ltr'><strong>hominem</strong></span> <span class='ocrx_word' id='word_1_344' title='bbox 1139 2961 1472 3020; x_wconf 76' lang='lat' dir='ltr'><strong>eiliciant.—</strong></span> <span class='ocrx_word' id='word_1_345' title='bbox 1485 2957 1884 3030; x_wconf 83' lang='lat' dir='ltr'><strong>M.Nempehoc</strong></span> <span class='ocrx_word' id='word_1_346' title='bbox 1899 2974 2045 3026; x_wconf 84' lang='lat' dir='ltr'><strong>vere,</strong></span> <span class='ocrx_word' id='word_1_347' title='bbox 2067 2960 2153 3014; x_wconf 89' lang='lat' dir='ltr'><strong>in-</strong></span> 
     </span>
    </p>
   </div>
   <div class='ocr_carea' id='block_1_47' title="bbox 579 3049 2153 3129">
    <p class='ocr_par' dir='ltr' id='par_1_47' title="bbox 579 3049 2153 3129">
     <span class='ocr_line' id='line_1_47' title="bbox 579 3049 2153 3129; baseline -0.006 -17"><span class='ocrx_word' id='word_1_348' title='bbox 579 3057 699 3129; x_wconf 92' lang='lat' dir='ltr'><strong>quit</strong></span> <span class='ocrx_word' id='word_1_349' title='bbox 721 3055 1006 3128; x_wconf 82' lang='lat' dir='ltr'><strong>magistra,</strong></span> <span class='ocrx_word' id='word_1_350' title='bbox 1038 3053 1195 3108; x_wconf 91' lang='lat' dir='ltr'><strong>dicis.</strong></span> <span class='ocrx_word' id='word_1_351' title='bbox 1225 3049 1379 3106; x_wconf 89' lang='lat' dir='ltr'><strong>Licet</strong></span> <span class='ocrx_word' id='word_1_352' title='bbox 1402 3050 1547 3106; x_wconf 91' lang='lat' dir='ltr'><strong>enim</strong></span> <span class='ocrx_word' id='word_1_353' title='bbox 1578 3049 1770 3105; x_wconf 89' lang='lat' dir='ltr'><strong>audire</strong></span> <span class='ocrx_word' id='word_1_354' title='bbox 1796 3049 2040 3104; x_wconf 88' lang='lat' dir='ltr'><strong>dicentes</strong></span> <span class='ocrx_word' id='word_1_355' title='bbox 2058 3063 2153 3104; x_wconf 90' lang='lat' dir='ltr'><strong>eos</strong></span> 
     </span>
    </p>
   </div>
   <div class='ocr_carea' id='block_1_48' title="bbox 570 3139 2153 3228">
    <p class='ocr_par' dir='ltr' id='par_1_48' title="bbox 570 3139 2153 3228">
     <span class='ocr_line' id='line_1_48' title="bbox 570 3139 2153 3228; baseline -0.004 -29"><span class='ocrx_word' id='word_1_356' title='bbox 570 3150 671 3221; x_wconf 87' lang='lat' dir='ltr'><strong>._qui</strong></span> <span class='ocrx_word' id='word_1_357' title='bbox 698 3148 828 3228; x_wconf 82' lang='lat' dir='ltr'><strong>huic</strong></span> <span class='ocrx_word' id='word_1_358' title='bbox 861 3143 1105 3216; x_wconf 91' lang='lat' dir='ltr'><strong>opinioni</strong></span> <span class='ocrx_word' id='word_1_359' title='bbox 1148 3141 1544 3209; x_wconf 86' lang='lat' dir='ltr'><strong>adversantur,</strong></span> <span class='ocrx_word' id='word_1_360' title='bbox 1566 3141 1704 3196; x_wconf 90' lang='lat' dir='ltr'><strong>Cum</strong></span> <span class='ocrx_word' id='word_1_361' title='bbox 1749 3139 1806 3195; x_wconf 91' lang='lat' dir='ltr'><strong>in</strong></span> <span class='ocrx_word' id='word_1_362' title='bbox 1829 3139 2153 3195; x_wconf 83' lang='lat' dir='ltr'><strong>universita-</strong></span> 
     </span>
    </p>
   </div>
   <div class='ocr_carea' id='block_1_49' title="bbox 564 3228 2154 3307">
    <p class='ocr_par' dir='ltr' id='par_1_49' title="bbox 564 3228 2154 3307">
     <span class='ocr_line' id='line_1_49' title="bbox 564 3228 2154 3307; baseline -0.007 -15"><span class='ocrx_word' id='word_1_363' title='bbox 564 3248 687 3292; x_wconf 56' lang='lat' dir='ltr'><strong>ttem</strong></span> <span class='ocrx_word' id='word_1_364' title='bbox 718 3250 820 3307; x_wconf 90' lang='lat' dir='ltr'><strong>pro</strong></span> <span class='ocrx_word' id='word_1_365' title='bbox 849 3234 1118 3306; x_wconf 84' lang='lat' dir='ltr'><strong>cujusque</strong></span> <span class='ocrx_word' id='word_1_366' title='bbox 1149 3232 1478 3303; x_wconf 80' lang='lat' dir='ltr'><strong>cognatione</strong></span> <span class='ocrx_word' id='word_1_367' title='bbox 1517 3231 1915 3287; x_wconf 89' lang='lat' dir='ltr'><strong>elementorum</strong></span> <span class='ocrx_word' id='word_1_368' title='bbox 1940 3228 2154 3284; x_wconf 84' lang='lat' dir='ltr'><strong>resolu-</strong></span> 
     </span>
    </p>
   </div>
   <div class='ocr_carea' id='block_1_50' title="bbox 569 3320 2153 3397">
    <p class='ocr_par' dir='ltr' id='par_1_50' title="bbox 569 3320 2153 3397">
     <span class='ocr_line' id='line_1_50' title="bbox 569 3320 2153 3397; baseline -0.007 -14"><span class='ocrx_word' id='word_1_369' title='bbox 569 3329 657 3383; x_wconf 71' lang='lat' dir='ltr'><strong>tio</strong></span> <span class='ocrx_word' id='word_1_370' title='bbox 691 3327 800 3389; x_wconf 83' lang='lat' dir='ltr'><strong>ﬁat,</strong></span> <span class='ocrx_word' id='word_1_371' title='bbox 825 3325 919 3397; x_wconf 87' lang='lat' dir='ltr'><strong>qui</strong></span> <span class='ocrx_word' id='word_1_372' title='bbox 962 3325 1074 3381; x_wconf 79' lang='lat' dir='ltr'><strong>ﬁeri</strong></span> <span class='ocrx_word' id='word_1_373' title='bbox 1129 3330 1309 3394; x_wconf 87' lang='lat' dir='ltr'><strong>potest</strong></span> <span class='ocrx_word' id='word_1_374' title='bbox 1361 3329 1421 3377; x_wconf 91' lang='lat' dir='ltr'><strong>ut</strong></span> <span class='ocrx_word' id='word_1_375' title='bbox 1461 3322 1636 3386; x_wconf 88' lang='lat' dir='ltr'><strong>calor,</strong></span> <span class='ocrx_word' id='word_1_376' title='bbox 1691 3321 1785 3392; x_wconf 89' lang='lat' dir='ltr'><strong>qui</strong></span> <span class='ocrx_word' id='word_1_377' title='bbox 1824 3321 1878 3374; x_wconf 91' lang='lat' dir='ltr'><strong>in</strong></span> <span class='ocrx_word' id='word_1_378' title='bbox 1901 3320 2007 3374; x_wconf 89' lang='lat' dir='ltr'><strong>hoc</strong></span> <span class='ocrx_word' id='word_1_379' title='bbox 2048 3325 2153 3386; x_wconf 90' lang='lat' dir='ltr'><strong>est,</strong></span> 
     </span>
    </p>
   </div>
   <div class='ocr_carea' id='block_1_51' title="bbox 471 3412 2156 3477">
    <p class='ocr_par' dir='ltr' id='par_1_51' title="bbox 471 3412 2156 3477">
     <span class='ocr_line' id='line_1_51' title="bbox 471 3412 2156 3477; baseline -0.007 0"><span class='ocrx_word' id='word_1_380' title='bbox 471 3423 473 3425; x_wconf 80' lang='grc'><strong>’</strong></span> <span class='ocrx_word' id='word_1_381' title='bbox 580 3420 674 3476; x_wconf 91' lang='lat' dir='ltr'><strong>ubi</strong></span> <span class='ocrx_word' id='word_1_382' title='bbox 697 3419 766 3474; x_wconf 90' lang='lat' dir='ltr'><strong>ad</strong></span> <span class='ocrx_word' id='word_1_383' title='bbox 795 3418 1203 3474; x_wconf 80' lang='lat' dir='ltr'><strong>universitatem</strong></span> <span class='ocrx_word' id='word_1_384' title='bbox 1254 3414 1511 3471; x_wconf 88' lang='lat' dir='ltr'><strong>redactus</strong></span> <span class='ocrx_word' id='word_1_385' title='bbox 1548 3412 1732 3477; x_wconf 75' lang='lat' dir='ltr'><strong>fuerit,</strong></span> <span class='ocrx_word' id='word_1_386' title='bbox 1780 3426 1977 3468; x_wconf 88' lang='lat' dir='ltr'><strong>rursus</strong></span> <span class='ocrx_word' id='word_1_387' title='bbox 2005 3412 2156 3466; x_wconf 91' lang='lat' dir='ltr'><strong>nulla</strong></span> 
     </span>
    </p>
   </div>
   <div class='ocr_carea' id='block_1_52' title="bbox 581 3504 2158 3578">
    <p class='ocr_par' dir='ltr' id='par_1_52' title="bbox 581 3504 2158 3578">
     <span class='ocr_line' id='line_1_52' title="bbox 581 3504 2158 3578; baseline -0.006 -13"><span class='ocrx_word' id='word_1_388' title='bbox 581 3511 906 3567; x_wconf 84' lang='lat' dir='ltr'><strong>admislione</strong></span> <span class='ocrx_word' id='word_1_389' title='bbox 943 3523 1068 3564; x_wconf 90' lang='lat' dir='ltr'><strong>cum</strong></span> <span class='ocrx_word' id='word_1_390' title='bbox 1100 3523 1167 3563; x_wconf 91' lang='lat' dir='ltr'><strong>eo</strong></span> <span class='ocrx_word' id='word_1_391' title='bbox 1198 3506 1344 3578; x_wconf 90' lang='lat' dir='ltr'><strong>quod</strong></span> <span class='ocrx_word' id='word_1_392' title='bbox 1375 3513 1460 3561; x_wconf 90' lang='lat' dir='ltr'><strong>est</strong></span> <span class='ocrx_word' id='word_1_393' title='bbox 1489 3504 1735 3575; x_wconf 86' lang='lat' dir='ltr'><strong>ejusdem</strong></span> <span class='ocrx_word' id='word_1_394' title='bbox 1782 3504 2000 3576; x_wconf 80' lang='lat' dir='ltr'><strong>generis</strong></span> <span class='ocrx_word' id='word_1_395' title='bbox 2024 3517 2158 3557; x_wconf 90' lang='lat' dir='ltr'><strong>con-</strong></span> 
     </span>
    </p>
   </div>
   <div class='ocr_carea' id='block_1_53' title="bbox 584 3594 2157 3672">
    <p class='ocr_par' dir='ltr' id='par_1_53' title="bbox 584 3594 2157 3672">
     <span class='ocr_line' id='line_1_53' title="bbox 584 3594 2157 3672; baseline -0.008 -14"><span class='ocrx_word' id='word_1_396' title='bbox 584 3611 786 3665; x_wconf 86' lang='lat' dir='ltr'><strong>cretus,</strong></span> <span class='ocrx_word' id='word_1_397' title='bbox 844 3605 1157 3672; x_wconf 75' lang='lat' dir='ltr'><strong>segregetur</strong></span> <span class='ocrx_word' id='word_1_398' title='bbox 1195 3605 1248 3653; x_wconf 91' lang='lat' dir='ltr'><strong>et</strong></span> <span class='ocrx_word' id='word_1_399' title='bbox 1287 3596 1657 3661; x_wconf 85' lang='lat' dir='ltr'><strong>abstrahatur,</strong></span> <span class='ocrx_word' id='word_1_400' title='bbox 1702 3595 1772 3649; x_wconf 89' lang='lat' dir='ltr'><strong>ad</strong></span> <span class='ocrx_word' id='word_1_401' title='bbox 1813 3594 2157 3650; x_wconf 91' lang='lat' dir='ltr'><strong>constituen-</strong></span> 
     </span>
    </p>
   </div>
   <div class='ocr_carea' id='block_1_54' title="bbox 580 3686 2156 3760">
    <p class='ocr_par' dir='ltr' id='par_1_54' title="bbox 580 3686 2156 3760">
     <span class='ocr_line' id='line_1_54' title="bbox 580 3686 2156 3760; baseline -0.007 -10"><span class='ocrx_word' id='word_1_402' title='bbox 580 3695 710 3750; x_wconf 85' lang='lat' dir='ltr'><strong>dum</strong></span> <span class='ocrx_word' id='word_1_403' title='bbox 772 3693 1072 3756; x_wconf 90' lang='lat' dir='ltr'><strong>hominem,</strong></span> <span class='ocrx_word' id='word_1_404' title='bbox 1107 3690 1202 3760; x_wconf 91' lang='lat' dir='ltr'><strong>qui</strong></span> <span class='ocrx_word' id='word_1_405' title='bbox 1257 3689 1367 3744; x_wconf 86' lang='lat' dir='ltr'><strong>vita</strong></span> <span class='ocrx_word' id='word_1_406' title='bbox 1423 3686 1717 3743; x_wconf 77' lang='lat' dir='ltr'><strong>defunctus</strong></span> <span class='ocrx_word' id='word_1_407' title='bbox 1773 3686 2054 3742; x_wconf 87' lang='lat' dir='ltr'><strong>reliciatur</strong></span> <span class='ocrx_word' id='word_1_408' title='bbox 2100 3693 2156 3741; x_wconf 88' lang='lat' dir='ltr'><strong>et</strong></span> 
     </span>
    </p>
   </div>
   <div class='ocr_carea' id='block_1_55' title="bbox 583 3776 2151 3852">
    <p class='ocr_par' dir='ltr' id='par_1_55' title="bbox 583 3776 2151 3852">
     <span class='ocr_line' id='line_1_55' title="bbox 583 3776 2151 3852; baseline -0.007 -11"><span class='ocrx_word' id='word_1_409' title='bbox 583 3783 956 3841; x_wconf 85' lang='lat' dir='ltr'><strong>instauretur?</strong></span> <span class='ocrx_word' id='word_1_410' title='bbox 1007 3781 1142 3836; x_wconf 83' lang='lat' dir='ltr'><strong>Nam</strong></span> <span class='ocrx_word' id='word_1_411' title='bbox 1194 3781 1298 3838; x_wconf 88' lang='lat' dir='ltr'><strong>nisi</strong></span> <span class='ocrx_word' id='word_1_412' title='bbox 1328 3779 1568 3852; x_wconf 79' lang='lat' dir='ltr'><strong>perfecte</strong></span> <span class='ocrx_word' id='word_1_413' title='bbox 1606 3777 1887 3849; x_wconf 90' lang='lat' dir='ltr'><strong>proprium</strong></span> <span class='ocrx_word' id='word_1_414' title='bbox 1908 3776 2151 3842; x_wconf 87' lang='lat' dir='ltr'><strong>redierit,</strong></span> 
     </span>
    </p>
   </div>
   <div class='ocr_carea' id='block_1_56' title="bbox 582 3866 2153 3947">
    <p class='ocr_par' dir='ltr' id='par_1_56' title="bbox 582 3866 2153 3947">
     <span class='ocr_line' id='line_1_56' title="bbox 582 3866 2153 3947; baseline -0.008 -13"><span class='ocrx_word' id='word_1_415' title='bbox 582 3877 676 3934; x_wconf 84' lang='lat' dir='ltr'><strong>sed</strong></span> <span class='ocrx_word' id='word_1_416' title='bbox 711 3889 809 3947; x_wconf 89' lang='lat' dir='ltr'><strong>pro</strong></span> <span class='ocrx_word' id='word_1_417' title='bbox 838 3873 1098 3944; x_wconf 89' lang='lat' dir='ltr'><strong>peculiari</strong></span> <span class='ocrx_word' id='word_1_418' title='bbox 1127 3871 1334 3942; x_wconf 87' lang='lat' dir='ltr'><strong>aliquid</strong></span> <span class='ocrx_word' id='word_1_419' title='bbox 1363 3869 1513 3926; x_wconf 88' lang='lat' dir='ltr'><strong>aliud</strong></span> <span class='ocrx_word' id='word_1_420' title='bbox 1537 3885 1600 3924; x_wconf 78' lang='lat' dir='ltr'><strong>ex</strong></span> <span class='ocrx_word' id='word_1_421' title='bbox 1622 3866 1811 3924; x_wconf 83' lang='lat' dir='ltr'><strong>eodem</strong></span> <span class='ocrx_word' id='word_1_422' title='bbox 1843 3882 2041 3938; x_wconf 73' lang='lat' dir='ltr'><strong>genere</strong></span> <span class='ocrx_word' id='word_1_423' title='bbox 2064 3881 2153 3922; x_wconf 91' lang='lat' dir='ltr'><strong>as-</strong></span> 
     </span>
    </p>
   </div>
   <div class='ocr_carea' id='block_1_57' title="bbox 583 3958 2153 4038">
    <p class='ocr_par' dir='ltr' id='par_1_57' title="bbox 583 3958 2153 4038">
     <span class='ocr_line' id='line_1_57' title="bbox 583 3958 2153 4038; baseline -0.006 -16"><span class='ocrx_word' id='word_1_424' title='bbox 583 3975 863 4038; x_wconf 85' lang='lat' dir='ltr'><strong>sumptum</strong></span> <span class='ocrx_word' id='word_1_425' title='bbox 884 3964 1067 4029; x_wconf 83' lang='lat' dir='ltr'><strong>fuerit,</strong></span> <span class='ocrx_word' id='word_1_426' title='bbox 1086 3964 1315 4020; x_wconf 86' lang='lat' dir='ltr'><strong>alterum</strong></span> <span class='ocrx_word' id='word_1_427' title='bbox 1328 3978 1430 4034; x_wconf 91' lang='lat' dir='ltr'><strong>pro</strong></span> <span class='ocrx_word' id='word_1_428' title='bbox 1459 3962 1632 4017; x_wconf 91' lang='lat' dir='ltr'><strong>altero</strong></span> <span class='ocrx_word' id='word_1_429' title='bbox 1652 3960 1762 4026; x_wconf 85' lang='lat' dir='ltr'><strong>lict,</strong></span> <span class='ocrx_word' id='word_1_430' title='bbox 1781 3969 1944 4029; x_wconf 89' lang='lat' dir='ltr'><strong>atque</strong></span> <span class='ocrx_word' id='word_1_431' title='bbox 1970 3958 2025 4013; x_wconf 92' lang='lat' dir='ltr'><strong>id</strong></span> <span class='ocrx_word' id='word_1_432' title='bbox 2045 3973 2153 4013; x_wconf 91' lang='lat' dir='ltr'><strong>non</strong></span> 
     </span>
    </p>
   </div>
   <div class='ocr_carea' id='block_1_58' title="bbox 580 4050 2149 4122">
    <p class='ocr_par' dir='ltr' id='par_1_58' title="bbox 580 4050 2149 4122">
     <span class='ocr_line' id='line_1_58' title="bbox 580 4050 2149 4122; baseline -0.006 -9"><span class='ocrx_word' id='word_1_433' title='bbox 580 4060 709 4115; x_wconf 88' lang='lat' dir='ltr'><strong>item</strong></span> <span class='ocrx_word' id='word_1_434' title='bbox 734 4056 1067 4114; x_wconf 89' lang='lat' dir='ltr'><strong>resurrectio</strong></span> <span class='ocrx_word' id='word_1_435' title='bbox 1100 4053 1286 4122; x_wconf 82' lang='lat' dir='ltr'><strong>fuerit,</strong></span> <span class='ocrx_word' id='word_1_436' title='bbox 1317 4054 1413 4111; x_wconf 91' lang='lat' dir='ltr'><strong>sed</strong></span> <span class='ocrx_word' id='word_1_437' title='bbox 1460 4052 1586 4107; x_wconf 86' lang='lat' dir='ltr'><strong>novi</strong></span> <span class='ocrx_word' id='word_1_438' title='bbox 1637 4050 1874 4106; x_wconf 87' lang='lat' dir='ltr'><strong>hominis</strong></span> <span class='ocrx_word' id='word_1_439' title='bbox 1921 4050 2149 4104; x_wconf 89' lang='lat' dir='ltr'><strong>creatio.</strong></span> 
     </span>
    </p>
   </div>
   <div class='ocr_carea' id='block_1_59' title="bbox 2254 1876 3835 1950">
    <p class='ocr_par' dir='ltr' id='par_1_59' title="bbox 2254 1876 3835 1950">
     <span class='ocr_line' id='line_1_59' title="bbox 2254 1876 3835 1950; baseline 0.001 -20"><span class='ocrx_word' id='word_1_440' title='bbox 2254 1879 2412 1949; x_wconf 83' lang='grc' dir='ltr'>στικῇ</span> <span class='ocrx_word' id='word_1_441' title='bbox 2458 1876 2681 1948; x_wconf 82' lang='grc' dir='ltr'>δυνάμει</span> <span class='ocrx_word' id='word_1_442' title='bbox 2718 1878 2810 1932; x_wconf 79' lang='grc' dir='ltr'><strong>τοῦ</strong></span> <span class='ocrx_word' id='word_1_443' title='bbox 2855 1878 3055 1933; x_wconf 80' lang='grc' dir='ltr'>οἰκείου</span> <span class='ocrx_word' id='word_1_444' title='bbox 3089 1879 3472 1950; x_wconf 73' lang='grc' dir='ltr'>ἐφαπτομένη,</span> <span class='ocrx_word' id='word_1_445' title='bbox 3516 1878 3611 1932; x_wconf 75' lang='grc' dir='ltr'>καὶ</span> <span class='ocrx_word' id='word_1_446' title='bbox 3645 1894 3835 1948; x_wconf 86' lang='grc' dir='ltr'>παρα-</span> 
     </span>
    </p>
   </div>
   <div class='ocr_carea' id='block_1_60' title="bbox 2255 1967 3831 2042">
    <p class='ocr_par' dir='ltr' id='par_1_60' title="bbox 2255 1967 3831 2042">
     <span class='ocr_line' id='line_1_60' title="bbox 2255 1967 3831 2042; baseline 0.003 -22"><span class='ocrx_word' id='word_1_447' title='bbox 2255 1967 2491 2038; x_wconf 81' lang='grc' dir='ltr'>μένουσα</span> <span class='ocrx_word' id='word_1_448' title='bbox 2518 1967 2621 2035; x_wconf 74' lang='grc' dir='ltr'>ἒως</span> <span class='ocrx_word' id='word_1_449' title='bbox 2648 1968 2713 2024; x_wconf 80' lang='grc' dir='ltr'>ἂν</span> <span class='ocrx_word' id='word_1_450' title='bbox 2735 1972 2820 2035; x_wconf 85' lang='grc' dir='ltr'><strong>είς</strong></span> <span class='ocrx_word' id='word_1_451' title='bbox 2848 1971 3015 2025; x_wconf 81' lang='grc' dir='ltr'><strong>ταύτὸ</strong></span> <span class='ocrx_word' id='word_1_452' title='bbox 3043 1970 3152 2042; x_wconf 90' lang='grc'>(27)</span> <span class='ocrx_word' id='word_1_453' title='bbox 3194 1971 3355 2025; x_wconf 71' lang='grc' dir='ltr'>πάλιν</span> <span class='ocrx_word' id='word_1_454' title='bbox 3382 1973 3415 2041; x_wconf 81' lang='grc' dir='ltr'>ἡ</span> <span class='ocrx_word' id='word_1_455' title='bbox 3459 1971 3566 2025; x_wconf 85' lang='grc' dir='ltr'><strong>τῶν</strong></span> <span class='ocrx_word' id='word_1_456' title='bbox 3603 1970 3831 2025; x_wconf 82' lang='grc' dir='ltr'>διεστώ-</span> 
     </span>
    </p>
   </div>
   <div class='ocr_carea' id='block_1_61' title="bbox 2251 2061 3830 2135">
    <p class='ocr_par' dir='ltr' id='par_1_61' title="bbox 2251 2061 3830 2135">
     <span class='ocr_line' id='line_1_61' title="bbox 2251 2061 3830 2135; baseline 0.001 -22"><span class='ocrx_word' id='word_1_457' title='bbox 2251 2074 2359 2114; x_wconf 90' lang='grc' dir='ltr'><strong>των</strong></span> <span class='ocrx_word' id='word_1_458' title='bbox 2409 2061 2632 2133; x_wconf 86' lang='grc' dir='ltr'>γένηται</span> <span class='ocrx_word' id='word_1_459' title='bbox 2684 2062 2955 2135; x_wconf 80' lang='grc' dir='ltr'>συνδρομὴ</span> <span class='ocrx_word' id='word_1_460' title='bbox 3002 2062 3138 2134; x_wconf 80' lang='grc' dir='ltr'>πρὸς</span> <span class='ocrx_word' id='word_1_461' title='bbox 3187 2062 3284 2133; x_wconf 82' lang='grc' dir='ltr'>τὴν</span> <span class='ocrx_word' id='word_1_462' title='bbox 3330 2061 3426 2116; x_wconf 83' lang='grc' dir='ltr'>τοῦ</span> <span class='ocrx_word' id='word_1_463' title='bbox 3484 2061 3830 2126; x_wconf 81' lang='grc' dir='ltr'>διαλυθέντος</span> 
     </span>
    </p>
   </div>
   <div class='ocr_carea' id='block_1_62' title="bbox 2253 2149 3830 2223">
    <p class='ocr_par' dir='ltr' id='par_1_62' title="bbox 2253 2149 3830 2223">
     <span class='ocr_line' id='line_1_62' title="bbox 2253 2149 3830 2223; baseline 0.001 -21"><span class='ocrx_word' id='word_1_464' title='bbox 2253 2149 2716 2220; x_wconf 80' lang='grc' dir='ltr'>ἁναστοιχείωσιν,</span> <span class='ocrx_word' id='word_1_465' title='bbox 2737 2151 2874 2223; x_wconf 80' lang='grc' dir='ltr'>ὅπερ</span> <span class='ocrx_word' id='word_1_466' title='bbox 2895 2150 3189 2218; x_wconf 81' lang='grc' dir='ltr'>ἀνάστασις</span> <span class='ocrx_word' id='word_1_467' title='bbox 3212 2151 3416 2223; x_wconf 86' lang='grc' dir='ltr'>κυρίως</span> <span class='ocrx_word' id='word_1_468' title='bbox 3436 2152 3530 2206; x_wconf 72' lang='grc' dir='ltr'>καὶ</span> <span class='ocrx_word' id='word_1_469' title='bbox 3553 2150 3707 2209; x_wconf 80' lang='grc' dir='ltr'>ἔσται</span> <span class='ocrx_word' id='word_1_470' title='bbox 3733 2152 3830 2206; x_wconf 68' lang='grc' dir='ltr'>καὶ</span> 
     </span>
    </p>
   </div>
   <div class='ocr_carea' id='block_1_63' title="bbox 2252 2239 2595 2313">
    <p class='ocr_par' dir='ltr' id='par_1_63' title="bbox 2252 2239 2595 2313">
     <span class='ocr_line' id='line_1_63' title="bbox 2252 2239 2595 2313; baseline 0.015 -20"><span class='ocrx_word' id='word_1_471' title='bbox 2252 2239 2595 2313; x_wconf 76' lang='grc' dir='ltr'>ὀνομάζεται.</span> 
     </span>
    </p>
   </div>
   <div class='ocr_carea' id='block_1_64' title="bbox 2320 2506 3827 2580">
    <p class='ocr_par' dir='ltr' id='par_1_64' title="bbox 2320 2506 3827 2580">
     <span class='ocr_line' id='line_1_64' title="bbox 2320 2506 3827 2580; baseline 0.006 -20"><span class='ocrx_word' id='word_1_472' title='bbox 2320 2506 2377 2564; x_wconf 85' lang='grc' dir='ltr'><strong>Γ.</strong></span> <span class='ocrx_word' id='word_1_473' title='bbox 2395 2508 2504 2563; x_wconf 60' lang='grc' dir='ltr'><strong>Καὶ</strong></span> <span class='ocrx_word' id='word_1_474' title='bbox 2520 2507 2629 2579; x_wconf 74' lang='grc' dir='ltr'>ἐγὼ</span> <span class='ocrx_word' id='word_1_475' title='bbox 2646 2506 2759 2580; x_wconf 78' lang='grc'>(28)</span> <span class='ocrx_word' id='word_1_476' title='bbox 2773 2506 3190 2577; x_wconf 78' lang='grc' dir='ltr'>εἷπον,’Ᾱριστά</span> <span class='ocrx_word' id='word_1_477' title='bbox 3242 2526 3334 2579; x_wconf 93' lang='grc' dir='ltr'><strong>μοι</strong></span> <span class='ocrx_word' id='word_1_478' title='bbox 3362 2510 3536 2576; x_wconf 85' lang='grc' dir='ltr'>δοκεῖς</span> <span class='ocrx_word' id='word_1_479' title='bbox 3576 2513 3722 2568; x_wconf 79' lang='grc' dir='ltr'>κατὰ</span> <span class='ocrx_word' id='word_1_480' title='bbox 3764 2516 3827 2569; x_wconf 79' lang='grc' dir='ltr'>τὸ</span> 
     </span>
    </p>
   </div>
   <div class='ocr_carea' id='block_1_65' title="bbox 2253 2595 3827 2677">
    <p class='ocr_par' dir='ltr' id='par_1_65' title="bbox 2253 2595 3827 2677">
     <span class='ocr_line' id='line_1_65' title="bbox 2253 2595 3827 2677; baseline 0.01 -31"><span class='ocrx_word' id='word_1_481' title='bbox 2253 2595 2424 2666; x_wconf 72' lang='grc' dir='ltr'>παρὸν</span> <span class='ocrx_word' id='word_1_482' title='bbox 2452 2596 2560 2668; x_wconf 89' lang='grc'>(29)</span> <span class='ocrx_word' id='word_1_483' title='bbox 2612 2598 3099 2669; x_wconf 83' lang='grc' dir='ltr'>συμμεμαχηκέναι</span> <span class='ocrx_word' id='word_1_484' title='bbox 3132 2600 3242 2673; x_wconf 86' lang='grc'>(50)</span> <span class='ocrx_word' id='word_1_485' title='bbox 3292 2602 3369 2674; x_wconf 82' lang='grc' dir='ltr'>τῷ</span> <span class='ocrx_word' id='word_1_486' title='bbox 3398 2603 3541 2676; x_wconf 85' lang='grc' dir='ltr'>λόγῳ</span> <span class='ocrx_word' id='word_1_487' title='bbox 3563 2607 3663 2677; x_wconf 77' lang='grc' dir='ltr'>τῆς</span> <span class='ocrx_word' id='word_1_488' title='bbox 3691 2607 3827 2661; x_wconf 83' lang='grc' dir='ltr'>ἀνα-</span> 
     </span>
    </p>
   </div>
   <div class='ocr_carea' id='block_1_66' title="bbox 2253 2686 3823 2769">
    <p class='ocr_par' dir='ltr' id='par_1_66' title="bbox 2253 2686 3823 2769">
     <span class='ocr_line' id='line_1_66' title="bbox 2253 2686 3823 2769; baseline 0.008 -30"><span class='ocrx_word' id='word_1_489' title='bbox 2253 2686 2513 2751; x_wconf 86' lang='grc' dir='ltr'>στάσεως.</span> <span class='ocrx_word' id='word_1_490' title='bbox 2549 2687 2817 2742; x_wconf 88' lang='grc' dir='ltr'>Δύνασθαι</span> <span class='ocrx_word' id='word_1_491' title='bbox 2842 2688 2948 2758; x_wconf 85' lang='grc' dir='ltr'><strong>γὰρ</strong></span> <span class='ocrx_word' id='word_1_492' title='bbox 2972 2689 3037 2742; x_wconf 82' lang='grc' dir='ltr'>ἂν</span> <span class='ocrx_word' id='word_1_493' title='bbox 3075 2690 3163 2744; x_wconf 80' lang='grc' dir='ltr'>διὰ</span> <span class='ocrx_word' id='word_1_494' title='bbox 3208 2692 3410 2748; x_wconf 88' lang='grc' dir='ltr'>τούτων</span> <span class='ocrx_word' id='word_1_495' title='bbox 3437 2695 3619 2767; x_wconf 75' lang='grc' dir='ltr'>ἠρέμα</span> <span class='ocrx_word' id='word_1_496' title='bbox 3649 2714 3823 2769; x_wconf 85' lang='grc' dir='ltr'>προσ-</span> 
     </span>
    </p>
   </div>
   <div class='ocr_carea' id='block_1_67' title="bbox 2252 2776 3827 2859">
    <p class='ocr_par' dir='ltr' id='par_1_67' title="bbox 2252 2776 3827 2859">
     <span class='ocr_line' id='line_1_67' title="bbox 2252 2776 3827 2859; baseline 0.007 -28"><span class='ocrx_word' id='word_1_497' title='bbox 2252 2776 2482 2849; x_wconf 84' lang='grc' dir='ltr'>αχθῆναι</span> <span class='ocrx_word' id='word_1_498' title='bbox 2508 2779 2634 2843; x_wconf 78' lang='grc' dir='ltr'>τοὺς</span> <span class='ocrx_word' id='word_1_499' title='bbox 2682 2780 3135 2851; x_wconf 84' lang='grc' dir='ltr'>ἀπομαχομένους</span> <span class='ocrx_word' id='word_1_500' title='bbox 3160 2785 3228 2855; x_wconf 80' lang='grc' dir='ltr'><strong>τῇ</strong></span> <span class='ocrx_word' id='word_1_501' title='bbox 3266 2783 3467 2853; x_wconf 82' lang='grc' dir='ltr'>πίστει,</span> <span class='ocrx_word' id='word_1_502' title='bbox 3498 2787 3633 2858; x_wconf 78' lang='grc' dir='ltr'>πρὸς</span> <span class='ocrx_word' id='word_1_503' title='bbox 3655 2788 3716 2841; x_wconf 83' lang='grc' dir='ltr'>τὸ</span> <span class='ocrx_word' id='word_1_504' title='bbox 3748 2788 3827 2859; x_wconf 82' lang='grc' dir='ltr'>μὴ</span> 
     </span>
    </p>
   </div>
   <div class='ocr_carea' id='block_1_68' title="bbox 2251 2867 3825 2947">
    <p class='ocr_par' dir='ltr' id='par_1_68' title="bbox 2251 2867 3825 2947">
     <span class='ocr_line' id='line_1_68' title="bbox 2251 2867 3825 2947; baseline 0.006 -26"><span class='ocrx_word' id='word_1_505' title='bbox 2251 2868 2456 2923; x_wconf 73' lang='grc' dir='ltr'>οἴεσθαι</span> <span class='ocrx_word' id='word_1_506' title='bbox 2480 2869 2587 2924; x_wconf 82' lang='grc' dir='ltr'>τῶν</span> <span class='ocrx_word' id='word_1_507' title='bbox 2614 2870 2887 2926; x_wconf 83' lang='grc' dir='ltr'>ἀδυνάτων</span> <span class='ocrx_word' id='word_1_508' title='bbox 2916 2867 3054 2927; x_wconf 75' lang='grc' dir='ltr'>εἶναι</span> <span class='ocrx_word' id='word_1_509' title='bbox 3081 2873 3242 2927; x_wconf 82' lang='grc' dir='ltr'>πάλιν</span> <span class='ocrx_word' id='word_1_510' title='bbox 3273 2874 3524 2947; x_wconf 81' lang='grc' dir='ltr'>ἀλλήλοις</span> <span class='ocrx_word' id='word_1_511' title='bbox 3548 2877 3825 2931; x_wconf 81' lang='grc' dir='ltr'>συνελθεῖν</span> 
     </span>
    </p>
   </div>
   <div class='ocr_carea' id='block_1_69' title="bbox 2251 2959 3826 3038">
    <p class='ocr_par' dir='ltr' id='par_1_69' title="bbox 2251 2959 3826 3038">
     <span class='ocr_line' id='line_1_69' title="bbox 2251 2959 3826 3038; baseline 0.004 -25"><span class='ocrx_word' id='word_1_512' title='bbox 2251 2959 2319 3014; x_wconf 85' lang='grc' dir='ltr'><strong>τὰ</strong></span> <span class='ocrx_word' id='word_1_513' title='bbox 2350 2963 2605 3032; x_wconf 86' lang='grc' dir='ltr'>στοιχεῖα,</span> <span class='ocrx_word' id='word_1_514' title='bbox 2636 2963 2731 3016; x_wconf 69' lang='grc' dir='ltr'>καὶ</span> <span class='ocrx_word' id='word_1_515' title='bbox 2756 2963 2847 3016; x_wconf 87' lang='grc' dir='ltr'>τὸν</span> <span class='ocrx_word' id='word_1_516' title='bbox 2879 2966 3037 3018; x_wconf 76' lang='grc' dir='ltr'>αὑτὸν</span> <span class='ocrx_word' id='word_1_517' title='bbox 3063 2965 3479 3036; x_wconf 80' lang='grc' dir='ltr'>ἀπεργάσασθαι</span> <span class='ocrx_word' id='word_1_518' title='bbox 3509 2966 3826 3038; x_wconf 77' lang='grc' dir='ltr'>ἄνθρωπον,</span> 
     </span>
    </p>
   </div>
   <div class='ocr_carea' id='block_1_70' title="bbox 2237 3049 3829 3123">
    <p class='ocr_par' dir='ltr' id='par_1_70' title="bbox 2237 3049 3829 3123">
     <span class='ocr_line' id='line_1_70' title="bbox 2237 3049 3829 3123; baseline -0.001 -18"><span class='ocrx_word' id='word_1_519' title='bbox 2237 3081 2307 3091; x_wconf 90' lang='grc'><strong>-</strong></span> <span class='ocrx_word' id='word_1_520' title='bbox 2328 3051 2404 3105; x_wconf 90' lang='grc' dir='ltr'><strong>Μ.</strong></span> <span class='ocrx_word' id='word_1_521' title='bbox 2435 3049 2545 3103; x_wconf 85' lang='grc' dir='ltr'>Καί</span> <span class='ocrx_word' id='word_1_522' title='bbox 2569 3049 2683 3121; x_wconf 85' lang='grc'>(51)</span> <span class='ocrx_word' id='word_1_523' title='bbox 2714 3051 2931 3121; x_wconf 82' lang='grc' dir='ltr'>φησινὴ</span> <span class='ocrx_word' id='word_1_524' title='bbox 2959 3049 3537 3123; x_wconf 76' lang='grc' dir='ltr'>διδάσκαλος’Ἀληθὲς</span> <span class='ocrx_word' id='word_1_525' title='bbox 3553 3050 3714 3105; x_wconf 80' lang='grc' dir='ltr'>τοῦτο</span> <span class='ocrx_word' id='word_1_526' title='bbox 3738 3052 3829 3104; x_wconf 86' lang='grc' dir='ltr'>λέ-</span> 
     </span>
    </p>
   </div>
   <div class='ocr_carea' id='block_1_71' title="bbox 2181 3106 3829 3215">
    <p class='ocr_par' dir='ltr' id='par_1_71' title="bbox 2181 3106 3829 3215">
     <span class='ocr_line' id='line_1_71' title="bbox 2181 3106 3829 3215; baseline -0.002 -18"><span class='ocrx_word' id='word_1_527' title='bbox 2181 3106 2379 3214; x_wconf 62' lang='grc' dir='ltr'>ϐγεις.</span> <span class='ocrx_word' id='word_1_528' title='bbox 2410 3106 2708 3213; x_wconf 33' lang='grc' dir='ltr'>Ἔστιιγέίρ</span> <span class='ocrx_word' id='word_1_529' title='bbox 2726 3106 3008 3211; x_wconf 49' lang='grc' dir='ltr'>’λεγόντων</span> <span class='ocrx_word' id='word_1_530' title='bbox 3035 3106 3274 3197; x_wconf 50' lang='grc' dir='ltr'>ἀκούειν’</span> <span class='ocrx_word' id='word_1_531' title='bbox 3287 3141 3398 3197; x_wconf 85' lang='grc' dir='ltr'><strong>τῶν</strong></span> <span class='ocrx_word' id='word_1_532' title='bbox 3428 3106 3542 3215; x_wconf 77' lang='grc'>(52)</span> <span class='ocrx_word' id='word_1_533' title='bbox 3567 3143 3706 3215; x_wconf 82' lang='grc' dir='ltr'>πρὸς</span> <span class='ocrx_word' id='word_1_534' title='bbox 3733 3144 3829 3196; x_wconf 82' lang='grc' dir='ltr'>τὸν</span> 
     </span>
    </p>
   </div>
   <div class='ocr_carea' id='block_1_72' title="bbox 2234 3233 3827 3305">
    <p class='ocr_par' dir='ltr' id='par_1_72' title="bbox 2234 3233 3827 3305">
     <span class='ocr_line' id='line_1_72' title="bbox 2234 3233 3827 3305; baseline -0.001 -17"><span class='ocrx_word' id='word_1_535' title='bbox 2234 3234 2390 3303; x_wconf 90' lang='grc' dir='ltr'>λόγον</span> <span class='ocrx_word' id='word_1_536' title='bbox 2411 3233 2597 3288; x_wconf 81' lang='grc' dir='ltr'>τοῦτον</span> <span class='ocrx_word' id='word_1_537' title='bbox 2625 3233 3109 3303; x_wconf 83' lang='grc' dir='ltr'>ὲνισταμένων,ὃτι</span> <span class='ocrx_word' id='word_1_538' title='bbox 3140 3235 3235 3297; x_wconf 79' lang='grc' dir='ltr'>Εἰς</span> <span class='ocrx_word' id='word_1_539' title='bbox 3249 3233 3310 3287; x_wconf 84' lang='grc' dir='ltr'>τὸ</span> <span class='ocrx_word' id='word_1_540' title='bbox 3337 3237 3444 3288; x_wconf 82' lang='grc' dir='ltr'>πᾶν</span> <span class='ocrx_word' id='word_1_541' title='bbox 3463 3234 3576 3305; x_wconf 88' lang='grc'>(55)</span> <span class='ocrx_word' id='word_1_542' title='bbox 3601 3236 3747 3289; x_wconf 74' lang='grc' dir='ltr'>κατὰ</span> <span class='ocrx_word' id='word_1_543' title='bbox 3765 3236 3827 3287; x_wconf 74' lang='grc' dir='ltr'>τὸ</span> 
     </span>
    </p>
   </div>
   <div class='ocr_carea' id='block_1_73' title="bbox 2237 3325 3821 3398">
    <p class='ocr_par' dir='ltr' id='par_1_73' title="bbox 2237 3325 3821 3398">
     <span class='ocr_line' id='line_1_73' title="bbox 2237 3325 3821 3398; baseline 0.001 -18"><span class='ocrx_word' id='word_1_544' title='bbox 2237 3326 2497 3397; x_wconf 80' lang='grc' dir='ltr'>συγγενὲς</span> <span class='ocrx_word' id='word_1_545' title='bbox 2516 3326 2806 3397; x_wconf 74' lang='grc' dir='ltr'>γινομένης</span> <span class='ocrx_word' id='word_1_546' title='bbox 2823 3326 2929 3381; x_wconf 82' lang='grc' dir='ltr'><strong>τῶν</strong></span> <span class='ocrx_word' id='word_1_547' title='bbox 2951 3325 3227 3397; x_wconf 82' lang='grc' dir='ltr'>στοιχείων</span> <span class='ocrx_word' id='word_1_548' title='bbox 3243 3325 3345 3396; x_wconf 81' lang='grc' dir='ltr'>τῆς</span> <span class='ocrx_word' id='word_1_549' title='bbox 3358 3326 3670 3391; x_wconf 84' lang='grc' dir='ltr'>ἀναλύσεως</span> <span class='ocrx_word' id='word_1_550' title='bbox 3685 3327 3821 3398; x_wconf 79' lang='grc'>(54)·</span> 
     </span>
    </p>
   </div>
   <div class='ocr_carea' id='block_1_74' title="bbox 2234 3417 3823 3491">
    <p class='ocr_par' dir='ltr' id='par_1_74' title="bbox 2234 3417 3823 3491">
     <span class='ocr_line' id='line_1_74' title="bbox 2234 3417 3823 3491; baseline 0.001 -20"><span class='ocrx_word' id='word_1_551' title='bbox 2234 3419 2319 3482; x_wconf 86' lang='grc' dir='ltr'><strong>τίς</strong></span> <span class='ocrx_word' id='word_1_552' title='bbox 2352 3418 2568 3491; x_wconf 86' lang='grc' dir='ltr'>μηχανὴ</span> <span class='ocrx_word' id='word_1_553' title='bbox 2608 3418 2668 3472; x_wconf 81' lang='grc' dir='ltr'>τὸ</span> <span class='ocrx_word' id='word_1_554' title='bbox 2696 3418 2754 3473; x_wconf 76' lang='grc' dir='ltr'>ἐν</span> <span class='ocrx_word' id='word_1_555' title='bbox 2782 3417 2918 3489; x_wconf 84' lang='grc' dir='ltr'>τῷδε</span> <span class='ocrx_word' id='word_1_556' title='bbox 2951 3418 3150 3488; x_wconf 83' lang='grc' dir='ltr'>θερμὸν</span> <span class='ocrx_word' id='word_1_557' title='bbox 3183 3420 3239 3471; x_wconf 79' lang='grc' dir='ltr'>ἐν</span> <span class='ocrx_word' id='word_1_558' title='bbox 3278 3418 3356 3487; x_wconf 84' lang='grc' dir='ltr'>τῷ</span> <span class='ocrx_word' id='word_1_559' title='bbox 3402 3417 3629 3472; x_wconf 85' lang='grc' dir='ltr'>καθόλου</span> <span class='ocrx_word' id='word_1_560' title='bbox 3663 3420 3823 3489; x_wconf 85' lang='grc' dir='ltr'>γενό-</span> 
     </span>
    </p>
   </div>
   <div class='ocr_carea' id='block_1_75' title="bbox 2240 3504 3821 3580">
    <p class='ocr_par' dir='ltr' id='par_1_75' title="bbox 2240 3504 3821 3580">
     <span class='ocr_line' id='line_1_75' title="bbox 2240 3504 3821 3580; baseline -0.003 -16"><span class='ocrx_word' id='word_1_561' title='bbox 2240 3526 2400 3580; x_wconf 88' lang='grc' dir='ltr'>μενον</span> <span class='ocrx_word' id='word_1_562' title='bbox 2446 3507 2720 3580; x_wconf 83' lang='grc' dir='ltr'>συμμιγὲς</span> <span class='ocrx_word' id='word_1_563' title='bbox 2766 3506 2901 3578; x_wconf 80' lang='grc'>(55),</span> <span class='ocrx_word' id='word_1_564' title='bbox 2936 3508 3029 3560; x_wconf 82' lang='grc' dir='ltr'>τοῦ</span> <span class='ocrx_word' id='word_1_565' title='bbox 3062 3505 3359 3576; x_wconf 79' lang='grc' dir='ltr'>συγγενοῦς</span> <span class='ocrx_word' id='word_1_566' title='bbox 3389 3504 3549 3559; x_wconf 83' lang='grc' dir='ltr'>πάλιν</span> <span class='ocrx_word' id='word_1_567' title='bbox 3580 3507 3821 3578; x_wconf 83' lang='grc' dir='ltr'>ἀποκρι-</span> 
     </span>
    </p>
   </div>
   <div class='ocr_carea' id='block_1_76' title="bbox 2237 3598 3819 3673">
    <p class='ocr_par' dir='ltr' id='par_1_76' title="bbox 2237 3598 3819 3673">
     <span class='ocr_line' id='line_1_76' title="bbox 2237 3598 3819 3673; baseline -0.002 -18"><span class='ocrx_word' id='word_1_568' title='bbox 2237 3600 2397 3671; x_wconf 82' lang='grc' dir='ltr'>θῆναι</span> <span class='ocrx_word' id='word_1_569' title='bbox 2441 3600 2576 3672; x_wconf 78' lang='grc' dir='ltr'>πρὸς</span> <span class='ocrx_word' id='word_1_570' title='bbox 2620 3600 2681 3653; x_wconf 84' lang='grc' dir='ltr'>τὸ</span> <span class='ocrx_word' id='word_1_571' title='bbox 2720 3599 2981 3670; x_wconf 73' lang='grc' dir='ltr'>συστῆναι</span> <span class='ocrx_word' id='word_1_572' title='bbox 3036 3599 3128 3653; x_wconf 86' lang='grc' dir='ltr'>τὸν</span> <span class='ocrx_word' id='word_1_573' title='bbox 3168 3598 3648 3670; x_wconf 87' lang='grc' dir='ltr'>ἀπαλλασσόμενον</span> <span class='ocrx_word' id='word_1_574' title='bbox 3702 3599 3819 3673; x_wconf 87' lang='grc'>(56)</span> 
     </span>
    </p>
   </div>
   <div class='ocr_carea' id='block_1_77' title="bbox 2214 3688 3818 3764">
    <p class='ocr_par' dir='ltr' id='par_1_77' title="bbox 2214 3688 3818 3764">
     <span class='ocr_line' id='line_1_77' title="bbox 2214 3688 3818 3764; baseline -0.002 -18"><span class='ocrx_word' id='word_1_575' title='bbox 2214 3688 2556 3763; x_wconf 77' lang='grc' dir='ltr'>’ἄνθρωπον;</span> <span class='ocrx_word' id='word_1_576' title='bbox 2588 3692 2651 3745; x_wconf 72' lang='lat' dir='ltr'><strong>Et</strong></span> <span class='ocrx_word' id='word_1_577' title='bbox 2682 3690 2792 3764; x_wconf 83' lang='grc' dir='ltr'><strong>γὰρ</strong></span> <span class='ocrx_word' id='word_1_578' title='bbox 2817 3691 2893 3762; x_wconf 79' lang='grc' dir='ltr'>μὴ</span> <span class='ocrx_word' id='word_1_579' title='bbox 2917 3690 3161 3761; x_wconf 76' lang='grc' dir='ltr'>ἀκριϐῶς</span> <span class='ocrx_word' id='word_1_580' title='bbox 3184 3691 3245 3744; x_wconf 83' lang='grc' dir='ltr'>τὸ</span> <span class='ocrx_word' id='word_1_581' title='bbox 3268 3691 3398 3745; x_wconf 74' lang='grc' dir='ltr'>ἴδιον</span> <span class='ocrx_word' id='word_1_582' title='bbox 3428 3689 3732 3759; x_wconf 74' lang='grc' dir='ltr'>ἐπανέλθοι,</span> <span class='ocrx_word' id='word_1_583' title='bbox 3754 3693 3818 3744; x_wconf 82' lang='grc' dir='ltr'>ὲκ</span> 
     </span>
    </p>
   </div>
   <div class='ocr_carea' id='block_1_78' title="bbox 2234 3780 3819 3856">
    <p class='ocr_par' dir='ltr' id='par_1_78' title="bbox 2234 3780 3819 3856">
     <span class='ocr_line' id='line_1_78' title="bbox 2234 3780 3819 3856; baseline -0.004 -16"><span class='ocrx_word' id='word_1_584' title='bbox 2234 3785 2292 3840; x_wconf 82' lang='grc' dir='ltr'><strong>δὲ</strong></span> <span class='ocrx_word' id='word_1_585' title='bbox 2337 3783 2431 3840; x_wconf 81' lang='grc' dir='ltr'><strong>τοῦ</strong></span> <span class='ocrx_word' id='word_1_586' title='bbox 2462 3783 2755 3856; x_wconf 81' lang='grc' dir='ltr'>ὁμογενοῦς</span> <span class='ocrx_word' id='word_1_587' title='bbox 2803 3782 2925 3838; x_wconf 71' lang='grc' dir='ltr'>ἀντὶ</span> <span class='ocrx_word' id='word_1_588' title='bbox 2970 3783 3065 3836; x_wconf 77' lang='grc' dir='ltr'><strong>τοῦ</strong></span> <span class='ocrx_word' id='word_1_589' title='bbox 3124 3782 3414 3847; x_wconf 74' lang='grc' dir='ltr'>ίδιάζοντὸς</span> <span class='ocrx_word' id='word_1_590' title='bbox 3464 3800 3516 3836; x_wconf 91' lang='grc' dir='ltr'><strong>τι</strong></span> <span class='ocrx_word' id='word_1_591' title='bbox 3566 3780 3819 3852; x_wconf 85' lang='grc' dir='ltr'>παραλη-</span> 
     </span>
    </p>
   </div>
   <div class='ocr_carea' id='block_1_79' title="bbox 2237 3874 3818 3950">
    <p class='ocr_par' dir='ltr' id='par_1_79' title="bbox 2237 3874 3818 3950">
     <span class='ocr_line' id='line_1_79' title="bbox 2237 3874 3818 3950; baseline -0.004 -18"><span class='ocrx_word' id='word_1_592' title='bbox 2237 3878 2395 3950; x_wconf 85' lang='grc' dir='ltr'>φθείη</span> <span class='ocrx_word' id='word_1_593' title='bbox 2436 3877 2580 3947; x_wconf 84' lang='grc'>(57)’</span> <span class='ocrx_word' id='word_1_594' title='bbox 2613 3877 2799 3949; x_wconf 78' lang='grc' dir='ltr'>ἓτερον</span> <span class='ocrx_word' id='word_1_595' title='bbox 2831 3875 2948 3931; x_wconf 89' lang='grc' dir='ltr'>ἀνθ’</span> <span class='ocrx_word' id='word_1_596' title='bbox 2983 3875 3172 3947; x_wconf 82' lang='grc' dir='ltr'>ἑτέρου</span> <span class='ocrx_word' id='word_1_597' title='bbox 3205 3875 3516 3946; x_wconf 79' lang='grc' dir='ltr'>γενήσεται,</span> <span class='ocrx_word' id='word_1_598' title='bbox 3558 3875 3650 3929; x_wconf 76' lang='grc' dir='ltr'>καὶ</span> <span class='ocrx_word' id='word_1_599' title='bbox 3688 3874 3818 3927; x_wconf 81' lang='grc' dir='ltr'>οὐκ·</span> 
     </span>
    </p>
   </div>
   <div class='ocr_carea' id='block_1_80' title="bbox 2235 3964 3815 4039">
    <p class='ocr_par' dir='ltr' id='par_1_80' title="bbox 2235 3964 3815 4039">
     <span class='ocr_line' id='line_1_80' title="bbox 2235 3964 3815 4039; baseline -0.004 -15"><span class='ocrx_word' id='word_1_600' title='bbox 2235 3970 2319 4024; x_wconf 86' lang='grc' dir='ltr'>ἐτι</span> <span class='ocrx_word' id='word_1_601' title='bbox 2358 3968 2423 4024; x_wconf 83' lang='grc' dir='ltr'>ἂν</span> <span class='ocrx_word' id='word_1_602' title='bbox 2455 3967 2542 4039; x_wconf 75' lang='grc' dir='ltr'><strong>εἴη</strong></span> <span class='ocrx_word' id='word_1_603' title='bbox 2572 3966 2634 4021; x_wconf 83' lang='grc' dir='ltr'>τὸ</span> <span class='ocrx_word' id='word_1_604' title='bbox 2672 3967 2911 4021; x_wconf 80' lang='grc' dir='ltr'>τοιοῦτον</span> <span class='ocrx_word' id='word_1_605' title='bbox 2947 3966 3267 4032; x_wconf 74' lang='grc' dir='ltr'>ἀνάστασις,</span> <span class='ocrx_word' id='word_1_606' title='bbox 3312 3965 3449 4020; x_wconf 78' lang='grc' dir='ltr'><strong>ἀλλὰ</strong></span> <span class='ocrx_word' id='word_1_607' title='bbox 3487 3964 3672 4020; x_wconf 78' lang='grc' dir='ltr'>καινοῦ</span> <span class='ocrx_word' id='word_1_608' title='bbox 3719 3966 3815 4019; x_wconf 82' lang='grc' dir='ltr'><strong>ἁν-</strong></span> 
     </span>
    </p>
   </div>
   <div class='ocr_carea' id='block_1_81' title="bbox 2237 4056 3815 4133">
    <p class='ocr_par' dir='ltr' id='par_1_81' title="bbox 2237 4056 3815 4133">
     <span class='ocr_line' id='line_1_81' title="bbox 2237 4056 3815 4133; baseline -0.003 -20"><span class='ocrx_word' id='word_1_609' title='bbox 2237 4060 2455 4130; x_wconf 87' lang='grc' dir='ltr'>θρώπου</span> <span class='ocrx_word' id='word_1_610' title='bbox 2486 4060 2832 4133; x_wconf 83' lang='grc' dir='ltr'>δημιουργία.</span> <span class='ocrx_word' id='word_1_611' title='bbox 2867 4061 2929 4115; x_wconf 80' lang='grc' dir='ltr'>Εἰ</span> <span class='ocrx_word' id='word_1_612' title='bbox 2953 4060 3009 4114; x_wconf 82' lang='grc' dir='ltr'><strong>δὲ</strong></span> <span class='ocrx_word' id='word_1_613' title='bbox 3048 4059 3154 4131; x_wconf 79' lang='grc' dir='ltr'>χρὴ</span> <span class='ocrx_word' id='word_1_614' title='bbox 3199 4059 3290 4112; x_wconf 83' lang='grc' dir='ltr'>τὸν</span> <span class='ocrx_word' id='word_1_615' title='bbox 3319 4059 3483 4112; x_wconf 84' lang='grc' dir='ltr'>αὑτὸν</span> <span class='ocrx_word' id='word_1_616' title='bbox 3511 4060 3592 4122; x_wconf 82' lang='grc' dir='ltr'><strong>είς</strong></span> <span class='ocrx_word' id='word_1_617' title='bbox 3620 4056 3815 4112; x_wconf 77' lang='grc' dir='ltr'>ἑαυτὸν</span> 
     </span>
    </p>
   </div>
   <div class='ocr_carea' id='block_1_82' title="bbox 578 4142 2152 4225">
    <p class='ocr_par' dir='ltr' id='par_1_82' title="bbox 578 4142 2148 4219">
     <span class='ocr_line' id='line_1_82' title="bbox 578 4142 2148 4219; baseline -0.009 -11"><span class='ocrx_word' id='word_1_618' title='bbox 578 4151 737 4219; x_wconf 83' lang='lat' dir='ltr'><strong>Quod</strong></span> <span class='ocrx_word' id='word_1_619' title='bbox 762 4150 809 4207; x_wconf 88' lang='lat' dir='ltr'><strong>si</strong></span> <span class='ocrx_word' id='word_1_620' title='bbox 827 4148 1077 4206; x_wconf 91' lang='lat' dir='ltr'><strong>eumdem</strong></span> <span class='ocrx_word' id='word_1_621' title='bbox 1102 4162 1297 4204; x_wconf 84' lang='lat' dir='ltr'><strong>rursus</strong></span> <span class='ocrx_word' id='word_1_622' title='bbox 1324 4146 1396 4202; x_wconf 88' lang='lat' dir='ltr'><strong>ad</strong></span> <span class='ocrx_word' id='word_1_623' title='bbox 1426 4145 1668 4215; x_wconf 90' lang='lat' dir='ltr'><strong>seipsum</strong></span> <span class='ocrx_word' id='word_1_624' title='bbox 1694 4142 1892 4197; x_wconf 84' lang='lat' dir='ltr'><strong>reverti</strong></span> <span class='ocrx_word' id='word_1_625' title='bbox 1914 4149 2148 4213; x_wconf 91' lang='lat' dir='ltr'><strong>oportet,</strong></span> 
     </span>
    </p>
   </div>
   <div class='ocr_carea' id='block_1_83' title="bbox 2246 4142 3815 4225">
    <p class='ocr_par' dir='ltr' id='par_1_83' title="bbox 2246 4147 3815 4225">
     <span class='ocr_line' id='line_1_83' title="bbox 2246 4147 3815 4225; baseline -0.004 -16"><span class='ocrx_word' id='word_1_626' title='bbox 2246 4154 2402 4209; x_wconf 81' lang='grc' dir='ltr'>πάλιν</span> <span class='ocrx_word' id='word_1_627' title='bbox 2417 4155 2752 4220; x_wconf 77' lang='grc' dir='ltr'>ἐπανελθεῖν,</span> <span class='ocrx_word' id='word_1_628' title='bbox 2769 4155 2834 4208; x_wconf 79' lang='grc' dir='ltr'><strong>δι’</strong></span> <span class='ocrx_word' id='word_1_629' title='bbox 2851 4154 2972 4208; x_wconf 86' lang='grc' dir='ltr'>ὅλου</span> <span class='ocrx_word' id='word_1_630' title='bbox 3000 4152 3109 4225; x_wconf 88' lang='grc'>(58)</span> <span class='ocrx_word' id='word_1_631' title='bbox 3140 4147 3279 4206; x_wconf 71' lang='grc' dir='ltr'>εἶναι</span> <span class='ocrx_word' id='word_1_632' title='bbox 3307 4154 3574 4223; x_wconf 79' lang='grc' dir='ltr'>προσήκει</span> <span class='ocrx_word' id='word_1_633' title='bbox 3597 4149 3690 4204; x_wconf 83' lang='grc' dir='ltr'>τὸν</span> <span class='ocrx_word' id='word_1_634' title='bbox 3716 4151 3815 4205; x_wconf 87' lang='grc' dir='ltr'>αύ-</span> 
     </span>
    </p>
   </div>
   <div class='ocr_carea' id='block_1_84' title="bbox 572 4232 2152 4315">
    <p class='ocr_par' dir='ltr' id='par_1_84' title="bbox 572 4232 2149 4315">
     <span class='ocr_line' id='line_1_84' title="bbox 572 4232 2149 4315; baseline -0.009 -16"><span class='ocrx_word' id='word_1_635' title='bbox 572 4243 799 4315; x_wconf 82' lang='lat' dir='ltr'><strong>penitus</strong></span> <span class='ocrx_word' id='word_1_636' title='bbox 821 4255 886 4297; x_wconf 91' lang='lat' dir='ltr'><strong>ac</strong></span> <span class='ocrx_word' id='word_1_637' title='bbox 929 4254 1158 4313; x_wconf 88' lang='lat' dir='ltr'><strong>prorsus</strong></span> <span class='ocrx_word' id='word_1_638' title='bbox 1188 4237 1440 4296; x_wconf 91' lang='lat' dir='ltr'><strong>eumdem</strong></span> <span class='ocrx_word' id='word_1_639' title='bbox 1493 4251 1679 4292; x_wconf 91' lang='lat' dir='ltr'><strong>secum</strong></span> <span class='ocrx_word' id='word_1_640' title='bbox 1720 4248 1842 4290; x_wconf 86' lang='lat' dir='ltr'><strong>esse</strong></span> <span class='ocrx_word' id='word_1_641' title='bbox 1871 4232 2149 4299; x_wconf 74' lang='lat' dir='ltr'><strong>convenit,</strong></span> 
     </span>
    </p>
   </div>
   <div class='ocr_carea' id='block_1_85' title="bbox 2246 4232 3813 4315">
    <p class='ocr_par' dir='ltr' id='par_1_85' title="bbox 2246 4240 3813 4315">
     <span class='ocr_line' id='line_1_85' title="bbox 2246 4240 3813 4315; baseline -0.005 -15"><span class='ocrx_word' id='word_1_642' title='bbox 2246 4244 2348 4310; x_wconf 74' lang='grc' dir='ltr'>τὸν,</span> <span class='ocrx_word' id='word_1_643' title='bbox 2380 4245 2592 4309; x_wconf 78' lang='grc' dir='ltr'>ἑαυτοῖς</span> <span class='ocrx_word' id='word_1_644' title='bbox 2624 4244 2736 4315; x_wconf 89' lang='grc'>(59)</span> <span class='ocrx_word' id='word_1_645' title='bbox 2772 4245 2904 4299; x_wconf 82' lang='grc' dir='ltr'>πᾶσι</span> <span class='ocrx_word' id='word_1_646' title='bbox 2924 4245 3034 4305; x_wconf 85' lang='grc' dir='ltr'>τοῖς</span> <span class='ocrx_word' id='word_1_647' title='bbox 3055 4245 3170 4315; x_wconf 81' lang='grc' dir='ltr'>τῶν</span> <span class='ocrx_word' id='word_1_648' title='bbox 3189 4241 3466 4315; x_wconf 85' lang='grc' dir='ltr'>στοιχείων</span> <span class='ocrx_word' id='word_1_649' title='bbox 3488 4242 3680 4315; x_wconf 84' lang='grc' dir='ltr'>μέρεσι</span> <span class='ocrx_word' id='word_1_650' title='bbox 3712 4240 3813 4311; x_wconf 82' lang='grc' dir='ltr'>τὴν</span> 
     </span>
    </p>
   </div>
   <div class='ocr_carea' id='block_1_86' title="bbox 566 4313 2152 4412">
    <p class='ocr_par' dir='ltr' id='par_1_86' title="bbox 566 4313 2150 4401">
     <span class='ocr_line' id='line_1_86' title="bbox 566 4313 2150 4401; baseline -0.008 -12"><span class='ocrx_word' id='word_1_651' title='bbox 566 4313 835 4390; x_wconf 74' lang='lat' dir='ltr'><strong>omnibus</strong></span> <span class='ocrx_word' id='word_1_652' title='bbox 865 4332 1256 4388; x_wconf 89' lang='lat' dir='ltr'><strong>elementorum</strong></span> <span class='ocrx_word' id='word_1_653' title='bbox 1288 4328 1539 4401; x_wconf 86' lang='lat' dir='ltr'><strong>partibus</strong></span> <span class='ocrx_word' id='word_1_654' title='bbox 1583 4325 1935 4397; x_wconf 88' lang='lat' dir='ltr'><strong>recipientem</strong></span> <span class='ocrx_word' id='word_1_655' title='bbox 1963 4323 2150 4394; x_wconf 88' lang='lat' dir='ltr'><strong>pristi-</strong></span> 
     </span>
    </p>
   </div>
   <div class='ocr_carea' id='block_1_87' title="bbox 2246 4313 3811 4412">
    <p class='ocr_par' dir='ltr' id='par_1_87' title="bbox 2246 4313 3811 4412">
     <span class='ocr_line' id='line_1_87' title="bbox 2246 4313 3811 4412; baseline -0.004 -17"><span class='ocrx_word' id='word_1_656' title='bbox 2246 4340 2295 4408; x_wconf 66' lang='grc' dir='ltr'><strong>ιε</strong></span> <span class='ocrx_word' id='word_1_657' title='bbox 2337 4340 2515 4412; x_wconf 79' lang='grc' dir='ltr'>ἀρχῆς</span> <span class='ocrx_word' id='word_1_658' title='bbox 2562 4313 2972 4394; x_wconf 47' lang='lat' dir='ltr'><strong>massam</strong></span> <span class='ocrx_word' id='word_1_659' title='bbox 3018 4338 3130 4407; x_wconf 74' lang='grc' dir='ltr'>(ιο)</span> <span class='ocrx_word' id='word_1_660' title='bbox 3164 4313 3365 4405; x_wconf 47' lang='grc' dir='ltr'>’φύσα</span> <span class='ocrx_word' id='word_1_661' title='bbox 3397 4337 3530 4393; x_wconf 80' lang='lat' dir='ltr'><strong>—r.</strong></span> <span class='ocrx_word' id='word_1_662' title='bbox 3564 4313 3811 4399; x_wconf 70' lang='grc' dir='ltr'>οὐκοῦν,</span> 
     </span>
    </p>
   </div>
   <div class='ocr_carea' id='block_1_88' title="bbox 580 4412 2152 4511">
    <p class='ocr_par' dir='ltr' id='par_1_88' title="bbox 580 4412 2149 4495">
     <span class='ocr_line' id='line_1_88' title="bbox 580 4412 2149 4495; baseline -0.006 -15"><span class='ocrx_word' id='word_1_663' title='bbox 580 4439 706 4480; x_wconf 88' lang='lat' dir='ltr'><strong>nam</strong></span> <span class='ocrx_word' id='word_1_664' title='bbox 736 4421 1151 4478; x_wconf 86' lang='lat' dir='ltr'><strong>naturam.—G.</strong></span> <span class='ocrx_word' id='word_1_665' title='bbox 1173 4423 1339 4495; x_wconf 79' lang='lat' dir='ltr'><strong>Ergo,</strong></span> <span class='ocrx_word' id='word_1_666' title='bbox 1363 4420 1508 4475; x_wconf 86' lang='lat' dir='ltr'><strong>sicut</strong></span> <span class='ocrx_word' id='word_1_667' title='bbox 1528 4416 1664 4482; x_wconf 82' lang='lat' dir='ltr'><strong>dixi,</strong></span> <span class='ocrx_word' id='word_1_668' title='bbox 1688 4414 1856 4470; x_wconf 86' lang='lat' dir='ltr'><strong>etiam</strong></span> <span class='ocrx_word' id='word_1_669' title='bbox 1887 4412 2149 4471; x_wconf 88' lang='lat' dir='ltr'><strong>adversus</strong></span> 
     </span>
    </p>
   </div>
   <div class='ocr_carea' id='block_1_89' title="bbox 2246 4412 3811 4511">
    <p class='ocr_par' dir='ltr' id='par_1_89' title="bbox 2246 4426 3811 4505">
     <span class='ocr_line' id='line_1_89' title="bbox 2246 4426 3811 4505; baseline -0.003 -21"><span class='ocrx_word' id='word_1_670' title='bbox 2246 4432 2310 4496; x_wconf 68' lang='grc' dir='ltr'>ὣς</span> <span class='ocrx_word' id='word_1_671' title='bbox 2331 4432 2441 4502; x_wconf 68' lang='grc'>(41)</span> <span class='ocrx_word' id='word_1_672' title='bbox 2472 4427 2643 4497; x_wconf 77' lang='grc' dir='ltr'>εἶπον,</span> <span class='ocrx_word' id='word_1_673' title='bbox 2673 4432 2953 4505; x_wconf 77' lang='grc' dir='ltr'>αὐτάρκης</span> <span class='ocrx_word' id='word_1_674' title='bbox 2982 4434 3116 4503; x_wconf 72' lang='grc' dir='ltr'>ἡμῖν</span> <span class='ocrx_word' id='word_1_675' title='bbox 3140 4430 3274 4504; x_wconf 72' lang='grc' dir='ltr'>πρὸς</span> <span class='ocrx_word' id='word_1_676' title='bbox 3312 4427 3427 4501; x_wconf 70' lang='grc'>(42)</span> <span class='ocrx_word' id='word_1_677' title='bbox 3468 4428 3671 4499; x_wconf 89' lang='grc' dir='ltr'>ταύτην</span> <span class='ocrx_word' id='word_1_678' title='bbox 3713 4426 3811 4497; x_wconf 84' lang='grc' dir='ltr'>τὴν</span> 
     </span>
    </p>
   </div>
   <div class='ocr_carea' id='block_1_90' title="bbox 580 4504 2152 4594">
    <p class='ocr_par' dir='ltr' id='par_1_90' title="bbox 580 4504 2146 4584">
     <span class='ocr_line' id='line_1_90' title="bbox 580 4504 2146 4584; baseline -0.007 -13"><span class='ocrx_word' id='word_1_679' title='bbox 580 4517 745 4582; x_wconf 90' lang='lat' dir='ltr'><strong>hanc,</strong></span> <span class='ocrx_word' id='word_1_680' title='bbox 797 4515 1045 4584; x_wconf 89' lang='lat' dir='ltr'><strong>inquam,</strong></span> <span class='ocrx_word' id='word_1_681' title='bbox 1099 4509 1503 4581; x_wconf 89' lang='lat' dir='ltr'><strong>oppositionem</strong></span> <span class='ocrx_word' id='word_1_682' title='bbox 1559 4512 1615 4560; x_wconf 86' lang='lat' dir='ltr'><strong>et</strong></span> <span class='ocrx_word' id='word_1_683' title='bbox 1662 4504 2146 4561; x_wconf 86' lang='lat' dir='ltr'><strong>contradictionem</strong></span> 
     </span>
    </p>
   </div>
   <div class='ocr_carea' id='block_1_91' title="bbox 2246 4504 3810 4594">
    <p class='ocr_par' dir='ltr' id='par_1_91' title="bbox 2246 4504 3810 4594">
     <span class='ocr_line' id='line_1_91' title="bbox 2246 4504 3810 4594; baseline -0.003 -21"><span class='ocrx_word' id='word_1_684' title='bbox 2246 4521 2486 4576; x_wconf 75' lang='grc' dir='ltr'>ἔνστασιν</span> <span class='ocrx_word' id='word_1_685' title='bbox 2508 4520 2772 4593; x_wconf 83' lang='grc' dir='ltr'>ἡτοιαύτη</span> <span class='ocrx_word' id='word_1_686' title='bbox 2794 4539 2863 4575; x_wconf 87' lang='grc' dir='ltr'><strong>πε</strong></span> <span class='ocrx_word' id='word_1_687' title='bbox 2870 4504 2926 4594; x_wconf 81' lang='grc' dir='ltr'>ρ“ι</span> <span class='ocrx_word' id='word_1_688' title='bbox 2940 4522 3035 4591; x_wconf 79' lang='grc' dir='ltr'><strong>τῆς</strong></span> <span class='ocrx_word' id='word_1_689' title='bbox 3051 4523 3226 4593; x_wconf 80' lang='grc' dir='ltr'>ψυχῆς</span> <span class='ocrx_word' id='word_1_690' title='bbox 3249 4520 3315 4575; x_wconf 80' lang='grc' dir='ltr'>ἂν</span> <span class='ocrx_word' id='word_1_691' title='bbox 3336 4520 3421 4593; x_wconf 72' lang='grc' dir='ltr'><strong>εἴη</strong></span> <span class='ocrx_word' id='word_1_692' title='bbox 3436 4519 3704 4591; x_wconf 78' lang='grc' dir='ltr'>ὑπόληψις</span> <span class='ocrx_word' id='word_1_693' title='bbox 3724 4536 3737 4549; x_wconf 90' lang='grc'><strong>·</strong></span> <span class='ocrx_word' id='word_1_694' title='bbox 3751 4516 3810 4569; x_wconf 84' lang='grc' dir='ltr'>τὸ</span> 
     </span>
    </p>
   </div>
   <div class='ocr_carea' id='block_1_92' title="bbox 578 4594 2152 4685">
    <p class='ocr_par' dir='ltr' id='par_1_92' title="bbox 578 4594 2138 4676">
     <span class='ocr_line' id='line_1_92' title="bbox 578 4594 2138 4676; baseline -0.007 -14"><span class='ocrx_word' id='word_1_695' title='bbox 578 4604 943 4676; x_wconf 52' lang='grc' dir='ltr'>είυειιιυιιὶμόο</span> <span class='ocrx_word' id='word_1_696' title='bbox 966 4602 1146 4656; x_wconf 88' lang='lat' dir='ltr'><strong>anima</strong></span> <span class='ocrx_word' id='word_1_697' title='bbox 1170 4600 1330 4655; x_wconf 89' lang='lat' dir='ltr'><strong>nobis</strong></span> <span class='ocrx_word' id='word_1_698' title='bbox 1382 4596 1570 4669; x_wconf 89' lang='lat' dir='ltr'><strong>opinio</strong></span> <span class='ocrx_word' id='word_1_699' title='bbox 1597 4594 1872 4651; x_wconf 77' lang='lat' dir='ltr'><strong>sull‘ecerit</strong></span> <span class='ocrx_word' id='word_1_700' title='bbox 1898 4613 1910 4648; x_wconf 88' lang='lat'><strong>:</strong></span> <span class='ocrx_word' id='word_1_701' title='bbox 1946 4609 2138 4665; x_wconf 82' lang='lat' dir='ltr'><strong>nempe</strong></span> 
     </span>
    </p>
   </div>
   <div class='ocr_carea' id='block_1_93' title="bbox 2246 4594 3806 4685">
    <p class='ocr_par' dir='ltr' id='par_1_93' title="bbox 2246 4605 3806 4685">
     <span class='ocr_line' id='line_1_93' title="bbox 2246 4605 3806 4685; baseline -0.003 -18"><span class='ocrx_word' id='word_1_702' title='bbox 2246 4605 2316 4676; x_wconf 60' lang='lat' dir='ltr'><strong>ait;</strong></span> <span class='ocrx_word' id='word_1_703' title='bbox 2345 4610 2404 4679; x_wconf 71' lang='grc' dir='ltr'>ἐξ</span> <span class='ocrx_word' id='word_1_704' title='bbox 2424 4611 2595 4684; x_wconf 84' lang='grc' dir='ltr'>ἀρχῆς</span> <span class='ocrx_word' id='word_1_705' title='bbox 2622 4612 2822 4685; x_wconf 81' lang='grc' dir='ltr'>ένεφύη</span> <span class='ocrx_word' id='word_1_706' title='bbox 2849 4613 3131 4684; x_wconf 87' lang='grc' dir='ltr'>στοιχείοις</span> <span class='ocrx_word' id='word_1_707' title='bbox 3150 4611 3358 4677; x_wconf 78' lang='grc' dir='ltr'>τούτοις</span> <span class='ocrx_word' id='word_1_708' title='bbox 3380 4613 3515 4684; x_wconf 65' lang='grc'>(45),</span> <span class='ocrx_word' id='word_1_709' title='bbox 3544 4612 3637 4667; x_wconf 76' lang='grc' dir='ltr'>καὶ</span> <span class='ocrx_word' id='word_1_710' title='bbox 3668 4610 3806 4685; x_wconf 72' lang='grc' dir='ltr'>μετὰ</span> 
     </span>
    </p>
   </div>
   <div class='ocr_carea' id='block_1_94' title="bbox 2318 4753 2339 4962">
    <p class='ocr_par' dir='ltr' id='par_1_94' title="bbox 2318 4753 2339 4962">
     <span class='ocr_line' id='line_1_94' title="bbox 2318 4753 2339 4962; baseline 0 0"><span class='ocrx_word' id='word_1_711' title='bbox 2318 4753 2339 4962; x_wconf 65' lang='grc' dir='ltr'><strong>ἒ</strong></span> 
     </span>
    </p>
   </div>
   <div class='ocr_carea' id='block_1_95' title="bbox 638 4745 3442 4829">
    <p class='ocr_par' dir='ltr' id='par_1_95' title="bbox 638 4745 3442 4829">
     <span class='ocr_line' id='line_1_95' title="bbox 638 4745 3442 4829; baseline -0.005 -13"><span class='ocrx_word' id='word_1_712' title='bbox 638 4761 758 4829; x_wconf 84' lang='grc'>(17)</span> <span class='ocrx_word' id='word_1_713' title='bbox 789 4764 1007 4829; x_wconf 77' lang='grc' dir='ltr'>Φαμεν.</span> <span class='ocrx_word' id='word_1_714' title='bbox 1038 4759 1086 4829; x_wconf 21' lang='grc' dir='ltr'>ΑΒ</span> <span class='ocrx_word' id='word_1_715' title='bbox 1117 4756 1346 4829; x_wconf 67' lang='grc' dir='ltr'>ἔφαμεν.</span> <span class='ocrx_word' id='word_1_716' title='bbox 1401 4824 1426 4829; x_wconf 80' lang='lat'><strong><em>_</em></strong></span> <span class='ocrx_word' id='word_1_717' title='bbox 1665 4821 1676 4829; x_wconf 88' lang='lat'><em>_</em></span> <span class='ocrx_word' id='word_1_718' title='bbox 2469 4750 2734 4829; x_wconf 44' lang='grc' dir='ltr'>Ἀκούειν</span> <span class='ocrx_word' id='word_1_719' title='bbox 2758 4751 2884 4829; x_wconf 59' lang='grc' dir='ltr'>τόν.</span> <span class='ocrx_word' id='word_1_720' title='bbox 2926 4749 2971 4803; x_wconf 81' lang='grc' dir='ltr'>Α</span> <span class='ocrx_word' id='word_1_721' title='bbox 2998 4746 3041 4800; x_wconf 99' lang='grc' dir='ltr'><strong>Β</strong></span> <span class='ocrx_word' id='word_1_722' title='bbox 3070 4746 3292 4801; x_wconf 83' lang='grc' dir='ltr'>ἀκούειν</span> <span class='ocrx_word' id='word_1_723' title='bbox 3313 4745 3442 4801; x_wconf 81' lang='grc' dir='ltr'>τῶν.</span> 
     </span>
    </p>
   </div>
   <div class='ocr_carea' id='block_1_96' title="bbox 677 4819 3779 4960">
    <p class='ocr_par' dir='ltr' id='par_1_96' title="bbox 677 4819 3779 4960">
     <span class='ocr_line' id='line_1_96' title="bbox 677 4819 2909 4899; baseline -0.005 -16"><span class='ocrx_word' id='word_1_724' title='bbox 677 4819 758 4883; x_wconf 54' lang='lat' dir='ltr'><strong>l8i</strong></span> <span class='ocrx_word' id='word_1_725' title='bbox 807 4819 918 4885; x_wconf 57' lang='lat' dir='ltr'><strong>T033</strong></span> <span class='ocrx_word' id='word_1_726' title='bbox 1035 4819 1262 4899; x_wconf 64' lang='grc' dir='ltr'><strong>’,ιιαέοᾲ</strong></span> <span class='ocrx_word' id='word_1_727' title='bbox 1290 4825 1333 4879; x_wconf 92' lang='grc' dir='ltr'><strong>Β</strong></span> <span class='ocrx_word' id='word_1_728' title='bbox 1360 4824 1467 4879; x_wconf 87' lang='grc' dir='ltr'><strong>τῶν</strong></span> <span class='ocrx_word' id='word_1_729' title='bbox 1488 4821 1814 4895; x_wconf 80' lang='grc' dir='ltr'>χρωμάτων.</span> <span class='ocrx_word' id='word_1_730' title='bbox 2343 4819 2418 4875; x_wconf 76' lang='grc'><strong>55</strong></span> <span class='ocrx_word' id='word_1_731' title='bbox 2458 4819 2605 4875; x_wconf 84' lang='grc' dir='ltr'><em>Πᾶν.</em></span> <span class='ocrx_word' id='word_1_732' title='bbox 2642 4819 2683 4872; x_wconf 87' lang='grc' dir='ltr'><strong>Β</strong></span> <span class='ocrx_word' id='word_1_733' title='bbox 2708 4820 2909 4873; x_wconf 82' lang='grc' dir='ltr'>πᾶσαν.</span> 
     </span>
     <span class='ocr_line' id='line_1_97' title="bbox 677 4819 3779 4960; baseline -0.005 -6"><span class='ocrx_word' id='word_1_734' title='bbox 677 4874 758 4960; x_wconf 82' lang='grc'><strong>19)</strong></span> <span class='ocrx_word' id='word_1_735' title='bbox 789 4845 1060 4955; x_wconf 46' lang='lat' dir='ltr'><strong>Nam</strong></span> <span class='ocrx_word' id='word_1_736' title='bbox 1066 4897 1202 4960; x_wconf 79' lang='grc' dir='ltr'>μετὰ</span> <span class='ocrx_word' id='word_1_737' title='bbox 1222 4896 1339 4960; x_wconf 89' lang='grc' dir='ltr'>τήν.</span> <span class='ocrx_word' id='word_1_738' title='bbox 2140 4920 2144 4924; x_wconf 29' lang='grc' dir='ltr'><strong>Α</strong></span> <span class='ocrx_word' id='word_1_739' title='bbox 2319 4819 2433 4960; x_wconf 59' lang='grc'>(54)</span> <span class='ocrx_word' id='word_1_740' title='bbox 2499 4890 2881 4960; x_wconf 69' lang='grc' dir='ltr'>Ἀναλύσεως.</span> <span class='ocrx_word' id='word_1_741' title='bbox 2936 4889 2978 4943; x_wconf 79' lang='grc' dir='ltr'>Α</span> <span class='ocrx_word' id='word_1_742' title='bbox 3036 4890 3123 4960; x_wconf 13' lang='lat' dir='ltr'><strong>in,</strong></span> <span class='ocrx_word' id='word_1_743' title='bbox 3165 4895 3314 4960; x_wconf 75' lang='lat' dir='ltr'><strong>textu</strong></span> <span class='ocrx_word' id='word_1_744' title='bbox 3366 4884 3717 4957; x_wconf 85' lang='grc' dir='ltr'>ἀναχύσεως·</span> <span class='ocrx_word' id='word_1_745' title='bbox 3769 4880 3779 4933; x_wconf 87' lang='lat' dir='ltr'><strong>i</strong></span> 
     </span>
    </p>
   </div>
   <div class='ocr_carea' id='block_1_97' title="bbox 649 4886 2152 4972">
    <p class='ocr_par' dir='ltr' id='par_1_97' title="bbox 649 4886 2144 4972">
     <span class='ocr_line' id='line_1_98' title="bbox 649 4886 2144 4972; baseline -0.025 -10"><span class='ocrx_word' id='word_1_746' title='bbox 649 4886 758 4972; x_wconf 61' lang='grc'>(19)</span> <span class='ocrx_word' id='word_1_747' title='bbox 789 4886 1202 4972; x_wconf 25' lang='grc' dir='ltr'>ξίετάῗββμετρ</span> <span class='ocrx_word' id='word_1_748' title='bbox 1219 4886 1339 4966; x_wconf 74' lang='grc' dir='ltr'>τήν.</span> <span class='ocrx_word' id='word_1_749' title='bbox 1608 4886 1622 4894; x_wconf 73' lang='grc'>⁷</span> <span class='ocrx_word' id='word_1_750' title='bbox 2140 4920 2144 4924; x_wconf 22' lang='grc' dir='ltr'><strong>Α</strong></span> 
     </span>
    </p>
   </div>
   <div class='ocr_carea' id='block_1_98' title="bbox 2246 4886 3822 4972">
    <p class='ocr_par' dir='ltr' id='par_1_98' title="bbox 2319 4886 3822 4972">
     <span class='ocr_line' id='line_1_99' title="bbox 2319 4886 3822 4972; baseline -0.02 -10"><span class='ocrx_word' id='word_1_751' title='bbox 2319 4886 2433 4972; x_wconf 62' lang='grc'><strong>(⁵4)</strong></span> <span class='ocrx_word' id='word_1_752' title='bbox 2499 4890 2881 4972; x_wconf 62' lang='grc' dir='ltr'>Ἀζαλιὶσεως.</span> <span class='ocrx_word' id='word_1_753' title='bbox 2936 4889 2994 4972; x_wconf 45' lang='grc' dir='ltr'><strong>Α,</strong></span> <span class='ocrx_word' id='word_1_754' title='bbox 3036 4890 3126 4972; x_wconf 49' lang='lat' dir='ltr'><strong>in.</strong></span> <span class='ocrx_word' id='word_1_755' title='bbox 3165 4895 3314 4971; x_wconf 56' lang='lat' dir='ltr'><strong>textu</strong></span> <span class='ocrx_word' id='word_1_756' title='bbox 3366 4886 3717 4957; x_wconf 85' lang='grc' dir='ltr'>ἀναχύσεως·</span> <span class='ocrx_word' id='word_1_757' title='bbox 3769 4886 3822 4933; x_wconf 87' lang='lat' dir='ltr'><strong>in</strong></span> 
     </span>
    </p>
   </div>
   <div class='ocr_carea' id='block_1_99' title="bbox 648 4966 1224 5037">
    <p class='ocr_par' dir='ltr' id='par_1_99' title="bbox 648 4966 1224 5037">
     <span class='ocr_line' id='line_1_100' title="bbox 648 4966 1224 5037; baseline -0.005 -15"><span class='ocrx_word' id='word_1_758' title='bbox 648 4966 760 5037; x_wconf 87' lang='grc'>(20)</span> <span class='ocrx_word' id='word_1_759' title='bbox 789 4970 950 5037; x_wconf 62' lang='grc' dir='ltr'>Τότε.</span> <span class='ocrx_word' id='word_1_760' title='bbox 981 4969 1054 5022; x_wconf 88' lang='grc' dir='ltr'>Τό</span> <span class='ocrx_word' id='word_1_761' title='bbox 1068 4966 1139 5022; x_wconf 72' lang='grc' dir='ltr'><strong>τε</strong></span> <span class='ocrx_word' id='word_1_762' title='bbox 1167 4966 1224 5037; x_wconf 82' lang='grc' dir='ltr'>Β.</span> 
     </span>
    </p>
   </div>
   <div class='ocr_carea' id='block_1_100' title="bbox 646 5028 1607 5111">
    <p class='ocr_par' dir='ltr' id='par_1_100' title="bbox 646 5028 1607 5111">
     <span class='ocr_line' id='line_1_101' title="bbox 646 5028 1607 5111; baseline -0.005 -19"><span class='ocrx_word' id='word_1_763' title='bbox 646 5028 761 5111; x_wconf 75' lang='grc'>(21)</span> <span class='ocrx_word' id='word_1_764' title='bbox 788 5034 929 5111; x_wconf 68' lang='lat' dir='ltr'><strong>Olgr</strong></span> <span class='ocrx_word' id='word_1_765' title='bbox 962 5038 1169 5111; x_wconf 53' lang='grc' dir='ltr'>μέν..Α</span> <span class='ocrx_word' id='word_1_766' title='bbox 1188 5036 1229 5111; x_wconf 75' lang='grc' dir='ltr'><strong>Β</strong></span> <span class='ocrx_word' id='word_1_767' title='bbox 1247 5028 1364 5111; x_wconf 31' lang='grc' dir='ltr'>ὀἷον</span> <span class='ocrx_word' id='word_1_768' title='bbox 1392 5034 1491 5106; x_wconf 83' lang='grc' dir='ltr'>μὲν</span> <span class='ocrx_word' id='word_1_769' title='bbox 1521 5030 1607 5107; x_wconf 77' lang='grc' dir='ltr'><strong>ἦν.</strong></span> 
     </span>
    </p>
   </div>
   <div class='ocr_carea' id='block_1_101' title="bbox 644 5101 1284 5181">
    <p class='ocr_par' dir='ltr' id='par_1_101' title="bbox 644 5101 1284 5181">
     <span class='ocr_line' id='line_1_102' title="bbox 644 5101 1284 5181; baseline -0.009 -17"><span class='ocrx_word' id='word_1_770' title='bbox 644 5101 763 5181; x_wconf 81' lang='grc'>(22)</span> <span class='ocrx_word' id='word_1_771' title='bbox 801 5101 978 5162; x_wconf 56' lang='grc' dir='ltr'><strong>Οἷσιν-,⁷</strong></span> <span class='ocrx_word' id='word_1_772' title='bbox 999 5109 1044 5181; x_wconf 65' lang='grc' dir='ltr'><strong>ᾼ</strong></span> <span class='ocrx_word' id='word_1_773' title='bbox 1071 5101 1186 5181; x_wconf 65' lang='grc' dir='ltr'>οἷον</span> <span class='ocrx_word' id='word_1_774' title='bbox 1205 5105 1284 5159; x_wconf 87' lang='grc' dir='ltr'><strong>δέ.</strong></span> 
     </span>
    </p>
   </div>
   <div class='ocr_carea' id='block_1_102' title="bbox 643 5175 1509 5248">
    <p class='ocr_par' dir='ltr' id='par_1_102' title="bbox 643 5175 1509 5248">
     <span class='ocr_line' id='line_1_103' title="bbox 643 5175 1509 5248; baseline -0.01 -12"><span class='ocrx_word' id='word_1_775' title='bbox 643 5175 760 5248; x_wconf 79' lang='grc'>(25)</span> <span class='ocrx_word' id='word_1_776' title='bbox 792 5176 1118 5247; x_wconf 75' lang='grc' dir='ltr'>Γινομένῳ.</span> <span class='ocrx_word' id='word_1_777' title='bbox 1152 5175 1192 5229; x_wconf 86' lang='grc' dir='ltr'><strong>Β</strong></span> <span class='ocrx_word' id='word_1_778' title='bbox 1213 5175 1509 5248; x_wconf 82' lang='grc' dir='ltr'>γινόμενον.</span> 
     </span>
    </p>
   </div>
   <div class='ocr_carea' id='block_1_103' title="bbox 668 5241 1770 5331">
    <p class='ocr_par' dir='ltr' id='par_1_103' title="bbox 668 5241 1770 5331">
     <span class='ocr_line' id='line_1_104' title="bbox 668 5241 1770 5331; baseline -0.009 -27"><span class='ocrx_word' id='word_1_779' title='bbox 798 5241 1278 5331; x_wconf 45' lang='lat' dir='ltr'><strong>:2}:th(periei?)r</strong></span> <span class='ocrx_word' id='word_1_780' title='bbox 1290 5241 1400 5331; x_wconf 47' lang='lat' dir='ltr'><strong>A&quot;B</strong></span> <span class='ocrx_word' id='word_1_781' title='bbox 1435 5241 1770 5330; x_wconf 79' lang='grc' dir='ltr'>ὁμοτρόπως.</span> 
     </span>
    </p>
   </div>
   <div class='ocr_carea' id='block_1_104' title="bbox 669 5315 1546 5388">
    <p class='ocr_par' dir='ltr' id='par_1_104' title="bbox 669 5315 1546 5388">
     <span class='ocr_line' id='line_1_105' title="bbox 669 5315 1546 5388; baseline -0.006 -13"><span class='ocrx_word' id='word_1_782' title='bbox 669 5315 760 5382; x_wconf 80' lang='grc'><strong>25)</strong></span> <span class='ocrx_word' id='word_1_783' title='bbox 798 5315 878 5388; x_wconf 74' lang='grc' dir='ltr'><strong><em>ᾟ</em></strong></span> <span class='ocrx_word' id='word_1_784' title='bbox 901 5315 1147 5388; x_wconf 47' lang='lat' dir='ltr'><strong>meum</strong></span> <span class='ocrx_word' id='word_1_785' title='bbox 1178 5316 1218 5388; x_wconf 63' lang='grc' dir='ltr'><strong>Β</strong></span> <span class='ocrx_word' id='word_1_786' title='bbox 1243 5315 1287 5382; x_wconf 81' lang='grc' dir='ltr'>ᾧ</span> <span class='ocrx_word' id='word_1_787' title='bbox 1316 5315 1546 5388; x_wconf 78' lang='grc' dir='ltr'>ἀνεφύη.</span> 
     </span>
    </p>
   </div>
   <div class='ocr_carea' id='block_1_105' title="bbox 2250 4957 3436 5098">
    <p class='ocr_par' dir='ltr' id='par_1_105' title="bbox 2250 4957 3436 5098">
     <span class='ocr_line' id='line_1_106' title="bbox 2250 4957 3436 5030; baseline -0.003 -15"><span class='ocrx_word' id='word_1_788' title='bbox 2250 4957 2367 5015; x_wconf 80' lang='lat' dir='ltr'><strong>mar</strong></span> <span class='ocrx_word' id='word_1_789' title='bbox 2407 4957 2494 5015; x_wconf 86' lang='lat' dir='ltr'><strong>ine</strong></span> <span class='ocrx_word' id='word_1_790' title='bbox 2524 4958 2624 5030; x_wconf 79' lang='grc' dir='ltr'>τῆς</span> <span class='ocrx_word' id='word_1_791' title='bbox 2645 4959 2755 5012; x_wconf 82' lang='grc' dir='ltr'>τῶν</span> <span class='ocrx_word' id='word_1_792' title='bbox 2789 4976 2905 5013; x_wconf 89' lang='grc' dir='ltr'>στοι</span> <span class='ocrx_word' id='word_1_793' title='bbox 2944 4960 3073 5013; x_wconf 85' lang='grc' dir='ltr'>είων</span> <span class='ocrx_word' id='word_1_794' title='bbox 3102 4957 3436 5020; x_wconf 84' lang='grc' dir='ltr'>ἀναλύσεως.</span> 
     </span>
     <span class='ocr_line' id='line_1_107' title="bbox 2319 4977 3419 5098; baseline -0.003 -12"><span class='ocrx_word' id='word_1_795' title='bbox 2319 4977 2434 5098; x_wconf 55' lang='lat'><strong>(5%)</strong></span> <span class='ocrx_word' id='word_1_796' title='bbox 2473 5028 2789 5098; x_wconf 81' lang='grc' dir='ltr'>Συμμι-γές.</span> <span class='ocrx_word' id='word_1_797' title='bbox 2818 5032 2865 5083; x_wconf 84' lang='lat' dir='ltr'><strong>A</strong></span> <span class='ocrx_word' id='word_1_798' title='bbox 2902 4977 2943 5083; x_wconf 55' lang='grc' dir='ltr'>ἄ</span> <span class='ocrx_word' id='word_1_799' title='bbox 2975 5029 3222 5098; x_wconf 58' lang='grc' dir='ltr'>ἀμιγές.-</span> <span class='ocrx_word' id='word_1_800' title='bbox 3410 5096 3419 5098; x_wconf 98' lang='lat'>_</span> 
     </span>
    </p>
   </div>
   <div class='ocr_carea' id='block_1_106' title="bbox 2522 5045 3193 5090">
    <p class='ocr_par' dir='ltr' id='par_1_106' title="bbox 2522 5045 3193 5090">
     <span class='ocr_line' id='line_1_108' title="bbox 2522 5045 3193 5090; baseline 0.003 -8"><span class='ocrx_word' id='word_1_801' title='bbox 2522 5045 2789 5090; x_wconf 83' lang='grc' dir='ltr'>υμμιτες.</span> <span class='ocrx_word' id='word_1_802' title='bbox 2818 5045 2865 5083; x_wconf 71' lang='grc' dir='ltr'>Λ</span> <span class='ocrx_word' id='word_1_803' title='bbox 2902 5045 2943 5083; x_wconf 73' lang='grc' dir='ltr'><strong>ὕ</strong></span> <span class='ocrx_word' id='word_1_804' title='bbox 2975 5045 3193 5090; x_wconf 85' lang='grc' dir='ltr'>αμιγες.</span> 
     </span>
    </p>
   </div>
   <div class='ocr_carea' id='block_1_107' title="bbox 2340 5047 3762 5167">
    <p class='ocr_par' dir='ltr' id='par_1_107' title="bbox 2340 5047 3762 5167">
     <span class='ocr_line' id='line_1_109' title="bbox 2341 5047 3193 5099; baseline -0.002 -13"><span class='ocrx_word' id='word_1_805' title='bbox 2341 5047 2434 5098; x_wconf 68' lang='lat' dir='ltr'><strong>ea)</strong></span> <span class='ocrx_word' id='word_1_806' title='bbox 2473 5047 2789 5099; x_wconf 60' lang='grc' dir='ltr'>Δυμμι-γες.</span> <span class='ocrx_word' id='word_1_807' title='bbox 2818 5047 2865 5083; x_wconf 67' lang='grc' dir='ltr'>Α</span> <span class='ocrx_word' id='word_1_808' title='bbox 2902 5047 2943 5083; x_wconf 69' lang='grc' dir='ltr'><strong>ιι</strong></span> <span class='ocrx_word' id='word_1_809' title='bbox 2975 5047 3193 5099; x_wconf 84' lang='grc' dir='ltr'>αμιγες.</span> 
     </span>
     <span class='ocr_line' id='line_1_110' title="bbox 2340 5093 3762 5167; baseline -0.006 -11"><span class='ocrx_word' id='word_1_810' title='bbox 2340 5102 2431 5167; x_wconf 88' lang='grc'><strong>56)</strong></span> <span class='ocrx_word' id='word_1_811' title='bbox 2476 5099 3088 5167; x_wconf 72' lang='grc' dir='ltr'>Ἀπαλλασσομένων.</span> <span class='ocrx_word' id='word_1_812' title='bbox 3115 5100 3159 5151; x_wconf 80' lang='grc' dir='ltr'>Α</span> <span class='ocrx_word' id='word_1_813' title='bbox 3191 5096 3233 5150; x_wconf 88' lang='grc' dir='ltr'><strong>Β</strong></span> <span class='ocrx_word' id='word_1_814' title='bbox 3261 5093 3762 5164; x_wconf 85' lang='grc' dir='ltr'>ἁναπλασσόμενον.</span> 
     </span>
    </p>
   </div>
   <div class='ocr_carea' id='block_1_108' title="bbox 2339 5167 3365 5258">
    <p class='ocr_par' dir='ltr' id='par_1_108' title="bbox 2339 5167 3365 5258">
     <span class='ocr_line' id='line_1_111' title="bbox 2339 5167 3365 5258; baseline -0.002 0"><span class='ocrx_word' id='word_1_815' title='bbox 2339 5172 2429 5258; x_wconf 69' lang='grc' dir='ltr'><strong>ΞΖ)</strong></span> <span class='ocrx_word' id='word_1_816' title='bbox 2460 5167 3365 5258; x_wconf 50' lang='grc' dir='ltr'>ἐπεξεληφθείτιε.ιέειρελειφθείη·</span> 
     </span>
    </p>
   </div>
   <div class='ocr_carea' id='block_1_109' title="bbox 2339 5238 3111 5313">
    <p class='ocr_par' dir='ltr' id='par_1_109' title="bbox 2339 5238 3111 5313">
     <span class='ocr_line' id='line_1_112' title="bbox 2339 5238 3111 5313; baseline 0 0"><span class='ocrx_word' id='word_1_817' title='bbox 2339 5238 2429 5313; x_wconf 75' lang='grc'><strong>⁵8)</strong></span> <span class='ocrx_word' id='word_1_818' title='bbox 2459 5241 2539 5313; x_wconf 76' lang='grc' dir='ltr'><strong>Διῖ</strong></span> <span class='ocrx_word' id='word_1_819' title='bbox 2562 5238 2731 5313; x_wconf 56' lang='grc' dir='ltr'>δείσει-</span> <span class='ocrx_word' id='word_1_820' title='bbox 2787 5239 2829 5292; x_wconf 82' lang='grc' dir='ltr'><strong>Β</strong></span> <span class='ocrx_word' id='word_1_821' title='bbox 2861 5240 2927 5313; x_wconf 53' lang='grc' dir='ltr'><strong>ἐῢ</strong></span> <span class='ocrx_word' id='word_1_822' title='bbox 2953 5238 3111 5313; x_wconf 55' lang='lat'><strong>5.162?-</strong></span> 
     </span>
    </p>
   </div>
   <div class='ocr_carea' id='block_1_110' title="bbox 2316 5304 3512 5383">
    <p class='ocr_par' dir='ltr' id='par_1_110' title="bbox 2316 5304 3512 5383">
     <span class='ocr_line' id='line_1_113' title="bbox 2316 5304 3512 5383; baseline -0.008 -15"><span class='ocrx_word' id='word_1_823' title='bbox 2316 5304 2430 5383; x_wconf 80' lang='grc'>(59)</span> <span class='ocrx_word' id='word_1_824' title='bbox 2464 5310 2663 5383; x_wconf 62' lang='grc' dir='ltr'>ᾼρτὸν</span> <span class='ocrx_word' id='word_1_825' title='bbox 2682 5309 2939 5383; x_wconf 64' lang='grc' dir='ltr'>ἑαυτοῖς.</span> <span class='ocrx_word' id='word_1_826' title='bbox 2968 5310 3011 5362; x_wconf 82' lang='grc' dir='ltr'><strong>Α</strong></span> <span class='ocrx_word' id='word_1_827' title='bbox 3118 5307 3279 5362; x_wconf 82' lang='grc' dir='ltr'>αὐτὸν</span> <span class='ocrx_word' id='word_1_828' title='bbox 3301 5304 3512 5383; x_wconf 59' lang='grc' dir='ltr'><strong>Δἑαυτῷ-</strong></span> 
     </span>
    </p>
   </div>
   <div class='ocr_carea' id='block_1_111' title="bbox 668 5369 3819 5462">
    <p class='ocr_par' dir='ltr' id='par_1_111' title="bbox 668 5369 3819 5462">
     <span class='ocr_line' id='line_1_114' title="bbox 668 5369 3819 5462; baseline -0.013 1"><span class='ocrx_word' id='word_1_829' title='bbox 804 5369 1585 5462; x_wconf 57' lang='grc' dir='ltr'><strong>’ἷπῖρῖἕίᾷὲλιδ,ἓπεμοὶρ,ίὲις-</strong></span> <span class='ocrx_word' id='word_1_830' title='bbox 2319 5369 2432 5452; x_wconf 71' lang='grc'>(40)</span> <span class='ocrx_word' id='word_1_831' title='bbox 2471 5369 2987 5436; x_wconf 56' lang='grc' dir='ltr'>Ἐπαναλαϐόνιὶω</span> <span class='ocrx_word' id='word_1_832' title='bbox 3043 5376 3101 5432; x_wconf 91' lang='lat' dir='ltr'><strong>In</strong></span> <span class='ocrx_word' id='word_1_833' title='bbox 3142 5380 3389 5449; x_wconf 78' lang='lat' dir='ltr'><strong>margine</strong></span> <span class='ocrx_word' id='word_1_834' title='bbox 3436 5369 3819 5446; x_wconf 73' lang='grc' dir='ltr'>ε’παναλαμεάο</span> 
     </span>
    </p>
   </div>
   <div class='ocr_carea' id='block_1_112' title="bbox 668 5456 2461 5531">
    <p class='ocr_par' dir='ltr' id='par_1_112' title="bbox 668 5456 2461 5531">
     <span class='ocr_line' id='line_1_115' title="bbox 668 5456 2461 5531; baseline -0.006 -16"><span class='ocrx_word' id='word_1_835' title='bbox 668 5456 758 5531; x_wconf 88' lang='grc'><strong>27)</strong></span> <span class='ocrx_word' id='word_1_836' title='bbox 784 5463 887 5528; x_wconf 81' lang='grc' dir='ltr'>Είς</span> <span class='ocrx_word' id='word_1_837' title='bbox 910 5456 1122 5531; x_wconf 51' lang='lat' dir='ltr'><strong>fauni;</strong></span> <span class='ocrx_word' id='word_1_838' title='bbox 1145 5457 1188 5511; x_wconf 82' lang='lat' dir='ltr'><strong>A</strong></span> <span class='ocrx_word' id='word_1_839' title='bbox 1221 5456 1257 5510; x_wconf 85' lang='grc' dir='ltr'><strong>Β</strong></span> <span class='ocrx_word' id='word_1_840' title='bbox 1284 5459 1369 5531; x_wconf 65' lang='grc' dir='ltr'><strong>Δείς</strong></span> <span class='ocrx_word' id='word_1_841' title='bbox 1392 5456 1608 5512; x_wconf 80' lang='grc' dir='ltr'>ταύτόν.</span> <span class='ocrx_word' id='word_1_842' title='bbox 2246 5469 2461 5531; x_wconf 60' lang='grc' dir='ltr'>νοντας.</span> 
     </span>
    </p>
   </div>
   <div class='ocr_carea' id='block_1_113' title="bbox 669 5519 2152 5597">
    <p class='ocr_par' dir='ltr' id='par_1_113' title="bbox 669 5519 1361 5597">
     <span class='ocr_line' id='line_1_116' title="bbox 669 5519 1361 5597; baseline -0.003 -13"><span class='ocrx_word' id='word_1_843' title='bbox 669 5519 762 5597; x_wconf 85' lang='grc'>28)</span> <span class='ocrx_word' id='word_1_844' title='bbox 794 5519 901 5585; x_wconf 74' lang='grc' dir='ltr'><strong>Κάὶ</strong></span> <span class='ocrx_word' id='word_1_845' title='bbox 926 5530 1058 5597; x_wconf 79' lang='grc' dir='ltr'><strong>ἐγώ.</strong></span> <span class='ocrx_word' id='word_1_846' title='bbox 1090 5528 1132 5582; x_wconf 88' lang='grc' dir='ltr'>Β</span> <span class='ocrx_word' id='word_1_847' title='bbox 1154 5528 1328 5595; x_wconf 82' lang='grc' dir='ltr'><strong>κάγώ.</strong></span> <span class='ocrx_word' id='word_1_848' title='bbox 1350 5519 1361 5522; x_wconf 51' lang='grc'><em>’</em></span> 
     </span>
    </p>
   </div>
   <div class='ocr_carea' id='block_1_114' title="bbox 2246 5519 2830 5597">
    <p class='ocr_par' dir='ltr' id='par_1_114' title="bbox 2326 5519 2830 5597">
     <span class='ocr_line' id='line_1_117' title="bbox 2326 5519 2830 5597; baseline 0 0"><span class='ocrx_word' id='word_1_849' title='bbox 2326 5522 2438 5597; x_wconf 58' lang='grc' dir='ltr'><strong>(ἒξ)</strong></span> <span class='ocrx_word' id='word_1_850' title='bbox 2478 5522 2574 5597; x_wconf 67' lang='grc' dir='ltr'><strong>Ϊῼς</strong></span> <span class='ocrx_word' id='word_1_851' title='bbox 2592 5521 2743 5597; x_wconf 58' lang='grc' dir='ltr'><strong>ῥεια</strong></span> <span class='ocrx_word' id='word_1_852' title='bbox 2770 5519 2830 5597; x_wconf 64' lang='grc' dir='ltr'><strong>Β·</strong></span> 
     </span>
    </p>
   </div>
   <div class='ocr_carea' id='block_1_115' title="bbox 2326 5589 3479 5663">
    <p class='ocr_par' dir='ltr' id='par_1_115' title="bbox 2326 5589 3479 5663">
     <span class='ocr_line' id='line_1_118' title="bbox 2326 5589 3479 5663; baseline 0.004 -5"><span class='ocrx_word' id='word_1_853' title='bbox 2326 5589 2437 5663; x_wconf 59' lang='grc' dir='ltr'>μὲ)</span> <span class='ocrx_word' id='word_1_854' title='bbox 2482 5593 2652 5661; x_wconf 78' lang='grc' dir='ltr'><strong>Ἡμῖν</strong></span> <span class='ocrx_word' id='word_1_855' title='bbox 2683 5593 2853 5663; x_wconf 71' lang='grc' dir='ltr'>πρός·</span> <span class='ocrx_word' id='word_1_856' title='bbox 2901 5591 2943 5663; x_wconf 77' lang='grc' dir='ltr'>Α</span> <span class='ocrx_word' id='word_1_857' title='bbox 2976 5590 3290 5663; x_wconf 53' lang='grc' dir='ltr'><strong>ἡμῖν-ἡρςιιιὶ</strong></span> <span class='ocrx_word' id='word_1_858' title='bbox 3320 5589 3479 5663; x_wconf 73' lang='grc' dir='ltr'>πρός.</span> 
     </span>
    </p>
   </div>
   <div class='ocr_carea' id='block_1_116' title="bbox 670 5596 3610 5669">
    <p class='ocr_par' dir='ltr' id='par_1_116' title="bbox 670 5596 3610 5669">
     <span class='ocr_line' id='line_1_119' title="bbox 670 5596 3610 5669; baseline -0.005 -15"><span class='ocrx_word' id='word_1_859' title='bbox 670 5599 761 5669; x_wconf 83' lang='grc'><strong>29)</strong></span> <span class='ocrx_word' id='word_1_860' title='bbox 800 5600 870 5653; x_wconf 86' lang='grc' dir='ltr'><strong>Τὸ</strong></span> <span class='ocrx_word' id='word_1_861' title='bbox 906 5596 1119 5666; x_wconf 76' lang='grc' dir='ltr'>παρόν.</span> <span class='ocrx_word' id='word_1_862' title='bbox 1153 5598 1195 5650; x_wconf 85' lang='grc' dir='ltr'>Α</span> <span class='ocrx_word' id='word_1_863' title='bbox 1226 5598 1265 5651; x_wconf 88' lang='grc' dir='ltr'><strong>Β</strong></span> <span class='ocrx_word' id='word_1_864' title='bbox 1294 5596 1546 5669; x_wconf 79' lang='grc' dir='ltr'>πάροδον.</span> <span class='ocrx_word' id='word_1_865' title='bbox 1750 5662 1760 5669; x_wconf 90' lang='lat'><strong>_</strong></span> <span class='ocrx_word' id='word_1_866' title='bbox 2326 5596 2437 5669; x_wconf 51' lang='grc'>(12)</span> <span class='ocrx_word' id='word_1_867' title='bbox 2477 5596 2652 5669; x_wconf 32' lang='grc' dir='ltr'>ᾏΗμῖν</span> <span class='ocrx_word' id='word_1_868' title='bbox 2683 5596 2853 5669; x_wconf 67' lang='grc' dir='ltr'>ῖτρός.</span> <span class='ocrx_word' id='word_1_869' title='bbox 2901 5596 2943 5669; x_wconf 77' lang='grc' dir='ltr'>ᾼ</span> <span class='ocrx_word' id='word_1_870' title='bbox 2976 5596 3172 5669; x_wconf 41' lang='grc' dir='ltr'><strong>ήμῑνᾌὴ</strong></span> <span class='ocrx_word' id='word_1_871' title='bbox 3185 5596 3290 5669; x_wconf 51' lang='grc' dir='ltr'>καὶ</span> <span class='ocrx_word' id='word_1_872' title='bbox 3320 5596 3479 5669; x_wconf 70' lang='grc' dir='ltr'>πρός,</span> <span class='ocrx_word' id='word_1_873' title='bbox 3598 5653 3610 5669; x_wconf 44' lang='grc' dir='ltr'><strong><em>ο</em></strong></span> 
     </span>
    </p>
   </div>
   <div class='ocr_carea' id='block_1_117' title="bbox 2327 5660 3752 5733">
    <p class='ocr_par' dir='ltr' id='par_1_117' title="bbox 2327 5660 3752 5733">
     <span class='ocr_line' id='line_1_120' title="bbox 2327 5660 3752 5733; baseline -0.006 -17"><span class='ocrx_word' id='word_1_874' title='bbox 2327 5662 2441 5733; x_wconf 73' lang='grc'>(45)</span> <span class='ocrx_word' id='word_1_875' title='bbox 2468 5660 2791 5731; x_wconf 84' lang='grc' dir='ltr'>Στοιχείοις</span> <span class='ocrx_word' id='word_1_876' title='bbox 2822 5660 3075 5729; x_wconf 56' lang='grc' dir='ltr'>τούτοις.</span> <span class='ocrx_word' id='word_1_877' title='bbox 3111 5660 3496 5732; x_wconf 81' lang='grc' dir='ltr'>ΒΣτοιχείοις,</span> <span class='ocrx_word' id='word_1_878' title='bbox 3518 5660 3752 5717; x_wconf 77' lang='grc' dir='ltr'>τούτοις.</span> 
     </span>
    </p>
   </div>
   <div class='ocr_carea' id='block_1_118' title="bbox 669 5662 1873 5737">
    <p class='ocr_par' dir='ltr' id='par_1_118' title="bbox 669 5662 1873 5737">
     <span class='ocr_line' id='line_1_121' title="bbox 669 5662 1873 5737; baseline -0.007 -14"><span class='ocrx_word' id='word_1_879' title='bbox 669 5662 761 5730; x_wconf 87' lang='grc'>50)</span> <span class='ocrx_word' id='word_1_880' title='bbox 795 5662 1345 5737; x_wconf 73' lang='grc' dir='ltr'>Συμμέμαχηκέναι.</span> <span class='ocrx_word' id='word_1_881' title='bbox 1379 5662 1419 5721; x_wconf 83' lang='grc' dir='ltr'><strong>Β</strong></span> <span class='ocrx_word' id='word_1_882' title='bbox 1450 5662 1873 5737; x_wconf 75' lang='grc' dir='ltr'>συμμεμιχέναι.</span> 
     </span>
    </p>
   </div>
   <div class='ocr_carea' id='block_1_119' title="bbox 670 5736 1128 5813">
    <p class='ocr_par' dir='ltr' id='par_1_119' title="bbox 670 5736 1128 5813">
     <span class='ocr_line' id='line_1_122' title="bbox 670 5736 1128 5813; baseline -0.009 -19"><span class='ocrx_word' id='word_1_883' title='bbox 670 5739 760 5813; x_wconf 82' lang='grc'><strong>51)</strong></span> <span class='ocrx_word' id='word_1_884' title='bbox 786 5738 915 5797; x_wconf 76' lang='lat' dir='ltr'><strong>Kal.</strong></span> <span class='ocrx_word' id='word_1_885' title='bbox 952 5736 994 5793; x_wconf 73' lang='grc' dir='ltr'><strong>Β</strong></span> <span class='ocrx_word' id='word_1_886' title='bbox 1023 5737 1128 5792; x_wconf 83' lang='grc' dir='ltr'>ναί.</span> 
     </span>
    </p>
   </div>
   <div class='ocr_carea' id='block_1_120' title="bbox 646 5605 668 5812">
    <p class='ocr_par' dir='ltr' id='par_1_120' title="bbox 646 5605 668 5812">
     <span class='ocr_line' id='line_1_123' title="bbox 646 5605 668 5812; baseline 0 0"><span class='ocrx_word' id='word_1_887' title='bbox 646 5605 668 5812; x_wconf 71' lang='lat' dir='ltr'><strong>l</strong></span> 
     </span>
    </p>
   </div>
  </div>
