3990 6202
335 271 404 322 77
1401 263 1491 318 DE
1521 262 1735 318 ANIMA
1760 261 1849 316 ET
1887 260 2496 319 RESUllRECTXONE.
3526 265 3592 320 78

324 386 431 459 τὴν
475 384 717 459 διὼσιν
760 381 1122 454 παραμένειν,
1166 376 1279 436 οἷον
1329 383 1377 436 εἰ
1422 382 1640 452 φύλακα
1685 380 1793 435 τῶν
1839 382 1914 435 οξ-

2027 383 2164 453 quod
2196 383 2251 438 in
2289 382 2492 454 quibus
2531 379 2819 438 elementis
2857 380 2927 439 ab
2952 380 3425 448 initioinhteserit,
3451 385 3592 454 apud

330 478 501 532 κείων
532 475 640 549 (44)
687 474 1115 545 καθισταμένην,
1153 475 1247 528 καὶ
1299 475 1356 530 ὲν
1396 477 1463 546 τῇ
1500 475 1801 546 ἀνακράσει
1847 476 1915 545 τῇ

332 570 473 642 πρὸς
497 569 558 622 τὸ
583 566 852 639 ὁμόφυλον
896 566 956 619 οὐ
987 566 1292 637 διαφιεῖσαν
1328 566 1439 637 (45)
1486 568 1548 620 τὸ
1593 567 1722 620 ἴδιον
1750 567 1808 620 ὲν
1840 564 1918 636 τῷ

539 675 596 710 τε
621 657 714 710 κα)⁸
745 654 1015 727 εὐκινήτῳ
1053 654 1152 725 τῆς
1190 656 1381 726 νοερᾶς
1410 654 1713 727 δυνάμεως,
1762 654 1915 707 οὐδε-

331 750 464 820 μίαν
491 750 550 802 ἐν
577 750 644 818 τῇ
692 744 1029 817 λεπτομερίᾳ
1074 743 1185 798 τῶν
1229 745 1508 816 στοιχείων
1540 730 1917 817 ὑπομένουσαν

327 841 536 912 πλάνην
556 858 569 872 ·
599 838 737 894 ἀλλὰ
766 836 1177 893 συνδιαλύεσθαι
1213 838 1323 909 (46)
1355 842 1463 901 τοῖς
1495 837 1646 901 ἰδίοις
1678 854 1916 908 καταμι-

326 933 617 1005 γνυμένοις
665 931 776 1001 (47)
824 929 961 1002 πρὸς
991 930 1053 983 τὸ
1086 929 1358 1000 ὁμόφυλον
1381 970 1415 996 ,.
1451 931 1544 983 καὶ
1589 930 1666 1001 μὴ
1706 930 1916 984 ἀτονετν

328 1022 735 1091 συνδιεξιοῦσαν
781 1023 985 1086 αὐτοῖς,
1031 1023 1158 1076 ὅταν
1199 1021 1337 1093 πρὸς
1380 1022 1442 1075 τὸ
1491 1023 1599 1076 πᾶν
1643 1022 1916 1094 ἀναχέωνο

324 1136 418 1172 ται
454 1117 597 1187 (48),
627 1114 743 1170 ἀλλ’
774 1117 833 1167 ἐν
867 1112 1017 1184 αὐτῷ
1052 1114 1163 1183 (49)
1195 1113 1285 1168 ἀεὶ
1323 1113 1504 1184 μένειν
1539 1115 1768 1187 ὅποιπερ
1802 1114 1913 1186 (50)

328 1208 490 1273 αὐτὰ,
517 1208 611 1262 καὶ
638 1207 788 1271 ὅπως
821 1204 1217 1279 παρασκευάσῃ
1246 1207 1278 1276 ὴ
1309 1203 1491 1275 φύσις.

400 1525 465 1578 El
487 1523 545 1578 δὲ
574 1522 784 1591 γένοιτο
812 1521 977 1575 πάλιν
998 1519 1150 1591 παρᾶ
1177 1518 1280 1589 τῆς
1306 1518 1366 1572 τὸ
1387 1518 1495 1572 πᾶν
1523 1514 1913 1586 οίκονομούσης

326 1617 611 1686 δυνάμεως
632 1616 752 1678 τοῖς
777 1612 1075 1668 διαλυθείσι
1109 1610 1247 1682 πρὸς
1286 1610 1385 1682 τὴν
1411 1606 1714 1680 συνδρομὴν
1741 1607 1802 1660 τὸ
1829 1607 1916 1660 ὲν-

2017 490 2080 530 ea
2121 483 2247 546 post
2293 474 2715 531 dissolutionem
2763 488 2983 545 quoque
3027 484 3382 545 permaneat,
3437 478 3595 546 quasi

2019 576 2207 622 custos
2236 567 2459 631 mdium,
2499 581 2621 637 qua:
2652 567 2707 620 in
2744 566 3079 623 resolutione
3113 567 3508 624 elementorum
3539 568 3595 625 in

1994 672 2181 711 .snum
2207 658 2477 728 cujusque
2518 671 2716 730 genus,
2754 672 2852 728 per
2892 659 3249 715 subtilitatem
3296 668 3351 715 et
3385 661 3600 732 agilita-

2019 757 2127 804 tem
2181 749 2539 820 intelligentia
2581 749 2823 819 praedita:
2865 747 3141 806 facultatis
3169 756 3447 823 proprium
3488 766 3597 808 non

2017 837 2275 906 dimittat,
2308 855 2409 896 nec
2452 841 2660 896 erroris
2687 841 2988 912 quidquam
3039 841 3095 895 in
3142 843 3388 898 exilitate
3431 850 3598 914 atque

2016 931 2285 987 tenuitate
2334 932 2731 987 elementorum
2785 933 3098 1000 sustineat,
3147 935 3241 989 sed
3306 949 3417 989 una
3469 949 3596 990 cum

2015 1023 2278 1096 propriis,
2303 1023 2431 1079 dum
2459 1039 2582 1079 cum
2601 1039 2702 1080 suo
2733 1041 2952 1097 quoque
2964 1041 3165 1097 genere
3188 1026 3596 1095 commiscetur,

2016 1122 2266 1184 penetret
2295 1128 2359 1169 ac
2384 1123 2647 1183 permeet,
2669 1131 2772 1171 nec
2805 1116 3019 1194 deﬁciat
3066 1132 3174 1172 una
3196 1131 3323 1172 cum
3350 1118 3430 1173 eis
3473 1132 3600 1189 per-

2016 1222 2228 1272 means,
2250 1206 2390 1285 dum
2432 1205 2488 1261 in
2528 1222 2715 1263 rerum
2752 1216 3005 1264 naturam
3056 1210 3367 1267 universam
3410 1209 3601 1266 refun-

2015 1297 2242 1364 duntur,
2280 1295 2374 1353 sed
2406 1313 2622 1368 semper
2660 1299 2716 1354 in
2744 1300 2826 1356 eis
2856 1310 3095 1363 maneat,
3125 1317 3455 1373 quocunque
3490 1301 3597 1358 loci

2016 1403 2079 1443 ac
2103 1388 2597 1460 quomodocunque
2619 1405 2683 1446 ea
2713 1398 2910 1446 natura
2941 1392 3230 1464 redegerit.

2086 1515 2243 1582 Quod
2295 1517 2340 1573 si
2390 1532 2587 1574 rursus
2628 1518 2697 1575 ab
2755 1534 2820 1576 ea
2867 1522 3110 1592 potentia
3153 1535 3318 1596 atque
3365 1526 3592 1596 virtute,

2015 1623 2137 1679 qua;
2165 1623 2350 1665 rerum
2380 1610 2794 1668 universitatem
2822 1614 3121 1684 jgubernat,
3168 1616 3454 1676 dissolutis
3486 1620 3598 1675 ele-

329 1710 551 1780 δόσιμον
572 1725 588 1740 ο
617 1708 743 1762 τότε
770 1705 1018 1776 καθάπερ
1049 1704 1098 1757 εί
1128 1705 1258 1775 μιᾶς
1282 1702 1459 1775 ἀρχῆς
1489 1700 1602 1772 (51»)
1636 1698 1915 1767 ὲξαφθεῖεν

2027 1701 2221 1757 mentis
2251 1699 2319 1756 ad
2350 1716 2705 1767 concursum,
2739 1704 2954 1776 signum
3007 1714 3172 1779 atque
3213 1712 3433 1766 occasio
3471 1712 3599 1768 data

332 1803 543 1873 σχοῖνοι
565 1799 829 1868 διάφοροι,
853 1794 988 1868 όμοῦ
1022 1795 1135 1868 (52)
1184 1793 1278 1849 καὶ
1310 1794 1432 1847 κατ’
1464 1791 1624 1846 αὑτὸν
1654 1791 1710 1844 αἱ
1744 1791 1915 1844 πᾶσαι

329 1890 415 1962 τῷ
435 1888 780 1959 ὲφελκομένῳ
800 1886 1123 1942 συνέπονται
1146 1902 1160 1916 ·
1192 1883 1364 1946 οὕτως
1386 1883 1442 1935 ὲν
1470 1883 1567 1953 μιᾷ
1590 1883 1656 1952 τῇ
1680 1882 1778 1951 τῆς
1800 1880 1915 1949 (55)

331 1980 513 2051 ψυχῆς
540 1977 785 2049 δυνάμει,
827 1978 929 2048 τῆς
971 1975 1081 2029 τῶν
1129 1972 1409 2043 στοιχείων
1454 1969 1719 2039 διαφορᾶς
1764 1967 1919 2021 ἑλκο-

334 2069 527 2141 μένης,
558 2067 768 2139 ἀθρόως
812 2068 870 2120 ὲν
900 2069 969 2139 τῇ
1014 2064 1286 2135 συνδρομῇ
1332 2060 1442 2116 τῶν
1477 2060 1711 2125 οἰκείων,
1747 2061 1781 2130 ἠ
1821 2059 1917 2113 τοῦ

332 2159 585 2230 σώματος
617 2158 773 2231 ἡμῶν
799 2157 957 2229 σειρὰ
994 2156 1083 2211 διὰ
1108 2158 1207 2227 τῆς
1235 2155 1415 2226 ψυχῆς
1447 2152 1916 2225 συμπλακήσεται,

331 2251 685 2322 καταλλήλως
742 2249 973 2304 ἑκάστου
1031 2247 1193 2302 πάλιν
1244 2245 1381 2317 πρὸς
1426 2245 1489 2298 τὸ
1543 2244 1767 2316 ἀρχαῖον
1823 2244 1920 2297 καὶ

335 2342 567 2414 σύνηθες
595 2342 971 2412 πλακουμένου
1002 2340 1138 2411 (54),
1190 2338 1289 2393 κα).⁴
1333 2334 1834 2407 περιπτυσσομένου
1858 2334 1920 2388 τὸ

332 2436 612 2508 γνώριμον
630 2431 914 2504 (55).—M.
932 2426 1090 2483 Ἀλλὰ
1103 2426 1368 2482 καὶτοῦτο
1385 2428 1497 2498 (56)
1513 2429 1574 2482 τὸ
1593 2428 1917 2500 ὑπόδειγμα,

335 2524 502 2593 φησὶν
529 2523 563 2593 ή
598 2520 917 2582 διδάσκαλος
951 2518 1087 2586 (57),
1124 2517 1350 2580 εἰκότως
1378 2517 1445 2570 ἂν
1465 2516 1787 2588 προστεθείη
1808 2520 1921 2581 τοῖς

334 2613 725 2685 ὶξητασμένοις
758 2611 869 2682 (58)
903 2611 984 2674 είς
1014 2609 1287 2677 ἀπόδειξιν
1323 2606 1418 2662 τοῦ
1447 2607 1521 2679 μὴ
1548 2607 1747 2679 πολλὴν
1779 2603 1920 2662 εἶναι

334 2710 403 2779 τῇ
427 2707 577 2777 ψυχῇ
609 2705 709 2776 τὴν
731 2703 1081 2759 διδασκαλίαν
1108 2702 1225 2771 (59)
1252 2702 1310 2755 ὲν
1347 2703 1460 2765 τοῖς
1491 2699 1773 2770 στοιχείοις
1806 2699 1924 2754 διαο

338 2801 546 2872 κρίνειν
578 2798 692 2870 (60)
722 2796 819 2852 τοῦ
850 2795 1133 2867 ἀλλοτρίου
1163 2794 1224 2848 τὸ
1252 2794 1408 2848 ἴδιον.
1466 2790 1785 2864 Προκείσθω
1815 2789 1924 2860 γὰρ

335 2894 417 2961 τῷ
448 2890 811 2964 κεραμεύοντι
846 2889 961 2959 (61)
988 2888 1157 2958 πηλὸς
1200 2884 1325 2940 καθ’
1351 2883 1628 2948 ὑπόθεσιν,
1660 2882 1838 2945 πολὺς
1865 2878 1923 2936 δὲ

335 2977 493 3048 οὗτος
536 2978 675 3035 εἶναι
720 2979 969 3044 δεδόσθω,
1021 2973 1083 3032 οὗ
1133 2976 1194 3031 τὸ
1239 2974 1338 3046 μέν
1377 2991 1460 3027 τοι
1490 2972 1627 3045 πρὸς
1668 2972 1769 3040 τὴν
1817 2970 1924 3024 τῶν

2022 1791 2211 1859 fuerit,
2246 1800 2377 1848 tunc
2408 1794 2869 1864 quemadmodum
2904 1796 2983 1865 fit,
3013 1798 3060 1854 si
3091 1799 3159 1876 ab
3192 1796 3302 1856 uno
3330 1802 3598 1874 principio

2020 1884 2221 1939 diversi
2274 1882 2435 1940 funes
2495 1887 2746 1957 suspensi
2802 1888 2935 1954 sint,
2980 1898 3040 1945 ut
3091 1890 3256 1946 simul
3300 1893 3601 1965 eodemque

2019 1981 2267 2046 tempore
2322 1977 2515 2031 cuncti
2572 1977 2937 2035 attrahentem
2996 1991 3357 2052 sequantur:
3404 1987 3594 2044 eodem

2019 2066 2203 2130 modo,
2231 2064 2360 2120 dum
2390 2081 2487 2137 per
2510 2082 2673 2122 unam
2708 2067 2968 2126 virtutem
3000 2079 3052 2127 et
3074 2075 3373 2142 potentiam
3403 2078 3599 2135 anime

2019 2153 2237 2212 diversa
2288 2156 2586 2212 trahuntur
2636 2158 2951 2225 elementa,
3005 2172 3230 2233 repente
3270 2181 3601 2240 unoquoque

2020 2255 2297 2304 momento
2335 2248 2525 2304 statim
2581 2264 2679 2319 per
2715 2251 3006 2308 coitionem
3059 2261 3225 2326 atque
3266 2271 3597 2316 concursum

2020 2340 2391 2409 propriorum,
2438 2341 2692 2410 corporis
2744 2342 2917 2398 nostri
2966 2351 3162 2400 catena
3208 2361 3307 2417 per
3356 2348 3597 2405 animam

2019 2439 2364 2496 conseretur,
2407 2441 2572 2502 atque
2609 2432 3056 2499 concinnabitur,
3084 2444 3141 2492 et
3167 2439 3599 2511 unumquodque

2021 2535 2081 2576 se
2126 2521 2413 2577 commode
2466 2538 2663 2580 rursus
2713 2511 2780 2580 ad
2830 2519 3126 2596 pristinum
3170 2536 3225 2585 et
3271 2540 3596 2588 consuetum

2020 2605 2338 2682 applicabit,
2394 2622 2450 2669 et
2504 2621 2770 2686 tanquam
2819 2617 2928 2673 sibi
2976 2627 3170 2675 notum
3212 2624 3595 2694 amplectetur.

2010 2707 2017 2727 '
2039 2699 2172 2754 —M.
2186 2699 2331 2767 Quin
2343 2704 2512 2759 etiam
2531 2704 2647 2759 haec
2662 2720 2881 2776 quoque
2901 2704 3227 2773 similitudo,
3239 2709 3498 2780 magistra
3515 2709 3601 2764 in-

2023 2787 2163 2858 quit,
2216 2788 2363 2843 haud
2407 2789 2683 2844 immerito
2725 2791 2948 2863 adiungi
2977 2792 3154 2862 possit
3204 2792 3273 2847 iis
3303 2808 3425 2863 qua:
3452 2810 3601 2864 qua:-

2028 2878 2156 2945 sita,
2211 2886 2440 2934 tractata
2485 2887 2649 2951 atque
2702 2881 3019 2936 examinata
3066 2889 3195 2937 sunt
3251 2882 3319 2936 ad
3369 2883 3600 2940 demon-

2027 2969 2335 3036 strandum,
2368 2969 2514 3041 quod
2552 2971 2695 3027 haud
2735 2988 2933 3044 magno
2958 2975 3177 3045 negotio
3209 2976 3390 3030 anima
3426 2978 3603 3047 possit

340 3074 552 3129 σκευῶν
581 3071 926 3144 ἀπεργασίαν
955 3067 1063 3140 (62)
1109 3068 1208 3138 ήδη
1238 3064 1569 3128 τετύπωται,
1616 3062 1678 3116 τὺ
1710 3062 1768 3116 δὲ
1797 3061 1920 3133 μέλ-

2028 3060 2171 3115 inter
2192 3061 2458 3116 elementa
2493 3076 2651 3116 suum
2684 3061 2752 3117 ab
2793 3062 2972 3118 alieno
3006 3064 3341 3121 discernere.
3376 3064 3591 3137 Propo-

335 3167 429 3222 λον
459 3166 597 3238 (65).
636 3165 719 3218 Τὰ
753 3164 810 3217 δὲ
840 3161 1007 3232 σκεύη
1036 3160 1212 3214 πάντα
1242 3159 1319 3230 μὴ
1344 3155 1602 3229 όμοειδῶς
1625 3154 1734 3227 (64)
1761 3153 1923 3225 ἀλλή-

335 3259 448 3323 λοις
471 3254 930 3328 διεσχηματίσθω,
962 3251 1097 3307 ἀλλὰ
1135 3251 1197 3304 τὸ
1243 3250 1341 3321 μὲν
1371 3248 1546 3313 πίθος,
1577 3247 1637 3301 τὸ
1660 3246 1719 3300 δὲ
1748 3247 1925 3316 ἀμφο-

340 3353 490 3423 ρεὺς,
524 3350 712 3420 ἕτερον
740 3346 797 3400 δὲ
825 3344 1095 3408 πινάκιον,
1130 3343 1165 3413 ἢ
1199 3340 1459 3413 τριϐλίον,
1499 3337 1533 3410 ἢ
1565 3337 1692 3392 ἄλλο
1720 3354 1771 3390 τι
1814 3336 1924 3390 τῶν

339 3442 484 3496 κατὰ
525 3441 625 3512 τὴν
663 3439 861 3510 χρῆσιν
906 3434 1227 3504 ἐπιτηδείων
1273 3431 1434 3495 ἔστω,
1466 3427 1639 3482 ταῦτα
1663 3427 1719 3481 δὲ
1750 3426 1925 3481 πάντα

342 3532 420 3603 μὴ
452 3527 533 3595 εἷς
563 3528 870 3600 κεκτήσθω,
918 3524 1178 3580 ἀλλ’ίδιον
1218 3521 1449 3576 ἑκάστου
1492 3518 1604 3590 (65)
1634 3516 1919 3586 δεσπότου,

338 3622 655 3678 ὑποκείσθω
697 3620 778 3691 τῷ
820 3619 986 3690 λόγῳ.

2033 3159 2198 3206 natur
2242 3151 2388 3207 enim
2448 3152 2684 3223 exempli
2734 3154 2911 3223 gratia
2965 3154 3131 3224 ﬁgulo
3174 3156 3387 3222 lutum,
3439 3158 3603 3229 idque

2031 3244 2261 3298 multum
2314 3259 2438 3299 esse
2496 3245 2675 3306 detur,
2722 3245 2882 3313 cujus
2938 3245 3043 3298 alia
3089 3247 3337 3315 qumdam
3370 3264 3495 3318 pars
3533 3250 3602 3305 ad

2028 3348 2286 3389 vasorum
2324 3332 2724 3389 confectionem
2757 3334 2871 3404 jam
2902 3334 3160 3399 formata,
3192 3337 3299 3391 alia
3332 3354 3462 3393 vero
3488 3337 3601 3394 for—

2029 3425 2228 3479 manda
2283 3425 2374 3492 sit,
2409 3439 2539 3481 vasa
2587 3433 2769 3480 autem
2819 3425 3004 3480 omnia
3046 3442 3158 3482 non
3199 3428 3392 3484 eadem
3428 3428 3604 3485 forma

2032 3516 2164 3581 sint,
2214 3516 2311 3572 sed
2348 3517 2499 3573 aliud
2542 3517 2763 3589 quidem
2835 3518 3064 3583 dolium,
3110 3520 3260 3576 aliud
3314 3537 3443 3578 vero
3486 3536 3603 3577 am-

2034 3611 2230 3681 pliora,
2265 3610 2416 3666 aliud
2445 3620 2629 3667 autem
2666 3613 2920 3678 scutella,
2945 3613 3031 3670 vel
3058 3614 3275 3685 patella,
3316 3625 3409 3671 aut
3436 3617 3601 3687 quid-

336 3720 427 3773 vis
450 3716 600 3772 aliud
628 3716 700 3771 sit
728 3731 795 3771 ex
830 3714 901 3770 iis
930 3726 1053 3784 qua:
1076 3713 1143 3766 ad
1170 3725 1330 3767 usum
1361 3716 1485 3780 apta
1517 3722 1580 3763 ac
1605 3707 1916 3763 necessaria
1951 3714 2104 3773 sunt,
2159 3716 2322 3779 atque
2368 3708 2482 3764 haec
2526 3709 2710 3764 omnia
2761 3724 2870 3764 non
2902 3725 3046 3766 unus
3115 3711 3398 3782 possideat
3424 3753 3440 3779 ,
3505 3713 3603 3769 sed

340 3829 487 3870 suus
520 3811 788 3881 cujusque
820 3808 1078 3865 dominus
1112 3807 1344 3863 orationi
1375 3811 1732 3876 proponatur.

421 3943 639 4000 Οὐκοῦν
668 3945 772 4007 ἕως
805 3944 868 3998 ἂν
897 3944 1217 4016 συνεστήκει
1235 3985 1251 4009 ,
1300 3941 1475 3995 ταῦτα
1504 3939 1715 4011 φανερά
1736 3955 1794 3992 τε
1809 3938 1920 4007 (66)

336 4037 464 4098 τοῖς
499 4033 681 4105 ἔχουσι
734 4032 975 4102 γίνεται·
1013 4031 1115 4086 κᾶν
1166 4029 1476 4101 συντριϐείη
1531 4027 1715 4094 πάλιν,
1769 4026 1922 4080 οὐδὲν

337 4123 508 4200 ἦττον
566 4123 819 4196 γνώριμα
862 4123 975 4194 (67)
1044 4123 1154 4176 ἀπὸ
1203 4120 1309 4174 τῶν
1348 4118 1460 4190 (68)
1505 4115 1924 4188 συν-τριμμάτιον

338 4221 458 4282 τοῖς
508 4217 867 4287 κεκτημένοις
926 4214 1098 4275 ἐσται,
1122 4212 1184 4266 τὸ
1249 4212 1345 4283 μὲν
1401 4210 1513 4281 (60)
1585 4209 1646 4263 τὸ
1711 4210 1776 4263 ὲκ
1833 4206 1928 4263 τοῦ

342 4310 527 4374 πίθου,
574 4310 727 4362 ποῖον
760 4307 817 4361 δὲ
855 4307 969 4378 (70)
1024 4305 1084 4359 τὸ
1142 4307 1206 4360 ἐκ
1262 4302 1356 4358 τοῦ
1414 4302 1673 4374 ποτηρίου
1726 4300 1929 4373 τρύφος

346 4399 514 4457 ἐστίν.
567 4401 632 4455 El
658 4399 717 4454 δὲ
771 4398 866 4453 καὶ
921 4397 1059 4469 πρὸς
1105 4396 1197 4475 τὸν
1245 4396 1651 4467 ἀκατέργαστον
1694 4412 1929 4465 καταμι-

2099 3932 2349 4001 Quandiu
2399 3933 2563 4005 igitur
2613 3934 2730 3989 inec
2772 3934 3121 3990 constiterint
3154 3943 3209 3990 et
3240 3934 3454 4007 integra
3487 3935 3603 3992 fue-

2028 4026 2161 4092 rint,
2193 4026 2338 4081 haud
2370 4023 2661 4081 difficulter
2690 4041 2720 4079 ιι
2764 4025 2882 4083 suis
2915 4025 3155 4082 dominis
3199 4035 3604 4098 agnoscunturs

2029 4117 2207 4190 Atque
2253 4118 2474 4173 etiamsi
2527 4118 2720 4173 collisa
2772 4117 3167 4187 confractaque
3206 4117 3431 4182 fuerint,
3476 4135 3605 4174 rurc

2028 4225 2149 4267 sum
2184 4208 2541 4264 nihilominus
2569 4225 2632 4263 ex
2662 4207 2979 4279 fragmentis
3012 4217 3154 4263 notae
3179 4210 3443 4280 signaque
3470 4225 3600 4280 pos-

2026 4300 2341 4358 sessoribus
2374 4300 2691 4365 exstabnnt,
2718 4298 2923 4369 quibus
2939 4297 3190 4367 judicare
3216 4298 3425 4369 possint
3451 4301 3599 4370 quod

2025 4392 2260 4449 frustum
2310 4407 2374 4448 ex
2425 4392 2596 4458 dolio,
2652 4391 2797 4462 quod
2852 4403 2916 4445 ex
2971 4391 3168 4461 poculo
3218 4391 3310 4446 sit.
3362 4389 3522 4457 Quod
3550 4394 3598 4450 si

346 4492 506 4564 χθείη
532 4491 719 4562 πηλὸν,
753 4490 886 4545 πολὺ
917 4489 1116 4561 μᾶλλον
1150 4487 1397 4558 ἀπλανὴς
1424 4488 1458 4559 ἡ
1500 4486 1789 4555 διάγνωσις
1819 4483 1920 4538 τῶν

2029 4485 2195 4541 etiam
2246 4500 2370 4540 cum
2425 4484 2549 4540 rudi
2600 4499 2783 4541 massa
2847 4483 2946 4539 luti
3005 4482 3291 4540 commista
3353 4482 3597 4546 fuerint,

346 4585 449 4656 ήδη
481 4582 965 4654 κατειργασμένων
992 4581 1085 4634 ἀπ’
1116 4580 1324 4636 ἐκείνου
1358 4578 1583 4649 γίνεται.
1615 4576 1798 4639 Οὕτως
1815 4570 1925 4632 οἷόν

419 4740 534 4807 (Η)
567 4739 835 4795 Οίχείων.
864 4737 910 4793 Α
940 4734 1146 4807 οζκιῶν.

420 4805 537 4879 με)
571 4809 939 4879 Διαφιεῖσαν.
971 4806 1012 4861 Β
1032 4805 1367 4879 διαφυεϊσανΣ

420 4871 536 4947 (46)
568 4871 1069 4947 Συιῖδιαλύεσθαι.
1094 4871 1144 4927 Δί
1160 4871 1583 4947 συνδιαδόεσθαι.

423 4942 537 5015 (47)
570 4945 1133 5019 Καταμιγνυμένοις.
1167 4942 1208 4997 Β
1232 4942 1418 5019 καὶῆοὐ
1451 4957 1679 5019 μιγνυμ.

446 5010 539 5091 48)
572 5010 979 5091 Ἁναέέὼζτᾶι.
996 5016 1142 5091 _A_in
1177 5013 1424 5091 margine
1447 5010 1764 5083 ἀνακέηται.

452 5084 545 5160 ω)
582 5090 685 5144 Ἔν
707 5084 891 5152 ἆύτῷ.
924 5088 966 5160 Α
994 5085 1039 5160 β
1062 5088 1123 5160 εν
1156 5084 1360 5160 αὐτοῖς.

573 5161 885 5229 "Oxotzsg.
910 5156 969 5229 A_
993 5155 1032 5229 Β
1058 5157 1291 5229 ὅποιπερ
1323 5151 1408 5206 ἄν.

423 5296 543 5365 (52",
585 5296 784 5369 Ὀιὶὸῦ.
816 5296 869 5369 A_
889 5296 1134 5369 όμοῦτε.

424 5372 542 5443 (53)
574 5366 657 5435 Τῆ
685 5367 812 5436 τῆς.
841 5366 988 5443 Delet
1024 5367 1175 5443 Ajﬁ.

426 5433 547 5512 (54)
579 5433 1031 5512 Πλακουμένρυ.
1129 5433 1474 5505 ’πλεκομὲνου
1497 5449 1576 5487 τε.

308 5567 319 5578 .
427 5506 548 5581 (55)
576 5512 627 5564 Γ
628 5507 901 5581 mitiorum;
935 5507 975 5561 Β
1010 5506 1315 5581 γνώρισμα,

426 5574 549 5652 (56)
591 5574 779 5652 Ἂλέιᾷ
807 5580 902 5652 καὶ
930 5574 1136 5652 τοῦτο-ί
1158 5574 1302 5652 delet
1330 5574 1387 5629 Β.

429 5646 551 5715 (5⁸7»
592 5651 663 5704 ἰι
692 5648 1053 5715 διδάσκειῖος
1085 5646 1233 5702 delet
1267 5646 1329 5699 A.

433 5711 558 5792 (58)
594 5711 1075 5792 Ἐξητασμένοιξυ.
1117 5718 1244 5773 Ain
1279 5724 1428 5772 textu
1458 5711 1851 5785 ἐξισταμένοις,
1881 5715 1934 5770 in

2033 4575 2207 4630 multo
2249 4576 2420 4645 magis
2457 4584 2606 4630 certa
2654 4576 2975 4645 dijudicatio
3010 4592 3199 4633 eorum
3232 4591 3354 4648 qua:
3381 4574 3494 4647 jam
3529 4578 3596 4631 ad

2031 4728 2277 4798 margine
2307 4728 2711 4801 ξξητασμένοις.

2122 4801 2215 4869 59)
2243 4800 2668 4855 Διδασκαλίαν.
2706 4800 2747 4854 Λ
2776 4800 2815 4853 Β
2842 4800 3142 4856 δυσκολίαν.

2121 4869 2213 4942 60)
2242 4872 2596 4939 Διακρίνειν.
2634 4870 2677 4924 Α
2702 4870 2797 4925 τοῦ
2820 4871 3134 4942 διακρίνειν.

2245 4943 2656 5013 Κεραμεύοντι.
2688 4942 2727 5013 Β
2759 4940 3007 5013 κεραμεῖ.

2121 5011 2212 5083 (ig)
2254 5009 2729 5083 ξΛςτεργασέανηβ
2763 5009 3042 5083 ἐργασίαν.

2245 5077 2585 5151 Μέλ.ιόν..Β
2617 5077 2818 5151 μέλλει.

2253 5147 2589 5224 ξρμοειδῶς.
2619 5147 2673 5203 Ἀ
2708 5154 2777 5224 in_
2797 5154 3039 5224 margine
3075 5151 3404 5224 ὁμοιοειδῶς.

2099 4801 2119 5007 l

2104 5220 2217 5290 (65)
2252 5219 2432 5290 Ἰδιον
2463 5219 2725 5274 ἑκάστου
2750 5219 3069 5277 δεσπότου.
3110 5219 3175 5274 ⁷Λ
3207 5223 3335 5285 ἴδιος
3366 5220 3550 5276 ἐκάστι
3569 5232 3599 5280 ς
3680 5244 3698 5262 ο

2030 5289 2314 5363 δεσπότης.
2357 5289 2399 5342 Β
2430 5291 2574 5363 ἰδίως
2603 5291 2831 5363 ἑκάστου
2868 5293 3151 5363 δεσπότης.
3241 5331 3249 5337 .

2104 5359 2216 5497 (66)
2247 5360 2478 5427 Φανερὰ
2510 5376 2589 5413 τε.
2635 5360 2674 5413 Β
2703 5362 2930 5432 φανερά.
3090 5359 3100 5363 ⁷

2126 5429 2216 5497 67)
2253 5428 2547 5497 Γνώριμα.
2590 5430 2632 5481 Β
2673 5429 2974 5497 γνώρισμα.
3024 5432 3063 5486 Λ
3105 5432 3158 5488 ἱη
3188 5433 3435 5497 margine
3464 5433 3558 5497 γνιὶ

2126 5429 2216 5499 67)
2253 5429 2547 5498 Γνώριμα.
2590 5430 2632 5481 Β
2673 5429 2974 5502 γνώρισμα.
3024 5432 3063 5486 Λ
3105 5432 3158 5488 ἱη
3188 5433 3435 5505 margine
3464 5433 3602 5507 γνῶ-

2128 5518 2226 5635 ἕξ)
2262 5568 2405 5624 Ἀπὸ
2434 5567 2566 5622 τῶν.
2605 5570 2648 5623 Α
2676 5568 2717 5623 B
2743 5570 2836 5623 και
2866 5569 2971 5623 ἀπὸ
2997 5570 3125 5629 τῶν.

2130 5642 2219 5721 ξρρ
2248 5638 2627 5721 [opif-.935
2654 5640 2788 5721 .μέν-
2899 5709 2910 5720 .

2135 5711 2224 5785 70)
2255 5709 2433 5765 Ποῖον
2456 5709 2540 5765 δέ.
2575 5711 2614 5762 Λ
2654 5709 2707 5766 in
2743 5709 2987 5779 margine
3014 5729 3086 5766 τι.

2035 5517 2124 5573 ρισ

2108 5572 2127 5780 l
