3990 6202
559 295 639 355 ’19
1794 294 1851 349 S.
1900 293 2228 355 GREGOBII
2265 296 2562 355 NYSSENI
3752 306 3825 363 80

566 434 713 491 opus
765 416 990 476 redacta
1019 416 1223 473 fuerint
1250 430 1320 472 ex
1362 413 1485 473 rudi
1522 420 1753 471 materia
1792 414 1870 471 iit.
1900 415 1984 472 ita
2016 425 2129 472 tan-

2246 435 2299 473 τι
2332 418 2543 487 σκεῦος,
2567 422 2596 475 ό
2639 421 2762 475 καθ’
2803 419 3035 476 ἕκαστόν
3073 420 3222 475 ἐστιν
3254 418 3561 493 ἄνθρωπος,
3613 419 3681 475 ἐκ
3720 422 3824 493 τῆς

564 525 729 583 quam
759 524 856 568 vas
890 510 1164 581 quoddam
1206 508 1375 564 homo
1409 507 1645 579 quisque
1688 507 1987 579 singularis
2031 516 2137 575 est,

563 617 630 658 ex
663 603 1064 658 elementorum
1093 614 1372 657 concursu
1412 614 1442 656 a
1474 599 1751 654 communi
1774 600 2001 654 materia
2028 599 2143 655 for-

562 706 764 763 matus,
813 696 1078 768 peculiari
1116 710 1345 768 prorsus
1394 694 1564 766 ﬁgura
1601 693 1835 748 multum
1882 691 2141 750 diﬂ'erens

562 788 633 843 ab
672 802 740 844 eo
773 786 921 860 quod
968 787 1215 859 ejusdem
1256 786 1472 858 generis
1530 790 1635 841 est.
1691 783 1810 850 Quo
1847 783 2137 851 dissoluto,

562 880 920 938 nihilominus
959 881 1124 936 etiam
1155 895 1223 935 ex
1247 877 1496 950 reliquiis
1523 876 1703 931 anima
1735 890 1858 947 qua:
1899 877 2142 947 possidet

562 984 694 1038 vas,
744 971 1028 1042 proprium
1087 969 1358 1040 agnoscit,
1418 982 1597 1038 neque
1644 966 1700 1020 in
1752 968 2142 1023 communione

558 1069 730 1133 atque
776 1055 1102 1119 confusione
1130 1060 1584 1133 fragmentorum,
1632 1074 1812 1129 neque
1854 1059 1901 1117 si
1949 1059 2139 1116 eadem

563 1166 688 1206 cum
736 1151 862 1207 rudi
911 1152 1304 1208 elementorum
1356 1150 1583 1206 materia
1625 1148 2068 1214 commiseeatur,
2109 1164 2139 1211 ιι

560 1244 787 1314 proprio
819 1243 1133 1308 discedens,
1168 1242 1263 1299 sed
1294 1256 1511 1312 semper
1552 1241 1734 1298 sciens
1769 1255 1952 1307 suum,
1979 1240 2141 1313 quale

560 1343 708 1391 esset
746 1342 862 1389 tum
895 1350 1019 1390 cum
1067 1336 1122 1390 in
1170 1333 1345 1389 forma
1392 1332 1746 1401 consisteret,
1780 1340 1831 1389 et
1874 1340 1999 1404 post
2026 1331 2141 1389 dis-

559 1428 887 1483 solutionem
934 1441 1000 1482 ex
1032 1425 1207 1497 signis
1246 1439 1370 1496 quae
1407 1426 1463 1480 in
1516 1426 1769 1496 reliquiis
1798 1430 2138 1491 manserunt,

558 1518 707 1573 circa
735 1518 1023 1588 proprium
1037 1532 1146 1573 non
1160 1513 1513 1572 errans.——G.
1535 1512 1650 1585 Ego
1665 1526 1800 1568 vero
1817 1511 2140 1581 approbatis

562 1605 633 1659 iis
663 1617 787 1673 qua:
835 1602 982 1657 dicta
1013 1608 1193 1667 erant,
1250 1609 1311 1655 ut
1360 1599 1633 1672 apposite,
1680 1607 1808 1670 apte
1840 1609 2005 1672 atque
2044 1615 2142 1658 ac-

2238 511 2545 584 συνδρομῆς
2574 511 2684 565 τῶν
2725 512 3001 583 στοιχείων
3043 509 3152 566 άπὸ
3187 513 3287 584 τῆς
3308 508 3492 583 κοινῆς
3524 509 3657 581 ὕλης
3687 510 3823 565 ἀνα-

2237 602 2620 675 τετυπωμένος
2650 604 2731 674 (71
2749 609 2784 669 l,
2816 604 2875 656 ἐν
2932 602 3186 666 ἰδιάζοντι
3216 602 3430 665 πάντως
3458 600 3540 672 τῷ
3576 604 3819 674 σχήματι

2239 694 2439 767 πολλὴν
2484 695 2619 767 πρὸς
2665 685 2726 749 τδ
2777 694 3032 766 ὁμογενὲς
3078 694 3177 767 τὴν
3218 693 3482 765 διαφοράν
3532 690 3694 763 ἔχων.
3743 686 3821 747 Οὔ

2230 773 2574 851 διαλυθέντος
2616 785 2727 858 (72)
2761 785 2913 840 οὐδὲν
2933 780 3096 859 ἦττον
3129 784 3223 841 καὶ
3262 785 3371 839 ἀπὸ
3392 783 3518 838 ,τῶν
3546 782 3819 853 λειψάνων

2238 879 2273 949 ἡ
2297 878 2607 950 κεκτημένη
2642 878 2703 932 τὸ
2733 876 2925 942 σκεῦος
2948 876 3095 948 ψυχὴ
3122 875 3183 931 τὸ
3219 876 3415 930 οἰκεῖον
3439 874 3815 944 ἐπιγινώσκει,

2238 967 2362 1023 οὔτε
2391 970 2450 1023 ἐν
2475 968 2588 1040 (75)
2627 971 2693 1041 τῇ
2722 968 2975 1040 κοινωνίᾳ
3000 966 3106 1022 τῶν
3135 966 3582 1038 συντριμμάτων,
3607 963 3733 1018 οὔτε
3765 965 3816 1018 εἰ

2239 1059 2376 1133 πρὸς
2394 1060 2456 1115 τδ
2487 1060 2894 1133 ἀκατέργαστον
2921 1061 3019 1131 τῆς
3045 1059 3154 1113 τῶν
3177 1059 3452 1130 στοιχείων
3479 1057 3612 1129 ὕλης
3644 1074 3816 1111 κατα-

2241 1152 2483 1224 μιχθείη,
2531 1151 2627 1206 τοῦ
2668 1150 2870 1205 οἰκείου
2908 1150 3269 1223 ἀφισταμένη,
3311 1148 3425 1203 ἀλλ’
3459 1149 3546 1202 ἀεὶ
3589 1149 3816 1201 ἐιιιιστα⁴

2241 1242 2377 1312 μένη
2408 1241 2470 1294 τὸ
2499 1240 2654 1306 ἴδιον,
2682 1235 2792 1296 οἶόν
2815 1258 2876 1294 τε
2909 1237 3178 1304 συνεστὼς
3220 1239 3333 1310 (74)
3370 1240 3430 1293 ἐν
3458 1236 3536 1308 τῷ
3568 1238 3811 1308 σχήματι

2234 1328 2325 1404 ἦν,
2352 1333 2446 1388 καὶ
2481 1333 2619 1404 μετά
2643 1333 2742 1404 τὴν
2765 1332 3004 1387 διάλυσιν
3037 1333 3104 1386 ἐκ
3132 1329 3240 1385 τῶν
3258 1329 3672 1401 άπομεινάντων
3691 1327 3809 1398 (75)

2237 1423 2478 1492 σημείων
2502 1427 2615 1488 τοῖς
2641 1422 2913 1493 λειψάνοις
2946 1422 3007 1477 οὐ
3041 1419 3366 1492 πλανωμένη
3394 1418 3522 1491 περὶ
3563 1416 3624 1471 τὸ
3653 1416 3807 1470 ἴδιον.

2231 1538 2304 1551 -
2321 1509 2383 1563 Γ.
2421 1507 2840 1579 Ἐπιδεξάμενος
2858 1507 2915 1561 δὲ
2932 1507 3002 1561 τά
3032 1507 3301 1579 εἰρημένα
3328 1505 3406 1569 ὡς
3426 1504 3718 1577 προσφυῶς
3747 1520 3811 1557 τε

2232 1602 2327 1657 καὶ
2355 1599 2575 1665 οἰκείως
2608 1600 2744 1672 πρὸς
2765 1598 2857 1654 τὸν
2884 1599 3240 1672 προκείμενον
3268 1597 3558 1671 εὑρεθέντα
3581 1595 3809 1664 σκοπὸν,

556 1694 904 1752 commodata
947 1692 1017 1749 ad
1062 1693 1407 1766 propositum
1458 1704 1841 1764 argumentum
1892 1693 2129 1758 inventa.

2233 1691 2417 1747 Ταῦτα
2442 1690 2542 1763 μὲν
2564 1690 2757 1757 οὕτως,
2788 1686 2963 1757 εἷπον,
2990 1690 3246 1761 λέγεσθαί
3262 1706 3324 1744 τε
3344 1688 3438 1743 καὶ
3458 1686 3811 1741 πιστεύεσθαι

560 1787 685 1845 Haec
718 1788 961 1860 quidem,
1015 1786 1260 1859 inquam,
1314 1786 1421 1843 hoc
1467 1786 1632 1842 modo
1662 1793 1776 1842 tum
1830 1785 1963 1851 dici,
2015 1795 2127 1841 tum

2233 1784 2411 1849 καλῶς
2442 1784 2557 1856 ἔχει
2573 1801 2587 1815 ·
2607 1786 2655 1838 εἰ
2692 1784 2748 1838 δέ
2764 1802 2850 1849 τις
2877 1784 2938 1838 τὸ
2958 1785 3019 1840 ἐν
3038 1783 3118 1855 τῷ
3144 1781 3463 1854 Εὐαγγελίῳ
3475 1779 3570 1835 τοῦ
3593 1780 3809 1852 Κυρίου

556 1879 708 1935 credi
735 1886 944 1936 rectum
970 1874 1026 1935 et
1044 1892 1261 1948 aequum
1291 1885 1396 1942 est,
1422 1875 1518 1932 sed
1538 1876 1586 1932 si
1607 1875 1732 1947 quis
1757 1874 2128 1931 narrationem

2233 1873 2363 1946 περὶ
2389 1872 2499 1929 τῶν
2537 1874 2596 1928 ἐν
2624 1872 2752 1945 ᾅδου
2777 1873 3021 1945 διήγημα
3059 1872 3195 1943 πρὸς
3230 1872 3300 1925 τά
3341 1870 3606 1942 εἰρημένα
3633 1883 3805 1941 προσ-

558 1969 774 2026 Domini
800 1985 948 2039 eam,
984 1984 1107 2041 quae
1137 1974 1224 2026 est
1257 1968 1315 2024 in
1343 1967 1638 2041 Evangelio
1663 1967 1733 2025 de
1765 1967 1836 2024 iis
1877 1967 1972 2038 qui
2002 1974 2129 2024 sunt

2233 1963 2390 2036 φέροι
2425 1962 2560 2034 (76),
2588 1961 2664 2026 ὡς
2696 1963 2756 2017 οὐ
2783 1962 3079 2034 συμϐαῖνον
3100 1964 3214 2025 τοῖς
3239 1959 3625 2030 ἐξητασμένοις
3664 1956 3801 2029 (77),

556 2061 614 2119 in
661 2061 900 2130 inferno,
949 2060 1215 2118 adversus
1260 2075 1325 2118 ea
1366 2075 1490 2131 qua:
1518 2059 1663 2116 dicta
1706 2065 1837 2115 sunt
1866 2058 2129 2130 proferat,

2233 2055 2351 2122 πῶς
2374 2056 2480 2128 χρὴ
2510 2054 3029 2128 παρασκευάσασθαι
3060 2052 3199 2127 πρὸς
3224 2055 3325 2125 τὴν
3359 2051 3688 2124 ἀπόκρωινς

560 2154 718 2226 quasi
762 2169 873 2211 non
927 2161 1321 2226 congruentem
1365 2163 1420 2211 et
1462 2153 1877 2210 convenientem
1941 2168 2064 2209 cum
2110 2153 2179 2210 iis
2240 2167 2361 2225 qua:
2406 2150 2714 2208 examinata
2755 2158 2920 2222 atque
2973 2164 3242 2222 perpensa
3288 2156 3438 2215 sunt,
3498 2163 3608 2218 quo
3644 2152 3807 2217 pacto

553 2257 861 2316 praeparare
892 2258 996 2300 nos
1018 2243 1087 2298 ad
1121 2242 1535 2313 responsionem
1561 2243 1815 2313 oportet?

627 2330 696 2386 Μ.
722 2330 793 2386 At
815 2330 925 2397 illa,
953 2331 1035 2387 Ad
1061 2345 1263 2402 corpus
1283 2329 1507 2402 quidem
1529 2329 2018 2397 accommodatius,
2041 2327 2129 2385 in-

550 2418 694 2488 quit,
743 2432 926 2473 sermo
979 2417 1355 2474 narrationem
1408 2418 1658 2489 exponit,
1706 2417 1910 2474 multas
1948 2426 2134 2475 tamen

551 2508 818 2582 inspergit
859 2510 1121 2565 materias
1163 2516 1219 2566 et
1252 2525 1474 2576 causas,
1506 2525 1605 2581 per
1650 2526 1790 2583 quas
1827 2511 1897 2566 ad
1951 2510 2134 2567 subtio

552 2600 741 2657 liorem
806 2601 1232 2672 speculationem
1305 2601 1540 2666 invitat,
1600 2601 1649 2659 si
1703 2602 1828 2673 quis
1876 2610 2132 2658 accurate

550 2693 932 2764 exquisiteque
962 2706 1081 2748 rem
1111 2691 1462 2749 intellexerit.
1493 2691 1628 2747 Nam
1654 2694 1749 2763 qui
1781 2693 1931 2748 hiatu
1974 2701 2130 2748 vasto

550 2782 753 2837 malum
788 2795 819 2833 a
844 2781 988 2835 bono
1018 2779 1234 2836 dirimit
1270 2787 1436 2850 atque
1466 2779 1744 2846 discludit,
1778 2780 1871 2850 qui
1915 2789 2126 2852 guttam

551 2872 793 2943 aliquam
837 2887 961 2943 qua:
990 2887 1089 2943 per
1130 2871 1358 2943 digitum
1396 2870 1772 2935 admoveatur,
1805 2871 2127 2928 desideran-

546 2968 660 3018 tem
711 2960 842 3017 l’ecit
888 2976 1012 3018 eum
1091 2961 1186 3033 qui
1238 2960 1611 3026 cruciabatur,
1662 2961 1757 3032 qui
1804 2962 2129 3031 patriarchae

549 3054 733 3110 sinum
765 3053 818 3109 ei
871 3053 964 3123 qui
1000 3066 1094 3123 per
1121 3052 1263 3107 hanc
1289 3050 1457 3104 vitam
1486 3049 1651 3105 malis
1680 3059 1735 3107 et
1763 3050 2126 3108 incommodis

548 3153 778 3204 vexatus
827 3144 1030 3209 fuerat,
1085 3144 1155 3200 ad
1203 3143 1441 3215 quietem
1486 3145 1813 3216 proposuit,
1859 3146 1954 3216 qui
1995 3145 2125 3201 item

2299 2330 2378 2386 Μ.
2395 2326 2906 2403 Ἢδιδάσκαλος(78)
2918 2329 2994 2395 δὲ,
3013 2331 3375 2404 Σωματικὼτε
3382 2348 3474 2404 ρον
3482 2330 3601 2401 μὲν,
3618 2324 3804 2396 φησὶν,

2237 2416 2266 2469 ὁ
2287 2416 2445 2486 λόγος
2469 2415 2743 2471 ἐκτίθεται
2768 2416 2828 2471 τὸ
2847 2417 3110 2488 διήγημα,
3141 2416 3339 2480 πολλὰς
3357 2417 3415 2470 δὲ
3442 2415 3805 2487 κατασπείρει

2233 2508 2330 2573 τὰς
2363 2507 2636 2580 ἀφορμὰς,
2684 2508 2752 2562 δι’
2782 2501 2857 2564 ὧν
2885 2511 2964 2572 εἰς
3009 2508 3338 2581 λεπτοτέραν
3376 2509 3607 2583 θεωρίαν
3635 2510 3805 2564 ἐκκααι

2234 2598 2407 2652 λείται
2450 2600 2541 2655 τὸν
2586 2600 2876 2672 ἐξεταστὴν
2916 2601 3027 2673 (79)
3082 2602 3359 2658 ἐπαΐοντα.
3428 2604 3488 2657 ’0
3536 2602 3646 2675 γάρ
3701 2603 3805 2674 χά-

2236 2707 2402 2761 σματι
2433 2691 2543 2763 (80)
2573 2693 2792 2764 μεγάλῳ
2816 2692 3066 2764 διείργων
3087 2693 3147 2748 τὸ
3174 2695 3344 2749 κακὸν
3379 2695 3446 2749 ἐκ
3483 2693 3578 2748 τοῦ
3618 2694 3802 2767 κρείτ-

2232 2796 2402 2846 τονος,
2433 2783 2690 2851 σταγόνος
2730 2785 2790 2839 τέ
2816 2801 2957 2849 τινος
2987 2785 3235 2858 δακτύλῳ
3278 2786 3391 2857 (81)
3437 2787 3806 2859 κομιζομένης

2235 2874 2424 2929 ἐπιδεᾶ
2476 2877 2708 2948 ποιήσας
2745 2876 2837 2930 τὸν
2882 2876 3249 2948 ὀδυνώμενον’,
3302 2878 3397 2933 καὶ
3466 2879 3803 2950 πατριάρχου

2233 2967 2431 3022 κόλπον
2453 2967 2530 3038 τῷ
2553 2967 2639 3021 διὰ
2665 2967 2762 3038 τῆς
2784 2967 2927 3039 ζωῆς
2952 2968 3154 3040 ταύτης
3184 2969 3557 3041 κεκακωμένῳ
3582 2970 3802 3035 ὑποθεὶς

2234 3059 2538 3114 ἀνάπαυσιν
2568 3058 2680 3131 (82)
2701 3100 2719 3126 ,
2752 3060 2858 3130 πρὸ
2888 3060 3093 3114 τούτων
3116 3060 3175 3114 δὲ
3207 3062 3300 3115 καὶ
3328 3060 3390 3116 τὸ
3424 3061 3677 3117 τεθνᾶναι
3704 3062 3805 3116 αὑ-

2234 3152 2399 3225 τοὺς,
2425 3152 2520 3204 καὶ
2567 3153 2712 3223 ταφῇ
2750 3151 2970 3223 δοθῆναι
3012 3151 3430 3224 διηγησάμενος,
3489 3153 3551 3206 οὐ
3591 3154 3803 3227 μικρῶς

511 3237 708 3293 ‘antea
760 3244 1008 3293 mortuos
1062 3250 1158 3292 eos
1230 3249 1295 3291 ac
1344 3236 1640 3306 sepulturae
1690 3236 1924 3293 traditos
1965 3250 2129 3306 expo-

2233 3223 2490 3313 άφίστησι
2535 3242 2636 3312 τῆς
2664 3221 2803 3296 κατὰ
2832 3221 3120 3314 πρόχειρον
3159 3221 3271 3316 (85)
3309 3243 3545 3310 διανοίας
3584 3221 3803 3320 τὸν-μὴ

546 3331 682 3397 suit,
718 3346 829 3386 non
879 3345 1073 3400 parum
1106 3338 1301 3386 avocat
1344 3337 1401 3385 et
1449 3328 1674 3385 abducit
1703 3328 1772 3384 ab
1812 3343 1877 3384 ea
1911 3334 2131 3384 senten-

541 3423 628 3478 ‘tia
667 3437 791 3492 qua:
819 3422 877 3477 in
920 3428 1183 3492 promptu
1227 3428 1312 3477 est
1356 3435 1481 3477 eum
1544 3420 1639 3491 qui
1693 3420 1841 3476 haud
1884 3418 2048 3475 stulte
2077 3426 2133 3475 et

542 3515 822 3586 imperite,
873 3513 970 3569 sed
1006 3512 1385 3584 intelligcnter
1433 3511 1599 3567 verba
1643 3519 1928 3582 sequatur.
1978 3508 2129 3577 Quos

555 3609 704 3664 enim
737 3608 931 3667 oculos
961 3607 1159 3664 attollit
1201 3608 1255 3662 in
1286 3605 1506 3663 inferno
1534 3606 1690 3663 dives
1735 3606 1849 3671 ille,
1880 3606 1972 3677 qui
2006 3620 2130 3662 car-

549 3712 685 3753 neos
735 3699 929 3754 oculos
986 3697 1043 3753 in
1092 3696 1349 3768 sepulcro
1407 3697 1740 3768 reliquerat?
1789 3696 1911 3763 Quo
1967 3704 2127 3767 pacto

548 3788 679 3844 item
727 3786 999 3843 ﬂammam
1059 3790 1226 3844 sentit
1284 3787 1340 3843 id
1385 3789 1531 3860 quod
1577 3789 1959 3859 incorporeum
2007 3788 2130 3844 est?

544 3881 724 3949 Quam
762 3896 892 3937 vero
923 3882 1165 3953 linguam
1212 3879 1524 3952 refrigerari
1560 3897 1656 3953 per
1688 3889 1897 3955 guttam
1940 3881 2129 3953 cupie-

547 3973 662 4039 hat,
696 3985 823 4027 cum
856 3972 905 4027 ei
955 3985 1154 4027 carnea
1184 3971 1373 4043 lingua
1423 3987 1536 4028 non
1574 3971 1830 4029 adesset?
1859 3972 1984 4043 quis
2024 3987 2126 4029 au-

542 4072 657 4121 tem
710 4064 801 4119 ille
848 4062 1077 4134 digitus,
1138 4065 1233 4136 qui
1282 4063 1564 4135 praeferret
1605 4065 1654 4121 ei
1709 4066 1956 4137 guttam?
2005 4064 2126 4138 Ipse

547 4157 676 4212 item
729 4156 886 4213 sinus
940 4156 1225 4227 requietis,
1275 4156 1443 4228 quis?
1513 4155 1652 4213 Cum
1705 4157 1848 4213 enim
1891 4172 2124 4229 corpora

544 4255 728 4323 essent
768 4248 823 4303 in
851 4248 1144 4319 sepulcris,
1191 4247 1374 4303 anima
1417 4263 1547 4305 vero
1583 4264 1760 4321 neque
1798 4250 1852 4305 in
1895 4265 2125 4322 corpore

543 4348 713 4407 esset,
754 4355 933 4412 neque
960 4355 1025 4396 ex
1053 4340 1305 4411 partibus
1355 4349 1654 4407 constaret,
1702 4340 1921 4398 diiiicile
1960 4341 2124 4398 fuerit

545 4431 878 4488 narrationis
924 4440 1285 4498 structuram,
1340 4441 1504 4502 prout
1544 4432 1796 4502 protinus
1836 4446 1902 4488 ac
1943 4433 2121 4503 prima

536 4523 730 4580 fronte
795 4523 1156 4593 intelligitur,
1218 4523 1286 4577 ad
1338 4524 1620 4578 veritatem
1667 4514 2117 4593 accommodare,
2151 4557 2196 4615 Β

540 4618 653 4673 nisi
678 4618 804 4689 quis
855 4615 1170 4687 singulatim
1200 4630 1432 4687 quaeque
1457 4615 1622 4670 verba
1656 4630 1689 4669 a
1736 4629 1968 4687 corpore
1999 4626 2115 4671 tra-

542 4709 710 4765 ducat
732 4709 799 4764 ad
834 4722 953 4763 eam
976 4721 1098 4778 qua:
1123 4714 1306 4762 mente
1331 4706 1631 4777 percipitur
1656 4708 2113 4779 speculationem,

536 4814 603 4858 ut
638 4804 842 4867 hiatus,
888 4802 982 4874 qui
1014 4802 1221 4857 dirimit
1257 4807 1421 4872 atque
1450 4800 1715 4874 disjungit
1767 4802 2114 4858 communio-

616 4981 735 5105 (711)
765 4978 1336 5105 ξέιὶιέξῗιξυπωμένος.
1373 4979 1420 5034 Δ
1446 4979 1500 5034 in
1530 4980 1775 5054 margine
1798 4981 2113 5053 τετυπωμέ-

538 5059 735 5205 νοῇἳῗ
756 5059 1163 5205 Ᾱῗρῖιζθὲξτος.
1212 5120 1260 5174 Α
1292 5119 1349 5174 in
1390 5126 1539 5175 textu
1563 5118 2006 5190 διαγνωσθέντος,
2054 5122 2109 5176 in

456 5256 463 5261 ,
536 5191 661 5249 mar
699 5191 787 5249 ine
822 5191 1180 5254 διαλυθέντος.

610 5209 724 5336 (7g)
755 5263 901 5318 Οὔτε
925 5260 1094 5336 εὶ.Βί
1126 5259 1272 5336 delet
1292 5258 1354 5315 Β.

635 5329 722 5403 74)
748 5332 1082 5403 Συνεστώς.
1126 5329 1169 5384 Β
1196 5330 1448 5403 συνετῶς.

634 5401 721 5475 Ἱέξ)
766 5402 1256 5475 ἈπομείνάιοςωἈ
1300 5401 1343 5454 Α
1365 5401 1864 5475 ἐναπομεινάντων.

611 5407 699 5472 (75
766 5407 1256 5473 Ἀπομεινάιιτων.
1300 5407 1343 5454 Α
1370 5407 1484 5457 sva:

611 5407 723 5543 (76;
752 5474 1107 5543 Προσφέροι.
1133 5471 1173 5524 Β
1202 5473 1484 5543 προφέρει.

606 5540 720 5625 (77)
760 5540 1257 5625 Ἑέηταὸ-μξνοιςί
1278 5543 1326 5594 Δ
1357 5540 1412 5597 in
1442 5552 1590 5599 textu
1619 5543 2011 5616 ἐξισταμένοις,
2050 5540 2104 5594 in

537 5612 784 5682 margine
817 5612 1221 5682 ἐξητασμένοις.

607 5629 784 5738 lrgtne
817 5629 1221 5682 εςητασμενοις.

607 5680 662 5748 (7
701 5683 718 5739 l
762 5681 823 5743 Ἡ
846 5681 1231 5746 διδάσκαλος.
1262 5679 1303 5733 Α
1329 5678 1370 5733 Β
1402 5681 1604 5741 delent.

2230 3332 2505 3397 ἀσυνέτως
2538 3332 2648 3403 (84)
2691 3336 2801 3397 τοῖς
2824 3334 3138 3406 λεγομένοις
3164 3334 3449 3406 ἑπόμενον.
3479 3337 3668 3401 Ποίους
3691 3339 3804 3411 γάρ

2229 3423 2543 3495 ὀφθαλμοὺς
2570 3424 2784 3497 ἐπαίρει
2810 3427 2869 3480 ἐν
2902 3426 2980 3498 τῷ
3023 3427 3126 3501 ᾅδῃ
3163 3430 3194 3482 ὁ
3230 3428 3503 3495 πλούσιος,
3540 3430 3667 3494 τοὺς
3701 3432 3802 3501 τῆς

2231 3512 2433 3585 σαρκὸς
2498 3513 2717 3583 ἐναφείς
2764 3513 2876 3586 (85)
2928 3514 3007 3587 τῷ
3072 3516 3263 3588 τάφῳ;
3320 3516 3445 3582 Πῶς
3490 3517 3549 3571 δέ
3607 3517 3802 3588 φλογὸς

2228 3603 2492 3675 ᾐσθάνετο
2527 3605 2638 3677 (86)
2664 3605 2725 3658 τὸ
2745 3605 3035 3677 ἀσώματον
3059 3625 3074 3676 ;
3101 3608 3268 3662 Ποίαν
3291 3608 3350 3663 δὲ
3373 3609 3803 3679 γλῶσσανκατα-

2227 3695 2498 3768 ψυχθῆναι
2540 3695 2629 3751 διὰ
2670 3697 2772 3768 τῆς
2801 3698 3058 3767 σταγόνος
3098 3700 3372 3771 ἐπιθυμεῖ,
3410 3701 3511 3773 τῆς
3538 3702 3799 3772 σαρκίνης

2228 3790 2377 3863 αὐτῷ
2411 3792 2485 3864 μὴ
2516 3794 2827 3865 παρούσης;
2875 3794 2973 3858 Τίς
3015 3793 3072 3847 δέ
3111 3791 3140 3844 ὁ
3170 3792 3496 3864 διακομίζων
3524 3792 3669 3861 αὐτῷ
3700 3793 3799 3863 τὴν

2229 3883 2417 3956 ῥανίδα
2437 3884 2695 3950 δάκτυλος
2717 3903 2731 3952 ;
2749 3887 2920 3949 Αὐτὸς
2943 3886 3000 3940 δὲ
3023 3887 3052 3938 ὁ
3073 3885 3270 3951 κόλπος
3285 3886 3385 3957 τῆς
3412 3883 3791 3946 ἀναπαύσεως,

2225 3976 2345 4045 τίς;
2400 3977 2523 4032 Τῶν
2570 3976 2679 4049 γάρ
2716 3979 2981 4050 σωμάτων
3027 3983 3084 4036 ἐν
3127 3981 3321 4048 τάφοις
3357 3978 3547 4043 ὄντων.
3591 3977 3690 4048 τῆς
3737 3976 3796 4029 δὲ

2224 4066 2402 4138 ψυχῆς
2432 4067 2554 4123 οὔτε
2585 4071 2642 4124 ἐν
2682 4071 2892 4142 σώματι
2932 4070 3125 4142 οὔσης,
3177 4071 3299 4125 οὔτε
3350 4073 3416 4124 ἐκ
3446 4070 3628 4142 μερῶν
3665 4086 3797 4122 συν-

2225 4161 2489 4234 εστώσης,
2505 4161 2708 4234 ἄπορον
2731 4163 2796 4218 ἂν
2818 4164 2904 4235 είη
2929 4165 3025 4235 τὴν
3040 4163 3129 4217 τοῦ
3146 4163 3479 4234 διηγήματος
3499 4161 3794 4232 διασκευὴν

2223 4254 2363 4311 κατὰ
2388 4254 2449 4307 τὸ
2469 4256 2772 4327 προχείρως
2803 4256 3089 4326 νοούμενον
3118 4254 3419 4326 ἐφαρμόσαι
3443 4256 3507 4325 τῇ
3541 4252 3792 4326 ἀληθείᾳ,

2223 4347 2273 4399 εἰ
2303 4346 2377 4417 μή
2408 4362 2494 4410 τις
2533 4346 2810 4420 μεταλάϐῃ
2842 4347 2954 4419 (87)
2984 4347 3052 4401 τὰ
3078 4345 3198 4400 καθ’
3228 4345 3456 4398 ἕκαστον
3481 4344 3560 4408 εἰς
3597 4348 3793 4416 νοητὴν

2223 4435 2452 4510 θεωρίαν
2476 4454 2490 4468 ·
2531 4435 2671 4492 ὥστε
2701 4439 2886 4509 χάσμα
2919 4437 2980 4491 τὸ
3020 4437 3252 4507 διεῖργον
3280 4434 3388 4489 τῶν
3421 4435 3668 4507 ἀμίκτων
3695 4437 3793 4508 τὴν

2226 4526 2530 4591 κοινωνίαν,
2556 4525 2630 4597 μὴ
2646 4525 2750 4594 γῆς
2761 4525 3041 4578 διάστασιν
3056 4523 3168 4593 (68)
3186 4514 3411 4577 οἴεσθαν
3432 4523 3511 4594 τῷ
3528 4524 3636 4597 γάρ
3655 4525 3797 4579 άσω·

2229 4618 2383 4688 μάτῳ
2416 4617 2510 4670 καί
2536 4615 2726 4688 νοερῷ,
2752 4614 2835 4678 τίς
2864 4614 3027 4679 πόνος
3054 4614 3345 4685 διαπτῆναι
3375 4618 3438 4668 τδ
3464 4616 3671 4687 χάσμα,
3698 4617 3793 4671 κ..ιί

2226 4709 2275 4761 εἰ
2320 4690 2582 4778 μήκιστον
2606 4702 2709 4778 ἦνς
2748 4705 2891 4759 Διότι
2922 4705 2984 4759 τὸ
3015 4706 3198 4777 νοερὸν
3238 4707 3306 4775 τῇ
3336 4705 3517 4774 φύσει,
3553 4707 3610 4759 ἐν
3640 4701 3791 4777 ᾧπερ

2226 4800 2294 4853 ἂν
2326 4800 2485 4871 ἐθέλῃ
2506 4797 2748 4868 άχρόνως
2772 4795 2998 4864 γίνεται.
3032 4826 3101 4836 -
3127 4796 3187 4849 Γ.
3215 4794 3282 4847 Τί
3303 4789 3395 4848 οὖν
3412 4794 3479 4848 ἂν
3505 4795 3789 4867 είη,φημ“ι,

2287 4974 2400 5044 (79)
2447 4973 2829 5043 Ἐξεταστήν.
2855 4974 2898 5029 Α
2922 4972 2963 5027 Β
2987 4972 3368 5040 ἐξεταστικῶς.

2251 5038 2400 5168 ά(80)
2434 5038 2722 5115 Χάσματι.
2753 5038 2820 5097 VA
2867 5045 2921 5099 in
2973 5038 3124 5100 leitu
3151 5048 3409 5118 σχήματι,
3457 5040 3513 5096 in
3544 5038 3789 5111 margine

2289 5130 2475 5168 σιεατι.

2289 5130 2475 5168 σιεατι.

2213 5130 2475 5238 χασέιατι.

2286 5184 2331 5256 (ᾗ
2348 5185 2399 5256 ξ)
2428 5185 2730 5256 Δακτύλφ.
2757 5185 2803 5239 Δ
2841 5183 2894 5256 Β
2914 5183 3003 5256 6t}
3029 5182 3316 5256 δακτύλου.

2285 5253 2397 5326 (82)
2439 5254 2830 5309 Ἀνὰπαυσιν.
2870 5255 2916 5326 ᾼ
2953 5253 2997 5307 Β
3030 5258 3113 5326 είς
3142 5254 3471 5326 ἀνάπαυσιν.

2283 5324 2397 5396 (85)
2428 5326 2774 5395 Πρόχειρον.
2804 5327 2851 5378 Α
2881 5325 2925 5396 Β
2948 5324 3175 5396 praeﬁgit
3206 5324 3287 5379 τό.

2284 5393 2398 5463 (84)
2442 5393 2786 5460 Ἁσῠνέτως.
2816 5395 2858 5447 Α
2894 5393 2935 5446 Β
2964 5394 3225 5459 συνετῶς.

2284 5465 2399 5534 (85)
2435 5466 2730 5533 Ἐναερείς.
2762 5463 2819 5534 Β)
2832 5465 3009 5531 ἀφείς.

2279 5532 2393 5605 (86)
2435 5532 2768 5605 ᾙσθάνετο.
2875 5534 3285 5591 ἐπαισθάνεται.

2279 5601 2389 5672 (87)
2423 5601 2765 5670 Μετηλάϐῃ.
2799 5601 2839 5655 Α
2876 5606 3188 5672 μεταλάϐοι.

2285 5672 2398 5745 (88)
2427 5674 2774 5726 Διάστασιν.
2811 5673 2853 5726 Α
2887 5676 2940 5728 in
2974 5678 3217 5747 margine
3247 5677 3537 5749 διάστημα.
