3990 6202
263 328 328 386 8i
1341 316 1430 371 DE
1458 313 1676 371 ANIMA
1708 311 1797 369 ET
1839 311 2444 370 RESURRECTIONE.
3465 320 3551 377 8%.

262 454 326 505 τὸ
355 449 491 520 πῦρ,
531 447 564 516 ἢ
593 445 654 498 τὸ
679 444 890 515 χάσμα,
923 439 954 510 ἢ
981 439 1050 492 τὰ
1086 439 1251 491 λοιπά
1295 436 1405 490 τῶν
1444 437 1770 507 εἰρημένων,
1803 434 1838 506 ἢ

1961 444 2083 485 nem
2117 445 2328 496 eorum,
2368 433 2510 486 inter
2535 444 2677 502 quos
2709 429 2859 486 nulla
2897 431 3138 489 societas
3186 433 3534 492 intercedere

269 542 350 613 μὴ
381 539 492 608 (89)
519 538 554 592 δι
580 537 796 604 λέγεται
827 534 938 604 (90)
958 551 974 595 ;
991 564 1068 600 ,—
1097 533 1173 584 Μ.
1210 528 1364 599 Ἐμοὶ
1388 529 1554 591 δοκεῖ,
1583 527 1735 595 φησὶ,
1753 525 1842 578 δό-

266 633 454 704 γματα
475 647 592 683 τινα
624 627 754 697 περὶ
777 624 884 678 τῶν
907 623 1048 676 κατά
1066 620 1243 692 ψυχὴν
1274 619 1383 688 (91)
1412 617 1757 688 ζητουμένων
1776 615 1842 668 δι’

267 725 497 778 ἑκάστου
527 719 736 773 τούτων
768 715 1163 785 ὑποσημαίνειν
1192 712 1252 764 τὸ
1282 711 1629 778 Εὐαγγέλιον.
1655 709 1842 778 “post.

266 803 384 857 πὼν
411 803 519 870 (99)
551 801 662 873 γὰρ
705 800 841 873 πρὸς
888 799 982 852 τὸν
1031 797 1282 852 πλούσιον
1306 800 1334 850 ό
1364 797 1729 868 πατριάρχης,
1774 797 1856 850 ὅτι

277 895 540 964 ’Λπέσχες
574 893 655 964 τῷ
692 893 782 946 διὰ.
812 892 1017 962 σαρκὸς
1054 891 1154 961 βίῳ
1199 890 1307 943 τῶν
1351 889 1573 957 ἀγαθῶν
1605 889 1702 960 τὴν
1738 891 1853 959 μοῖ-

268 1004 386 1057 ραν,
418 988 512 1040 καὶ
548 987 677 1057 περὶ
719 983 814 1037 τοῦ
851 981 1069 1053 πτωχοῦ
1111 981 1171 1034 τὸ
1212 978 1328 1034 ἴσον
1368 979 1567 1044 εἰπὼν,
1608 981 1690 1033 ὅτι
1741 980 1853 1034 Καὶ

264 1076 417 1142 οὗτος
447 1079 730 1149 ἀπέπλησε
767 1077 916 1148 παρά
937 1077 1029 1129 τὸν
1053 1075 1164 1146 βίον
1193 1074 1294 1144 τῆς
1322 1074 1429 1126 τῶν
1454 1073 1637 1127 κακῶν
1663 1090 1855 1143 μετου-

267 1169 388 1232 σίας
409 1168 752 1239 λειτουργίας
777 1167 888 1237 (95)
915 1184 928 1196 ο
965 1161 1065 1218 εἷθ’
1097 1165 1269 1226 οὕτως
1296 1163 1594 1233 ἐπαγαγὼν
1615 1164 1742 1234 περὶ
1760 1161 1853 1216 τοῦ

265 1263 567 1333 χάσματος,
593 1260 670 1324 ὠς
699 1260 794 1312 ἀπ’
823 1258 934 1328 (94)
970 1257 1216 1329 ἀλλήλων
1249 1255 1683 1326 διατειχίζονται,
1716 1254 1859 1324 μέγα

264 1371 318 1408 τι
353 1354 464 1422 (95)
490 1353 577 1408 διὰ
608 1352 721 1424 (96)
753 1352 958 1406 τούτων
986 1349 1160 1403 ἔοικεν
1195 1349 1562 1403 ὑποδεικνύειν
1589 1347 1666 1417 τῷ
1693 1347 1856 1414 λόγω.

1959 531 2156 591 potest,
2191 537 2300 576 non
2328 531 2489 578 terrae
2512 523 2752 593 spatium
2784 532 2838 579 et
2875 527 3223 581 intervallum
3254 527 3537 585 existime-

1957 622 2080 678 tur;
2123 629 2246 667 nam
2276 614 2406 684 quid
2446 615 2650 684 negotii
2690 614 2857 671 fuerit
2885 618 2935 673 ci
2973 617 3121 688 quod
3149 618 3543 690 incorporeum.

1954 713 2008 759 ct
2052 706 2170 760 sola
2212 713 2396 762 mente
2426 707 2716 776 praeditum
2764 715 2876 775 est,
2921 711 3258 764 transvolare
3301 709 3534 772 hiatum,

1959 801 2177 854 etiamsi
2209 799 2555 853 vaStissimus
2579 798 2671 860 sit,
2706 796 2907 866 quippe
2931 812 3053 850 cum
3084 798 3136 851 id
3167 799 3309 867 quod
3340 809 3536 854 natura

1960 891 2066 944 tale
2087 898 2192 955 est,
2227 897 2288 943 ut
2307 899 2489 944 mente
2510 887 2626 942 sola
2648 894 2884 952 constet,
2915 887 3232 959 ubicunque
3263 904 3387 945 esse
3409 892 3542 946 velit.

1958 984 2108 1038 nullo
2136 980 2400 1052 temporis
2433 979 2810 1036 intercedente
2833 982 3032 1051 spatio,
3067 980 3158 1034 illo
3182 991 3427 1051 penetret
3449 991 3536 1035 at-

1957 1092 2063 1146 que
2097 1075 2290 1131 evadat
2308 1073 2331 1126 ?
2349 1103 2420 1113 —
2442 1070 2504 1127 G.
2535 1070 2678 1137 Quid
2702 1071 2869 1142 igitur
2889 1072 3076 1136 fuerit,
3103 1072 3347 1142 inquam,
3371 1073 3531 1142 ignis,

1957 1169 2040 1222 vel
2071 1167 2272 1230 hiatus,
2317 1165 2401 1220 vel
2429 1171 2624 1219 caetera
2653 1179 2774 1234 quae
2796 1164 2942 1219 dicta
2987 1171 3138 1229 sunt,
3187 1164 3231 1220 si
3263 1180 3370 1219 non
3406 1173 3532 1220 sunt

1954 1276 2018 1317 ea
2075 1275 2198 1330 qua:
2246 1259 2543 1314 dicantur?
2578 1289 2650 1298 —-
2700 1258 2770 1312 M.
2823 1258 2949 1312 Mihi
3000 1258 3259 1329 quidem,
3325 1260 3536 1328 inquit,

1956 1361 2138 1408 certas
2171 1352 2508 1422 stabilesque
2539 1350 2804 1423 quasdam
2836 1351 3142 1407 sententias
3171 1352 3239 1405 de
3274 1352 3341 1407 iis
3371 1352 3538 1406 rebus

266 1467 390 1520 qua:
435 1453 584 1505 circa
623 1453 862 1503 animam
893 1452 1242 1516 quaeruntur,
1281 1460 1382 1513 per
1423 1440 1858 1511 unumquodque
1939 1438 2137 1492 horum
2190 1436 2544 1506 Evangelium
2613 1435 2920 1506 significare
2961 1434 3189 1491 videtur.
3221 1432 3356 1490 Cum
3394 1435 3545 1491 enim

267 1549 344 1604 ita
381 1549 448 1602 ad
476 1547 699 1602 divitem
735 1543 1049 1616 patriarcha
1089 1549 1217 1597 ante
1247 1542 1483 1598 dixisset
1514 1559 1527 1593 :
1575 1537 1853 1608 Recepisti
1896 1536 1949 1590 in
1983 1535 2115 1599 vita,
2151 1548 2315 1603 quam
2351 1533 2406 1586 in
2440 1547 2608 1587 carne
2645 1533 2985 1603 transegisti,
3060 1532 3369 1602 portionem
3446 1531 3543 1588 bo-

269 1662 490 1710 norum,
529 1654 695 1715 atque
739 1643 929 1698 eodem
982 1642 1146 1696 modo
1183 1640 1251 1695 de
1292 1639 1547 1695 mendico
1576 1636 1849 1692 dixisset:
1929 1632 1994 1686 Et
2029 1632 2118 1687 hic
2174 1631 2228 1686 in
2261 1631 2368 1684 vita
2411 1629 2683 1684 malorum
2722 1638 2777 1684 et
2808 1629 3282 1684 incommodorum
3319 1628 3543 1699 partici-

267 1739 509 1810 pationis
541 1752 770 1792 munere
790 1736 1008 1790 functus
1039 1743 1160 1797 est;
1197 1740 1250 1788 et
1296 1732 1378 1787 sic
1411 1732 1672 1800 deinceps
1701 1727 2030 1798 subiecisset
2056 1725 2122 1780 de
2153 1724 2329 1788 hiatu,
2372 1737 2483 1793 quo
2519 1722 2677 1777 alteri
2745 1721 2813 1776 ab
2856 1721 3044 1776 alteris
3075 1719 3540 1810 discluderentur.

266 1809 527 1901 magnam
546 1826 832 1900 quamdam
862 1825 1195 1892 doctrinam,
1247 1831 1564 1893 certamque
1593 1835 1658 1876 ac
1697 1817 1949 1876 stabilem
1999 1813 2327 1872 sententiam
2351 1827 2449 1883 per
2481 1813 2596 1868 haec
2660 1809 2826 1867 verba
2895 1811 3169 1867 orationis
3232 1809 3552 1883 significare

268 1925 516 1980 videtur.

343 2087 418 2140 Τὸ
461 2086 521 2140 δὲ
563 2085 760 2155 δόγμα,
794 2084 939 2139 κατά
982 2099 1046 2153 γε
1091 2082 1182 2136 τὸν
1232 2080 1365 2152 ἐμὸν
1406 2080 1585 2150 λόγον,
1618 2079 1860 2135 τοιοῦτόν

264 2183 408 2236 ἐστι’
433 2178 717 2240 Μονοειδὲς
744 2176 858 2247 (97)
888 2172 958 2247 ἦν
998 2178 1032 2247 ὴ
1079 2175 1188 2228 τῶν
1223 2173 1336 2245 (98)
1371 2171 1676 2245 ἀνθρώπων
1711 2171 1852 2244 ζωὴ,

267 2270 540 2343 μονοειδὲς
578 2269 637 2322 δὲ
697 2267 810 2337 (99)
862 2267 1007 2336 λέγω
1055 2266 1153 2336 τὴν
1200 2268 1258 2319 ἐν
1317 2265 1462 2336 μόνῳ
1527 2264 1606 2334 τῷ
1670 2263 1859 2332 ἀγαθῷ

263 2363 553 2435 ὁρωμένην
571 2360 782 2430 (ί),·›ια)⁸
814 2358 951 2430 πρὸς
973 2359 1034 2411 τὸ
1073 2357 1242 2411 κακὸν
1265 2358 1641 2435 ἀνεπίμικτον.
1668 2356 1772 2409 Τὸν
1800 2356 1857 2408 δὲ

265 2455 510 2509 τοιοῦτον
543 2453 701 2524 λόγον
748 2453 778 2505 ὁ
822 2451 1038 2522 πρῶτος
1089 2450 1185 2503 τοῦ
1227 2449 1364 2504 Θεοῦ
1427 2450 1590 2520 νόμος
1657 2465 1861 2520 μαρτυ-

270 2549 445 2618 ρεῖται
475 2545 576 2615 (9.),
636 2545 665 2597 ό
691 2543 784 2597 τοῦ
829 2543 1028 2605 παντὸς
1071 2543 1170 2613 μὲν
1209 2542 1334 2605 δοὺς
1365 2541 1473 2594 τῶν
1503 2544 1561 2595 ὲν
1580 2541 1658 2611 τῷ
1683 2558 1861 2613 παρα-

265 2639 433 2708 δείσῳ
466 2636 646 2691 καλῶν
692 2636 924 2705 ἄφθονον
976 2634 1053 2706 τῷ
1103 2633 1374 2706 ἀνθρώπῳ
1418 2637 1516 2705 τὴν
1548 2634 1855 2706 μετουσίαν,

265 2725 551 2796 ἀπείργων
577 2724 636 2778 δὲ
673 2725 835 2794 μόνου
869 2724 1077 2778 ἐκείνου
1205 2724 1512 2795 σύμμικτος
1537 2720 1605 2796 ἦν
1647 2725 1713 2778 ὲκ
1751 2724 1860 2778 τῶν

266 2816 526 2869 ἐναντίων
562 2818 596 2886 ἡ
628 2816 814 2884 φύσις,
848 2815 942 2869 τοῦ
977 2815 1148 2870 κακοῦ
1183 2816 1318 2887 πρὸς
1359 2817 1421 2870 τὸ
1467 2816 1630 2870 καλὸν
1664 2834 1861 2885 συγκε-

269 2907 568 2977 κραμένου,
620 2905 850 2960 θάνατον
899 2907 1106 2971 ἐπιθεὶς
1154 2907 1233 2977 τῷ
1276 2909 1724 2979 παρανομήσαντι
1761 2909 1862 2978 τὴν

269 2999 496 3069 ζημίαν.
547 3000 684 3052 Ἀλλ’
722 2999 983 3062 ἑκουσίως
1016 3000 1045 3052 ὁ
1089 3000 1376 3069 ἄνθρωπος
1409 3001 1467 3053 ὲν
1499 2999 1578 3070 τῷ
1610 2999 1862 3065 αὐτεξου-

268 3091 371 3161 σίῳ
421 3091 682 3162 κινήματι
730 3090 1043 3145 καταλιπὼν
1092 3091 1192 3161 τὴν
1240 3093 1413 3162 ἀμιγῆ
1469 3091 1564 3144 τοῦ
1612 3091 1858 3163 χείρονος

269 3184 503 3253 μοῖραν,
533 3183 632 3253 τὴν
682 3184 746 3235 ὲκ
793 3182 902 3237 τῶν
950 3184 1207 3238 ἐναντίων
1252 3185 1554 3254 σύγκρατον
1588 3185 1734 3257 ζωὴν
1765 3188 1863 3238 ἑπ-

267 3272 572 3326 εσπάσατο.
631 3273 706 3326 ού
768 3272 872 3343 μὴν
911 3274 1121 3342 ἀφῆκεν
1165 3274 1198 3342 ἡ
1253 3271 1372 3324 θεία
1407 3272 1715 3344 προμήθεια
1764 3272 1862 3342 τὴν

2029 2069 2156 2125 llaec
2220 2078 2400 2124 autem
2455 2067 2755 2136 sententia,
2805 2083 2926 2125 mea
2978 2068 3200 2142 quidem
3258 2069 3540 2142 Opinione,

1967 2161 2095 2216 talis
2131 2168 2216 2218 est
2247 2179 2262 2216 :
2292 2159 2377 2214 Ab
2423 2159 2583 2214 initio
2620 2160 2735 2215 vita
2777 2158 3017 2216 humana
3059 2162 3290 2233 simplex
3336 2170 3391 2218 et
3421 2165 3544 2219 uni-

1962 2251 2152 2309 formis
2196 2263 2336 2309 erat.
2389 2251 2708 2324 Simplicem
2752 2263 2934 2308 autem
2979 2261 3034 2309 et
3075 2255 3389 2311 uniusmodi
3422 2255 3547 2312 dico

1959 2361 2079 2401 eam
2125 2360 2246 2415 qua:
2272 2347 2330 2400 in
2381 2345 2498 2400 solo
2532 2345 2678 2399 bono
2729 2345 3205 2413 animadvertitur,
3242 2353 3298 2401 et
3337 2349 3545 2406 nullius

1960 2437 2090 2492 mali
2122 2438 2509 2492 communione
2547 2437 2808 2504 permista
2840 2445 2944 2492 est.
2989 2436 3174 2493 Talem
3211 2447 3393 2494 autem
3425 2443 3545 2513 opi-

1960 2531 2181 2584 nionem
2226 2529 2401 2600 prima
2443 2530 2526 2584 lex
2555 2529 2740 2584 divina
2793 2529 3111 2584 testimonio
3166 2545 3268 2587 suo
3297 2546 3546 2604 compro-

1959 2623 2073 2686 bat,
2100 2637 2220 2692 qua:
2247 2637 2371 2676 cum
2400 2621 2658 2678 omnibus
2681 2622 2903 2692 quidem
2936 2623 3117 2687 bonis,
3151 2639 3272 2694 qum
3299 2633 3457 2680 erant
3486 2627 3546 2682 in

1960 2715 2238 2786 paradiso,
2273 2715 2547 2768 hominem
2592 2714 2805 2769 abunde
2845 2714 2948 2768 frui
2983 2723 3036 2769 et
3067 2716 3141 2769 uti
3174 2718 3543 2786 permisisset,

1962 2807 2156 2861 abillo
2204 2807 2323 2862 solo
2374 2805 2721 2877 prohibebat,
2773 2805 2956 2876 cujus,
3007 2820 3132 2860 cum
3171 2809 3375 2862 malum
3416 2825 3542 2864 cum

1961 2900 2110 2954 bono
2139 2905 2613 2968 contemperatum
2648 2905 2815 2960 esset,
2841 2896 3131 2953 commista
3158 2913 3222 2953 ex
3256 2902 3546 2956 contrarii

1961 2998 2080 3045 erat
2107 3000 2326 3056 natura,
2355 2997 2700 3060 mortemque
2723 2989 2794 3056 ei,
2841 2991 2932 3061 qui
2967 3001 3158 3046 contra
3202 2993 3344 3048 hanc
3373 2995 3546 3065 legem

1964 3082 2207 3142 fecisset,
2249 3097 2465 3152 pinnam
2513 3083 2786 3153 apposuit.
2845 3083 2951 3138 Sed
3003 3084 3167 3138 homo
3214 3097 3413 3156 sponte
3446 3102 3544 3144 sua

1964 3173 2292 3243 propriaque
2322 3174 2604 3229 voluntate
2643 3182 2696 3228 et
2726 3174 2958 3231 arbitrio
2990 3175 3180 3232 relicta
3218 3187 3391 3245 sorte,
3425 3197 3548 3251 qua:

1965 3279 1994 3318 a
2027 3264 2174 3319 malo
2205 3265 2416 3335 integra
2467 3273 2604 3329 erat,
2648 3280 2769 3320 eam
2801 3281 2921 3335 quae
2969 3281 3033 3321 ex
3071 3269 3371 3324 contrariis
3416 3286 3548 3325 con-

264 3364 525 3418 ἀὸου).ίαν
553 3365 709 3434 ἡμῶν
756 3364 1098 3436 ἀδιόρθωτον.
1143 3364 1282 3416 Ἀλλ’
1306 3364 1493 3435 ἐπειδὴ
1527 3366 1640 3427 τοῖς
1679 3381 1855 3435 παρα-

1968 3362 2270 3425 temperata
2305 3363 2444 3419 erat,
2478 3358 2644 3408 vitam
2671 3356 2868 3411 ascivit
2895 3364 2949 3411 et
2983 3359 3270 3428 amplexus
3299 3371 3402 3415 est.
3438 3360 3547 3417 Sed

263 3455 532 3526 ϐεϐηκόσι
582 3456 675 3507 τὸν
729 3455 892 3524 νόμον
946 3457 974 3507 ὀ
1031 3456 1238 3525 κριθεὶς
1289 3455 1375 3508 ἐπ’
1427 3454 1576 3524 αὐτῷ
1631 3454 1860 3518 θάνατος

265 3547 585 3615 ἀναγκαίως
617 3543 1046 3616 ἐπηκολούθησε,
1096 3546 1216 3617 διχῆ
1255 3547 1486 3618 μερίσας
1512 3545 1612 3618 τὴν
1650 3545 1860 3618 ἀνθρω-

264 3638 431 3706 πίνην
465 3638 631 3708 ζωὴν,
677 3635 756 3700 εἷς
793 3653 853 3689 τε
895 3637 994 3707 τὴν
1020 3637 1108 3690 διὰ
1151 3637 1352 3708 σαρκὸς
1392 3638 1618 3710 ταύτην,
1649 3638 1742 3690 καὶ
1780 3639 1860 3701 είς

262 3731 368 3800 τὴν
402 3729 506 3796 ἔξω
538 3729 633 3782 τοῦ
663 3728 915 3800 σώματος
949 3729 1086 3800 μετὰ
1115 3729 1340 3800 ταύτην,
1372 3731 1432 3783 ού
1471 3734 1612 3784 κατά
1641 3729 1701 3783 τὸ
1738 3725 1857 3783 ἴσον

265 3821 469 3890 μέτρον
505 3819 596 3873 τοῦ
643 3821 1030 3891 διαστήματος,
1080 3821 1213 3874 ἀλλὰ
1239 3822 1337 3893 τὴν
1387 3822 1484 3892 μὲν
1535 3820 1858 3893 βραχυτάτῳ

258 3913 379 3965 τινὶ
406 3911 486 3981 τῷ
514 3912 747 3981 χρονικῷ
778 3912 1124 3984 περιγράψας
1157 3913 1266 3984 ὅρῳ
1287 3929 1299 3942 ο
1339 3913 1437 3984 τὴν
1485 3913 1541 3966 δὲ
1590 3914 1856 3984 παρατεί-

259 4020 368 4065 νας
407 4003 488 4071 (⁸5)
533 4004 615 4065 είς
643 4001 704 4055 τὸ
744 4004 928 4068 ἀιδιον,
961 4005 1210 4070 ἐξουσίαν
1259 4004 1456 4058 ἔδωκεν
1510 4005 1616 4058 ὑπὸ
1668 4005 1856 4075 φιλαν-

259 4094 541 4165 θρωπίας,
574 4097 632 4148 ἐν
677 4088 722 4163 ᾧ
748 4112 829 4160 τις
873 4097 1143 4167 βούλεται,
1175 4096 1379 4150 τούτων
1409 4097 1668 4170 ἑκάτερον
1713 4096 1856 4168 ἔχειν

260 4189 355 4260 (τό
375 4206 432 4241 τε
455 4188 659 4255 ἀγαθὸν
683 4187 825 4257 λέγω
851 4191 945 4243 καὶ
973 4190 1035 4243 τδ
1062 4189 1276 4260 κακὸν),
1309 4188 1503 4259 ἦκατά
1523 4189 1612 4242 τὸν
1646 4188 1852 4260 βραχὺν

259 4278 454 4333 τοῦτον
483 4279 578 4332 καὶ
609 4278 897 4348 ὠκύμορον
925 4278 1059 4349 βίον,
1083 4279 1117 4348 ἢ
1152 4278 1292 4331 κατά
1315 4279 1440 4342 τοὺς
1464 4277 1853 4348 ἀτελευτήτους

261 4372 509 4434 ἐκείνους
549 4371 773 4437 αἰῶνας,
807 4365 882 4425 ὧν
925 4371 1163 4443 πέραςή
1203 4371 1428 4443 ἀπειρία
1459 4366 1622 4424 ἐστίν.
1673 4370 1852 4440 Ὁμω-

263 4459 456 4530 νύμως
486 4461 546 4513 δὲ
584 4460 881 4531 λεγομένου
917 4461 1012 4515 τοῦ
1047 4480 1108 4516 τε
1132 4461 1338 4529 ἀγαθοῦ
1374 4462 1469 4515 καὶ
1515 4459 1609 4514 τοῦ
1657 4461 1851 4526 κακοῦ,

265 4551 362 4603 καὶ
389 4549 648 4619 ἐκατέρου
677 4550 884 4604 τούτων
909 4552 987 4621 (4)
1024 4552 1158 4622 πρὸς
1203 4552 1397 4622 διπλῆν
1442 4552 1648 4607 ἔννοιαν
1695 4570 1853 4624 μερι-

263 4642 494 4710 ζομένου
531 4641 688 4712 (πρὸς
731 4640 856 4695 νοῦν
883 4661 944 4696 τε
989 4642 1131 4711 λέγω
1169 4643 1264 4697 καὶ
1292 4643 1589 4714 αἴσθησιν),
1623 4645 1716 4696 καὶ
1746 4643 1854 4696 τῶν

1962 3462 2073 3502 non
2127 3448 2334 3517 absque
2377 3448 2719 3502 correctione
2780 3457 2833 3503 et
2886 3450 3272 3507 emendatione
3314 3460 3548 3507 temera-

1961 3542 2104 3597 rium
2146 3549 2202 3596 et
2256 3542 2513 3598 stolidum
2551 3542 2686 3597 illud
2732 3544 3026 3599 consilium
3077 3553 3327 3601 nostrum
3361 3547 3547 3603 divina

1962 3635 2308 3706 providentia
2354 3637 2598 3707 reliquit.
2661 3635 2767 3691 Sed
2809 3638 3070 3707 quoniam
3107 3649 3546 3710 transgressores

1961 3728 2096 3799 legis
2125 3742 2286 3799 pmna
2327 3731 2543 3791 mortis,
2592 3744 2714 3799 qua:
2746 3730 2849 3800 legi
2879 3729 3090 3800 judicio
3125 3731 3316 3788 latoris
3349 3742 3403 3788 et
3444 3749 3543 3788 au-

1960 3821 2131 3876 ctoris
2158 3822 2278 3890 ejus
2311 3823 2558 3892 apposita
2587 3830 2727 3887 erat,
2761 3823 3078 3878 necessario
3111 3833 3407 3880 consecuta
3439 3835 3543 3890 est,

1959 3921 2322 3984 posteaquam
2362 3915 2529 3968 vitam
2571 3914 2870 3968 humanam
2905 3913 3158 3968 bifariam
3187 3916 3423 3986 partitus
3455 3932 3548 3972 ese-

1964 4012 2072 4068 set,
2110 4015 2164 4060 et
2195 4006 2250 4059 in
2286 4004 2430 4060 hanc
2477 4021 2599 4076 quae
2630 4021 2724 4076 per
2760 4022 2982 4062 carnem
3017 4009 3358 4079 transigitur,
3405 4019 3461 4065 ct
3490 4010 3545 4064 in

1958 4095 2108 4149 illam
2159 4111 2282 4166 quae
2327 4106 2452 4167 post
2504 4097 2647 4152 hanc
2703 4106 2860 4154 extra
2900 4114 3107 4169 corpus
3138 4102 3375 4171 degitur,
3435 4117 3543 4155 non

1957 4185 2073 4256 pari
2105 4188 2379 4242 intervalli
2414 4187 2579 4242 modo
2610 4196 2776 4258 atque
2803 4205 3082 4256 mensura,
3111 4191 3204 4246 sed
3242 4192 3387 4246 illam
3417 4194 3545 4262 qui-

1959 4274 2080 4330 dem
2114 4276 2441 4331 brevissimo
2473 4277 2712 4347 quodam
2747 4279 2985 4333 termino
3024 4282 3288 4350 temporis
3341 4290 3394 4336 et
3427 4298 3547 4352 spa-

1960 4365 2036 4421 tio
2061 4367 2533 4440 circumscripsit;
2566 4370 2709 4426 hanc
2730 4383 2861 4426 vero
2888 4371 2953 4425 ad
2982 4373 3345 4427 aeternitatem
3373 4391 3545 4445 uSqne

1958 4459 2204 4515 extendit
2239 4468 2407 4530 atque
2433 4460 2711 4532 produxit,
2743 4476 2807 4516 ac
2834 4461 3074 4534 benigno
3106 4472 3280 4534 atque
3302 4465 3544 4521 humano

1958 4553 2193 4608 consilio
2250 4569 2402 4620 usus,
2437 4562 2762 4627 potestatem
2808 4554 2980 4618 dedit,
3036 4564 3095 4610 ut
3145 4558 3198 4611 in
3254 4565 3376 4611 utra
3419 4559 3542 4628 quis

1957 4645 2071 4699 vita
2112 4645 2266 4708 velit.
2327 4645 2523 4702 horum
2579 4647 2908 4702 alterutrum
2955 4647 3152 4703 habeat
3183 4649 3407 4716 (bonum
3458 4651 3542 4704 in-

267 4732 366 4802 μὲν
392 4732 554 4786 τοῦτο
582 4735 640 4786 ὲν
669 4733 875 4804 ἀγαθοῦ
928 4736 1089 4806 μοίρᾳ
1122 4737 1414 4807 κρινόντων
1455 4738 1594 4807 ὅπερ
1641 4737 1706 4790 ἂν
1749 4736 1849 4809 ἡδὺ

1961 4751 2118 4806 quam
2154 4744 2206 4791 et
2240 4737 2491 4808 malum),
2521 4738 2605 4793 vel
2638 4754 2737 4809 per
2756 4739 2972 4794 brevem
2997 4741 3136 4794 hanc
3163 4741 3471 4810 lluxamqne
3493 4750 3546 4796 et

261 4827 329 4894 τῇ
359 4823 607 4894 αἰσθήσει
785 4842 802 4858 ’
833 4825 943 4878 τῶν
967 4826 1022 4878 δὲ
1055 4827 1212 4897 μόνον
1235 4827 1294 4881 τὸ
1331 4827 1471 4881 κατὰ
1502 4828 1742 4883 διάνοιαν
1771 4829 1848 4900 (5)

262 4914 636 4986 θεωρούμενον
679 4918 1124 4971 πεπιστευκότων
1170 4919 1374 4987 ἀγαθὸν
1423 4915 1560 4972 εἶναι
1595 4921 1688 4974 καὶ
1729 4923 1848 4975 όνο-

262 5005 553 5076 μάζεσθαι.
583 5001 679 5072 Οἷς
711 5010 810 5079 μὲν
835 5007 1184 5079 ἀγύμναστός
1214 5013 1358 5065 ἐστιν
1383 5013 1410 5065 ὁ
1446 5011 1724 5083 λογισμὸς,
1758 5013 1848 5068 καὶ

332 5203 447 5288 (Si?)
478 5205 674 5288 ’iiwi-
707 5206 750 5258 Α
775 5207 823 5288 ξε
847 5207 967 5288 ei;

329 5275 445 5344 (90)
478 5276 744 5344 Λέγεται.
769 5276 812 5330 A
843 5275 995 5331 addit
1021 5277 1189 5335 ἐστίν.

485 5347 647 5404 Κατὰ
676 5345 907 5420 ψυχήν.
940 5346 980 5400 Β
1009 5346 1279 5420 καταντὴν
1306 5348 1366 5419 ψ.

327 5416 443 5489 (εξ.)
468 5416 794 5489 Προειπὼν.
825 5417 869 5469 Α
908 5416 1243 5489 προσειπών.

326 5485 443 5562 (9??)
483 5487 882 5562 ᾼξιτρυριίαο
920 5485 966 5562 Α
995 5489 1035 5542 Β
1061 5491 1162 5560 τὴν
1189 5488 1556 5562 λειτουργίανο

327 5553 443 5625 (94)
484 5557 584 5628 Ὧς
606 5553 750 5611 ὀξεῖ’
769 5560 812 5611 Α
843 5553 887 5628 ᾧ
909 5561 1024 5615 ἀπ’.

349 5628 443 5702 9ξ)
478 5627 742 5702 Μέγα-τι.
773 5627 964 5702 -Δόγμα
998 5633 1148 5687 addit
1178 5631 1235 5686 Β.

637 5699 673 5749 Α
709 5699 796 5775 ῥιά
819 5693 1016 5775 δόγμα.

323 5766 443 5838 (97)
479 5767 818 5838 Μονοειὸἐς.
850 5766 900 5830 Α’
919 5766 1200 5849 μονοειδῆ.

1957 4829 2220 4886 caducam
2270 4831 2462 4895 vitam,
2511 4832 2593 4887 vel
2651 4847 2749 4902 per
2789 4832 2880 4886 illa
2931 4834 3262 4903 sempiterna
3318 4835 3541 4898 sa‘cula,

1958 4937 2190 4993 quorum
2232 4923 2501 4980 terminus
2551 4931 2636 4979 est
2671 4924 2938 4978 intinitus.
2977 4924 3113 4978 Cum
3150 4934 3331 4979 autem
3370 4927 3542 4996 αιηυί-

1957 5029 2091 5072 voce
2146 5013 2364 5070 dicatur
2404 5023 2458 5071 et
2492 5017 2694 5072 bonum
2749 5025 2805 5072 et
2860 5017 3092 5083 malum,
3145 5024 3310 5090 atque
3347 5019 3540 5073 horum

2181 5213 2251 5268 Ἠ
2266 5211 2470 5286 tingi}
2500 5215 2700 5286 coxa-3
2727 5214 2901 5286 ἀρχὰς
2927 5219 2959 5286 ἡ
2986 5216 3115 5270 τῶν.

2047 5283 2492 5356 99)Μονοειδὲς
2517 5284 2608 5356 δέ.
2633 5286 2690 5356 -ᾼ
2710 5283 2776 5356 Β
2793 5283 3038 5356 μονοειδῆ
3077 5286 3157 5340 δέ.

2051 5354 2104 5425 l)
2121 5353 2125 5354 ⁷
2150 5353 2502 5425 Ὀρωμένῃν.
2547 5353 2590 5406 Δ
2633 5353 2688 5425 B_
2703 5353 2907 5425 θεωρου
2917 5353 3104 5424 μένήν.

2125 5423 2536 5495 Μίιρτυρεῖται.
2580 5429 2622 5478 Α
2656 5423 3087 5495 Βμαρτύρεται.

2048 5493 2529 5568 5)-Παρατείνᾳς.
2603 5495 2646 5547 Λ
2705 5493 2759 5547 in
2811 5493 2964 5548 textu
3014 5494 3420 5568 παραγράψας,
3480 5498 3536 5552 in

1953 5562 2198 5635 margine
2227 5562 2584 5635 napacsjvag,

2025 5582 2072 5618 tr
2111 5582 2198 5618 tne
2227 5582 2584 5635 παρατεινας.

2025 5582 2105 5706 (εἰ)
2145 5635 2393 5706 Τούτων.
2428 5631 2711 5706 Βᾴτούτου.

2024 5701 2104 5777 (5)
2145 5703 2438 5760 Δίάνοιαν.
2471 5703 2511 5758 Λ
2545 5706 2716 5774 addit,
2743 5706 2878 5778 ὅπερ
2903 5706 2967 5762 ἂν
2992 5701 3059 5779 ἦν
3084 5707 3477 5783 θεωρούμενον.

2023 5355 2043 5566 ἒ
