3990 6202
553 330 623 387 83
1750 333 1806 389 S.
1848 332 2173 390 GREGORII
2210 332 2504 390 NYSSENI
3728 338 3829 393 84

553 451 846 514 utrumque
876 442 930 498 in
979 441 1251 515 duplicem
1293 442 1630 500 intellectum
1673 444 1950 502 dividatur
1981 446 2115 515 (tum

2228 447 2312 502 τοῦ
2344 447 2606 518 βελτίονος
2626 444 3043 508 άνεπίσκεπτος,
3068 433 3217 498 οὗτοι
3241 442 3345 498 ὑπὸ
3362 444 3698 520 λαιμαργίαν
3719 456 3824 519 (t5)

553 534 609 588 in
642 540 910 599 mentem,
961 533 1209 603 inquam,
1258 540 1373 589 tum
1423 534 1480 589 in
1524 536 1793 606 sensum),
1823 543 1985 607 atque
2032 536 2124 589 alii

2228 541 2283 594 ἐν
2311 539 2389 609 τῷ
2411 539 2651 612 σαρκίνῳ
2685 537 2784 609 βίῳ
2814 537 2914 608 τὴν
2944 538 3392 610 χρεωστουμὲνην
3413 541 3481 611 τῇ
3515 538 3674 609 φύσει
3702 543 3828 597 τοῦ

551 624 794 695 quidem,
844 625 992 695 quod
1044 624 1233 681 sensui
1286 640 1456 683 suave
1509 637 1564 683 et
1608 627 1910 698 jucundum
1946 628 2121 682 visum

2228 630 2428 698 ἀγαθοῦ
2489 633 2683 702 μοῖραν
2743 630 3259 702 προαναλίσκουσιν,
3309 629 3459 685 οὐδὲν
3516 631 3596 703 τῷ
3660 635 3830 704 μετὰ

554 713 742 780 fuerit,
773 714 825 771 id
876 716 999 771 loco
1036 716 1166 772 boni
1217 716 1498 773 habeant:
1533 718 1624 772 alii
1653 733 1798 783 vero,
1846 718 1900 772 id
1944 719 2122 774 solum

2228 722 2393 777 ταῦτα
2419 721 2519 794 βίῳ
2560 723 2972 793 ταμιευόμενον
3009 726 3058 777 οἱ
3108 722 3165 776 δὲ
3194 722 3438 794 λογισμῷ
3476 722 3829 797 διακριτικῷ

551 806 755 861 bonum
794 815 851 863 et
884 823 1008 865 esse
1052 816 1107 864 et
1137 810 1408 864 nominari
1446 808 1692 876 credant,
1722 813 1869 880 quod
1910 810 2122 880 cogita-

2228 830 2281 865 τε
2308 812 2405 866 καὶ
2450 811 2686 883 σώφρονι
2712 811 2810 880 τὴν
2844 812 3051 865 ἑαυτῶν
3095 810 3505 882 οίκονομοῦντες
3539 811 3705 883 ζωὴν,
3747 814 3830 868 ὲν

552 897 703 952 tione
737 912 803 953 ac
834 899 1036 955 mentis
1076 899 1374 972 agitatione
1423 900 1876 956 animadvertitur
1908 910 1963 956 et
1990 915 2124 955 con-

2228 902 2304 974 τῷ
2327 902 2519 974 βραχεῖ
2547 902 2719 974 τούτῳ
2749 901 2865 972 βίῳ,
2896 901 2984 955 διά
3020 902 3125 955 τῶν
3156 902 3257 971 τὴν
3286 900 3536 972 αἴσθησιν
3568 902 3828 956 λυπούν-

553 986 851 1057 sideratur,
901 991 1104 1060 quibus
1144 992 1366 1063 quidem
1427 993 1784 1048 inexercitata
1832 993 1974 1047 ratio
2015 1000 2120 1057 est,

554 1087 614 1133 ut
640 1080 770 1150 quid
801 1082 998 1139 melius
1028 1083 1102 1139 sit
1128 1083 1480 1140 considerare
1506 1098 1614 1138 non
1646 1084 1883 1154 possint,
1920 1083 1999 1147 hi,
2029 1098 2123 1154 per

553 1171 851 1242 ingluviem
883 1182 937 1230 et
969 1175 1472 1247 intemperantiam,
1510 1175 1565 1229 in
1598 1174 1806 1229 carnali
1847 1174 1958 1228 vita
2000 1187 2120 1228 eam

2228 1011 2335 1049 των
2356 993 2680 1058 ἀνιαθέντες,
2707 993 2784 1064 τῷ
2806 993 3001 1063 ἐφεξῆς
3026 994 3179 1048 αἰῶνι
3199 993 3262 1046 τὸ
3292 992 3492 1062 ἀγαθὸν
3519 994 3828 1064 ταμιεύον-

2227 1099 2337 1147 ται,
2383 1082 2523 1136 ὥστε
2572 1083 2755 1147 αὐτοῖς
2798 1085 2864 1155 τῇ
2908 1082 3063 1153 ἀϊδίῳ
3099 1081 3212 1153 ζωῇ
3246 1082 3344 1155 τὴν
3377 1083 3612 1154 κρείττω
3644 1083 3827 1154 λῆξιν

2228 1174 2779 1246 συμπαρατείνεσθαι.

554 1277 676 1332 quae
765 1273 977 1320 naturae
1026 1265 1262 1321 debetur
1317 1264 1449 1319 boni
1503 1270 1707 1319 sortem
1768 1270 1895 1319 ante
1944 1269 2161 1331 tempus
2234 1270 2567 1318 consumunt
2607 1274 2770 1334 atque
2822 1260 3182 1333 profundunt,
3235 1262 3371 1318 nihil
3421 1261 3478 1317 in
3518 1275 3638 1318 eam
3678 1279 3826 1333 qua:

557 1353 785 1423 posthac
852 1354 1037 1410 futura
1085 1365 1171 1411 est
1252 1356 1419 1411 vitam
1499 1362 1847 1413 reservantes
1921 1360 1975 1408 et
2019 1361 2460 1425 eomparcentes;
2518 1354 2610 1408 alii
2667 1368 2798 1409 vero
2849 1354 3064 1410 ratione
3124 1369 3258 1411 sana
3312 1369 3378 1409 ac
3418 1352 3827 1425 dijudicatrice

553 1461 709 1502 suam
740 1446 902 1501 vitam
942 1447 1331 1518 gubernantes,
1373 1448 1429 1502 in
1467 1449 1570 1504 hac
1599 1448 1748 1503 brevi
1796 1447 1907 1501 vita
1970 1460 2067 1515 per
2090 1461 2152 1502 ea
2190 1461 2311 1517 quat
2355 1461 2573 1502 sensum
2626 1447 2832 1502 laedunt
2899 1448 3208 1504 contristati
3258 1458 3422 1522 atque
3465 1451 3671 1512 vexati.
3748 1450 3822 1504 in

555 1538 798 1595 futurum
848 1540 1111 1596 saeculum
1161 1540 1362 1595 bonum
1411 1548 1772 1610 comparrunt
1830 1547 1997 1610 atque
2042 1542 2369 1607 recondunt,
2412 1550 2469 1596 ut
2498 1540 2602 1596 sibi
2667 1555 2777 1596 una
2827 1554 2950 1595 cum
3016 1541 3351 1612 sempiterna
3418 1542 3526 1596 vita
3602 1540 3824 1597 melior

553 1645 674 1689 sors
700 1631 1025 1687 extendatur
1055 1639 1216 1701 atque
1247 1638 1593 1702 prorogetur.

621 1792 720 1849 llic
758 1792 946 1864 igitur,
998 1801 1058 1847 ut
1104 1807 1225 1849 mea
1280 1792 1498 1862 quidem
1550 1790 1736 1862 opinio
1764 1789 1888 1857 fert,
1945 1790 2125 1845 hiatus

2298 1791 2466 1847 Τοῦτο
2511 1786 2603 1846 οὖν
2650 1793 2815 1857 ἐστιν,
2849 1793 2926 1857 ὥς
2948 1810 3025 1863 ογε
3063 1794 3091 1847 ὁ
3122 1793 3254 1864 ἐμὸς
3282 1793 3459 1863 λόγος,
3493 1793 3553 1848 τὸ
3579 1794 3817 1866 χάσμα,
3846 1828 3854 1842 ε

553 1884 644 1940 ille
668 1892 773 1949 est,
802 1884 893 1955 qui
921 1900 1030 1939 non
1061 1892 1207 1940 terra
1247 1883 1562 1939 discedente
1592 1890 1754 1952 atque
1795 1882 2015 1937 diducta
2044 1880 2124 1946 ﬁt.

2228 1887 2254 1940 δ
2285 1886 2404 1956 οὐχὶ
2436 1885 2536 1955 γῆς
2565 1883 2891 1956 διασχούσης
2924 1885 3150 1951 γίνεται,
3184 1885 3298 1940 ἀλλ’
3328 1886 3361 1955 ή
3397 1885 3472 1955 (7)
3506 1885 3656 1958 παρά
3704 1888 3817 1943 τὸν

554 1976 652 2033 sed
682 1990 845 2046 quem
877 1974 1149 2044 judicium
1199 1989 1297 2044 per
1340 1974 1483 2028 hanc
1535 1976 1703 2028 vitam
1757 1973 1813 2028 in
1854 1974 2125 2028 contraria

2228 1975 2340 2046 βίον
2372 1974 2552 2046 κρίσις
2595 1973 2732 2045 πρὸς
2778 1973 2878 2037 τὰς
2924 1975 3170 2038 ἐναντίας
3219 1975 3559 2046 προαιρέσεις
3589 1975 3821 2047 διασχι-

556 2065 738 2125 studia
790 2073 958 2136 atque
1005 2065 1260 2121 instituta
1314 2064 1551 2121 divisum
1621 2072 1787 2135 atque
1843 2065 2124 2121 diductum

2228 2063 2415 2118 σθείσα
2456 2062 2618 2117 ποιεῖ.
2679 2062 2737 2116 Ὁ
2789 2063 2898 2134 γάρ
2938 2063 3088 2128 ἆπαξ
3130 2063 3190 2118 τὸ
3238 2065 3336 2136 ἡδὺ
3373 2066 3513 2120 κατὰ
3552 2067 3642 2121 τὸν
3680 2068 3817 2137 βίον

555 2157 707 2213 facit.
737 2156 872 2212 Nam
901 2158 994 2229 qui
1024 2158 1191 2214 semel
1217 2155 1482 2228 quidquid
1514 2157 1569 2211 in
1601 2157 1702 2211 hac
1727 2156 1838 2211 vita
1869 2170 2037 2212 suave
2064 2170 2128 2211 ac

550 2248 855 2319 jucundum
888 2257 973 2305 est
998 2249 1245 2319 elegerit,
1281 2263 1380 2303 nec
1414 2247 1739 2318 paenitentia
1766 2247 1966 2302 ductus
2009 2254 2127 2302 sto-

556 2339 725 2395 lidum
783 2353 847 2393 ac
898 2338 1250 2394 temerarium
1318 2353 1479 2395 suum
1548 2337 1839 2393 consilium
1902 2337 2128 2408 corrigit

555 2441 719 2503 atque
754 2431 1031 2494 emendat,
1076 2430 1420 2486 inaccessum
1459 2438 1514 2486 et
1551 2431 1756 2485 invium
1806 2430 1909 2485 sibi
1944 2429 2124 2484 locum

554 2523 822 2577 bonorum
865 2520 1095 2591 posthac
1142 2519 1326 2586 efﬁcit,
1379 2534 1502 2575 cum
1545 2520 1691 2574 hanc
1730 2518 2121 2581 inevitabilem,

554 2626 677 2682 quae
717 2611 941 2667 transiri
987 2626 1096 2668 non
1152 2611 1347 2681 possit,
1398 2610 1808 2674 necessitatem,
1864 2618 2123 2679 tanquam

553 2700 878 2757 barathrum
904 2700 1179 2771 quoddam
1220 2710 1435 2757 vastum
1464 2707 1518 2755 et
1548 2699 1780 2763 invium,
1814 2714 1921 2768 qua
1951 2708 2128 2753 trans-

555 2793 625 2848 iri
675 2808 783 2847 non
834 2792 1031 2863 possit,
1087 2791 1355 2847 adversus
1403 2804 1524 2846 sese
1569 2788 1893 2858 perioderit.
1923 2787 2126 2854 Quam-

554 2885 742 2939 obrem
790 2883 989 2937 bonum
1031 2897 1250 2953 quoque
1300 2881 1495 2936 animat
1529 2889 1755 2943 statum,
1808 2880 1862 2934 in
1890 2895 1998 2950 quo
2026 2893 2123 2948 pa-

556 2975 759 3032 tientiae
808 2975 1065 3030 athletam
1122 2989 1305 3031 sermo
1351 2974 1694 3045 requiescere
1742 2972 1896 3038 facit,
1943 2972 2122 3029 sinum

2223 2154 2408 2208 τοῦτον
2437 2153 2723 2224 ἑλκόμενος
2756 2152 2854 2225 (8),
2894 2155 2989 2208 καὶ
3017 2155 3092 2226 μὴ
3123 2154 3463 2227 θεραπεύσας
3492 2159 3567 2230 (9)
3600 2163 3664 2216 ἐκ
3698 2181 3817 2234 με-
3846 2189 3853 2203 τ

2225 2243 2514 2311 ταμελείας
2559 2244 2657 2314 τὴν
2687 2243 2964 2309 ἀϐουλίαν,
3011 2244 3211 2300 ἄϐατον
3247 2246 3424 2319 ἐαυτῷ
3456 2249 3594 2321 μετά
3624 2252 3816 2309 ταῦτα,

2223 2332 2321 2403 τὴν
2345 2331 2453 2386 τῶν
2486 2333 2702 2401 ἀγαθῶν
2730 2333 2913 2405 χώραν
2951 2334 3065 2405 (10)
3103 2337 3415 2408 ἐργάζεται,
3445 2342 3817 2414 τὴνοάδιάϐα-

2223 2444 2315 2480 τον
2349 2427 2549 2498 ταύτην
2582 2428 2846 2499 ἀνάγκην,
2893 2429 3141 2502 καθάπερ
3191 2448 3245 2483 τι
3296 2431 3563 2506 βάραθρον
3598 2436 3816 2506 ἀχανές

2223 2535 2284 2572 τε
2320 2519 2413 2573 καὶ
2453 2519 2816 2590 άπαρόδευτον
2861 2520 2982 2574 καθ’
3021 2520 3214 2576 ἑαυτοῦ
3259 2523 3527 2594 διορύξας.
3566 2525 3656 2579 Διό
3706 2545 3816 2596 μοι

2223 2611 2371 2664 δοκεῖ
2418 2611 2509 2665 καὶ
2549 2611 2648 2681 τὴν
2677 2611 3017 2693 ἀγαθὴν-τῆς
3045 2612 3222 2684 ψυχῆς
3264 2616 3614 2681 κατάστασιν,
3652 2619 3714 2672 ἐν

2222 2703 2314 2756 τὸν
2345 2702 2444 2772 τῆς
2478 2702 2752 2772 ὑπομονῆς
2781 2690 3016 2774 ἀθλητὴν
3038 2703 3305 2759 ἀναπαύει
3334 2708 3362 2760 ὁ
3391 2706 3567 2775 λόγος,
3598 2690 3814 2764 κόλπον

2222 2792 2621 2865 τοῦ,’Δ6ραάμ
2655 2793 2938 2863 ὀνομάσαι.
2993 2794 3215 2865 Πρῶτος
3262 2796 3369 2868 γὰρ
3412 2792 3566 2862 οὗτος
3612 2800 3640 2853 ὁ
3685 2816 3815 2853 πα..

2223 2881 2485 2953 τριάρχης
2555 2882 2662 2936 τῶν
2717 2882 2934 2936 πώποτε
3001 2884 3299 2952 γεγονότων
3359 2888 3637 2958 ἱστόρηται
3695 2889 3813 2959 τὴν

2228 2973 2419 3027 ἐλπίδα
2458 2974 2566 3026 τῶν
2610 2972 2909 3043 μελλόντων
2935 2975 3035 3045 τῆς
3059 2975 3410 3040 ἀπολαύσεως
3445 2978 3555 3031 τῶν
3593 2981 3810 3051 παρόν-

555 3066 786 3122 Abrahae
825 3067 1143 3122 nominasse
1171 3066 1305 3121 mihi
1336 3066 1566 3121 videtur.
1598 3064 1816 3119 Primus
1849 3064 1994 3119 enim
2036 3063 2125 3117 hic

2228 3083 2333 3120 των
2381 3064 2863 3136 ἀνταλλαξάμενος,
2903 3066 2961 3129 ὃς
2991 3084 3052 3135 γε
3103 3067 3321 3122 πάντων
3357 3070 3684 3139 γυμνωθεὶς,
3745 3075 3810 3128 ἐν

553 3157 867 3228 patriarcha
906 3172 973 3212 ex
1016 3157 1083 3212 iis
1114 3157 1208 3227 qui
1234 3157 1364 3212 olim
1410 3154 1653 3221 fuerunt,
1692 3168 1816 3208 eum
1854 3168 1949 3223 spe
1983 3151 2125 3207 fulu-

557 3263 764 3315 rorum,
793 3248 1144 3319 praesentium
1181 3246 1593 3313 commodorum
1634 3259 1794 3302 usum
1837 3256 2001 3312 atque
2025 3259 2123 3300 vo-

555 3341 817 3411 luptatem
847 3351 1219 3396 commutasse
1244 3347 1600 3401 memoratur,
1627 3338 1723 3409 qui
1746 3337 1966 3405 quidem
2000 3350 2120 3390 om-

556 3431 720 3488 nibus
749 3431 1010 3495 nudatus.
1041 3431 1094 3485 in
1118 3430 1321 3501 quibus
1351 3432 1401 3485 ei
1430 3431 1541 3485 vita
1570 3429 1639 3484 ab
1666 3428 1824 3484 initio
1853 3427 2124 3483 consiste-

553 3521 672 3589 bat,
730 3521 872 3576 inter
924 3521 1132 3576 alienos
1179 3520 1635 3583 conversabatur,
1690 3528 1745 3574 et
1785 3516 2122 3574 domicilium

556 3612 812 3678 habebat,
850 3626 949 3682 per
994 3610 1318 3666 amictiones
1361 3618 1414 3665 et
1461 3608 1804 3664 incommoda
1837 3608 2125 3679 prmaentis

555 3701 700 3769 vitae,
723 3716 844 3757 eam
875 3717 998 3772 qua!
1025 3707 1278 3771 speratur
1318 3699 1710 3756 beatitudinem
1756 3712 2025 3768 quaerens.
2057 3695 2127 3751 Ut

557 3791 727 3862 igitur
757 3798 963 3847 certam
1013 3792 1252 3862 aliquam
1294 3791 1470 3862 pelagi
1521 3797 1733 3860 partem
1777 3788 2126 3845 circumscri-

556 3889 728 3951 ptam.
754 3897 850 3952 per
900 3883 1135 3937 abusum
1168 3881 1482 3952 quemdam,
1524 3881 1705 3935 sinum
1752 3880 2123 3944 nominamus,

555 3974 632 4029 ita
666 3972 800 4028 mihi
831 3987 1013 4029 sermo
1046 3973 1266 4029 nomine
1296 3972 1452 4029 sinus
1481 3973 1874 4029 immensorum
1904 3970 2127 4026 illorum

553 4071 871 4121 nostrorum
925 4065 1194 4121 bonorum
1249 4065 1771 4122 demonstrationem
1817 4065 2127 4137 signiﬁcare

554 4157 772 4215 videtur
800 4177 815 4214 :
842 4159 897 4214 in
943 4173 1051 4229 quo
1082 4159 1206 4216 sinu
1250 4158 1396 4215 bono
1427 4173 1638 4224 omnes,
1685 4157 1778 4228 qui
1812 4173 1909 4229 per
1938 4158 2128 4220 virtu—

554 4258 667 4306 tem
710 4249 999 4320 przesentis
1036 4249 1161 4305 vita:
1201 4263 1424 4305 cursum
1471 4247 1792 4313 coniiciunt,
1828 4263 1950 4303 cum
1997 4248 2128 4304 hinc

555 4341 840 4407 solverint,
868 4350 1130 4413 tanquam
1172 4340 1230 4398 in
1269 4351 1429 4411 portu
1456 4354 1567 4395 non
1594 4340 1834 4395 obnoxio
1860 4339 2125 4395 ﬂuctuum

2229 3150 2309 3218 οἷς
2331 3150 2399 3226 ἦν
2429 3154 2577 3225 αὐτῷ
2604 3153 2881 3225 καταρχὰς
2910 3156 2943 3226 ὴ
2971 3154 3103 3227 ζωὴ,
3139 3157 3195 3209 ἐν
3226 3156 3523 3225 ἀλλοτρίοις
3555 3154 3669 3229 εἶχε
3699 3161 3810 3231 τὴν

2228 3247 2455 3311 δίαιταν,
2492 3245 2581 3298 διὰ
2626 3247 2723 3316 τῆς
2754 3245 3036 3316 παρούσης
3078 3245 3464 3313 κακοπαθείας,
3511 3247 3609 3317 τὴν
3645 3249 3809 3303 ἐλπι-

2230 3336 2461 3409 ζομένην
2509 3338 2801 3410 εὐκληρίαν
2837 3340 3292 3411 ἐμπορευόμενος.
3326 3341 3538 3412 Ὠσπερ
3568 3336 3662 3395 οὖν
3699 3342 3809 3413 τὴν

2231 3427 2389 3481 ποιάν
2430 3426 2524 3481 τοῦ
2576 3428 2843 3497 πελάγους
2890 3429 3236 3501 περιγραφὴν
3287 3431 3353 3483 ἐκ
3410 3432 3808 3502 καταχρήσεὼς

2229 3536 2371 3584 τινος
2405 3520 2741 3592 ὀνομάζομεν
2774 3520 2991 3584 κόλπον,
3026 3521 3167 3576 οὕτω
3201 3522 3312 3593 (ll)
3345 3522 3492 3576 δοκεῖ
3526 3523 3634 3576 τῶν
3666 3525 3810 3595 άμε-

2229 3609 2444 3681 τρήτων
2474 3610 2696 3665 ἐκείνων
2723 3611 2941 3680 ἀγαθῶν
2980 3611 3079 3683 τὴν
3107 3611 3330 3680 ἔνδειξιν
3354 3615 3382 3667 ὁ
3414 3613 3569 3681 λόγος
3597 3614 3677 3684 τῷ
3705 3614 3807 3669 τοῦ

2231 3700 2431 3754 κόλπου
2463 3701 2832 3772 διασημαίνειν
2860 3703 3104 3773 ὀνόματι,
3135 3696 3180 3772 ᾧ
3210 3704 3410 3768 πάντες
3433 3707 3482 3759 οἱ
3508 3705 3573 3759 δι’
3599 3706 3809 3775 ἀρετῆς

2229 3791 2319 3845 τὸν
2352 3791 2593 3862 παρόντα
2633 3791 2972 3856 διαπλέοντες
3014 3791 3150 3862 βίον,
3181 3793 3310 3847 ὅταν
3340 3792 3587 3847 ἐντεῦθεν
3631 3787 3849 3849 daal-1

2234 3878 2398 3955 ρωσιν
2458 3882 2606 3953 (12),
2660 3882 2848 3956 ὥσπερ
2913 3886 2970 3938 ἐν
3018 3884 3415 3957 ἀκατακλύστῳ
3486 3885 3662 3956 λιμένι
3723 3886 3808 3956 τῷ

2230 3974 2420 4046 ἀγαθῷ
2452 3974 2638 4046 κόλπῳ
2678 3974 2778 4040 τὰς
2812 3976 2986 4046 ψυχάς
3016 3976 3391 4050 ἐνορμίξονται
3444 3976 3580 4049 (15),
3610 3980 3725 4041 τοῖς
3747 3978 3809 4029 δέ

2230 4067 2438 4131 λοιποῖς
2469 4068 2503 4138 ἡ
2545 4066 2653 4120 τῶν
2700 4068 3036 4138 φαινομένων
3070 4068 3251 4131 αὐτοῖς
3286 4067 3504 4136 ἀγαθῶν
3548 4068 3808 4137 στέρησις

2233 4156 2363 4225 φλὸξ
2391 4157 2595 4227 γίνεται
2619 4158 2716 4230 τὴν
2738 4158 2914 4230 ψυχὴν
2941 4158 3096 4229 διασμ
3107 4157 3306 4228 ύχουσα
3326 4157 3460 4229 (id),
3485 4156 3694 4228 ῥανίδος
3719 4174 3811 4210 “ct-

2232 4244 2319 4309 νὸς
2356 4246 2422 4298 ἐκ
2452 4246 2545 4300 τοῦ
2576 4245 2843 4316 πελάγους
2872 4246 2979 4300 τῶν
3002 4247 3127 4310 τοὺς
3161 4244 3337 4310 ὁσίους
3368 4244 3808 4316 περιχλυζόντων

2233 4336 2452 4405 ἀγαθῶν
2482 4338 2559 4402 είς
2588 4337 2939 4410 παραμυθίαν
2969 4336 3356 4410 προσδεομένη,
3386 4336 3479 4391 καὶ
3508 4336 3570 4390 οὐ
3599 4336 3809 4407 τυγχά-

555 4434 835 4506 procellis,
872 4434 1086 4490 animas
1112 4434 1371 4504 appulsas
1402 4448 1468 4489 ac
1491 4433 1649 4504 quasi
1674 4432 1977 4487 subductas
2008 4438 2124 4487 sta.

2231 4446 2415 4484 νουσα.
2452 4429 2708 4484 Γλῶσσαν
2739 4430 2794 4482 δὲ
2824 4431 2918 4483 καὶ
2945 4428 3241 4500 ὀφθαλμὸν,
3268 4428 3363 4482 καὶ
3393 4427 3676 4493 δάκτυλον,
3708 4426 3806 4480 καὶ

554 4530 739 4578 tuunt.
771 4523 1019 4599 Reliquis
1055 4533 1236 4582 autem
1283 4539 1474 4579 eorum
1529 4539 1651 4594 quae
1698 4523 1842 4578 bona
1876 4523 2129 4578 videntur

555 4617 637 4672 eis
691 4616 888 4687 ejectio
924 4615 1270 4685 privatioque
1312 4613 1533 4668 ﬂamma
1582 4613 1818 4667 animam
1861 4628 2128 4683 perurens

556 4706 795 4771 exsistit,
824 4714 1028 4777 guttam
1073 4707 1311 4777 aliquam
1353 4720 1421 4761 ex
1455 4705 1643 4776 pelago
1679 4704 1968 4768 bonorum,
2004 4703 2128 4774 qui-

557 4798 662 4854 bus
695 4797 873 4853 sancti
906 4796 1133 4852 aﬂluunt
1158 4804 1213 4851 et
1249 4795 1550 4862 abundant,
1580 4794 1647 4850 ad
1694 4794 2127 4851 consolationem

558 4886 901 4955 desiderans,
932 4897 988 4945 et
1018 4904 1129 4944 non
1160 4888 1493 4960 adipisceus.
1528 4887 1696 4957 Porro
1723 4902 1847 4941 cum
1888 4887 2127 4956 linguam

559 4988 616 5035 et
647 4980 869 5034 oculum
897 4990 951 5036 et
991 4980 1246 5052 digitum,
1281 4980 1603 5050 reliquaque
1635 4978 1859 5033 numina
1901 4977 1970 5033 ad
2005 4992 2129 5034 cor-

560 5085 664 5143 pus
693 5070 1022 5143 pertinentia
1054 5073 1108 5127 in
1151 5072 1425 5143 colloquio
1452 5071 1899 5140 incorporeorum
1951 5068 2127 5123 anim-

632 5253 710 5325 (6)
747 5255 1142 5325 Amyaprlar.
1166 5254 1213 5325 Α
1236 5253 1278 5325 Β
1306 5252 1395 5306 λαι

633 5322 710 5394 (7)
753 5322 903 5378 Ἀλλ’
934 5322 996 5391 ήζ
1026 5325 1073 5377 Α
1096 5322 1270 5394 ἀλλχδ
1301 5325 1357 5394 ἡ.

657 5328 685 5378 7
753 5328 903 5378 Ἀλλ’
934 5328 994 5391 ἢ.
1026 5328 1073 5377 Α
1096 5328 1213 5377 ἀλλ’
1242 5328 1270 5376 δ
1301 5328 1357 5394 ἡ.

657 5328 1119 5464 ὃζῖΕλκόμενος.
1146 5397 1190 5447 Α
1221 5393 1262 5465 Β
1283 5393 1555 5465 ἐλόμενος.

657 5462 713 5535 9)
740 5462 1139 5531 Θεραπεύσας.
1178 5466 1223 5518 Α
1250 5464 1303 5518 in
1331 5462 1482 5519 textu
1503 5462 1847 5535 θεραπεύσας
1874 5465 1937 5518 ἐκ
1963 5481 2127 5535 μετα-

563 5533 1013 5607 δουλίαςιάὸατ-ον
1035 5551 1055 5607 Ἀ
1084 5537 1146 5607 in
1167 5535 1429 5607 Amargine
1459 5551 1474 5587 :
1509 5533 1602 5587 καὶ
1631 5535 1706 5607 μὴ
1740 5537 1803 5589 ἐκ
1840 5533 2127 5606 μετανοίας

564 5600 880 5675 θεραπεύων
908 5603 1004 5675 τὴν
1034 5603 1306 5675 ἀδουλίαν.

783 5669 901 5746 τὴν
923 5669 1136 5746 χῷριξν.
1159 5672 1205 5746 ΖΛ
1235 5672 1276 5725 Β
1312 5673 1402 5725 τὸν
1431 5673 1622 5746 χῶρον,

636 5742 747 5816 (11)
777 5739 954 5797 eam;
983 5742 1030 5795 A
1060 5739 1103 5795 Β
1127 5740 1267 5794 οὕτω
1297 5758 1403 5811 μοι.

1401 5253 1655 5324 μαργίας.

2232 4521 2300 4576 τὰ
2322 4520 2485 4574 λοιπά
2524 4519 2630 4575 τῶν
2670 4520 2993 4591 σωματικῶν
3033 4519 3310 4592 ὀνομάτων
3358 4518 3415 4573 ἐν
3463 4518 3542 4590 τῷ
3565 4518 3803 4588 διαλόγῳ

2233 4613 2342 4668 τῶν
2374 4613 2680 4683 ἀσωμάτων
2748 4611 2961 4682 βλέπων
3002 4651 3017 4677 ,
3060 4613 3153 4666 τὸν
3191 4610 3632 4686 καταστοχασμὸν
3667 4609 3805 4680 (15).

2234 4706 2365 4776 ἡμῖν
2423 4704 2524 4775 ἤδη
2583 4702 2824 4776 νοηθέντι
2871 4704 2998 4773 περὶ
3040 4702 3218 4774 ψυχῆς
3275 4701 3418 4772 λόγῳ
3500 4698 3807 4771 συμφώνως

2236 4794 2378 4866 ἔχειν
2397 4795 2770 4866 ὁμολογήσεις,
2808 4793 3238 4864 ἐπισκεψάμενος
3257 4793 3363 4847 τῶν
3396 4791 3572 4865 ῥητῶν
3592 4790 3738 4864 (ιδοι
3752 4790 3804 4857 7)

2235 4887 2332 4959 τὴν
2373 4887 2627 4943 διάνοιαν.
2666 4887 2876 4958 Ὠσπερ
2905 4885 3015 4957 γὰρ
3047 4885 3156 4955 (18)
3195 4885 3314 4939 ὅλου
3351 4884 3444 4938 τοῦ
3489 4882 3739 4953 σώματος
3769 4882 3803 4951 ἡ

2234 4977 2342 5032 τῶν
2391 4977 2667 5050 στοιχείων
2723 4974 2995 5048 συνδρομὴ
3042 4976 3187 5028 ποιεῖ
3229 4972 3326 5044 τὴν
3372 4971 3592 5037 οὐσίαν,
3630 4968 3807 5029 οὕτως

2234 5070 2381 5134 εἰκὸς
2427 5069 2655 5124 καὶτῶν
2700 5069 2754 5122 ἐν
2796 5067 2875 5139 τῷ
2918 5066 3129 5137 σώματι
3175 5064 3354 5137 μερῶν
3386 5067 3451 5118 ἐκ
3479 5063 3580 5134 τῆς
3634 5060 3804 5130 αὐτῆς

2326 5252 2411 5322 12)
2457 5251 2835 5322 Ἀπαίρωονιν.
2867 5247 2910 5301 Α
3004 5247 3309 5322 άπάρωσιν.

2326 5312 2413 5389 15)
2452 5312 2905 5389 Ἐνορξιιζονται.
2933 5318 2980 5389 Α
3012 5317 3067 5389 in
3094 5312 3338 5389 margine
3375 5312 3743 5384 ἐνορμίζουσι.

2324 5386 2403 5447 MV
2447 5386 2893 5461 Διαάιὶύχουσα.
2942 5388 2985 5439 Α
3009 5386 3407 5456 διασμήχουσα.

2324 5392 2411 5532 15;
2446 5464 2559 5516 Τὸν
2597 5457 3121 5532 καταστοχασμόν,
3144 5464 3251 5511 etc.
3278 5456 3321 5509 Α
3345 5451 3386 5506 Β
3408 5451 3477 5524 τῷ

2323 5450 2409 5532 15$
2446 5464 2559 5516 Τὸν
2590 5450 3121 5528 Βιαῖὲαστοχασμόν,
3140 5450 3251 5511 etc.
3278 5456 3321 5509 Α
3345 5451 3386 5506 Β
3408 5451 3487 5524 τῷ
3518 5450 3657 5506 κατά
3681 5467 3803 5507 στο-

2323 5532 2431 5601 τμὸν
2456 5532 2554 5601 ἤδη
2593 5529 2862 5601 νοηθῌι-ξντιΔ
2918 5598 2931 5601 _
3035 5597 3045 5601 _

2224 5532 2734 5654 ﬂuentium-.3

2303 5597 2347 5672 (ί
2359 5601 2446 5655 6-1
2462 5597 2513 5671 7)
2543 5597 2799 5672 "Pniéaf.
2831 5597 2869 5650 Β
2884 5598 2969 5672 ⁸ρη
2979 5597 3182 5672 μάτων.

2305 5665 2416 5743 (18)
2452 5665 2678 5739 ”Ωσπε])
2707 5666 2833 5737 γάρ.
2871 5665 2915 5721 Ᾱ
2934 5665 3008 5731 ὡς
3030 5668 3156 5743 γάρ.
