3990 6202
287 313 364 370 85
1360 314 1446 370 DE
1485 316 1702 373 ANlMA
1751 319 1841 374 ΕΤ
1875 319 2474 377 RESURRECTlONE.

3466 325 3563 382 867

284 428 470 490 αἰτίας
509 425 618 497 (19)
662 423 1112 495 συμπληροῦσθαι
1153 424 1250 496 τὴν
1284 426 1464 497 φύσιν.
1508 430 1571 483 Εἰ
1598 426 1690 483 οὖν
1728 429 1856 500 πάρ-

1969 429 2224 495 advertis,
2264 431 2311 485 si
2346 429 2637 484 verborum
2687 437 3012 485 sententiam
3048 429 3374 501 inspexeris,
3409 446 3534 491 cum

288 532 442 570 εστιν
469 516 503 586 ἡ
530 514 670 584 ψυχὴ
695 515 811 576 τοῖς
833 515 899 566 ἐκ
928 514 1022 568 τοῦ
1059 513 1308 585 σώματος
1335 519 1615 588 στοιχείοις
1640 519 1776 591 πρὸς
1804 520 1864 573 τὸ

290 609 405 662 πᾶν
449 604 821 676 ἀναμιχθεϊσιν
851 602 988 674 (20),
1021 606 1081 658 οὐ
1133 606 1292 676 μόνον
1334 608 1397 661 τὸ
1441 610 1711 682 πλήρωμα
1754 611 1863 664 τῶν

289 700 371 761 εἰς
417 696 536 751 ὅλον
589 694 651 748 τὺ
707 693 989 765 σύγκριμα
1037 694 1552 767 συνδεδραμηκότων
1590 698 1860 769 γνωρίσει,

290 787 385 842 καὶ
427 788 487 840 ἐν
514 786 701 849 αὐτοῖς
748 783 936 837 ἔσται’
983 783 1098 837 ἀλλ’
1147 786 1209 839 οὐ
1259 787 1359 856 τὴν
1403 787 1514 859 (21)
1564 789 1864 854 ἰδιάζουσαν

286 878 519 932 ἑκάστου
566 876 676 931 τῶν
711 875 897 947 μερῶν
936 875 1194 929 σύστασιν
1239 877 1516 949 ἀγνοήσει,
1565 880 1653 933 διὰ
1697 882 1865 936 ποίων

286 971 393 1025 τῶν
418 971 479 1024 ὲν
511 971 626 1033 τοῖς
655 967 938 1039 στοιχείοις
969 966 1174 1037 μορίων
1206 968 1538 1042 ἀποτελεσθῇ
1571 969 1683 1041 (22)
1712 970 1782 1025 τά
1806 972 1864 1025 ὲν

286 1063 419 1134 ἡμῖν
450 1061 611 1133 μέλη-

1969 521 2224 591 opinione
2265 536 2425 591 quam
2496 521 2608 591 jam
2669 537 2765 592 per
2814 521 3185 591 conjecturam
3238 524 3306 579 de
3357 526 3536 580 anima

1970 621 2153 668 mente
2179 620 2442 683 concepta
2488 613 2843 682 exposuimus
2881 615 3175 669 convenire
3231 630 3337 670 non
3371 631 3535 687 nega-

1968 704 2073 760 bis.
2114 703 2185 758 Ut
2210 705 2353 759 enim
2386 720 2691 760 concursus
2710 706 3103 763 elementorum
3144 706 3313 761 totius
3345 721 3536 776 carpo,-

1969 795 2048 850 ris
2086 794 2248 851 ellicit
2288 806 2541 850 naturam
2572 816 2585 850 :
2617 798 2691 851 ita
2736 798 3015 868 probabile
3067 806 3169 864 est,
3214 799 3378 853 etiam
3412 813 3536 867 par-

1971 885 2104 939 tium
2150 887 2397 956 corporis
2443 902 2507 942 ex
2539 887 2728 943 eadem
2759 902 2925 943 causa
2962 889 3221 959 compleri
3258 898 3530 943 naturam.

1971 975 2026 1032 Si
2059 978 2223 1048 igitur
2256 979 2437 1035 anima
2477 978 2634 1036 adest
2669 980 2954 1036 elementis
3004 996 3069 1037 ex
3098 995 3327 1050 corpore
3356 978 3536 1033 disso-

1967 1068 2083 1124 luto
2141 1069 2208 1124 ad
2251 1085 2435 1126 rerum
2477 1072 2788 1127 universam
2833 1079 3083 1127 naturam
3129 1070 3328 1127 refusis
3374 1077 3535 1137 atque

287 1154 547 1219 reversis,
582 1167 692 1208 non
738 1152 905 1208 modo
978 1152 1288 1224 congeriem
1384 1160 1438 1208 et
1486 1153 1938 1224 complementum
1979 1172 2169 1212 eorum
2195 1175 2317 1229 qua:
2354 1159 2420 1214 ad
2447 1167 2614 1213 totam
2645 1160 3165 1233 coagmentationem
3199 1161 3534 1216 constituen-

286 1248 412 1301 dam
442 1251 840 1301 concurrerunt
898 1248 1182 1315 agnoscet,
1209 1250 1263 1298 et
1293 1242 1346 1296 in
1377 1243 1460 1298 eis
1497 1245 1638 1308 erit;
1672 1242 1769 1300 sed
1792 1259 1862 1299 ne
1900 1246 2228 1315 peculiarem
2263 1246 2480 1317 quidem
2510 1249 2780 1320 cujusque
2851 1248 3019 1319 partis
3080 1249 3530 1305 constitutionem

286 1348 340 1394 et
364 1339 771 1393 concretionem
809 1336 1107 1407 ignorabit,
1151 1349 1249 1404 per
1284 1349 1425 1404 quas
1452 1334 1707 1388 nimirum
1740 1335 2039 1405 particulas
2068 1339 2461 1395 elementorum
2491 1340 2730 1395 membra
2760 1348 2949 1395 nostra
2984 1340 3234 1395 absoluta
3271 1340 3407 1395 sint.

354 1428 468 1500 Τὴν
498 1422 592 1481 οὖν
622 1427 737 1497 (25)
779 1427 838 1479 ὲν
882 1426 1044 1479 παντὶ
1092 1422 1257 1481 οὖσαν
1300 1425 1376 1494 τῷ
1420 1424 1529 1479 τῶν
1578 1426 1856 1496 στοιχείων

2034 1429 2303 1496 Quacirca
2334 1447 2454 1501 qua:
2494 1431 2547 1485 in
2577 1431 2831 1487 universo
2859 1431 3254 1486 elementorum
3286 1433 3532 1500 complo—

287 1517 634 1588 πληρώματι,
667 1516 762 1570 καὶ
797 1517 857 1569 ὲν
906 1518 1018 1579 τοῖς
1065 1515 1186 1569 καθ’
1216 1515 1445 1569 ἕκαστον
1495 1510 1654 1583 εἶναι,
1704 1516 1856 1569 οὐδὲν

1964 1531 2147 1577 mento
2196 1520 2274 1586 ﬁt,
2310 1536 2426 1576 eam
2459 1522 2621 1575 etiam
2672 1521 2727 1576 in
2781 1520 3154 1592 singularibus
3198 1535 3341 1585 esse,
3380 1523 3531 1577 nullo

284 1608 393 1675 ἔξω
416 1607 509 1661 τοῦ
554 1607 764 1670 εἰκότος
805 1605 983 1659 ἐστίν·
1015 1605 1110 1660 καὶ
1150 1604 1293 1658 οὕτω
1334 1606 1471 1675 πρὸς
1504 1607 1573 1661 τά
1618 1606 1856 1676 στοιχεῖά

1963 1612 2175 1668 modoa
2227 1613 2611 1684 probabilitate
2651 1626 2716 1667 ac
2772 1610 3244 1668 verisimilitudine
3288 1611 3533 1666 alienum

283 1718 369 1765 τις
398 1698 630 1771 βλέπων,
668 1695 753 1763 οἷς
788 1697 1079 1770 ἐνυπάρχει
1107 1700 1173 1768 τῇ
1219 1697 1445 1769 δυνάμει
1477 1697 1546 1751 τὰ
1573 1697 1694 1750 καθ’
1723 1698 1854 1751 ἕκα-

1962 1713 2078 1770 est;
2111 1711 2273 1775 atque
2303 1703 2375 1758 ita
2409 1703 2455 1760 si
2492 1703 2616 1773 quis
2658 1709 2867 1772 spectet
2903 1701 2968 1756 ad
2996 1702 3285 1767 elementa,
3315 1703 3368 1757 in
3409 1704 3531 1773 qui-

285 1809 412 1847 στον
461 1791 598 1863 μέλη
644 1790 739 1844 τοῦ
798 1789 1064 1861 σώματος,
1094 1789 1354 1844 δάκτυλόν
1396 1806 1456 1842 τε
1506 1790 1635 1860 περ),
1682 1790 1852 1861 αὐτὴν

1957 1791 2059 1846 bus
2085 1791 2384 1862 singularia
2410 1790 2654 1845 membra
2683 1790 2928 1859 corporis
2969 1788 3158 1844 insunt
3193 1791 3308 1859 ipsa
3340 1796 3531 1858 poten-

283 1881 432 1937 εἶναι
459 1884 554 1936 καὶ
583 1881 850 1953 ὀφθαλμὸν
877 1880 973 1934 κα).
992 1879 1264 1949 γλῶσσαν,
1294 1881 1388 1933 καὶ
1415 1879 1482 1951 τά
1515 1879 1649 1933 ἄλλα
1679 1878 1855 1933 πάντα

288 1975 434 2047 μετά
469 1974 565 2045 τὴν
587 1973 826 2027 διάλυσιν
855 1970 951 2025 τοῦ
980 1970 1351 2042 συγκρίματος
1381 1969 1481 2041 τὴν
1511 1970 1732 2042 Γραφὴν
1763 1970 1853 2022 λέ-

283 2084 405 2136 γειν
430 2063 687 2129 ὑπονοῶν,
714 2061 811 2117 τοῦ
845 2061 1049 2127 εἰκότος
1078 2062 1175 2131 οὑχ
1217 2062 1612 2131 ἁμαρτήσεται.
1656 2061 1720 2114 Εἰ
1761 2057 1854 2115 οὗν

279 2157 352 2210 τά
380 2155 498 2209 καθ’
517 2156 743 2208 ἕκαστον
774 2153 975 2223 ἀπάγει
1005 2152 1116 2223 (24)
1137 2152 1228 2205 τὸν
1257 2150 1381 2205 νοῦν
1409 2151 1507 2221 τῆς
1537 2153 1854 2223 σωματικῆς

280 2248 412 2318 περὶ
453 2246 545 2300 τοῦ
598 2245 934 2316 διηγήματος
972 2242 1314 2314 ὑπολήψεως,
1361 2242 1507 2306 εἰκὸς
1551 2243 1723 2314 δήπου
1758 2245 1854 2298 καὶ

275 2339 373 2393 τὸν
411 2335 848 2409 μνημονευθέντα
899 2334 992 2390 νῦν
1024 2334 1158 2405 ᾅδην
1193 2335 1268 2405 μὴ
1321 2334 1485 2387 τόπον
1524 2334 1646 2387 τινὰ
1680 2333 1853 2399 οὕτως

276 2430 678 2502 ὀνομαζόμενον
724 2426 953 2489 οίεσθαι,
989 2426 1126 2480 ἀλλὰ
1171 2442 1293 2479 τινα
1328 2425 1657 2480 κατάστασιν
1708 2426 1853 2496 ζωῆς

275 2522 431 2593 ἀειδῆ
479 2522 573 2576 καὶ
600 2519 907 2590 ἀσώματον,
936 2512 971 2593 ᾖ
1004 2517 1102 2589 τὴν
1127 2517 1304 2589 ψυχὴν
1339 2517 1674 2587 ὲμῦιοτεύειν
1703 2518 1854 2590 παρὰ

276 2613 382 2683 τῆς
422 2611 642 2682 Γραφῆς
673 2608 1104 2680 ὲκδιδασκόμεθα
1152 2609 1288 2682 (25).
1342 2608 1505 2663 Ἀλλά
1548 2610 1641 2663 κα).
1667 2608 1851 2681 ἕτερον

276 2707 338 2757 ἐν
381 2703 461 2774 τῷ
508 2702 650 2756 κατά
695 2700 790 2755 τὸν
848 2700 1101 2754 πλούσιον
1148 2701 1242 2766 καὶ
1286 2701 1503 2771 ’πτωχὸν
1556 2701 1851 2773 διηγήματι

275 2795 453 2865 δόγμα
484 2791 848 2864 μανθάνομεν,
875 2788 905 2843 δ
939 2788 1138 2861 πολλὴν
1178 2789 1290 2861 ἔχει
1322 2788 1435 2861 (26)
1478 2791 1615 2860 πρὸς
1639 2791 1710 2845 τὰ
1737 2792 1852 2863 ὲξη-

277 2884 525 2955 τασμένα
560 2881 659 2953 τὴν
697 2880 1024 2951 οἰκειότητα.
1071 2880 1358 2949 Ἐποίησεν
1398 2881 1606 2933 ἐκεῖνον
1634 2880 1725 2934 τὸν
1752 2882 1852 2951 ὲμ-

280 2973 428 3043 πιθῆ
458 2972 552 3027 καὶ
586 2970 932 3042 φιλόσαρκον,
982 2969 1170 3040 ἐπειδὴ
1211 2971 1274 3023 τὸ
1320 2969 1559 3039 ἄφυκτον
1606 2964 1716 3024 εῐδε
1752 2972 1851 3041 τῆς

1953 1884 2048 1948 tia,
2087 1891 2252 1954 atque
2275 1882 2615 1953 Scripturam
2654 1881 2836 1937 dicere
2862 1880 3179 1946 arbitretur,
3214 1889 3268 1936 et
3297 1880 3529 1952 digitum

1953 1975 2100 2030 circa
2135 1975 2310 2045 ipsam
2344 1973 2583 2028 animam
2632 1988 2754 2029 esse
2778 1981 2833 2030 et
2852 1974 3070 2029 oculum
3120 1981 3175 2027 et
3245 1973 3521 2043 linguam,

1952 2076 2256 2139 caeteraquc
2303 2068 2485 2123 omnia
2517 2069 2677 2122 etiam
2725 2071 2849 2136 post
2909 2064 3325 2120 dissolutionem
3401 2079 3528 2119 con-

1953 2160 2106 2226 creti,
2142 2174 2171 2213 a
2203 2158 2584 2229 probabilitate
2618 2172 2682 2213 ac
2714 2154 3192 2213 verisimilitudine
3229 2170 3337 2210 non
3369 2154 3533 2210 aber-

1951 2251 2110 2305 rabit.
2142 2250 2199 2304 Si
2250 2250 2416 2321 igitur
2444 2248 2745 2320 singularia
2776 2256 3010 2303 mentem
3040 2242 3320 2301 abducunt
3361 2246 3430 2299 ab
3457 2260 3524 2300 eo

1950 2344 2045 2413 qui
2072 2341 2138 2394 ad
2183 2356 2382 2411 corpus
2415 2340 2650 2396 refertur
2707 2336 3041 2393 narrationis
3090 2336 3392 2397 intellectu,
3432 2350 3531 2403 par

1949 2442 2003 2489 et
2034 2441 2457 2487 consentaneum
2489 2431 2748 2486 nimirum
2798 2437 2907 2494 est,
2937 2437 2994 2483 ut
3028 2434 3192 2485 etiam
3237 2435 3399 2484 modo
3424 2446 3530 2485 mc-

1950 2532 2220 2581 moratum
2248 2522 2538 2585 infernum,
2582 2537 2691 2576 non
2744 2522 2923 2577 locum
2969 2521 3059 2592 qui
3104 2522 3184 2577 sic
3222 2522 3534 2582 nominetur

1949 2627 2073 2668 esse
2100 2620 2375 2681 putemus,
2416 2611 2509 2665 sed
2536 2610 2825 2679 quemdam
2860 2609 2987 2664 vitae
3028 2619 3230 2665 statum
3268 2611 3527 2679 incorpo-

1948 2716 2125 2766 reum,
2165 2702 2258 2771 qui
2286 2700 2457 2755 videri
2489 2716 2598 2755 non
2639 2701 2829 2770 possit,
2866 2700 2920 2754 in
2957 2715 3067 2770 quo
3095 2700 3332 2754 animam
3359 2703 3528 2754 vitam

1948 2793 2144 2863 degere
2176 2807 2206 2846 a
2260 2792 2543 2862 Scriptura
2595 2792 2877 2847 docemur.
2941 2792 3119 2862 Atque
3155 2791 3319 2846 etiam
3366 2791 3531 2845 aliam

1950 2884 2004 2938 in
2041 2882 2352 2937 narratione
2365 2897 2486 2952 quae
2509 2882 2574 2936 ad
2599 2882 2822 2937 divitem
2863 2888 2918 2936 et
2934 2881 3243 2936 mendicum
3270 2882 3527 2950 pertinet,

1950 2983 2153 3031 certam
2189 2974 2510 3045 ﬁrmamque
2547 2974 2814 3031 discimus
2857 2972 3208 3037 sententiam,
3254 2986 3376 3042 quae
3409 2987 3527 3025 ma-

278 3065 411 3138 παρ¹
448 3063 643 3118 ἑαυτοῦ
672 3062 788 3134 (27)
820 3064 1122 3134 συμφορᾶς,
1153 3063 1408 3133 φροντίδα
1438 3062 1546 3116 τῶν
1578 3063 1717 3133 ὑπὲρ
1746 3062 1849 3130 γῆς

1957 3081 2110 3137 gnam
2153 3080 2277 3121 cum
2308 3067 2376 3121 iis
2405 3080 2526 3136 qua:
2564 3065 2797 3122 scrutati
2822 3073 3014 3120 sumus
3058 3070 3114 3119 et
3161 3061 3528 3129 excussimus,

276 3158 428 3229 αὗτῷ
470 3156 613 3211 κατά
652 3156 716 3210 τὸ
755 3154 911 3224 γένος
939 3153 1255 3224 προσεκτῶν
1283 3153 1397 3225 (28)
1426 3153 1592 3224 ἔχειν,
1631 3154 1723 3207 καὶ
1757 3153 1850 3205 τοῦ

288 3249 539 3321 ’Δὸραάμ
569 3248 816 3311 εἰπόντος
852 3247 926 3318 μὴ
954 3246 1289 3318 ἀπρονόητον
1316 3241 1454 3300 εἶναι
1474 3246 1580 3299 τῶν
1612 3247 1668 3299 ἐν
1692 3244 1854 3315 σαρκὶ

274 3343 493 3407 ζώντων
527 3340 640 3410 βίον
687 3340 824 3408 (29),
873 3338 1008 3392 ἀλλὰ
1058 3338 1179 3391 κατ’
1234 3336 1485 3402 ἐξουσίαν
1536 3334 1856 3406 προκεῖσθαι

274 3436 458 3495 αὐτοῖς
482 3433 584 3502 τὴν
621 3432 686 3484 ὲκ
727 3429 821 3484 τοῦ
867 3430 1035 3499 νόμου
1080 3428 1175 3482 καὶ
1212 3426 1323 3481 τῶν
1370 3426 1663 3499 προφητῶν
1708 3443 1858 3497 χειρ-

273 3523 555 3594 αγωγίαψ
611 3522 692 3575 ἔτι
738 3521 1078 3591 παραμένειν
1129 3519 1605 3591 προσλιπαροῦντα
1652 3520 1743 3574 τὸν
1781 3519 1854 3572 δίς

275 3632 433 3671 καιον
466 3616 602 3687 (50),
629 3616 777 3678 ὅπως
815 3613 882 3667 ἂν
926 3614 991 3666 ὲκ
1021 3612 1115 3665 τοῦ
1155 3612 1457 3683 παραδόξου
1490 3612 1713 3666 πιθανὸν
1755 3612 1848 3665 αὐ-

272 3708 389 3768 τοῖς
419 3705 482 3760 τὸ
520 3707 781 3776 κήρυγμα
812 3702 1044 3772 γένοιτο,
1083 3701 1187 3755 ὑπό
1219 3719 1364 3766 τινος
1394 3706 1460 3757 ὲκ
1496 3702 1606 3757 τῶν
1644 3702 1853 3775 νεκρῶν

272 3795 706 3858 ἀναϐεϐιωκότος
740 3792 1258 3863 καταγγελλόμενον.

1951 3157 2267 3211 aﬂinitatem
2302 3157 2485 3212 habet.
2518 3155 2670 3212 Facit
2727 3156 2880 3211 illum
2939 3156 3193 3210 humanis
3246 3154 3531 3210 atl‘ectibus

1952 3263 2017 3303 ac
2044 3245 2550 3317 perturbationibus
2566 3244 2884 3307 obnoxium,
2903 3248 3196 3314 carnisque
3222 3244 3528 3300 studiosum

1951 3339 2195 3402 divitem,
2252 3346 2607 3407 posteaquam
2667 3352 2735 3392 ex
2801 3350 2900 3393 sua
2956 3336 3271 3391 calamitate
3308 3350 3369 3390 se
3420 3350 3530 3389 non

1953 3445 2117 3500 posse
2137 3427 2382 3498 expediri
2422 3434 2477 3483 et
2494 3427 2731 3498 ell'ugere
2765 3427 3176 3492 animadvertit,
3210 3440 3401 3481 curam
3433 3425 3533 3479 ha-

1954 3520 2086 3578 bere
2128 3534 2318 3575 eorum
2347 3518 2441 3589 qui
2485 3534 2654 3590 super
2682 3527 2885 3575 terram
2931 3534 3054 3574 eum
3082 3533 3279 3590 genere
3310 3518 3533 3573 contin-

1957 3611 2185 3681 gebant;
2232 3625 2465 3681 cumque
2496 3610 2768 3666 Abraham
2800 3618 3053 3681 negasset
3113 3626 3301 3666 eorum
3348 3610 3439 3680 qui
3473 3610 3531 3664 in

1957 3716 2126 3758 carne
2146 3702 2391 3757 viverent
2418 3703 2586 3756 vitam
2612 3702 2939 3773 provisionis
2965 3709 3240 3772 expertem
3265 3715 3406 3766 esse,
3432 3700 3529 3755 sed

1961 3794 2181 3851 abunde
2216 3794 2299 3851 eis
2326 3794 2658 3865 propositam
2689 3809 2814 3849 esse
2839 3793 3143 3849 doctrinam
3175 3799 3340 3863 atque
3372 3791 3528 3847 insti-

274 3888 553 3943 tutionem
608 3885 741 3954 legis
788 3900 854 3940 ae
905 3883 1329 3954 prophetarum;
1357 3882 1549 3938 .adlntc
1583 3897 1933 3953 perseverare
1969 3883 2192 3939 divitem
2221 3884 2514 3939 instantem
2551 3898 2613 3938 ac
2655 3881 3005 3955 ﬂagitantem,
3054 3891 3199 3939 ntex
3235 3883 3531 3954 improviso

272 3987 338 4035 et
429 3978 710 4045 inopinato
754 3975 1025 4035 credibilis
1075 3975 1155 4032 eis
1208 3975 1524 4047 praedicatio
1575 3974 1750 4043 ﬁeret,
1793 3991 1914 4046 qua:
1961 3977 2029 4033 ab
2086 3976 2272 4047 aliquo
2324 3976 2416 4049 qui
2462 3991 2532 4033 ex
2596 3976 2825 4032 mortuis
2873 3975 3161 4033 revixisset
3233 3976 3528 4031 annuntia-

273 4079 361 4129 τρι
372 4087 407 4124 tt
415 4088 464 4125 r.

360 4182 423 4236 Γ.
454 4181 522 4235 Τί
555 4176 668 4246 οὖν,
712 4176 884 4247 εἷπον,
928 4183 988 4235 ὲν
1025 4182 1236 4244 τούτοις
1266 4182 1383 4235 ἐστὶ
1414 4181 1475 4235 τὸ
1505 4181 1681 4252 δόγμα
1710 4180 1859 4252 (51);

284 4306 358 4319 -
381 4274 457 4329 Μ.
500 4274 738 4345 Ἐπειδὴ,
763 4275 918 4345 φησί,
941 4273 1037 4328 τοῦ
1062 4275 1161 4345 μὲν
1190 4273 1439 4345 Λαζάρου
1472 4272 1610 4343 πρὸς
1631 4274 1744 4336 τοῖς
1764 4289 1860 4324 πα-

284 4365 477 4437 ροῦσιν
508 4363 731 4435 ἄσχολός
757 4367 905 4417 ἐστιν
927 4364 961 4434 ή
985 4362 1154 4435 ψυχὴ,
1176 4363 1269 4417 καὶ
1297 4363 1434 4433 πρὸς
1457 4362 1609 4415 οὐδὲν
1631 4362 1738 4415 τῶν
1759 4378 1861 4414 κα-

282 4455 679 4523 ταλειφθέντων
710 4455 912 4527 ἑαυτὴν
940 4454 1278 4525 ἐπιστρέφει,
1324 4455 1354 4508 ὁ
1392 4454 1449 4509 δὲ
1481 4453 1729 4518 πλούσιος
1754 4454 1863 4507 οἱο-

282 4548 368 4601 νεὶ
413 4547 529 4618 (52)
576 4548 671 4619 ἰξῷ
693 4565 802 4602 τινι
830 4549 898 4618 τῇ
939 4547 1170 4621 σαρκίνῃ
1198 4548 1310 4619 ζωῇ
1342 4548 1436 4602 κα)⁵
1471 4546 1610 4618 μετά
1634 4544 1861 4599 θάνατον

281 4639 364 4692 ἔτι
393 4639 751 4710 προσίσχεται
775 4639 913 4709 (33),
935 4641 1000 4709 ἦν
1021 4639 1142 4693 οὐδὲ
1162 4638 1510 4708 παυσάμενος
1532 4636 1627 4691 τοῦ
1647 4638 1745 4707 ζῇν
1764 4653 1862 4689 κα-

278 4722 463 4793 θαρῶς
486 4722 816 4786 ἀπεδύσατο,
848 4720 963 4775 ἀλλ’
993 4721 1073 4776 ἐτι
1100 4720 1250 4793 αὐτῷ
1272 4720 1360 4775 διά
1403 4720 1681 4793 φροντίδος
1706 4721 1857 4775 ἐστὶν

278 4815 314 4883 ἡ
356 4811 497 4882 σὰρξ
523 4813 618 4865 καὶ
662 4812 726 4865 τὸ
765 4806 906 4883 αἷμα
939 4812 1026 4880 (δι’
1058 4809 1133 4866 ὢν
1160 4813 1272 4884 γὰρ
1310 4813 1437 4876 τοὺς
1475 4811 1859 4875 κοινωνοῦντας

279 4902 429 4974 αὐτῷ
455 4902 551 4957 τοῦ
583 4903 774 4971 γένους
807 4903 1149 4976 ἐξαιρεθῆναι
1185 4904 1295 4957 τῶν
1321 4903 1505 4958 κακῶν
1540 4903 1731 4968 δεῖται,
1766 4904 1859 4974 δῆ-

276 4992 369 5058 λός
394 4993 513 5045 ἐστι
550 4993 717 5064 μήπω
759 4992 861 5063 τῆς
904 4994 1173 5065 σαρκικῆς
1196 4995 1306 5066 (5‘4)
1336 4993 1580 5057 ὲκλυθεὶς
1609 5012 1856 5066 προσπα-

374 5172 463 5245 l9)
493 5175 695 5245 Αὐτῆς
717 5172 931 5241 αἰτίας.
964 5172 1007 5228 Β
1023 5175 1234 5240 οὐσίας.

367 5244 463 5325 20)
517 5245 999 5325 Ἀνᾳμιχρεῑσινλ
1114 5247 1170 5301 in
1211 5252 1359 5325 textu
1392 5245 1742 5303 ἀνελθοῦσιν·
1797 5246 1850 5301 in

268 5314 526 5387 margine
554 5332 577 5387 7:
604 5314 911 5387 ἀναχθεῖσι.
948 5314 1012 5387 AB,
1032 5315 1397 5387 ἀνασχεθεῖσι.

342 5384 462 5457 (ξε)
489 5386 573 5457 οὐ
600 5384 743 5449 air;
766 5387 809 5438 Α
837 5384 1029 5457 Βμοῠδὲ
1062 5384 1182 5451 τήνς

366 5453 465 5525 22)
503 5453 923 5525 Ἀποτεέεσθῇ.
955 5455 995 5508 Α
1024 5453 1378 5525 ἀπετελέσθη.

370 5523 468 5657 23)
512 5524 633 5592 Τὴν
667 5520 800 5579 οὖν.
835 5520 974 5577 Aris!
999 5522 1111 5580 οὖν.

370 5594 440 5647 24
512 5592 765 5657 Ἀπάτει.
788 5598 833 5648 Α
863 5595 1111 5657 ἀπάγειν.

368 5592 465 5663 24)
512 5592 765 5662 Ἀπάγει.
788 5598 833 5648 Α
863 5595 1122 5663 ἀπάγειν.

500 5662 1029 5739 ςξκδιδιςσξόμεθά.
1073 5667 1115 5721 Δ
1138 5666 1514 5739 διδασκόμεθα.

348 5732 471 5798 (26)
499 5734 690 5801 Ἔχει.
717 5734 759 5789 Δ
792 5732 834 5791 Β
859 5732 997 5809 ἕξει.

344 5456 365 5657 3

2032 4177 2099 4235 G.
2128 4175 2390 4243 Qttaenam
2418 4176 2585 4248 igitur
2616 4178 2671 4232 in
2696 4177 2803 4243 his,
2836 4180 3083 4248 inquam,
3116 4177 3385 4233 sententia
3412 4178 3532 4230 est?

1955 4268 2120 4348 -μ
2145 4267 2439 4335 Quoniam,
2464 4268 2664 4338 inquit,
2691 4267 2881 4322 Lazari
2918 4267 3137 4336 quidem
3171 4268 3353 4321 anima
3381 4267 3530 4321 circa

1956 4360 2247 4431 praesentia
2283 4368 2549 4431 occupata
2588 4367 2693 4425 est,
2717 4367 2770 4414 et
2794 4360 2860 4415 ad
2895 4360 3101 4415 nullam
3133 4373 3320 4414 earum
3345 4373 3527 4412 rerum

1957 4460 2093 4513 quas
2125 4443 2419 4513 reliquerat
2473 4458 2594 4498 sese
2620 4445 2925 4511 convertit;
2984 4445 3137 4501 dives
3166 4452 3372 4511 autem,
3403 4455 3527 4501 tan-

1953 4548 2116 4606 quam
2147 4534 2296 4589 visco
2329 4532 2567 4601 cuidam,
2620 4536 2830 4590 carnali
2865 4536 2991 4591 vine
3021 4537 3188 4591 etiam
3223 4549 3347 4607 post
3380 4552 3529 4592 mor-

1949 4633 2059 4682 tem
2090 4625 2269 4681 adhuc
2297 4625 2538 4681 adhairet
2570 4645 2583 4680 :
2609 4644 2774 4698 quant
2814 4643 2914 4684 nec
2944 4644 3068 4682 cum
3101 4628 3280 4683 vivere
3307 4627 3529 4698 quidem

1950 4720 2204 4778 desiisset
2258 4720 2475 4790 penitus
2517 4726 2765 4780 exuerat.
2792 4719 2886 4775 sed
2918 4720 3095 4775 adhuc
3139 4719 3188 4775 ei
3217 4736 3362 4775 cura:
3401 4733 3532 4774 caro

1951 4822 2005 4870 et
2037 4811 2262 4883 sanguis
2284 4821 2398 4866 erat
2423 4812 2544 4883 (per
2562 4811 2667 4866 hoc
2697 4814 2846 4866 enim
2882 4811 3028 4883 quod
3056 4820 3208 4883 rogat
3232 4821 3289 4866 ut
3322 4812 3402 4868 illi
3434 4813 3528 4883 qui

1953 4902 2341 4959 communione
2363 4902 2580 4974 generis
2611 4917 2735 4957 eum
2773 4904 3186 4974 contingebant,
3219 4903 3381 4960 malis
3425 4904 3536 4960 cxi-

1962 5005 2260 5060 merentur,
2314 4995 2661 5066 perspicuum
2717 5002 2802 5050 est
2830 4995 2974 5066 quod
3029 4995 3272 5053 nondum
3327 4995 3533 5053 carnali

2031 5178 2144 5248 (27)
2177 5180 2318 5247 Hap‘
2342 5177 2584 5248 ἑαυτοῦ.
2622 5178 2664 5248 ᾼ
2704 5177 2825 5232 κατ’
2851 5175 3031 5248 αὐτόν.

2030 5244 2142 5315 (⁷28)
2170 5244 2547 5316 Πρὸσεκτῶν.
2572 5249 2612 5318 Α
2637 5247 2681 5301 Β
2699 5244 3104 5318 προσηκόντων.

2030 5319 2143 5386 (29)
2174 5320 2337 5372 Βίον.
2374 5318 2417 5371 Α
2450 5318 2541 5371 τὸν
2581 5317 2714 5385 βίον.

2030 5386 2142 5457 (50)
2176 5387 2436 5457 Amator.
2461 5386 2801 5457 Aﬁhodetov.

2031 5454 2145 5526 (3D
2170 5455 2246 5510 Τὸ
2271 5456 2479 5525 δόγμα.
2496 5455 2545 5526 Β
2574 5454 2717 5526 delet
2743 5456 2825 5511 τό.

2036 5522 2148 5595 (52)
2179 5522 2391 5581 Οιονεῖ.
2417 5527 2459 5578 Α
2493 5524 2535 5579 Β
2554 5522 2685 5579 οἷον.

2037 5599 2149 5667 (3'5)
2175 5597 2595 5669 "pOUIGZEth.
2633 5596 2672 5648 A
2704 5596 3050 5669 προσέχεται.

2038 5665 2149 5741 (Μ)
2184 5666 2498 5737 Σαρκικῆς.
2529 5665 2567 5719 Β
2594 5665 2877 5740 σαρκίνης.
