3990 6202
518 296 584 350 87

1773 307 1831 365 8.
1885 309 2217 365 GRECORII
2255 309 2549 366 NYSSENI

3736 306 3813 361 88

519 395 716 450 allecto
745 395 1024 451 exsolutus
1049 397 1209 464 erat),
1247 412 1338 464 per
1374 397 1495 461 has,
1532 398 1725 468 inquit,
1763 400 2102 456 narrationes

2219 401 2397 472 ὶείας),
2451 403 2515 456 ἐκ
2560 402 2783 465 τούτων,
2831 403 2982 472 gms),
3024 399 3130 453 τῶν
3171 397 3524 468 διηγημάτων
3558 396 3811 467 οἰόμεθα

519 485 900 541 existimamus
927 502 1155 542 censere
1201 487 1488 542 Dominum
1524 491 1673 559 quod
1720 502 1972 561 oporteat
2005 508 2103 546 eos

2219 493 2362 547 τοῦτο
2395 494 2504 564 (55)
2541 492 2887 564 δογματίζειν
2915 492 3004 546 τὸν
3035 490 3260 562 Κύριον,
3301 489 3362 542 τὸ
3401 489 3509 541 δεῖν
3553 489 3644 541 δτι
3695 490 3813 558 μά-

523 578 612 647 qui
639 579 694 632 in
726 579 1118 645 carnevivunt,
1149 594 1313 650 quam
1344 581 1579 636 maxime
1603 582 1905 636 secundum
1929 583 2104 636 virtu-

523 679 631 725 tem
662 669 915 734 vivendo,
938 671 1342 740 quodammodo
1393 673 1638 742 separari
1672 681 1725 727 et
1755 673 1996 743 expediri
2037 675 2105 728 ab

526 763 722 818 atlectu
757 765 965 828 carnis,
995 779 1062 819 ne
1104 772 1227 835 post
1282 773 1514 820 mortem
1553 765 1656 818 alia
1706 776 1881 820 morte
1905 783 2104 823 rursus

527 870 670 924 opus
715 855 1035 922 habeamus,
1068 871 1190 926 quae
1223 855 1484 924 reliquias
1511 855 1752 911 carnalis
1773 857 2000 928 glutinis
2029 874 2109 914 se-

529 955 700 1016 paret,
726 955 984 1001 excernat
1014 957 1067 1002 et
1102 959 1392 1018 expurget;
1444 947 1536 1003 sed
1570 957 1828 1018 tanquam
1871 950 2107 1007 vinculis

528 1040 736 1094 circum
767 1040 1000 1092 animam
1039 1041 1234 1109 ruptis,
1254 1041 1401 1094 nulla
1424 1053 1680 1109 corporea
1707 1039 1954 1094 molestia
1987 1055 2106 1093 eam

530 1129 596 1181 ad
626 1145 746 1184 sese
773 1133 1102 1193 attrahente,
1135 1131 1282 1185 celer
1323 1137 1375 1184 et
1399 1129 1685 1200 expeditus
1707 1130 1758 1183 ei
1790 1145 1988 1186 cursus
2040 1129 2106 1183 ad

535 1221 734 1274 bonum
767 1223 1066 1292 contingat.
1094 1219 1227 1274 Nam
1253 1221 1298 1276 si
1321 1223 1444 1292 quis
1470 1228 1652 1275 mente
1674 1221 1912 1275 carnalis
1949 1220 2108 1289 peni-

533 1321 621 1365 tus
647 1319 794 1368 totus
826 1311 1070 1366 redditus
1092 1311 1273 1377 fuerit,
1303 1320 1357 1366 et
1389 1312 1538 1365 omni
1570 1311 1738 1366 animi
1765 1319 1914 1366 motu
1944 1320 2108 1382 atque

531 1401 817 1457 ellicientia
851 1403 903 1455 in
945 1403 1315 1458 voluntatibus
1342 1404 1527 1457 carnis
1569 1411 1888 1472 occupetur,
1933 1403 1980 1458 is
2007 1417 2108 1457 nec

534 1495 578 1549 si
609 1506 758 1549 extra
790 1511 1010 1548 carnem
1046 1495 1268 1564 quidem
1299 1497 1558 1560 evaserit.
1602 1497 1671 1552 ab
1726 1497 2012 1551 aﬂectibus
2047 1511 2110 1551 ac

535 1587 1034 1654 perturbationibus
1074 1588 1193 1656 ejus
1227 1587 1454 1654 recedit,
1500 1588 1598 1643 sed
1651 1588 2107 1658 quemadmodum

535 1680 631 1746 illi,
671 1681 766 1750 qui
803 1682 857 1734 in
921 1679 1288 1736 fmtidioribus
1345 1680 1480 1735 locis
1529 1679 1738 1734 diutius
1786 1680 2108 1734 commorati

532 1784 682 1840 sunt,
710 1789 811 1830 nec
845 1775 888 1830 si
931 1775 1200 1844 inpurum
1227 1773 1468 1844 quidem,
1507 1787 1729 1828 suavem
1755 1779 1806 1826 et
1837 1786 2113 1826 ammnum

535 1881 716 1922 aerem
767 1867 1106 1931 transierint,
1144 1866 1340 1936 integri
1364 1879 1430 1919 ac
1466 1865 1625 1919 vacui
1657 1872 1787 1919 sunt
1814 1863 1882 1918 ab
1905 1864 2000 1917 illo
2031 1865 2116 1917 in-

535 1963 692 2030 grato
722 1965 776 2013 et
805 1957 1102 2025 injucundo
1151 1957 1319 2010 odore
1347 1971 1507 2026 quem
1540 1965 1757 2025 propter
1804 1955 2104 2009 diuturnio-

537 2062 652 2105 rem
696 2048 752 2102 in
811 2062 876 2104 eo
923 2051 1408 2103 commorationem
1440 2055 1841 2102 contraxerunt
1880 2046 1999 2100 :ita
2050 2062 2116 2101 ne

537 2148 650 2193 tum
683 2139 926 2208 quidem,
949 2153 1074 2192 eum
1101 2139 1340 2192 carnalis
1391 2138 1526 2204 vita,
1559 2153 1686 2192 cum
1723 2139 1916 2194 subtili
1947 2148 2002 2193 et
2029 2138 2116 2192 in-

537 2228 737 2284 visibili
765 2235 1096 2282 commutata
1122 2226 1306 2290 fuerit,
1355 2226 1472 2282 lieri
1527 2227 1703 2298 possit
1743 2227 1877 2298 quin
1931 2229 2118 2281 carnis

539 2326 786 2375 amantes
819 2334 1042 2388 prorsus
1079 2318 1359 2372 attrahant
1388 2319 1594 2388 aliquid
1627 2335 1694 2375 ex
1743 2319 2117 2390 graveolentia

539 2420 703 2480 atque
731 2410 924 2465 [cetere
946 2407 1333 2464 carnali.Unde
1348 2411 1658 2480 gravioreis
1683 2411 1839 2467 dolor
1864 2412 2082 2467 exsistit
2101 2452 2116 2475 ,

539 2515 663 2556 cum
694 2516 759 2556 ex
806 2499 1119 2567 huiusmodi
1146 2499 1559 2554 circumstantia
1592 2500 1774 2554 anima
1803 2501 1974 2570 magis
2005 2515 2118 2554 ma-

547 2592 756 2647 terialis
786 2591 1042 2647 evaserit.
1091 2589 1321 2644 Videtur
1355 2597 1536 2644 autem
1575 2591 1760 2661 aliquo
1809 2590 1969 2644 modo
1993 2607 2117 2646 cum

541 2681 856 2752 hujusmodi
911 2682 1170 2752 opinione
1233 2682 1524 2737 concinere
1589 2690 1753 2753 atque
1803 2684 2118 2751 convenire,

541 2774 683 2844 quod
710 2787 1082 2844 saepenumero
1108 2791 1140 2830 a
1166 2773 1442 2829 nonnullis
1465 2773 1688 2838 dicitur,
1708 2773 1952 2842 conspici
1974 2773 2121 2828 vide—

541 2868 668 2922 licet
697 2867 842 2922 circa
876 2866 1183 2921 conditoria
1239 2874 1403 2937 atque
1455 2866 1784 2936 repositoria
1825 2880 2118 2936 corporum

543 2960 856 3015 umbratilia
909 2959 1154 3029 quaedam
1207 2967 1422 3029 spectra
1475 2966 1839 3013 mortuorum.
1891 2957 2026 3012 Nam
2072 2959 2120 3014 si

2146 1745 2187 1799 Β

2205 588 2360 642 λιστα
2385 590 2513 653 τοὺς
2543 591 2601 642 ἐν
2629 588 2792 659 σαρκὶ
2833 586 3191 668 βιοτεύοντας,
3221 585 3309 639 διὰ
3335 585 3434 654 τῆς
3463 578 3627 638 {uti
3669 585 3813 654 cipe—

2205 680 2303 749 τὴν
2327 679 2469 750 ζωῆς
2490 720 2505 744 ,
2527 679 2852 752 χωρίζεσθαί
2885 696 3002 742 πως
3045 679 3139 732 καὶ
3170 676 3498 731 ἀπολύεσθαι
3525 677 3630 747 τῆς
3661 675 3813 746 πρὸς

2207 771 2376 842 αὐτὴν
2409 771 2668 840 σχέσεως,
2708 772 2794 823 ἵνα
2827 771 2962 842 μετᾶ
2995 770 3084 823 τὸν
3125 769 3351 824 θάνατον
3381 771 3454 840 μὴ
3489 769 3662 822 πάλιν
3709 769 3813 822 ἄλ-

2206 862 2299 916 λου
2332 863 2562 917 Θανάτου
2609 863 2877 935 δεώμεθα,
2907 865 2976 918 τὰ
3007 863 3234 933 λείψανα
3268 861 3378 933 (56)
3430 862 3532 931 τῆς
3580 859 3812 931 σαρκὼο

2206 954 2330 1017 δους
2385 953 2581 1025 κόλλης
2645 953 3105 1023 ἁποκαθαίροντος
3158 952 3302 1022 (57)’
3355 949 3492 1003 ἀλλὰ
3537 951 3809 1019 καθάπερ

2207 1042 2420 1112 δεσμῶν
2449 1045 2547 1112 τὴν
2572 1043 2750 1113 ψυχὴν
2789 1042 2898 1113 (58)
2929 1059 2995 1094 πε
3004 1041 3393 1114 ριρραγέντων.
3428 1041 3631 1110 κοῦφος
3658 1042 3809 1112 αὐτῇ

2210 1138 2303 1190 καὶ
2333 1137 2518 1200 ἄνετος
2563 1137 2591 1188 ὁ
2627 1135 2762 1206 πρὸς
2803 1136 2863 1189 τὸ
2903 1135 3106 1204 ἀγαθὸν
3149 1134 3372 1202 γένηται
3401 1133 3624 1203 δρόμος,
3655 1131 3814 1184 οὐδε-

2213 1229 2340 1298 μιᾶς
2395 1225 2555 1280 αὑτὸν
2614 1226 2724 1295 (59)
2787 1226 3104 1297 σωματικῆς
3157 1223 3446 1294 ἀλγηδόνος
3492 1223 3606 1292 (40)
3659 1223 3810 1293 πρὸς

2210 1314 2406 1385 ἑαυτὴν
2455 1314 2796 1385 ἁφελκούσης
2842 1316 2974 1386 (41).
3035 1315 3123 1377 Ὧς
3163 1313 3214 1366 εῐ
3250 1331 3333 1378 τις
3388 1314 3508 1378 ὅλος
3557 1313 3626 1366 δι’
3659 1313 3809 1366 ὅλων

2209 1407 2629 1479 ἀποσαρκωθείη
2671 1410 2735 1478 τῇ
2777 1407 3002 1478 διανοίᾳ.
3036 1407 3212 1460 πᾶσαν
3259 1406 3436 1476 ψυχῆς
3479 1404 3700 1471 κίνησίν
3746 1421 3810 1455 τε

2211 1499 2305 1552 καὶ
2343 1498 2623 1570 ἐνέργειαν
2663 1499 2722 1552 ἐν
2767 1501 2879 1562 τοῖς
2925 1497 3190 1568 θελήμασι
3249 1498 3346 1567 τῆς
3391 1495 3590 1569 σαρκὸς
3635 1497 3812 1565 ἀσχο-

2211 1589 2340 1654 λῶν,
2377 1593 2406 1644 ὁ
2435 1589 2675 1654 τοιοῦτος
2713 1591 2834 1646 οὐδὲ
2861 1591 2961 1661 τῆς
2989 1589 3189 1662 σαρκὸς
3219 1589 3324 1655 ἔξω
3351 1589 3649 1658 γενόμενος
3692 1586 3812 1638 τῶν

2215 1685 2334 1738 κατ’
2375 1683 2543 1753 αὐτὴν
2589 1683 2924 1753 παθημάτων
2955 1682 3269 1752 χωρίζεται,
3301 1679 3548 1750 καθάπερ
3585 1679 3705 1750 (42)
3753 1679 3808 1731 οἱ

2217 1777 2310 1828 ἐπὶ
2361 1773 2521 1828 πλέον
2581 1774 3019 1845 ἐνδιατρίψαντες
3061 1775 3176 1836 τοῖς
3223 1771 3642 1843 δυσωδεστέροις
3691 1769 3810 1824 τῶν

2215 1867 2421 1931 τόπων,
2471 1864 2592 1918 οὐδὲ
2625 1865 2673 1916 εί
2711 1864 2847 1934 πρὸς
2893 1863 2981 1916 τὸν
3029 1861 3258 1916 εὔπνουν
3303 1861 3440 1931 ἀέρα
3491 1857 3809 1928 μετέλθοιεν

2217 1954 2578 2026 καθαρεύουσι
2605 1954 2706 2024 τῆς
2729 1951 2969 2023 ἀηδείας,
3001 1953 3068 2022 ἢν
3109 1951 3196 2005 διὰ
3219 1949 3318 2019 τῆς
3343 1948 3716 2020 χρονιωτέρας
3745 1947 3806 1998 ἐν

2217 2051 2352 2121 αὐτῇ
2384 2049 2658 2119 διαγωγῆς
2685 2046 3016 2118 ἀναμίξαντο
3068 2046 3180 2115 (15)
3207 2063 3220 2076 ·
3275 2044 3446 2104 οὕτως
3493 2043 3614 2096 οὐδὲ
3664 2043 3807 2112 πρὸς

2217 2141 2308 2196 τὸν
2333 2141 2469 2213 ἀηδῆ
2495 2140 2606 2212 (Η)
2638 2140 2732 2194 καὶ
2769 2139 3035 2192 ἄϐλεπτον
3071 2139 3180 2209 (45)
3211 2138 3323 2208 βίον
3359 2138 3460 2206 τῆς
3496 2135 3806 2207 μεταδολῆς

2216 2235 2550 2304 γενομένης,
2597 2231 2816 2285 δυνατὸν
2867 2230 2933 2284 ἂν
2981 2231 3066 2300 εἴη
3118 2231 3242 2292 τοὺς
3306 2228 3669 2299 φιλοσάρκους
3726 2227 3804 2296 μὴ

2218 2322 2546 2394 ἀφέλκεσθαί
2581 2321 2692 2393 (46)
2724 2339 2776 2375 τι
2812 2321 3030 2382 πάντως
3075 2321 3177 2389 τῆς
3228 2318 3498 2390 σαρκικῆς
3529 2317 3640 2388 (47)
3676 2315 3806 2368 δυσ-

2218 2414 2402 2478 ωδίας,
2447 2414 2513 2467 δι’
2544 2406 2618 2467 ὧν
2668 2411 2780 2483 (48)
2812 2412 2973 2465 πλέον
3006 2412 3245 2481 αύτοῖςή
3284 2409 3442 2479 ὀδύνη
3487 2408 3802 2479 βαρύνεται,

2220 2504 2590 2575 ὑλωδεστέρας
2615 2505 2679 2557 ἐκ
2715 2502 2972 2572 τοιαύτης
3009 2502 3119 2571 (49)
3165 2501 3540 2571 περιστάσεως
3566 2499 3666 2569 τῆς
3697 2500 3806 2568 ψυ-

2219 2597 2318 2667 χῆς
2344 2597 2636 2668 γινομένης
2665 2595 2798 2666 (50).
2829 2597 2985 2648 Δοκεῖ
3011 2594 3070 2648 δέ
3103 2611 3221 2657 πως
3254 2592 3391 2664 πρὸς
3410 2591 3662 2662 τοιαύτην
3687 2591 3802 2661 (51)

2220 2687 2491 2759 ὑπόληψιν
2529 2686 2775 2757 συνᾴδειν
2801 2685 2829 2740 ὃ
2857 2686 3010 2756 παρά
3049 2702 3208 2738 τινων
3247 2685 3464 2752 λέγεται
3492 2682 3625 2753 (52),
3676 2683 3803 2735 πολ-

2219 2779 2376 2843 λάκις
2413 2779 2642 2850 ὁρᾶσθαι
2679 2780 2779 2843 τὰς
2825 2779 2952 2850 περ).
2981 2779 3095 2847 (55)
3125 2777 3236 2830 τῶν
3285 2764 3554 2847 δωμάτων
3597 2776 3800 2838 θέσεις,

2221 2871 2456 2943 σκιοειδῆ
2513 2889 2636 2926 τινα
2691 2871 2800 2925 τῶν
2856 2869 3259 2940 κατοιχομένων
3307 2869 3685 2938 φαντάσματα.
3739 2869 3800 2920 El

2220 2964 2329 3037 γὰρ
2358 2966 2499 3018 τοῖόν
2527 2981 2577 3017 τι
2600 2964 2711 3034 (54)
2731 2963 2959 3032 γίνεται,
2989 2962 3158 3024 οὕτως
3190 2961 3472 3030 ἐλέγχεται
3495 2961 3594 3029 τῆς
3620 2959 3801 3029 ψυχῆς

544 3068 731 3108 revera
761 3053 836 3107 ita
855 3053 934 3119 lit,
964 3061 1342 3122 argumentum
1367 3051 1708 3108 estanimam
1733 3051 1874 3106 ultra
1895 3049 2116 3105 modum

2223 3059 2256 3128 ὴ
2291 3058 2433 3128 πέρα
2468 3056 2561 3109 τοῦ
2593 3056 2803 3118 δέοντος
2841 3055 3094 3126 γινομένη
3121 3053 3231 3127 (55)
3262 3053 3357 3107 νῦν
3392 3053 3526 3124 πρὸς
3548 3052 3638 3104 τὸν
3665 3069 3800 3122 σαρ-

544 3161 694 3200 nunc
746 3146 801 3200 in
831 3145 933 3200 bac
957 3145 1068 3200 vita
1102 3144 1275 3202 fuisse
1320 3159 1448 3215 erga
1501 3144 1776 3199 carnalem
1801 3143 1968 3198 vitam
1994 3141 2124 3199 υσθ-

544 3245 716 3302 ctam,
739 3237 876 3293 adeo
904 3246 964 3293 ut
992 3253 1059 3294 ne
1079 3253 1245 3294 carne
1273 3237 1492 3308 quidem
1518 3246 1744 3292 extrusa
1775 3236 1938 3307 plane
1961 3236 2030 3292 ab
2058 3253 2124 3293 ea

542 3329 675 3384 velit
701 3329 937 3393 avolare,
961 3344 1138 3400 neque
1175 3330 1476 3385 concedere
1535 3336 1594 3384 ut
1647 3328 1897 3383 absoluta
1950 3330 2124 3400 tigura

548 3420 617 3475 ad
652 3419 706 3474 id
737 3421 884 3490 quod
916 3421 1160 3490 conspici
1206 3437 1315 3478 non
1377 3428 1561 3490 potest
1601 3429 1658 3476 et
1685 3419 1877 3474 formae
1928 3435 2124 3490 expers

546 3520 653 3577 est,
686 3513 1074 3566 transmutatio
1108 3511 1221 3574 ﬁat,
1251 3512 1344 3567 sed
1383 3514 1531 3566 circa
1555 3512 1793 3581 speciem
1833 3519 2124 3584 postquam

547 3600 758 3668 species
782 3599 1051 3656 dissoluta
1085 3599 1246 3655 fuerit
1280 3603 1444 3656 etiam
1473 3618 1622 3657 nunc
1651 3613 1888 3669 maneat,
1920 3611 1975 3659 et
1998 3619 2124 3659 eum

543 3691 656 3758 jam
692 3699 847 3744 extra
884 3705 1003 3746 eam
1061 3690 1319 3756 evaserit,
1361 3692 1508 3747 illius
1563 3693 1838 3749 desiderio
1883 3696 2129 3750 materiae

550 3782 686 3836 locis
755 3783 992 3847 oberret,
1026 3782 1348 3855 circumque
1408 3800 1472 3841 ea
1512 3793 1760 3840 versetur
1821 3794 1984 3855 atque
2034 3802 2128 3841 va-

546 3879 722 3942 gctur.

619 3978 659 4033 G
671 4022 684 4033 .
702 3985 814 4049 Ego
828 3996 960 4034 vero
974 3983 1252 4052 paululum
1264 3988 1653 4056 commoratus,
1669 3990 1898 4060 repetita
1911 3992 2130 4041 senten-

551 4067 624 4120 tia
655 4083 844 4123 eorum
884 4085 1005 4139 quia
1035 4071 1181 4127 dicta
1205 4081 1384 4138 erant,
1417 4071 1670 4137 Videtur,
1718 4076 1964 4144 inquam,
1992 4077 2128 4132 mihi

548 4176 613 4215 ex
644 4160 711 4216 iis
729 4176 848 4231 qua:
865 4161 1027 4218 modo
1051 4162 1196 4218 dicta
1230 4171 1383 4228 sunt,
1411 4165 1678 4221 exsistere
1699 4165 1964 4236 quiddam
2003 4182 2130 4224 con-

2227 3147 2368 3218 κώδη
2429 3146 2544 3217 βίον
2591 3146 2962 3218 προσπὰθεια,
3008 3146 3083 3210 ὡς
3135 3145 3270 3216 μηδὲ
3320 3143 3647 3209 ὲξωσθεῖσαν
3700 3144 3801 3211 τῆς

2225 3239 2426 3310 σαρκὸς
2454 3238 2709 3310 καθαρῶς
2735 3237 2901 3308 αὐτὴν
2934 3238 3046 3307 (56)
3071 3237 3272 3290 ἐθέλειν
3303 3236 3638 3305 ἀφίπτασθαι
3663 3236 3798 3304 (57),

2229 3329 2363 3402 μηδὲ
2400 3331 2701 3402 συγχωρεῖν
2727 3328 2825 3399 τὴν
2854 3329 3085 3397 παντελῆ
3126 3327 3369 3397 γίνεσθαι
3403 3327 3514 3396 (58)
3562 3327 3697 3398 πρὸς
3739 3327 3799 3378 τὸ

2225 3420 2402 3483 ἀειδὲς
2427 3419 2521 3473 τοῦ
2557 3421 2834 3490 σχήματος
2873 3418 3248 3489 μεταποίησιν,
3286 3417 3421 3471 ἀλλὰ
3463 3418 3798 3499 παραμένειν

2227 3514 2307 3566 ἔτι
2351 3513 2431 3583 τῷ
2464 3513 2592 3566 εῖδει
2635 3512 2774 3582 μετὰ
2817 3511 2877 3565 τὸ
2905 3511 3129 3582 λυθῆναι
3172 3511 3236 3563 τὸ
3275 3505 3438 3574 εἶδος,
3469 3511 3562 3564 καὶ
3591 3510 3691 3574 ἔξω
3715 3527 3796 3576 γεο

2227 3605 2457 3675 νομένην
2483 3605 2584 3675 Ιἤδη
2612 3604 2800 3658 τούτου
2821 3603 2971 3674 πόθῳ
2998 3605 3109 3666 τοῖς
3135 3604 3233 3674 τῆς
3255 3603 3385 3673 ὕλης
3406 3602 3796 3656 ἐπι-πλανᾶσθαι

2227 3697 2432 3761 τόποις,
2471 3698 2567 3751 καὶ
2602 3698 2730 3768 περὶ
2759 3697 2956 3760 αὐτοὺς
2992 3695 3448 3766 ἀναστρέφεσθαι.

2295 3987 2354 4041 Γ.
2389 3989 2531 4060 Ἐγὼ
2551 3992 2606 4048 δὲ
2632 3990 2823 4065 μικρὶν
2845 3987 3084 4059 ἐπισχὼν
3115 3987 3212 4043 καὶ
3234 3984 3518 4040 ἀναλαϐὼν
3549 3984 3645 4056 τὴν
3689 3981 3793 4034 τῶν

2229 4078 2535 4150 εἰρημένων
2561 4078 2820 4144 διάνοιαν,
2851 4080 3010 4139 Δοκεῖ
3044 4095 3152 4148 μοι,
3186 4073 3358 4140 εἶπον,
3389 4079 3503 4138 τοῖς
3533 4077 3657 4146 περὶ
3691 4094 3793 4128 παρ

2229 4171 2338 4226 θῶν
2365 4171 2475 4243 (59)
2522 4170 3018 4244 προεξητασμένοις
3048 4168 3376 4224 ἀνακύπτειν
3407 4170 3469 4220 ἐκ
3514 4167 3619 4220 τῶν
3657 4169 3792 4238 εἰρηο

547 4254 778 4309 trarium
811 4255 880 4312 iis
929 4272 1049 4326 qua:
1078 4257 1147 4313 de
1175 4256 1462 4314 affectibus
1504 4273 1569 4313 ac
1619 4259 2116 4329 perturbationibus

2233 4262 2408 4332 μένων
2441 4279 2527 4324 τις
2553 4261 2883 4324 ἐναντίωσις.
2920 4261 2982 4314 Ei
3009 4261 3118 4330 γὰρ
3149 4261 3213 4313 ἐκ
3235 4258 3334 4329 τῆς
3361 4257 3498 4328 πρὸς
3528 4256 3595 4310 τὰ
3630 4257 3795 4325 ἄλογα

549 4354 705 4401 antea
726 4361 958 4404 excussa
979 4357 1143 4420 atque
1169 4350 1484 4404 examinata
1509 4357 1658 4405 sunt.
1695 4347 1834 4404 Nam
1863 4350 1910 4406 si
1940 4366 2008 4406 ex
2057 4367 2116 4409 ea

2232 4354 2552 4422 συγγενείας
2579 4352 2835 4424 ἐνομίσθη
2866 4352 2938 4406 τὰ
2975 4351 3198 4406 τοιαῦτα
3235 4349 3337 4420 τῆς
3367 4348 3545 4419 ψυχῆς
3586 4349 3641 4400 ἐν
3664 4348 3793 4419 ἡμῖν

545 4450 666 4504 qua:
692 4452 816 4491 cum
846 4438 1023 4496 brutis
1045 4449 1131 4496 est
1155 4443 1478 4511 cognatione
1503 4442 1638 4498 tales
1657 4443 1709 4496 in
1737 4445 1894 4501 nobis
1926 4447 2116 4502 animae

2227 4445 2566 4518 ἐνεργεῖσθαι
2607 4447 2903 4518 κινήματα,
2945 4445 3044 4498 ὅσα
3077 4441 3401 4516 προσλαϐὼν
3431 4439 3542 4510 (60)
3576 4438 3604 4491 ὁ
3643 4437 3793 4506 λόγος

547 4536 729 4586 motus
757 4529 892 4586 ellici
942 4541 1225 4601 putantur,
1271 4534 1462 4604 quales
1495 4533 1745 4604 superior
1776 4537 2116 4592 enumeravit

2223 4537 2670 4610 ἀπηριθμήσατο,
2706 4537 2876 4610 θυμόν
2903 4554 2963 4590 τε
3003 4536 3097 4590 καὶ
3137 4535 3321 4606 φόδον,
3365 4534 3460 4587 κα).
3491 4530 3675 4603 ἡδονὴν
3699 4534 3790 4586 καὶ

638 4706 728 4776 55)
762 4707 940 4761 Τοῦτο
977 4707 1120 4764 delet
1151 4712 1216 4762 A.

639 4777 730 4848 se)
765 4777 840 4830 Τὰ
860 4778 1024 4845 λείψ.
1061 4780 1094 4830 Α
1124 4779 1218 4831 τοῦ
1248 4780 1315 4834 τὰ
1342 4779 1483 4848 λείψ.

616 4844 732 4916 (57)
773 4844 1328 4917 Ἀποκαθαίροντος.
1356 4851 1400 4902 Α
1424 4844 1478 4903 in
1499 4851 1744 4923 margine
1774 4852 2123 4909 ἀποδιιστῶνο

555 4931 655 4974 τος.

617 4983 730 5062 (ἓξ)
769 4985 888 5062 Τὴν
914 4989 1143 5062 ψυκῇντ
1179 4989 1225 5043 Α
1255 4990 1297 5044 Β
1324 4993 1390 5061 τῇ
1419 4989 1588 5062 ψυχῇ·

637 5054 726 5128 5?)
764 5057 979 5128 ᾼὺτόν.
1005 5054 1275 5128 ’Βαύτήψ

636 5124 728 5200 40)
764 5125 1149 5200 ίΑλγηδόνος.
1182 5124 1223 5181 Β
1256 5130 1570 5200 ἀχθηδόνος.

640 5195 731 5271 ᾗ.)
771 5195 1197 5271 ᾎςρετικούσης.
1231 5200 1271 5253 Β
1295 5195 1656 5271 έφέλκώσης.

763 5264 1060 5344 ζςαθάπςῖρ.
1089 5269 1132 5323 Α
1155 5264 1202 5323 Β
1219 5264 1368 5344 papa
1389 5264 1660 5344 καθάπερ.

767 5337 1168 5413 ξΑνιίιίίξίιν-ςο.
1201 5342 1244 5394 Α
1272 5342 1313 5413 Β
1349 5335 1704 5413 ἀνεμάξαντο.

614 5402 726 5488 ea
767 5402 1051 5488 anew
1083 5411 1125 5463 Β
1153 5412 1326 5488 asas.

615 5473 729 5544 (45)
774 5473 1126 5536 Ἀσλὲπτον.
1158 5483 1214 5544 Λ,
1235 5473 1448 5538 λεπτόν.

767 5548 1178 5622 ίᾼφέλκεςσθαι.
1206 5543 1254 5606 ίΑ
1283 5555 1323 5604 Β
1361 5555 1698 5622 ἐφέλκεσθαι.

765 5612 1084 5694 ζῖᾴίζκικῆς.
1115 5622 1155 5674 Β
1184 5612 1459 5694 σαρκίνης.

611 5681 726 5751 (48)
750 5681 960 5741 Δι’ίῶν.
997 5681 1051 5742 Κ
1076 5692 1128 5745 in
1161 5681 1407 5764 margine
1422 5681 1494 5748 δι’
1525 5691 1607 5753 οὗ.

613 5053 634 5260 ἓ

2287 4718 2400 4790 (49)
2439 4721 2741 4788 Τοιαύτης.
2770 4719 2813 4772 Β
2842 4719 2945 4790 τῆς
2970 4716 3249 4790 τοιαύτης.

2296 4788 2408 4860 (50)
2437 4792 2788 4859 Γενομένης.
2817 4790 2862 4843 Α
2885 4788 3200 4860 γενομένης.

2293 4855 2406 4928 (51)
2438 4855 2594 4928 Πρὸξ
2629 4855 2923 4926 τοιαύτην.
2956 4855 3162 4928 Απρὸς
3191 4855 3291 4928 τὴν
3315 4855 3586 4928 τοιαύτην.

2296 4923 2411 4999 (52⁷)
2453 4923 2513 4983 ’ὁ
2547 4923 2708 4999 παρά
2739 4923 2916 4983 τινων
2961 4923 3215 4997 λέγεται.
3247 4923 3417 4999 ’Βητδ
3463 4923 3532 4980 πζ
3554 4943 3603 4999 τ.
3641 4923 3785 4999 λέγε-

2225 4996 2366 5054 σθαι.
2397 4996 2438 5053 Α
2474 5001 2529 5055 in
2559 4996 2802 5070 margine
2828 4999 2891 5052 τὸ
2915 4996 3174 5062 πολλάκις
3206 4997 3358 5066 παρά
3384 5013 3544 5050 τινων
3574 4996 3788 5065 λεγόμε-

2225 5087 2312 5123 νον
2343 5070 2593 5123 ὁρᾶσθαι.

2224 5087 2312 5125 νον
2343 5087 2593 5125 οοασυαι.

2294 5087 2312 5124 ν
2343 5087 2593 5140 ορασυαι.

2294 5140 2407 5210 (55)
2447 5141 2556 5205 Τὰς
2585 5140 2739 5207 περι.
2769 5141 2814 5192 Α
2843 5140 2886 5191 Β
2914 5139 3041 5210 περὶ
3065 5139 3181 5202 τάς.

2289 5205 2402 5274 (54)
2436 5209 2603 5264 Τοῖόν
2623 5205 2696 5281 τὶ.
2731 5210 2772 5261 Β
2799 5211 2878 5281 τῷ
2906 5205 3017 5263 δντί
3038 5210 3265 5281 γίνεται
3295 5205 3489 5272 οὕτως.

2293 5281 2406 5352 (55)
2436 5280 2750 5352 Γινολιένη.
2785 5282 2827 5334 Α
2850 5279 3138 5352 γενομένη.

2296 5350 2409 5420 (56)
2443 5350 2668 5416 Αὐτὴν.
2706 5350 2746 5401 Β
2775 5351 2963 5420 αὐτῆς.

2297 5417 2410 5489 (57)
2455 5421 2858 5489 Ἆφίπτασθαι.
2891 5417 2937 5473 Α
2968 5417 3318 5487 ἐφίπτασθαι.

2296 5489 2408 5559 (58)
2444 5493 2747 5544 Γίνεσθαι.
2781 5492 2822 5542 Β
2859 5489 3132 5559 γενέσθαι.
3183 5542 3190 5549 ,

2300 5558 2412 5629 (59)
2440 5560 2668 5616 Παθῶν.
2705 5563 2749 5613 Α
2783 5561 2822 5611 Β
2847 5558 2954 5612 τῶν
2989 5559 3200 5629 παθῶν.

2300 5628 2414 5702 (60)
2441 5630 2820 5700 Προσλαόὡν.
2853 5630 2896 5683 Δ
2925 5628 3233 5702 προλαϐών.

2383 4718 2408 4927 l
