3990 6202
243 284 319 345 89,
1328 283 1419 338 DE
1443 283 1660 339 ANIMA
1701 283 1789 339 ET
1820 284 2424 343 RESUBRECTIONE.
3433 286 3504 343 90

242 397 567 470 ἐπιθυμίαν,
594 398 687 452 καὶ
710 395 781 451 τὰ
813 397 1037 452 τοιαῦτα
1059 414 1072 428 ·
1099 398 1313 471 εἴρηται
1343 400 1402 454 δὲ
1423 402 1523 472 τὴν
1568 402 1665 470 μὲν
1691 403 1821 470 ἀγα·

1937 404 2116 470 ποιὶο,
2164 400 2301 459 iram
2355 400 2612 459 videlicet
2651 407 2705 455 et
2753 405 2980 465 metum,
3019 408 3073 454 et
3125 398 3502 472 cupiditatem,

243 493 347 565 θὴν
369 490 483 544 τῶν
520 489 773 544 τοιούτων
820 490 1015 561 χρῆσιν
1056 490 1257 563 ἀρετὴν
1299 488 1461 558 εἶναι,
1502 492 1590 547 διὰ
1632 493 1688 546 δὲ
1727 494 1827 564 τῆς

244 578 595 649 ὲσφαλμένης
639 577 739 651 τὴν
783 578 986 634 κακίαν
1030 578 1271 649 γίνεσθαι
1324 580 1467 653 (61)⁶
1518 572 1833 653 προσέθηκε

242 670 304 723 δὲ
332 670 363 724 ὁ
399 669 552 737 λόγος
574 669 807 724 ἑκάστου
848 685 910 722 τε
937 667 1045 723 τῶν
1070 668 1245 724 ἄλλων
1267 668 1368 742 τὴν
1410 670 1548 742 πρὸς
1577 672 1667 725 τὸν
1705 674 1826 726 κατ’

245 759 450 833 ἀρετὴν
477 759 593 829 βίον
639 760 1022 832 συνεισφορὰν,
1047 761 1129 815 ὅτι
1157 761 1225 815 δι’
1255 761 1366 832 (62)
1395 761 1686 834 ἐπιθυμίαν
1712 762 1822 833 (65)

242 849 383 924 πρὸς
430 849 522 904 τὸν
570 849 706 904 Θεὸν
760 850 1096 922 ἀναγόμεθα,
1150 847 1262 906 οἷόν
1306 869 1430 906 τινα
1475 853 1661 923 σειρὰν
1712 852 1833 925 (64).

242 941 491 997 κάτωθεν
517 941 656 1013 πρὸς
689 942 853 998 αὐτὸν
890 943 1260 1014 ἀνελκόμενοι,
1303 943 1450 998 δοκεῖ
1494 963 1633 1009 πως,
1666 943 1821 1017 ἔφην,

247 1032 627 1089 ἐναντιοῦσθαι
674 1030 811 1103 πρὸς
843 1029 933 1082 τὸν
972 1027 1173 1081 σκοπὸν
1214 1028 1243 1080 ὁ
1278 1026 1453 1097 λόγος.
1484 1057 1556 1068 -
1586 1030 1661 1083 M.
1704 1030 1835 1105 HG);

247 1125 439 1179 τοῦτον
474 1124 586 1193 (65)
617 1122 825 1192 λέγεις;
859 1121 1043 1190 φησίν.
1071 1150 1136 1161 -
1159 1119 1217 1174 Γ.
1250 1121 1368 1173 ’Ότι
1397 1138 1498 1187 τοι,
1534 1116 1706 1190 εἶπον,
1728 1127 1828 1196 τῆς

1927 501 1980 548 et
1994 494 2343 563 voluptatem,
2368 489 2927 561 caeteraqueejusdem
2955 491 3277 561 modi.atqui
3295 489 3503 549 dictum

1924 592 2008 639 est
2058 583 2266 643 bonum
2319 582 2538 655 quidem
2592 580 2783 636 horum
2845 596 3003 637 usum
3051 582 3311 637 virtutem
3357 598 3503 649 esse,

1926 690 2022 744 per
2078 689 2304 745 pravum
2346 688 2475 738 vero
2529 673 2721 728 vitium
2770 674 3039 730 exsistere
3072 692 3085 727 :
3117 672 3318 743 adjecit
3371 676 3502 731 item

1924 766 2101 823 oratio
2135 780 2262 821 cum
2283 774 2605 821 caeterorum
2634 766 2699 820 ad
2731 780 2849 821 eam
2874 766 3042 825 vitam
3085 781 3205 837 quae
3228 781 3353 820 cum
3385 766 3503 821 vir-

1925 869 2038 917 tute
2057 861 2451 932 transigeretur
2489 861 2954 917 coutributionem
3005 868 3061 916 et
3098 860 3499 932 adjumcntum.

1926 963 2039 1008 tum
2065 952 2210 1023 quod
2263 967 2359 1023 per
2390 953 2895 1025 concupiscentiam
2933 953 3003 1007 ad
3051 952 3222 1009 Deum
3254 954 3502 1008 tollimur

1922 1052 2085 1115 atque
2112 1042 2398 1114 erigimur,
2446 1044 2616 1100 veluti
2646 1052 2840 1100 catena
2868 1044 3103 1115 quadam
3142 1059 3211 1100 ex
3259 1044 3504 1099 infcriori

1923 1138 2042 1193 loco
2066 1150 2284 1191 sursum
2312 1136 2379 1191 ad
2428 1151 2552 1192 eum
2588 1136 2829 1201 attracti,
2851 1137 3066 1193 videtur
3097 1136 3382 1201 nimirum,
3417 1136 3503 1190 in-

246 1217 445 1285 ἀλὸγου
476 1215 656 1286 πάσης
699 1214 968 1283 κινήσεως
1008 1211 1146 1283 μετὰ
1178 1212 1278 1283 τὴν
1304 1211 1568 1285 κάθαρσιν
1611 1216 1669 1268 ὲν
1694 1216 1825 1288 ἡμῖν

1937 1242 2105 1297 luam,
2138 1227 2325 1297 aliquo
2350 1228 2512 1282 modo
2542 1228 2718 1282 oratio
2751 1228 2855 1282 sibi
2886 1227 3162 1283 contraria
3192 1242 3314 1283 esse
3340 1235 3506 1296 atque

245 1304 699 1375 ἀποσϐεσθείσης,
731 1302 850 1356 οῦδὲ
882 1303 943 1355 τὸ
970 1301 1367 1372 ἐπιθυμητικὸν
1393 1304 1609 1368 πάντως
1633 1304 1782 1363 ἔσται
1804 1322 1817 1337 ⁸

245 1397 440 1451 τούτου
467 1397 525 1451 δὲ
562 1396 636 1466 μὴ
672 1394 825 1458 ὄντος
853 1393 961 1447 οὐδ’
988 1392 1055 1448 ἂν
1089 1396 1122 1465 ἠ
1158 1393 1252 1447 τοῦ
1296 1395 1601 1465 κρείττονος
1635 1397 1821 1466 ἔφεσις

245 1489 356 1561 εἴη,
388 1487 612 1560 μηδενὸς
638 1486 1052 1556 ὑπολειφθέντος
1065 1487 1129 1557 τῇ
1150 1485 1295 1558 ψυχῇ
1320 1487 1556 1542 τοιούτου
1582 1490 1817 1560 κινήμα-

243 1597 359 1643 τος,
383 1578 477 1633 τοῦ
505 1578 643 1651 πρὸς
659 1579 759 1646 τὴν
786 1577 963 1649 ὄρεξιν
994 1577 1105 1646 (66)
1128 1578 1237 1632 τῶν
1261 1578 1483 1647 ἀγαθῶν
1500 1580 1815 1651 ἐπεγείρον-

1934 1305 2219 1381 proposito
2246 1306 2552 1363 adversari.
2575 1339 2647 1350 —
2666 1309 2734 1364 M.
2760 1310 2880 1377 Quo
2900 1320 3061 1382 pacto
3090 1313 3192 1368 hoc
3218 1315 3397 1371 dicis?
3423 1316 3510 1388 in-

1935 1398 2054 1467 quit
2086 1397 2367 1467 magistra.
2389 1427 2461 1439 -—
2477 1396 2544 1455 G.
2565 1397 2833 1466 Quoniam
2855 1400 3003 1455 omni
3022 1401 3511 1475 rationisexperle,

1935 1489 2181 1559 inquam,
2213 1498 2363 1544 motu
2392 1500 2516 1560 post
2547 1493 2926 1562 purgationem
2949 1492 3005 1546 in
3030 1494 3190 1549 nobis
3210 1496 3505 1563 exstincto,

1934 1597 2004 1638 nc
2030 1581 2456 1652 concupiscendi
2487 1583 2704 1653 quidem
2727 1584 2808 1639 vis
2841 1599 3068 1654 prorsus
3093 1586 3199 1642 erit
3233 1601 3378 1658 :qua
3411 1587 3507 1643 de—

240 1671 526 1734 τος.-Μ.
550 1670 715 1725 Ἀλλὰ
740 1667 872 1739 πρὸς
891 1666 1072 1730 τοῦτο,
1095 1668 1258 1738 φησὶν
1270 1668 1405 1741 (67),
1420 1669 1594 1723 ἐκεῖνό
1617 1688 1813 1742 φαμεν,

1937 1674 2176 1740 licientc,
2209 1689 2479 1744 nusquam
2512 1675 2641 1731 boni
2669 1674 3005 1732 desiderium
3030 1675 3212 1740 fuerit,
3232 1691 3355 1737 cum
3384 1677 3506 1731 nul—

240 1762 328 1814 ὅτι
357 1762 418 1815 τὸ
446 1760 784 1833 θεωρητικόν
805 1777 863 1814 τε
897 1761 990 1814 καὶ
1021 1759 1356 1833 διακριτικὸν
1395 1759 1523 1813 ἴδιόν
1563 1763 1679 1815 ἐστι
1720 1764 1813 1817 τοῦ

240 1852 519 1917 θεοειδοῦς
536 1856 634 1923 τῆς
652 1852 846 1923 ψυχῆς,
871 1852 992 1905 ἐπεὶ
1016 1851 1111 1905 καὶ
1140 1852 1201 1905 τὸ
1228 1851 1378 1905 Θεῖον
1398 1852 1456 1905 ὲν
1482 1850 1693 1917 τούτοις
1724 1872 1813 1908 κοι⁴

234 1944 681 2015 ταλαμϐάνομεν.
712 1945 776 1997 Et
802 1943 979 1998 τοίνυν
1008 1944 1119 1997 εἴτε
1139 1947 1205 1999 ὲκ
1230 1944 1329 2015 τῆς
1348 1943 1443 1998 νῦν
1469 1946 1811 2011 ἐπιμελείας,

237 2024 357 2075 εἴτε
397 2025 457 2075 ἐκ
495 2024 593 2095 τῆς
648 2024 788 2094 μετὰ
824 2025 997 2080 ταῦτα
1046 2024 1369 2097 καθάρσεως
1402 2026 1513 2098 (68)
1561 2027 1820 2100 ἐλευθέρα

237 2114 456 2183 γένοιτο
481 2118 611 2191 ἡμῖν
641 2120 674 2191 ἡ
708 2118 854 2191 ψυχὴ
892 2120 992 2193 τῆς
1024 2118 1161 2192 πρὸς
1187 2120 1257 2174 τὰ
1288 2120 1460 2189 ἄλογα
1489 2121 1595 2175 τῶν
1629 2123 1817 2177 παθῶν

239 2209 543 2278 συμφυΐας,
593 2210 747 2264 οὐδὲν
791 2210 931 2283 πρὸς
976 2211 1077 2284 τὴν
1118 2211 1211 2266 τοῦ
1251 2210 1418 2266 καλοῦ
1467 2212 1702 2284 Θεωρίαν
1742 2215 1821 2268 ὲν-

238 2299 662 2372 αποδισθήσεται
691 2301 824 2374 (69).
857 2302 931 2356 Τὸ
960 2303 1067 2376 γὰρ
1093 2302 1258 2357 καλὸν
1291 2303 1537 2356 ὲλκτικόν
1560 2322 1678 2369 πως
1706 2305 1818 2377 (70)

241 2390 388 2444 κατὰ
412 2390 513 2463 τὴν
538 2392 730 2448 ἑαυτοῦ
764 2394 876 2465 (71)
907 2395 1069 2465 φύσιν
1110 2395 1311 2460 παντὸς
1345 2396 1439 2449 τοῦ
1469 2396 1607 2469 πρὸς
1645 2398 1822 2453 ἐκεῖνο

242 2483 557 2552 βλέποντος.
604 2485 667 2540 ΕΞ
709 2482 803 2540 οὖν
835 2487 1018 2560 πάσης
1052 2487 1251 2552 κακίας
1290 2490 1325 2559 ἡ
1371 2487 1517 2560 ψυχὴ
1558 2489 1821 2561 καθαρεύ-

243 2592 414 2639 σειεν,
450 2578 513 2631 ὲν
546 2577 625 2649 τῷ
652 2577 805 2649 καλῷ
828 2577 1047 2641 πάντως
1095 2579 1269 2635 ἔσται.
1304 2563 1487 2635 Καλὸν
1509 2580 1567 2634 δὲ
1603 2584 1670 2653 τῇ
1698 2583 1822 2635 ἑαυ-

242 2666 339 2719 τοῦ
364 2668 527 2738 φύσει
555 2668 619 2722 τὸ
652 2668 806 2724 Θεῖον
827 2670 964 2741 πρὸς
1000 2670 1029 2723 ὃ
1056 2670 1145 2727 διὰ
1174 2672 1276 2750 τῆς
1312 2672 1683 2745 καθαρότητος
1722 2672 1819 2746 τὴν

246 2756 545 2824 συνάφειαν
570 2757 681 2826 ἔξει
708 2758 788 2830 τῷ
812 2758 997 2831 οἰκείῳ
1031 2762 1431 2833 συναπτομένη.

1936 1767 2022 1820 lus
2046 1766 2316 1836 ejusmodi
2342 1777 2523 1823 metus
2543 1766 2739 1823 anima:
2762 1766 2989 1823 relictus
3019 1768 3090 1821 sit
3109 1766 3202 1838 qui
3223 1768 3507 1824 excitetad

1934 1858 2235 1929 appetitum
2262 1858 2555 1914 bonorum.
2580 1886 2652 1899 -—
2674 1857 2744 1914 Μ.
2774 1860 2845 1913 At
2872 1858 3132 1915 adversus
3153 1859 3277 1925 hoc,
3307 1860 3505 1932 inquit,

1937 1949 2069 2004 illud
2119 1949 2382 2016 dicimus,
2421 1949 2567 2020 quod
2593 1949 2914 2020 speculandi
2955 1965 3018 2005 ac
3054 1949 3394 2020 dijudicandi
3423 1952 3511 2009 vis

1934 2043 2159 2111 propria
2188 2051 2271 2098 est
2292 2041 2412 2112 ejus
2440 2044 2635 2099 anima:
2663 2044 2836 2113 partis
2874 2058 2994 2113 quae
3030 2042 3138 2097 Deo
3171 2042 3364 2099 similis
3393 2054 3505 2110 est,

1934 2133 2196 2202 quoniam
2218 2132 2383 2188 etiam
2402 2134 2651 2189 divinam
2670 2148 2875 2189 numen
2902 2149 2998 2203 per
3018 2134 3133 2188 haec
3148 2133 3507 2203 comprehen-

1934 2222 2138 2278 dimus.
2160 2222 2236 2295 (α)
2261 2222 2320 2278 Si
2339 2239 2472 2294 ergo
2500 2225 2587 2281 vel
2602 2239 2750 2280 nunc
2777 2224 3019 2279 adhibita
3048 2239 3180 2279 cura
3201 2231 3363 2295 atque
3376 2224 3503 2280 dili-

1933 2314 2221 2383 gentia,vel
2235 2315 2465 2386 posthac
2478 2315 2715 2387 perignis
2726 2316 3104 2385 purgationem
3118 2316 3297 2369 anima
3316 2326 3503 2372 nostra

1935 2404 2108 2461 libera
2132 2404 2296 2461 fuerit
2317 2406 2385 2461 ab
2405 2421 2469 2462 ea
2492 2407 2878 2476 conjunctione
2903 2421 3011 2478 qua
3038 2420 3160 2462 cum
3173 2406 3383 2460 ratione
3411 2420 3505 2460 ca-

1934 2497 2187 2553 rentibus
2206 2496 2491 2553 all'ectibus
2507 2497 2713 2552 coaluit
2726 2506 2890 2567 atque
2900 2496 3351 2560 concrevit,nulla
3366 2512 3421 2552 re
3433 2497 3505 2553 ad

1934 2584 2063 2642 boni
2079 2594 2135 2642 et
2157 2587 2374 2642 honesti
2391 2587 2908 2657 contemplationem
2925 2586 3252 2658 impedietur
3269 2605 3282 2641 :
3299 2587 3503 2641 bonum

1939 2688 2118 2735 autem
2148 2687 2201 2734 et
2223 2679 2511 2734 honestum
2531 2692 2652 2734 eam
2679 2678 2786 2734 vim
2812 2694 2881 2735 ex
2901 2679 2987 2736 sui
3011 2687 3208 2734 natura
3228 2679 3411 2745 habet,
3443 2684 3507 2733 ut

1938 2770 2205 2842 quidquid
2240 2772 2293 2825 in
2334 2769 2468 2825 illud
2494 2770 2790 2840 intueatur,
2820 2771 2878 2828 id
2904 2772 2973 2827 ad
3012 2787 3072 2829 se
3100 2770 3511 2843 quodammodo

257 2852 530 2907 attrahat.
582 2849 641 2904 Si
684 2848 853 2919 igitur
876 2847 1056 2901 anima
1083 2846 1152 2901 ab
1184 2848 1332 2901 omni
1365 2847 1656 2905 vitiositate
1686 2866 1823 2921 pura
1861 2852 2047 2921 fuerit,
2078 2857 2133 2912 in
2168 2857 2313 2914 bono
2333 2866 2392 2914 ot
2410 2854 2638 2915 honesto
2666 2869 2893 2929 prorsus
2924 2862 3048 2916 erit.
3076 2864 3281 2918 Bonum
3313 2873 3493 2919 autem

257 2949 314 2998 et
338 2943 631 2997 honestum
669 2955 734 2994 ex
771 2939 855 2995 sui
895 2950 1091 2994 natura
1127 2954 1330 2995 numen
1370 2940 1613 2996 divinum
1642 2951 1747 3008 est,
1777 2959 1902 3001 cum
1943 2963 2053 3018 quo
2094 2966 2190 3021 per
2219 2951 2510 3018 puritatem
2552 2952 2736 3006 anima
2776 2954 3212 3028 conjunctionem
3249 2957 3491 3024 habebit,

256 3033 463 3105 quippe
497 3046 621 3087 cum
650 3031 872 3101 proprio
892 3029 1173 3085 cohmrens
1208 3035 1375 3099 atque
1400 3031 1734 3089 coalescens.

316 3197 380 3254 Ei
407 3194 503 3253 οὖν
525 3198 684 3254 τοῦτο
715 3200 948 3268 γένοιτο,
977 3202 1160 3257 οὐκέτι
1188 3201 1341 3259 ἔσται
1372 3202 1531 3275 χρεία
1571 3205 1671 3277 τῆς
1705 3206 1830 3261 κατ’

244 3289 542 3362 ἐπιθυμίαν
579 3292 876 3362 κινήσεως,
916 3292 951 3365 ἢ
1003 3294 1142 3365 πρὸς
1169 3293 1233 3349 τὸ
1277 3293 1444 3348 καλὸν
1482 3296 1595 3367 (72)
1629 3299 1834 3369 ἠγεμοο

243 3381 447 3437 νεύσει.
503 3383 567 3436 '0
588 3382 699 3456 γὰρ
725 3384 787 3438 ἐν
825 3384 1009 3439 σκότει
1030 3385 1133 3457 τὴν
1164 3386 1442 3458 διαγωγὴν
1483 3386 1644 3459 ἔχων.
1679 3382 1835 3453 οὗτος

244 3473 305 3526 ὲν
346 3471 617 3545 ἐπιθυμίᾳ
665 3472 760 3528 τοῦ
812 3475 994 3544 φωτὸς
1035 3474 1224 3531 ἔσται·
1276 3479 1326 3531 ei
1368 3478 1424 3531 δὲ
1463 3478 1522 3531 ὲν
1569 3477 1648 3549 τῷ
1695 3478 1836 3549 φωτὶ

245 3565 479 3633 γένοιτο,
508 3565 608 3638 τὴν
646 3567 945 3639 ἐπιθυμίαν
974 3568 1252 3636 ἐκδέξεται
1283 3571 1317 3642 ἡ
1356 3570 1681 3635 ἀπόλαυσις,
1709 3572 1743 3642 ἠ
1772 3570 1831 3627 δὲ

245 3656 471 3721 ἐξουσία
489 3661 590 3729 τῆς
610 3659 964 3725 ἀπολαύσεως
991 3662 1170 3734 ἀργὴν
1198 3663 1294 3716 καὶ
1318 3662 1485 3718 ἕωλον
1519 3663 1620 3734 τὴν
1652 3661 1833 3717 ἐπιθυ-

249 3748 382 3818 μίαν
402 3750 717 3820 ἐργάζεται.
747 3751 961 3807 Οὐκοῦν
989 3752 1213 3824 οὐδεμία
1233 3771 1317 3818 τις
1339 3752 1492 3808 ἔσται
1515 3754 1604 3808 διὰ
1625 3753 1831 3809 τούτων

246 3840 429 3909 ζημία
476 3842 614 3911 πρὸς
651 3842 748 3915 τὴν
790 3844 886 3898 τοῦ
935 3844 1142 3914 ἀγαθοῦ
1204 3846 1529 3917 μετουσίαν,
1571 3848 1621 3901 εί
1666 3847 1834 3900 τοιοὺ-

244 3946 365 3983 των
394 3929 512 4001 (73)
554 3932 590 4002 ἡ
615 3931 757 4005 ψυχὴ
787 3934 1106 4006 κινημάτων
1136 3933 1396 4006 ἐλευθέρα
1420 3934 1649 4003 γένοιτο,
1692 3934 1832 4007 πρὸς

244 4021 461 4095 ἑαυτὴν
496 4022 656 4078 πάλιν
690 4026 1076 4094 ἐπανελθοῦσα,
1107 4026 1199 4080 καὶ
1235 4025 1437 4098 ἑαυτὴν
1473 4026 1718 4098 ἀκριϐῶς
1750 4028 1830 4079 εί-

246 4115 419 4170 δοῦσα
455 4118 592 4187 (74),
612 4116 696 4172 οἷα
732 4121 799 4187 τῇ
828 4116 988 4188 φύσει
1014 4117 1151 4182 ἐστὶ,
1186 4118 1279 4173 καὶ
1305 4113 1417 4173 οἷον
1456 4119 1513 4172 ὲν
1542 4118 1832 4190 κατόπτρῳ

252 4208 349 4261 καὶ
367 4207 536 4262 εικόνι
560 4208 650 4262 διά
674 4209 783 4263 τοῦ·
798 4210 998 4265 οἰκείου
1021 4209 1251 4274 κάλλους
1278 4210 1419 4283 πρὸς
1449 4209 1512 4264 τὸ
1529 4210 1834 4281 ἀρχέτυπον

253 4299 549 4369 βλέπουσα.
599 4301 840 4373 ’Δληθῶς
875 4301 985 4374 γάρ
1022 4303 1080 4354 ὲν
1118 4302 1293 4372 τούτῳ
1337 4300 1484 4355 ἐστιν
1513 4301 1688 4355 είπείν
1733 4302 1834 4373 τὴν

2005 3204 2066 3263 Si
2089 3202 2257 3275 igitur
2291 3201 2400 3258 hoc
2436 3188 2722 3265 acciderit,
2770 3212 2881 3253 non
2911 3192 3149 3265 amplius
3199 3192 3523 3263 cupiditatis

1932 3307 2115 3354 motus
2142 3310 2281 3366 opus
2310 3294 2438 3357 erit,
2464 3292 2560 3363 qui
2598 3289 2756 3346 nobis
2807 3295 3010 3359 prteeat
3030 3301 3095 3343 ac
3124 3285 3233 3341 dux
3263 3285 3337 3339 sit
3359 3288 3429 3341 ad
3460 3285 3515 3341 id

1932 3389 2081 3462 quod
2113 3389 2317 3444 bonum
2348 3393 2404 3441 et
2420 3385 2712 3439 honestum
2755 3388 2876 3438 est:
2912 3394 3035 3435 nam
3068 3378 3162 3448 qui
3187 3378 3244 3433 in
3278 3376 3524 3433 tenebris

1932 3483 2107 3538 vitam
2129 3479 2301 3551 degit,
2329 3478 2381 3533 is
2407 3477 2586 3533 lucem
2612 3473 3031 3539 desideraverit,
3081 3471 3174 3541 qui
3203 3469 3249 3525 si
3266 3469 3322 3525 in
3346 3469 3522 3523 lucem

1937 3572 2271 3646 pervenerit,
2303 3584 2480 3640 eaque
2524 3566 2633 3623 frui
2665 3581 2730 3622 ac
2780 3564 2948 3637 potiri
3007 3562 3256 3633 (πωροι-ῆι,
3315 3575 3526 3617 concu-

1937 3668 2152 3738 piscere
2180 3671 2346 3735 atque
2398 3660 2718 3718 desiderare
2773 3657 3005 3715 desinet.
3072 3653 3332 3710 Facultss
3374 3652 3526 3708 enim

1941 3766 2107 3829 atque
2128 3764 2372 3829 potestas
2399 3752 2645 3825 potiendi
2673 3758 2839 3823 atque
2869 3747 3091 3805 fruendi
3124 3761 3317 3802 vanam
3356 3753 3412 3801 et
3440 3745 3529 3801 in-

1940 3848 2131 3905 utilem
2154 3846 2319 3905 allicit
2348 3844 2723 3915 cupiditatem.
2755 3840 3027 3907 Quocirca
3054 3852 3153 3908 per
3172 3836 3290 3890 haec
3312 3834 3527 3889 nullum

1942 3939 2342 3996 detrimentum
2369 3933 2584 3991 accidet
2638 3932 2706 3987 ad
2738 3931 2869 3987 boni
2918 3928 3421 4001 participationem,
3478 3924 3527 3980 si

1937 4045 2136 4088 rursus
2165 4028 2233 4084 ad
2257 4043 2380 4086 sese
2403 4028 2586 4083 anima
2615 4038 2862 4089 reversa,
2882 4038 2947 4079 ac
2959 4023 3118 4092 plene
3142 4037 3262 4078 sese
3293 4034 3529 4075 noscens

1939 4136 2049 4194 qua
2080 4129 2278 4176 natura
2310 4119 2539 4191 praedita
2572 4117 2668 4185 sit,
2699 4124 2755 4173 et
2783 4116 2936 4172 velut
2960 4116 3015 4169 in
3050 4113 3279 4183 speculo
3309 4123 3363 4168 et
3386 4112 3530 4166 ima-

1938 4213 2066 4284 gine
2089 4227 2185 4283 per
2224 4210 2504 4280 propriam
2558 4205 3024 4279 pulchritudinem
3052 4203 3121 4257 ad
3171 4201 3529 4286 principalem

1939 4301 2265 4373 respiciens,
2292 4314 2323 4353 a
2348 4298 2552 4352 talibus
2608 4295 2853 4351 moribus
2909 4293 3077 4357 libera
3109 4290 3294 4345 fuerit.
3338 4290 3396 4344 In
3425 4291 3532 4344 hoc

160 4382 179 4401 ⁸
253 4389 457 4462 ἀκρισῆ
485 4390 627 4463 πρὸς
653 4391 716 4446 τὸ
741 4390 896 4448 Θείον
940 4388 1079 4449 εἶναι
1110 4392 1390 4465 ὁμοίωσιν,
1431 4393 1490 4446 ὲν
1528 4390 1608 4464 τῷ
1653 4394 1830 4465 μιμεῖ-

1940 4394 2088 4451 enim
2123 4390 2394 4448 verelicet
2429 4387 2616 4444 dicere
2640 4387 2859 4459 plenam
2893 4391 2949 4440 et
2968 4382 3277 4439 absolutam
3301 4396 3425 4438 esse
3447 4380 3534 4434 di-

350 4569 446 4709 6!)
471 4572 779 4628 Γίνεσθαι.
822 4574 866 4629 Β
893 4572 1160 4643 γενέσθαι.
1478 4622 1488 4631 .

350 4640 420 4696 ϐἳ
473 4642 596 4696 Ὀτι
628 4642 726 4697 δι’.
758 4643 801 4695 Β
824 4645 920 4698 καὶ
944 4645 1027 4699 ὅτι
1052 4644 1147 4699 δι’.
1175 4644 1220 4697 Α
1250 4645 1335 4700 ὅτι
1363 4642 1478 4699 καί.

349 4640 445 4700 ϐἳ)
473 4642 596 4696 Ὀτι
628 4642 726 4697 δι’.
758 4643 801 4695 Β
824 4640 920 4698 καὶ
944 4645 1027 4699 ὅτι
1052 4644 1147 4699 δι’.
1175 4644 1220 4697 Α
1250 4645 1335 4700 ὅτι
1363 4642 1478 4699 καί.

353 4711 447 4784 (ᾗ)
488 4712 864 4784 Ἐπιθυμίαν.
900 4714 943 4766 Β
968 4715 1281 4784 ξπιθυμίας.

352 4781 447 4845 65)
478 4782 618 4851 Τιτὰ
642 4781 858 4851 σειρὰν

860 4823 875 4836 .
976 4782 1018 4836 Β
1042 4782 1150 4857 τινὶ
1176 4786 1353 4857 σειρᾷ.

355 4850 445 4921 65)
477 4848 613 4918 Πῶς
638 4848 877 4908 τοῦτον.
914 4852 960 4907 Α
995 4854 1112 4917 πῶς
1143 4854 1236 4909 τοῦ

638 4853 877 4908 τοῦτον.
914 4852 960 4907 Α
995 4854 1112 4917 πῶς
1143 4852 1322 4910 τοῦτοξ

353 4920 447 4995 66)
484 4921 747 4995 ξορεξιν.
773 4923 815 4976 Β
838 4922 1019 4995 ὄρεξιν
1044 4923 1217 4995 (λέγω.

331 4991 447 5063 (67)
473 4993 694 5061 Matr.
720 4992 766 5046 Δ
787 4991 951 5065 φησιν
979 4996 1012 5065 ἠ
1034 4991 1368 5057 διδάσκαλος.

332 5194 413 5266 (α)
446 5196 729 5266 Σχόλιον.
753 5194 848 5266 ANe
872 5195 937 5250 de
966 5195 1207 5250 omnibus
1233 5194 1330 5250 hoc
1356 5211 1476 5251 eum
1507 5194 1709 5266 dixisse
1731 5193 1848 5266 eici-

256 5264 469 5348 stiin'es.
621 5266 701 5348 de.
722 5264 830 5348 illis
861 5267 933 5348 ‘in
961 5265 1148 5348 quibus
1186 5281 1383 5348 parum
1406 5264 1850 5348 qui-adam‘oitio-

253 5354 336 5392 sae
382 5336 508 5391 sitve
561 5335 761 5407 fuerim
797 5330 1055 5407 reliquiw,
1083 5330 1201 5406 quai-
1230 5330 1444 5407 propter
1481 5330 1851 5407 inﬁrmitatem

253 5408 442 5462 carnis
474 5408 624 5460 venia
661 5406 833 5476 dignm
864 5405 970 5460 sint
993 5420 1011 5457 :
1040 5423 1073 5460 a
1098 5405 1223 5476 quo,
1262 5405 1468 5476 anintas
1491 5405 1709 5474 purgari
1732 5405 1850 5457 ait:

252 5473 735 5561 quemadmodum
786 5477 949 5561 etiam
977 5476 1072 5561 alii
1096 5473 1316 5558 quidam
1338 5545 1353 5561 Δ
1373 5473 1807 5561 Patresfenseiit
1830 5488 1850 5527 :

258 5542 337 5626 iis
374 5545 570 5626 quibus
614 5556 702 5626 est
750 5548 943 5626 _etiam_
977 5542 1285 5626 Dionysius
1319 5545 1682 5626 Areopagitat.
1713 5542 1851 5625 Item

254 5612 580 5672 Diadoclius
610 5614 839 5690 Pbotica:
857 5612 1153 5690 episcopus.
1163 5612 1215 5690 Ν
1218 5616 1285 5671 isi
1297 5615 1436 5690 enim
1448 5614 1512 5690 id
1523 5612 1855 5690 intellexeri-

258 5702 410 5757 mus,
446 5697 497 5742 et
524 5686 764 5745 omnibus
794 5685 917 5750 aliis
946 5685 1278 5754 doctoribus,
1305 5695 1356 5743 et
1390 5685 1492 5742 sibi
1518 5685 1618 5757 ipsi
1642 5693 1852 5741 eontra-

2018 4572 2134 4646 (68)
2166 4572 2614 4646 καθάρσεωςηᾹ
2654 4571 2708 4626 in
2744 4568 2990 4646 margine
3016 4565 3333 4646 πυρώσεως.

2041 4635 2132 4713 69)
2176 4635 2765 4708 Ἐναᾶτοδισθήσεται.
2792 4641 2842 4713 A_
2932 4635 3408 4713 ἐμποδισθήσιται.

2048 4706 2136 4785 70)
2176 4706 2667 4785 Exauspicch
2698 4714 2749 4785 ᾼ
2776 4710 2928 4765 addit
2956 4706 3093 4762 ἐστί.

2046 4781 2137 4850 71)
2183 4782 2457 4838 Ἑαυτοῦ.
2490 4782 2533 4833 Β
2560 4781 2747 4836 αὑτοῦ.

2046 4846 2137 4917 72)
2171 4855 2328 4922 Πρὸς
2359 4854 2427 4907 τὸ
2459 4853 2669 4906 καλόν.
2697 4852 2739 4904 Α
2769 4856 2828 4922 et
2854 4850 2897 4901 Β
2928 4847 3134 4922 addunt
3163 4846 3317 4918 ἡμῖν.

2025 4925 2136 4993 (7'5)
2170 4919 2457 4993 Τοιούτων
2481 4924 2730 4993 sequitur
2767 4920 2822 4976 in
2852 4919 3052 4993 Afrt'bv.

2023 4985 2137 5066 (74)
2173 4992 2456 5048 Εἱδοῦσα.
2484 4994 2530 5046 Α
2551 4985 2594 5045 Β
2618 4992 2819 5049 ίδοῦσα.
2843 4990 2962 5044 Ain
2994 4985 3242 5059 margine
3272 4986 3465 5040 εἰδυῖα.

1950 5192 2034 5246 ria
2076 5191 2333 5246 dicentem
2364 5190 2720 5246 ostendemus.
2755 5188 2969 5244 Dicebat
2993 5188 3134 5243 enim
3165 5193 3287 5243 ante
3308 5184 3420 5238 ha’c
3453 5182 3537 5236 in-

1950 5263 2092 5316 vium
2140 5272 2189 5316 et
2221 5263 2551 5315 inaccessum
2581 5260 2939 5329 peccatoribus
2966 5265 3356 5329 essebonon
3386 5267 3539 5329 usum

1952 5332 2205 5401 fructum,
2228 5341 2385 5401 atque
2415 5322 2591 5401 etiam'
2612 5345 2731 5385 euut
2775 5326 3157 5401 divinishverbis
3191 5337 3428 5392 pugnare
3454 5322 3542 5401 de-

1953 5392 2337 5455 nionstrabittir
2363 5437 2378 5461 ,
2413 5398 2602 5467 quibus
2632 5398 2928 5467 ostenditur
2962 5396 3176 5467 illorum
3205 5409 3411 5462 penatis
3440 5392 3544 5460 ﬁne

1955 5486 2159 5524 carere.
2190 5468 2310 5523 Erit
2325 5464 2504 5538 igitur
2535 5465 2902 5538 peccatoribus
2919 5480 3100 5518 eorum
3121 5464 3398 5538 bonorum,
3425 5478 3545 5538 qua!

1944 5540 2112 5610 justis
2142 5531 2414 5610 recondiia
2428 5531 2555 5610 sunt
2589 5555 2716 5610 usus
2745 5535 2974 5610 fructi“.
2998 5535 3301 5603 expertibus
3337 5531 3549 5610 abolitis
3592 5536 3599 5543 ’

1956 5602 2242 5667 uitiositate
2288 5606 2604 5665 desiderium
2657 5602 2799 5668 boni.
2860 5602 3128 5664 Hemento
3182 5619 3348 5675 supra
3369 5602 3544 5658 dicto-

1959 5696 2099 5740 rum.
