3990 6202
210 314 293 373 g7
1306 299 1395 354 DE
1433 297 1649 354 ΑΝιΜΑ
1698 296 1786 352 ΕΤ
1827 295 2432 357 RESUBRECTIONE.
3413 303 3484 363 98

216 445 306 482 σιν
334 422 474 488 ἐστὶ,
504 420 600 476 καὶ
642 417 1002 489 ἀγαπητικῶς
1032 415 1168 486 πρὸς
1194 413 1252 468 τὸ
1293 413 1456 468 καλὸν
1486 414 1550 466 ἐκ
1587 413 1802 483 φύσεως

1903 427 2132 483 prorsus
2169 405 2241 468 ab
2289 413 2359 469 iis
2408 413 2500 485 qui
2555 413 2610 470 id
2665 425 3007 486 cognoscunt
3058 414 3351 474 dilectione
3396 418 3484 476 di-

218 520 360 587 ἔχει,
397 516 494 569 κει)⁵
521 515 644 583 ὅρον
671 511 783 581 (36)
829 509 929 580 τῆς
967 504 1107 561 κατὰ
1133 505 1231 576 τὴν
1255 504 1481 574 ἀγάπην
1525 503 1802 574 ἐνεργείας

216 609 322 663 οὐκ
364 608 476 679 ἔχει
499 647 513 672 ,
543 603 729 674 ἐπιδὴ
756 601 877 655 οὐδὲ
907 597 1002 652 τοῦ
1046 597 1211 651 καλοῦ
1239 613 1291 650 τι
1325 597 1496 667 πέρας
1521 595 1802 665 καταλαμ-

215 679 463 761 ϐάνεται,
496 695 571 759 ὡς
609 690 1002 760 συναπολήγειν
1035 687 1114 758 τῷ
1145 686 1339 757 πέρατι
1371 685 1464 738 τοῦ
1510 683 1676 738 καλοῦ
1707 683 1804 755 τὴν

217 791 441 858 ἀγάπην
463 803 478 817 ·
511 786 659 857 μόνῳ
689 783 798 852 γὰρ
831 780 910 850 τῷ
941 779 1050 850 (57)
1086 779 1312 848 ἐναντίῳ
1342 777 1403 830 τὸ
1437 776 1598 830 καλὸν
1635 793 1804 849 περαι

218 880 465 934 τιοῦται·
516 870 582 929 οὗ
624 875 680 928 δὲ
731 872 842 943 (38)
873 873 907 943 ἠ
958 869 1119 939 φύσις
1158 867 1504 930 ἁνεπίδεκτός
1549 868 1665 920 ἐστι
1708 865 1802 920 τοῦ

218 973 477 1042 χείρονος,
509 967 645 1038 πρὸς
678 961 738 1019 τδ
764 962 1066 1034 ἀπέραντόν
1093 977 1151 1014 τε
1182 961 1276 1014 καὶ
1305 959 1554 1042 αόριστον
1579 959 1640 1013 τὸ
1666 960 1803 1028 ἀγαο

219 1063 312 1116 θδν
340 1059 727 1131 προελεύσεται
755 1057 889 1128 (59).

1907 521 2071 575 gnum
2113 507 2362 561 habetur
2413 527 2424 562 :
2481 509 2836 579 cognoscitur
2892 517 3072 566 autem
3138 510 3194 564 id
3259 513 3485 570 numine

1908 595 2128 663 divino;
2184 597 2383 652 notitia
2433 613 2564 653 vero
2609 599 2663 653 in
2714 600 3063 656 dilectionem
3121 605 3482 672 convertitur,

1909 698 2194 758 propterea
2247 691 2392 762 quod
2445 702 2639 746 natura
2697 692 2900 746 bonum
2929 702 2984 748 et
3042 690 3332 750 honestum
3401 704 3484 750 est

1914 779 1970 834 id
2053 782 2198 852 quod
2267 785 2663 853 cognoscitur;
2744 785 2798 839 id
2885 793 3065 839 autem
3133 786 3277 856 quod
3354 802 3483 842 vere

1903 875 2108 929 bonum
2167 882 2222 928 et
2271 874 2559 928 honestum
2608 882 2711 939 est,
2751 891 2778 928 a
2825 875 3088 946 petulanti
3141 885 3306 946 atque
3353 892 3484 946 pro-

1903 971 2057 1019 terva
2104 965 2352 1019 satietate
2395 980 2501 1018 non
2559 965 2858 1035 attingitur.
2917 965 3087 1022 Porro
3122 970 3373 1021 satietate
3401 967 3484 1022 di-

1903 1054 2178 1124 lectionis;
2212 1055 2457 1110 habitum
2499 1065 2553 1111 et
2604 1057 2855 1111 achctum
2892 1058 2958 1112 ad
3002 1058 3054 1112 id
3106 1060 3250 1128 quod
3280 1059 3481 1114 bonum

217 1165 276 1212 et
321 1157 612 1210 honestum
667 1159 774 1215 εει,
839 1163 948 1203 non
1008 1145 1456 1216 interrumpente,
1496 1145 1678 1201 divina
1725 1145 1836 1202 vita
1906 1164 2122 1220 semper
2168 1165 2265 1219 per
2309 1151 2631 1205 eharitatem
2683 1167 2747 1206 ac
2799 1150 3149 1207 dilectionem
3212 1153 3482 1225 exigetur,

218 1262 343 1320 qua:
371 1247 480 1298 vita
515 1258 637 1297 cum
685 1249 880 1295 natura
924 1238 1066 1293 bona
1106 1247 1269 1307 atque
1338 1237 1561 1292 honesta
1595 1245 1699 1302 est,
1766 1245 1881 1292 tum
1920 1254 2048 1310 erga
2095 1241 2147 1296 id
2189 1241 2334 1311 quod
2377 1241 2580 1296 bonum
2619 1251 2672 1296 et
2721 1243 3009 1297 honestum
3041 1253 3145 1308 est,
3179 1244 3484 1301 dilectionis

221 1337 417 1393 aﬁectu
457 1345 651 1388 natura
689 1329 918 1402 praedita
947 1337 1052 1395 est,
1082 1343 1146 1382 ac
1177 1329 1468 1382 terminum
1495 1338 1546 1382 et
1577 1329 1880 1384 satietatem
1929 1330 2186 1402 diligendi
2241 1334 2472 1390 actionis
2510 1349 2619 1387 non
2672 1333 2856 1397 habet,
2910 1337 3169 1404 quoniam
3217 1353 3318 1392 nec
3355 1337 3481 1392 boni

97 1495 106 1500 δ
215 1439 277 1486 et
318 1427 533 1484 honesti
567 1424 787 1496 quidem
829 1421 1028 1492 aliquis
1067 1420 1189 1476 ﬁnis
1217 1419 1660 1490 deprehenditur,
1698 1427 1758 1472 ut
1797 1436 1905 1475 una
1937 1437 2059 1477 cum
2097 1426 2203 1478 line
2233 1423 2361 1478 boni
2414 1433 2469 1480 et
2512 1425 2723 1480 honesti
2773 1425 3011 1481 charitas
3047 1436 3212 1496 atque
3261 1428 3483 1483 dilectio

216 1533 437 1590 quoque
478 1513 714 1570 desinat.
763 1511 897 1567 Nam
937 1511 1056 1566 solo
1100 1510 1376 1566 contrario
1415 1509 1616 1564 bonum
1663 1516 1827 1580 atque
1882 1510 2170 1566 honestum
2239 1515 2566 1568 terminatur
2613 1523 2776 1584 atque
2845 1514 3051 1570 ﬁnitur.
3093 1516 3263 1585 Cujus
3298 1526 3480 1573 autem

215 1607 349 1664 boni
397 1621 463 1662 ea
501 1614 698 1660 natura
733 1612 839 1668 est,
889 1615 1012 1672 quae
1047 1599 1290 1656 deterius
1312 1613 1421 1654 non
1465 1599 1736 1665 admittat,
1772 1601 1825 1655 id
1858 1601 1912 1655 in
1942 1602 2213 1657 inlinitum
2253 1613 2306 1658 ct
2362 1604 2840 1659 indeterminatum
2871 1619 3047 1674 usque
3085 1605 3479 1676 progredietur.

304 1743 458 1797 Ἐπεὶ
487 1737 580 1797 οὖν
621 1739 841 1810 ἑλκτικὴ
871 1739 978 1792 τῶν
1016 1738 1233 1792 οἰκείων
1258 1737 1410 1791 πᾶσα
1435 1736 1594 1805 φύσις
1631 1737 1798 1800 ἐστὶν,

1975 1740 2243 1806 Quoniam
2295 1740 2464 1811 igitur
2521 1741 2788 1811 cujusque
2840 1749 3052 1797 naturae
3102 1757 3166 1798 ea
3225 1743 3310 1799 vis
3371 1751 3478 1810 est,

214 1836 420 1890 οἰκεῖον
445 1833 502 1886 δέ
537 1849 652 1894 πως
691 1829 767 1899 τῷ
791 1828 904 1899 Θεῷ
927 1829 986 1881 τὸ
1020 1827 1381 1899 ἀνθρώπινον,
1411 1826 1504 1880 ἅτε
1537 1827 1602 1898 δὴ
1637 1827 1802 1898 φέρον

217 1929 283 1983 ὲν
333 1925 515 1996 ἐαυτῷ
566 1923 656 1977 τοῦ
697 1921 1002 1994 ἀρχετύπου
1058 1921 1352 1991 μιμήματα
1397 1918 1534 1990 (40),
1589 1919 1802 1973 ἕλκεται

214 2017 368 2074 κατὰ
399 2016 574 2071 πᾶσαν
603 2015 845 2083 ἀνάγκην
875 2011 1012 2083 πρὸς
1042 2011 1104 2064 τδ
1142 2010 1284 2064 θεῖόν
1313 2027 1371 2062 τε
1408 2011 1501 2063 καὶ
1545 2008 1803 2078 συγγενὲς

213 2114 251 2182 ἡ
291 2110 458 2181 ψυχή.
497 2111 587 2162 Δεῖ
613 2107 717 2178 γὰρ
744 2106 922 2176 πάντη
955 2104 1050 2158 κα).
1083 2103 1300 2166 πάντως
1326 2102 1403 2174 τῷ
1431 2102 1550 2173 Θεῷ
1583 2104 1801 2156 ἀποσω.

217 2203 382 2273 θῆναι
433 2200 492 2253 τὸ
531 2199 681 2252 ἴδιον·
731 2197 845 2252 ἀλλ’
901 2198 950 2249 εί
1003 2196 1100 2266 μὲν
1149 2195 1323 2266 κούφη
1378 2195 1471 2247 καὶ
1518 2193 1804 2263 ἀπέριττος

215 2295 357 2364 τύχῃ
414 2290 548 2359 (41),
607 2288 876 2360 μηδεμιᾶς
925 2286 1244 2356 σωματικῆς
1289 2283 1582 2355 ἀχθηδόνος
1633 2282 1803 2352 αὐτὴν

219 2381 516 2452 πιεζούσης
539 2421 553 2443 ,
601 2381 750 2451 ἡδεῖα
784 2378 880 2432 κα).
919 2376 1139 2441 εύκολος
1167 2378 1304 2446 αὐτῇ
1339 2375 1450 2445 (42)
1483 2375 1517 2445 ἡ
1551 2371 1687 2444 πρὸς
1713 2372 1804 2426 τὸν

219 2473 606 2544 ἐπισπώμενον
657 2469 1043 2542 προσχώρησις
1091 2467 1318 2536 γίνεται.
1370 2467 1431 2518 El
1461 2465 1518 2519 δέ
1557 2467 1668 2528 τοῖς
1706 2464 1803 2534 τῆς

219 2563 596 2638 προσπαθείας
623 2563 772 2632 ἣλοις
797 2561 874 2625 είς
899 2561 997 2631 τὴν
1027 2559 1164 2629 πρὸς
1184 2557 1253 2610 τὰ
1279 2555 1454 2626 ὑλώδη
1478 2554 1660 2624 σχέσιν
1683 2555 1798 2623 (45)

218 2659 517 2728 καταπαρῇ
550 2653 684 2726 (ιιι),
704 2647 828 2727 οἷόν
866 2669 988 2706 τινα
1021 2649 1132 2722 (45)
1167 2649 1396 2720 πάσχειν
1424 2646 1568 2710 εἰκὸς
1590 2647 1647 2699 ἐν
1691 2648 1802 2709 τοῖς

220 2745 595 2819 συμπτώμασι
633 2745 742 2798 τῶν
775 2741 1034 2814 σεισμῶν,
1058 2741 1127 2795 τὰ
1163 2738 1526 2811 ὲμπιεσθέντα
1554 2738 1665 2801 τοῖς
1695 2735 1802 2808 χώο

224 2855 359 2910 μασι
421 2835 685 2906 σώματα·
752 2832 1060 2904 προκείσθω
1119 2831 1177 2884 δὲ
1243 2829 1364 2883 καθ’
1432 2828 1686 2882 ὑπόθεσιν
1743 2825 1804 2880 τὸ

226 2931 303 3001 μὴ
329 2929 441 3000 (46)
483 2926 817 2998 βεϐαρῆσθαι
856 2925 1016 2995 μόνον
1063 2923 1201 2977 αὐτὰ
1232 2923 1344 2984 τοῖς
1376 2917 1798 2990 συμπτώμασιν,

1903 1836 1962 1883 ut
2000 1829 2201 1893 aﬂinia,
2258 1831 2502 1899 prepria,
2551 1838 2715 1900 atque
2761 1839 2992 1899 cognata
3031 1831 3293 1895 attrahat,
3353 1849 3482 1903 pro-

1903 1921 2169 1992 pinquum
2226 1930 2408 1976 autent
2467 1922 2870 1992 quodammodo
2919 1930 3083 1994 atque
3123 1925 3480 1994 conjunctqu

1902 2013 2013 2068 Deo
2046 2029 2220 2084 genus
2255 2015 2556 2070 humanum
2600 2024 2702 2080 est,
2752 2015 2952 2087 quippe
2989 2016 3170 2074 ferens
3215 2018 3271 2073 in
3312 2034 3370 2074 se
3396 2020 3484 2073 ni-

1902 2103 2102 2157 mirum
2161 2103 2452 2174 imaginem
2497 2105 2815 2176 principalis
2855 2106 3062 2178 ﬁgurae,
3106 2111 3482 2164 necessarium

1902 2193 2062 2264 plane
2099 2203 2183 2250 est
2228 2205 2287 2250 ut
2329 2197 2509 2250 anima
2561 2199 2812 2253 trahatur
2839 2199 2907 2252 ad
2957 2200 3009 2254 id
3059 2203 3205 2270 quod
3237 2204 3480 2262 divinum

1903 2286 2064 2342 simul
2117 2295 2283 2357 atque
2325 2297 2619 2358 cognatum
2666 2299 2752 2346 est
2805 2290 3053 2360 (oportet
3103 2293 3248 2347 enim
3282 2310 3482 2364 usque-

1902 2393 2119 2450 quaque
2169 2379 2387 2449 penitus
2441 2394 2506 2434 ac
2544 2395 2769 2450 prorsus
2802 2381 2910 2436 Deo
2954 2398 3113 2437 suum
3143 2386 3478 2457 reservari);

1906 2469 2000 2524 sed
2032 2468 2077 2523 si
2109 2470 2328 2539 quidem
2362 2471 2516 2534 levis,
2558 2472 2809 2542 expedita
2839 2483 3001 2542 atque
3043 2474 3258 2530 sincera
3293 2477 3479 2542 fuerit,

1901 2570 1956 2614 et
1995 2558 2132 2613 nihil
2186 2559 2564 2614 redundantias
2609 2562 3115 2634 superﬁuitatisque
3163 2565 3218 2619 in
3275 2581 3336 2622 se
3383 2567 3481 2622 ha-

1903 2651 2112 2715 buerit,
2165 2651 2315 2704 nulla
2361 2657 2624 2722 corporea
2681 2655 2930 2710 molestia
2995 2670 3114 2710 eam
3179 2667 3480 2728 premente,

1899 2742 2177 2812 jucundus
2215 2758 2279 2798 ac
2314 2742 2495 2798 facilis
2526 2744 2574 2798 ei
2604 2745 2668 2799 ad
2701 2747 3064 2802 attrahentem
3107 2762 3366 2804 accessus
3397 2750 3476 2803 ﬁt.

1905 2834 2002 2888 Sin
2043 2842 2227 2888 autem
2265 2834 2574 2890 aﬁ'ectionis
2606 2835 2776 2891 clavis
2819 2837 2886 2892 ad
2927 2854 3051 2892 eum
3094 2839 3338 2894 habitum
3386 2841 3480 2911 qui

1904 2939 2029 2978 cum
2091 2925 2469 2981 materialibus
2522 2927 2856 2997 conjunctus
2910 2939 2995 2984 est
3052 2937 3107 2984 et
3165 2930 3478 2986 aﬁinitalem

216 3022 362 3104 em
391 3023 485 3075 καὶ
513 3015 1004 3088 διαπεπερονῆσθαί
1026 3031 1164 3068 τισιν
1187 3012 1391 3075 ὀϐελοῖς
1423 3010 1458 3080 ἢ
1489 3009 1665 3104 ξύλοις
1687 3010 1797 3071 τοῖς

1905 3017 2068 3074 habet
2114 3019 2269 3073 allisa
2315 3018 2481 3074 fuerit
2525 3037 2540 3074 :
2589 3022 2751 3090 quale
2805 3021 3066 3092 quiddam
3118 3029 3278 3078 terra:
3328 3033 3479 3080 motu

222 3095 555 3183 ἐνευρεθεῖσι
601 3108 713 3179 (47)
758 3107 836 3178 τῷ
887 3104 1102 3177 χώματι
1140 3103 1253 3175 (48)
1281 3117 1295 3131 ⁸
1344 3103 1478 3174 ὅπερ
1517 3094 1610 3154 οὖν
1650 3099 1796 3162 εἰκὸς

225 3205 516 3273 ὑπομεῖναι
556 3201 627 3255 τὰ
657 3198 799 3254 οὕτω
845 3196 1161 3266 διακείμενα
1201 3193 1466 3264 σώματα,
1500 3189 1648 3262 παρὰ
1689 3189 1797 3243 τῶν

221 3296 440 3349 οἰκείων
469 3295 566 3364 τῆς
600 3289 966 3362 συμπτώσεως
1002 3287 1155 3348 ὁσίας
1187 3285 1300 3356 (49)
1346 3284 1532 3338 ἕνεκεν
1579 3281 1796 3348 ἐξελκό-

225 3403 386 3458 μενα·
421 3384 743 3450 ξανθήσεται
773 3380 881 3450 γὰρ
907 3379 1122 3442 πάντως
1145 3416 1160 3442 ,
1201 3377 1294 3430 κα).
1329 3373 1796 3447 σπαραχθήσεται,

222 3481 320 3534 καὶ
346 3480 456 3533 πᾶν
485 3477 660 3532 ὁτιοῦν
686 3475 791 3529 τῶν
823 3471 1219 3544 χαλεπωτάτων
1250 3469 1520 3533 πείσεται,
1551 3465 1642 3520 τοῦ
1690 3463 1799 3536 χώ-

227 3588 397 3643 ματος
419 3567 556 3622 αὐτὰ
595 3567 689 3621 καὶ
715 3563 823 3619 τῶν
853 3565 998 3636 ἥλων
1038 3563 1125 3617 διὰ
1151 3562 1247 3633 τὴν
1285 3561 1392 3614 τῶν
1425 3555 1799 3628 ἐφελκομένων

224 3663 349 3734 βίαν
382 3659 814 3724 καταξαινόιηων
836 3673 850 3687 ο
880 3655 1117 3709 τοιοῦτόν
1153 3654 1203 3708 τί
1235 3669 1327 3723 μοι
1361 3651 1509 3705 δοκεῖ
1546 3650 1640 3704 καὶ
1672 3647 1800 3719 περὶ

219 3754 326 3824 τὴν
353 3752 531 3822 ψυχὴν
556 3749 802 3818 γίνεσθαι
831 3747 1034 3811 πάθος,
1067 3746 1196 3798 ὃταν
1230 3745 1263 3816 ἠ
1293 3743 1410 3796 θεία
1433 3741 1661 3811 δύναμις
1695 3738 1800 3792 ὑπὸ

219 3845 640 3917 φιλανθρωπίας
682 3845 745 3896 ἐκ
783 3841 892 3895 τῶν
933 3840 1142 3908 ἀλόγων
1173 3854 1234 3890 τε
1271 3835 1366 3890 καὶ
1412 3832 1612 3888 ύλικῶν
1656 3849 1798 3904 συμ-

218 3935 546 4004 πτωμάτων
578 3933 866 4001 ἐφέλκηται
893 3930 1004 4000 (50)
1029 3928 1092 3981 τὸ
1125 3927 1275 3982 ίδιον.
1310 3925 1386 3979 Οὐ
1414 3923 1523 3995 γὰρ
1550 3923 1659 3993 (5i)
1707 3941 1798 3994 μι-

219 4028 342 4080 σῶν
375 4026 487 4079 οὐδ’
523 4023 850 4095 ἀμυνόμενος
876 4023 970 4076 ἐπ)⁵
1010 4024 1076 4093 τῇ
1107 4021 1249 4090 κακῇ
1281 4016 1416 4088 ζωῇ,
1442 4015 1584 4069 κατά
1613 4032 1676 4084 γε
1710 4012 1802 4067 τὸν
1843 4024 1849 4029 ’

222 4117 361 4187 ἐμὸν
397 4115 575 4185 λόγον,
607 4115 800 4182 ἐπάγει
831 4115 943 4178 τοῖς
978 4107 1382 4182 ἐξημαρτηκόσι
1406 4106 1504 4170 τὰς
1538 4104 1801 4176 όδυνηρὰς

221 4207 496 4270 διαθέσεις
523 4209 550 4261 6
575 4205 728 4268 Θεὸς,
764 4205 877 4274 (5‘2)
915 4207 943 4258 ό
984 4199 1428 4272 ἀντιποιούμενός
1457 4215 1516 4252 τε
1545 4199 1639 4252 κα).
1666 4197 1801 4268 πρὸς

223 4298 418 4351 ἐαυτὸν
448 4298 621 4350 ἕλκων
661 4297 768 4349 πᾶν
799 4295 988 4365 ὅτιπερ
1015 4290 1181 4346 αὐτοῦ
1221 4289 1380 4361 χάριν
1407 4285 1568 4359 ἦλθεν
1605 4289 1685 4352 είς
1710 4287 1802 4355 γέ-

1903 3109 2163 3179 collapsis
2215 3109 2477 3176 ediﬁciis,
2531 3112 2857 3182 corporibus
2905 3113 3047 3168 mole
3077 3120 3242 3184 atque
3285 3127 3482 3184 aggere

1902 3201 2180 3272 oppressis
2212 3209 2374 3271 atque
2404 3202 2643 3266 obtritis,
2691 3203 2941 3259 accidere
2975 3219 3072 3272 par
3100 3218 3163 3258 ac
3187 3205 3482 3261 verisimile

1902 3301 1986 3347 est
2053 3293 2314 3362 (ponatur
2351 3301 2530 3348 autem
2572 3295 2804 3362 exempli
2843 3295 3034 3364 gratia,
3066 3310 3173 3350 non
3209 3296 3384 3350 solum
3415 3311 3480 3350 ea

1903 3391 2126 3452 gravata
2169 3396 2292 3436 esse
2347 3383 2610 3448 molibus,
2644 3383 2823 3445 ruina,
2869 3394 3032 3454 atque
3061 3385 3180 3439 labe
3209 3385 3476 3450 locorum,

1903 3473 2260 3529 verumetiam
2291 3474 2535 3530 verubus
2575 3474 2927 3544 quibusdam,
2973 3483 3069 3530 aut
3097 3476 3267 3531 clavis
3320 3485 3374 3530 et
3407 3477 3479 3530 li-

1903 3565 2025 3637 gnis
2059 3563 2114 3618 in
2155 3566 2332 3621 ruinis
2367 3573 2422 3620 et
2450 3567 2740 3637 aggeribus
2776 3567 3015 3622 inventis
3049 3568 3275 3637 trajecta
3314 3575 3478 3638 atque

1903 3657 2164 3711 transﬁxa
2186 3657 2329 3728 esse)
2355 3673 2371 3725 ;
2402 3658 2542 3728 quod
2579 3658 2744 3728 igitur
2771 3660 2845 3713 ita
2872 3657 3062 3714 affecta
3101 3674 3328 3729 corpora
3363 3658 3479 3713 suf-
3547 3704 3550 3707 .

1904 3746 2050 3804 ferre
2082 3749 2376 3806 verisimile
2427 3756 2532 3818 est,
2593 3750 2746 3816 dum,
2796 3758 2857 3804 ut
2908 3757 3226 3820 parentetur
3281 3750 3362 3804 eis
3413 3764 3478 3805 ac

1900 3841 2050 3912 iusta
2086 3843 2472 3914 exsequiarum
2517 3843 2922 3914 persolvantur,
2973 3856 3004 3895 α
3055 3843 3376 3913 propinquis
3423 3849 3478 3896 et

1905 3935 2232 3990 necessariis
2262 3949 2328 3990 ex
2383 3933 2506 3989 labe
2553 3941 2719 4004 atque
2756 3932 2917 3988 ruina
2957 3934 3324 3989 extrahuntur
3368 3933 3480 4004 (la-

1904 4025 2238 4080 cerabuntur
2261 4026 2403 4082 enim
2429 4041 2656 4096 prorsus
2688 4026 3228 4096 dilauiabunturque.
3245 4033 3476 4096 etquam

1905 4115 2249 4169 atrocissime
2295 4115 2757 4185 acerbissimeque
2821 4114 3231 4178 tractabuntur,
3285 4127 3480 4184 aggere

1907 4205 2069 4259 simul
2105 4211 2158 4259 et
2193 4204 2366 4260 clavis
2406 4213 2695 4274 eaprOpter
2734 4204 2842 4257 vim
2895 4204 3282 4256 attrahentium
3336 4203 3478 4255 dila-

1906 4295 2242 4361 cerantibus)
2263 4308 2278 4346 :
2303 4295 2573 4364 ejusmodi
2605 4293 2876 4364 quoddam
2901 4292 3301 4346 incommodum
3331 4293 3479 4346 circa

223 4405 374 4442 νεσιν
397 4407 410 4419 ο
443 4389 557 4442 ἀλλ’
585 4390 615 4442 ό
650 4387 750 4458 μὲν
776 4387 868 4439 ἐπὶ
894 4383 971 4456 τῷ
1005 4384 1274 4456 κρείττονι
1295 4380 1481 4450 σκοπῷ
1512 4379 1647 4453 πρὸς
1673 4379 1800 4431 ἐαυ-

1904 4385 2140 4438 animam
2181 4400 2401 4455 quoque
2441 4385 2573 4440 mihi
2629 4385 2877 4440 accidere
2928 4384 3165 4448 videtur,
3207 4399 3330 4438 cum
3373 4384 3478 4437 hu—

225 4478 342 4542 τὸν,
372 4479 432 4541 ὃς
466 4479 580 4530 ἐστι
628 4476 778 4548 πηγὴ
821 4477 1000 4547 πάσης
1047 4473 1474 4546 μακαριότητος,
1509 4471 1802 4524 ἐπισπᾶται

1908 4476 2169 4530 inanitate
2213 4484 2361 4530 mota
2397 4475 2584 4530 divina
2619 4476 2862 4545 potentia
2914 4491 2979 4531 ex
3020 4475 3251 4530 rationis
3284 4489 3480 4544 exper-

222 4566 326 4636 τὴν
354 4569 538 4637 ψυχήν
579 4566 724 4634 (55)·
767 4565 1148 4635 ἐπισυμϐαίνει
1197 4564 1253 4618 δὲ
1303 4564 1421 4616 κατ’
1470 4563 1714 4630 ἀνάγκην
1765 4562 1800 4632 ή

1905 4566 2054 4621 tibus
2101 4574 2155 4621 ct
2190 4567 2570 4623 materialibus
2601 4568 2743 4638 quod
2776 4583 2935 4621 suum
2983 4577 3067 4623 est
3107 4567 3332 4620 attrahit
3366 4565 3480 4618 rui-

224 4658 448 4728 ἁλγεινὴ
475 4658 711 4721 διάθεσις
737 4657 812 4727 τῷ
837 4657 1133 4727 ἑλκομένῳ.

1907 4658 2012 4711 nis.
2070 4657 2178 4712 Nec
2217 4659 2361 4714 enim
2418 4661 2546 4715 odio
2602 4676 2665 4716 ac
2722 4661 3066 4715 vindicandae
3127 4676 3303 4730 pravae
3354 4659 3478 4712 vitae

225 4767 416 4815 causa,
460 4769 576 4807 mea
618 4754 837 4824 quidem
877 4752 1158 4822 opinione,
1195 4749 1338 4805 Deus
1407 4749 1476 4804 iis
1511 4748 1603 4818 qui
1677 4751 2022 4818 peccaverint
2065 4753 2306 4809 dolorem
2389 4754 2650 4811 facientes
2707 4755 2928 4810 adhibet
2990 4755 3319 4816 affectiones,
3385 4749 3477 4820 qui

224 4852 279 4897 et
312 4845 668 4915 apprehendit
710 4854 763 4902 et
801 4844 1062 4911 vindicat,
1111 4851 1162 4899 et
1211 4843 1276 4904 ad
1321 4857 1380 4899 se
1418 4841 1586 4896 trahit
1633 4840 1897 4911 quidquid
1929 4843 2101 4914 ipsius
2157 4845 2332 4916 gratia
2365 4845 2618 4916 provenit
2688 4845 2744 4901 in
2810 4861 2990 4900 rerum
3059 4852 3344 4910 naturam;
3383 4841 3476 4898 sed

294 5031 409 5095 (36)
439 5033 641 5096 'Opor.
671 5034 713 5086 Δ
739 5033 780 5084 Β
810 5030 990 5100 κόρον.

294 5103 425 5223 (37)
438 5103 618 5183 μόγῳ
658 5103 767 5182 γίίρ
800 5097 902 5164 τῷ.
926 5109 1030 5154 etc.
1074 5099 1115 5150 Β
1147 5099 1303 5178 μόνον
1345 5099 1453 5171 γὰρ
1477 5099 1537 5152 τὸ
1561 5097 1804 5152 ἐναντίον

294 5190 390 5223 ικα
427 5192 472 5223 ω
501 5188 851 5223 πεοατονται.
883 5171 926 5222 Α
959 5186 1310 5223 περατουται.

215 5173 297 5241 τῷ
320 5168 472 5240 καλῷ
493 5168 851 5241 περατοῦται.
881 5171 926 5241 Α
959 5169 1310 5241 περατοῦται.
1422 5168 1432 5171 ’
1979 5169 2091 5241 (45)
2126 5168 2450 5241 [tr-why.

267 5227 406 5310 '(38)
437 5227 520 5294 ὸῦ
550 5227 635 5295 e'é.
663 5244 706 5294 Α
737 5241 777 5291 ιι
808 5239 962 5292 ούδέ.“
1033 5227 1044 5241 ’
1170 5307 1181 5310 _
1248 5307 1257 5310 _
1979 5227 2090 5309 (ιδ)
2124 5236 2197 5310 τὸ
2221 5236 2324 5305 μή.
2363 5237 2405 5310 Β
2431 5235 2508 5310 τῷ
2540 5237 2633 5310 μέ).

291 5305 405 5380 (39)
443 5313 898 5374 Προελεύσεται.
932 5310 972 5361 Β
998 5307 1438 5377 προσελεύσεται.
1977 5305 2090 5443 (47)
2133 5305 2551 5383 Ἐῖευρεθεῖσιζ
2574 5306 2613 5356 Β
2641 5305 2929 5375 εὑρεθεῖσι.

291 5383 406 5443 ιω)
436 5381 774 5443 Μιμήματη.
812 5380 853 5430 Β
891 5380 1132 5443 μίμημα.
2007 5379 2089 5443 ιε)
2129 5379 2212 5439 Τῳ
2237 5375 2480 5442 χώματι.
2515 5378 2550 5427 Α
2583 5376 2640 5426 ἐν
2663 5392 2712 5426 τ.
2736 5393 2785 5443 χ.

288 5375 406 5450 (ιο)
436 5381 774 5448 Μιμήματη.
812 5380 853 5430 Β
891 5375 1132 5450 μίμημα.
1362 5449 1368 5450 γ
1498 5449 1503 5450 ί
1792 5449 1795 5450 ν
1978 5375 2089 5450 i8)
2129 5375 2212 5450 Τῷ
2237 5375 2550 5450 χώμαξι..Α
2663 5392 2712 5450 τ.
2736 5393 2785 5444 χ.

286 5447 404 5512 (41)
429 5447 623 5519 Τύχῃ.
657 5454 697 5502 Α
729 5452 769 5502 Β
795 5447 967 5518 τύχοι.
1000 5447 1267 5504 cancrum
1308 5449 1373 5503 ad
1398 5449 1581 5512 verba,
1609 5447 1725 5502 ἀλλ’
1754 5449 1802 5502 εἰ

217 5521 319 5586 μὲν
346 5518 546 5589 κούφη.
583 5523 636 5575 in
667 5521 909 5589 margine
925 5519 1134 5574 codicis
1167 5519 1206 5571 Β
1236 5519 1350 5574 htec
1383 5529 1531 5572 erant
1565 5528 1746 5572 notata
1784 5535 1796 5570 :

223 5592 285 5672 ’.Ο
306 5593 580 5711 μῗέἀρικ
605 5591 876 5662 Γερμανὸς
895 5592 1123 5645 ὡΰὲλισε
1153 5589 1318 5659 μέρος
1337 5589 1446 5645 τῶν
1471 5589 1799 5660 ἔμπροσθεν,

223 5676 296 5711 ιεις
325 5679 336 5691 ·
365 5689 382 5711 Α
421 5679 475 5711 α.

218 5658 296 5712 ὡς
311 5658 475 5712 νόθα.

253 5677 296 5721 ις
325 5677 475 5712 vana.

285 5729 399 5796 (ιέ)
424 5728 610 5798 Λὺτῇ.
649 5730 689 5782 Β
718 5730 864 5804 αὕτη.

2002 5028 2090 5090 45)
2119 5029 2221 5093 Εις
2242 5029 2429 5096 τὴν...
2447 5025 2686 5096 σχέσιν.
2719 5025 2762 5078 Β
2787 5028 2922 5096 τῇ...
2953 5024 3155 5095 σχέσει.

2001 5101 2089 5161 44)
2119 5095 2463 5164 Καταπαρῇ.
2498 5095 2538 5147 Β
2564 5095 2928 5167 καταπαρείη.

1979 5447 2091 5515 (49)
2138 5446 2361 5515 Ὀσιξας.
2389 5445 2430 5494 Β
2460 5444 2560 5507 τῆς
2591 5444 2763 5515 ὁσίας.

2132 5513 2513 5585 Ἐφέλκηται.
2537 5515 2583 5585 ΔΑ
2615 5512 2925 5572 ἐφέλκεται.
2958 5511 3000 5564 Β
3032 5509 3254 5582 ἐφέλκη.

1978 5583 2092 5653 (5|)
2117 5586 2198 5637 Οὺ
2233 5583 2360 5651 γάρ.
2397 5584 2437 5634 Β
2465 5583 2584 5636 οὐδὲ
2613 5585 2740 5653 γάρ.

1978 5656 2092 5726 (52)
2137 5656 2198 5707 '0
2233 5657 2390 5726 θεόςΔ
2418 5654 2454 5705 ιι
2493 5655 2655 5726 delet.

1976 5723 2091 5798 (55)
2135 5723 2488 5781 Ἐπισπιῐται
2519 5724 2634 5792 τὴν
2658 5728 2724 5796 ψ.
2760 5725 2798 5777 Β
2826 5741 2876 5777 τ.
2902 5724 2962 5796 ψ.
2995 5723 3184 5775 ἐπισπ.
