3990 6202
603 261 669 317 99
1868 250 1926 305 S.
1967 246 2295 306 GREGORII
2331 245 2376 302 Ν
2383 243 2624 302 YSSENI
3804 247 3830 301 ί

600 372 691 427 ille
739 369 959 442 quidem
1000 369 1226 426 meliore
1271 370 1456 427 animo
1501 375 1666 440 atque
1699 365 1934 422 consilio
1969 365 2037 421 ad
2067 379 2209 429 sese,
2250 363 2344 434 qui
2387 362 2568 418 omnis
2599 359 2957 417 beatitudinis
2992 357 3116 416 fons
3157 365 3262 424 est,
3331 359 3570 414 animam
3611 359 3830 414 attrahi

599 482 664 522 ex
703 467 1029 522 necessitate
1073 473 1254 520 autem
1311 465 1362 520 ei
1413 464 1558 535 quod
1593 464 1886 518 attrahitur
1932 461 2131 517 accidit
2203 461 2294 515 illa
2371 457 2582 515 affectio
2615 457 2834 512 acerba.

672 555 751 606 Ac
804 552 1265 623 quemadmodum
1297 552 1395 618 illi,
1425 554 1518 622 qui
1577 567 1714 606 auro
1767 552 2050 606 materiam
2080 551 2180 604 im-

2353 548 2462 602 Kui
2495 546 2683 618 ὥσπερ
2719 546 2820 617 τὴν
2850 543 3213 616 ἐμμιχθεϊσαν
3240 540 3319 612 τῷ
3347 541 3558 614 χρυσίῳ
3593 539 3721 611 (54)
3762 539 3830 593 ὖλ

603 641 821 698 mistam
851 660 952 714 per
985 645 1163 716 ignem
1214 651 1538 714 expurgant,
1587 659 1696 698 non
1743 642 1918 698 solum
1953 641 2008 697 id
2037 640 2180 713 quod

2283 641 2334 694 οἱ
2371 639 2460 693 διὰ
2495 639 2665 710 πυρὸς
2713 634 3143 708 ἐκκαθαροῦντες
3173 634 3285 705 (55)
3325 634 3385 686 οὐ
3423 633 3588 704 μόνον
3624 632 3690 686 τὸ
3743 631 3830 686 νόε

603 735 970 790 adulterinum
1028 742 1112 790 est
1171 735 1301 805 igne
1354 734 1748 805 liquefaciunt,
1803 733 1898 790 sed
1959 733 2180 788 omnino

2283 732 2361 804 τῷ
2387 731 2526 803 πυρὶ
2555 733 2833 802 τήκουσιν,
2867 729 3003 782 ἀλλὰ
3031 727 3170 782 κατὰ
3200 729 3377 781 πᾶσαν
3410 726 3668 796 ἀνάγκην
3706 725 3813 778 xui

603 828 976 882 necessarium
1015 835 1120 890 est,
1156 835 1213 880 ut
1251 843 1449 896 purum
1481 841 1702 896 quoque
1731 840 1839 880 una
1877 842 2000 882 cum
2031 826 2171 880 adul-

2285 823 2523 894 καθαρὸν
2537 821 2614 892 τῷ
2640 821 2876 892 κιϐδήλῳ
2900 820 3391 889 συγκατατήκεται,
3414 816 3681 870 κάκείνου
3696 817 3758 870 δέ
3778 816 3830 887 (5

604 918 800 982 terino,
840 917 1088 987 improbo
1121 924 1284 986 atque
1308 924 1566 986 corrupto
1597 915 1858 986 liqueﬁat,
1889 924 2052 986 atque
2082 916 2180 971 hoc

2283 913 2676 984 δαπανωμένου
2701 912 2860 966 τοῦτο
2887 912 3072 981 μένεν
3113 910 3254 964 οὕτω
3294 909 3389 963 xui
3424 911 3524 980 τῆς
3563 909 3786 972 κακίας
3819 926 3830 944 ν

603 1016 929 1078 consumpto
956 1008 1089 1062 illud
1113 1018 1358 1064 maneat:
1383 1009 1571 1062 eodem
1602 1008 1764 1062 modo
1785 1008 1944 1076 plane
1961 1021 2180 1064 necesse

2283 1006 2566 1076 ἀκοιμήτῳ
2593 1004 2701 1076 (57)
2735 1004 2866 1075 πυρὶ⁹
2891 1003 3315 1074 δαπανωμένης,
3353 1002 3568 1071 ἀνάγκη
3600 1002 3766 1054 πᾶσα
3797 1017 3830 1052 κ

605 1110 708 1166 est,
746 1107 805 1154 ut
837 1100 965 1154 dum
1007 1100 1280 1155 vitiositas
1340 1101 1656 1170 purgatorio
1688 1100 1802 1170 igni
1852 1099 2180 1165 absumitur,

2283 1097 2382 1170 τὴν
2433 1098 2727 1152 ἐνωθεῖσαν
2781 1097 2917 1167 αὑτῇ
2952 1095 3129 1167 ψυχὴν
3178 1097 3235 1148 ἐν
3277 1093 3356 1164 τῷ
3403 1093 3536 1165 πυρὶ
3588 1088 3744 1146 εἶναι
3770 1109 3830 1158 ,ι

605 1193 788 1246 anima
830 1206 1066 1262 quoque,
1103 1209 1224 1262 qua:
1272 1208 1396 1246 cum
1445 1192 1744 1247 vitiositate
1791 1194 1941 1245 unita
1975 1202 2076 1258 est,
2129 1193 2180 1247 in

2285 1189 2482 1259 ἂν(58)
2511 1191 2571 1243 τὸ
2593 1188 3044 1259 κατεσπαρμένον
3097 1186 3248 1240 νόθον
3280 1186 3372 1240 xui
3401 1185 3627 1249 ὑλῶδες,
3661 1184 3766 1237 καὶ
3805 1199 3830 1232 a

610 1285 732 1355 igne
751 1284 844 1346 sit,
869 1284 1044 1338 donec
1078 1285 1129 1338 id
1158 1285 1302 1354 quod
1336 1286 1645 1354 inspersum
1684 1293 1767 1338 est
1793 1283 2180 1350 adulterinum,

2289 1281 2483 1352 ὁδηλον
2516 1280 2842 1351 ἀπαναλωθῇ
2871 1278 2982 1352 (59)
3009 1279 3086 1349 τῷ
3114 1276 3314 1348 αἰωνίῳ
3330 1276 3442 1346 (60)
3470 1273 3608 1346 πυρὶ
3623 1275 3830 1328 δαπανι

607 1375 892 1427 materiale
929 1381 1095 1442 atque
1126 1373 1366 1428 fucatutn
1407 1382 1460 1429 et
1494 1384 1811 1442 corruptum
1842 1380 2016 1426 totum
2052 1374 2180 1427 abo-

2287 1391 2466 1445 μενον.
2509 1374 2619 1426 Kui
2661 1371 2910 1440 καθάπερ
2940 1370 2994 1424 εί
3017 1385 3122 1423 τινι
3162 1367 3382 1439 σχοινίῳ
3411 1366 3582 1438 πηλὸς
3611 1366 3728 1419 τῶν
3758 1381 3829 1418 κο

607 1461 784 1516 leatur
844 1462 970 1530 igne
1005 1471 1415 1531 consumptum.
1469 1461 1599 1514 Item
1629 1459 2086 1530 quemadmodum
2137 1459 2180 1515 si

2283 1462 2626 1533 λωδεστέρων
2654 1462 2742 1515 διὰ
2771 1460 2968 1531 βάθους
3001 1456 3395 1529 περιπλασθείη
3418 1497 3432 1520 ,
3461 1452 3584 1509 εἷτα
3610 1454 3707 1509 διά
3736 1473 3828 1507 τιν

603 1551 692 1604 cui
725 1550 969 1606 funiculo
999 1551 1171 1604 lutum
1207 1551 1452 1605 tenacius
1484 1550 1701 1619 penitus
1744 1549 2180 1614 circumlinatur,

2283 1552 2480 1606 λεπτοῦ
2518 1552 2845 1622 χωρήματος
2876 1552 2910 1620 ἡ
2953 1548 3095 1621 ἀρχὴ
3131 1545 3439 1617 διεξαχθείη
3479 1546 3583 1616 τῆς
3619 1544 3830 1615 σχοίνοι

605 1641 810 1697 deinde
855 1658 952 1712 per
1006 1642 1276 1712 quoddam
1324 1650 1616 1712 angustum
1669 1641 1913 1695 foramen
1968 1641 2182 1695 initium

606 1732 751 1787 funis
796 1733 1121 1803 trajiciatur,
1172 1748 1235 1787 ac
1292 1734 1562 1788 violenter
1611 1732 1811 1802 aliquis
1845 1727 2120 1788 introrsus
2154 1748 2180 1787 a

2286 1740 2492 1808 σχοῖνον
2522 1735 2831 1805 ἐφέλκοιτο,
2863 1735 3074 1804 ἀνάγκη
3102 1734 3252 1787 πᾶσα
3278 1729 3375 1802 τὴν
3406 1730 3505 1799 μὲν
3533 1727 3776 1780 ἕπεσθαι
3803 1744 3830 1780 τ

606 1825 917 1880 summitate
957 1825 1137 1880 funem
1166 1826 1441 1890 attrahat,
1483 1825 1707 1880 omnino
1740 1841 1963 1881 necesse
1999 1835 2082 1882 est
2125 1835 2180 1881 ut

2292 1825 2692 1896 ἐπισπωμένῳ,
2726 1824 2818 1878 τὸν
2859 1823 2916 1877 δὲ
2962 1818 3419 1893 παραπλασθέντα
3452 1815 3564 1886 (62)
3600 1814 3780 1885 πηλὸν
3817 1814 3830 1865 ἐ

609 1916 758 1971 funis
803 1917 1027 1986 quidem
1085 1927 1350 1985 sequatur
1410 1917 1796 1984 attrahentem,
1836 1917 2006 1971 lutum
2055 1932 2180 1973 vero

2291 1918 2392 1989 τῆς
2421 1891 2598 1989 βιαίας
2629 1891 2791 1986 όλκῆς
2822 1915 2925 1979 ἔξω
2947 1891 3053 1984 τῆς
3062 1911 3360 1983 τρυμαλιᾶς
3383 1911 3564 1981 μένειν
3593 1906 3696 1976 τῆς
3725 1921 3825 1974 σχο

609 2009 978 2064 circumlitum
1021 2024 1088 2064 ex
1133 2010 1372 2065 violenta
1423 2010 1691 2065 tractione
1741 2017 1894 2066 extra
1940 2009 2180 2068 foramen

2287 2029 2378 2066 νου
2424 2009 2812 2080 ἀποξυόμενον,
2847 2008 2943 2062 xui
2979 2007 3150 2060 αἴτιον
3188 2005 3323 2075 αὐτῇ
3352 1999 3600 2072 γίνεσθαι
3629 1998 3747 2071 (63.)
3778 2013 3830 2050 τι

2284 1645 2377 1698 καὶ
2410 1645 2598 1715 βιαίως
2627 1643 2736 1715 (61)
2780 1660 2864 1706 τις
2893 1642 2985 1694 ἐπὶ
3019 1640 3086 1694 τὰ
3129 1639 3280 1703 ἐντὸς
3330 1639 3395 1692 ἐκ
3431 1636 3526 1691 τοῦ
3572 1637 3755 1707 ἄκρου
3782 1635 3830 1689 τί

611 2112 851 2172 maneat,
898 2118 928 2157 a
969 2103 1098 2160 fune
1134 2103 1408 2160 detersum
1449 2112 1502 2160 et
1528 2106 1807 2171 abrasum,
1837 2105 1996 2176 eique
2021 2121 2184 2162 causa

611 2196 848 2261 exsistit,
911 2204 972 2250 ut
1031 2211 1156 2250 cum
1212 2212 1278 2251 eo
1333 2197 1387 2251 in
1443 2196 1682 2252 transitu
1735 2212 1840 2252 non
1905 2198 2187 2254 commode

612 2294 825 2357 agatur,
870 2286 965 2342 sed
1001 2287 1294 2342 violentam
1342 2286 1568 2343 sufferat
1621 2287 1689 2342 ab
1738 2287 2046 2343 attrahente
2089 2303 2184 2344 ex-

612 2377 917 2432 tensionem
950 2390 964 2428 :
999 2377 1106 2430 tale
1146 2377 1408 2447 quiddam
1460 2377 1594 2430 mihi
1630 2377 1846 2432 videtur
1880 2378 2029 2432 circa
2067 2378 2186 2432 ani-

611 2483 754 2522 mam
798 2483 1018 2538 quoque
1059 2468 1285 2539 cogitari
1321 2477 1484 2538 atque
1509 2469 1735 2539 intelligi
1770 2479 2042 2539 oportere,
2067 2485 2184 2524 eam

612 2557 865 2611 videlicet
910 2557 1290 2612 materialibus
1322 2568 1488 2626 atque
1526 2559 1760 2614 terrenis
1788 2559 2074 2614 affectibus
2104 2560 2186 2614 in-

613 2647 852 2701 volutam
905 2647 1158 2703 laborare
1206 2656 1372 2718 atque
1422 2649 1684 2712 distendi,
1721 2650 1850 2703 dum
1887 2649 2031 2705 Deus
2065 2650 2186 2720 qui-

612 2736 731 2790 dem
778 2736 922 2805 quod
974 2751 1134 2790 suum
1181 2737 1361 2790 estad
1415 2751 1536 2791 sese
1576 2737 1744 2790 trahit
1782 2754 1794 2790 :
1832 2738 1976 2806 quod
2007 2745 2184 2793 autem

613 2827 851 2880 alienum
913 2835 1018 2891 est,
1086 2834 1375 2896 preptcrea
1434 2827 1578 2895 quod
1628 2841 1752 2880 cum
1821 2826 2002 2881 anima
2049 2843 2186 2898 quo-

613 2919 904 2973 dammodo
934 2915 1218 2980 coaluerit,
1243 2912 1506 2970 violenter
1526 2913 1808 2968 abraditur
1836 2914 2170 2984 etabstergi-

613 3021 727 3076 tur,
757 3025 1022 3079 acresque
1047 3011 1098 3066 ei
1138 3018 1304 3083 atque
1337 3007 1708 3063 intolerabiles
1739 3006 1894 3062 atl'ert
1931 3006 2169 3064 dolores.

611 3132 682 3143 —
708 3102 773 3155 G.
803 3101 942 3170 Ergo
969 3102 1258 3170 judicium,
1289 3104 1528 3173 inquam,
1560 3101 1826 3163 divinum,
1852 3108 1911 3155 ut
1937 3100 2171 3167 videtur,

2288 2104 2364 2174 μὴ
2399 2100 2709 2156 εὐοδοῦσθαι
2747 2099 2889 2154 κατά
2921 2098 3020 2171 τὴν
3051 2096 3301 2170 πάροδον,
3337 2094 3474 2148 ἀλλὰ
3514 2091 3699 2164 βιαίαν
3735 2091 3830 2144 ὑπι

2289 2193 2472 2264 μένειν
2501 2193 2566 2245 ἐκ
2591 2190 2681 2245 τοῦ
2714 2190 3075 2261 ἐφελκομένου
3101 2188 3196 2260 τὴν
3230 2186 3405 2240 τάσινο
3433 2182 3675 2238 τοιοῦτόν
3695 2181 3751 2234 τί
3781 2198 3830 2251 με

2284 2285 2431 2339 δοκεῖ
2458 2284 2552 2338 xui
2597 2284 2656 2337 τὸ
2685 2283 2810 2354 περὶ
2838 2282 2936 2351 τὴν
2965 2280 3138 2352 ψυχὴν
3173 2280 3369 2333 ἐννοεῖν
3409 2279 3528 2340 ταῖς
3568 2273 3788 2335 ὑλικαῖς
3813 2288 3830 2324 1

2286 2376 2380 2429 xui
2440 2375 2663 2445 γεώδεσι
2725 2373 3120 2446 προσπαθείαις
3179 2369 3578 2440 ἐνειληθεῖσαν,
3631 2365 3830 2436 κάμνει

2286 2464 2379 2517 xui
2409 2464 2803 2528 διατείνεσθαι,
2835 2463 2927 2516 τοῦ
2956 2463 3052 2534 μὲν
3080 2461 3214 2514 Θεοῦ
3248 2460 3309 2514 τὸ
3339 2460 3467 2512 ἴδιον
3502 2456 3637 2527 πρὸς
3669 2454 3830 2509 ἑαυτὸ

2285 2555 2563 2618 ἕλκοντος-ο
2594 2553 2688 2607 τοῦ
2721 2555 2766 2608 δ’
2810 2553 3120 2625 ἀλλοτρίου,
3164 2550 3252 2604 διά
3299 2549 3359 2603 τὸ
3399 2547 3712 2620 συμφυῆναί
3747 2563 3830 2599 πω

2286 2647 2445 2717 αὐτῇ,
2468 2645 2654 2716 βιαίως
2669 2645 3074 2716 ἁποξυρομένου
3095 2641 3337 2712 (64-65),
3369 2642 3464 2696 xui
3491 2641 3588 2703 τὰς
3611 2638 3829 2709 δριμεία

2275 2740 2412 2810 αὐτῇ
2438 2737 2533 2791 xui
2557 2738 2960 2801 ἀνυποστάτους
2997 2737 3294 2808 ἀλγηδόνας
3326 2737 3643 2805 ἐπάγοντος.
3674 2762 3743 2774 —-
3776 2734 3830 2788 Γ.

2276 2827 2504 2890 Οὐκοῦν,
2528 2823 2700 2891 εἷπον,
2724 2829 2880 2900 οὐχυὴ
2903 2829 3020 2881 θεία
3048 2828 3160 2899 (66)
3187 2828 3386 2898 κρίσις,
3408 2827 3483 2890 ὡς
3510 2828 3674 2892 ἔοικε,
3698 2829 3830 2882 κατὲ

2275 2918 2335 2972 τὸ
2355 2917 2465 2988 (67)
2490 2919 2730 2988 προηγού
2741 2899 2918 2988 μενον,
2933 2921 3046 2980 τοῖς
3071 2917 3506 2988 ἐξημαρτηκόσιν
3523 2899 3718 2986 ἐπάγει
3743 2919 3830 2989 τὴκ

2277 3009 2515 3072 κόλασιν,
2539 3008 2671 3062 ἀλλὰ
2700 3009 2760 3062 τὸ
2789 3009 2890 3078 μὲν
2917 3008 3026 3080 (68)
3062 3009 3136 3071 ὡς
3168 3010 3195 3060 ὁ
3228 3008 3382 3076 λόγος
3410 3008 3685 3074 ἀπέδειξεν
3706 3010 3830 3080 (69).

2278 3100 2482 3170 ἀγαθὸν
2511 3102 2722 3172 ἐνεργεί
2764 3101 2923 3171 μόνον
2967 3100 3061 3152 τοῦ
3105 3100 3275 3153 κακοῦ
3313 3101 3702 3171 ἀποκρίνουσα,
3745 3102 3830 3154 κα)

610 3198 719 3236 non
749 3199 814 3238 ex
849 3200 1009 3242 causa
1051 3188 1336 3258 principali
1377 3197 1538 3260 atque
1576 3192 1846 3261 praecipua
1881 3193 2180 3247 cruciatum

2281 3191 2416 3262 πρὸς
2443 3191 2539 3263 τὴν
2558 3192 2657 3262 τῆς
2683 3190 3076 3262 μακαριότητος
3100 3189 3754 3260 κοινωνίανέπισπωμένη
3775 3207 3787 3218 ·
3817 3194 3830 3244 ί

609 3272 830 3329 adhibet
867 3275 936 3331 iis
979 3278 1072 3348 qui
1104 3279 1473 3349 deliquerunt,
1519 3282 1614 3335 sed
1669 3281 1801 3335 illttd
1848 3281 2091 3352 quidem,
2122 3294 2180 3338 ut

2281 3281 2334 3333 δὲ
2360 3280 2458 3350 τῆς
2475 3281 2750 3350 συμφυΐας
2769 3278 3106 3348 διασπασμὸς
3126 3279 3284 3350 ὀδύνη
3301 3278 3379 3349 τῷ
3407 3279 3677 3350 ἑλκομένῳ
3697 3279 3830 3348 γίνε-

607 3367 784 3420 oratio
817 3366 1234 3436 demonstravit,
1292 3371 1493 3426 bonum
1546 3372 1833 3438 duntaxat,
1865 3373 1994 3426 dum
2047 3373 2102 3428 id
2148 3388 2178 3427 a

609 3454 751 3508 malo
799 3459 1036 3511 secernit
1110 3467 1162 3512 et
1221 3461 1430 3525 eximit,
1491 3469 1545 3515 et
1607 3463 1676 3515 ad
1743 3463 2178 3517 communionem

607 3543 962 3601 beatitudinis
1018 3550 1282 3614 attrahit,
1347 3559 1644 3619 operatur;
1699 3552 1935 3607 divulsio
1999 3562 2178 3606 autem

605 3635 914 3692 coalitionis
945 3648 999 3692 et
1037 3641 1526 3708 coagmentutionis
1554 3642 1603 3696 ei
1639 3643 1782 3712 quod
1810 3643 2045 3697 trahitur
2077 3641 2179 3696 do-

606 3724 774 3779 lorem
799 3726 1020 3781 facit.—
1039 3728 1105 3782 Μ.
1133 3729 1304 3794 Idem,
1331 3727 1509 3797 inquit
1531 3729 1806 3800 magistra,
1830 3743 1932 3800 ego
1962 3747 2181 3803 quoque

2280 3387 2390 3424 ται.
2412 3401 2483 3409 —
2499 3369 2568 3422 Μ.
2593 3369 2768 3433 Οὕτω,
2800 3369 2960 3440 φησὶν
2981 3370 3013 3438 ἡ
3036 3368 3371 3434 διδάσκαλος,
3404 3370 3495 3422 xui
3522 3372 3549 3422 ό
3573 3370 3703 3440 ἐμός
3727 3371 3830 3422 ἐστι

2281 3460 2456 3528 λόγος,
2479 3459 2573 3513 xui
2592 3461 2673 3513 ὅτι
2699 3458 2896 3530 μέτρον
2918 3457 3022 3526 τῆς
3051 3456 3343 3528 ἀλγηδόνος
3375 3461 3406 3530 ἠ
3436 3460 3534 3531 τῆς
3559 3459 3750 3521 κακίας
3783 3461 3830 3511 ἐκ

2282 3551 2497 3622 ἑκάστῳ
2522 3551 2754 3619 ποσότης
2771 3549 2937 3602 ἐστίν.
2957 3549 3030 3602 Οὐ
3047 3549 3155 3620 γὰρ
3177 3551 3321 3612 εἰκὸς
3338 3553 3401 3603 ἐκ
3422 3551 3512 3603 τοῦ
3532 3551 3641 3603 ἴσου
3658 3549 3745 3602 τὸν
3769 3549 3830 3611 εἰς

2282 3640 2534 3694 τοσοῦτον
2555 3641 2666 3712 (70)
2694 3641 2750 3693 ὲν
2775 3641 3056 3710 ἀπηγορευ
3066 3641 3243 3709 μένοις
3255 3642 3512 3708 γεγονότα
3529 3641 3731 3703 κακοῖς,
3754 3641 3830 3691 κα’

2276 3733 2368 3787 τὸν
2414 3734 2654 3804 μετρίοις
2681 3733 2792 3804 (71)
2849 3727 3234 3802 συνενεχθέντα
3277 3729 3755 3802 πλημμελήμασιν,
3786 3729 3830 3780 ἐκ.

2275 3825 2341 3894 τῇ
2372 3825 2552 3894 κρίσει
2584 3823 2699 3892 (72)
2722 3825 2821 3894 τῆς
2852 3823 3128 3894 μοχθηρᾶς
3152 3821 3318 3886 ἕξεως
3345 3820 3644 3890 ἀνιαθῆναι.
3687 3815 3830 3868 Ἀλλά

2277 3915 2429 3988 παρά
2458 3915 2518 3969 τὸ
2546 3915 2709 3970 ποσὸν
2738 3915 2837 3985 τῆς
2871 3914 3001 3984 ὕλης
3021 3955 3036 3981 ,
3070 3914 3104 3985 ἢ
3142 3914 3324 3967 πλεῖον
3354 3913 3388 3983 ἢ
3423 3912 3636 3965 ἔλαττον
3661 3909 3766 3979 (75)
3804 3909 3830 3978 ἦ

2281 4007 2515 4078 ὀδυνηρά
2546 4008 2728 4077 ἐκείνη
2756 4004 2886 4077 φλὸξ
2912 4005 3289 4077 ἐξαφθὴσεται,
3319 4005 3394 4067 ὡς
3419 4004 3484 4057 ἂν
3509 4003 3614 4072 (74)
3637 4002 3694 4055 τὸ
3715 4002 3830 4053 ὑπο‹

2281 4098 2479 4168 τρέφον
2597 4093 2667 4170 ᾯ
2697 4100 2877 4152 τοίνυν
2908 4099 3073 4161 πολὺς
3101 4100 3130 4151 ό
3173 4097 3376 4166 ὑλώδης
3406 4095 3588 4147 ἔπεστι
3613 4093 3830 4161 φόρτος,

2282 4185 2481 4256 πολλὴν
2513 4185 2724 4258 ἀνάγκη
2765 4187 2860 4240 καὶ
2889 4186 3274 4257 διαρκεστέραν
3313 4184 3396 4236 ἐπ’
3435 4181 3580 4252 αὐτῷ
3618 4183 3727 4252 (75)
3756 4184 3830 4251 γί‹

609 3813 823 3876 sentio,
879 3821 935 3867 et
991 3813 1135 3882 quod
1179 3829 1277 3882 pro
1326 3815 1630 3884 quantitate
1691 3815 2003 3872 vitiositatis
2060 3831 2180 3887 qua}

607 3902 660 3956 in
714 3918 1043 3973 unoquoque
1094 3906 1276 3972 fuerit,
1311 3909 1588 3964 cruciatus
1617 3922 1681 3962 ac
1732 3908 1937 3964 doloris
1981 3910 2178 3983 modus

605 3995 952 4049 adhibeatur.
995 3995 1112 4050 Non
1141 3998 1285 4051 enim
1319 4013 1415 4068 par
1437 4009 1523 4054 est
1552 4009 1867 4070 utrumque,
1902 4010 2015 4057 tum
2052 4019 2176 4058 eum

605 4088 696 4156 qui
749 4087 802 4140 in
845 4087 1002 4142 malis
1033 4090 1215 4144 vetitis
1253 4091 1441 4145 tandiu
1475 4101 1724 4149 versatus
1765 4094 1856 4157 sit,
1905 4101 2020 4147 tum
2053 4109 2176 4149 eum

604 4177 697 4247 qui
749 4178 802 4230 in
857 4177 1152 4233 mediocria
1199 4180 1398 4234 delicta
1448 4181 1695 4250 quaedam
1745 4181 2021 4247 inciderit,
2081 4197 2178 4252 per

606 4269 975 4339 purgationem
1021 4270 1210 4325 vitiosi
1253 4271 1471 4328 habitus
1520 4288 1587 4328 cx
1636 4288 1792 4342 aequo
1847 4274 2172 4329 discruciari

2281 4276 2466 4329 νεσθαι
2505 4277 2599 4346 τὴν
2632 4276 3022 4331 ἀναλίσκουσαν
3052 4277 3241 4347 φλόγαο
3281 4268 3326 4344 ᾧ
3353 4275 3409 4329 δέ
3433 4273 3518 4327 ἐπ’
3550 4273 3760 4327 ἔλαττον
3802 4277 3830 4341 ὴ

605 4367 768 4430 atque
821 4360 1024 4425 dolere,
1077 4363 1170 4417 sed
1205 4378 1302 4433 pro
1350 4364 1512 4418 modo
1558 4379 1622 4419 ac
1658 4367 1964 4435 quantitate
2005 4376 2177 4423 mate-

2281 4369 2373 4421 τοῦ
2402 4369 2571 4439 πυρὸς
2592 4368 2803 4439 δαπάνη
2833 4369 3325 4440 ἐγκαταμέμικται,
3356 4365 3602 4420 τοσοῦτον
3635 4368 3830 4420 ὑποκα-

605 4453 718 4518 rite,
749 4453 832 4507 vel
866 4454 1109 4526 longiore
1151 4455 1237 4509 vel
1289 4455 1536 4511 breviore
1578 4457 1841 4528 temporis
1875 4460 2053 4529 spatio
2085 4460 2176 4515 illa

2282 4460 2525 4514 ταϐαίνει
2545 4460 2642 4532 τῆς
2672 4460 3030 4532 σφοδροτέρας
3047 4477 3105 4514 τε
3122 4460 3216 4514 καὶ
3231 4460 3555 4532 δριμυτέρας
3574 4459 3830 4530 ἐνεργείας

819 4698 1072 4779 ξρυσίιρ.
1101 4699 1142 4749 Β
1163 4700 1369 4779 χρυσῷ.
1388 4770 1426 4779 “
1455 4771 1466 4779 _
1592 4770 1613 4779 _
1664 4769 1677 4779 _

2281 4705 2534 4779 margine
2555 4706 2758 4775 βιαίως.

829 4769 1360 4848 Δ’έῐκριξιᾷιῑεροῠρνζεζ.
1450 4769 1886 4848 ἐκκοιθώροντξςί
2124 4843 2136 4848 _
2500 4769 3034 4848 Παραπλασρέντα.
3071 4778 3116 4848 ᾼ
3145 4774 3596 4848 περιπλασθέντα.

675 4775 785 4849 (ξῦ)
841 4775 1360 4837 Ἐκκαθαροῠντες.
1388 4775 1428 4823 Β
1450 4775 1886 4858 ἐκκαθαίροντες.

674 4838 786 4917 (56)
813 4837 884 4890 Δέ
921 4839 1063 4892 delet
1087 4840 1152 4920 OB.
1186 4840 1265 4894 Ad
1310 4843 1494 4904 verba,
1529 4843 1778 4894 κάκείνου
1797 4841 2168 4966 δεδαπανημέ-

674 4926 716 4966 δ,
735 4924 788 4960 Ill
806 4908 954 4961 calce
978 4909 1187 4963 codrens
1217 4914 1257 4962 A
1284 4911 1396 4965 haec
1419 4920 1706 4964 notantur:
1736 4913 1891 4964 Κατα
1914 4929 2013 4966 την
2075 4930 2170 4965 νω-

2349 4775 2461 4915 (ϐἓ)
2500 4776 3034 4845 Παραπλασθέντα.
3071 4778 3116 4829 Α
3145 4793 3178 4828 π

2371 4845 2440 4898 65
2500 4848 2800 4902 Γίνεσθαι.
2837 4847 2879 4899 Β
2909 4846 3178 4915 γενέσθαι.

2349 4914 2564 4966 (δά-65)
2618 4917 3104 4966 Ἁποευοοιιένου.
3138 4919 3178 4966 Δ

601 4921 716 4981 νου,
735 4908 788 4960 in
806 4908 954 4981 calce
978 4909 1187 4981 codicis
1210 4914 1257 4981 AA
1284 4911 1396 4965 haec
1419 4920 1706 4964 notantur:
1736 4911 1891 4964 Κατὰ
1914 4913 2013 4981 τὴν

600 4975 744 5057 τέρω
783 4979 908 5057 παρ’
934 4979 1064 5048 ἡμῖν
1105 4979 1384 5057 λεχθεῖσαν
1429 4981 1692 5057 διάταξιν,
1733 4980 1859 5057 ἔνθα
1901 4975 2042 5057 περὶ-
2069 4982 2169 5051 τῆς
2348 4975 2459 5054 (66)
2502 4975 2702 5057 Οὖχνή
2734 4975 2881 5043 01912;.
2896 4975 2957 5040 Ἀ
2986 4987 3130 5040 delet
3157 4988 3275 5057 οὺχ.

600 5045 989 5125 ἀφανισθείσης
1026 5045 1224 5125 κακίας
1271 5045 1645 5125 διαλαμϐάνει,
1673 5045 1914 5125 ἐνοητέον
1961 5045 2059 5125 xui
2099 5045 2166 5106 τά
2348 5045 2460 5125 (67)
2500 5045 2660 5110 Καῖὰ
2687 5045 2775 5114 τό.
2815 5060 2861 5110 Α
2889 5058 2950 5110 οὐ
2985 5057 3146 5111 κατά.

601 5116 845 5197 παρόντα
876 5116 970 5170 xui
1000 5118 1066 5171 τὰ
1099 5120 1243 5190 ἑξῆς.
1283 5116 1576 5189 Ἀνάγνωθι
1597 5116 2017 5176 ταῦτα’κάκεῖνα
2045 5124 2166 5177 ἐπι·
2347 5116 2459 5197 (68)
2511 5128 2686 5181 Ἀλλὰ
2711 5127 2775 5181 τὸ
2797 5129 2930 5197 μέν.
2965 5128 3010 5180 Α
3041 5127 3082 5178 Β
3111 5128 3224 5180 ἀλλ’
3255 5128 3308 5197 ἡ.

602 5187 802 5268 psi-(15.
838 5258 874 5268 __
1050 5258 1062 5268 .
1180 5187 1235 5268 λ
1286 5259 1297 5268 _
1425 5187 1432 5189 6
1649 5261 1669 5268 _
1794 5262 1804 5268 _
1912 5263 1924 5268 Α
2347 5187 2459 5268 (69)
2515 5187 2870 5262 Ἀπέδειξὲν.
2909 5197 3273 5265 Βύπέδειξεν.

637 5258 783 5338 ,(57)
838 5258 1166 5338 Ἀκρίμήζῳ.
1286 5259 1339 5314 in
1384 5269 1534 5338 textu
1573 5261 1872 5336 καθαωὶῳ,
1912 5263 1966 5318 in
2019 5280 2164 5318 mar-

2349 5258 2461 5338 (70)
2497 5270 2598 5334 Εἰς
2630 5258 2923 5324 τοσοῦτον
2962 5270 3003 5322 Β
3026 5258 3188 5324 delet:

601 5331 1053 5408 ginema‘txotpﬁ-ctp.
1163 5331 1460 5408 καθαρσίῳ.
1719 5331 1749 5336 ⁷
1824 5331 1834 5334 ’

2349 5331 2460 5408 (71)
2501 5331 2791 5407 Μέτρίοις.
2822 5340 2863 5392 Β
2895 5339 3042 5394 addit
3071 5340 3232 5394 τισίν.

839 5398 1058 5482 ςῼξᾶόλ.
1084 5403 1142 5482 ΔΑ
1163 5402 1272 5482 ἕως
1301 5398 1424 5482 ἀντ’
1478 5480 1482 5482 Δ
1669 5475 1691 5482 _
1857 5475 1868 5482 _
1951 5473 1966 5482 _
2033 5471 2052 5482 Α
2098 5472 2108 5482 ⁸
2343 5398 2456 5482 (72)
2495 5398 2720 5482 Κρίᾷει.
2750 5398 2798 5482 ’Β
2828 5410 3110 5482 καθάρσει.

602 5536 614 5548 _
674 5468 787 5536 (59)
841 5471 1247 5553 ξΑπᾳναελιιίίζῇ.
1287 5472 1330 5525 A
1375 5474 1430 5528 in
1471 5480 1621 5529 textu
1667 5475 1811 5528 ἅπαν
1845 5471 2167 5543 ἀναλωθείη,
2344 5468 2456 5553 (75)
2497 5468 2714 5553 [peior
2744 5481 2781 5547 ἢ
2814 5468 3084 5536 excrcior.
3123 5483 3163 5534 Β
3191 5481 3388 5535 πλείων
3420 5484 3452 5553 ἢ
3488 5481 3722 5536 ἐλάττων.

601 5541 656 5591 in
675 5541 927 5621 ‘l‘l.l‘1‘l\l‘g:ll_le
953 5541 1219 5621 ἀναλωθῇ.
1253 5611 1266 5621 ,
2132 5541 2141 5543 -
2345 5541 2457 5620 (74)
2507 5549 2604 5614 Ὡς
2633 5551 2727 5606 ἄν.
2756 5541 2798 5604 Ᾱ
2834 5553 2874 5603 Β
2901 5553 3004 5614 ἕως
3033 5554 3117 5607 ἄν.

820 5611 1044 5694 lito:er
1068 5609 1213 5694 delet
1240 5611 1306 5668 A.
1484 5683 1507 5694 ﬁ
1550 5683 1576 5694 Δ
1623 5683 1634 5694 .
1857 5680 1882 5693 ,,
1970 5682 1982 5694 ,
2044 5681 2056 5694 ,
2108 5683 2118 5693 .

2511 5609 2636 5674 ’θέτ’
2668 5623 2846 5686 αὐτῷ.
2886 5626 2927 5674 Α
2959 5609 3000 5675 Β
3031 5625 3116 5677 ἐπ’
3152 5621 3337 5679 αὐτοῦ.

669 5674 751 5737 (61
765 5681 780 5740 >
821 5679 1053 5744 Βιαίως.
1109 5681 1155 5735 Α
1202 5681 1256 5735 in
1300 5691 1448 5739 textu
1482 5683 1767 5748 βεϐαίωσις
1817 5680 1923 5736 τῶν
1966 5681 2076 5746 ἐπί,
2107 5683 2162 5737 in

2349 5674 2364 5694 \
2417 5674 2455 5691 'I
2796 5674 2806 5686 ι
2969 5674 2978 5675 ί
3036 5674 3096 5677 ἠ
3155 5674 3182 5676 "

2349 4914 2564 4988 (ϐξ-65)
2618 4917 3104 4988 Ἁποξυρομένου.
3138 4919 3181 4969 Α
3211 4917 3252 4968 Β
3287 4915 3667 4988 ἀποξυομένου.
