3990 6202
264 244 357 305 ιυι
1330 231 1417 286 DE
1456 230 1672 286 ANIMA
1705 228 1794 284 ET
1833 225 2434 284 RESURRELTIONE.
3418 235 3520 295 102

263 355 293 423 ἦ
317 352 566 415 κόλασις,
594 349 716 403 ὅσον
740 349 1050 420 ἠλάττωται
1088 347 1167 418 τῷ
1197 347 1295 417 τῆς
1346 347 1542 411 κακίας
1578 345 1760 418 μέτρῳ
1786 344 1846 399 τὸ

1956 342 2161 401 flamma
2177 344 2478 409 dolorilica,
2503 346 2743 416 quandiu
2778 347 2944 403 fuerit
2969 349 3022 404 id
3057 349 3202 420 quod
3240 365 3359 406 eam
3388 354 3517 418 alat,

262 442 643 514 ὑτωκείμενον.
680 441 801 512 Χρὴ
836 440 945 514 γὰρ
983 440 1163 509 πάντη
1197 438 1291 493 καὶ
1316 439 1536 501 πάντως
1562 435 1851 508 ἐξαιρεθῆ-

1956 434 2298 491 accendetur.
2360 435 2461 490 Cui
2517 437 2684 507 igitur
2736 453 2988 509 magnum
3042 439 3321 495 inhwserit
3378 454 3521 498 onus

259 535 354 588 ναί
401 551 530 587 ποτε
560 534 619 586 τὸ
657 533 827 587 κακὸν
857 533 923 585 ὲκ
962 530 1057 584 τοῦ
1106 529 1278 593 ὄντος,
1316 530 1411 583 καὶ
1457 529 1595 599 δεῖ-πρ
1643 529 1699 581 ὲν
1740 528 1853 590 τοῖς

1956 527 2249 593 materiale,
2292 526 2347 582 in
2401 542 2467 583 eo
2517 543 2743 584 necesse
2781 535 2868 584 est
2905 545 3154 600 magnam
3200 545 3267 586 ac
3310 529 3519 587 diutius

262 625 531 694 φθάσασιν
548 624 783 695 εἴρηται,
811 622 874 676 rb
894 622 1059 685 ὅντως
1084 620 1195 692 (76)
1221 620 1298 692 μὴ
1328 620 1409 685 ὃν,
1434 619 1553 691 μηδ’
1579 613 1719 672 εἶναι
1741 618 1853 687 (77)

1956 616 2234 673 durantem
2275 633 2399 673 esse
2438 616 2732 683 ﬂammam,
2768 633 2889 688 quae
2928 621 3209 675 materiam
3236 636 3355 675 eam
3383 636 3520 677 con-

259 716 418 778 ὅλως.
473 714 691 785 Ἐπειδὴ
746 712 853 784 γὰρ
899 712 1003 777 ἔξω
1046 713 1146 783 τῆς
1193 710 1563 782 προαιρέσεως
1607 710 1642 780 ἡ
1690 706 1857 761 κακία

1956 719 2132 762 sumat
2180 726 2193 762 :
2232 707 2288 762 in
2343 722 2409 762 eo
2454 722 2606 772 vero,
2645 709 2736 763 cui
2784 708 2982 764 minori
3030 711 3206 780 spatio
3254 711 3519 782 temporis

264 801 402 858 εἶναι
426 804 586 873 φύσιν
617 804 720 857 οὑκ
747 802 883 873 ἔχει,
913 802 1041 854 ὅταν
1069 801 1219 853 πᾶσα
1259 798 1581 869 προαίρεσις
1620 795 1736 866 (78)
1788 796 1847 849 ὲν

1956 795 2093 866 ignis
2123 795 2215 851 ille
2271 811 2602 853 consumens
2643 798 2985 867 admovetur,
3014 808 3224 856 tantum
3253 802 3320 858 de
3353 803 3516 859 vehe-

263 895 341 967 τῷ
367 895 486 965 Θεῷ
513 894 760 964 γένηται,
800 895 881 958 είς
910 892 1145 962 παντελῆ
1173 892 1478 962 ἀφανισμὸν
1497 892 1532 963 ἡ
1570 890 1738 943 κακία
1769 888 1845 961 μὴ

1956 888 2216 943 nientiore
2250 879 2413 959 atque
2459 891 2669 944 acriore
2712 893 3027 961 operatione
3068 907 3228 963 paena
3268 895 3513 962 remittit,

264 991 501 1062 χωρήσει
529 989 668 1059 (79).
697 988 775 1059 τῷ
808 988 974 1059 μηδὲν
1001 986 1167 1056 αὐτῆς
1196 983 1590 1054 ὑπολειφθῆναι
1616 982 1843 1051 δοχεῖον.

1956 986 2241 1048 quantum,
2276 979 2423 1049 quod
2452 980 2520 1034 ad
2552 981 2774 1036 modum
2807 982 3123 1040 vitiositatis
3149 984 3361 1047 attinet,
3383 985 3515 1041 sub-

258 1082 467 1148 jectum
512 1081 678 1136 fuerit
714 1081 1069 1134 diminutum.
1102 1079 1332 1151 Oportet
1359 1080 1505 1134 enim
1578 1077 1801 1148 penitus
1863 1088 1927 1128 ac
1964 1087 2186 1143 prorsus
2239 1075 2533 1144 aliquando
2567 1077 2773 1131 malum
2826 1077 2989 1132 eximi
3031 1094 3098 1134 ex
3142 1093 3209 1134 eo
3244 1079 3389 1149 quod
3430 1088 3516 1138 est

261 1180 321 1228 et
358 1172 510 1243 quod
554 1172 609 1227 in
654 1172 1033 1242 superioribus
1080 1170 1285 1226 dictum
1324 1179 1429 1233 est,
1497 1170 1550 1225 id
1599 1167 1745 1239 quod
1830 1166 2008 1234 reipsa
2057 1180 2167 1219 non
2224 1173 2331 1232 est,
2393 1182 2462 1220 ne
2514 1182 2635 1222 esse
2677 1168 2894 1238 quidem
2950 1170 3195 1226 omnino.
3252 1170 3518 1236 Quoniam

263 1262 411 1317 enim
454 1277 519 1317 ea
564 1263 682 1318 vitii
741 1263 1109 1333 nequitiaeque
1155 1269 1350 1316 natura
1396 1273 1503 1324 est,
1565 1268 1624 1314 ut
1681 1263 1836 1313 extra
1873 1255 2208 1310 voluntatem
2242 1263 2295 1309 et
2343 1257 2633 1312 arbitrium
2702 1275 2810 1313 non
2858 1260 2950 1325 sit,
2997 1276 3120 1316 cum
3193 1262 3371 1317 omnis
3424 1278 3520 1317 vo-

266 1357 450 1411 luntas
491 1366 547 1412 et
593 1372 757 1413 omne
788 1357 1078 1412 arbitrium
1115 1356 1169 1412 in
1217 1354 1329 1411 Deo
1361 1355 1542 1422 fuerit,
1578 1353 1644 1408 ad
1719 1349 2023 1407 absolutam
2084 1358 2250 1419 atque
2300 1349 2598 1420 perfectam
2650 1361 2705 1407 et
2784 1361 3081 1407 extremam
3166 1353 3516 1409 abolitionem

262 1453 323 1501 et
368 1446 651 1500 interitum
704 1444 975 1499 vitiositas
1020 1443 1320 1513 redigetur,
1366 1450 1425 1497 ut
1467 1441 1677 1496 nullum
1722 1438 1844 1508 ejus
1882 1438 2290 1508 receptaculum
2332 1440 2691 1509 relinquatur.

335 1574 397 1629 Γ.
412 1571 574 1628 Ἀλλά
593 1572 647 1626 τί
673 1576 862 1647 κέρδος
877 1574 1098 1651 (80)τῆς
1114 1573 1357 1647 χρηστῆς
1377 1572 1588 1636 ἐλπίδος
1611 1569 1747 1643 (81),
1766 1562 1846 1622 εἷ-
1930 1552 1943 1565 ’

272 1676 375 1710 τιον
404 1660 535 1726 ἐγὼ,
569 1658 649 1729 τῷ
688 1659 1018 1734 λογιζομένῳ
1048 1665 1171 1717 ὅσον
1208 1664 1325 1717 ἐστὶ
1349 1662 1514 1718 κακὸν
1542 1662 1637 1715 καὶ
1665 1663 1843 1713 ἐνιαυ-

2023 1572 2085 1628 G.
2107 1574 2210 1630 Sed
2235 1571 2379 1642 quod
2394 1556 2607 1629 lucrum
2633 1579 2689 1626 et
2711 1584 2892 1640 operae
2904 1572 3144 1642 pretium
3168 1580 3272 1640 est,
3295 1583 3516 1638 inquam

1945 1673 2064 1730 ego,
2094 1657 2256 1727 hujus
2284 1657 2440 1711 bonae
2473 1657 2586 1727 spei
2609 1660 2873 1727 reputanti
2896 1669 3157 1731 quantum
3192 1661 3264 1717 sit
3293 1663 3516 1727 malum,

272 1748 459 1801 σιαίαν
481 1748 595 1817 (82)
634 1748 798 1820 μόνην
825 1752 1079 1823 ὑποσχεῖν
1104 1753 1399 1824 ἀλγηδόνα,
1446 1755 1495 1806 εἰ
1534 1752 1578 1806 δ’
1611 1753 1689 1814 είς
1719 1747 1845 1804 αἰώ-

1956 1748 2030 1803 vel
2068 1762 2309 1802 annuum
2362 1747 2538 1801 solum
2587 1748 2858 1803 sustinere
2896 1740 3236 1816 cruciatum,
3278 1750 3424 1820 quod
3471 1751 3520 1806 si

268 1838 391 1913 νιόν
423 1855 480 1889 τι
496 1836 813 1911 διάστημαή
845 1842 1068 1913 ἄσχετος
1086 1843 1269 1913 ἐκείνη
1291 1844 1446 1914 ὀδύνη
1481 1839 1843 1914 παραταθείη,

266 1929 364 1993 τίς
388 1930 455 1982 ἐκ
479 1929 589 1999 (85)
604 1932 701 2002 τῆς
722 1931 946 2004 ὕστερον
969 1934 1181 1999 ἐλπίδος
1210 1934 1590 1990 ὑπολέλειπται
1615 1932 1722 2005 (84)
1743 1947 1849 1985 παο

269 2021 541 2092 ραμυθία,
572 2016 618 2091 ᾧ
642 2024 777 2095 πρὸς
812 2025 934 2081 ὅλον
963 2024 1133 2080 αίῶνα
1160 2026 1628 2097 συνδιαμετρεϊται
1672 2025 1706 2096 ἡ
1752 2022 1847 2077 κό-

267 2109 457 2170 λασις;
474 2110 629 2166 -Μ,
649 2107 807 2167 Ὥστε
827 2112 939 2185 (85)
961 2113 1285 2184 προνοητέον
1305 2110 1339 2182 ἢ
1365 2108 1592 2164 καθόλου
1614 2106 1722 2161 τῶν
1748 2109 1849 2181 τῆς

268 2196 473 2260 κακίας
498 2194 609 2266 (86)
637 2194 997 2266 μολυσμάτων
1020 2194 1248 2263 φυλάξαι
1278 2193 1375 2264 τὴν
1390 2192 1566 2264 ψυχὴν
1595 2194 1768 2266 ἀμιγῆ
1788 2212 1850 2249 τε

273 2290 374 2341 καὶ
404 2285 771 2358 ἀκοινώνητον
792 2301 808 2317 ο
861 2286 896 2356 ἢ
945 2286 995 2338 εί
1036 2284 1194 2338 τοῦτο
1231 2285 1407 2357 πάντη
1452 2286 1732 2356 ἀμήχανον
1763 2286 1851 2341 διά

270 2378 338 2433 rb
368 2377 619 2449 ἐμπαθες
644 2376 761 2448 (87)
786 2376 885 2447 τῆς
915 2375 1129 2447 φύσεως
1171 2375 1361 2448 ἡμῶν,
1391 2375 1467 2441 ὡς
1499 2377 1581 2431 ὅτι
1618 2375 1852 2447 μάλιστα

272 2472 337 2523 ἐν
386 2468 632 2540 μετρίοις
674 2468 788 2521 τισὶ
842 2469 936 2521 καὶ
976 2466 1393 2538 εὑθεραπεὺτοις
1447 2462 1586 2521 εἶναι
1642 2465 1710 2519 τά
1753 2468 1851 2536 τῆς

272 2561 478 2631 ἀρετῆς
516 2557 927 2629 ἀποτεύγματα.
971 2554 1091 2612 Οίδε
1122 2557 1229 2630 γὰρ
1259 2559 1293 2629 ἡ
1334 2556 1661 2628 εὐαγγελικὴ
1707 2556 1852 2610 διδα-

272 2651 476 2705 σκαλία
508 2651 603 2704 καὶ
624 2650 831 2722 μυρίων
855 2650 1134 2720 ὀφειλέτην
1156 2650 1277 2704 τινὰ
1304 2648 1579 2703 ταλάντων
1611 2646 1850 2719 (88-89),

271 2745 371 2796 καὶ
399 2743 772 2797 πεντακοσίων
790 2741 1082 2813 δηναρίων,
1117 2742 1210 2795 καὶ
1245 2742 1599 2813 πεντήκοντα,
1633 2739 1725 2794 καὶ
1758 2755 1853 2791 κο-

270 2836 503 2907 δράντου
546 2835 690 2898 τινὸς
723 2834 860 2905 (90),
908 2833 1043 2905 ὅπερ
1103 2833 1164 2886 rb
1195 2832 1421 2903 ἔσχατόν
1463 2835 1607 2887 ἐστιν
1652 2830 1764 2903 (91)
1798 2831 1855 2882 ὲν

274 2929 576 2999 νομίσμασι
601 2942 617 2957 ⁶
652 2927 752 2998 τὴν
778 2925 836 2979 δὲ
867 2923 963 2978 τοῦ
987 2924 1121 2978 Θεοῦ
1153 2924 1367 2978 δικαίαν
1400 2924 1582 2996 κρίσιν
1604 2922 1691 2978 διά
1719 2922 1857 2977 πάν-

270 3038 383 3073 των
410 3018 688 3083 διεξιέναι,
731 3016 825 3070 καὶ
852 3015 929 3087 τῷ
969 3017 1123 3087 βάρει
1170 3014 1266 3069 τοῦ
1292 3015 1602 3087 ὀφλήματος
1632 3030 1855 3068 συνεπιο

269 3111 558 3164 τείνουσαν
584 3110 684 3180 τὴν
706 3108 953 3178 ἀνάγκην
974 3107 1070 3178 τῆς
1091 3107 1462 3178 ἀπαιτήσεως.
1492 3106 1587 3160 καὶ
1602 3105 1721 3158 οὐδὲ
1742 3104 1854 3174 (9‘2)

266 3202 385 3273 τῶν
422 3199 800 3272 σμικροτάτων
840 3197 1214 3269 ὑπερορῶσαν.
1248 3196 1358 3269 Τὴν
1386 3197 1443 3251 δὲ
1471 3196 1723 3251 ἀπόδοσιν
1748 3194 1857 3249 τῶν

268 3292 605 3362 ὀφλημάτων
637 3288 699 3342 rb
744 3288 1074 3357 Εὑαγγέλιον
1109 3281 1260 3341 εἶπεν
1310 3287 1409 3340 οὑκ
1456 3288 1521 3340 ὲκ
1560 3284 1856 3357 χρημάτων

270 3382 576 3444 διαλύσεως
610 3379 875 3449 γίνεσθαι,
911 3379 1049 3433 ἀλλά
1077 3376 1463 3451 παραδίδοσθαι
1491 3379 1605 3441 τοῖς
1636 3376 1858 3447 βασανι-

272 3480 428 3538 σταῖς
450 3474 542 3530 τδν
569 3473 883 3543 ὑπόχρεων,
925 3471 1032 3535 ἕως
1074 3470 1159 3536 ἂν,
1195 3470 1357 3541 φησὶν
1380 3508 1395 3534 ,
1441 3467 1625 3540 ἀποδῷ
1656 3470 1763 3522 πᾶν
1795 3466 1857 3520 rb

160 3593 167 3597 ·
272 3567 659 3638 ὀφειλόμενον·
690 3565 826 3636 ὅπερ
856 3563 1008 3617 οὐδὲν
1038 3561 1225 3634 ἕτερον
1257 3563 1426 3623 ἐστιν,
1465 3561 1497 3632 ἢ
1527 3560 1616 3614 διά
1646 3561 1744 3631 τῆς
1767 3559 1859 3631 βα-

275 3659 446 3713 σάνου
462 3656 562 3727 τὴν
579 3654 881 3724 ἀναγκαίαν
901 3653 1125 3723 ὀφειλὴν
1145 3652 1424 3717 ἀποτῖσαι,
1444 3650 1504 3705 rb
1527 3651 1747 3723 ὄφλημα
1759 3650 1858 3722 τῆς

269 3749 387 3803 τῶν
415 3746 678 3817 λυπηρῶν
712 3745 1020 3818 μετουσίας,
1048 3738 1124 3800 ὧν
1151 3745 1263 3814 (95)
1292 3744 1443 3816 παρά
1466 3744 1556 3797 τὸν
1585 3743 1698 3815 βίον
1726 3742 1860 3797 ὑπό-

267 3856 463 3913 κρέως
479 3838 715 3907 ἐγένετο,
739 3839 908 3909 ἀμιγῆ
932 3855 993 3892 τε
1015 3837 1109 3893 κα)⁵
1130 3837 1364 3909 ἄκρατον
1379 3834 1474 3891 τοῦ
1495 3835 1738 3891 ἐναντίου
1760 3835 1858 3906 τὴν

266 3932 482 4005 ἡδονὴν
512 3930 621 3984 ὑπο
646 3930 891 3996 ἀϐουλίας
916 3931 1190 4001 ἐλόμενος,
1219 3932 1313 3984 καὶ
1342 3929 1534 3994 οὕτως,
1575 3929 1720 3987 ἅπαν
1746 3928 1857 4000 (94)

269 4023 625 4095 ἀποθέμενος
644 4021 706 4076 rb
733 4022 1006 4095 ἀλλότριον
1034 4009 1248 4091 ὲαῧτοῦ,
1277 4023 1413 4094 ὅπερ
1449 4022 1595 4076 ἐστὶν
1628 4022 1662 4093 ἡ
1690 4023 1861 4093 ἀμαρ-

270 4117 389 4180 τία,
413 4115 512 4169 καὶ
543 4113 642 4186 τὴν
666 4116 729 4168 ὲκ
759 4112 868 4167 τῶν
882 4113 1213 4185 ὀφλημάτων
1230 4114 1491 4185 αἰσχύνην
1511 4113 1857 4183 ἀποδυσάμε-

274 4223 390 4269 νος,
406 4207 467 4259 ὲν
488 4204 772 4275 ἐλευθερίᾳ
794 4222 853 4258 τε
871 4205 967 4258 καὶ
989 4201 1271 4275 παρρησίᾳ
1290 4204 1533 4274 γένηται.
1560 4202 1625 4256 Ἦ
1644 4201 1688 4255 δ’
1709 4201 1860 4271 ἐλευ-

274 4294 440 4363 θερία
488 4293 640 4347 ἐστὶν
664 4295 698 4364 ἡ
733 4293 870 4365 πρὸς
898 4293 959 4346 rb
990 4292 1284 4347 ἀδέσποτον
1316 4308 1373 4345 τε
1400 4291 1494 4345 καὶ
1527 4291 1858 4363 αὐτοκρατὲς

1946 1856 2121 1911 usque
2155 1839 2222 1894 ad
2251 1847 2517 1894 azternum
2550 1836 2823 1909 quoddam
2865 1838 3211 1894 intervallum
3258 1842 3519 1896 intolera-

1945 1931 2074 1987 bilis
2116 1931 2208 1986 ille
2254 1929 2413 1985 dolor
2443 1938 2772 2000 prorogetur
2799 1968 2815 1995 ,
2846 1944 3098 1998 quaenam
3146 1944 3213 1985 ex
3245 1930 3522 2001 posterius

1947 2022 2134 2078 futura
2176 2037 2272 2093 spe
2301 2021 2608 2077 consolatio
2650 2019 2982 2090 relinquitur
3019 2020 3071 2076 ei
3104 2021 3192 2076 cui
3228 2023 3297 2078 ad
3346 2014 3519 2078 totam

1949 2112 2308 2169 aeternitatem
2359 2124 2534 2183 paena:
2580 2109 2776 2167 modus
2812 2122 2877 2165 ac
2922 2124 3182 2167 mensura
3214 2109 3523 2184 redigitur?

1964 2196 2098 2251 ——M.
2121 2196 2308 2268 Itaque
2327 2196 2728 2269 providendum
2752 2197 2919 2254 fuerit
2941 2204 3002 2254 ut
3025 2201 3111 2254 vel
3134 2200 3355 2269 penitus
3381 2209 3437 2256 et
3466 2200 3525 2255 iu

1949 2289 2272 2345 universum
2325 2289 2395 2343 ab
2447 2288 2878 2358 inquinamentis
2946 2288 3260 2343 vitiositatis
3313 2287 3526 2359 integra

1951 2388 2116 2452 atque
2139 2381 2318 2437 omnis
2343 2380 2688 2451 cognationis
2709 2395 2906 2451 expers
2931 2379 3111 2434 anima
3130 2388 3524 2447 conservetur;

1953 2479 2045 2528 aut
2075 2472 2122 2528 si
2168 2471 2224 2527 id
2264 2480 2489 2542 prapter
2522 2469 2749 2526 allectus
2791 2480 2845 2525 et
2886 2470 3040 2537 vitia,
3080 2471 3282 2542 quibus
3330 2480 3527 2527 natura

1954 2573 2142 2620 nostra
2165 2562 2404 2620 obnoxia
2438 2566 2543 2627 est,
2581 2562 2730 2616 nulla
2762 2562 2976 2619 ratione
3015 2577 3248 2633 prorsus
3277 2556 3527 2634 expediri

1952 2670 2017 2710 ac
2063 2654 2180 2710 fieri
2221 2661 2423 2726 potest,
2483 2660 2542 2707 ut
2581 2652 2636 2708 in
2674 2669 2839 2725 quam
2874 2655 3117 2710 maxime
3155 2654 3528 2711 mediocribus

1953 2746 2283 2817 quibusdam
2320 2751 2629 2813 curatuque
2676 2732 2928 2800 facilibus
2969 2743 3188 2801 delictis
3221 2746 3531 2800 consistant

1953 2839 2178 2894 virtutis
2225 2837 2574 2893 incommoda
2605 2847 2768 2909 atque
2817 2837 3165 2893 detrimenta.
3192 2835 3356 2910 Novit
3383 2838 3530 2894 enim

1955 2927 2269 2998 evangelica
2298 2926 2551 2982 doctrina
2586 2935 2642 2983 et
2671 2926 2851 2982 decies
2891 2927 3039 2981 mille
3090 2927 3443 2995 talentorum,
3474 2935 3533 2984 et

1956 3017 2383 3088 quingentorum
2407 3016 2757 3071 denariorum
2795 3023 2849 3072 et
2869 3018 3284 3103 quinquaginta,
3311 3025 3366 3073 et
3389 3033 3529 3089 qua-

1957 3110 2169 3166 drantis
2216 3108 2475 3179 alicujus,
2517 3108 2665 3179 quod
2714 3109 2769 3163 in
2810 3117 3029 3164 moneta
3066 3120 3373 3166 extremum
3419 3119 3528 3177 est,

1958 3199 2249 3271 quemdam
2289 3201 2629 3256 debitorem:
2664 3214 2727 3253 ac
2754 3199 2962 3270 justum
2992 3199 3085 3256 Dei
3114 3201 3382 3271 judicium
3417 3217 3532 3257 om-

1960 3292 2053 3346 nia
2082 3290 2361 3361 persequi,
2395 3305 2605 3361 proque
2640 3290 3018 3361 magnitudine
3045 3292 3173 3347 aeris
3205 3292 3367 3348 alieni
3405 3308 3532 3363 pro-

1957 3396 2153 3451 rogare
2187 3392 2240 3436 et
2269 3381 2562 3436 extendere
2596 3381 2979 3437 necessitatem
3025 3383 3335 3447 solutionis,
3370 3398 3436 3438 ac
3465 3400 3533 3440 ne

1956 3472 2187 3528 minima
2218 3471 2437 3542 quidem
2461 3472 2744 3541 despicere
2768 3488 2832 3527 ac
2859 3474 3155 3544 praeterire.
3192 3473 3529 3532 Solutionem

1958 3573 2140 3621 autem
2174 3563 2488 3619 debitorum
2519 3579 2631 3618 non
2662 3580 2725 3620 ex
2761 3565 3117 3635 pecuniarum
3146 3565 3427 3622 decisione
3467 3581 3532 3623 ac

1957 3654 2325 3711 dissolutione
2358 3654 2477 3710 ﬁeri
2516 3653 2870 3726 Evangelium
2908 3655 3068 3720 dixit,
3107 3657 3202 3712 sed
3237 3657 3380 3712 tradi
3414 3666 3532 3713 tor-

1956 3746 2173 3801 toribus
2206 3745 2531 3809 obaaratum,
2556 3745 2729 3801 donec
2760 3746 3002 3813 solverit,
3035 3748 3237 3818 inquit,
3262 3748 3532 3820 quidquid

1960 3836 2167 3907 debet(
2199 3839 2344 3908 quod
2389 3835 2526 3891 nihil
2558 3836 2705 3892 aliud
2748 3842 2853 3903 est,
2896 3839 3003 3894 nisi
3049 3854 3147 3909 per
3198 3847 3532 3897 tormentum

1959 3930 2339 3985 necessarium
2366 3944 2442 3985 aes
2471 3928 2708 3983 alienum
2736 3930 2969 3995 solvere,
2989 3929 3256 3998 debitum,
3288 3932 3532 4004 inquam,

1959 4020 2402 4092 participatiouis
2433 4036 2617 4077 rerum
2658 4021 2900 4076 tristium
2939 4030 2994 4078 et
3020 4023 3363 4089 acerbarum,
3393 4039 3533 4095 qua-

1960 4126 2079 4165 rum
2112 4111 2547 4182 participationis
2580 4126 2676 4182 per
2706 4118 2923 4181 tempus
2952 4113 3078 4167 vitae
3110 4112 3324 4169 debitor
3352 4114 3534 4170 factus

1960 4209 2063 4265 est,
2097 4216 2223 4255 cum
2248 4214 2453 4255 meram
2479 4200 2854 4270 contrariique
2879 4200 3211 4258 admistione
3248 4218 3361 4259 non
3404 4211 3533 4259 tem-

1961 4297 2201 4362 peratam
2253 4290 2590 4360 voluptatem
2643 4290 2863 4345 consilii
2917 4289 3221 4348 stoliditate
3267 4292 3534 4361 expetivit

276 4382 598 4453 ἐξομοίωσις
619 4423 635 4448 ,
682 4385 717 4454 ἡ
744 4382 866 4437 κατ’
895 4381 1069 4453 ἀρχάς
1099 4381 1198 4453 μὲν
1228 4383 1364 4452 ἡμῖν
1397 4380 1547 4453 παρά
1579 4379 1712 4435 Θεοῦ
1744 4380 1857 4451 (95)

1962 4390 2126 4453 atque
2146 4379 2358 4452 elegit),
2389 4388 2554 4451 atque
2583 4380 2657 4435 ita
2698 4380 2790 4435 ubi
2822 4380 3089 4452 quidquid
3122 4397 3152 4437 a
3193 4398 3253 4440 se
3292 4383 3533 4439 alienum

276 4474 488 4543 δεδωρη
495 4472 652 4545 μένη,
670 4473 1107 4543 συγκαλυφθείσα
1120 4475 1187 4544 τῇ
1203 4473 1311 4526 τῶν
1326 4472 1652 4545 ὀφλημάτων
1673 4472 1860 4543 αἰσχύ·-

278 4580 369 4636 νῃ.
400 4563 615 4619 Πᾶσαδ
640 4563 919 4634 ἐλευθερία
958 4565 1057 4635 μία
1082 4564 1165 4628 τίς
1182 4566 1299 4618 ὶστι
1322 4566 1387 4636 τῇ
1422 4563 1581 4634 φύσει
1601 4564 1696 4618 καὶ
1722 4564 1859 4636 πρὸς

280 4656 484 4728 ἑαυτὴν
497 4656 709 4720 οἰκείως
728 4656 862 4727 ἔχει.
880 4656 1209 4723 ’Δκολούθως
1229 4654 1322 4711 οὖν
1348 4657 1455 4710 πᾶν
1477 4655 1586 4727 (96)
1616 4656 1677 4709 rb
1704 4655 1858 4710 ἐλεύ-

280 4746 440 4820 θερον
464 4746 543 4817 τῷ
576 4745 749 4819 ὁμοίῳ
777 4746 1281 4819 συναρμοσθήσεται
1306 4765 1320 4779 ·
1356 4747 1527 4822 ἀρετὴ
1552 4746 1607 4800 δὲ
1638 4746 1859 4801 ἀδέσπο-

354 4948 471 5015 (76)
515 4948 586 5020 To)
619 4951 823 5016 ὄντως.
858 4949 973 5020 ΑΒ
1000 4947 1078 5020 τῷ
1103 4950 1240 5004 ὄντι.

350 5019 471 5089 (77)
507 5015 676 5089 Εἶναι
706 5015 850 5076 delet
888 5019 951 5075 Β.

348 5087 469 5159 (78)
508 5088 681 5145 Πᾶσα
706 5090 1051 5159 προαίρεσις
1080 5087 1221 5144 delet
1250 5087 1311 5141 Β.

350 5156 471 5227 (79)
510 5159 606 5225 Μὴ
636 5156 915 5228 χωρήσει.
946 5161 988 5214 Α
1018 5159 1059 5211 Β
1098 5156 1576 5228 μεταχωρήσεις-πρ

350 5178 471 5227 με)
510 5178 606 5225 un
657 5178 915 5227 ,ωρησεμ
946 5178 988 5214 Α
1018 5178 1059 5211 ι)
1098 5178 1276 5227 μεταχι

345 5230 468 5312 (ξι)
509 5178 749 5312 ιερὲρς-
785 5234 830 5281 Α
858 5229 900 5312 β
928 5229 991 5312 ,εδ

348 5295 469 5367 (8|)
522 5295 816 5363 Ἐλπίδος.
846 5301 890 5352 Α
925 5299 967 5351 Β
997 5295 1200 5368 ταύτης
1231 5295 1465 5359 ἐλπίδος.

348 5369 467 5437 (εξ)
519 5370 942 5437 Ἔνιαυσιαίακ.
980 5369 1022 5420 Β
1052 5368 1341 5422 ἐνιαύσιον.

511 5438 607 5511 Τίς
629 5438 795 5511 ἐπα-Δ
831 5434 965 5511 τίςὴ
1001 5440 1083 5511 ἐκ.

346 5508 407 5571 (8
422 5512 464 5579 i)
517 5508 872 5579 Ὑπολέ.ζειπ
882 5508 1038 5565 ταὶ.Β
1066 5508 1440 5563 ὑπολείπεται.

370 5578 467 5649 85)
509 5578 713 5649 Ὥστε.
752 5578 792 5630 Β
821 5580 920 5634 ὅτι.

370 5584 467 5649 85)
509 5584 713 5633 Ὥστε.
753 5584 792 5630 Β
821 5584 920 5634 ὅτι.

343 5584 466 5721 (‘6)
511 5647 628 5718 τῆς
656 5649 877 5717 κακίας.
923 5654 1031 5727 Τῆς
1067 5651 1214 5710 delcl
1242 5650 1308 5722 A,
1355 5651 1451 5708 sed
1509 5651 1545 5705 Β
1593 5651 1753 5707 habet
1800 5650 1863 5703 ἐκ

1963 4483 2067 4538 est,
2098 4471 2153 4526 id
2182 4479 2267 4528 est
2300 4479 2581 4543 peccatum
2611 4471 2928 4542 deposuerit
2951 4480 3005 4527 et
3043 4472 3324 4543 abjecerit,
3355 4474 3533 4544 pudo-

1967 4580 2213 4635 remque,
2265 4580 2425 4636 quem
2456 4581 2520 4621 ex
2553 4564 2753 4623 debitis
2796 4574 3167 4631 contraxerat,
3210 4567 3443 4632 exuerit,
3476 4566 3532 4623 iu

1966 4657 2216 4713 libertate
2250 4659 2416 4714 simul
2460 4667 2513 4715 et
2550 4657 2749 4715 ﬁducia
2783 4667 3053 4715 versetur.
3102 4660 3276 4715 Porro
3303 4659 3534 4715 libertas

1964 4756 2050 4806 est
2083 4749 2411 4807 assimilatio
2455 4759 2510 4806 et
2554 4751 2861 4823 exaequatio
2890 4766 3028 4825 .cum
3062 4768 3128 4809 eo
3170 4752 3315 4824 quod
3356 4751 3534 4808 domi-

1966 4948 2182 5013 κακίας.

2059 5020 2680 5093 8013mm”.
2717 5020 2979 5093 tumea,-

2059 5090 2251 5161 88e89)
2297 5090 2433 5145 Τινὰ
2461 5090 2789 5147 ταλάντωκ.
2820 5092 2862 5144 Β
2890 5091 3167 5147 ταλάντων
3206 5090 3344 5145 τινά.

2062 5160 2151 5227 90)
2196 5160 2382 5227 Tarde.
2426 5162 2467 5213 Β
2507 5162 2677 5226 Ἐνός.
3322 5185 3345 5204 ο

2036 5228 2149 5303 (ει)
2192 5231 2368 5303 ’ξοπςερ
2395 5230 2463 5303 τὸ
2488 5231 2628 5303 serg.
2666 5232 2716 5287 ὲ.
2753 5232 2794 5284 Β
2818 5232 2955 5303 ὅπερ
2989 5230 3102 5286 ἐστὶ
3127 5228 3187 5283 τὸ
3215 5229 3459 5300 ἔσχατον.

2033 5298 2147 5369 (92)
2186 5298 2360 5369 906s.
2397 5298 2658 5369 B_068év.

2033 5363 2146 5437 (95)
2185 5364 2317 5422 Ὧν.
2356 5369 2399 5421 Β
2428 5363 2495 5437 ᾧ.

2033 5437 2148 5509 (94)
2190 5440 2376 5509 Ὅταν
2404 5437 2544 5494 delet
2571 5440 2631 5493 Β.

2034 5506 2147 5586 (ἓξ)
2186 5507 2555 5586 Ῐζίῇρὰιθξοῦἐ
2575 5511 2618 5563 Α
2652 5512 2691 5565 Β
2710 5510 2814 5565 ὑπὸ
2838 5507 2930 5564 τοῦ
2957 5506 3116 5565 Θεοῦ.

2037 5579 2148 5652 (96)
2190 5579 2317 5637 Πᾶν
2347 5579 2489 5636 delet
2516 5579 2575 5635 Β.
