3990 6202
563 261 700 317 ἹΟῚ

1877 260 1933 315 S.
1972 259 2301 318 GREGORII
2339 258 2502 316 NYS‘.
2569 258 2629 314 Nl

3769 266 3868 321 «Ιοε

591 391 762 438 tatem
781 394 906 436 cum
930 379 1097 437 simili
1115 381 1391 452 possimus
1412 378 1694 435 conciliari
1710 387 1873 449 atque
1890 380 2168 451 conjungi.

2273 381 2565 448 διάζευξις,
2613 379 2746 451 μηδὲ
2791 379 2947 434 τοῦτό
3001 396 3084 432 σοι
3115 379 3209 432 ἀπ’
3257 377 3468 442 ἐλπίδος
3519 378 3675 433 ἔσται
3729 381 3858 452 (51)

595 473 754 540 Quod
778 474 825 529 si
851 473 1036 544 aliqua
1057 473 1155 529 tibi
1185 471 1348 526 etiam
1377 471 1445 526 ad
1473 471 1578 527 hoc
1605 485 1808 540 corpus
1829 469 2046 526 aﬂ‘ectio
2064 477 2170 533 est,

593 576 647 622 et
676 567 826 636 angit
861 573 912 622 te
953 581 1019 620 ac
1061 565 1204 619 male
1241 564 1425 628 habet,
1451 562 1600 634 quod
1633 561 1966 633 disjungeris
2011 561 2082 616 ab
2108 576 2174 618 eo

583 653 741 728 fquod
793 657 999 729 diligis,
1059 671 1130 712 ne
1172 656 1276 712 hoc
1321 655 1540 727 quidem
1590 670 1744 726 spem
1791 655 1890 710 tibi
1946 654 2170 709 adimat.

593 749 821 804 Videbis
853 748 1000 805 enim
1023 762 1347 818 corporeum
1377 747 1479 802 hoc
1508 746 1826 812 amiculum,
1858 745 2005 815 quod
2030 759 2174 800 nunc

595 848 771 896 morte
799 840 1129 896 dissolutum
1163 839 1351 904 fuerit,
1397 855 1465 895 ex
1501 837 1697 894 iisdem
1728 853 1924 895 rursus
1953 839 2173 895 contexi

594 943 758 1004 atque
787 933 1064 1004 componi,
1100 947 1210 988 non
1262 932 1364 987 hac
1405 946 1594 988 crassa
1639 931 1906 1003 gravique
1936 939 2170 998 textura,

485 1053 500 1065 ι
594 1024 692 1080 sed
744 1023 812 1079 ad
856 1024 1061 1080 aeriam
1109 1026 1428 1079 tenuitatem
1473 1030 1640 1093 atque
1687 1023 2047 1078 subtilitatem
2085 1021 2174 1078 (ilo

539 4883 549 4976 ξ
648 4907 760 4976 εει)

543 4974 556 5053 ἱ

547 5043 572 5131 ³-
647 5043 762 5144 {2i}
938 5043 1222 5144 Z3293"
1256 5043 1423 5144 351;:

671 5117 760 5185 54)
803 5114 912 5185 Τοςῡ
940 5115 1222 5185 νήματος.
1256 5114 1425 5185 Βῌτοῦ
1448 5114 1733 5185 νοήματος.

594 1117 992 1173 reconcinnato
1030 1125 1196 1187 atque
1231 1118 1455 1181 refecto,
1502 1125 1562 1170 ut
1610 1124 1664 1171 et
1709 1115 1855 1170 adsit
1891 1115 1984 1169 tibi
2024 1114 2173 1184 quod

594 1207 797 1278 diligis,
825 1215 879 1262 et
915 1207 968 1261 in
1020 1206 1230 1262 meliori
1258 1216 1423 1277 atque
1462 1205 1681 1262 amabili
1717 1207 1892 1274 magis
1922 1203 2173 1272 pulchri-

595 1299 782 1354 tudine
812 1297 992 1354 denuo
1013 1297 1503 1352 restituatur.—G.
1527 1301 1603 1352 Ac
1627 1293 1838 1350 videtur
1856 1336 1870 1359 ,
1905 1293 2126 1362 inquam
2155 1331 2170 1356 ,

593 1407 660 1446 ex
679 1391 818 1448 serie
848 1397 1012 1460 atque
1029 1388 1444 1444 continuatione
1458 1388 1728 1442 dictorqu
1749 1387 1906 1441 nobis
1923 1385 2172 1441 doctrina

594 1481 1020 1537 resurrectionis
1041 1478 1447 1550 quodammodo
1467 1481 1519 1533 in
1536 1479 1838 1533 orationem
1859 1478 2170 1547 irrepsisse,

591 1575 658 1628 de
693 1589 799 1644 qua
826 1573 957 1627 mihi
991 1587 1097 1626 non
1125 1570 1486 1626 dubitandum
1515 1571 1733 1640 quidem
1770 1583 1898 1624 esse
1928 1569 2169 1631 videtur,

2277 471 2435 540 Ὀψει
2471 471 2583 542 (52)
2619 471 2728 540 γὰρ
2773 469 2934 523 τοῦτο
2961 468 3022 521 τὸ
3051 468 3361 538 σωματικὸν
3394 467 3748 539 περιϐόλαιον
3781 471 3868 524 tbi

2273 561 2369 616 νῦν
2399 562 2512 633 (55)
2560 561 2808 615 διαλυθὲν
2836 559 2914 632 τῷ
2961 559 3174 631 Θανάτῳ
3213 561 3278 614 ἐκ
3323 560 3432 614 τῶν
3469 559 3656 615 αὐτῶν
3704 562 3868 615 πάλιη

2273 653 2713 723 ὲξυφαινόμενον,
2759 652 2820 706 οὐ
2871 650 3014 706 κατά
3045 653 3144 722 τὴν
3189 651 3484 722 παχυμερῆ
3516 653 3728 722 ταύτην
3779 656 3868 706 κατ

2277 745 2500 816 βαρεῖαν
2524 743 2868 814 κατασκευὴν
2887 783 2902 809 ,
2948 741 3064 796 ἀλλ’
3108 742 3201 796 ἐπὶ
3235 742 3296 796 τὸ
3326 741 3650 814 λεπτότερόν
3679 760 3746 796 τε
3781 746 3868 797 κα’

2273 840 2506 911 ἀερῶδες
2544 838 3018 910 μετακλωσθέντος
3040 836 3132 890 τοῦ
3163 838 3401 909 νήματος
3427 836 3561 906 (54),
3599 834 3753 888 ὥστε
3788 851 3868 886 σοι

2275 933 2368 988 καὶ
2405 935 2657 1005 παρεῖναι
2706 931 2768 985 τὸ
2816 930 3207 1001 ἀγαπώμενον,
3253 929 3348 984 καὶ
3387 930 3444 983 ὲν
3483 928 3738 999 ἀμείνονι
3776 928 3868 979 acad

2274 1025 2668 1099 ὲρασμιωτέρῳ
2730 1024 2917 1078 κάλλει
2970 1024 3084 1094 (55)
3145 1023 3306 1077 πάλιν
3364 1019 3868 1076 ἀποκαθίστασθαι.

2278 1146 2348 1158 -
2365 1116 2424 1169 Γ.
2467 1113 2603 1167 Ἀλλ’
2633 1113 2775 1169 ἔοικέ
2800 1130 2916 1178 πως
2934 1155 2948 1174 ,
2984 1109 3136 1166 εἷπον
3156 1154 3170 1179 ,
3196 1113 3255 1177 ἐξ
3277 1111 3591 1176 ἀκολουθίας
3619 1113 3756 1182 ἡμῖν
3808 1111 3868 1164 τέ

2273 1205 2449 1275 δόγμα
2469 1204 2570 1274 τῆς
2589 1204 2938 1267 ἀναστάσεως
2954 1203 3424 1272 ἐπεισεληλυθέναι
3449 1205 3560 1271 (56)
3583 1203 3662 1273 τῷ
3689 1203 3868 1273 λόγῳ,

2273 1297 2303 1351 ὃ
2327 1314 2416 1367 μοι
2436 1296 2584 1349 δοκεῖ
2605 1297 2724 1351 ἱδεῖιν
2751 1297 2862 1368 (57)
2887 1295 3082 1366 ἀληθὲς
3105 1295 3200 1366 μὲν
3221 1296 3314 1348 καὶ
3335 1295 3524 1347 πιστὸν
3546 1296 3609 1347 ὲκ
3631 1294 3735 1364 τῆς
3751 1294 3868 1346 τῶν

2273 1387 2508 1456 Γραφῶν
2539 1386 2905 1450 διδασκαλίας,
2949 1385 3035 1439 ἵνα
3072 1384 3146 1456 μὴ
3175 1383 3657 1456 ἀμφιϐάλλῃ(58)·
3709 1386 3868 1437 tmt-

2272 1477 2336 1546 δὴ
2363 1479 2476 1548 (39)
2500 1477 2617 1542 πῶς
2639 1479 2672 1548 ἡ
2699 1477 2951 1532 ἀσθένεια
2973 1478 3068 1549 τῆς
3089 1477 3434 1549 ἀνθρωπίνης
3457 1477 3720 1541 διανοίας,
3743 1480 3867 1539 τοῖς

2273 1569 2538 1639 χωρητοῖς
2561 1568 2670 1638 (40)
2697 1569 2829 1638 ἡμῖν
2865 1567 3162 1639 λογισμοῖς,
3200 1567 3401 1637 μᾶλλον
3426 1567 3563 1638 πρὸς
3589 1566 3866 1637 τοιαύτην

591 1663 720 1734 quin
755 1677 882 1719 vera
901 1673 951 1718 et
978 1678 1044 1718 ex
1083 1661 1332 1716 doctrina
1361 1658 1772 1730 Seripturarum
1802 1658 2086 1714 credibilis
2117 1665 2170 1714 et

2274 1657 2386 1728 (41)
2409 1658 2590 1712 πίστιν
2617 1657 3050 1730 ὲπιστηρίζεται,
3077 1658 3258 1722 καλῶς
3284 1657 3350 1712 ἀν
3379 1657 3490 1728 ἔχοι
3518 1657 3655 1729 μηδὲ
3693 1657 3867 1711 τοῦτο

591 1758 872 1826 explorata
916 1757 1023 1823 sit;
1062 1754 1158 1810 sed
1192 1754 1450 1824 quoniam
1487 1753 1740 1808 humanae
1779 1752 1976 1808 mentis
2015 1752 2168 1806 intir-

2273 1750 2328 1804 τὺ
2349 1750 2514 1823 μέρος
2539 1751 2922 1823 παραδραμεῖν
2943 1751 3276 1824 ἀθεώρητον.
3302 1750 3368 1805 Τί
3393 1746 3486 1806 οὖν
3511 1750 3616 1823 χρὴ
3648 1750 3860 1820 λέγειν,

591 1859 754 1906 niltas
815 1848 1139 1913 rationibus,
1195 1861 1334 1916 quas
1377 1861 1576 1916 capere
1619 1845 1916 1916 possimus,
1979 1845 2155 1917 magis

2273 1842 2720 1916 περισκειιιώμεθα
2737 1843 2870 1917 (42).

587 1940 998 2014 quodammodo
1027 1939 1097 1994 ad
1124 1937 1439 2008 hujusmodi
1476 1937 1681 2007 aliquid
1704 1935 2036 1992 credendum
2073 1933 2457 2003 conﬁrmatur,
2480 1934 2626 1991 haud
2647 1936 2886 1991 alienum
2909 1935 3097 2004 fuerit,
3123 1950 3196 1993 ne
3216 1935 3361 1993 hanc
3383 1936 3603 2007 quidem
3634 1945 3857 2006 partem

591 2043 957 2098 indiscussam
990 2043 1044 2092 et
1078 2034 1459 2104 inexplicatam
1493 2031 1936 2103 praeterireQuid
1966 2033 2132 2104 igitur
2152 2031 2338 2090 dicere
2362 2039 2634 2106 Oporteat,
2662 2031 2966 2090 videamus.

673 2228 750 2282 Μ.
785 2229 862 2280 Ac
909 2223 1168 2290 magistra
1198 2239 1210 2274 :
1259 2217 1421 2285 Quia
1449 2222 1633 2270 nostra
1675 2211 1928 2284 quidem,
1964 2210 2165 2282 inquit,

2349 2215 2424 2273 Μ.
2452 2215 2608 2288 Kal!)
2632 2214 2948 2282 διδάσκαλος
2967 2258 2984 2284 ,
3010 2215 3075 2272 Oi
3101 2213 3198 2288 μὲν
3219 2211 3324 2280 ἔξω
3341 2252 3356 2278 ,
3385 2210 3516 2282 φησὶ
3535 2250 3550 2275 ,
3577 2209 3676 2281 τῆς
3728 2209 3856 2263 καθ’

589 2305 928 2378 philosophia
980 2302 1144 2357 alieni
1211 2307 1373 2368 sunt,
1432 2301 1486 2354 in
1535 2299 1767 2356 diversis
1815 2299 2167 2369 opinionibus

2273 2306 2420 2377 ἡμᾶς
2450 2304 2768 2375 φιλοσοφίας
2791 2305 2849 2359 ὲν
2871 2303 3148 2376 διαφόροις
3183 2302 3532 2374 ὑπολήψεσιν,
3564 2302 3725 2366 ἄλλος
3759 2300 3856 2357 ἀλα

583 2401 726 2454 alius
786 2397 945 2451 aliter
998 2409 1067 2451 ex
1124 2399 1278 2463 parte
1334 2391 1568 2462 quadam
1628 2391 1697 2446 de
1761 2391 2166 2448 resurrectione

2273 2399 2427 2470 λωςμ
2435 2399 2490 2469 5)
2498 2396 2767 2470 μέρει(44)
2778 2395 2885 2450 τινὶ
2895 2397 2988 2451 τοῦ
3005 2397 3147 2453 κατά
3157 2397 3255 2467 τὴν
3266 2396 3559 2453 ἀνάστασιν
3572 2396 3858 2467 ἐφήψαντο

585 2489 890 2546 doctrinam
921 2485 1240 2556 attigerunt,
1294 2498 1395 2539 nec
1445 2483 1604 2554 plane
1648 2497 1772 2538 cum
1808 2484 2010 2540 nostris
2039 2497 2166 2539 sen-

2273 2492 2552 2564 δόγματος,
2568 2490 2692 2545 οὔτε
2705 2489 2774 2544 δι’
2785 2488 3073 2562 ἀκριϐείας
3081 2491 3194 2552 τοῖς
3210 2488 3497 2561 ἡμετέροις
3509 2487 3854 2559 συνενεχθέν-

586 2582 822 2644 tientes,
881 2591 983 2634 nec
1040 2576 1261 2646 penitus
1309 2575 1378 2630 ab
1412 2571 1684 2643 ejusmodi
1733 2588 1832 2643 spe
1903 2573 2165 2628 aberran-

2273 2601 2375 2645 τες.
2399 2581 2523 2636 οὔτε
2554 2581 2730 2652 πάντη
2765 2579 2865 2650 τῆς
2897 2579 3150 2651 τοιαύτης
3178 2578 3578 2649 ἀποσφαλέντες
3610 2577 3851 2640 ἐλπίδος.

585 2683 688 2730 tes.
751 2671 886 2726 Nam
955 2668 1203 2725 nonnulli
1244 2667 1462 2737 quidem
1523 2680 1638 2719 rem
1707 2663 2164 2720 communicando

2273 2677 2424 2739 Τινὲς
2457 2675 2554 2746 μὲν
2583 2674 2692 2743 γὰρ
2721 2672 3000 2744 ὑϐρίζουσι
3027 2674 3094 2743 τῇ
3119 2671 3388 2742 κοινότητι
3405 2670 3468 2724 τό
3486 2669 3851 2739 ἀνθρώπινον,

583 2760 919 2818 contumelia
945 2757 1210 2820 alliciunt,
1243 2770 1309 2825 ac
1339 2754 1707 2811 dehonestant
1741 2753 2041 2809 humanum
2070 2769 2164 2825 ge-

2273 2769 2368 2840 τὴν
2392 2767 2559 2838 αὐτὴν
2585 2765 2687 2818 ἀνά
2719 2764 2882 2836 μέρος
2904 2762 3190 2834 ἀνθρώπου
3221 2781 3279 2816 τε
3307 2763 3402 2817 καὶ
3430 2763 3626 2830 ἀλόγου
3668 2761 3851 2830 ψυχὴν

577 2868 713 2918 nus,
777 2850 1025 2907 eamdem
1067 2848 1304 2902 animam
1329 2853 1615 2902 censentes
1649 2846 1883 2900 invicem
1918 2852 2034 2900 tum
2065 2845 2164 2900 ho-

2273 2857 2622 2928 διοριζόμενοι
2653 2855 2919 2924 γίνεσθαι,
2945 2853 3371 2926 μετενδυομένην
3393 2853 3463 2907 τὰ
3489 2852 3736 2922 σώματα,
3756 2852 3852 2904 καὶ

586 2944 786 3010 minis,
821 2950 935 2998 tum
1000 2941 1216 2997 ratione
1260 2939 1536 3007 carentis,
1584 2953 1648 2993 ac
1695 2939 1840 2994 bruti
1889 2937 2005 2994 ﬁeri
2045 2939 2164 2993 ani-

2273 2927 2408 3022 πρδς
2434 2927 2498 3003 τδ
2522 2948 2754 3020 ἀρέσκον
2779 2947 2867 3000 ἀεὶ
2893 2927 3344 3017 μεταδαίνουσαν,
3370 2945 3403 3016 ἦ
3437 2945 3659 3016 πτηνὸν,
3693 2943 3726 3014 ἢ
3758 2943 3848 2996 ἐν·

589 3037 754 3092 .rnalis
785 3076 800 3102 ,
836 3035 940 3090 alia
975 3041 1100 3106 post
1136 3033 1242 3088 alia
1273 3032 1506 3089 subinde
1555 3047 1784 3103 corpora
1823 3033 2161 3093 induentem.

2273 3041 2447 3112 υδρον,
2493 3040 2526 3110 ἢ
2558 3039 2811 3111 χερσαῖόν
2859 3056 2910 3091 τι
2959 3037 3096 3102 ζῶον
3124 3038 3415 3109 γινομένην
3451 3036 3590 3108 μετά
3618 3037 3710 3090 τὸν
3749 3037 3849 3090 ἀν-

579 3138 639 3186 ct
687 3129 752 3182 ad
795 3126 850 3182 id
905 3126 1052 3198 quod
1103 3126 1320 3197 placeat
1366 3140 1587 3196 semper
1647 3132 2051 3191 transeuntem,
2085 3124 2165 3179 vel

2273 3131 2505 3203 θρωπον,
2530 3132 2624 3185 καὶ
2646 3129 2809 3184 πάλιν
2840 3129 2948 3183 ἀπὸ
2975 3129 3178 3183 τούτων
3195 3129 3332 3200 πρὸς
3367 3129 3465 3200 τὴν
3499 3128 3849 3200 ἀνθρωπίνην

583 3220 826 3287 volatile,
874 3220 958 3276 vel
1007 3219 1271 3291 aquatile,
1340 3217 1425 3274 vel
1485 3224 1746 3274 terrestre
1811 3215 2014 3271 animal
2046 3225 2168 3287 post

2273 3223 2547 3278 ἐπανιέναι
2587 3221 2768 3291 φύσιν.
2820 3224 3037 3295 Ἔτεροι
3074 3222 3131 3276 δὲ
3162 3221 3324 3293 μέχρι
3366 3220 3474 3274 τῶν
3505 3219 3722 3291 θάμνων
3752 3221 3847 3274 τὸν

589 3311 864 3368 hominem
913 3311 1065 3378 ﬁeri,
1098 3325 1163 3367 ac
1218 3324 1413 3368 rursus
1485 3311 1558 3366 ab
1621 3309 1706 3366 his
1747 3307 1816 3364 ad
1869 3309 2165 3364 humanam

2273 3311 2508 3366 τοιοῦτον
2545 3311 2707 3384 λῆρον
2740 3313 3093 3376 ἐκτείνουσιν,
3127 3311 3204 3375 ὡς
3227 3311 3322 3366 καὶ
3352 3311 3445 3364 τὸν
3485 3311 3690 3380 ξυλώδη
3731 3310 3845 3380 βίον

591 3401 772 3456 redire
803 3410 1075 3456 naturam.
1117 3399 1225 3454 Alii
1265 3414 1394 3456 vero
1425 3399 1588 3455 etiam
1631 3397 1698 3453 ad
1742 3397 1974 3454 frutices
2015 3396 2169 3467 ejus-

2273 3402 2404 3474 αὐτῇ
2454 3401 2784 3473 κατάλληλόν
2829 3419 2890 3456 τε
2939 3403 3034 3456 καὶ
3083 3403 3279 3456 οἰκεῖον
3309 3401 3567 3471 νομίζειν.
3619 3401 3744 3464 Τοῖς
3786 3402 3845 3455 δὲ

589 3491 735 3545 modi
789 3491 1209 3546 deliramentum
1270 3489 1610 3555 extendunt,
1673 3496 1732 3544 ut
1779 3489 1946 3545 etiam
2005 3487 2168 3542 arbo-

2273 3493 2424 3548 τοῦτο
2453 3493 2598 3547 δοκεῖ
2619 3493 2775 3564 μόνον
2797 3491 2858 3546 τὸ
2886 3492 2944 3560 ἐξ
2964 3491 3249 3562 ἀνθρώπου
3280 3492 3391 3565 (45)
3417 3492 3602 3562 ἕτερον
3634 3491 3843 3562 ἀνθρω-

583 3597 739 3636 ream
823 3597 888 3637 ac
947 3581 1181 3652 ligneam
1211 3579 1262 3636 ei
1334 3580 1503 3634 vitam
1559 3580 1974 3636 convenientem
2003 3587 2168 3649 atque

2273 3601 2368 3639 πον
2399 3585 2485 3639 ἀεὶ
2521 3582 2974 3656 μεταλαμϐάνειν,
3011 3586 3106 3639 καὶ
3131 3583 3220 3637 διά
3257 3583 3366 3637 τῶν
3398 3583 3576 3638 αὐτῶν
3612 3583 3840 3637 πάντοτε

583 3674 1050 3730 accommodatam
1077 3688 1201 3729 esse
1241 3682 1450 3743 putent.
1469 3670 1757 3728 Nonnullis
1779 3687 1908 3728 vero
1945 3672 2050 3727 hoc
2075 3685 2167 3727 so-

2273 3678 2356 3732 τὸν
2384 3675 2720 3748 ἀνθρώπινον
2746 3675 3089 3747 διεξάγεσθαι
3111 3675 3245 3746 βίον,
3278 3675 3374 3731 νῦν
3401 3675 3498 3747 μὲν
3528 3677 3584 3730 tv
3611 3675 3838 3740 τούτοις,

585 3767 696 3819 lum
751 3765 992 3830 videtur,
1045 3765 1294 3820 videlicet
1339 3764 1485 3836 quod
1533 3779 1601 3820 ex
1681 3763 1899 3818 homine
1948 3778 2167 3835 semper

2273 3768 2431 3823 πάλιν
2449 3767 2505 3821 δὲ
2528 3767 2638 3838 (46)
2661 3769 2720 3821 tv
2739 3768 2943 3840 ἑτέροις
2966 3767 3074 3823 τῶν
3090 3767 3272 3821 αὐτῶν
3289 3766 3475 3838 ψυχῶν
3494 3768 3573 3830 είς
3592 3766 3653 3820 τὸ
3674 3767 3840 3836 διηνε-

583 3855 750 3908 alium
809 3855 1079 3910 hominem
1149 3854 1381 3910 invicem
1436 3861 1656 3919 sumat,
1705 3863 1760 3910 et
1809 3869 1907 3925 per
1945 3855 2162 3910 easdem

2273 3859 2359 3922 κὲς
2389 3859 2704 3929 γινομένων.
2724 3860 2916 3931 Ἡμεῖς
2941 3859 2998 3913 δὲ
3028 3858 3207 3923 καλῶς
3235 3859 3380 3930 ἔχειν
3407 3859 3609 3930 φαμὲν,
3639 3859 3702 3912 ὲκ
3730 3859 3838 3912 τῶν

587 3946 738 4000 omni
774 3953 1019 4016 tempore
1079 3945 1313 4000 humana
1355 3947 1466 4001 vita
1503 3945 1754 4018 exigatur
1784 3953 1949 4017 atque
1995 3961 2157 4017 rega-

2273 3948 2738 4018 ὲκκλησιαστικῶν
2765 3949 3050 4020 δογμάτων
3080 3947 3422 4021 ὁρμώμενοι,
3461 3949 3706 4003 τοσοῦτον
3735 3966 3835 4000 πα-

584 4044 714 4091 tur:
764 4049 888 4090 cum
931 4049 1079 4090 nunc
1131 4035 1351 4106 quidem
1392 4035 1450 4090 in
1507 4035 1630 4099 his,
1676 4050 1874 4093 rursus
1946 4037 2073 4091 item
2105 4037 2163 4090 in

2273 4039 2598 4112 ραδέξασθαι
2625 4039 2784 4111 μόνον
2801 4040 2909 4094 τῶν
2927 4039 3154 4096 τοιαῦτα
3171 4040 3697 4111 πεφιλοσοφηκότων,
3716 4041 3836 4093 ὃτον

583 4127 708 4183 aliis
763 4125 965 4183 eaedem
1012 4128 1067 4182 in
1129 4135 1449 4198 perpetuum
1482 4128 1679 4184 animae
1731 4129 1864 4185 sint.
1921 4127 2030 4185 Nos
2063 4145 2164 4183 au-

2273 4149 2333 4185 συ
2342 4131 2692 4202 μφωνοῦντας
2719 4131 2918 4195 αὐτοὺς
2949 4131 3149 4203 τρόπον
3169 4131 3290 4184 τινὰ
3312 4129 3478 4194 δεῖξαι
3499 4131 3576 4200 τῷ
3592 4131 3687 4199 τῆς
3702 4133 3833 4184 ἀνα-

580 4231 690 4276 tem
737 4219 1241 4276 commodissimum
1289 4235 1413 4276 esse
1453 4234 1786 4288 censemus,
1843 4229 1899 4275 ut
1953 4221 2022 4275 ab
2071 4235 2164 4276 ec-

2273 4227 2510 4290 στάσεως
2534 4226 2784 4296 δόγματι.
2829 4226 2904 4279 Τὸ
2936 4226 3044 4297 γὰρ
3082 4225 3257 4293 λέγειν
3289 4224 3484 4285 αὐτοὺς
3510 4223 3669 4275 πάλιν
3696 4225 3836 4276 τισὶν

578 4311 906 4369 clesiasticis
941 4313 1228 4368 sententiis
1268 4321 1436 4384 atque
1492 4312 1730 4369 decretis
1787 4312 2158 4379 exordieutes,

2273 4317 2378 4386 [47)
2402 4315 2840 4388 ὲπεισκρίνεσθαι
2863 4315 3129 4386 δόγμασιν
3151 4315 3264 4386 (48)
3299 4313 3434 4385 μετά
3461 4312 3559 4383 τὴν
3586 4313 3692 4382 (49)
3728 4315 3834 4366 ἀπὸ

577 4405 755 4476 iisque
820 4405 977 4476 quasi
1051 4377 1419 4462 fundamentis
1490 4405 1644 4469 nixi,
1731 4412 1943 4459 tantum
2014 4377 2157 4460 dun;

2273 4377 2452 4461 τούτου
2479 4377 2868 4478 (50)’διάλυσιν
3023 4377 3220 4479 ψυχην,
3248 4377 3322 4460 ὀύ
3364 4403 3484 4458 λίαν
3508 4377 3698 4476 ἀπᾴδεί
3737 4407 3831 4474 τῆς

577 4504 728 4552 taxat
759 4496 826 4554 de
860 4495 1211 4567 Opinionibus
1239 4511 1430 4552 eorum
1454 4536 1468 4560 ,
1501 4497 1593 4567 qui
1627 4497 1742 4552 hmc
1779 4497 2158 4566 philosophico

2273 4499 2625 4570 ἐλπιζομένης
2647 4499 2776 4571 ἡμῖν
2803 4498 3170 4563 ἀναϐιώσεως,
3199 4499 3281 4553 ὅτι
3302 4497 3416 4568 (51)
3445 4497 3554 4568 γὰρ
3575 4497 3827 4567 ἡμέτερος

577 4607 734 4648 more
787 4598 1163 4646 tractaverunt
1195 4630 1210 4657 ,
1270 4588 1604 4659 accipiamus
1637 4627 1653 4652 ,
1712 4598 1978 4658 quantum
2024 4589 2158 4646 satis

2273 4592 2418 4661 λόγος
2447 4593 2512 4646 ἐκ
2527 4590 2636 4645 τῶν
2660 4591 2755 4645 τοῦ
2777 4592 2980 4662 κόσμου
3007 4591 3310 4662 στοιχείων,
3345 4589 3440 4644 νῦν
3460 4607 3518 4644 τε
3540 4590 3628 4644 καὶ
3652 4588 3830 4642 εἰσαῦ-

578 4684 650 4741 sit
687 4683 756 4740 ad
785 4681 1272 4739 demonstrandum
1306 4696 1402 4738 eos
1429 4680 1616 4752 aliquo
1655 4679 1818 4736 modo
1858 4681 2156 4737 convenire

2273 4682 2346 4747 Fit;
2373 4684 2434 4738 τὸ
2463 4683 2622 4754 σῶμα
2651 4676 3188 4754 ἡμῶνσυνίστασθαι
3225 4683 3397 4754 λέγει,
3432 4683 3526 4737 καὶ
3552 4683 3661 4745 τοῖς
3691 4680 3825 4746 ἔξω·

798 4908 1030 4960 Ἔσται.
1059 4906 1123 4968 Α,
1147 4905 1189 4957 Β
1220 4903 1378 4958 ἔστω.

798 4905 1189 4997 ἰξςται.“Αέβ
1220 4905 1378 4958 ἔστω.
2479 4908 2801 4997 {lceravit-zu;
2827 4905 2955 4997 é‘,‘B
2986 4905 3418 4978 ἐπισκεψόμεθα.

806 4978 1009 5048 Ὄψειζ
1029 4976 1071 5028 Β

2327 4976 2440 5045 μδ)
2484 4977 2732 5045 Ἄλλως.
2758 4976 2800 5028 B
2829 4977 2992 5045 ἄλλῳ.

2350 5043 2439 5117 μ)
2477 5043 2674 5117 mea.
2703 5046 2825 5117 Αξν
2865 5043 3041 5117 μέρει.

2594 5113 3027 5188 κάνρρώπουξ-[ὶ
3049 5115 3286 5188 ὲξμάνμθρ.
3317 5115 3566 5170 πάντοτε.

2348 5183 2442 5240 46)
2476 5183 2668 5237 Πάλιν
2696 5183 2781 5239 δέ.
2811 5186 2856 5238 Α
2885 5184 3044 5240 πάλιν
3066 5185 3160 5239 νῦν
3183 5183 3260 5239 δέ’.

2481 5252 2674 5328 Πᾲλιν
2696 5257 2877 5328 τισίν.
2908 5257 2956 5328 ᾼ
2989 5255 3148 5328 πόιλιν
3191 5257 3360 5328 αὑτήν
3385 5272 3546 5309 τισιν.

2357 5324 2445 5394 48)
2485 5323 2801 5392 Δόγμασιν.
2831 5327 2894 5389 Α,
2923 5326 2964 5376 Β
2987 5325 3255 5394 σώμασιν.

2359 5391 2444 5467 49)
2484 5391 2645 5467 Μετὰ
2669 5393 2864 5467 τῄνηΑ
2890 5391 3130 5467 intextu
3162 5396 3356 5467 ςνΜετά
3375 5395 3472 5467 τὴν
3495 5392 3596 5467 ἀπό
3621 5391 3812 5467 τούτων

2259 5459 2501 5549 διάλυσιν
2545 5461 2642 5586 την
2689 5459 2882 5550 ψυχὴν.
2912 5464 3032 5518 λίαν
3063 5465 3284 5550 ἀπάδει·
3335 5468 3389 5522 in
3430 5459 3690 5536 inargine,
3720 5459 3810 5515 τοῦ

2265 5549 2512 5586 σωματος
2532 5531 2582 5584 δι
2621 5533 2801 5586 ζευειν
2831 5551 2890 5585 ου
2913 5534 3032 5586 λίαν
3052 5521 3265 5586 απᾶδει.

2265 5533 2512 5602 σώματος
2532 5521 2801 5600 διάζεύξίν
2823 5521 2890 5585 ὀὐ
2913 5534 3032 5588 λίαν
3052 5521 3265 5593 ἀπᾶδει.

2336 5601 2446 5671 (50)
2493 5604 2732 5656 Τούτου.
2766 5601 2808 5654 Β
2841 5603 3065 5663 τούτων.
3142 5593 3155 5608 ⁸

2334 5601 2447 5742 iiii

2324 5049 2343 5253 ἓ

801 5147 1124 5241 ﬁlis???
1135 5147 1224 5253 ζῖῖὲ
1248 5147 1452 5256 ζάλῖἔε.

646 5250 756 5326 (56)
801 5250 1384 5326 ἔεπεξισείίηλυθέναι.
1412 5254 1454 5305 Β
1483 5253 1904 5308 ὲπειολλυθὲναι.

645 5324 755 5397 (57)
803 5325 1000 5397 Ἰδεῖν.
1097 5324 1224 5397 δεῖν.

647 5390 932 5468 (38)]ἰνα
977 5393 1064 5466 μὴ
1098 5393 1468 5464 ἀμφιϐάλλῃ.
1511 5397 1552 5447 Α
1588 5390 1725 5450 εἶναι
1753 5395 1854 5466 (sic
1883 5401 1938 5448 et
1971 5390 2032 5462 Β)
2078 5390 2152 5460 μὴ

577 5465 956 5536 ἀμφιϐάλλειν.

645 5533 756 5604 (⁸59)
805 5533 1062 5598 Ἐπειδή.
1086 5535 1150 5597 Α,
1168 5533 1208 5585 Β
1237 5533 1421 5603 ἐπειδὴ
1445 5533 1522 5589 δέ.

646 5607 759 5673 (40)
798 5604 1110 5671 Χωρητοῖς.
1145 5606 1187 5656 Λ
1210 5606 1553 5673 χωρητικοῖς.

647 5672 760 5746 (41)
803 5675 1106 5740 Τοιαύτην.
1141 5673 1183 5724 Β
1205 5672 1303 5743 τὴν
1332 5672 1604 5744 τοιαύτην.

2493 5604 2732 5656 Τούτου.
2766 5601 2808 5654 Β
2841 5603 3065 5663 τούτων.

2491 5671 2637 5727 Ὅτι.
2671 5671 2735 5738 Α,
2762 5673 2802 5724 Β
2821 5673 2928 5728 ὅτε.
