3990 6202
344 211 450 269 109

1335 203 1424 258 DE
1463 201 1680 258 ANIMA
1709 191 1797 255 ΕΤ
1837 194 2448 254 RESUBRECTIONE.

3497 189 3601 246 HO

341 322 439 378 θεν
463 319 526 374 τὺ
553 316 666 374 ἴσον
685 319 855 373 δοκεῖ.
883 318 958 372 Οὐ
975 316 1085 388 γὰρ
1105 316 1218 389 (52)
1239 317 1406 390 ἄλλην
1422 319 1545 374 τινὰ
1567 318 1659 373 τοῦ
1677 317 1917 390 σώματος

2027 328 2151 368 cum
2187 312 2440 369 doctrina
2502 307 2944 365 resurrectionis.
2994 305 3131 362 Nam
3199 304 3344 378 quod
3361 304 3596 365 dicunt,

343 413 650 483 ἐπινοήσεις
671 409 788 481 (55)
814 408 976 480 φύσιν
1005 408 1110 474 ἔξω
1131 408 1232 480 τῆς
1253 409 1459 480 δρομῆς
1489 410 1602 482 (54)
1639 409 1748 463 τῶν
1778 426 1922 463 στοι-

345 505 526 575 χείων.
559 501 814 574 Διαφέρει
844 501 903 555 δὲ
932 500 1204 568 τοσοῦτον,
1231 502 1354 555 ὅσον
1384 503 1511 573 παρ’
1551 500 1706 572 ήμῶν
1740 500 1840 572 μὲν
1862 500 1924 554 τὸ

346 595 478 651 αὐτὸ
493 593 739 663 λέγεσθαι
758 592 920 646 πάλιν
936 598 1003 645 πε
1011 593 1064 663 pi
1074 592 1172 663 τὴν
1184 591 1360 663 ψυχὴν
1374 592 1485 664 (55)
1502 591 1922 664 συμπήγνυσθαι

346 688 522 758 σῶμα,
546 685 733 738 ἐκτῶν
755 683 935 738 αὐτῶν
957 683 1234 754 στοιχείων
1263 683 1732 754 συναρμοξόμενον
1746 700 1760 713 ο
1784 679 1924 736 ἐκεί·

343 794 462 840 νους
485 775 541 828 δὲ
572 773 786 828 οίεσοαι
810 771 947 845 πρὸς
961 771 1093 826 ἄλλα
1119 771 1239 825 τινὰ
1268 770 1494 842 σώματα
1519 770 1713 840 λογικά
1742 788 1801 823 τε
1829 770 1922 824 καὶ

341 867 529 936 ἄλογα,
576 866 676 920 καὶ
708 864 1013 933 ἀναίσθητα
1035 863 1133 934 τὴν
1159 864 1337 934 ψυχὴν
1371 863 1733 918 καταπίπτειν
1761 863 1872 935 (56)
1901 878 1919 896 ⁶

339 953 420 1024 οἷς
443 958 505 1012 τὸ
553 958 654 1028 μὲν
683 958 750 1009 ὲκ
785 955 893 1008 τῶν
928 953 1024 1008 τοῦ
1059 955 1264 1025 κόσμου
1311 954 1490 1026 μερῶν
1533 951 1793 1025 εἶναιτὴν
1824 953 1920 1007 σύ·-

341 1066 529 1103 στασιν
554 1049 922 1118 ὁμολογεῖται,
943 1047 1201 1114 διαφωνεῖ
1227 1046 1284 1099 δὲ
1317 1046 1377 1100 τὸ
1409 1047 1484 1118 μὴ
1515 1047 1578 1100 ἐκ
1613 1046 1720 1107 τῶν
1742 1046 1920 1100 αὐτῶν

337 1139 546 1193 οίεσθαι
566 1138 675 1191 τῶν
700 1137 822 1192 κατ’
846 1137 1019 1208 ἀρχὰς
1046 1135 1161 1208 (57)
1194 1137 1252 1188 ὲν
1272 1137 1338 1206 τῇ
1363 1136 1449 1190 διὰ
1482 1135 1682 1207 σαρκὸς
1713 1136 1823 1207 ζωῇ
1852 1138 1917 1207 τῇ

336 1229 480 1300 ψυχῇ
514 1228 924 1300 προσφυέντων.
956 1225 1164 1280 Οὐκοῦν
1195 1227 1256 1280 τὸ
1288 1226 1386 1297 μὲν
1419 1226 1494 1298 μὴ
1524 1226 1630 1292 ἔξω
1658 1225 1750 1280 τοῦ
1780 1227 1920 1280 είκόι

337 1338 426 1384 τος
451 1317 592 1374 εἶναι
627 1319 692 1373 τὸ
716 1319 876 1373 πάλιν
922 1318 1023 1388 τὴν
1052 1317 1229 1389 ψυχὴν
1278 1319 1336 1371 ὲν
1385 1317 1598 1388 σώματι
1630 1317 1742 1388 (58)
1769 1317 1919 1387 γενέ-

340 1410 668 1483 σθαι,’παρὰ
705 1411 806 1482 τῆς
833 1409 938 1474 ἔξω
983 1408 1302 1479 φιλοσοφίας
1333 1409 1810 1481 μεμαρτυρήσθω*
1856 1410 1918 1464 τὸ

335 1502 393 1555 δὲ
417 1502 720 1556 ἀσύστατον
752 1499 848 1554 τοῦ
903 1499 1126 1554 ἐκείνων
1167 1498 1436 1570 δόγματος
1473 1497 1587 1569 (59)
1635 1497 1824 1570 καιρὸς
1852 1498 1918 1552 ἂν

336 1595 420 1665 εἴη
454 1583 944 1664 ὅιασκορπίσασθαι
981 1591 1118 1662 (60).
1159 1591 1254 1644 καὶ
1282 1590 1349 1643 δι’
1384 1591 1553 1661 αύτῆς
1585 1590 1641 1643 δὲ
1680 1590 1790 1660 (61)
1819 1590 1918 1662 τῆς

2024 408 2262 462 animam
2299 411 2586 474 postquam
2621 414 2911 471 a,corpore
2938 398 3213 471 disjuncta
3251 397 3452 461 fuerit,
3477 411 3603 451 rur-

2023 515 2120 556 sus
2151 506 2461 569 penetrare,
2491 503 2544 550 et
2574 493 2856 549 insinuare
2913 507 2973 548 se
3023 491 3077 547 in
3104 491 3286 562 aliqua
3329 502 3558 558 corpora
3585 525 3602 546 .

2023 607 2133 647 non
2183 587 2476 643 admodum
2511 585 2792 656 discrepat
2850 585 2918 640 ab
2957 598 3022 641 ea
3083 597 3245 654 quam
3312 593 3601 652 speramus

2021 680 2448 745 resurrectione,
2483 679 2737 748 quoniam
2767 685 2822 732 et
2854 687 3041 732 nostra
3074 688 3290 746 quoque
3324 672 3600 754 scriptura

2022 776 2174 837 dicit.
2225 791 2288 830 ex
2333 772 2617 827 elementis
2671 771 2860 826 mundi
2894 777 2950 826 et
3003 781 3150 824 nunc
3188 777 3440 821 constare
3497 775 3601 818 uo-

2023 875 2196 922 slrum
2225 873 2425 934 corpus
2449 903 2464 930 ,
2500 869 2554 916 et
2596 862 2651 917 in
2701 871 2980 933 posterum
3033 858 3322 915 conﬂatum
3361 867 3416 911 et
3467 869 3601 909 con-

2023 959 2272 1015 stitutum
2312 956 2376 1011 iri
2410 973 2423 1010 :
2461 963 2515 1010 et
2544 954 2687 1009 idem
2733 953 2974 1009 externis
3024 950 3367 1022 philosophis
3397 947 3594 1018 placet.

2019 1047 2139 1104 Non
2189 1050 2334 1102 enim
2368 1045 2585 1100 aliunde
2626 1044 2851 1100 conﬂari
2888 1059 3088 1114 corpus
3136 1041 3445 1112 excogitare
3475 1053 3600 1110 pos-

2021 1140 2166 1202 sint,
2223 1150 2385 1206 quam
2429 1150 2495 1190 ex
2554 1147 2828 1189 concursu
2865 1133 3280 1188 elementorum.
3335 1124 3600 1182 Diﬂeren-

2020 1224 2330 1279 tiaeautem
2386 1230 2440 1279 et
2488 1223 2864 1278 controversia
2904 1221 2960 1275 in
3018 1234 3083 1276 eo
3147 1218 3404 1275 consistit
3448 1215 3597 1286 quod

2020 1330 2050 1369 a
2085 1317 2242 1373 nobis
2293 1318 2511 1388 quidem
2553 1317 2793 1381 dicitur,
2840 1314 2983 1369 idem
3037 1328 3231 1368 rursus
3279 1313 3426 1367 circa
3481 1309 3600 1364 ani-

2018 1420 2162 1460 mam
2217 1407 2462 1462 eamdem
2513 1419 2871 1460 concrescere
2905 1417 3125 1472 corpus,
3177 1401 3322 1472 quod
3382 1415 3448 1454 ex
3498 1400 3599 1454 iis-

2019 1496 2142 1551 dem
2183 1497 2470 1553 elementis
2532 1504 2686 1551 coeat
2743 1503 2798 1550 et
2861 1496 3260 1560 concinnetur;
3331 1488 3409 1545 illi
3467 1504 3598 1544 vero

2020 1594 2251 1658 putant,
2309 1587 2377 1642 ad
2438 1588 2545 1642 alia
2594 1587 2844 1658 quaedam
2901 1599 3157 1656 corpora,
3212 1590 3327 1637 tum
3382 1580 3595 1636 ratione

336 1681 478 1736 κατὰ
514 1682 577 1736 τὸ
604 1680 824 1750 εὔλογον
853 1680 1268 1751 ἀνακυπτούσης
1298 1682 1428 1752 ἡμῖν
1453 1680 1915 1751 ἀκολουθίας,φαο

2021 1681 2267 1751 praedita,
2298 1688 2412 1736 tum
2448 1682 2677 1738 rationis
2714 1689 2877 1750 atque
2929 1677 3065 1733 adeo
3116 1690 3316 1733 sensus
3347 1672 3595 1743 expertia

337 1772 580 1841 νερῶσαι
619 1771 816 1842 ῥᾳδίως
840 1771 954 1824 ἐστὶ
976 1770 1090 1840 (62)
1119 1770 1343 1823 δυνατὸν
1371 1770 1470 1840 τὴν
1500 1769 1776 1841 ἀλήθειαν.

2021 1774 2248 1828 animam
2284 1774 2454 1844 redigi
2513 1783 2678 1845 atque
2710 1772 2950 1828 transire
2980 1791 2994 1828 :
3054 1783 3175 1840 quae
3209 1767 3429 1838 quidem
3471 1780 3594 1821 eor-

340 1879 478 1934 pora
526 1865 654 1934 quin
687 1880 752 1920 cx
799 1865 1050 1936 partibus
1092 1864 1278 1919 mundi
1327 1862 1636 1919 conﬂentur
1680 1879 1789 1919 non
1815 1859 2117 1933 dubitatur,
2143 1881 2246 1923 nec
2298 1867 2366 1923 de
2407 1881 2472 1924 ea
2514 1883 2575 1923 re
2649 1865 3025 1921 controversia
3071 1871 3189 1928 est;
3257 1858 3352 1917 sed
3414 1857 3472 1913 in
3531 1870 3599 1913 eo

338 1955 610 2011 dissensio
637 1963 740 2016 est.
782 1954 929 2025 quod
979 1954 1057 2008 illi
1097 1969 1206 2008 non
1248 1962 1442 2024 putant
1475 1969 1539 2008 ex
1586 1953 1779 2010 iisdem
1827 1956 2078 2026 partibus
2127 1971 2192 2011 ea
2243 1956 2470 2013 conﬂari
2536 1973 2658 2028 quae
2715 1964 2897 2028 partes
2978 1955 3045 2011 ab
3078 1955 3233 2010 initio
3298 1953 3352 2006 in
3404 1964 3596 2006 carnao'

335 2051 371 2105 li
411 2049 518 2102 vita
571 2048 770 2102 anima:
801 2046 1170 2101 adhaeserant.
1198 2043 1340 2116 Ergo
1371 2045 1489 2100 veri
1544 2045 1762 2116 quidem
1819 2060 1926 2101 non
1966 2045 2218 2104 absimile
2250 2063 2373 2104 esse
2407 2047 2554 2119 quod
2605 2049 2790 2104 anima
2833 2057 3026 2105 rursus
3081 2047 3136 2101 in
3205 2052 3441 2115 corpore
3498 2057 3594 2096 exs

332 2141 515 2202 sistat,
599 2147 841 2194 externae
899 2137 1258 2208 philosophiae
1327 2139 1648 2193 testimonio
1707 2139 2127 2209 comprobatum
2183 2148 2323 2198 esto.
2369 2140 2527 2210 Quod
2576 2150 2758 2197 autem
2827 2153 3015 2196 eorum
3076 2137 3326 2195 doctrina
3409 2133 3602 2191 consid-

331 2241 475 2294 stere
501 2243 610 2284 non
665 2229 861 2299 possit,
918 2227 1301 2298 tempestivum
1367 2227 1529 2282 fuerit
1588 2228 1902 2300 dispicere,
1939 2237 2106 2302 atque
2168 2248 2267 2303 per
2344 2248 2464 2289 eam
2520 2248 2642 2303 qua:
2695 2245 2762 2287 ex
2816 2238 2966 2287 recta
3008 2230 3218 2286 ratione
3270 2229 3431 2286 nobis"
3498 2244 3594 2284 ex-

331 2322 478 2378 sistit
525 2318 975 2389 consequentiam
1007 2355 1024 2383 ,
1068 2317 1247 2388 quoad
1303 2317 1424 2388 ejus
1490 2317 1604 2373 ﬂeri
1676 2328 1856 2389 potest
1887 2357 1902 2384 ,
1944 2321 2234 2377 ostendere
2276 2335 2341 2378 ac
2381 2323 2666 2378 declarare
2715 2323 3022 2378 veritatem.

399 2415 498 2477 Τίς
527 2408 621 2467 οὖν
657 2413 685 2465 ὁ
720 2410 847 2482 περὶ
887 2409 1091 2464 τούτων
1117 2409 1310 2478 λόγοςς
1365 2411 1427 2464 Οί
1463 2411 1600 2480 πρὸς
1624 2411 1911 2484 διαφόρους

2087 2413 2344 2480 Quaenam
2381 2414 2549 2485 igitur
2597 2415 2746 2471 hisce
2768 2414 2836 2470 de
2889 2413 3056 2469 rebus
3088 2412 3264 2468 oratio
3304 2413 3436 2468 est?
3465 2410 3599 2477 Qut-

332 2509 526 2576 φύσεις
569 2507 666 2576 τὴν
699 2504 876 2575 ψυχὴν
923 2504 1350 2576 μετοικίζοντες,
1401 2506 1616 2574 συσχεῖν
1659 2504 1770 2575 (65)
1820 2523 1910 2576 μοι

2021 2505 2122 2560 bus
2161 2504 2227 2560 ad
2263 2504 2510 2562 diversas
2571 2514 2798 2560 naturas
2848 2506 3086 2559 animam
3140 2505 3381 2559 transire
3434 2513 3598 2574 atque
3685 2545 3688 2548 .

331 2599 548 2652 δοκοῦσι
575 2597 674 2659 τὰς
711 2596 811 2664 τῆς
851 2594 1062 2665 φύσεως
1092 2595 1392 2665 ἰδιότηταςο
1452 2596 1545 2650 καὶ
1579 2595 1755 2649 πάντα
1802 2597 1907 2668 χρὴ

2021 2597 2249 2668 migrare
2282 2599 2480 2669 placet,
2536 2599 2590 2653 hi
2641 2599 2798 2669 mihi
2823 2599 3186 2670 proprietates
3228 2606 3440 2651 naturae
3465 2609 3604 2651 con-r

335 2691 448 2758 (τι)
469 2687 862 2759 καταμιγνύειν
891 2696 949 2742 τε
977 2688 1069 2741 καὶ
1097 2687 1396 2759 ἀναφύρειν
1428 2686 1563 2760 πρὸς
1600 2686 1823 2758 ἄλληλα.
1850 2689 1910 2741 τὸ

2021 2681 2247 2744 fundere
2275 2689 2566 2757 videntur;
2633 2706 2932 2762 omnesque
2979 2706 3068 2747 res
3121 2690 3266 2745 inter
3302 2705 3424 2746 sese
3471 2704 3606 2744 con-

334 2780 551 2848 ἄλογον.
578 2778 639 2832 τὺ
667 2775 910 2846 λογικὸν,
941 2778 1000 2830 τὸ
1033 2777 1344 2848 αἰσθητικὸν
1371 2779 1482 2849 (65)
1505 2818 1519 2845 ,
1557 2778 1618 2832 τὸ
1652 2780 1908 2850 ἀναίσθη-

2021 2779 2247 2837 fundere
2277 2789 2442 2853 atque
2475 2783 2853 2848 commiscere,
2884 2783 3098 2840 ratione
3133 2797 3349 2849 carens,
3383 2784 3600 2839 ratione

335 2888 428 2924 τον
454 2886 470 2899 ·
501 2869 661 2941 εἴπερ
691 2871 749 2922 ὲν
776 2869 1022 2939 ἀλλήλοις
1047 2869 1219 2922 ταῦτα
1245 2869 1472 2938 γένοιτο,
1504 2871 1636 2941 μηδὲ
1667 2888 1771 2923 τινι
1800 2870 1910 2942 (66)

337 2962 554 3030 φύσεως
603 2961 781 3032 είρμῷ
825 2960 966 3014 κατά
997 2959 1058 3014 τὸ
1105 2962 1495 3032 ἀμετάπτωτον
1537 2962 1632 3016 ἀπ’
1669 2962 1912 3035 ἀλλήλων

335 3052 804 3122 διαστοιχιζόμενα
826 3051 958 3122 (67).
981 3051 1054 3104 Τὸ
1081 3051 1190 3123 γὰρ
1215 3053 1312 3122 τὴν
1334 3053 1500 3122 αὐτὴν
1520 3051 1696 3123 ψυχὴν
1713 3051 1910 3119 λέγειν,

337 3149 433 3204 νῦν
463 3147 562 3216 μὲν
593 3145 816 3216 λογικήν
843 3163 902 3198 τε
933 3145 1026 3199 καὶ
1057 3145 1422 3214 διανοητικὴν,
1461 3139 1546 3198 διὰ
1571 3144 1669 3213 τῆς
1701 3134 1912 3197 τοιᾶσδε

337 3239 432 3292 τοῦ
465 3239 719 3305 σώματος
742 3237 1035 3307 περιϐολῆς
1064 3237 1340 3306 γίνεσθαι·
1369 3235 1529 3290 πάλιν
1557 3234 1613 3289 δὲ
1637 3236 1774 3306 μετὰ
1805 3235 1913 3289 τῶν

338 3330 585 3402 ἑρπετῶν
623 3329 884 3399 φωλεύειν
908 3328 1042 3400 (68),
1081 3327 1113 3399 ἢ
1164 3331 1276 3392 τοῖς
1309 3327 1514 3399 ὀρνέοις
1554 3325 1914 3395 συναγελάζε-

341 3422 488 3483 σθαι,
543 3420 576 3490 ἢ
620 3420 964 3492 ἀχθοφορεῖν,
1006 3419 1039 3490 ἢ
1085 3419 1458 3490 σαρκοὸορεῖν,
1589 3418 1914 3489 ὑποϐρύχιον

339 3509 501 3578 εἶναι,
533 3512 566 3584 ἢ
601 3514 694 3566 καὶ
723 3511 860 3581 πρὸς
890 3511 950 3564 τὸ
983 3510 1304 3581 ἀναίσθητον
1330 3509 1708 3580 μεταπίπτειν,
1738 3509 1916 3580 ῥιζού-

342 3605 517 3676 μένην
553 3621 613 3655 τε
663 3605 758 3656 καὶ
801 3601 1330 3674 ἀποδενδρουμένην,
1379 3601 1472 3655 καὶ
1503 3600 1712 3654 κλάδων
1741 3600 1914 3670 ἐκφύ-

343 3714 461 3760 σεις
485 3695 595 3764 (69)
626 3693 1150 3751 ἀναϐλαστάνουσαν.
1183 3693 1276 3746 καὶ
1322 3695 1380 3745 ὲν
1426 3691 1634 3755 τούτοις
1668 3691 1701 3763 ἢ
1733 3691 1914 3756 ἄνθος.

342 3790 378 3859 ἦ
405 3787 646 3856 ἀκανθην
663 3785 794 3856 (το),
811 3782 842 3856 ἦ
861 3783 1123 3856 τρόφιμον
1137 3803 1188 3839 τι
1211 3783 1554 3855 φυομένην,ἢ
1574 3782 1912 3853 δηλητήριον,

341 3880 506 3934 οὐδὲν
532 3875 715 3948 ἕτερόν
739 3880 902 3941 ἐστιν,
929 3879 962 3948 ἢ
991 3872 1186 3930 ταύτὸν
1215 3874 1470 3947 ἡγεῖσθαι
1497 3875 1566 3930 τὰ
1595 3875 1793 3941 πάντα,
1823 3875 1916 3928 καὶ

347 3970 484 4041 μίαν
514 3969 574 4020 ἐν
594 3970 702 4030 τοῖς
727 3964 868 4022 οὖσιν
901 3958 1038 4022 εἶναι
1064 3968 1164 4039 τὴν
1187 3968 1297 4038 (71)
1319 3964 1479 4037 φύσιν
1501 3967 1558 4019 ὲν
1580 3967 1917 4039 συγκεχυμέ-

340 4077 411 4132 vn
433 4061 537 4114 τινὶ
555 4060 645 4113 καὶ
661 4061 955 4131 ἀδιακρίτῳ
972 4057 1224 4130 κοινωνίᾳ
1241 4059 1593 4130 πεφυρμένην
1611 4058 1746 4130 (72),
1764 4059 1917 4130 μηδε-

2020 2873 2332 2943 praeditum,
2369 2890 2533 2930 sensu
2575 2875 2883 2946 praeditum,
2927 2890 3094 2932 sensu
3155 2891 3381 2940 carens;
3424 2876 3599 2946 siqui-

2020 2965 2142 3021 dem
2186 2965 2302 3021 lmc
2337 2967 2567 3023 invicem
2607 2967 2756 3022 aliud
2829 2967 2884 3022 in
2919 2967 3028 3022 alio
3071 2968 3202 3032 sint,
3256 2967 3405 3021 nullo
3441 2977 3598 3022 natu-

2019 3071 2095 3112 rte
2148 3057 2306 3128 quasi
2350 3072 2569 3114 carcere
2619 3066 2673 3113 et
2723 3060 2967 3116 claustro
3011 3060 3421 3116 immutabiliter
3465 3061 3599 3117 alte-

2019 3162 2143 3202 rum
2203 3147 2272 3204 ab
2332 3148 2505 3204 altero
2549 3149 2840 3219 dirempta.
2893 3149 3027 3203 Nam
3075 3152 3324 3206 eamdem
3362 3153 3596 3206 animam

2021 3237 2203 3294 dicere
2280 3252 2428 3293 nunc
2477 3240 2694 3309 quidem
2748 3246 2803 3295 et
2870 3242 3080 3296 ratione
3131 3250 3183 3296 et
3245 3243 3598 3312 intelligentia

2021 3335 2186 3398 atque
2216 3330 2492 3400 c0gitandi
2526 3332 2574 3386 vi
2609 3332 2918 3401 prmditam,
2955 3347 3052 3403 per
3098 3334 3257 3390 talem
3307 3337 3599 3405 quemdam

2021 3420 2269 3489 corporis
2315 3421 2573 3477 amictum
2631 3421 2783 3489 ﬁeri;
2824 3437 3046 3481 rursum
3082 3441 3211 3483 vero
3267 3443 3389 3483 cum
3431 3431 3601 3498 repti»

2024 3510 2165 3566 libus
2198 3510 2253 3566 in
2293 3517 2545 3571 cavernis
2589 3515 2802 3572 latitare
2829 3555 2844 3580 ,
2896 3525 2988 3572 aut
3016 3533 3140 3572 cum
3196 3519 3425 3575 aviculis
3469 3537 3602 3576 con-

2021 3601 2257 3670 gregari,
2308 3610 2402 3657 aut
2451 3604 2702 3660 sarcinas
2762 3616 3010 3676 gestare,
3041 3615 3136 3661 aut
3182 3609 3371 3664 crudis
3419 3612 3600 3666 carni-

2023 3687 2126 3744 bus
2153 3691 2322 3758 vesci,
2351 3700 2446 3746 aut
2484 3695 2824 3752 submersam
2855 3712 2997 3763 esse,
3029 3706 3122 3753 aut
3153 3699 3314 3754 etiam
3347 3699 3400 3754 in
3430 3716 3597 3756 sensu

2022 3790 2298 3838 carentem
2361 3793 2612 3841 naturam
2673 3788 3000 3858 degenerare
3033 3826 3050 3853 ,
3133 3795 3192 3843 ut
3244 3789 3327 3844 vel
3387 3790 3600 3847 radices

2023 3882 2166 3942 agat,
2209 3874 2291 3929 vel
2321 3875 2486 3930 arbor
2517 3878 2732 3941 evadat,
2765 3893 3156 3950 ramorumque
3191 3881 3436 3951 germina
3469 3896 3598 3950 pro-

2023 3963 2212 4028 ducat,
2261 3973 2317 4020 et
2360 3965 2416 4020 in
2452 3965 2538 4022 his
2576 3969 2660 4023 vel
2715 3967 2838 4035 ﬂos,
2898 3969 2981 4025 vel
3020 3970 3206 4039 spina,
3264 3971 3347 4026 vel
3395 3971 3599 4040 aliquid

2025 4058 2300 4112 nutriendi
2364 4059 2416 4113 vi
2469 4059 2756 4128 praeditum
2794 4103 2810 4127 ,
2866 4063 2950 4116 vel
3002 4064 3224 4116 noxium
3287 4063 3376 4115 ﬂat
3437 4072 3599 4132 atque

344 4155 476 4223 μιᾶς
495 4152 751 4222 ἰδιότητος
771 4152 830 4205 τὸ
858 4152 1040 4221 ἕτερον
1067 4151 1157 4204 τοῦ
1185 4147 1370 4222 ἐτέρου
1405 4147 1805 4220 ἀποκρινούσης
1825 4189 1839 4202 .
1859 4150 1916 4202 Ὀ

2021 4148 2236 4212 evadat,
2266 4149 2402 4203 nihil
2435 4151 2579 4204 aliud
2613 4157 2720 4216 est,
2774 4151 2877 4205 nisi
2935 4152 3116 4204 omnia
3165 4151 3304 4205 idem
3338 4167 3458 4206 esse
3501 4168 3600 4221 pu-

343 4245 452 4312 ξαρ
477 4243 650 4310 λέγων
681 4241 743 4294 τὸ
770 4241 900 4295 αὐτὸ
927 4242 984 4295 ὲν
1036 4242 1196 4295 παντὶ
1233 4235 1496 4309 γίνεσθαι,
1528 4235 1680 4292 οὐδὲν
1706 4238 1908 4309 ἕτερον,

343 4337 375 4405 ἦ
404 4337 464 4388 ἒν
493 4331 630 4388 εἶναι
662 4334 729 4388 τὰ
757 4332 930 4386 πάντα
964 4332 1228 4402 βούλεται,
1254 4332 1351 4402 τῆς
1380 4329 1782 4401 ἐμφαινομένης
1800 4329 1916 4385 δια-

347 4429 522 4498 φορᾶς
554 4431 662 4490 τοῖς
682 4422 834 4479 οὖσιν
860 4426 1009 4478 οὐδὲν
1042 4425 1178 4495 πρὸς
1208 4424 1317 4495 (75)
1346 4417 1622 4492 ἐπιμιξίαν
1646 4422 1754 4475 τῶν
1775 4423 1921 4475 ἀκοι-

345 4518 602 4586 νωνὴτων
639 4513 1070 4584 ἐμποδιζούσης·
1121 4512 1196 4575 ὡς
1240 4513 1486 4582 ἀνάγκην
1518 4505 1676 4574 εἶναι,
1717 4512 1819 4564 κᾶν
1865 4527 1918 4562 τι

343 4608 452 4661 τῶν
485 4606 724 4669 ἰοϐόλων,
757 4604 850 4659 καὶ⁵
881 4603 1228 4675 σαρκοϐόρων
1259 4603 1372 4674 (74)
1403 4601 1685 4674 Θεάσηται,
1714 4603 1918 4674 ὁμόφυ-

414 4788 534 4859 (5‘2)
576 4790 659 4842 Οὐ
686 4789 816 4859 γάρ.
845 4789 888 4840 Β
915 4788 975 4841 οὐ
1001 4786 1213 4859 γάρῌᾰν.

415 4856 533 4925 (53)
586 4856 983 4926 Ἐπινοήσεις.
1009 4856 1086 4919 Δ.
1106 4856 1146 4906 Β
1178 4856 1541 4927 ἑπινοήσαιεν.

418 4929 535 4992 (54)
576 4928 828 4997 Δρομῆςο
864 4929 906 4979 Β
934 4927 1253 4997 συνδρομῆς·

417 4997 534 5066 (55)
581 4996 817 5068 Ψυχὴν.
846 4999 887 5050 Β
907 4996 1078 5066 αὐτὴν
1117 4996 1316 5066 ψυχήν.

441 5068 533 5132 56)
574 5067 994 5122 Καταπίπτειν.
1028 5068 1157 5130 A,‘B
1197 5067 1571 5136 μεταπίπτειν.

441 5073 533 5132 56)
574 5073 994 5122 Καταπίπτειν.
1028 5073 1157 5130 A,‘B
1197 5073 1424 5136 μεταπίτ

415 5073 537 5206 (57)
579 5141 715 5191 Κατ’
742 5138 950 5207 ἀρχάς.
974 5137 1018 5189 Δ
1044 5137 1137 5190 καὶ
1159 5138 1278 5188 κατ’
1297 5137 1424 5207 ἁρχ.

415 5209 535 5276 (58)
576 5207 825 5275 Σώματι.
859 5209 898 5260 Δ
927 5207 1003 5275 τῷ
1039 5207 1272 5276 σώματι.

443 5277 534 5345 59)
589 5277 862 5331 Ἐ’κείνων
882 5277 1195 5344 δόγματος.
1230 5278 1295 5334 Α,
1317 5276 1356 5328 Β
1392 5277 1512 5329 κατ’
1542 5277 1738 5339 αὐτοὺς
1768 5277 1926 5345 δόγμ.

441 5345 536 5419 66)
575 5348 1145 5419 Aquxopzio'agOat.
1181 5350 1246 5410 Δ,
1267 5347 1307 5398 Β
1333 5345 1823 5419 διασκοπήσασοαι.

419 5417 504 5486 (δι
520 5420 537 5484 )
579 5416 669 5469 Δέ.
709 5417 858 5472 Delet
887 5418 952 5476 Α.
970 5415 1028 5470 Β.

419 5487 536 5552 (62)
588 5486 832 5553 Ῥᾳδίως
849 5487 1000 5540 ἐστί.
1027 5489 1068 5540 Α
1092 5487 1167 5550 ὡς
1198 5485 1340 5546 ἐστί.

418 5557 535 5624 (65)
578 5555 856 5626 Συσχεῖν.
879 5558 918 5609 Β
945 5558 1213 5626 συγχέειν.
1244 5559 1290 5610 Α
1335 5558 1569 5625 συγχεῖν.

417 5625 536 5697 (68)
580 5624 780 5680 Πάντα
811 5628 942 5700 χρή.
979 5624 1326 5698 Βῆὲανταχῆ.
1365 5627 1408 5680 Δ
1441 5624 1510 5680 iu
1555 5636 1700 5680 textu
1753 5624 1926 5678 πάντα

2018 4247 2135 4295 tare
2163 4278 2180 4304 ,
2213 4242 2486 4309 unamque
2533 4240 2586 4294 in
2628 4241 2788 4296 rebus
2847 4241 3118 4296 universis
3151 4256 3274 4296 esse
3308 4251 3596 4310 naturam,

2023 4329 2307 4386 inconfusa
2341 4330 2576 4399 quadam
2623 4339 2676 4385 et
2729 4331 3044 4386 indistincta
3100 4341 3262 4402 atque
3297 4332 3594 4388 indiscreta

2023 4420 2409 4476 communione
2447 4435 2630 4475 secum
2689 4421 3076 4486 commislam,
3133 4422 3282 4475 nulla
3344 4423 3595 4493 proprie-

2024 4521 2136 4569 tate
2187 4513 2418 4568 alterum
2474 4514 2539 4567 ah
2583 4515 2755 4568 altero
2799 4524 3136 4570 secernente.
3191 4512 3292 4582 Qui
3340 4516 3483 4570 enim
3517 4516 3599 4569 di-

2025 4605 2099 4659 cit
2137 4604 2277 4659 idem
2333 4604 2386 4658 in
2433 4604 2691 4662 universa
2749 4611 2945 4660 natura
3021 4621 3204 4660 rerum
3258 4605 3371 4661 ﬂeri
3404 4646 3420 4671 ,
3465 4606 3598 4661 nihil

2027 4787 2302 4905 χρήὲιὲατα,
2341 4789 2395 4842 in
2436 4789 2684 4858 margine
2711 4787 2888 4841 πάντα
2915 4787 2984 4840 τὰ
3013 4788 3295 4859 ἰδιώματα.

2099 4869 2112 4905 Ι
2160 4857 2213 4905 δ)
2246 4859 2623 4905 Αὶσθιητικόγ-
2650 4859 2693 4905 Β
2720 4856 2994 4905 αἰσθητόν.

2099 4856 2213 4926 (65)
2246 4856 2624 4926 Αὶσθητικόᾶι.
2650 4859 2693 4910 Β
2720 4856 2994 4924 αἰσθητόν.

2249 4925 2575 4998 Μηδέτὴνι.
2594 4929 2670 4992 Α,
2700 4928 2742 4979 Β
2775 4927 2962 4998 μηδενί
2987 4945 3061 4981 τι.

2249 4996 2786 5070 Διαστοιχιζόμενα.
2796 4996 2864 5066 Α,
2938 4998 3390 5070 διατειχιζόμενα.

2098 5065 2212 5140 (68)
2253 5065 2570 5140 φωλεύειν.
2599 5069 2649 5140 AW
2671 5069 2725 5140 in
2756 5067 3000 5140 margine
3032 5065 3388 5140 ἐμφωλέύειν.

2099 5137 2212 5208 (69)
2263 5138 2596 5207 Ἑκφύσεις.
2622 5139 2664 5190 Β
2681 5138 2976 5208 νὲμφύσεις.

2098 5207 2211 5278 (70)
2265 5207 2572 5278 ᾉκὰνθην.
2597 5207 2918 5278 Β-ᾶκανβαν.

2121 5272 2212 5333 71'}
2243 5272 2412 5332 Εἶναι
2433 5272 2566 5333 cur.
2601 5273 2756 5331 Εἶναι
2784 5277 2926 5331 delet
2950 5277 3013 5329 A.

2125 5346 2212 5415 72)
2253 5346 2543 5422 [fon-(orla
2587 5361 2727 5416 πεφ.
2757 5349 2821 5411 Α,
2921 5347 3190 5418 κοινότητι
3223 5347 3361 5420 πρὸς
3404 5346 3604 5422 ἑαυτὴν

2029 5416 2402 5514 πεφμτρμένην.
2436 5417 2477 5468 Β
2517 5416 3004 5486 συμπεφυρμένην.

2106 5488 2219 5558 (ω)
2258 5490 2431 5552 Πρός.
2459 5487 2502 5538 Β
2535 5486 2670 5557 πρὸς
2699 5487 2816 5558 τήν.

2109 5505 2219 5555 (ιο)
2258 5505 2431 5552 ιιρος.
2463 5505 2502 5538 ιτ
2535 5505 2670 5557 προς
2699 5505 2816 5558 την.

2109 5557 2218 5629 (Ti)
2256 5558 2359 5612 Καὶ
2393 5559 2639 5631 οςσρκοσ.
2677 5558 2718 5610 Β
2750 5558 2784 5629 ἢ
2817 5558 3042 5626 σαρκοὸ.
