3990 6202
468 284 493 318 ο.
522 249 637 318 ’111

1751 252 1833 309 ΓΞ.
1858 254 2188 312 GREGORII
2223 248 2517 311 NYSSENI

3689 254 3789 311 112

531 379 705 446 aliud,
768 393 934 451 quam
976 379 1159 434 omnia
1198 391 1368 433 unum
1422 391 1545 433 esse
1588 375 1703 432 vult
1730 380 1847 441 ,‘ea
1899 391 2022 447 qua:
2053 375 2105 430 in

2214 374 2308 429 λον
2364 374 2607 446 νομίζειν
2659 372 2837 445 ἑαυτῷ
2885 373 2978 428 καὶ
3031 374 3291 443 συγγενὲς
3332 373 3396 426 τὸ
3449 370 3792 444 φαινόμενον,

493 466 697 527 rebus
736 466 1006 523 universis
1076 473 1301 536 apparet
1360 462 1666 518 diderentia
1724 462 1877 517 nullo
1948 461 2113 516 modo

528 577 720 619 earum
751 577 954 627 rerum,
987 558 1189 629 quibus
1222 559 1363 613 inter
1389 574 1448 614 se
1474 557 1623 611 nulla
1654 555 1969 611 communio
2004 563 2106 623 est,

531 651 941 722 permistionem
1017 648 1386 721 impediente,
1450 656 1509 702 ut
1572 662 1799 703 necesse
1873 647 1985 711 sit,
2050 654 2112 702 ut

529 742 744 797 etiamsi
801 741 1041 812 aliquam
1082 740 1313 795 bestiam
1374 750 1693 795 venenatam
1745 746 1801 794 et
1858 737 2111 792 carnivo-

530 845 646 885 ram
700 830 900 894 videat,
933 831 1020 886 sui
1051 830 1268 900 generis
1303 835 1470 899 atque
1523 837 1813 898 cognatum
1854 827 1961 883 sibi
2004 818 2139 898 puz

531 930 609 977 tet
645 921 719 986 id,
769 921 915 993 quod
971 920 1187 977 videtur
1216 959 1230 984 ,
1283 935 1462 990 neque
1510 919 1746 974 cicutam
1802 918 2020 990 quidem
2063 919 2110 974 is

529 1020 793 1083 tanquam
828 1012 1062 1068 alienam
1120 1027 1149 1064 a
1204 1024 1305 1067 sua
1354 1016 1547 1065 natura
1599 1008 1828 1079 aspiciet
1865 1009 2112 1078 :siqui-

2217 465 2338 518 οὐδὲ
2376 465 2437 518 τὸ
2472 463 2693 522 κώνειον
2733 467 2763 519 ό
2788 464 3031 529 τοιοῦτος
3070 464 3148 529 ὡς
3194 463 3471 536 ἀλλότριον
3521 463 3622 534 τῆς
3657 462 3793 526 ιδίας

2216 556 2407 627 ὄψεται
2437 557 2552 629 (75)
2600 557 2816 628 φύσεως
2834 572 2847 586 ⁸
2904 556 3069 628 εἴπερ
3095 556 3280 627 βλέπει
3308 555 3404 610 κα)⁵
3424 557 3483 610 ὲν
3516 558 3700 625 φυτοῖς
3729 553 3789 609 τὸ

2216 647 2556 719 ἀνθρώπινον
2580 666 2595 681 ·
2644 648 2762 702 ἀλλ’
2797 648 2919 703 οὐδὲ
2956 646 3093 720 πρὸς
3130 648 3292 702 αὐτὸν
3312 647 3635 708 ἀνυπόπτως
3681 646 3789 712 ἕξει

2214 739 2308 794 τὸν
2336 739 2531 812 βότρυν
2554 740 2644 795 τὸν
2670 740 2765 795 ἐπὶ
2785 743 2853 812 τῇ
2884 740 3045 812 χρείᾳ
3067 739 3167 810 τῆς
3192 739 3338 810 ζωῆς
3357 737 3789 810 γεωργούμενον.

2217 832 2327 885 Καὶ
2370 832 2478 901 γὰρ
2525 834 2620 885 κα).
2651 830 2813 895 αὐτὸς
2856 830 2969 901 (76)
2995 828 3106 883 τῶν
3134 830 3417 900 φυομένων
3437 827 3581 880 ἐστίν
3605 844 3620 857 ο
3652 824 3792 895 φυτά

2216 922 2273 976 δὲ
2308 923 2440 993 ἡμῖν
2465 924 2558 977 καὶ
2576 922 2646 977 τὰ
2672 923 2782 977 τῶν
2809 921 3090 992 ἀσταχύων
3116 923 3450 993 γεννήματα,
3471 920 3538 973 δι’
3569 911 3644 974 ὧν
3668 928 3825 989 τρε-ι

2217 1014 2451 1086 φόμεθα.

528 1107 652 1162 dem
719 1105 887 1162 etiam
930 1105 988 1160 in
1042 1104 1241 1176 plantis
1286 1103 1463 1158 cernit
1508 1102 1801 1156 humanam
1850 1112 2124 1171 naturam,
2166 1119 2231 1160 ac
2288 1123 2357 1163 ne
2395 1108 2491 1164 tali
2531 1107 2750 1179 quidem
2777 1106 3092 1177 suspicione
3123 1105 3191 1161 de
3234 1106 3356 1176 ipso
3438 1117 3655 1159 racemo
3694 1117 3789 1157 ca-

527 1202 710 1266 rebit,
763 1202 857 1271 qui
908 1214 1160 1255 racemus
1212 1198 1282 1253 ad
1326 1213 1486 1253 usum
1534 1198 1661 1251 vitae
1726 1197 2070 1269 producitur.
2125 1199 2340 1257 Etenim
2389 1203 2439 1259 is
2503 1218 2724 1275 quoque
2792 1202 2861 1257 de
2902 1216 3103 1273 genere
3146 1199 3487 1272 germinum,
3538 1199 3787 1268 stirpium

498 1305 592 1345 ac
644 1292 956 1362 plantarum
1018 1306 1085 1345 ex
1127 1298 1271 1343 terra
1322 1287 1722 1343 'enascentium
1775 1296 1938 1358 atque
1995 1291 2434 1359 provenientium
2490 1302 2614 1362 est;
2655 1291 2900 1366 germina
2961 1300 3142 1346 autem
3206 1290 3372 1345 etiam
3434 1286 3595 1343 nobis
3659 1295 3789 1343 sunt

526 1379 714 1452 fruges
771 1382 1046 1452 spicarum
1076 1421 1092 1447 ,
1158 1378 1360 1450 quibus
1400 1380 1693 1434 nutriatur.

596 1491 880 1560 Quomodo
899 1492 1063 1563 igitur
1076 1490 1267 1547 falcem
1291 1490 1605 1545 admovebit
1620 1491 1789 1560 spicis
1808 1490 2109 1548 secandis?

527 1585 809 1652 Quomodo
832 1584 961 1638 item
1000 1582 1266 1652 exprimet
1294 1596 1593 1648 racemum,
1617 1591 1712 1637 aut
1738 1598 1805 1638 ex
1834 1598 1966 1639 arvo
2001 1582 2107 1655 spi-

525 1693 650 1732 nam
686 1675 927 1739 etlodiet,
954 1683 1046 1727 aut
1085 1672 1270 1728 ﬂorem
1299 1672 1574 1743 decerpet,
1605 1682 1699 1727 aut
1721 1688 1848 1730 aves
1882 1677 2106 1732 venahi-

2284 1488 2411 1553 Πῶς
2437 1477 2844 1558 οδνὲπάξειτὴν
2870 1487 3145 1559 δρεπάνην
3167 1486 3280 1558 (77)
3305 1486 3591 1558 ἀσταχύων
3608 1489 3744 1558 τομῇ
3770 1506 3785 1553 ς

2215 1580 2331 1644 πῶς
2360 1579 2417 1633 δὲ
2454 1578 2742 1649 ἀποθλίψει
2769 1578 2862 1633 τὸν
2889 1579 3083 1651 βότρυν
3102 1622 3116 1646 ,
3154 1577 3188 1649 ἢ
3229 1578 3476 1650 ἀνορύξει
3502 1579 3601 1650 τῆς
3627 1579 3788 1651 ἀρού-

2216 1686 2314 1743 ρας
2337 1670 2437 1742 τὴν
2464 1669 2726 1737 ἄκανθαν,
2748 1669 2783 1741 ἢ
2813 1669 2875 1723 τὸ
2900 1668 3058 1733 ἄνθος
3076 1669 3272 1742 Αδρέψει
3306 1668 3439 1739 (78),
3474 1669 3507 1739 ἢ
3534 1668 3787 1739 θηρεύσει

526 1778 636 1831 tur,
665 1774 759 1823 aut
803 1782 868 1823 ex
897 1766 1057 1837 lignis
1107 1780 1301 1835 rogum
1346 1763 1629 1829 accendet,
1667 1780 1791 1819 eum
1834 1766 2101 1821 incertum

2212 1763 2335 1825 τοὺς
2363 1760 2606 1833 ὄρνιθας,
2636 1760 2670 1832 ἢ
2702 1760 2809 1814 ἀπὸ
2838 1758 3010 1826 ξύλων
3035 1757 3330 1812 ἀνακαύσει
3363 1758 3561 1829 πυρὰν,
3593 1757 3787 1829 ἄδηλον

522 1865 597 1920 sit
628 1877 771 1918 anne
816 1861 1084 1932 cognatis,
1122 1868 1216 1914 aut
1251 1859 1591 1930 parentibus,
1625 1865 1719 1911 aut
1750 1857 2105 1928 popularibus

2212 1850 2266 1905 ὃν
2295 1852 2344 1904 εί
2376 1851 2451 1922 μὴ
2483 1850 2622 1904 κατά
2671 1849 2970 1919 συγγενῶν,
3011 1848 3045 1920 ἢ
3095 1847 3395 1920 προγόνων,
3425 1846 3783 1919 ηόμοφύλων,

525 1969 725 2008 manus
762 1951 1081 2017 all‘erantur,
1115 1959 1169 2006 et
1222 1965 1319 2020 per
1344 1965 1533 2006 eorum
1589 1965 1790 2020 corpus
1830 1949 1913 2004 vel
1959 1949 2104 2019 ignis

524 2045 877 2110 accendatur,
898 2044 982 2098 vel
1003 2050 1184 2098 crater
1202 2050 1553 2112 temperetur,
1571 2042 1652 2096 vel
1669 2042 1826 2097 cibus
1848 2039 2109 2110 paretur?

521 2138 662 2196 Nam
696 2137 742 2193 si
767 2136 891 2207 quis
931 2143 1084 2207 putet
1113 2136 1351 2190 animam
1377 2135 1614 2191 hominis
1643 2151 1739 2206 per
1761 2134 2108 2205 unumquod-

526 2245 635 2300 que
667 2229 860 2282 horum
884 2226 1124 2297 plantam
1147 2226 1232 2281 vel
1259 2226 1458 2279 animal
1498 2225 1638 2290 ﬁeri,
1666 2240 1729 2279 ac
1758 2225 1908 2279 nulla
1939 2239 2106 2295 appo-

526 2317 636 2374 sita
668 2332 792 2373 esse
813 2316 969 2387 signa
988 2315 1189 2385 quibus
1218 2321 1440 2370 notetur
1464 2315 1645 2385 qualis
1680 2313 1901 2385 quidem
1933 2317 2006 2371 sit
2037 2329 2105 2369 ex

523 2408 747 2464 homine
770 2406 956 2479 planta
981 2407 1066 2461 vel
1099 2406 1322 2472 animal,
1356 2407 1518 2477 quale
1536 2406 1662 2460 item
1687 2406 1739 2461 id
1769 2405 1914 2477 quod
1948 2405 2108 2460 aliter

515 2499 730 2555 factum
771 2498 862 2563 sit,
905 2498 1165 2553 adversus
1203 2497 1387 2552 omnia
1425 2497 1629 2567 pariter
1688 2503 1742 2552 et
1770 2497 1960 2553 eodem
1989 2512 2106 2553 mo-

522 2591 614 2657 do,
647 2589 736 2660 qui
772 2587 1038 2659 ejusmodi
1069 2587 1480 2659 persuasionem
1515 2588 1849 2658 praeceperit,
1878 2587 2106 2643 aiiectus

519 2692 576 2739 et
602 2681 872 2737 animatus
900 2680 1006 2736 erit
1026 2720 1041 2745 ,
1070 2688 1130 2735 ut
1154 2679 1320 2735 etiam
1360 2680 1697 2747 necessario,
1722 2680 1805 2735 vel
1842 2680 2105 2738 adversus

523 2788 620 2829 eos
680 2785 901 2841 quoque
929 2770 1021 2839 qui
1053 2769 1108 2822 in
1163 2783 1346 2823 rerum
1380 2776 1577 2823 natura
1604 2770 1796 2825 vivunt
1832 2769 2104 2837 homines,

521 2877 685 2933 asper
709 2870 763 2916 et
793 2861 1020 2915 immitis
1056 2860 1148 2923 sit,
1185 2869 1278 2914 aut
1313 2859 1584 2930 siquidem
1622 2868 1814 2916 natura
1840 2861 2106 2919 adversus

519 2954 859 3025 prepinquos
880 2960 933 3006 et
964 2951 1256 3021 populares
1278 2950 1346 3006 ad
1372 2951 1763 3006 humanitatem
1796 2968 2106 3023 propensus

516 3052 575 3099 et
600 3042 896 3097 inclinatus
925 3049 1030 3105 est,
1061 3040 1250 3096 eodem
1293 3040 1458 3095 modo
1497 3044 1762 3097 adversus
1792 3057 1954 3097 omne
1982 3042 2104 3097 ani-

2203 1944 2239 2015 ἡ
2274 1942 2395 2014 χεὶρ
2429 1944 2675 2013 φέρεται,
2700 1940 2794 1994 κα)⁸
2821 1938 2911 1994 διὰ
2939 1937 3033 1993 τοῦ
3065 1935 3316 2009 σώματος
3339 1936 3517 1991 αὐτῶν
3539 1937 3649 2010 ἢτὺ
3676 1938 3787 2010 πῦρ

2206 2034 2527 2094 ἀνάπτεται,
2588 2030 2678 2101 ἢὸ
2722 2028 2935 2101 κρατὴρ
2968 2029 3249 2100 ’κιρνᾶται
3291 2026 3424 2100 (79),
3458 2027 3492 2099 ἢ
3533 2030 3565 2100 ἡ
3611 2028 3784 2100 τροφὴ

2207 2105 2725 2196 παρασκευάζεταίς
2754 2121 2828 2175 Tb
2848 2120 2955 2193 γάρ
2982 2120 3190 2176 οἴεσθαι
3222 2121 3290 2174 δι’
3327 2120 3559 2174 ἑκάστου
3582 2120 3785 2174 τούτων

2206 2220 2304 2290 τὴν
2331 2214 2509 2288 ψυχὴν
2532 2215 2627 2268 τοῦ
2661 2212 2950 2284 ἀνθρώπου
2972 2212 3219 2283 γίνεσθαι
3246 2213 3411 2282 φυτὸν
3439 2211 3473 2284 ἢ
3507 2212 3664 2275 ζῶον,
3690 2228 3784 2284 ση-

2210 2312 2337 2381 μεῖα
2369 2308 2426 2361 δὲ
2468 2308 2543 2379 μὴ
2592 2304 2922 2373 ἐπικεῖσθαι,
2974 2307 3125 2360 ποῖον
3173 2305 3272 2376 μὲν
3316 2305 3375 2359 τὸ
3409 2305 3469 2372 ἐξ
3498 2304 3782 2377 ἀνθρώπου

2207 2400 2373 2472 φυτὸν
2413 2401 2448 2472 ἢ
2504 2398 2663 2464 ζῶον,
2710 2401 2861 2454 ποῖον
2904 2398 3017 2470 (80)
3050 2399 3107 2452 δὲ
3138 2397 3199 2452 τὸ
3240 2398 3441 2469 ἑτέρως
3480 2398 3778 2468 γινόμενον,

2206 2493 2345 2566 πρὸς
2393 2492 2572 2546 πάντα
2626 2491 2769 2555 κατά
2815 2490 2875 2544 τὸ
2906 2485 3025 2544 ἶσον
3054 2492 3082 2544 ὁ
3109 2493 3174 2562 τῇ
3202 2491 3425 2563 τοιαύτῃ
3460 2489 3570 2560 (81)
3599 2506 3785 2561 προει-

2205 2585 2480 2656 λημμένος
2513 2583 2778 2655 ὑπολήψει
2804 2582 3201 2655 διατεθήσεται,
3230 2583 3306 2646 ὡς
3331 2584 3449 2635 κατ’
3477 2581 3588 2652 (82)
3613 2582 3782 2649 ἀνάγ-

2205 2694 2330 2747 κην,
2390 2676 2424 2748 ἢ
2482 2677 2577 2731 καὶ
2616 2677 2735 2730 κατ’
2768 2674 2949 2730 αὐτῶν
2998 2674 3108 2729 τῶν
3141 2676 3199 2728 ὲν
3254 2678 3319 2747 τῇ
3365 2674 3525 2746 φύσει
3567 2675 3783 2739 ζώντων

2207 2765 2511 2837 ἀνθρώπων
2537 2766 2763 2837 ἀπηνῶς
2792 2765 2957 2838 ἔχειν,
2986 2766 3019 2837 ἢ
3060 2766 3219 2838 είπερ
3249 2766 3342 2820 ἐπὶ
3368 2767 3477 2821 τῶν
3501 2766 3784 2837 ὁμοφύλων

2208 2858 2347 2930 πρὸς
2376 2859 2785 2933 φιλανθρωπίαν
2815 2860 2881 2913 ὲκ
2929 2858 3144 2929 φύσεως
3181 2858 3360 2931 ῥέποι,
3400 2857 3599 2930 ὁμοίως
3624 2859 3783 2914 αὑτὸν

2205 2951 2506 3005 διακεῖσθαι
2538 2952 2675 3024 πρὸς
2700 2953 2808 3006 πᾶν
2833 2950 3099 3022 ἔμψυχον,
3132 2952 3237 3007 κᾶν
3287 2952 3345 3005 ὲν
3371 2952 3623 3023 ἑρπετοῖς,
3648 2953 3781 3022 (85),

2206 3040 2312 3096 κᾶν
2368 3043 2426 3094 ὲν
2448 3040 2658 3113 θηρίοις
2682 3040 2835 3113 τύχοι
2852 3057 2866 3073 ·
2899 3040 3034 3095 ἀλλὰ
3059 3041 3162 3095 κᾶν
3182 3041 3240 3094 ὲν
3268 3040 3371 3115 ὕλῃ
3398 3041 3610 3113 δένδρον
3640 3043 3785 3112 γίνε-

522 3140 731 3188 matum
764 3131 994 3188 allectus
1019 3132 1112 3195 sit,
1149 3133 1265 3188 sive
1297 3131 1352 3187 id
1373 3133 1516 3187 inter
1549 3133 1781 3202 reptilia,
1819 3134 1933 3190 sive
1961 3133 2103 3190 inter

2212 3151 2298 3187 ται
2328 3133 2463 3203 (84),
2502 3135 2530 3187 ὁ
2549 3134 2609 3187 τὸ
2629 3133 2804 3204 δόγμα
2829 3132 2987 3187 τοῦτο
3024 3132 3481 3206 παραδεξάμενος,
3499 3132 3668 3204 δῆμον
3693 3134 3787 3187 ἀν-

523 3223 670 3281 feras
709 3223 871 3279 fuerit
905 3243 919 3279 :
956 3223 1255 3294 quinetiam
1288 3223 1414 3279 siin
1463 3224 1653 3279 silvam
1677 3223 1935 3279 arborum
1981 3241 2101 3296 per-

520 3318 732 3374 venerit
752 3318 800 3374 is
832 3317 925 3388 qui
958 3317 1099 3371 hanc
1139 3315 1444 3372 doctrinam
1468 3316 1751 3388 amplexus
1784 3317 1876 3381 sit,
1900 3328 2101 3373 emtum

522 3417 685 3478 atque
733 3402 1063 3462 conventum
1115 3406 1400 3461 hominum
1465 3404 1691 3462 arbores
1747 3406 2100 3462 existimabit.

519 3498 783 3566 Quaenam
810 3513 944 3569 ergo
989 3498 1112 3552 vitae
1143 3497 1284 3552 ratio
1311 3507 1396 3553 est
1435 3498 1556 3567 ejus
1601 3498 1693 3569 qui
1725 3498 1808 3552 vel
1840 3498 2104 3555 adversus

521 3590 707 3646 omnia
738 3595 961 3660 propter
1007 3589 1467 3644 necessitudinem
1519 3604 1583 3644 ac
1641 3592 2103 3661 prepinquitatem

523 3694 688 3750 quam
709 3679 939 3736 subesse
966 3686 1119 3749 putet
1140 3679 1284 3748 pius,
1315 3676 1588 3735 ofﬁciosus
1609 3694 1672 3734 ac
1703 3681 1993 3746 sollicitus,
2021 3683 2103 3737 vel

521 3770 687 3826 etiam
719 3770 983 3825 adversus
1028 3770 1301 3834 homines,
1349 3777 1632 3839 propterea
1665 3770 1811 3840 quod
1840 3771 1980 3827 inter
2007 3788 2102 3828 eos

524 3866 860 3931 caeterasque
891 3876 978 3916 res
1004 3860 1137 3915 nihil
1169 3860 1439 3916 interesse
1466 3862 1764 3924 existimet,
1789 3877 1968 3933 asper,
2001 3866 2103 3918 im,r

522 3950 692 4014 mitis,
725 3949 1057 4005 inhumanus
1080 3958 1135 4005 et
1174 3949 1508 4009 inoﬂiciosus
1556 3953 1667 4009 sit?
1725 3954 1887 4022 Ergo,
1945 3963 2007 4009 ut
2035 3970 2102 4012 ex

520 4041 633 4110 jam
656 4039 821 4097 dictis
848 4050 1094 4112 apparet,
1126 4042 1424 4113 rejicienda
1457 4044 1619 4099 fuerit
1638 4044 2101 4115 ejusmodioratio

523 4142 688 4203 atque
716 4132 990 4197 doctrina,
1025 4136 1213 4190 multis
1249 4136 1412 4190 etiam
1467 4136 1589 4192 aliis
1628 4137 1792 4194 rebus
1824 4139 1967 4194 haud
2001 4139 2103 4194 im-

525 4229 719 4281 merito
752 4241 853 4281 nos
899 4225 1297 4282 abducentibus
1358 4226 1427 4281 ab
1458 4226 1769 4297 hujusmodi
1821 4230 2098 4300 Opinione.

520 4315 656 4370 Nam
684 4316 865 4371 audivi
895 4332 958 4371 ex
1010 4316 1077 4371 iis
1106 4317 1197 4387 qui
1226 4317 1353 4370 talia
1396 4317 1641 4383 tradunt,
1672 4315 1815 4389 quod
1846 4320 2100 4376 nationes

523 4408 787 4479 quasdam
844 4408 1150 4461 animarum
1197 4424 1317 4463 esse
1344 4418 1553 4478 ponant
1580 4410 1635 4463 in
1681 4411 1942 4480 peculiari
1969 4428 2097 4480 qua-

2206 3222 2439 3296 θρώπων
2467 3223 2533 3278 τά
2549 3224 2741 3295 δένδρα
2755 3226 2837 3297 οίή
2846 3242 2993 3278 σεται
3012 3224 3146 3296 (85).
3166 3224 3262 3286 Τίς
3277 3220 3408 3278 οὖνὸ
3423 3223 3658 3287 τοιοῦτος
3672 3223 3788 3296 (86)

2202 3316 2320 3388 βίος
2374 3318 2407 3388 ἢ
2455 3317 2593 3387 πρὸς
2618 3319 2795 3371 πάντα
2825 3317 3067 3382 εὐλαϐῶς
3093 3317 3180 3371 διὰ
3217 3317 3279 3370 τὸ
3305 3315 3653 3388 ὁμόφυλον,ἢ
3689 3320 3789 3372 καὶ

2206 3410 2342 3480 πρὸς
2373 3410 2498 3473 τοὺς
2532 3409 2852 3479 ἀνθρώπους
2882 3408 3106 3478 ἀπηνῶς
3125 3407 3212 3461 διὰ
3231 3406 3329 3480 τὴν
3354 3408 3444 3461 ἐπὶ
3478 3408 3585 3462 τῶν
3610 3409 3789 3464 ἄλλων

2205 3499 2524 3571 ἀδιαφορίαν
2557 3498 2803 3571 ἔχοντος;
2844 3498 3053 3554 Οὐκοῦν
3074 3498 3378 3571 ἀπόϐλητος
3400 3500 3465 3553 ὲκ
3499 3499 3607 3553 τῶν
3632 3503 3788 3573 εἰρη-

2208 3592 2384 3662 μένων
2416 3594 2443 3646 ό
2470 3592 2711 3655 τοιοῦτος
2741 3591 2807 3646 ἂν
2835 3593 2919 3664 εἴη
2946 3593 3122 3661 λόγος,
3148 3592 3355 3646 πολλῶν
3381 3592 3474 3647 καὶ
3492 3591 3666 3648 ἀλλων
3687 3595 3788 3665 τῆς

2203 3683 2459 3752 τοιαύτης
2491 3685 2640 3754 ἡμᾶς
2683 3683 3003 3755 ὑπολήψεως
3036 3685 3173 3739 κατά
3206 3686 3264 3739 τὸ
3290 3684 3507 3755 εὔλογον
3546 3686 3788 3755 ἁπαγόν-

2204 3792 2330 3829 των.
2367 3776 2616 3829 Ἤκουσα
2644 3775 2752 3848 γὰρ
2786 3776 2896 3829 τῶν
2940 3776 3166 3831 τοιαῦτα
3207 3777 3663 3850 δογματιζόντων,
3702 3780 3786 3832 ὅτι

2205 3867 2330 3938 ἔθνη
2364 3867 2487 3920 τινὰ
2515 3867 2622 3920 τῶν
2652 3867 2840 3939 ψυχῶν
2894 3867 3209 3923 ἀποτίθεται
3251 3870 3365 3940 (87)
3404 3872 3461 3924 ὲν
3511 3868 3786 3942 ίδιαζούσῃ

2203 3957 2310 4009 τινὶ
2346 3955 2455 4026 (88)
2492 3956 2739 4029 πολιτείᾳ
2762 3958 2898 4029 πρὸς
2927 3958 3025 4030 τὴν
3043 3959 3155 4027 (89)
3180 3960 3237 4013 ὲν
3261 3958 3473 4030 σώματι
3499 3958 3643 4031 ζωὴν
3676 3960 3787 4030 (90)

2207 4045 2515 4117 βιοτεύοντα
2574 4047 2709 4119 (91),
2759 4051 2817 4102 ὲν
2848 4048 2928 4119 τῷ
2955 4048 3138 4120 λεπτῷ
3170 4066 3228 4104 τε
3257 4052 3349 4103 καὶ
3384 4049 3653 4120 εὐκινήτῳ
3686 4049 3787 4119 τῆς

2204 4138 2418 4207 φύσεως
2464 4139 2672 4193 ἑαυτῶν
2722 4139 2835 4211 (92)
2872 4142 2937 4212 τῇ
2967 4141 3060 4194 τοῦ
3089 4140 3288 4203 παντὸς
3315 4139 3797 4211 συμπεριπολοῦν-

2202 4245 2294 4292 τος
2327 4228 2438 4301 (93)
2475 4229 2702 4302 δινήσει,
2755 4232 2892 4302 ῥοπῇ
2931 4230 2987 4284 δέ
3011 4248 3115 4283 τινι
3153 4231 3218 4300 τῇ
3254 4229 3387 4299 πρὸς
3418 4228 3615 4281 κακίαν
3649 4246 3787 4281 πτε-

2196 4318 2537 4390 ⁴ρορροούσςιις
2573 4319 2683 4391 (91)
2709 4322 2807 4385 τὰς
2830 4320 3007 4391 ψυχάς
3038 4323 3096 4374 ὲν
3132 4318 3337 4390 σώματι
3368 4317 3477 4389 (95)
3504 4317 3787 4386 γίνεσθαι’

2207 4409 2422 4481 πρῶτον
2455 4410 2552 4482 μὲν
2584 4410 2894 4482 ἀνθρώποις
2925 4410 3058 4480 (96),
3078 4407 3178 4463 εἷθ’
3201 4408 3372 4472 οὕτως
3404 4407 3492 4461 διὰ
3512 4407 3613 4477 τῆς
3646 4409 3792 4480 πρὸς

521 4499 646 4553 dam
672 4499 912 4563 civitate,
946 4508 1236 4568 antequam
1269 4498 1334 4553 ad
1364 4513 1682 4569 corpoream
1715 4501 1880 4554 vitam
1934 4502 2091 4558 deve-

2212 4471 2271 4555 τά
2304 4471 2473 4571 ἄλογα
2520 4502 2628 4555 τῶν
2658 4471 2844 4555 παθῶν
2866 4471 3102 4572 όμιλίας,
3137 4499 3275 4572 μετὰ
3303 4499 3392 4553 τοῦ
3420 4498 3532 4571 (97)
3571 4471 3779 4568 ἀνθρωξ

524 4589 697 4654 niant,
726 4589 970 4644 viventes
996 4606 1008 4641 :
1036 4603 1155 4658 qua:
1180 4590 1231 4640 in
1254 4589 1400 4642 tenui
1436 4597 1598 4659 atque
1620 4591 1744 4661 agili
1769 4607 1867 4645 sua
1900 4603 2095 4647 natura

522 4695 627 4735 una
656 4695 781 4735 cum
809 4678 1326 4746 revolutioneatque
1339 4678 1697 4733 conversione
1716 4680 2094 4736 universitatis

591 4838 702 4908 (75)
744 4840 1011 4907 "Oderat.
1036 4837 1155 4889 Ain
1184 4835 1644 4908 marginqofszat,
1670 4834 1877 4906 ὄψεται.

592 4898 704 5017 (76)
744 4898 852 4961 Καὶ
896 4908 1098 4973 αὐτός.
1120 4908 1186 4970 Α,
1212 4906 1253 4957 Β
1272 4898 1365 4959 καὶ
1388 4898 1562 4968 οὗτος.

619 4978 708 5017 77)
751 4976 1071 5017 Armenia-man,
1112 4979 1143 5017 Δ
1196 4977 1238 5017 R
1263 4978 1328 5017 τῆ
1352 4976 1461 5017 τῶν

594 4977 708 5050 (77)
746 4977 1076 5045 Δρεπάνην.
1107 4979 1170 5038 Α,
1196 4977 1238 5028 Β
1263 4978 1329 5046 τῇ
1352 4977 1481 5029 τῶν.

592 5047 706 5119 (78)
745 5047 974 5119 Δρέψςι.
1003 5049 1067 5112 Α,
1086 5048 1127 5119 Β
1150 5046 1425 5119 δρέψεται.

626 5066 706 5119 Ιῦ)
745 5066 974 5124 ΔρεΨε-ῖι.
1003 5066 1067 5112 Α,
1086 5066 1127 5097 ι)
1150 5066 1425 5168 οὲεψεται.

618 5118 706 5185 79)
744 5121 1044 5184 Κιρναται.
1076 5118 1139 5179 Α,
1234 5115 1503 5185 κίρναται.

618 5124 699 5172 79’
744 5124 1044 5184 Κιρναται.
1076 5124 1139 5179 Α,
1168 5124 1207 5168 Β
1234 5124 1503 5185 κίρναται.

592 5124 706 5261 (80)
747 5189 944 5241 Ποῖον.
978 5188 1024 5239 Δ
1055 5185 1240 5257 ἕτερον
1270 5187 1583 5257 γενόμενον,
1634 5190 1781 5238 ποῖον
1811 5186 1865 5239 δὲ
1898 5187 1957 5240 τὸ
1982 5188 2099 5240 ἐτέ-

525 5260 637 5332 pte;
658 5260 962 5332 γενόμενον.

615 5330 703 5399 81)
748 5327 830 5396 Τῇ
856 5329 1119 5394 τοιαύτῃ.
1146 5328 1225 5399 Τῇ
1263 5328 1400 5382 delet
1438 5327 1493 5381 Β.

616 5397 704 5461 82)
758 5401 852 5464 Ὠς
890 5399 1037 5452 κατ’.
1070 5400 1115 5449 Α
1151 5397 1227 5461 ὡς
1262 5400 1354 5452 καὶ
1386 5400 1527 5451 κατ’.

592 5468 706 5538 (85)
745 5469 869 5524 Κᾶν
907 5469 976 5521 ἐν
1010 5468 1298 5535 ἑρπετοῖς.
1327 5468 1475 5524 Dolet
1506 5469 1564 5526 Β.

617 5536 707 5602 84)
746 5539 1005 5592 Γίνεται.
1047 5540 1085 5589 Β
1123 5539 1218 5607 γέν
1258 5556 1367 5593 ται.

618 5606 706 5660 85)
743 5609 1038 5660 Olrir'euu.
1075 5612 1117 5660 Α
1146 5558 1367 5660 οἰητθήσε

594 5610 707 5747 ἓξὲξ)

743 5609 1038 5679 ϐιήσεται.
1075 5612 1117 5660 Α
1146 5609 1480 5679 οἰηθήσεται,

752 5678 1038 5743 Τοιοῦτος.
1065 5683 1108 5729 Α
1138 5678 1231 5731 τοῦ
1270 5678 1526 5737 τοιούτου,

2204 4591 2360 4645 πίνου
2394 4592 2510 4663 βίου
2565 4593 2871 4665 ἐγχὼρησιν
2902 4592 3012 4663 (98)
3044 4591 3499 4663 ἀποκτηνοῦσθαι,
3531 4589 3790 4644 κάκεῖθεν

2207 4683 2368 4754 μέχρι
2393 4682 2493 4754 τῆς
2523 4682 2762 4755 φυσικῆς
2812 4683 3013 4755 ταύτης
3062 4684 3154 4737 καὶ
3186 4682 3512 4754 ἀναισθήτου
3548 4682 3781 4735 καταπί-

2274 4841 2386 4911 (87)
2438 4840 2879 4897 Ἀποτίθεται.Δ
2910 4842 2952 4894 Β
2978 4841 3342 4897 ὑποτίθενται.

2274 4911 2386 4982 (88)
2420 4913 2559 4965 Τινί.
2597 4911 2758 4982 Βᾼτῇ.

2298 4980 2387 5054 89)
2415 4981 2570 5054 Πρὸς
2594 4980 2733 5054 Uir?
2768 4982 2809 5035 Β
2833 4982 2939 5054 πρὸ
2978 4983 3097 5054 τῆς·

2298 5050 2388 5122 90)
2435 5051 2543 5123 Ἐκ
2565 5052 2790 5121 σώματι
2833 5050 3004 5121 ζωήν.
3034 5050 3084 5105 Ἀ
3112 5053 3172 5106 ὲν
3217 5050 3431 5123 σώμασι
3456 5052 3622 5121 ζωῆς,
3656 5052 3698 5103 Β
3730 5053 3790 5104 ἐν

2209 5120 2421 5192 σώματι
2448 5121 2614 5192 ζωῆς.

2277 5190 2390 5262 (891)
2412 5191 2785 5262 Βιοτεύρντα.
2822 5193 2863 5245 Α
2893 5191 2944 5244 iu
2968 5191 3212 5261 margine
3234 5190 3640 5262 ὲμῦιοτεύοντα.

2278 5260 2390 5325 (92)
2438 5260 2718 5317 Ἐαυτῶν.
2746 5264 2788 5315 Α
2820 5261 3016 5315 αὐτῶν.

2279 5329 2393 5401 (95)
2423 5332 3045 5400 Συμπεριπολοῦντος.
3074 5333 3119 5383 Α
3152 5331 3195 5381 Β
3234 5329 3791 5401 συμπεριπολοῦνται.

2278 5401 2393 5474 (91)
2422 5404 2925 5474 Πτεροῤῥορύσας.
2967 5401 3008 5453 Β
3038 5403 3500 5474 πτερορρυούσας.

2281 5472 2393 5542 (95)
2428 5469 2678 5542 Σώματι.
2711 5472 2772 5526 Β.
2806 5472 3039 5542 σώμασι.

2279 5540 2392 5609 (96)
2439 5542 2491 5592 Ἀ
2503 5541 2810 5610 νθρὼποις.
2840 5540 3289 5610 Βήάνθρωπίνοις.

2279 5610 2393 5682 (97)
2425 5608 2592 5666 Μετὰ
2615 5612 2739 5665 τοῦ.
2755 5614 2797 5664 Α
2821 5613 2957 5681 μετὰ
2983 5608 3081 5681 τὴν
3106 5616 3170 5666 ἐκ
3196 5611 3309 5669 τοῦ.
3328 5614 3368 5665 Β
3391 5611 3527 5682 μετὰ
3548 5609 3647 5681 την
3667 5608 3793 5666 τοῦ.

2277 5680 2390 5751 (98)
2434 5680 2887 5751 ἘγκώρησινζΛ
2919 5684 2960 5734 Β
2994 5683 3321 5755 ἐκχώρησιν.
