  <div class='ocr_page' id='page_1' title='image "/cluster/home/n/w/nwhite01/storage/ocr_20150623/46/hvd.32044054112198/072.png"; bbox 0 0 3990 6202; ppageno 0'>
   <div class='ocr_carea' id='block_1_1' title="bbox 291 434 403 491">
    <p class='ocr_par' dir='ltr' id='par_1_1' title="bbox 291 434 403 491">
     <span class='ocr_line' id='line_1_1' title="bbox 291 434 403 491; baseline 0.018 -3"><span class='ocrx_word' id='word_1_1' title='bbox 291 434 403 491; x_wconf 71' lang='grc'>113</span> 
     </span>
    </p>
   </div>
   <div class='ocr_carea' id='block_1_2' title="bbox 1419 429 2539 489">
    <p class='ocr_par' dir='ltr' id='par_1_2' title="bbox 1419 429 2539 489">
     <span class='ocr_line' id='line_1_2' title="bbox 1419 429 2539 489; baseline -0.001 -6"><span class='ocrx_word' id='word_1_2' title='bbox 1419 430 1508 486; x_wconf 86' lang='lat' dir='ltr'><strong>DE</strong></span> <span class='ocrx_word' id='word_1_3' title='bbox 1546 431 1763 489; x_wconf 78' lang='grc' dir='ltr'><strong>ΛΝΙΜΛ</strong></span> <span class='ocrx_word' id='word_1_4' title='bbox 1801 429 1889 487; x_wconf 87' lang='grc' dir='ltr'><strong>ΕΤ</strong></span> <span class='ocrx_word' id='word_1_5' title='bbox 1932 429 2539 489; x_wconf 77' lang='lat' dir='ltr'><strong>RESURRECTIONE.</strong></span> 
     </span>
    </p>
   </div>
   <div class='ocr_carea' id='block_1_3' title="bbox 3457 439 3575 495">
    <p class='ocr_par' dir='ltr' id='par_1_3' title="bbox 3457 439 3575 495">
     <span class='ocr_line' id='line_1_3' title="bbox 3457 439 3575 495; baseline 0.017 -3"><span class='ocrx_word' id='word_1_6' title='bbox 3457 439 3575 495; x_wconf 64' lang='lat' dir='ltr'><strong>1M&quot;</strong></span> 
     </span>
    </p>
   </div>
   <div class='ocr_carea' id='block_1_4' title="bbox 294 544 1896 624">
    <p class='ocr_par' dir='ltr' id='par_1_4' title="bbox 294 544 1874 621">
     <span class='ocr_line' id='line_1_4' title="bbox 294 544 1874 621; baseline 0.001 -18"><span class='ocrx_word' id='word_1_7' title='bbox 294 566 457 603; x_wconf 78' lang='grc' dir='ltr'><strong>πτειν</strong></span> <span class='ocrx_word' id='word_1_8' title='bbox 498 547 661 619; x_wconf 82' lang='grc' dir='ltr'><strong>ζωῆς,</strong></span> <span class='ocrx_word' id='word_1_9' title='bbox 706 548 785 612; x_wconf 81' lang='grc' dir='ltr'><strong>ὡς</strong></span> <span class='ocrx_word' id='word_1_10' title='bbox 816 545 878 600; x_wconf 81' lang='grc' dir='ltr'><strong>τὺ</strong></span> <span class='ocrx_word' id='word_1_11' title='bbox 919 549 986 620; x_wconf 78' lang='grc' dir='ltr'><strong>τῇ</strong></span> <span class='ocrx_word' id='word_1_12' title='bbox 1015 544 1176 616; x_wconf 83' lang='grc' dir='ltr'><strong>φύσει</strong></span> <span class='ocrx_word' id='word_1_13' title='bbox 1214 547 1410 602; x_wconf 83' lang='grc' dir='ltr'><strong>λεπτὸν</strong></span> <span class='ocrx_word' id='word_1_14' title='bbox 1444 549 1874 621; x_wconf 64' lang='grc' dir='ltr'><strong>καὶἛὺκίνητον.</strong></span> 
     </span>
    </p>
   </div>
   <div class='ocr_carea' id='block_1_5' title="bbox 1994 544 3560 624">
    <p class='ocr_par' dir='ltr' id='par_1_5' title="bbox 1994 547 3560 624">
     <span class='ocr_line' id='line_1_5' title="bbox 1994 547 3560 624; baseline 0.005 -23"><span class='ocrx_word' id='word_1_15' title='bbox 1994 556 2247 619; x_wconf 73' lang='lat' dir='ltr'><strong>vagentur</strong></span> <span class='ocrx_word' id='word_1_16' title='bbox 2274 556 2439 620; x_wconf 91' lang='lat' dir='ltr'><strong>atque</strong></span> <span class='ocrx_word' id='word_1_17' title='bbox 2467 547 2745 616; x_wconf 88' lang='lat' dir='ltr'><strong>oberreut,</strong></span> <span class='ocrx_word' id='word_1_18' title='bbox 2771 550 3137 623; x_wconf 85' lang='lat' dir='ltr'><strong>propensione</strong></span> <span class='ocrx_word' id='word_1_19' title='bbox 3171 566 3303 609; x_wconf 83' lang='lat' dir='ltr'><strong>vero</strong></span> <span class='ocrx_word' id='word_1_20' title='bbox 3326 554 3560 624; x_wconf 90' lang='lat' dir='ltr'><strong>quadam</strong></span> 
     </span>
    </p>
   </div>
   <div class='ocr_carea' id='block_1_6' title="bbox 295 637 1882 713">
    <p class='ocr_par' dir='ltr' id='par_1_6' title="bbox 295 637 1882 713">
     <span class='ocr_line' id='line_1_6' title="bbox 295 637 1882 713; baseline 0.001 -19"><span class='ocrx_word' id='word_1_21' title='bbox 295 641 438 711; x_wconf 81' lang='grc' dir='ltr'><strong>ὅπερ</strong></span> <span class='ocrx_word' id='word_1_22' title='bbox 485 640 634 692; x_wconf 72' lang='grc' dir='ltr'><strong>ἐστὶν</strong></span> <span class='ocrx_word' id='word_1_23' title='bbox 692 640 726 709; x_wconf 78' lang='grc' dir='ltr'>ἡ</span> <span class='ocrx_word' id='word_1_24' title='bbox 781 637 952 710; x_wconf 80' lang='grc' dir='ltr'><strong>ψυχὴ,</strong></span> <span class='ocrx_word' id='word_1_25' title='bbox 1006 638 1222 708; x_wconf 82' lang='grc' dir='ltr'><strong>πρῶτον</strong></span> <span class='ocrx_word' id='word_1_26' title='bbox 1263 638 1363 709; x_wconf 83' lang='grc' dir='ltr'><strong>μὲν</strong></span> <span class='ocrx_word' id='word_1_27' title='bbox 1403 640 1664 713; x_wconf 72' lang='grc' dir='ltr'><strong>ἐμϐριθές</strong></span> <span class='ocrx_word' id='word_1_28' title='bbox 1695 659 1755 695; x_wconf 90' lang='grc' dir='ltr'><strong>τε</strong></span> <span class='ocrx_word' id='word_1_29' title='bbox 1785 642 1882 696; x_wconf 70' lang='grc' dir='ltr'><strong>καὶ</strong></span> 
     </span>
    </p>
   </div>
   <div class='ocr_carea' id='block_1_7' title="bbox 298 730 1884 805">
    <p class='ocr_par' dir='ltr' id='par_1_7' title="bbox 298 730 1884 805">
     <span class='ocr_line' id='line_1_7' title="bbox 298 730 1884 805; baseline 0.001 -18"><span class='ocrx_word' id='word_1_30' title='bbox 298 732 615 805; x_wconf 78' lang='grc' dir='ltr'><strong>κατωφερὲς</strong></span> <span class='ocrx_word' id='word_1_31' title='bbox 663 730 913 799; x_wconf 80' lang='grc' dir='ltr'><strong>γίνεσθαι</strong></span> <span class='ocrx_word' id='word_1_32' title='bbox 973 733 1090 794; x_wconf 81' lang='grc' dir='ltr'><strong>τοῖς</strong></span> <span class='ocrx_word' id='word_1_33' title='bbox 1144 730 1502 803; x_wconf 81' lang='grc' dir='ltr'><strong>ἀνθρωπίνοις</strong></span> <span class='ocrx_word' id='word_1_34' title='bbox 1545 732 1762 804; x_wconf 78' lang='grc' dir='ltr'><strong>σώμασι</strong></span> <span class='ocrx_word' id='word_1_35' title='bbox 1795 734 1884 789; x_wconf 79' lang='grc' dir='ltr'><strong>διὰ</strong></span> 
     </span>
    </p>
   </div>
   <div class='ocr_carea' id='block_1_8' title="bbox 297 819 1885 895">
    <p class='ocr_par' dir='ltr' id='par_1_8' title="bbox 297 819 1885 895">
     <span class='ocr_line' id='line_1_8' title="bbox 297 819 1885 895; baseline -0.001 -15"><span class='ocrx_word' id='word_1_36' title='bbox 297 826 498 887; x_wconf 85' lang='grc' dir='ltr'><strong>κακίας</strong></span> <span class='ocrx_word' id='word_1_37' title='bbox 539 823 1003 894; x_wconf 72' lang='grc' dir='ltr'><strong>εἰσοικιζόμενονο</strong></span> <span class='ocrx_word' id='word_1_38' title='bbox 1035 819 1156 876; x_wconf 78' lang='grc' dir='ltr'><strong>εἶτα</strong></span> <span class='ocrx_word' id='word_1_39' title='bbox 1198 823 1298 894; x_wconf 83' lang='grc' dir='ltr'><strong>τῆς</strong></span> <span class='ocrx_word' id='word_1_40' title='bbox 1339 822 1562 894; x_wconf 81' lang='grc' dir='ltr'><strong>λογικῆς</strong></span> <span class='ocrx_word' id='word_1_41' title='bbox 1602 824 1885 895; x_wconf 83' lang='grc' dir='ltr'><strong>δυνάμεως</strong></span> 
     </span>
    </p>
   </div>
   <div class='ocr_carea' id='block_1_9' title="bbox 297 913 1885 987">
    <p class='ocr_par' dir='ltr' id='par_1_9' title="bbox 297 913 1885 987">
     <span class='ocr_line' id='line_1_9' title="bbox 297 913 1885 987; baseline -0.003 -14"><span class='ocrx_word' id='word_1_42' title='bbox 297 916 732 987; x_wconf 74' lang='grc' dir='ltr'><strong>ἀποσ6εσθείσης</strong></span> <span class='ocrx_word' id='word_1_43' title='bbox 772 918 886 980; x_wconf 88' lang='grc' dir='ltr'><strong>τοῖς</strong></span> <span class='ocrx_word' id='word_1_44' title='bbox 934 914 1149 983; x_wconf 75' lang='grc' dir='ltr'><strong>ἀλόγοις</strong></span> <span class='ocrx_word' id='word_1_45' title='bbox 1193 913 1530 986; x_wconf 79' lang='grc' dir='ltr'><strong>ὲμϐιοτεύειν</strong></span> <span class='ocrx_word' id='word_1_46' title='bbox 1554 931 1568 945; x_wconf 77' lang='grc'><strong>⁸</strong></span> <span class='ocrx_word' id='word_1_47' title='bbox 1601 914 1885 969; x_wconf 79' lang='grc' dir='ltr'><strong>ὲκεῖθενδὲ</strong></span> 
     </span>
    </p>
   </div>
   <div class='ocr_carea' id='block_1_10' title="bbox 296 1005 1883 1079">
    <p class='ocr_par' dir='ltr' id='par_1_10' title="bbox 296 1005 1883 1079">
     <span class='ocr_line' id='line_1_10' title="bbox 296 1005 1883 1079; baseline -0.004 -15"><span class='ocrx_word' id='word_1_48' title='bbox 296 1010 391 1065; x_wconf 75' lang='grc' dir='ltr'><strong>καὶ</strong></span> <span class='ocrx_word' id='word_1_49' title='bbox 414 1008 517 1079; x_wconf 82' lang='grc' dir='ltr'><strong>τῆς</strong></span> <span class='ocrx_word' id='word_1_50' title='bbox 550 1006 810 1077; x_wconf 80' lang='grc' dir='ltr'><strong>τοιαύτης</strong></span> <span class='ocrx_word' id='word_1_51' title='bbox 838 1005 951 1075; x_wconf 86' lang='grc'>(99)</span> <span class='ocrx_word' id='word_1_52' title='bbox 976 1005 1085 1059; x_wconf 84' lang='grc' dir='ltr'><strong>τῶν</strong></span> <span class='ocrx_word' id='word_1_53' title='bbox 1119 1006 1424 1078; x_wconf 79' lang='grc' dir='ltr'><strong>αἰσθήσεων</strong></span> <span class='ocrx_word' id='word_1_54' title='bbox 1453 1006 1675 1077; x_wconf 77' lang='grc' dir='ltr'><strong>χάριτος</strong></span> <span class='ocrx_word' id='word_1_55' title='bbox 1716 1006 1883 1075; x_wconf 81' lang='grc' dir='ltr'><strong>ἀφαι-</strong></span> 
     </span>
    </p>
   </div>
   <div class='ocr_carea' id='block_1_11' title="bbox 299 1095 1885 1173">
    <p class='ocr_par' dir='ltr' id='par_1_11' title="bbox 299 1095 1885 1173">
     <span class='ocr_line' id='line_1_11' title="bbox 299 1095 1885 1173; baseline -0.003 -19"><span class='ocrx_word' id='word_1_56' title='bbox 299 1100 571 1173; x_wconf 80' lang='grc' dir='ltr'><strong>ρεθείσης,</strong></span> <span class='ocrx_word' id='word_1_57' title='bbox 604 1099 704 1169; x_wconf 84' lang='grc' dir='ltr'><strong>τὴν</strong></span> <span class='ocrx_word' id='word_1_58' title='bbox 727 1096 1051 1168; x_wconf 80' lang='grc' dir='ltr'><strong>ἀναίσθητον</strong></span> <span class='ocrx_word' id='word_1_59' title='bbox 1070 1096 1275 1168; x_wconf 85' lang='grc' dir='ltr'><strong>ταύτην</strong></span> <span class='ocrx_word' id='word_1_60' title='bbox 1312 1095 1459 1168; x_wconf 84' lang='grc' dir='ltr'><strong>ζωὴν</strong></span> <span class='ocrx_word' id='word_1_61' title='bbox 1488 1096 1583 1169; x_wconf 87' lang='grc' dir='ltr'><strong>τὴν</strong></span> <span class='ocrx_word' id='word_1_62' title='bbox 1610 1099 1668 1150; x_wconf 79' lang='grc' dir='ltr'><strong>ὲν</strong></span> <span class='ocrx_word' id='word_1_63' title='bbox 1697 1099 1885 1166; x_wconf 78' lang='grc' dir='ltr'><strong>φυτοῖς</strong></span> 
     </span>
    </p>
   </div>
   <div class='ocr_carea' id='block_1_12' title="bbox 300 1186 1883 1263">
    <p class='ocr_par' dir='ltr' id='par_1_12' title="bbox 300 1186 1883 1263">
     <span class='ocr_line' id='line_1_12' title="bbox 300 1186 1883 1263; baseline -0.004 -17"><span class='ocrx_word' id='word_1_64' title='bbox 300 1190 742 1263; x_wconf 78' lang='grc' dir='ltr'><strong>μεταλαμϐάνειν</strong></span> <span class='ocrx_word' id='word_1_65' title='bbox 762 1205 776 1220; x_wconf 88' lang='grc'><strong>·</strong></span> <span class='ocrx_word' id='word_1_66' title='bbox 799 1189 909 1243; x_wconf 82' lang='grc' dir='ltr'><strong>ἀπὸ</strong></span> <span class='ocrx_word' id='word_1_67' title='bbox 943 1187 1136 1242; x_wconf 86' lang='grc' dir='ltr'><strong>τούτου</strong></span> <span class='ocrx_word' id='word_1_68' title='bbox 1175 1188 1231 1241; x_wconf 84' lang='grc' dir='ltr'>δὲ</span> <span class='ocrx_word' id='word_1_69' title='bbox 1279 1186 1440 1242; x_wconf 82' lang='grc' dir='ltr'><strong>πάλιν</strong></span> <span class='ocrx_word' id='word_1_70' title='bbox 1460 1188 1546 1243; x_wconf 82' lang='grc' dir='ltr'><strong>διὰ</strong></span> <span class='ocrx_word' id='word_1_71' title='bbox 1567 1188 1674 1242; x_wconf 81' lang='grc' dir='ltr'><strong>τῶν</strong></span> <span class='ocrx_word' id='word_1_72' title='bbox 1704 1188 1883 1242; x_wconf 84' lang='grc' dir='ltr'><strong>αὐτῶν</strong></span> 
     </span>
    </p>
   </div>
   <div class='ocr_carea' id='block_1_13' title="bbox 283 1278 1883 1389">
    <p class='ocr_par' dir='ltr' id='par_1_13' title="bbox 283 1278 1883 1389">
     <span class='ocr_line' id='line_1_13' title="bbox 283 1278 1883 1389; baseline -0.002 -53"><span class='ocrx_word' id='word_1_73' title='bbox 283 1283 505 1389; x_wconf 46' lang='grc' dir='ltr'><strong>’ἀνιέναι</strong></span> <span class='ocrx_word' id='word_1_74' title='bbox 535 1280 779 1352; x_wconf 82' lang='grc' dir='ltr'><strong>βαθμῶν,</strong></span> <span class='ocrx_word' id='word_1_75' title='bbox 806 1280 900 1335; x_wconf 82' lang='grc' dir='ltr'><strong>καὶ</strong></span> <span class='ocrx_word' id='word_1_76' title='bbox 911 1278 1048 1352; x_wconf 80' lang='grc' dir='ltr'><strong>πρὸς</strong></span> <span class='ocrx_word' id='word_1_77' title='bbox 1070 1279 1321 1349; x_wconf 81' lang='grc' dir='ltr'><strong>οὐράνιον</strong></span> <span class='ocrx_word' id='word_1_78' title='bbox 1350 1280 1425 1351; x_wconf 98' lang='grc'><strong>(1)</strong></span> <span class='ocrx_word' id='word_1_79' title='bbox 1445 1280 1625 1351; x_wconf 76' lang='grc' dir='ltr'><strong>χῶρον</strong></span> <span class='ocrx_word' id='word_1_80' title='bbox 1642 1279 1883 1334; x_wconf 75' lang='grc' dir='ltr'><strong>ἀποκαθο</strong></span> 
     </span>
    </p>
   </div>
   <div class='ocr_carea' id='block_1_14' title="bbox 302 1376 573 1430">
    <p class='ocr_par' dir='ltr' id='par_1_14' title="bbox 302 1376 573 1430">
     <span class='ocr_line' id='line_1_14' title="bbox 302 1376 573 1430; baseline 0.004 -1"><span class='ocrx_word' id='word_1_81' title='bbox 302 1376 573 1430; x_wconf 83' lang='grc' dir='ltr'><strong>ίστασοαι.</strong></span> 
     </span>
    </p>
   </div>
   <div class='ocr_carea' id='block_1_15' title="bbox 1976 638 3563 712">
    <p class='ocr_par' dir='ltr' id='par_1_15' title="bbox 1976 638 3563 712">
     <span class='ocr_line' id='line_1_15' title="bbox 1976 638 3563 712; baseline 0.003 -20"><span class='ocrx_word' id='word_1_82' title='bbox 1976 638 2045 693; x_wconf 90' lang='lat' dir='ltr'><strong>ad</strong></span> <span class='ocrx_word' id='word_1_83' title='bbox 2066 638 2254 693; x_wconf 80' lang='lat' dir='ltr'><strong>vilium</strong></span> <span class='ocrx_word' id='word_1_84' title='bbox 2283 649 2446 709; x_wconf 89' lang='lat' dir='ltr'><strong>atque</strong></span> <span class='ocrx_word' id='word_1_85' title='bbox 2462 640 2785 709; x_wconf 75' lang='lat' dir='ltr'><strong>nequitiam,</strong></span> <span class='ocrx_word' id='word_1_86' title='bbox 2801 641 2958 710; x_wconf 90' lang='lat' dir='ltr'><strong>quasi</strong></span> <span class='ocrx_word' id='word_1_87' title='bbox 2982 639 3352 697; x_wconf 81' lang='lat' dir='ltr'><strong>deﬂuentibus</strong></span> <span class='ocrx_word' id='word_1_88' title='bbox 3370 642 3563 712; x_wconf 89' lang='lat' dir='ltr'><strong>pennis</strong></span> 
     </span>
    </p>
   </div>
   <div class='ocr_carea' id='block_1_16' title="bbox 1978 733 3566 805">
    <p class='ocr_par' dir='ltr' id='par_1_16' title="bbox 1978 733 3566 805">
     <span class='ocr_line' id='line_1_16' title="bbox 1978 733 3566 805; baseline 0 -17"><span class='ocrx_word' id='word_1_89' title='bbox 1978 733 2189 788; x_wconf 88' lang='lat' dir='ltr'><strong>animas</strong></span> <span class='ocrx_word' id='word_1_90' title='bbox 2210 734 2354 787; x_wconf 87' lang='lat' dir='ltr'><strong>intra</strong></span> <span class='ocrx_word' id='word_1_91' title='bbox 2385 747 2616 803; x_wconf 90' lang='lat' dir='ltr'><strong>corpora</strong></span> <span class='ocrx_word' id='word_1_92' title='bbox 2640 733 2834 805; x_wconf 77' lang='lat' dir='ltr'><strong>redigi,</strong></span> <span class='ocrx_word' id='word_1_93' title='bbox 2866 736 3102 805; x_wconf 91' lang='lat' dir='ltr'><strong>primum</strong></span> <span class='ocrx_word' id='word_1_94' title='bbox 3126 735 3346 805; x_wconf 82' lang='lat' dir='ltr'><strong>quidem</strong></span> <span class='ocrx_word' id='word_1_95' title='bbox 3375 735 3566 790; x_wconf 85' lang='lat' dir='ltr'><strong>buma-</strong></span> 
     </span>
    </p>
   </div>
   <div class='ocr_carea' id='block_1_17' title="bbox 1979 826 3568 899">
    <p class='ocr_par' dir='ltr' id='par_1_17' title="bbox 1979 826 3568 899">
     <span class='ocr_line' id='line_1_17' title="bbox 1979 826 3568 899; baseline 0.003 -21"><span class='ocrx_word' id='word_1_96' title='bbox 1979 840 2072 890; x_wconf 90' lang='lat' dir='ltr'><strong>na,</strong></span> <span class='ocrx_word' id='word_1_97' title='bbox 2104 826 2301 881; x_wconf 86' lang='lat' dir='ltr'><strong>deinde</strong></span> <span class='ocrx_word' id='word_1_98' title='bbox 2322 827 2511 882; x_wconf 87' lang='lat' dir='ltr'><strong>eodem</strong></span> <span class='ocrx_word' id='word_1_99' title='bbox 2542 827 2703 884; x_wconf 89' lang='lat' dir='ltr'><strong>modo</strong></span> <span class='ocrx_word' id='word_1_100' title='bbox 2727 836 2948 899; x_wconf 89' lang='lat' dir='ltr'><strong>propter</strong></span> <span class='ocrx_word' id='word_1_101' title='bbox 2979 828 3441 884; x_wconf 76' lang='lat' dir='ltr'><strong>consuetudinem</strong></span> <span class='ocrx_word' id='word_1_102' title='bbox 3476 844 3568 884; x_wconf 85' lang='lat' dir='ltr'><strong>ra-</strong></span> 
     </span>
    </p>
   </div>
   <div class='ocr_carea' id='block_1_18' title="bbox 1981 916 3565 991">
    <p class='ocr_par' dir='ltr' id='par_1_18' title="bbox 1981 916 3565 991">
     <span class='ocr_line' id='line_1_18' title="bbox 1981 916 3565 991; baseline 0.003 -21"><span class='ocrx_word' id='word_1_103' title='bbox 1981 916 2130 973; x_wconf 83' lang='lat' dir='ltr'><strong>tione</strong></span> <span class='ocrx_word' id='word_1_104' title='bbox 2151 920 2455 983; x_wconf 77' lang='lat' dir='ltr'><strong>carentium</strong></span> <span class='ocrx_word' id='word_1_105' title='bbox 2477 918 2772 975; x_wconf 63' lang='lat' dir='ltr'><strong>aﬁ‘ectuum&#39;</strong></span> <span class='ocrx_word' id='word_1_106' title='bbox 2809 936 2873 976; x_wconf 91' lang='lat' dir='ltr'><strong>ac</strong></span> <span class='ocrx_word' id='word_1_107' title='bbox 2896 921 3386 991; x_wconf 84' lang='lat' dir='ltr'><strong>perturbationum,</strong></span> <span class='ocrx_word' id='word_1_108' title='bbox 3412 927 3565 990; x_wconf 86' lang='lat' dir='ltr'><strong>post-</strong></span> 
     </span>
    </p>
   </div>
   <div class='ocr_carea' id='block_1_19' title="bbox 1980 1010 3564 1083">
    <p class='ocr_par' dir='ltr' id='par_1_19' title="bbox 1980 1010 3564 1083">
     <span class='ocr_line' id='line_1_19' title="bbox 1980 1010 3564 1083; baseline 0.003 -20"><span class='ocrx_word' id='word_1_109' title='bbox 1980 1024 2145 1079; x_wconf 86' lang='lat' dir='ltr'><strong>quam</strong></span> <span class='ocrx_word' id='word_1_110' title='bbox 2173 1024 2204 1065; x_wconf 89' lang='lat' dir='ltr'><strong>e</strong></span> <span class='ocrx_word' id='word_1_111' title='bbox 2234 1010 2345 1065; x_wconf 89' lang='lat' dir='ltr'><strong>vita</strong></span> <span class='ocrx_word' id='word_1_112' title='bbox 2375 1010 2615 1065; x_wconf 88' lang='lat' dir='ltr'><strong>humana</strong></span> <span class='ocrx_word' id='word_1_113' title='bbox 2645 1012 3012 1080; x_wconf 75' lang='lat' dir='ltr'><strong>excesserint,</strong></span> <span class='ocrx_word' id='word_1_114' title='bbox 3072 1013 3127 1067; x_wconf 95' lang='lat' dir='ltr'><strong>in</strong></span> <span class='ocrx_word' id='word_1_115' title='bbox 3181 1026 3378 1083; x_wconf 84' lang='lat' dir='ltr'><strong>pecora</strong></span> <span class='ocrx_word' id='word_1_116' title='bbox 3402 1011 3564 1081; x_wconf 83' lang='lat' dir='ltr'><strong>dege-</strong></span> 
     </span>
    </p>
   </div>
   <div class='ocr_carea' id='block_1_20' title="bbox 1979 1100 3564 1172">
    <p class='ocr_par' dir='ltr' id='par_1_20' title="bbox 1979 1100 3564 1172">
     <span class='ocr_line' id='line_1_20' title="bbox 1979 1100 3564 1172; baseline 0.002 -21"><span class='ocrx_word' id='word_1_117' title='bbox 1979 1112 2196 1163; x_wconf 88' lang='lat' dir='ltr'><strong>nerare,</strong></span> <span class='ocrx_word' id='word_1_118' title='bbox 2220 1106 2384 1170; x_wconf 88' lang='lat' dir='ltr'><strong>atque</strong></span> <span class='ocrx_word' id='word_1_119' title='bbox 2409 1100 2536 1156; x_wconf 88' lang='lat' dir='ltr'><strong>inde</strong></span> <span class='ocrx_word' id='word_1_120' title='bbox 2564 1117 2739 1171; x_wconf 90' lang='lat' dir='ltr'><strong>usque</strong></span> <span class='ocrx_word' id='word_1_121' title='bbox 2766 1102 2832 1157; x_wconf 88' lang='lat' dir='ltr'><strong>ad</strong></span> <span class='ocrx_word' id='word_1_122' title='bbox 2865 1102 3007 1157; x_wconf 87' lang='lat' dir='ltr'><strong>hanc</strong></span> <span class='ocrx_word' id='word_1_123' title='bbox 3034 1103 3342 1172; x_wconf 84' lang='lat' dir='ltr'><strong>plantarum</strong></span> <span class='ocrx_word' id='word_1_124' title='bbox 3368 1116 3564 1157; x_wconf 60' lang='lat' dir='ltr'><strong>sensu.</strong></span> 
     </span>
    </p>
   </div>
   <div class='ocr_carea' id='block_1_21' title="bbox 1981 1192 3568 1259">
    <p class='ocr_par' dir='ltr' id='par_1_21' title="bbox 1981 1192 3568 1259">
     <span class='ocr_line' id='line_1_21' title="bbox 1981 1192 3568 1259; baseline 0.004 -18"><span class='ocrx_word' id='word_1_125' title='bbox 1981 1203 2087 1259; x_wconf 88' lang='lat' dir='ltr'><strong>que</strong></span> <span class='ocrx_word' id='word_1_126' title='bbox 2113 1199 2389 1245; x_wconf 89' lang='lat' dir='ltr'><strong>carentem</strong></span> <span class='ocrx_word' id='word_1_127' title='bbox 2418 1192 2582 1246; x_wconf 87' lang='lat' dir='ltr'><strong>vitam</strong></span> <span class='ocrx_word' id='word_1_128' title='bbox 2616 1193 2816 1259; x_wconf 81' lang='lat' dir='ltr'><strong>delabi,</strong></span> <span class='ocrx_word' id='word_1_129' title='bbox 2873 1194 3009 1248; x_wconf 85' lang='lat' dir='ltr'><strong>adeo</strong></span> <span class='ocrx_word' id='word_1_130' title='bbox 3055 1202 3114 1248; x_wconf 93' lang='lat' dir='ltr'><strong>ut</strong></span> <span class='ocrx_word' id='word_1_131' title='bbox 3164 1203 3360 1248; x_wconf 86' lang='lat' dir='ltr'><strong>natura</strong></span> <span class='ocrx_word' id='word_1_132' title='bbox 3404 1202 3568 1249; x_wconf 90' lang='lat' dir='ltr'><strong>tenue</strong></span> 
     </span>
    </p>
   </div>
   <div class='ocr_carea' id='block_1_22' title="bbox 1980 1284 3564 1357">
    <p class='ocr_par' dir='ltr' id='par_1_22' title="bbox 1980 1284 3564 1357">
     <span class='ocr_line' id='line_1_22' title="bbox 1980 1284 3564 1357; baseline 0.002 -22"><span class='ocrx_word' id='word_1_133' title='bbox 1980 1293 2144 1352; x_wconf 90' lang='lat' dir='ltr'><strong>atque</strong></span> <span class='ocrx_word' id='word_1_134' title='bbox 2167 1284 2327 1355; x_wconf 88' lang='lat' dir='ltr'><strong>agile,</strong></span> <span class='ocrx_word' id='word_1_135' title='bbox 2358 1285 2501 1339; x_wconf 89' lang='lat' dir='ltr'><strong>sicut</strong></span> <span class='ocrx_word' id='word_1_136' title='bbox 2538 1285 2720 1339; x_wconf 90' lang='lat' dir='ltr'><strong>anima</strong></span> <span class='ocrx_word' id='word_1_137' title='bbox 2744 1294 2850 1349; x_wconf 87' lang='lat' dir='ltr'><strong>est,</strong></span> <span class='ocrx_word' id='word_1_138' title='bbox 2884 1286 3122 1356; x_wconf 89' lang='lat' dir='ltr'><strong>primum</strong></span> <span class='ocrx_word' id='word_1_139' title='bbox 3159 1286 3381 1357; x_wconf 89' lang='lat' dir='ltr'><strong>quidem</strong></span> <span class='ocrx_word' id='word_1_140' title='bbox 3428 1300 3564 1355; x_wconf 92' lang='lat' dir='ltr'><strong>pon-</strong></span> 
     </span>
    </p>
   </div>
   <div class='ocr_carea' id='block_1_23' title="bbox 1980 1372 3568 1447">
    <p class='ocr_par' dir='ltr' id='par_1_23' title="bbox 1980 1372 3568 1447">
     <span class='ocr_line' id='line_1_23' title="bbox 1980 1372 3568 1447; baseline 0 -20"><span class='ocrx_word' id='word_1_141' title='bbox 1980 1372 2236 1430; x_wconf 89' lang='lat' dir='ltr'><strong>derosum</strong></span> <span class='ocrx_word' id='word_1_142' title='bbox 2264 1390 2329 1429; x_wconf 87' lang='lat' dir='ltr'><strong>ac</strong></span> <span class='ocrx_word' id='word_1_143' title='bbox 2356 1375 2617 1432; x_wconf 86' lang='lat' dir='ltr'><strong>deorsum</strong></span> <span class='ocrx_word' id='word_1_144' title='bbox 2661 1391 2916 1447; x_wconf 21' lang='lat' dir='ltr'><strong>vergens,</strong></span> <span class='ocrx_word' id='word_1_145' title='bbox 2938 1374 3203 1432; x_wconf 85' lang='lat' dir='ltr'><strong>ellieiatur</strong></span> <span class='ocrx_word' id='word_1_146' title='bbox 3257 1378 3312 1430; x_wconf 93' lang='lat' dir='ltr'><strong>in</strong></span> <span class='ocrx_word' id='word_1_147' title='bbox 3338 1389 3568 1445; x_wconf 85' lang='lat' dir='ltr'><strong>corpora</strong></span> 
     </span>
    </p>
   </div>
   <div class='ocr_carea' id='block_1_24' title="bbox 300 1466 3572 1540">
    <p class='ocr_par' dir='ltr' id='par_1_24' title="bbox 300 1466 3572 1540">
     <span class='ocr_line' id='line_1_24' title="bbox 300 1466 3572 1540; baseline 0 -18"><span class='ocrx_word' id='word_1_148' title='bbox 300 1468 538 1522; x_wconf 87' lang='lat' dir='ltr'><strong>humana</strong></span> <span class='ocrx_word' id='word_1_149' title='bbox 578 1474 806 1539; x_wconf 89' lang='lat' dir='ltr'><strong>propter</strong></span> <span class='ocrx_word' id='word_1_150' title='bbox 845 1467 1041 1524; x_wconf 81' lang='lat' dir='ltr'><strong>vitium</strong></span> <span class='ocrx_word' id='word_1_151' title='bbox 1094 1478 1259 1540; x_wconf 86' lang='lat' dir='ltr'><strong>atque</strong></span> <span class='ocrx_word' id='word_1_152' title='bbox 1305 1467 1609 1539; x_wconf 84' lang='lat' dir='ltr'><strong>nequitiam</strong></span> <span class='ocrx_word' id='word_1_153' title='bbox 1658 1466 1980 1536; x_wconf 85' lang='lat' dir='ltr'><strong>immigrans</strong></span> <span class='ocrx_word' id='word_1_154' title='bbox 2030 1486 2043 1522; x_wconf 93' lang='lat'>:</span> <span class='ocrx_word' id='word_1_155' title='bbox 2084 1469 2282 1524; x_wconf 89' lang='lat' dir='ltr'><strong>deinde</strong></span> <span class='ocrx_word' id='word_1_156' title='bbox 2315 1470 2533 1524; x_wconf 85' lang='lat' dir='ltr'><strong>ratione</strong></span> <span class='ocrx_word' id='word_1_157' title='bbox 2588 1470 2812 1540; x_wconf 80' lang='lat' dir='ltr'><strong>praedita</strong></span> <span class='ocrx_word' id='word_1_158' title='bbox 2840 1470 2891 1525; x_wconf 91' lang='lat' dir='ltr'><strong>vi</strong></span> <span class='ocrx_word' id='word_1_159' title='bbox 2931 1470 3228 1534; x_wconf 82' lang='lat' dir='ltr'><strong>exstincta,</strong></span> <span class='ocrx_word' id='word_1_160' title='bbox 3263 1471 3320 1524; x_wconf 90' lang='lat' dir='ltr'><strong>in</strong></span> <span class='ocrx_word' id='word_1_161' title='bbox 3356 1470 3572 1525; x_wconf 86' lang='lat' dir='ltr'><strong>ratione</strong></span> 
     </span>
    </p>
   </div>
   <div class='ocr_carea' id='block_1_25' title="bbox 301 1558 3661 1633">
    <p class='ocr_par' dir='ltr' id='par_1_25' title="bbox 301 1558 3661 1633">
     <span class='ocr_line' id='line_1_25' title="bbox 301 1558 3661 1633; baseline 0 -17"><span class='ocrx_word' id='word_1_162' title='bbox 301 1560 618 1616; x_wconf 82' lang='lat' dir='ltr'><strong>carentibus</strong></span> <span class='ocrx_word' id='word_1_163' title='bbox 665 1560 832 1614; x_wconf 85' lang='lat' dir='ltr'><strong>vitam</strong></span> <span class='ocrx_word' id='word_1_164' title='bbox 885 1559 1127 1630; x_wconf 78' lang='lat' dir='ltr'><strong>degere;</strong></span> <span class='ocrx_word' id='word_1_165' title='bbox 1200 1560 1352 1616; x_wconf 89' lang='lat' dir='ltr'><strong>illinc</strong></span> <span class='ocrx_word' id='word_1_166' title='bbox 1402 1575 1533 1616; x_wconf 89' lang='lat' dir='ltr'><strong>vero</strong></span> <span class='ocrx_word' id='word_1_167' title='bbox 1579 1575 1841 1616; x_wconf 88' lang='lat' dir='ltr'><strong>sensuum</strong></span> <span class='ocrx_word' id='word_1_168' title='bbox 1900 1575 2117 1631; x_wconf 91' lang='lat' dir='ltr'><strong>quoque</strong></span> <span class='ocrx_word' id='word_1_169' title='bbox 2162 1561 2309 1617; x_wconf 87' lang='lat' dir='ltr'><strong>dono</strong></span> <span class='ocrx_word' id='word_1_170' title='bbox 2365 1563 2622 1633; x_wconf 86' lang='lat' dir='ltr'><strong>adempto</strong></span> <span class='ocrx_word' id='word_1_171' title='bbox 2667 1563 2809 1618; x_wconf 89' lang='lat' dir='ltr'><strong>hanc</strong></span> <span class='ocrx_word' id='word_1_172' title='bbox 2852 1563 3163 1633; x_wconf 86' lang='lat' dir='ltr'><strong>plantarum</strong></span> <span class='ocrx_word' id='word_1_173' title='bbox 3214 1563 3397 1628; x_wconf 88' lang='lat' dir='ltr'><strong>vitam,</strong></span> <span class='ocrx_word' id='word_1_174' title='bbox 3449 1577 3571 1633; x_wconf 65' lang='lat' dir='ltr'><strong>quae</strong></span> <span class='ocrx_word' id='word_1_175' title='bbox 3658 1558 3661 1561; x_wconf 80' lang='grc'><em>’</em></span> 
     </span>
    </p>
   </div>
   <div class='ocr_carea' id='block_1_26' title="bbox 302 1636 3569 1725">
    <p class='ocr_par' dir='ltr' id='par_1_26' title="bbox 302 1636 3569 1725">
     <span class='ocr_line' id='line_1_26' title="bbox 302 1636 3569 1725; baseline -0 -16"><span class='ocrx_word' id='word_1_176' title='bbox 302 1670 501 1710; x_wconf 80' lang='lat' dir='ltr'><strong>sensus</strong></span> <span class='ocrx_word' id='word_1_177' title='bbox 537 1668 737 1724; x_wconf 77' lang='lat' dir='ltr'><strong>expers</strong></span> <span class='ocrx_word' id='word_1_178' title='bbox 788 1660 896 1718; x_wconf 91' lang='lat' dir='ltr'><strong>est,</strong></span> <span class='ocrx_word' id='word_1_179' title='bbox 947 1653 1185 1709; x_wconf 79' lang='lat' dir='ltr'><strong>invicem</strong></span> <span class='ocrx_word' id='word_1_180' title='bbox 1223 1653 1527 1724; x_wconf 84' lang='lat' dir='ltr'><strong>suscipere,</strong></span> <span class='ocrx_word' id='word_1_181' title='bbox 1583 1667 1648 1707; x_wconf 90' lang='lat' dir='ltr'><strong>ac</strong></span> <span class='ocrx_word' id='word_1_182' title='bbox 1698 1636 1888 1725; x_wconf 65' lang='lat' dir='ltr'><strong>postea</strong></span> <span class='ocrx_word' id='word_1_183' title='bbox 1951 1668 2144 1709; x_wconf 85' lang='lat' dir='ltr'><strong>rursus</strong></span> <span class='ocrx_word' id='word_1_184' title='bbox 2182 1668 2278 1723; x_wconf 89' lang='lat' dir='ltr'><strong>per</strong></span> <span class='ocrx_word' id='word_1_185' title='bbox 2306 1652 2527 1710; x_wconf 90' lang='lat' dir='ltr'><strong>eosdem</strong></span> <span class='ocrx_word' id='word_1_186' title='bbox 2564 1654 2768 1725; x_wconf 84' lang='lat' dir='ltr'><strong>gradus</strong></span> <span class='ocrx_word' id='word_1_187' title='bbox 2796 1653 3118 1719; x_wconf 87' lang='lat' dir='ltr'><strong>ascendere,</strong></span> <span class='ocrx_word' id='word_1_188' title='bbox 3153 1663 3209 1710; x_wconf 90' lang='lat' dir='ltr'><strong>et</strong></span> <span class='ocrx_word' id='word_1_189' title='bbox 3255 1650 3466 1711; x_wconf 89' lang='lat' dir='ltr'><strong>restitui</strong></span> <span class='ocrx_word' id='word_1_190' title='bbox 3515 1653 3569 1706; x_wconf 91' lang='lat' dir='ltr'><strong>iu</strong></span> 
     </span>
    </p>
   </div>
   <div class='ocr_carea' id='block_1_27' title="bbox 303 1750 818 1806">
    <p class='ocr_par' dir='ltr' id='par_1_27' title="bbox 303 1750 818 1806">
     <span class='ocr_line' id='line_1_27' title="bbox 303 1750 818 1806; baseline 0 -3"><span class='ocrx_word' id='word_1_191' title='bbox 303 1752 489 1806; x_wconf 85' lang='lat' dir='ltr'><strong>locum</strong></span> <span class='ocrx_word' id='word_1_192' title='bbox 511 1750 818 1805; x_wconf 66' lang='lat' dir='ltr'><strong>caelestem.</strong></span> 
     </span>
    </p>
   </div>
   <div class='ocr_carea' id='block_1_28' title="bbox 373 1837 1896 1913">
    <p class='ocr_par' dir='ltr' id='par_1_28' title="bbox 373 1837 1896 1911">
     <span class='ocr_line' id='line_1_28' title="bbox 373 1837 1896 1911; baseline -0.001 -18"><span class='ocrx_word' id='word_1_193' title='bbox 373 1840 455 1893; x_wconf 78' lang='grc' dir='ltr'>Τὸ</span> <span class='ocrx_word' id='word_1_194' title='bbox 510 1839 568 1893; x_wconf 72' lang='grc' dir='ltr'><strong>δὲ</strong></span> <span class='ocrx_word' id='word_1_195' title='bbox 609 1837 843 1892; x_wconf 82' lang='grc' dir='ltr'><strong>τοιοῦτον</strong></span> <span class='ocrx_word' id='word_1_196' title='bbox 885 1838 1063 1909; x_wconf 84' lang='grc' dir='ltr'><strong>δόγμα</strong></span> <span class='ocrx_word' id='word_1_197' title='bbox 1102 1841 1216 1903; x_wconf 81' lang='grc' dir='ltr'><strong>τοῖς</strong></span> <span class='ocrx_word' id='word_1_198' title='bbox 1270 1841 1366 1894; x_wconf 72' lang='grc' dir='ltr'><strong>καὶ</strong></span> <span class='ocrx_word' id='word_1_199' title='bbox 1413 1840 1649 1911; x_wconf 82' lang='grc' dir='ltr'><strong>μετρίως</strong></span> <span class='ocrx_word' id='word_1_200' title='bbox 1690 1839 1896 1911; x_wconf 84' lang='grc' dir='ltr'><strong>κρίνειν</strong></span> 
     </span>
    </p>
   </div>
   <div class='ocr_carea' id='block_1_29' title="bbox 1994 1837 3571 1913">
    <p class='ocr_par' dir='ltr' id='par_1_29' title="bbox 2070 1838 3571 1913">
     <span class='ocr_line' id='line_1_29' title="bbox 2070 1838 3571 1913; baseline 0.003 -21"><span class='ocrx_word' id='word_1_201' title='bbox 2070 1838 2250 1910; x_wconf 85' lang='lat' dir='ltr'><strong>Atque</strong></span> <span class='ocrx_word' id='word_1_202' title='bbox 2287 1838 2563 1910; x_wconf 85' lang='lat' dir='ltr'><strong>ejusmodi</strong></span> <span class='ocrx_word' id='word_1_203' title='bbox 2607 1841 2860 1897; x_wconf 89' lang='lat' dir='ltr'><strong>doctrina</strong></span> <span class='ocrx_word' id='word_1_204' title='bbox 2891 1842 2960 1897; x_wconf 89' lang='lat' dir='ltr'><strong>ab</strong></span> <span class='ocrx_word' id='word_1_205' title='bbox 3002 1842 3069 1898; x_wconf 91' lang='lat' dir='ltr'><strong>iis</strong></span> <span class='ocrx_word' id='word_1_206' title='bbox 3091 1840 3184 1913; x_wconf 87' lang='lat' dir='ltr'><strong>qui</strong></span> <span class='ocrx_word' id='word_1_207' title='bbox 3233 1841 3319 1897; x_wconf 86' lang='lat' dir='ltr'><strong>vel</strong></span> <span class='ocrx_word' id='word_1_208' title='bbox 3360 1840 3571 1896; x_wconf 84' lang='lat' dir='ltr'><strong>medio-</strong></span> 
     </span>
    </p>
   </div>
   <div class='ocr_carea' id='block_1_30' title="bbox 304 1927 1887 2000">
    <p class='ocr_par' dir='ltr' id='par_1_30' title="bbox 304 1927 1887 2000">
     <span class='ocr_line' id='line_1_30' title="bbox 304 1927 1887 2000; baseline -0.002 -16"><span class='ocrx_word' id='word_1_209' title='bbox 304 1929 744 1999; x_wconf 81' lang='grc' dir='ltr'><strong>ὲπεσκεμμένοις</strong></span> <span class='ocrx_word' id='word_1_210' title='bbox 764 1927 989 1983; x_wconf 79' lang='grc' dir='ltr'><strong>αὐτόθεν</strong></span> <span class='ocrx_word' id='word_1_211' title='bbox 1010 1929 1312 2000; x_wconf 79' lang='grc' dir='ltr'><strong>ἐλέγχεται,</strong></span> <span class='ocrx_word' id='word_1_212' title='bbox 1350 1929 1620 2000; x_wconf 87' lang='grc' dir='ltr'><strong>μηδεμίαν</strong></span> <span class='ocrx_word' id='word_1_213' title='bbox 1648 1929 1792 1999; x_wconf 74' lang='grc' dir='ltr'><strong>ἔχειν</strong></span> <span class='ocrx_word' id='word_1_214' title='bbox 1811 1927 1887 1999; x_wconf 80' lang='grc'><strong>(2)</strong></span> 
     </span>
    </p>
   </div>
   <div class='ocr_carea' id='block_1_31' title="bbox 309 2020 1889 2094">
    <p class='ocr_par' dir='ltr' id='par_1_31' title="bbox 309 2020 1889 2094">
     <span class='ocr_line' id='line_1_31' title="bbox 309 2020 1889 2094; baseline -0.002 -18"><span class='ocrx_word' id='word_1_215' title='bbox 309 2025 371 2076; x_wconf 79' lang='grc' dir='ltr'><strong>ὲν</strong></span> <span class='ocrx_word' id='word_1_216' title='bbox 391 2023 600 2085; x_wconf 70' lang='grc' dir='ltr'><strong>ἑαυτοῖς</strong></span> <span class='ocrx_word' id='word_1_217' title='bbox 626 2022 724 2094; x_wconf 80' lang='lat'><strong>(2‘)</strong></span> <span class='ocrx_word' id='word_1_218' title='bbox 753 2023 959 2076; x_wconf 76' lang='grc' dir='ltr'><strong>στάσιν.</strong></span> <span class='ocrx_word' id='word_1_219' title='bbox 983 2022 1047 2075; x_wconf 76' lang='grc' dir='ltr'><strong>Εἰ</strong></span> <span class='ocrx_word' id='word_1_220' title='bbox 1070 2022 1185 2093; x_wconf 82' lang='grc' dir='ltr'><strong>γὰρ</strong></span> <span class='ocrx_word' id='word_1_221' title='bbox 1208 2021 1317 2075; x_wconf 80' lang='grc' dir='ltr'><strong>ἀπὸ</strong></span> <span class='ocrx_word' id='word_1_222' title='bbox 1340 2023 1439 2092; x_wconf 84' lang='grc' dir='ltr'><strong>τῆς</strong></span> <span class='ocrx_word' id='word_1_223' title='bbox 1466 2022 1720 2093; x_wconf 80' lang='grc' dir='ltr'><strong>οὐρανίας</strong></span> <span class='ocrx_word' id='word_1_224' title='bbox 1743 2020 1889 2090; x_wconf 79' lang='grc' dir='ltr'><strong>ζωῆς</strong></span> 
     </span>
    </p>
   </div>
   <div class='ocr_carea' id='block_1_32' title="bbox 304 2108 1887 2182">
    <p class='ocr_par' dir='ltr' id='par_1_32' title="bbox 304 2108 1887 2182">
     <span class='ocr_line' id='line_1_32' title="bbox 304 2108 1887 2182; baseline -0.003 -16"><span class='ocrx_word' id='word_1_225' title='bbox 304 2113 397 2167; x_wconf 72' lang='grc' dir='ltr'><strong>διὰ</strong></span> <span class='ocrx_word' id='word_1_226' title='bbox 434 2112 631 2175; x_wconf 79' lang='grc' dir='ltr'><strong>κακίας</strong></span> <span class='ocrx_word' id='word_1_227' title='bbox 669 2112 745 2182; x_wconf 79' lang='lat'><strong>(3)</strong></span> <span class='ocrx_word' id='word_1_228' title='bbox 801 2112 894 2165; x_wconf 74' lang='grc' dir='ltr'><strong>ἐπὶ</strong></span> <span class='ocrx_word' id='word_1_229' title='bbox 918 2111 1011 2165; x_wconf 82' lang='grc' dir='ltr'><strong>τὸν</strong></span> <span class='ocrx_word' id='word_1_230' title='bbox 1039 2108 1245 2181; x_wconf 78' lang='grc' dir='ltr'><strong>ξυλώδη</strong></span> <span class='ocrx_word' id='word_1_231' title='bbox 1272 2110 1384 2181; x_wconf 84' lang='grc' dir='ltr'><strong>βίον</strong></span> <span class='ocrx_word' id='word_1_232' title='bbox 1404 2112 1438 2182; x_wconf 84' lang='grc' dir='ltr'>ὴ</span> <span class='ocrx_word' id='word_1_233' title='bbox 1469 2110 1616 2182; x_wconf 82' lang='grc' dir='ltr'><strong>ψυχὴ</strong></span> <span class='ocrx_word' id='word_1_234' title='bbox 1648 2108 1887 2163; x_wconf 89' lang='grc' dir='ltr'><strong>κατασύ-</strong></span> 
     </span>
    </p>
   </div>
   <div class='ocr_carea' id='block_1_33' title="bbox 304 2201 1888 2277">
    <p class='ocr_par' dir='ltr' id='par_1_33' title="bbox 304 2201 1888 2277">
     <span class='ocr_line' id='line_1_33' title="bbox 304 2201 1888 2277; baseline -0.004 -19"><span class='ocrx_word' id='word_1_235' title='bbox 304 2222 485 2277; x_wconf 86' lang='grc' dir='ltr'><strong>ρεται,</strong></span> <span class='ocrx_word' id='word_1_236' title='bbox 514 2202 819 2258; x_wconf 82' lang='grc' dir='ltr'><strong>ἀπὸτούτου</strong></span> <span class='ocrx_word' id='word_1_237' title='bbox 840 2202 898 2256; x_wconf 86' lang='grc' dir='ltr'><strong>δὲ</strong></span> <span class='ocrx_word' id='word_1_238' title='bbox 924 2202 1087 2258; x_wconf 82' lang='grc' dir='ltr'><strong>πάλιν</strong></span> <span class='ocrx_word' id='word_1_239' title='bbox 1108 2202 1175 2256; x_wconf 84' lang='grc' dir='ltr'><strong>δι’</strong></span> <span class='ocrx_word' id='word_1_240' title='bbox 1190 2203 1389 2274; x_wconf 87' lang='grc' dir='ltr'><strong>ἀρετῆς</strong></span> <span class='ocrx_word' id='word_1_241' title='bbox 1410 2203 1504 2255; x_wconf 77' lang='grc' dir='ltr'><strong>ἐπὶ</strong></span> <span class='ocrx_word' id='word_1_242' title='bbox 1528 2201 1618 2256; x_wconf 80' lang='grc' dir='ltr'><strong>τὸν</strong></span> <span class='ocrx_word' id='word_1_243' title='bbox 1637 2202 1888 2273; x_wconf 82' lang='grc' dir='ltr'><strong>οὐράνιον</strong></span> 
     </span>
    </p>
   </div>
   <div class='ocr_carea' id='block_1_34' title="bbox 301 2291 1886 2368">
    <p class='ocr_par' dir='ltr' id='par_1_34' title="bbox 301 2291 1886 2368">
     <span class='ocr_line' id='line_1_34' title="bbox 301 2291 1886 2368; baseline -0.003 -17"><span class='ocrx_word' id='word_1_244' title='bbox 301 2296 616 2368; x_wconf 79' lang='grc' dir='ltr'><strong>ἀνατρέχει,</strong></span> <span class='ocrx_word' id='word_1_245' title='bbox 642 2296 955 2368; x_wconf 84' lang='grc' dir='ltr'><strong>εὑρίσκεται</strong></span> <span class='ocrx_word' id='word_1_246' title='bbox 978 2297 1008 2350; x_wconf 83' lang='grc' dir='ltr'>ὁ</span> <span class='ocrx_word' id='word_1_247' title='bbox 1030 2295 1187 2364; x_wconf 85' lang='grc' dir='ltr'><strong>λόγος</strong></span> <span class='ocrx_word' id='word_1_248' title='bbox 1200 2294 1379 2349; x_wconf 84' lang='grc' dir='ltr'><strong>αὐτῶν</strong></span> <span class='ocrx_word' id='word_1_249' title='bbox 1405 2292 1648 2366; x_wconf 79' lang='grc' dir='ltr'><strong>ἀπορῶν,</strong></span> <span class='ocrx_word' id='word_1_250' title='bbox 1678 2294 1707 2347; x_wconf 84' lang='grc' dir='ltr'>ὅ</span> <span class='ocrx_word' id='word_1_251' title='bbox 1727 2310 1781 2346; x_wconf 90' lang='grc' dir='ltr'><strong>τι</strong></span> <span class='ocrx_word' id='word_1_252' title='bbox 1808 2291 1886 2364; x_wconf 70' lang='lat' dir='ltr'><strong>(Il)</strong></span> 
     </span>
    </p>
   </div>
   <div class='ocr_carea' id='block_1_35' title="bbox 303 2386 1888 2463">
    <p class='ocr_par' dir='ltr' id='par_1_35' title="bbox 303 2386 1888 2463">
     <span class='ocr_line' id='line_1_35' title="bbox 303 2386 1888 2463; baseline -0.003 -18"><span class='ocrx_word' id='word_1_253' title='bbox 303 2392 699 2463; x_wconf 72' lang='grc' dir='ltr'><strong>προτιμότερον</strong></span> <span class='ocrx_word' id='word_1_254' title='bbox 730 2389 899 2444; x_wconf 74' lang='grc' dir='ltr'><strong>οἴεται</strong></span> <span class='ocrx_word' id='word_1_255' title='bbox 936 2388 1039 2461; x_wconf 78' lang='lat'><strong>(5),</strong></span> <span class='ocrx_word' id='word_1_256' title='bbox 1084 2388 1193 2442; x_wconf 75' lang='grc' dir='ltr'><strong>εἴτε</strong></span> <span class='ocrx_word' id='word_1_257' title='bbox 1238 2391 1336 2461; x_wconf 79' lang='grc' dir='ltr'><strong>τὴν</strong></span> <span class='ocrx_word' id='word_1_258' title='bbox 1368 2389 1603 2461; x_wconf 77' lang='grc' dir='ltr'><strong>ξυλίνην,</strong></span> <span class='ocrx_word' id='word_1_259' title='bbox 1651 2388 1762 2442; x_wconf 75' lang='grc' dir='ltr'><strong>εἴτε</strong></span> <span class='ocrx_word' id='word_1_260' title='bbox 1790 2386 1888 2458; x_wconf 87' lang='grc' dir='ltr'><strong>τὴν</strong></span> 
     </span>
    </p>
   </div>
   <div class='ocr_carea' id='block_1_36' title="bbox 303 2479 1889 2556">
    <p class='ocr_par' dir='ltr' id='par_1_36' title="bbox 303 2479 1889 2556">
     <span class='ocr_line' id='line_1_36' title="bbox 303 2479 1889 2556; baseline -0.004 -17"><span class='ocrx_word' id='word_1_261' title='bbox 303 2484 567 2556; x_wconf 74' lang='grc' dir='ltr'><strong>οὐρανίαν</strong></span> <span class='ocrx_word' id='word_1_262' title='bbox 600 2482 768 2554; x_wconf 75' lang='grc' dir='ltr'><strong>ζωήν.</strong></span> <span class='ocrx_word' id='word_1_263' title='bbox 795 2480 1009 2545; x_wconf 82' lang='grc' dir='ltr'><strong>Κύκλος</strong></span> <span class='ocrx_word' id='word_1_264' title='bbox 1035 2482 1144 2553; x_wconf 87' lang='grc' dir='ltr'><strong>γάρ</strong></span> <span class='ocrx_word' id='word_1_265' title='bbox 1165 2480 1249 2545; x_wconf 92' lang='grc' dir='ltr'><strong>τίς</strong></span> <span class='ocrx_word' id='word_1_266' title='bbox 1286 2481 1403 2534; x_wconf 76' lang='grc' dir='ltr'><strong>ἐστι</strong></span> <span class='ocrx_word' id='word_1_267' title='bbox 1441 2480 1529 2534; x_wconf 84' lang='grc' dir='ltr'><strong>διὰ</strong></span> <span class='ocrx_word' id='word_1_268' title='bbox 1552 2481 1661 2534; x_wconf 86' lang='grc' dir='ltr'><strong>τῶν</strong></span> <span class='ocrx_word' id='word_1_269' title='bbox 1690 2479 1889 2551; x_wconf 82' lang='grc' dir='ltr'><strong>ὁμοίων</strong></span> 
     </span>
    </p>
   </div>
   <div class='ocr_carea' id='block_1_37' title="bbox 307 2565 1890 2649">
    <p class='ocr_par' dir='ltr' id='par_1_37' title="bbox 307 2565 1890 2649">
     <span class='ocr_line' id='line_1_37' title="bbox 307 2565 1890 2649; baseline -0.004 -19"><span class='ocrx_word' id='word_1_270' title='bbox 307 2576 658 2649; x_wconf 79' lang='grc' dir='ltr'><strong>περιχωρῶν,</strong></span> <span class='ocrx_word' id='word_1_271' title='bbox 690 2575 778 2630; x_wconf 77' lang='grc' dir='ltr'><strong>ἀεὶ</strong></span> <span class='ocrx_word' id='word_1_272' title='bbox 820 2576 919 2646; x_wconf 82' lang='grc' dir='ltr'><strong>τῆς</strong></span> <span class='ocrx_word' id='word_1_273' title='bbox 945 2573 1144 2644; x_wconf 83' lang='grc' dir='ltr'><strong>ψυχῆς,</strong></span> <span class='ocrx_word' id='word_1_274' title='bbox 1176 2573 1236 2626; x_wconf 85' lang='grc' dir='ltr'><strong>ὲν</strong></span> <span class='ocrx_word' id='word_1_275' title='bbox 1260 2565 1413 2645; x_wconf 80' lang='grc' dir='ltr'><strong>ᾧπερ</strong></span> <span class='ocrx_word' id='word_1_276' title='bbox 1445 2571 1512 2626; x_wconf 83' lang='grc' dir='ltr'><strong>ἂν</strong></span> <span class='ocrx_word' id='word_1_277' title='bbox 1541 2567 1598 2644; x_wconf 79' lang='grc' dir='ltr'><strong>ᾗ,</strong></span> <span class='ocrx_word' id='word_1_278' title='bbox 1626 2569 1890 2625; x_wconf 79' lang='grc' dir='ltr'><strong>ἀστατού-</strong></span> 
     </span>
    </p>
   </div>
   <div class='ocr_carea' id='block_1_38' title="bbox 307 2660 1891 2740">
    <p class='ocr_par' dir='ltr' id='par_1_38' title="bbox 307 2660 1891 2740">
     <span class='ocr_line' id='line_1_38' title="bbox 307 2660 1891 2740; baseline -0.006 -19"><span class='ocrx_word' id='word_1_279' title='bbox 307 2685 433 2740; x_wconf 84' lang='grc' dir='ltr'><strong>σης.</strong></span> <span class='ocrx_word' id='word_1_280' title='bbox 465 2668 529 2720; x_wconf 78' lang='lat' dir='ltr'><strong>El</strong></span> <span class='ocrx_word' id='word_1_281' title='bbox 560 2666 668 2737; x_wconf 77' lang='grc' dir='ltr'><strong>γὰρ</strong></span> <span class='ocrx_word' id='word_1_282' title='bbox 693 2667 759 2718; x_wconf 77' lang='grc' dir='ltr'><strong>ὲκ</strong></span> <span class='ocrx_word' id='word_1_283' title='bbox 785 2665 886 2735; x_wconf 86' lang='grc' dir='ltr'><strong>τῆς</strong></span> <span class='ocrx_word' id='word_1_284' title='bbox 913 2664 1206 2735; x_wconf 82' lang='grc' dir='ltr'><strong>ἀσωμάτου</strong></span> <span class='ocrx_word' id='word_1_285' title='bbox 1247 2661 1392 2732; x_wconf 87' lang='grc' dir='ltr'><strong>ζωῆς</strong></span> <span class='ocrx_word' id='word_1_286' title='bbox 1417 2660 1554 2732; x_wconf 80' lang='grc' dir='ltr'><strong>πρὸς</strong></span> <span class='ocrx_word' id='word_1_287' title='bbox 1577 2660 1678 2730; x_wconf 86' lang='grc' dir='ltr'><strong>τὴν</strong></span> <span class='ocrx_word' id='word_1_288' title='bbox 1711 2676 1891 2730; x_wconf 88' lang='grc' dir='ltr'><strong>σωμα-</strong></span> 
     </span>
    </p>
   </div>
   <div class='ocr_carea' id='block_1_39' title="bbox 304 2751 1889 2833">
    <p class='ocr_par' dir='ltr' id='par_1_39' title="bbox 304 2751 1889 2833">
     <span class='ocr_line' id='line_1_39' title="bbox 304 2751 1889 2833; baseline -0.006 -19"><span class='ocrx_word' id='word_1_289' title='bbox 304 2761 469 2833; x_wconf 79' lang='grc' dir='ltr'><strong>τικὴν</strong></span> <span class='ocrx_word' id='word_1_290' title='bbox 495 2759 791 2814; x_wconf 74' lang='grc' dir='ltr'><strong>ἁναπίπτει</strong></span> <span class='ocrx_word' id='word_1_291' title='bbox 816 2757 917 2828; x_wconf 87' lang='grc'>(6),</span> <span class='ocrx_word' id='word_1_292' title='bbox 965 2756 1059 2810; x_wconf 73' lang='grc' dir='ltr'><strong>καὶ</strong></span> <span class='ocrx_word' id='word_1_293' title='bbox 1112 2757 1177 2810; x_wconf 82' lang='grc' dir='ltr'><strong>ὲκ</strong></span> <span class='ocrx_word' id='word_1_294' title='bbox 1212 2754 1416 2826; x_wconf 81' lang='grc' dir='ltr'><strong>ταύτης</strong></span> <span class='ocrx_word' id='word_1_295' title='bbox 1450 2752 1587 2824; x_wconf 83' lang='grc' dir='ltr'><strong>πρὸς</strong></span> <span class='ocrx_word' id='word_1_296' title='bbox 1616 2751 1715 2823; x_wconf 83' lang='grc' dir='ltr'><strong>τὴν</strong></span> <span class='ocrx_word' id='word_1_297' title='bbox 1735 2751 1889 2806; x_wconf 84' lang='grc' dir='ltr'><strong>ἀναί-</strong></span> 
     </span>
    </p>
   </div>
   <div class='ocr_carea' id='block_1_40' title="bbox 312 2840 1889 2921">
    <p class='ocr_par' dir='ltr' id='par_1_40' title="bbox 312 2840 1889 2921">
     <span class='ocr_line' id='line_1_40' title="bbox 312 2840 1889 2921; baseline -0.005 -18"><span class='ocrx_word' id='word_1_298' title='bbox 312 2850 542 2921; x_wconf 75' lang='grc' dir='ltr'><strong>σθητον·</strong></span> <span class='ocrx_word' id='word_1_299' title='bbox 593 2848 805 2902; x_wconf 68' lang='grc' dir='ltr'><strong>ἐκεῖθεν</strong></span> <span class='ocrx_word' id='word_1_300' title='bbox 850 2845 908 2899; x_wconf 85' lang='grc' dir='ltr'><strong>δὲ</strong></span> <span class='ocrx_word' id='word_1_301' title='bbox 948 2844 1108 2898; x_wconf 78' lang='grc' dir='ltr'><strong>πάλιν</strong></span> <span class='ocrx_word' id='word_1_302' title='bbox 1172 2843 1311 2916; x_wconf 76' lang='grc' dir='ltr'><strong>πρὸς</strong></span> <span class='ocrx_word' id='word_1_303' title='bbox 1358 2842 1459 2913; x_wconf 85' lang='grc' dir='ltr'><strong>τὴν</strong></span> <span class='ocrx_word' id='word_1_304' title='bbox 1485 2840 1562 2913; x_wconf 88' lang='grc'>(7)</span> <span class='ocrx_word' id='word_1_305' title='bbox 1599 2840 1889 2912; x_wconf 85' lang='grc' dir='ltr'><strong>ἀσώματον</strong></span> 
     </span>
    </p>
   </div>
   <div class='ocr_carea' id='block_1_41' title="bbox 309 2932 1890 3013">
    <p class='ocr_par' dir='ltr' id='par_1_41' title="bbox 309 2932 1890 3013">
     <span class='ocr_line' id='line_1_41' title="bbox 309 2932 1890 3013; baseline -0.008 -15"><span class='ocrx_word' id='word_1_306' title='bbox 309 2942 623 3013; x_wconf 72' lang='grc' dir='ltr'><strong>ἀνατρέχει,</strong></span> <span class='ocrx_word' id='word_1_307' title='bbox 675 2939 829 2993; x_wconf 76' lang='grc' dir='ltr'><strong>οὐδὲν</strong></span> <span class='ocrx_word' id='word_1_308' title='bbox 860 2938 1048 3009; x_wconf 67' lang='grc' dir='ltr'><strong>ἕτερον</strong></span> <span class='ocrx_word' id='word_1_309' title='bbox 1078 2935 1112 3006; x_wconf 83' lang='grc' dir='ltr'>ἤ</span> <span class='ocrx_word' id='word_1_310' title='bbox 1140 2934 1453 3005; x_wconf 78' lang='grc' dir='ltr'><strong>ἀδιάκριτος</strong></span> <span class='ocrx_word' id='word_1_311' title='bbox 1483 2934 1670 2987; x_wconf 81' lang='grc' dir='ltr'><strong>κακῶν</strong></span> <span class='ocrx_word' id='word_1_312' title='bbox 1705 2949 1767 2985; x_wconf 88' lang='grc' dir='ltr'><strong>τε</strong></span> <span class='ocrx_word' id='word_1_313' title='bbox 1794 2932 1890 2987; x_wconf 73' lang='grc' dir='ltr'><strong>καὶ</strong></span> 
     </span>
    </p>
   </div>
   <div class='ocr_carea' id='block_1_42' title="bbox 310 3024 1891 3105">
    <p class='ocr_par' dir='ltr' id='par_1_42' title="bbox 310 3024 1891 3105">
     <span class='ocr_line' id='line_1_42' title="bbox 310 3024 1891 3105; baseline -0.009 -14"><span class='ocrx_word' id='word_1_314' title='bbox 310 3034 533 3105; x_wconf 69' lang='grc' dir='ltr'><strong>ἀγαθῶν</strong></span> <span class='ocrx_word' id='word_1_315' title='bbox 588 3035 847 3102; x_wconf 80' lang='grc' dir='ltr'><strong>σύγχυσις</strong></span> <span class='ocrx_word' id='word_1_316' title='bbox 896 3028 1046 3100; x_wconf 80' lang='grc' dir='ltr'><strong>παρὰ</strong></span> <span class='ocrx_word' id='word_1_317' title='bbox 1089 3029 1203 3091; x_wconf 85' lang='grc' dir='ltr'><strong>τοῖς</strong></span> <span class='ocrx_word' id='word_1_318' title='bbox 1260 3025 1435 3081; x_wconf 79' lang='grc' dir='ltr'><strong>ταῦτα</strong></span> <span class='ocrx_word' id='word_1_319' title='bbox 1475 3024 1891 3097; x_wconf 83' lang='grc' dir='ltr'><strong>δογματίζουσιν</strong></span> 
     </span>
    </p>
   </div>
   <div class='ocr_carea' id='block_1_43' title="bbox 309 3114 1888 3193">
    <p class='ocr_par' dir='ltr' id='par_1_43' title="bbox 309 3114 1888 3193">
     <span class='ocr_line' id='line_1_43' title="bbox 309 3114 1888 3193; baseline -0.009 -11"><span class='ocrx_word' id='word_1_320' title='bbox 309 3118 636 3182; x_wconf 50' lang='lat' dir='ltr'><strong>omnem.</strong></span> <span class='ocrx_word' id='word_1_321' title='bbox 668 3122 805 3177; x_wconf 76' lang='grc' dir='ltr'><strong>Οὔτε</strong></span> <span class='ocrx_word' id='word_1_322' title='bbox 828 3122 938 3193; x_wconf 78' lang='grc' dir='ltr'><strong>γὰρ</strong></span> <span class='ocrx_word' id='word_1_323' title='bbox 965 3119 1247 3192; x_wconf 79' lang='grc' dir='ltr'><strong>ἠούρανία</strong></span> <span class='ocrx_word' id='word_1_324' title='bbox 1261 3115 1504 3188; x_wconf 83' lang='grc' dir='ltr'><strong>διαγωγὴ</strong></span> <span class='ocrx_word' id='word_1_325' title='bbox 1538 3118 1595 3171; x_wconf 83' lang='grc' dir='ltr'><strong>ὲν</strong></span> <span class='ocrx_word' id='word_1_326' title='bbox 1615 3114 1693 3187; x_wconf 82' lang='grc' dir='ltr'><strong>τῷ</strong></span> <span class='ocrx_word' id='word_1_327' title='bbox 1712 3131 1888 3187; x_wconf 86' lang='grc' dir='ltr'><strong>μακα-</strong></span> 
     </span>
    </p>
   </div>
   <div class='ocr_carea' id='block_1_44' title="bbox 1989 1930 3677 2015">
    <p class='ocr_par' dir='ltr' id='par_1_44' title="bbox 1989 1930 3677 2015">
     <span class='ocr_line' id='line_1_44' title="bbox 1989 1930 3677 2015; baseline -0.001 -30"><span class='ocrx_word' id='word_1_328' title='bbox 1989 1930 2159 1985; x_wconf 88' lang='lat' dir='ltr'><strong>criter</strong></span> <span class='ocrx_word' id='word_1_329' title='bbox 2199 1931 2498 1987; x_wconf 80' lang='lat' dir='ltr'><strong>exercitato</strong></span> <span class='ocrx_word' id='word_1_330' title='bbox 2547 1931 2756 2001; x_wconf 84' lang='lat' dir='ltr'><strong>judicio</strong></span> <span class='ocrx_word' id='word_1_331' title='bbox 2814 1932 3040 1997; x_wconf 80' lang='lat' dir='ltr'><strong>fuerint,</strong></span> <span class='ocrx_word' id='word_1_332' title='bbox 3076 1948 3142 1988; x_wconf 81' lang='lat' dir='ltr'><strong>ex</strong></span> <span class='ocrx_word' id='word_1_333' title='bbox 3205 1932 3386 2001; x_wconf 85' lang='lat' dir='ltr'><strong>seipsa</strong></span> <span class='ocrx_word' id='word_1_334' title='bbox 3416 1931 3575 1985; x_wconf 80' lang='lat' dir='ltr'><strong>facile</strong></span> <span class='ocrx_word' id='word_1_335' title='bbox 3667 2004 3677 2015; x_wconf 41' lang='lat'><strong><em>.</em></strong></span> 
     </span>
    </p>
   </div>
   <div class='ocr_carea' id='block_1_45' title="bbox 1988 2023 3574 2093">
    <p class='ocr_par' dir='ltr' id='par_1_45' title="bbox 1988 2023 3574 2093">
     <span class='ocr_line' id='line_1_45' title="bbox 1988 2023 3574 2093; baseline -0.001 -14"><span class='ocrx_word' id='word_1_336' title='bbox 1988 2023 2435 2093; x_wconf 78' lang='lat' dir='ltr'><strong>deprehenditur,</strong></span> <span class='ocrx_word' id='word_1_337' title='bbox 2460 2025 2672 2079; x_wconf 90' lang='lat' dir='ltr'><strong>nullum</strong></span> <span class='ocrx_word' id='word_1_338' title='bbox 2708 2026 2762 2079; x_wconf 92' lang='lat' dir='ltr'><strong>in</strong></span> <span class='ocrx_word' id='word_1_339' title='bbox 2795 2041 2918 2081; x_wconf 92' lang='lat' dir='ltr'><strong>sese</strong></span> <span class='ocrx_word' id='word_1_340' title='bbox 2946 2025 3143 2080; x_wconf 83' lang='lat' dir='ltr'><strong>stabile</strong></span> <span class='ocrx_word' id='word_1_341' title='bbox 3177 2024 3574 2079; x_wconf 84' lang='lat' dir='ltr'><strong>ﬁrmamentum</strong></span> 
     </span>
    </p>
   </div>
   <div class='ocr_carea' id='block_1_46' title="bbox 1989 2114 3591 2187">
    <p class='ocr_par' dir='ltr' id='par_1_46' title="bbox 1989 2114 3591 2187">
     <span class='ocr_line' id='line_1_46' title="bbox 1989 2114 3591 2187; baseline -0.002 -17"><span class='ocrx_word' id='word_1_342' title='bbox 1989 2115 2210 2170; x_wconf 89' lang='lat' dir='ltr'><strong>habere.</strong></span> <span class='ocrx_word' id='word_1_343' title='bbox 2244 2114 2380 2168; x_wconf 85' lang='lat' dir='ltr'><strong>Nam</strong></span> <span class='ocrx_word' id='word_1_344' title='bbox 2414 2115 2462 2170; x_wconf 92' lang='lat' dir='ltr'><strong>si</strong></span> <span class='ocrx_word' id='word_1_345' title='bbox 2501 2129 2532 2168; x_wconf 90' lang='lat' dir='ltr'><strong>a</strong></span> <span class='ocrx_word' id='word_1_346' title='bbox 2591 2116 2804 2173; x_wconf 66' lang='lat' dir='ltr'><strong>caelesti</strong></span> <span class='ocrx_word' id='word_1_347' title='bbox 2858 2117 2970 2172; x_wconf 89' lang='lat' dir='ltr'><strong>vita</strong></span> <span class='ocrx_word' id='word_1_348' title='bbox 3024 2124 3248 2187; x_wconf 89' lang='lat' dir='ltr'><strong>propter</strong></span> <span class='ocrx_word' id='word_1_349' title='bbox 3299 2115 3489 2169; x_wconf 85' lang='lat' dir='ltr'><strong>vitium</strong></span> <span class='ocrx_word' id='word_1_350' title='bbox 3522 2124 3591 2168; x_wconf 82' lang='lat' dir='ltr'><strong>et~</strong></span> 
     </span>
    </p>
   </div>
   <div class='ocr_carea' id='block_1_47' title="bbox 1988 2204 3579 2278">
    <p class='ocr_par' dir='ltr' id='par_1_47' title="bbox 1988 2204 3579 2278">
     <span class='ocr_line' id='line_1_47' title="bbox 1988 2204 3579 2278; baseline -0.001 -17"><span class='ocrx_word' id='word_1_351' title='bbox 1988 2206 2291 2278; x_wconf 89' lang='lat' dir='ltr'><strong>nequitiam</strong></span> <span class='ocrx_word' id='word_1_352' title='bbox 2322 2204 2391 2259; x_wconf 90' lang='lat' dir='ltr'><strong>ad</strong></span> <span class='ocrx_word' id='word_1_353' title='bbox 2422 2207 2656 2277; x_wconf 83' lang='lat' dir='ltr'><strong>ligneam</strong></span> <span class='ocrx_word' id='word_1_354' title='bbox 2715 2208 2886 2263; x_wconf 86' lang='lat' dir='ltr'><strong>vitam</strong></span> <span class='ocrx_word' id='word_1_355' title='bbox 2915 2209 3097 2263; x_wconf 88' lang='lat' dir='ltr'><strong>anima</strong></span> <span class='ocrx_word' id='word_1_356' title='bbox 3132 2207 3476 2274; x_wconf 86' lang='lat' dir='ltr'><strong>detrahitur;</strong></span> <span class='ocrx_word' id='word_1_357' title='bbox 3511 2207 3579 2261; x_wconf 85' lang='lat' dir='ltr'><strong>ab</strong></span> 
     </span>
    </p>
   </div>
   <div class='ocr_carea' id='block_1_48' title="bbox 1987 2299 3578 2371">
    <p class='ocr_par' dir='ltr' id='par_1_48' title="bbox 1987 2299 3578 2371">
     <span class='ocr_line' id='line_1_48' title="bbox 1987 2299 3578 2371; baseline -0.002 -14"><span class='ocrx_word' id='word_1_358' title='bbox 1987 2316 2051 2357; x_wconf 90' lang='lat' dir='ltr'><strong>ea</strong></span> <span class='ocrx_word' id='word_1_359' title='bbox 2098 2315 2231 2357; x_wconf 90' lang='lat' dir='ltr'><strong>vero</strong></span> <span class='ocrx_word' id='word_1_360' title='bbox 2294 2315 2490 2356; x_wconf 89' lang='lat' dir='ltr'><strong>rursus</strong></span> <span class='ocrx_word' id='word_1_361' title='bbox 2533 2307 2758 2371; x_wconf 88' lang='lat' dir='ltr'><strong>propter</strong></span> <span class='ocrx_word' id='word_1_362' title='bbox 2789 2301 3048 2355; x_wconf 87' lang='lat' dir='ltr'><strong>virtutem</strong></span> <span class='ocrx_word' id='word_1_363' title='bbox 3080 2299 3145 2353; x_wconf 90' lang='lat' dir='ltr'><strong>ad</strong></span> <span class='ocrx_word' id='word_1_364' title='bbox 3185 2299 3462 2356; x_wconf 73' lang='lat' dir='ltr'><strong>caelestem</strong></span> <span class='ocrx_word' id='word_1_365' title='bbox 3488 2314 3578 2354; x_wconf 86' lang='lat' dir='ltr'><strong>re-</strong></span> 
     </span>
    </p>
   </div>
   <div class='ocr_carea' id='block_1_49' title="bbox 1988 2390 3577 2463">
    <p class='ocr_par' dir='ltr' id='par_1_49' title="bbox 1988 2390 3577 2463">
     <span class='ocr_line' id='line_1_49' title="bbox 1988 2390 3577 2463; baseline -0.002 -15"><span class='ocrx_word' id='word_1_366' title='bbox 1988 2393 2185 2456; x_wconf 90' lang='lat' dir='ltr'><strong>currit,</strong></span> <span class='ocrx_word' id='word_1_367' title='bbox 2220 2392 2495 2463; x_wconf 85' lang='lat' dir='ltr'><strong>reperitur</strong></span> <span class='ocrx_word' id='word_1_368' title='bbox 2540 2407 2733 2446; x_wconf 92' lang='lat' dir='ltr'><strong>eorum</strong></span> <span class='ocrx_word' id='word_1_369' title='bbox 2777 2392 2959 2447; x_wconf 78' lang='lat' dir='ltr'><strong>oratio</strong></span> <span class='ocrx_word' id='word_1_370' title='bbox 2994 2391 3248 2447; x_wconf 89' lang='lat' dir='ltr'><strong>dubitare</strong></span> <span class='ocrx_word' id='word_1_371' title='bbox 3268 2390 3398 2461; x_wconf 91' lang='lat' dir='ltr'><strong>quid</strong></span> <span class='ocrx_word' id='word_1_372' title='bbox 3437 2405 3577 2460; x_wconf 81' lang='lat' dir='ltr'><strong>prae-</strong></span> 
     </span>
    </p>
   </div>
   <div class='ocr_carea' id='block_1_50' title="bbox 1987 2482 3581 2554">
    <p class='ocr_par' dir='ltr' id='par_1_50' title="bbox 1987 2482 3581 2554">
     <span class='ocr_line' id='line_1_50' title="bbox 1987 2482 3581 2554; baseline -0.004 -12"><span class='ocrx_word' id='word_1_373' title='bbox 1987 2484 2263 2549; x_wconf 84' lang='lat' dir='ltr'><strong>stabilius,</strong></span> <span class='ocrx_word' id='word_1_374' title='bbox 2296 2484 2599 2554; x_wconf 79' lang='lat' dir='ltr'><strong>magisque</strong></span> <span class='ocrx_word' id='word_1_375' title='bbox 2620 2482 3015 2554; x_wconf 67' lang='lat' dir='ltr'><strong>prazferendum</strong></span> <span class='ocrx_word' id='word_1_376' title='bbox 3066 2489 3239 2553; x_wconf 88' lang='lat' dir='ltr'><strong>putet,</strong></span> <span class='ocrx_word' id='word_1_377' title='bbox 3270 2482 3581 2553; x_wconf 70' lang='lat' dir='ltr'><strong>ligneam-ie</strong></span> 
     </span>
    </p>
   </div>
   <div class='ocr_carea' id='block_1_51' title="bbox 1986 2574 3581 2645">
    <p class='ocr_par' dir='ltr' id='par_1_51' title="bbox 1986 2574 3581 2645">
     <span class='ocr_line' id='line_1_51' title="bbox 1986 2574 3581 2645; baseline -0.001 -15"><span class='ocrx_word' id='word_1_378' title='bbox 1986 2592 2054 2631; x_wconf 89' lang='lat' dir='ltr'><strong>an</strong></span> <span class='ocrx_word' id='word_1_379' title='bbox 2078 2576 2357 2632; x_wconf 74' lang='lat' dir='ltr'><strong>cmlestem</strong></span> <span class='ocrx_word' id='word_1_380' title='bbox 2387 2576 2576 2629; x_wconf 88' lang='lat' dir='ltr'><strong>vitam.</strong></span> <span class='ocrx_word' id='word_1_381' title='bbox 2606 2574 2885 2631; x_wconf 81' lang='lat' dir='ltr'><strong>Circuitus</strong></span> <span class='ocrx_word' id='word_1_382' title='bbox 2954 2575 3099 2629; x_wconf 81' lang='lat' dir='ltr'><strong>enim</strong></span> <span class='ocrx_word' id='word_1_383' title='bbox 3154 2583 3208 2630; x_wconf 91' lang='lat' dir='ltr'><strong>et</strong></span> <span class='ocrx_word' id='word_1_384' title='bbox 3234 2574 3395 2645; x_wconf 89' lang='lat' dir='ltr'><strong>quasi</strong></span> <span class='ocrx_word' id='word_1_385' title='bbox 3428 2574 3581 2629; x_wconf 82' lang='lat' dir='ltr'><strong>Orbis</strong></span> 
     </span>
    </p>
   </div>
   <div class='ocr_carea' id='block_1_52' title="bbox 1985 2654 3580 2740">
    <p class='ocr_par' dir='ltr' id='par_1_52' title="bbox 1985 2654 3580 2740">
     <span class='ocr_line' id='line_1_52' title="bbox 1985 2654 3580 2740; baseline -0.003 -17"><span class='ocrx_word' id='word_1_386' title='bbox 1985 2654 2206 2740; x_wconf 79' lang='lat' dir='ltr'><strong>quidam</strong></span> <span class='ocrx_word' id='word_1_387' title='bbox 2224 2666 2437 2737; x_wconf 88' lang='lat' dir='ltr'><strong>est,qui</strong></span> <span class='ocrx_word' id='word_1_388' title='bbox 2463 2681 2560 2737; x_wconf 90' lang='lat' dir='ltr'><strong>per</strong></span> <span class='ocrx_word' id='word_1_389' title='bbox 2584 2666 2783 2722; x_wconf 86' lang='lat' dir='ltr'><strong>similia</strong></span> <span class='ocrx_word' id='word_1_390' title='bbox 2808 2666 3086 2737; x_wconf 82' lang='lat' dir='ltr'><strong>peragitur</strong></span> <span class='ocrx_word' id='word_1_391' title='bbox 3100 2674 3265 2736; x_wconf 85' lang='lat' dir='ltr'><strong>atque</strong></span> <span class='ocrx_word' id='word_1_392' title='bbox 3291 2665 3580 2720; x_wconf 79' lang='lat' dir='ltr'><strong>conﬁcitur</strong></span> 
     </span>
    </p>
   </div>
   <div class='ocr_carea' id='block_1_53' title="bbox 1986 2756 3584 2829">
    <p class='ocr_par' dir='ltr' id='par_1_53' title="bbox 1986 2756 3584 2829">
     <span class='ocr_line' id='line_1_53' title="bbox 1986 2756 3584 2829; baseline -0.003 -17"><span class='ocrx_word' id='word_1_393' title='bbox 1986 2760 2166 2814; x_wconf 88' lang='lat' dir='ltr'><strong>anima</strong></span> <span class='ocrx_word' id='word_1_394' title='bbox 2182 2774 2418 2829; x_wconf 87' lang='lat' dir='ltr'><strong>semper.</strong></span> <span class='ocrx_word' id='word_1_395' title='bbox 2438 2758 2751 2828; x_wconf 90' lang='lat' dir='ltr'><strong>ubicunque</strong></span> <span class='ocrx_word' id='word_1_396' title='bbox 2774 2757 2960 2821; x_wconf 79' lang='lat' dir='ltr'><strong>fuerit,</strong></span> <span class='ocrx_word' id='word_1_397' title='bbox 2981 2756 3190 2812; x_wconf 84' lang='lat' dir='ltr'><strong>nullum</strong></span> <span class='ocrx_word' id='word_1_398' title='bbox 3227 2756 3439 2810; x_wconf 84' lang='lat' dir='ltr'><strong>ﬁrmum</strong></span> <span class='ocrx_word' id='word_1_399' title='bbox 3460 2769 3584 2810; x_wconf 88' lang='lat' dir='ltr'><strong>cer-</strong></span> 
     </span>
    </p>
   </div>
   <div class='ocr_carea' id='block_1_54' title="bbox 1987 2843 3582 2920">
    <p class='ocr_par' dir='ltr' id='par_1_54' title="bbox 1987 2843 3582 2920">
     <span class='ocr_line' id='line_1_54' title="bbox 1987 2843 3582 2920; baseline -0.006 -15"><span class='ocrx_word' id='word_1_400' title='bbox 1987 2859 2211 2920; x_wconf 88' lang='lat' dir='ltr'><strong>tumque</strong></span> <span class='ocrx_word' id='word_1_401' title='bbox 2236 2846 2575 2904; x_wconf 87' lang='lat' dir='ltr'><strong>consistendi</strong></span> <span class='ocrx_word' id='word_1_402' title='bbox 2598 2846 2778 2901; x_wconf 89' lang='lat' dir='ltr'><strong>locum</strong></span> <span class='ocrx_word' id='word_1_403' title='bbox 2807 2846 3064 2901; x_wconf 89' lang='lat' dir='ltr'><strong>habente.</strong></span> <span class='ocrx_word' id='word_1_404' title='bbox 3082 2843 3217 2897; x_wconf 89' lang='lat' dir='ltr'><strong>Nam</strong></span> <span class='ocrx_word' id='word_1_405' title='bbox 3242 2844 3286 2899; x_wconf 90' lang='lat' dir='ltr'><strong>si</strong></span> <span class='ocrx_word' id='word_1_406' title='bbox 3308 2858 3373 2898; x_wconf 78' lang='lat' dir='ltr'><strong>ex</strong></span> <span class='ocrx_word' id='word_1_407' title='bbox 3397 2843 3582 2897; x_wconf 90' lang='lat' dir='ltr'><strong>incor-</strong></span> 
     </span>
    </p>
   </div>
   <div class='ocr_carea' id='block_1_55' title="bbox 1986 2935 3587 3012">
    <p class='ocr_par' dir='ltr' id='par_1_55' title="bbox 1986 2935 3587 3012">
     <span class='ocr_line' id='line_1_55' title="bbox 1986 2935 3587 3012; baseline -0.003 -17"><span class='ocrx_word' id='word_1_408' title='bbox 1986 2955 2150 3012; x_wconf 88' lang='lat' dir='ltr'><strong>porea</strong></span> <span class='ocrx_word' id='word_1_409' title='bbox 2167 2940 2275 2995; x_wconf 88' lang='lat' dir='ltr'><strong>vita</strong></span> <span class='ocrx_word' id='word_1_410' title='bbox 2292 2939 2360 2994; x_wconf 91' lang='lat' dir='ltr'><strong>ad</strong></span> <span class='ocrx_word' id='word_1_411' title='bbox 2374 2952 2691 3009; x_wconf 87' lang='lat' dir='ltr'><strong>corpoream</strong></span> <span class='ocrx_word' id='word_1_412' title='bbox 2706 2937 3050 3001; x_wconf 87' lang='lat' dir='ltr'><strong>delabitur,et</strong></span> <span class='ocrx_word' id='word_1_413' title='bbox 3063 2951 3129 2992; x_wconf 78' lang='lat' dir='ltr'><strong>ex</strong></span> <span class='ocrx_word' id='word_1_414' title='bbox 3144 2936 3236 2990; x_wconf 89' lang='lat' dir='ltr'><strong>illa</strong></span> <span class='ocrx_word' id='word_1_415' title='bbox 3253 2935 3319 2990; x_wconf 90' lang='lat' dir='ltr'><strong>ad</strong></span> <span class='ocrx_word' id='word_1_416' title='bbox 3334 2950 3451 2991; x_wconf 88' lang='lat' dir='ltr'><strong>eam</strong></span> <span class='ocrx_word' id='word_1_417' title='bbox 3466 2948 3587 3005; x_wconf 69' lang='lat' dir='ltr'><strong>qua:</strong></span> 
     </span>
    </p>
   </div>
   <div class='ocr_carea' id='block_1_56' title="bbox 1987 3026 3587 3100">
    <p class='ocr_par' dir='ltr' id='par_1_56' title="bbox 1987 3026 3587 3100">
     <span class='ocr_line' id='line_1_56' title="bbox 1987 3026 3587 3100; baseline -0.004 -12"><span class='ocrx_word' id='word_1_418' title='bbox 1987 3048 2150 3088; x_wconf 90' lang='lat' dir='ltr'><strong>sensu</strong></span> <span class='ocrx_word' id='word_1_419' title='bbox 2176 3039 2355 3099; x_wconf 88' lang='lat' dir='ltr'><strong>caret;</strong></span> <span class='ocrx_word' id='word_1_420' title='bbox 2374 3029 2777 3100; x_wconf 89' lang='lat' dir='ltr'><strong>itemqueillinc</strong></span> <span class='ocrx_word' id='word_1_421' title='bbox 2802 3044 2993 3083; x_wconf 91' lang='lat' dir='ltr'><strong>rursus</strong></span> <span class='ocrx_word' id='word_1_422' title='bbox 3009 3026 3077 3081; x_wconf 84' lang='lat' dir='ltr'><strong>ad</strong></span> <span class='ocrx_word' id='word_1_423' title='bbox 3100 3028 3477 3096; x_wconf 88' lang='lat' dir='ltr'><strong>incorpoream</strong></span> <span class='ocrx_word' id='word_1_424' title='bbox 3498 3041 3587 3081; x_wconf 85' lang='lat' dir='ltr'><strong>re-</strong></span> 
     </span>
    </p>
   </div>
   <div class='ocr_carea' id='block_1_57' title="bbox 1988 3117 3583 3188">
    <p class='ocr_par' dir='ltr' id='par_1_57' title="bbox 1988 3117 3583 3188">
     <span class='ocr_line' id='line_1_57' title="bbox 1988 3117 3583 3188; baseline -0.005 -10"><span class='ocrx_word' id='word_1_425' title='bbox 1988 3123 2179 3187; x_wconf 90' lang='lat' dir='ltr'><strong>currit,</strong></span> <span class='ocrx_word' id='word_1_426' title='bbox 2199 3122 2335 3177; x_wconf 85' lang='lat' dir='ltr'><strong>nihil</strong></span> <span class='ocrx_word' id='word_1_427' title='bbox 2352 3120 2499 3175; x_wconf 91' lang='lat' dir='ltr'><strong>aliud</strong></span> <span class='ocrx_word' id='word_1_428' title='bbox 2520 3120 2623 3175; x_wconf 82' lang='lat' dir='ltr'><strong>nisi</strong></span> <span class='ocrx_word' id='word_1_429' title='bbox 2641 3118 2960 3175; x_wconf 88' lang='lat' dir='ltr'><strong>indistincta</strong></span> <span class='ocrx_word' id='word_1_430' title='bbox 2981 3128 3141 3188; x_wconf 87' lang='lat' dir='ltr'><strong>atque</strong></span> <span class='ocrx_word' id='word_1_431' title='bbox 3158 3117 3452 3172; x_wconf 86' lang='lat' dir='ltr'><strong>indiscreta</strong></span> <span class='ocrx_word' id='word_1_432' title='bbox 3470 3122 3583 3170; x_wconf 89' lang='lat' dir='ltr'><strong>tum</strong></span> 
     </span>
    </p>
   </div>
   <div class='ocr_carea' id='block_1_58' title="bbox 314 3200 1896 3291">
    <p class='ocr_par' dir='ltr' id='par_1_58' title="bbox 314 3206 1890 3291">
     <span class='ocr_line' id='line_1_58' title="bbox 314 3206 1890 3291; baseline -0.008 -17"><span class='ocrx_word' id='word_1_433' title='bbox 314 3219 513 3291; x_wconf 78' lang='grc' dir='ltr'><strong>ρισμῷ.</strong></span> <span class='ocrx_word' id='word_1_434' title='bbox 545 3216 808 3288; x_wconf 79' lang='grc' dir='ltr'><strong>διαμένει,</strong></span> <span class='ocrx_word' id='word_1_435' title='bbox 853 3214 1013 3284; x_wconf 71' lang='grc' dir='ltr'><strong>εἴπερ</strong></span> <span class='ocrx_word' id='word_1_436' title='bbox 1066 3210 1235 3267; x_wconf 80' lang='grc' dir='ltr'><strong>κακία</strong></span> <span class='ocrx_word' id='word_1_437' title='bbox 1271 3209 1379 3263; x_wconf 84' lang='grc' dir='ltr'><strong>τῶν</strong></span> <span class='ocrx_word' id='word_1_438' title='bbox 1422 3210 1539 3263; x_wconf 75' lang='grc' dir='ltr'><strong>ἐκεῖ</strong></span> <span class='ocrx_word' id='word_1_439' title='bbox 1570 3206 1787 3272; x_wconf 80' lang='grc' dir='ltr'><strong>ζώντων</strong></span> <span class='ocrx_word' id='word_1_440' title='bbox 1813 3207 1890 3278; x_wconf 88' lang='grc'>(8)</span> 
     </span>
    </p>
   </div>
   <div class='ocr_carea' id='block_1_59' title="bbox 1994 3200 3588 3291">
    <p class='ocr_par' dir='ltr' id='par_1_59' title="bbox 1995 3207 3588 3278">
     <span class='ocr_line' id='line_1_59' title="bbox 1995 3207 3588 3278; baseline -0.007 -8"><span class='ocrx_word' id='word_1_441' title='bbox 1995 3215 2262 3270; x_wconf 89' lang='lat' dir='ltr'><strong>malorum</strong></span> <span class='ocrx_word' id='word_1_442' title='bbox 2296 3226 2408 3268; x_wconf 90' lang='lat' dir='ltr'><strong>tum</strong></span> <span class='ocrx_word' id='word_1_443' title='bbox 2440 3213 2706 3268; x_wconf 91' lang='lat' dir='ltr'><strong>bonorum</strong></span> <span class='ocrx_word' id='word_1_444' title='bbox 2733 3208 2986 3265; x_wconf 78' lang='lat' dir='ltr'><strong>confusio</strong></span> <span class='ocrx_word' id='word_1_445' title='bbox 3016 3208 3084 3262; x_wconf 91' lang='lat' dir='ltr'><strong>ab</strong></span> <span class='ocrx_word' id='word_1_446' title='bbox 3106 3207 3303 3278; x_wconf 88' lang='lat' dir='ltr'><strong>iis,qui</strong></span> <span class='ocrx_word' id='word_1_447' title='bbox 3332 3207 3445 3260; x_wconf 63' lang='lat' dir='ltr'><strong>hare</strong></span> <span class='ocrx_word' id='word_1_448' title='bbox 3472 3213 3588 3260; x_wconf 84' lang='lat' dir='ltr'><strong>tra-</strong></span> 
     </span>
    </p>
   </div>
   <div class='ocr_carea' id='block_1_60' title="bbox 312 3301 1893 3381">
    <p class='ocr_par' dir='ltr' id='par_1_60' title="bbox 312 3301 1893 3381">
     <span class='ocr_line' id='line_1_60' title="bbox 312 3301 1893 3381; baseline -0.011 -12"><span class='ocrx_word' id='word_1_449' title='bbox 312 3315 654 3369; x_wconf 79' lang='grc' dir='ltr'><strong>καθάπτεται</strong></span> <span class='ocrx_word' id='word_1_450' title='bbox 696 3309 774 3381; x_wconf 81' lang='grc'>(9)</span> <span class='ocrx_word' id='word_1_451' title='bbox 805 3326 820 3341; x_wconf 87' lang='grc'>·</span> <span class='ocrx_word' id='word_1_452' title='bbox 889 3306 1012 3361; x_wconf 75' lang='grc' dir='ltr'><strong>οὔτε</strong></span> <span class='ocrx_word' id='word_1_453' title='bbox 1045 3306 1114 3360; x_wconf 80' lang='grc' dir='ltr'><strong>τὰ</strong></span> <span class='ocrx_word' id='word_1_454' title='bbox 1144 3303 1277 3370; x_wconf 79' lang='grc' dir='ltr'><strong>ξύλα</strong></span> <span class='ocrx_word' id='word_1_455' title='bbox 1304 3305 1403 3375; x_wconf 83' lang='grc' dir='ltr'><strong>τῆς</strong></span> <span class='ocrx_word' id='word_1_456' title='bbox 1436 3302 1637 3373; x_wconf 83' lang='grc' dir='ltr'><strong>ἀρετῆς</strong></span> <span class='ocrx_word' id='word_1_457' title='bbox 1658 3301 1893 3372; x_wconf 83' lang='grc' dir='ltr'><strong>ἀμοιρή-</strong></span> 
     </span>
    </p>
   </div>
   <div class='ocr_carea' id='block_1_61' title="bbox 315 3392 1895 3478">
    <p class='ocr_par' dir='ltr' id='par_1_61' title="bbox 315 3392 1895 3478">
     <span class='ocr_line' id='line_1_61' title="bbox 315 3392 1895 3478; baseline -0.01 -17"><span class='ocrx_word' id='word_1_458' title='bbox 315 3424 399 3460; x_wconf 87' lang='grc' dir='ltr'><strong>σει</strong></span> <span class='ocrx_word' id='word_1_459' title='bbox 427 3406 566 3478; x_wconf 87' lang='grc'>(10),</span> <span class='ocrx_word' id='word_1_460' title='bbox 614 3402 775 3470; x_wconf 77' lang='grc' dir='ltr'><strong>εἴπερ</strong></span> <span class='ocrx_word' id='word_1_461' title='bbox 824 3398 1073 3455; x_wconf 77' lang='grc' dir='ltr'><strong>ἐντεῦθεν</strong></span> <span class='ocrx_word' id='word_1_462' title='bbox 1135 3396 1233 3469; x_wconf 78' lang='grc' dir='ltr'><strong>μὲν</strong></span> <span class='ocrx_word' id='word_1_463' title='bbox 1261 3397 1352 3449; x_wconf 76' lang='grc' dir='ltr'>ἐπὶ</span> <span class='ocrx_word' id='word_1_464' title='bbox 1392 3395 1455 3449; x_wconf 79' lang='grc' dir='ltr'><strong>τὸ</strong></span> <span class='ocrx_word' id='word_1_465' title='bbox 1477 3392 1680 3463; x_wconf 79' lang='grc' dir='ltr'><strong>ἀγαθὸν</strong></span> <span class='ocrx_word' id='word_1_466' title='bbox 1707 3392 1895 3447; x_wconf 85' lang='grc' dir='ltr'><strong>παλιν·</strong></span> 
     </span>
    </p>
   </div>
   <div class='ocr_carea' id='block_1_62' title="bbox 314 3484 1895 3571">
    <p class='ocr_par' dir='ltr' id='par_1_62' title="bbox 314 3484 1895 3571">
     <span class='ocr_line' id='line_1_62' title="bbox 314 3484 1895 3571; baseline -0.01 -18"><span class='ocrx_word' id='word_1_467' title='bbox 314 3500 537 3571; x_wconf 82' lang='grc' dir='ltr'><strong>δρομεῖν</strong></span> <span class='ocrx_word' id='word_1_468' title='bbox 562 3494 766 3550; x_wconf 82' lang='grc' dir='ltr'><strong>οἴονται</strong></span> <span class='ocrx_word' id='word_1_469' title='bbox 792 3493 895 3565; x_wconf 80' lang='grc' dir='ltr'><strong>τὴν</strong></span> <span class='ocrx_word' id='word_1_470' title='bbox 934 3490 1133 3563; x_wconf 81' lang='grc' dir='ltr'><strong>ψυχὴν,</strong></span> <span class='ocrx_word' id='word_1_471' title='bbox 1171 3488 1379 3543; x_wconf 76' lang='grc' dir='ltr'><strong>ἐκεῖθεν</strong></span> <span class='ocrx_word' id='word_1_472' title='bbox 1410 3487 1469 3541; x_wconf 83' lang='grc' dir='ltr'><strong>δὲ</strong></span> <span class='ocrx_word' id='word_1_473' title='bbox 1502 3486 1596 3540; x_wconf 81' lang='grc' dir='ltr'><strong>τοῦ</strong></span> <span class='ocrx_word' id='word_1_474' title='bbox 1627 3484 1770 3539; x_wconf 81' lang='grc' dir='ltr'><strong>κατὰ</strong></span> <span class='ocrx_word' id='word_1_475' title='bbox 1793 3500 1895 3538; x_wconf 88' lang='grc' dir='ltr'><strong>κα-</strong></span> 
     </span>
    </p>
   </div>
   <div class='ocr_carea' id='block_1_63' title="bbox 316 3575 1894 3659">
    <p class='ocr_par' dir='ltr' id='par_1_63' title="bbox 316 3575 1894 3659">
     <span class='ocr_line' id='line_1_63' title="bbox 316 3575 1894 3659; baseline -0.01 -15"><span class='ocrx_word' id='word_1_476' title='bbox 316 3591 443 3645; x_wconf 77' lang='grc' dir='ltr'><strong>κίαν</strong></span> <span class='ocrx_word' id='word_1_477' title='bbox 495 3584 827 3659; x_wconf 73' lang='grc' dir='ltr'><strong>ἀνάρχεσθαι</strong></span> <span class='ocrx_word' id='word_1_478' title='bbox 873 3583 1010 3653; x_wconf 93' lang='grc'>(11).</span> <span class='ocrx_word' id='word_1_479' title='bbox 1036 3582 1102 3635; x_wconf 79' lang='lat' dir='ltr'><strong>Ei</strong></span> <span class='ocrx_word' id='word_1_480' title='bbox 1127 3580 1234 3654; x_wconf 83' lang='grc' dir='ltr'><strong>γὰρ</strong></span> <span class='ocrx_word' id='word_1_481' title='bbox 1268 3581 1327 3634; x_wconf 83' lang='grc' dir='ltr'><strong>ὲν</strong></span> <span class='ocrx_word' id='word_1_482' title='bbox 1364 3577 1445 3650; x_wconf 79' lang='grc' dir='ltr'><strong>τῷ</strong></span> <span class='ocrx_word' id='word_1_483' title='bbox 1479 3575 1694 3650; x_wconf 83' lang='grc' dir='ltr'><strong>οὐρανῷ</strong></span> <span class='ocrx_word' id='word_1_484' title='bbox 1724 3575 1836 3647; x_wconf 73' lang='grc'>(12)</span> <span class='ocrx_word' id='word_1_485' title='bbox 1860 3577 1894 3647; x_wconf 83' lang='grc' dir='ltr'>ἡ</span> 
     </span>
    </p>
   </div>
   <div class='ocr_carea' id='block_1_64' title="bbox 316 3668 1898 3751">
    <p class='ocr_par' dir='ltr' id='par_1_64' title="bbox 316 3668 1898 3751">
     <span class='ocr_line' id='line_1_64' title="bbox 316 3668 1898 3751; baseline -0.008 -18"><span class='ocrx_word' id='word_1_486' title='bbox 316 3679 466 3751; x_wconf 74' lang='grc' dir='ltr'><strong>ψυχὴ</strong></span> <span class='ocrx_word' id='word_1_487' title='bbox 499 3671 982 3749; x_wconf 79' lang='grc' dir='ltr'><strong>συμπεριπολοῦσα</strong></span> <span class='ocrx_word' id='word_1_488' title='bbox 1021 3675 1087 3742; x_wconf 80' lang='grc' dir='ltr'><strong>τῇ</strong></span> <span class='ocrx_word' id='word_1_489' title='bbox 1134 3670 1305 3742; x_wconf 76' lang='grc' dir='ltr'><strong>κακίᾳ.</strong></span> <span class='ocrx_word' id='word_1_490' title='bbox 1355 3668 1752 3740; x_wconf 80' lang='grc' dir='ltr'><strong>συμπλέκεται,</strong></span> <span class='ocrx_word' id='word_1_491' title='bbox 1804 3668 1898 3722; x_wconf 76' lang='grc' dir='ltr'><strong>καὶ</strong></span> 
     </span>
    </p>
   </div>
   <div class='ocr_carea' id='block_1_65' title="bbox 316 3760 1898 3839">
    <p class='ocr_par' dir='ltr' id='par_1_65' title="bbox 316 3760 1898 3839">
     <span class='ocr_line' id='line_1_65' title="bbox 316 3760 1898 3839; baseline -0.008 -13"><span class='ocrx_word' id='word_1_492' title='bbox 316 3773 409 3826; x_wconf 68' lang='grc' dir='ltr'><strong>διὰ</strong></span> <span class='ocrx_word' id='word_1_493' title='bbox 444 3772 653 3839; x_wconf 84' lang='grc' dir='ltr'><strong>ταύτης</strong></span> <span class='ocrx_word' id='word_1_494' title='bbox 691 3768 785 3821; x_wconf 70' lang='grc' dir='ltr'><strong>ἐπὶ</strong></span> <span class='ocrx_word' id='word_1_495' title='bbox 817 3766 909 3820; x_wconf 80' lang='grc' dir='ltr'><strong>τὸν</strong></span> <span class='ocrx_word' id='word_1_496' title='bbox 948 3763 1122 3835; x_wconf 80' lang='grc' dir='ltr'><strong>ὑλώδη</strong></span> <span class='ocrx_word' id='word_1_497' title='bbox 1168 3762 1595 3817; x_wconf 84' lang='grc' dir='ltr'><strong>καθελκυσθεϊσα</strong></span> <span class='ocrx_word' id='word_1_498' title='bbox 1636 3760 1771 3831; x_wconf 83' lang='grc' dir='ltr'><strong>βίον,</strong></span> <span class='ocrx_word' id='word_1_499' title='bbox 1801 3760 1898 3814; x_wconf 73' lang='grc' dir='ltr'><strong>αν-</strong></span> 
     </span>
    </p>
   </div>
   <div class='ocr_carea' id='block_1_66' title="bbox 317 3853 1899 3927">
    <p class='ocr_par' dir='ltr' id='par_1_66' title="bbox 317 3853 1899 3927">
     <span class='ocr_line' id='line_1_66' title="bbox 317 3853 1899 3927; baseline -0.009 -8"><span class='ocrx_word' id='word_1_500' title='bbox 317 3864 547 3918; x_wconf 80' lang='grc' dir='ltr'><strong>ωθεῖται</strong></span> <span class='ocrx_word' id='word_1_501' title='bbox 599 3859 762 3913; x_wconf 69' lang='grc' dir='ltr'><strong>πάλιν</strong></span> <span class='ocrx_word' id='word_1_502' title='bbox 787 3856 1037 3913; x_wconf 74' lang='grc' dir='ltr'><strong>ἐντεῦθεν</strong></span> <span class='ocrx_word' id='word_1_503' title='bbox 1066 3856 1159 3909; x_wconf 76' lang='grc' dir='ltr'><strong>ἐπὶ</strong></span> <span class='ocrx_word' id='word_1_504' title='bbox 1210 3855 1309 3927; x_wconf 81' lang='grc' dir='ltr'><strong>τὴν</strong></span> <span class='ocrx_word' id='word_1_505' title='bbox 1340 3855 1400 3908; x_wconf 84' lang='grc' dir='ltr'><strong>ὲν</strong></span> <span class='ocrx_word' id='word_1_506' title='bbox 1422 3853 1547 3923; x_wconf 75' lang='grc' dir='ltr'><strong>ὕψει</strong></span> <span class='ocrx_word' id='word_1_507' title='bbox 1584 3853 1858 3923; x_wconf 83' lang='grc' dir='ltr'><strong>διαγωγήν</strong></span> <span class='ocrx_word' id='word_1_508' title='bbox 1884 3867 1899 3883; x_wconf 77' lang='grc' dir='ltr'><strong><em>ο</em></strong></span> 
     </span>
    </p>
   </div>
   <div class='ocr_carea' id='block_1_67' title="bbox 320 3942 1901 4026">
    <p class='ocr_par' dir='ltr' id='par_1_67' title="bbox 320 3942 1901 4026">
     <span class='ocr_line' id='line_1_67' title="bbox 320 3942 1901 4026; baseline -0.011 -15"><span class='ocrx_word' id='word_1_509' title='bbox 320 3955 439 4026; x_wconf 72' lang='grc' dir='ltr'><strong>ἄρα</strong></span> <span class='ocrx_word' id='word_1_510' title='bbox 462 3954 524 4006; x_wconf 75' lang='grc' dir='ltr'><strong>τδ</strong></span> <span class='ocrx_word' id='word_1_511' title='bbox 556 3951 785 4022; x_wconf 68' lang='grc' dir='ltr'><strong>ἔμπαλιν</strong></span> <span class='ocrx_word' id='word_1_512' title='bbox 805 3949 935 4021; x_wconf 83' lang='grc' dir='ltr'><strong>παρ’</strong></span> <span class='ocrx_word' id='word_1_513' title='bbox 958 3947 1184 4002; x_wconf 75' lang='grc' dir='ltr'><strong>ἐκείνων</strong></span> <span class='ocrx_word' id='word_1_514' title='bbox 1201 3943 1691 4009; x_wconf 80' lang='grc' dir='ltr'><strong>κατασκευάζεται,</strong></span> <span class='ocrx_word' id='word_1_515' title='bbox 1719 3942 1781 3996; x_wconf 80' lang='grc' dir='ltr'><strong>τδ</strong></span> <span class='ocrx_word' id='word_1_516' title='bbox 1802 3942 1901 4012; x_wconf 83' lang='grc' dir='ltr'><strong>τὴν</strong></span> 
     </span>
    </p>
   </div>
   <div class='ocr_carea' id='block_1_68' title="bbox 323 4033 1902 4121">
    <p class='ocr_par' dir='ltr' id='par_1_68' title="bbox 323 4033 1902 4121">
     <span class='ocr_line' id='line_1_68' title="bbox 323 4033 1902 4121; baseline -0.009 -19"><span class='ocrx_word' id='word_1_517' title='bbox 323 4047 436 4121; x_wconf 76' lang='grc' dir='ltr'><strong>μὲν</strong></span> <span class='ocrx_word' id='word_1_518' title='bbox 469 4044 663 4114; x_wconf 80' lang='grc' dir='ltr'><strong>ὑλικὴν</strong></span> <span class='ocrx_word' id='word_1_519' title='bbox 709 4042 845 4114; x_wconf 79' lang='grc' dir='ltr'><strong>ζωὴν</strong></span> <span class='ocrx_word' id='word_1_520' title='bbox 882 4040 1082 4104; x_wconf 78' lang='grc' dir='ltr'><strong>κακίας</strong></span> <span class='ocrx_word' id='word_1_521' title='bbox 1125 4034 1266 4093; x_wconf 79' lang='grc' dir='ltr'><strong>εῖναι</strong></span> <span class='ocrx_word' id='word_1_522' title='bbox 1299 4037 1567 4108; x_wconf 85' lang='grc' dir='ltr'><strong>κάθαρσιν</strong></span> <span class='ocrx_word' id='word_1_523' title='bbox 1613 4034 1762 4105; x_wconf 73' lang='grc'>(15),</span> <span class='ocrx_word' id='word_1_524' title='bbox 1804 4033 1902 4106; x_wconf 85' lang='grc' dir='ltr'><strong>τὴν</strong></span> 
     </span>
    </p>
   </div>
   <div class='ocr_carea' id='block_1_69' title="bbox 322 4128 1903 4207">
    <p class='ocr_par' dir='ltr' id='par_1_69' title="bbox 322 4128 1903 4207">
     <span class='ocr_line' id='line_1_69' title="bbox 322 4128 1903 4207; baseline -0.009 -13"><span class='ocrx_word' id='word_1_525' title='bbox 322 4141 380 4195; x_wconf 57' lang='grc' dir='ltr'>ἃ</span> <span class='ocrx_word' id='word_1_526' title='bbox 413 4135 630 4207; x_wconf 81' lang='grc' dir='ltr'><strong>ἀπλανῆ</strong></span> <span class='ocrx_word' id='word_1_527' title='bbox 655 4132 951 4206; x_wconf 75' lang='grc' dir='ltr'><strong>περιφορὰν</strong></span> <span class='ocrx_word' id='word_1_528' title='bbox 980 4131 1167 4186; x_wconf 86' lang='grc' dir='ltr'><strong>κακῶν</strong></span> <span class='ocrx_word' id='word_1_529' title='bbox 1195 4130 1436 4203; x_wconf 79' lang='grc' dir='ltr'><strong>ἀρχηγὸν</strong></span> <span class='ocrx_word' id='word_1_530' title='bbox 1463 4131 1558 4184; x_wconf 83' lang='grc' dir='ltr'><strong>καὶ</strong></span> <span class='ocrx_word' id='word_1_531' title='bbox 1574 4128 1753 4183; x_wconf 75' lang='grc' dir='ltr'><strong>αἰτίαν</strong></span> <span class='ocrx_word' id='word_1_532' title='bbox 1781 4129 1903 4190; x_wconf 84' lang='grc' dir='ltr'><strong>ταῖς</strong></span> 
     </span>
    </p>
   </div>
   <div class='ocr_carea' id='block_1_70' title="bbox 324 4218 1906 4303">
    <p class='ocr_par' dir='ltr' id='par_1_70' title="bbox 324 4218 1906 4303">
     <span class='ocr_line' id='line_1_70' title="bbox 324 4218 1906 4303; baseline -0.008 -19"><span class='ocrx_word' id='word_1_533' title='bbox 324 4230 528 4303; x_wconf 66' lang='grc' dir='ltr'><strong>ψυχαῖς</strong></span> <span class='ocrx_word' id='word_1_534' title='bbox 549 4226 817 4297; x_wconf 82' lang='grc' dir='ltr'><strong>γίνεσθαι,</strong></span> <span class='ocrx_word' id='word_1_535' title='bbox 844 4224 1005 4295; x_wconf 73' lang='grc' dir='ltr'><strong>εἴπερ</strong></span> <span class='ocrx_word' id='word_1_536' title='bbox 1032 4221 1284 4278; x_wconf 72' lang='grc' dir='ltr'><strong>ἐντεῦθεν</strong></span> <span class='ocrx_word' id='word_1_537' title='bbox 1313 4220 1426 4291; x_wconf 70' lang='grc'>(14)</span> <span class='ocrx_word' id='word_1_538' title='bbox 1448 4219 1514 4274; x_wconf 88' lang='grc' dir='ltr'><strong>δι’</strong></span> <span class='ocrx_word' id='word_1_539' title='bbox 1538 4218 1741 4291; x_wconf 79' lang='grc' dir='ltr'><strong>ἀρετῆς</strong></span> <span class='ocrx_word' id='word_1_540' title='bbox 1777 4234 1906 4272; x_wconf 82' lang='grc' dir='ltr'><strong>πτε-</strong></span> 
     </span>
    </p>
   </div>
   <div class='ocr_carea' id='block_1_71' title="bbox 1997 3298 3587 3375">
    <p class='ocr_par' dir='ltr' id='par_1_71' title="bbox 1997 3298 3587 3375">
     <span class='ocr_line' id='line_1_71' title="bbox 1997 3298 3587 3375; baseline -0.006 -13"><span class='ocrx_word' id='word_1_541' title='bbox 1997 3306 2156 3369; x_wconf 87' lang='lat' dir='ltr'><strong>dunt,</strong></span> <span class='ocrx_word' id='word_1_542' title='bbox 2186 3306 2411 3375; x_wconf 87' lang='lat' dir='ltr'><strong>ﬁngitur</strong></span> <span class='ocrx_word' id='word_1_543' title='bbox 2449 3311 2505 3359; x_wconf 91' lang='lat' dir='ltr'><strong>et</strong></span> <span class='ocrx_word' id='word_1_544' title='bbox 2534 3302 2901 3358; x_wconf 70' lang='lat' dir='ltr'><strong>existimatur.</strong></span> <span class='ocrx_word' id='word_1_545' title='bbox 2951 3298 3139 3369; x_wconf 86' lang='lat' dir='ltr'><strong>Neque</strong></span> <span class='ocrx_word' id='word_1_546' title='bbox 3162 3299 3305 3353; x_wconf 91' lang='lat' dir='ltr'><strong>enim</strong></span> <span class='ocrx_word' id='word_1_547' title='bbox 3341 3298 3587 3353; x_wconf 85' lang='lat' dir='ltr'><strong>ccelestis</strong></span> 
     </span>
    </p>
   </div>
   <div class='ocr_carea' id='block_1_72' title="bbox 1998 3388 3588 3464">
    <p class='ocr_par' dir='ltr' id='par_1_72' title="bbox 1998 3388 3588 3464">
     <span class='ocr_line' id='line_1_72' title="bbox 1998 3388 3588 3464; baseline -0.006 -11"><span class='ocrx_word' id='word_1_548' title='bbox 1998 3400 2107 3453; x_wconf 89' lang='lat' dir='ltr'><strong>vita</strong></span> <span class='ocrx_word' id='word_1_549' title='bbox 2149 3399 2205 3452; x_wconf 91' lang='lat' dir='ltr'><strong>in</strong></span> <span class='ocrx_word' id='word_1_550' title='bbox 2239 3394 2580 3453; x_wconf 83' lang='lat' dir='ltr'><strong>beatitudine</strong></span> <span class='ocrx_word' id='word_1_551' title='bbox 2609 3391 2970 3464; x_wconf 90' lang='lat' dir='ltr'><strong>permanebit,</strong></span> <span class='ocrx_word' id='word_1_552' title='bbox 3013 3389 3285 3461; x_wconf 87' lang='lat' dir='ltr'><strong>siquidem</strong></span> <span class='ocrx_word' id='word_1_553' title='bbox 3311 3388 3588 3444; x_wconf 83' lang='lat' dir='ltr'><strong>vitiositas</strong></span> 
     </span>
    </p>
   </div>
   <div class='ocr_carea' id='block_1_73' title="bbox 1997 3476 3589 3553">
    <p class='ocr_par' dir='ltr' id='par_1_73' title="bbox 1997 3476 3589 3553">
     <span class='ocr_line' id='line_1_73' title="bbox 1997 3476 3589 3553; baseline -0.006 -9"><span class='ocrx_word' id='word_1_554' title='bbox 1997 3489 2110 3544; x_wconf 91' lang='lat' dir='ltr'><strong>illic</strong></span> <span class='ocrx_word' id='word_1_555' title='bbox 2137 3489 2379 3543; x_wconf 81' lang='lat' dir='ltr'><strong>viventes</strong></span> <span class='ocrx_word' id='word_1_556' title='bbox 2413 3483 2622 3539; x_wconf 86' lang='lat' dir='ltr'><strong>invadit</strong></span> <span class='ocrx_word' id='word_1_557' title='bbox 2658 3501 2673 3539; x_wconf 78' lang='grc' dir='ltr'><strong>ι</strong></span> <span class='ocrx_word' id='word_1_558' title='bbox 2704 3496 2885 3553; x_wconf 82' lang='lat' dir='ltr'><strong>neque</strong></span> <span class='ocrx_word' id='word_1_559' title='bbox 2915 3480 3061 3551; x_wconf 84' lang='lat' dir='ltr'><strong>ligna</strong></span> <span class='ocrx_word' id='word_1_560' title='bbox 3118 3494 3183 3535; x_wconf 91' lang='lat' dir='ltr'><strong>ac</strong></span> <span class='ocrx_word' id='word_1_561' title='bbox 3220 3478 3443 3548; x_wconf 89' lang='lat' dir='ltr'><strong>stipites</strong></span> <span class='ocrx_word' id='word_1_562' title='bbox 3475 3476 3589 3534; x_wconf 58' lang='lat' dir='ltr'><strong>viro</strong></span> 
     </span>
    </p>
   </div>
   <div class='ocr_carea' id='block_1_74' title="bbox 1999 3569 3593 3648">
    <p class='ocr_par' dir='ltr' id='par_1_74' title="bbox 1999 3569 3593 3648">
     <span class='ocr_line' id='line_1_74' title="bbox 1999 3569 3593 3648; baseline -0.008 -14"><span class='ocrx_word' id='word_1_563' title='bbox 1999 3580 2133 3634; x_wconf 90' lang='lat' dir='ltr'><strong>tutis</strong></span> <span class='ocrx_word' id='word_1_564' title='bbox 2157 3584 2408 3648; x_wconf 78' lang='lat' dir='ltr'><strong>expertes</strong></span> <span class='ocrx_word' id='word_1_565' title='bbox 2433 3582 2615 3637; x_wconf 90' lang='lat' dir='ltr'><strong>erunt,</strong></span> <span class='ocrx_word' id='word_1_566' title='bbox 2638 3572 2906 3643; x_wconf 82' lang='lat' dir='ltr'><strong>siquidem</strong></span> <span class='ocrx_word' id='word_1_567' title='bbox 2930 3570 3061 3626; x_wconf 88' lang='lat' dir='ltr'><strong>hinc</strong></span> <span class='ocrx_word' id='word_1_568' title='bbox 3082 3569 3148 3625; x_wconf 88' lang='lat' dir='ltr'><strong>ad</strong></span> <span class='ocrx_word' id='word_1_569' title='bbox 3182 3569 3381 3624; x_wconf 90' lang='lat' dir='ltr'><strong>bonum</strong></span> <span class='ocrx_word' id='word_1_570' title='bbox 3406 3582 3593 3623; x_wconf 89' lang='lat' dir='ltr'><strong>recur-</strong></span> 
     </span>
    </p>
   </div>
   <div class='ocr_carea' id='block_1_75' title="bbox 2000 3656 3595 3734">
    <p class='ocr_par' dir='ltr' id='par_1_75' title="bbox 2000 3656 3595 3734">
     <span class='ocr_line' id='line_1_75' title="bbox 2000 3656 3595 3734; baseline -0.011 -7"><span class='ocrx_word' id='word_1_571' title='bbox 2000 3686 2142 3734; x_wconf 90' lang='lat' dir='ltr'><strong>rere,</strong></span> <span class='ocrx_word' id='word_1_572' title='bbox 2183 3669 2334 3724; x_wconf 91' lang='lat' dir='ltr'><strong>illinc</strong></span> <span class='ocrx_word' id='word_1_573' title='bbox 2379 3681 2511 3723; x_wconf 88' lang='lat' dir='ltr'><strong>vero</strong></span> <span class='ocrx_word' id='word_1_574' title='bbox 2539 3664 2747 3721; x_wconf 75' lang='lat' dir='ltr'><strong>vitiosae</strong></span> <span class='ocrx_word' id='word_1_575' title='bbox 2802 3663 2926 3718; x_wconf 76' lang='lat' dir='ltr'><strong>vitae</strong></span> <span class='ocrx_word' id='word_1_576' title='bbox 2954 3660 3169 3716; x_wconf 89' lang='lat' dir='ltr'><strong>initium</strong></span> <span class='ocrx_word' id='word_1_577' title='bbox 3214 3673 3433 3715; x_wconf 87' lang='lat' dir='ltr'><strong>sumere</strong></span> <span class='ocrx_word' id='word_1_578' title='bbox 3467 3656 3595 3712; x_wconf 89' lang='lat' dir='ltr'><strong>ani-</strong></span> 
     </span>
    </p>
   </div>
   <div class='ocr_carea' id='block_1_76' title="bbox 2000 3749 3594 3832">
    <p class='ocr_par' dir='ltr' id='par_1_76' title="bbox 2000 3749 3594 3832">
     <span class='ocr_line' id='line_1_76' title="bbox 2000 3749 3594 3832; baseline -0.011 -15"><span class='ocrx_word' id='word_1_579' title='bbox 2000 3777 2143 3817; x_wconf 89' lang='lat' dir='ltr'><strong>mam</strong></span> <span class='ocrx_word' id='word_1_580' title='bbox 2161 3768 2372 3832; x_wconf 91' lang='lat' dir='ltr'><strong>putant.</strong></span> <span class='ocrx_word' id='word_1_581' title='bbox 2395 3757 2529 3814; x_wconf 82' lang='lat' dir='ltr'><strong>Nam</strong></span> <span class='ocrx_word' id='word_1_582' title='bbox 2553 3756 2598 3812; x_wconf 91' lang='lat' dir='ltr'><strong>si</strong></span> <span class='ocrx_word' id='word_1_583' title='bbox 2626 3755 3086 3827; x_wconf 83' lang='lat' dir='ltr'><strong>anima,quaeuna</strong></span> <span class='ocrx_word' id='word_1_584' title='bbox 3105 3766 3230 3806; x_wconf 89' lang='lat' dir='ltr'><strong>cum</strong></span> <span class='ocrx_word' id='word_1_585' title='bbox 3248 3749 3387 3805; x_wconf 66' lang='lat' dir='ltr'><strong>coelo</strong></span> <span class='ocrx_word' id='word_1_586' title='bbox 3402 3762 3594 3803; x_wconf 88' lang='lat' dir='ltr'><strong>versa-</strong></span> 
     </span>
    </p>
   </div>
   <div class='ocr_carea' id='block_1_77' title="bbox 2001 3842 3596 3919">
    <p class='ocr_par' dir='ltr' id='par_1_77' title="bbox 2001 3842 3596 3919">
     <span class='ocr_line' id='line_1_77' title="bbox 2001 3842 3596 3919; baseline -0.011 -11"><span class='ocrx_word' id='word_1_587' title='bbox 2001 3862 2091 3908; x_wconf 91' lang='lat' dir='ltr'><strong>tur</strong></span> <span class='ocrx_word' id='word_1_588' title='bbox 2118 3866 2243 3908; x_wconf 88' lang='lat' dir='ltr'><strong>com</strong></span> <span class='ocrx_word' id='word_1_589' title='bbox 2275 3850 2409 3905; x_wconf 90' lang='lat' dir='ltr'><strong>vitio</strong></span> <span class='ocrx_word' id='word_1_590' title='bbox 2435 3860 2599 3919; x_wconf 92' lang='lat' dir='ltr'><strong>atque</strong></span> <span class='ocrx_word' id='word_1_591' title='bbox 2628 3844 2868 3916; x_wconf 87' lang='lat' dir='ltr'><strong>nequitia</strong></span> <span class='ocrx_word' id='word_1_592' title='bbox 2885 3842 3255 3907; x_wconf 82' lang='lat' dir='ltr'><strong>conﬂictatur,</strong></span> <span class='ocrx_word' id='word_1_593' title='bbox 3285 3854 3350 3894; x_wconf 89' lang='lat' dir='ltr'><strong>ac</strong></span> <span class='ocrx_word' id='word_1_594' title='bbox 3374 3847 3596 3909; x_wconf 62' lang='lat' dir='ltr'><strong>propter</strong></span> 
     </span>
    </p>
   </div>
   <div class='ocr_carea' id='block_1_78' title="bbox 2002 3929 3596 4000">
    <p class='ocr_par' dir='ltr' id='par_1_78' title="bbox 2002 3929 3596 4000">
     <span class='ocr_line' id='line_1_78' title="bbox 2002 3929 3596 4000; baseline -0.009 0"><span class='ocrx_word' id='word_1_595' title='bbox 2002 3943 2353 4000; x_wconf 86' lang='lat' dir='ltr'><strong>vitiositatem</strong></span> <span class='ocrx_word' id='word_1_596' title='bbox 2366 3941 2433 3996; x_wconf 90' lang='lat' dir='ltr'><strong>ad</strong></span> <span class='ocrx_word' id='word_1_597' title='bbox 2449 3938 2782 3995; x_wconf 85' lang='lat' dir='ltr'><strong>materialem</strong></span> <span class='ocrx_word' id='word_1_598' title='bbox 2796 3951 2861 3991; x_wconf 88' lang='lat' dir='ltr'><strong>ac</strong></span> <span class='ocrx_word' id='word_1_599' title='bbox 2873 3935 3177 3991; x_wconf 85' lang='lat' dir='ltr'><strong>silvestrem</strong></span> <span class='ocrx_word' id='word_1_600' title='bbox 3197 3933 3361 3987; x_wconf 90' lang='lat' dir='ltr'><strong>vitam</strong></span> <span class='ocrx_word' id='word_1_601' title='bbox 3374 3929 3596 3986; x_wconf 83' lang='lat' dir='ltr'><strong>detrusa</strong></span> 
     </span>
    </p>
   </div>
   <div class='ocr_carea' id='block_1_79' title="bbox 2005 4019 3595 4096">
    <p class='ocr_par' dir='ltr' id='par_1_79' title="bbox 2005 4019 3595 4096">
     <span class='ocr_line' id='line_1_79' title="bbox 2005 4019 3595 4096; baseline -0.011 -5"><span class='ocrx_word' id='word_1_602' title='bbox 2005 4050 2198 4090; x_wconf 90' lang='lat' dir='ltr'><strong>rursus</strong></span> <span class='ocrx_word' id='word_1_603' title='bbox 2213 4033 2340 4088; x_wconf 89' lang='lat' dir='ltr'><strong>hinc</strong></span> <span class='ocrx_word' id='word_1_604' title='bbox 2355 4030 2697 4092; x_wconf 77' lang='lat' dir='ltr'><strong>subvehitur,</strong></span> <span class='ocrx_word' id='word_1_605' title='bbox 2712 4034 2774 4081; x_wconf 89' lang='lat' dir='ltr'><strong>ut</strong></span> <span class='ocrx_word' id='word_1_606' title='bbox 2791 4027 2959 4081; x_wconf 90' lang='lat' dir='ltr'><strong>vitam</strong></span> <span class='ocrx_word' id='word_1_607' title='bbox 2980 4023 3140 4096; x_wconf 84' lang='lat' dir='ltr'><strong>degat</strong></span> <span class='ocrx_word' id='word_1_608' title='bbox 3158 4024 3212 4079; x_wconf 91' lang='lat' dir='ltr'><strong>in</strong></span> <span class='ocrx_word' id='word_1_609' title='bbox 3231 4019 3483 4078; x_wconf 88' lang='lat' dir='ltr'><strong>sublimi:</strong></span> <span class='ocrx_word' id='word_1_610' title='bbox 3504 4031 3595 4074; x_wconf 87' lang='lat' dir='ltr'><strong>res</strong></span> 
     </span>
    </p>
   </div>
   <div class='ocr_carea' id='block_1_80' title="bbox 2004 4112 3596 4198">
    <p class='ocr_par' dir='ltr' id='par_1_80' title="bbox 2004 4112 3596 4198">
     <span class='ocr_line' id='line_1_80' title="bbox 2004 4112 3596 4198; baseline -0.012 -16"><span class='ocrx_word' id='word_1_611' title='bbox 2004 4127 2263 4182; x_wconf 90' lang='lat' dir='ltr'><strong>nimirum</strong></span> <span class='ocrx_word' id='word_1_612' title='bbox 2280 4125 2496 4179; x_wconf 88' lang='lat' dir='ltr'><strong>inversa</strong></span> <span class='ocrx_word' id='word_1_613' title='bbox 2531 4121 2600 4176; x_wconf 92' lang='lat' dir='ltr'><strong>ab</strong></span> <span class='ocrx_word' id='word_1_614' title='bbox 2632 4120 2746 4176; x_wconf 89' lang='lat' dir='ltr'><strong>illis</strong></span> <span class='ocrx_word' id='word_1_615' title='bbox 2768 4118 3036 4175; x_wconf 88' lang='lat' dir='ltr'><strong>asseritur</strong></span> <span class='ocrx_word' id='word_1_616' title='bbox 3064 4124 3229 4187; x_wconf 87' lang='lat' dir='ltr'><strong>atque</strong></span> <span class='ocrx_word' id='word_1_617' title='bbox 3265 4112 3596 4198; x_wconf 52' lang='lat' dir='ltr'><strong>allirrnatur’</strong></span> 
     </span>
    </p>
   </div>
   <div class='ocr_carea' id='block_1_81' title="bbox 2007 4203 3595 4289">
    <p class='ocr_par' dir='ltr' id='par_1_81' title="bbox 2007 4203 3595 4289">
     <span class='ocr_line' id='line_1_81' title="bbox 2007 4203 3595 4289; baseline -0.013 -14"><span class='ocrx_word' id='word_1_618' title='bbox 2007 4234 2202 4289; x_wconf 91' lang='lat' dir='ltr'><strong>nempe</strong></span> <span class='ocrx_word' id='word_1_619' title='bbox 2218 4216 2365 4288; x_wconf 91' lang='lat' dir='ltr'><strong>quod</strong></span> <span class='ocrx_word' id='word_1_620' title='bbox 2388 4214 2686 4270; x_wconf 87' lang='lat' dir='ltr'><strong>materialis</strong></span> <span class='ocrx_word' id='word_1_621' title='bbox 2700 4210 2920 4283; x_wconf 90' lang='lat' dir='ltr'><strong>quidem</strong></span> <span class='ocrx_word' id='word_1_622' title='bbox 2938 4211 3046 4263; x_wconf 89' lang='lat' dir='ltr'><strong>vita</strong></span> <span class='ocrx_word' id='word_1_623' title='bbox 3074 4206 3386 4262; x_wconf 85' lang='lat' dir='ltr'><strong>vitiositatis</strong></span> <span class='ocrx_word' id='word_1_624' title='bbox 3403 4203 3595 4272; x_wconf 76' lang='lat' dir='ltr'><strong>expia-</strong></span> 
     </span>
    </p>
   </div>
   <div class='ocr_carea' id='block_1_82' title="bbox 329 4293 1896 4395">
    <p class='ocr_par' dir='ltr' id='par_1_82' title="bbox 329 4293 1896 4395">
     <span class='ocr_line' id='line_1_82' title="bbox 329 4293 1896 4395; baseline -0.006 -20"><span class='ocrx_word' id='word_1_625' title='bbox 329 4293 671 4395; x_wconf 59' lang='grc' dir='ltr'><strong>ροξυήσασαι</strong></span> <span class='ocrx_word' id='word_1_626' title='bbox 704 4293 1207 4388; x_wconf 62' lang='grc' dir='ltr'><strong>μετεωροττοροῦσιν</strong></span> <span class='ocrx_word' id='word_1_627' title='bbox 1255 4310 1393 4383; x_wconf 83' lang='lat' dir='ltr'><strong>(l5),</strong></span> <span class='ocrx_word' id='word_1_628' title='bbox 1440 4310 1650 4364; x_wconf 81' lang='grc' dir='ltr'><strong>ἐκεῖθεν</strong></span> <span class='ocrx_word' id='word_1_629' title='bbox 1686 4308 1799 4381; x_wconf 91' lang='grc'>(16)</span> <span class='ocrx_word' id='word_1_630' title='bbox 1849 4307 1896 4366; x_wconf 75' lang='grc' dir='ltr'><strong>δὲ</strong></span> 
     </span>
    </p>
   </div>
   <div class='ocr_carea' id='block_1_83' title="bbox 1994 4293 3597 4395">
    <p class='ocr_par' dir='ltr' id='par_1_83' title="bbox 2007 4293 3597 4366">
     <span class='ocr_line' id='line_1_83' title="bbox 2007 4293 3597 4366; baseline -0.013 0"><span class='ocrx_word' id='word_1_631' title='bbox 2007 4311 2200 4366; x_wconf 90' lang='lat' dir='ltr'><strong>tricem</strong></span> <span class='ocrx_word' id='word_1_632' title='bbox 2233 4308 2343 4364; x_wconf 87' lang='lat' dir='ltr'><strong>vim</strong></span> <span class='ocrx_word' id='word_1_633' title='bbox 2375 4305 2653 4362; x_wconf 89' lang='lat' dir='ltr'><strong>contineat</strong></span> <span class='ocrx_word' id='word_1_634' title='bbox 2684 4321 2698 4359; x_wconf 88' lang='lat'><strong>:</strong></span> <span class='ocrx_word' id='word_1_635' title='bbox 2736 4301 3015 4359; x_wconf 88' lang='lat' dir='ltr'><strong>stellarum</strong></span> <span class='ocrx_word' id='word_1_636' title='bbox 3044 4312 3176 4352; x_wconf 87' lang='lat' dir='ltr'><strong>vero</strong></span> <span class='ocrx_word' id='word_1_637' title='bbox 3230 4293 3597 4350; x_wconf 82' lang='lat' dir='ltr'><strong>inerrantium</strong></span> 
     </span>
    </p>
   </div>
   <div class='ocr_carea' id='block_1_84' title="bbox 327 4401 1908 4478">
    <p class='ocr_par' dir='ltr' id='par_1_84' title="bbox 327 4401 1908 4478">
     <span class='ocr_line' id='line_1_84' title="bbox 327 4401 1908 4478; baseline -0.01 -10"><span class='ocrx_word' id='word_1_638' title='bbox 327 4415 416 4468; x_wconf 70' lang='grc' dir='ltr'><strong>διὰ</strong></span> <span class='ocrx_word' id='word_1_639' title='bbox 455 4412 653 4476; x_wconf 84' lang='grc' dir='ltr'><strong>κακίας</strong></span> <span class='ocrx_word' id='word_1_640' title='bbox 697 4409 808 4463; x_wconf 83' lang='grc' dir='ltr'><strong>τῶν</strong></span> <span class='ocrx_word' id='word_1_641' title='bbox 845 4406 1063 4478; x_wconf 75' lang='grc' dir='ltr'><strong>πτερῶν</strong></span> <span class='ocrx_word' id='word_1_642' title='bbox 1112 4403 1484 4458; x_wconf 74' lang='grc' dir='ltr'><strong>ἐκπιπτόντων</strong></span> <span class='ocrx_word' id='word_1_643' title='bbox 1548 4401 1908 4473; x_wconf 80' lang='grc' dir='ltr'><strong>χαμαιπετεῖς</strong></span> 
     </span>
    </p>
   </div>
   <div class='ocr_carea' id='block_1_85' title="bbox 2009 4387 3601 4473">
    <p class='ocr_par' dir='ltr' id='par_1_85' title="bbox 2009 4387 3601 4473">
     <span class='ocr_line' id='line_1_85' title="bbox 2009 4387 3601 4473; baseline -0.013 -15"><span class='ocrx_word' id='word_1_644' title='bbox 2009 4403 2258 4473; x_wconf 77' lang='lat' dir='ltr'><strong>cmloque</strong></span> <span class='ocrx_word' id='word_1_645' title='bbox 2274 4398 2648 4455; x_wconf 64' lang='lat' dir='ltr'><strong>inharentiurn</strong></span> <span class='ocrx_word' id='word_1_646' title='bbox 2666 4394 2955 4453; x_wconf 87' lang='lat' dir='ltr'><strong>conversio</strong></span> <span class='ocrx_word' id='word_1_647' title='bbox 2974 4399 3137 4462; x_wconf 88' lang='lat' dir='ltr'><strong>atque</strong></span> <span class='ocrx_word' id='word_1_648' title='bbox 3164 4387 3452 4454; x_wconf 87' lang='lat' dir='ltr'><strong>revolutio,</strong></span> <span class='ocrx_word' id='word_1_649' title='bbox 3482 4400 3601 4440; x_wconf 86' lang='lat' dir='ltr'><strong>ma-</strong></span> 
     </span>
    </p>
   </div>
   <div class='ocr_carea' id='block_1_86' title="bbox 332 4478 1896 4590">
    <p class='ocr_par' dir='ltr' id='par_1_86' title="bbox 332 4492 1896 4576">
     <span class='ocr_line' id='line_1_86' title="bbox 332 4492 1896 4576; baseline -0.006 -19"><span class='ocrx_word' id='word_1_650' title='bbox 332 4504 612 4576; x_wconf 71' lang='grc' dir='ltr'><strong>πρὸσγειοι</strong></span> <span class='ocrx_word' id='word_1_651' title='bbox 673 4500 788 4572; x_wconf 79' lang='grc'>(17)</span> <span class='ocrx_word' id='word_1_652' title='bbox 829 4499 1093 4568; x_wconf 84' lang='grc' dir='ltr'><strong>γίνονται,</strong></span> <span class='ocrx_word' id='word_1_653' title='bbox 1133 4497 1198 4567; x_wconf 82' lang='grc' dir='ltr'><strong>τῇ</strong></span> <span class='ocrx_word' id='word_1_654' title='bbox 1246 4493 1518 4565; x_wconf 84' lang='grc' dir='ltr'><strong>παχύτητι</strong></span> <span class='ocrx_word' id='word_1_655' title='bbox 1568 4495 1668 4565; x_wconf 82' lang='grc' dir='ltr'><strong>τῆς</strong></span> <span class='ocrx_word' id='word_1_656' title='bbox 1721 4492 1896 4562; x_wconf 77' lang='grc' dir='ltr'><strong>ὑλικῆς</strong></span> 
     </span>
    </p>
   </div>
   <div class='ocr_carea' id='block_1_87' title="bbox 1994 4478 3603 4590">
    <p class='ocr_par' dir='ltr' id='par_1_87' title="bbox 2013 4478 3603 4562">
     <span class='ocr_line' id='line_1_87' title="bbox 2013 4478 3603 4562; baseline -0.013 -11"><span class='ocrx_word' id='word_1_657' title='bbox 2013 4497 2192 4553; x_wconf 91' lang='lat' dir='ltr'><strong>lorum</strong></span> <span class='ocrx_word' id='word_1_658' title='bbox 2230 4508 2398 4551; x_wconf 88' lang='lat' dir='ltr'><strong>causa</strong></span> <span class='ocrx_word' id='word_1_659' title='bbox 2431 4499 2596 4562; x_wconf 88' lang='lat' dir='ltr'><strong>atque</strong></span> <span class='ocrx_word' id='word_1_660' title='bbox 2627 4488 2955 4561; x_wconf 84' lang='lat' dir='ltr'><strong>principium</strong></span> <span class='ocrx_word' id='word_1_661' title='bbox 2976 4483 3264 4540; x_wconf 88' lang='lat' dir='ltr'><strong>animabus</strong></span> <span class='ocrx_word' id='word_1_662' title='bbox 3278 4480 3501 4540; x_wconf 80' lang='lat' dir='ltr'><strong>existat,</strong></span> <span class='ocrx_word' id='word_1_663' title='bbox 3526 4478 3603 4534; x_wconf 87' lang='lat' dir='ltr'><strong>si-</strong></span> 
     </span>
    </p>
   </div>
   <div class='ocr_carea' id='block_1_88' title="bbox 333 4583 1915 4667">
    <p class='ocr_par' dir='ltr' id='par_1_88' title="bbox 333 4583 1915 4667">
     <span class='ocr_line' id='line_1_88' title="bbox 333 4583 1915 4667; baseline -0.009 -16"><span class='ocrx_word' id='word_1_664' title='bbox 333 4594 807 4667; x_wconf 81' lang='grc' dir='ltr'><strong>καταμιγνύμεναι</strong></span> <span class='ocrx_word' id='word_1_665' title='bbox 839 4590 1072 4660; x_wconf 78' lang='grc' dir='ltr'><strong>φύσεως.</strong></span> <span class='ocrx_word' id='word_1_666' title='bbox 1103 4588 1213 4642; x_wconf 76' lang='grc' dir='ltr'><strong>Καὶ</strong></span> <span class='ocrx_word' id='word_1_667' title='bbox 1246 4587 1307 4639; x_wconf 82' lang='grc' dir='ltr'><strong>οὐ</strong></span> <span class='ocrx_word' id='word_1_668' title='bbox 1331 4585 1491 4657; x_wconf 82' lang='grc' dir='ltr'><strong>μέχρι</strong></span> <span class='ocrx_word' id='word_1_669' title='bbox 1530 4584 1735 4641; x_wconf 82' lang='grc' dir='ltr'><strong>τούτων</strong></span> <span class='ocrx_word' id='word_1_670' title='bbox 1772 4583 1915 4637; x_wconf 81' lang='grc' dir='ltr'><strong>ἵστα-</strong></span> 
     </span>
    </p>
   </div>
   <div class='ocr_carea' id='block_1_89' title="bbox 334 4674 1917 4753">
    <p class='ocr_par' dir='ltr' id='par_1_89' title="bbox 334 4674 1917 4753">
     <span class='ocr_line' id='line_1_89' title="bbox 334 4674 1917 4753; baseline -0.011 -8"><span class='ocrx_word' id='word_1_671' title='bbox 334 4704 422 4743; x_wconf 73' lang='grc' dir='ltr'><strong>ται</strong></span> <span class='ocrx_word' id='word_1_672' title='bbox 452 4688 561 4744; x_wconf 81' lang='grc' dir='ltr'><strong>τῶν</strong></span> <span class='ocrx_word' id='word_1_673' title='bbox 586 4686 844 4742; x_wconf 87' lang='grc' dir='ltr'><strong>τοιούτων</strong></span> <span class='ocrx_word' id='word_1_674' title='bbox 885 4683 1168 4753; x_wconf 78' lang='grc' dir='ltr'><strong>δογμάτων</strong></span> <span class='ocrx_word' id='word_1_675' title='bbox 1197 4681 1231 4751; x_wconf 86' lang='grc' dir='ltr'>ἡ</span> <span class='ocrx_word' id='word_1_676' title='bbox 1262 4678 1479 4745; x_wconf 85' lang='grc' dir='ltr'><strong>ἀτοπία,</strong></span> <span class='ocrx_word' id='word_1_677' title='bbox 1508 4676 1587 4749; x_wconf 87' lang='grc' dir='ltr'><strong>τῷ</strong></span> <span class='ocrx_word' id='word_1_678' title='bbox 1620 4674 1917 4748; x_wconf 87' lang='grc' dir='ltr'><strong>ἀντεστρά-</strong></span> 
     </span>
    </p>
   </div>
   <div class='ocr_carea' id='block_1_90' title="bbox 2019 4569 3602 4658">
    <p class='ocr_par' dir='ltr' id='par_1_90' title="bbox 2019 4569 3602 4658">
     <span class='ocr_line' id='line_1_90' title="bbox 2019 4569 3602 4658; baseline -0.011 -17"><span class='ocrx_word' id='word_1_679' title='bbox 2019 4585 2240 4658; x_wconf 89' lang='lat' dir='ltr'><strong>quidem</strong></span> <span class='ocrx_word' id='word_1_680' title='bbox 2302 4583 2433 4638; x_wconf 87' lang='lat' dir='ltr'><strong>hinc</strong></span> <span class='ocrx_word' id='word_1_681' title='bbox 2489 4595 2588 4653; x_wconf 91' lang='lat' dir='ltr'><strong>per</strong></span> <span class='ocrx_word' id='word_1_682' title='bbox 2620 4580 2876 4635; x_wconf 88' lang='lat' dir='ltr'><strong>virtutem</strong></span> <span class='ocrx_word' id='word_1_683' title='bbox 2927 4575 3044 4631; x_wconf 90' lang='lat' dir='ltr'><strong>alas</strong></span> <span class='ocrx_word' id='word_1_684' title='bbox 3090 4571 3301 4644; x_wconf 64' lang='lat' dir='ltr'><strong>adeptae</strong></span> <span class='ocrx_word' id='word_1_685' title='bbox 3343 4569 3602 4627; x_wconf 80' lang='lat' dir='ltr'><strong>sublimes</strong></span> 
     </span>
    </p>
   </div>
   <div class='ocr_carea' id='block_1_91' title="bbox 2025 4661 3602 4746">
    <p class='ocr_par' dir='ltr' id='par_1_91' title="bbox 2025 4661 3602 4746">
     <span class='ocr_line' id='line_1_91' title="bbox 2025 4661 3602 4746; baseline -0.013 -13"><span class='ocrx_word' id='word_1_686' title='bbox 2025 4678 2231 4733; x_wconf 88' lang='lat' dir='ltr'><strong>abeunt</strong></span> <span class='ocrx_word' id='word_1_687' title='bbox 2260 4683 2426 4746; x_wconf 90' lang='lat' dir='ltr'><strong>atque</strong></span> <span class='ocrx_word' id='word_1_688' title='bbox 2473 4671 2720 4728; x_wconf 67' lang='lat' dir='ltr'><strong>coelestia</strong></span> <span class='ocrx_word' id='word_1_689' title='bbox 2752 4666 3230 4739; x_wconf 88' lang='lat' dir='ltr'><strong>contemplantur;</strong></span> <span class='ocrx_word' id='word_1_690' title='bbox 3290 4661 3443 4717; x_wconf 89' lang='lat' dir='ltr'><strong>illinc</strong></span> <span class='ocrx_word' id='word_1_691' title='bbox 3470 4674 3602 4715; x_wconf 81' lang='lat' dir='ltr'><strong>vero</strong></span> 
     </span>
    </p>
   </div>
   <div class='ocr_carea' id='block_1_92' title="bbox 336 4749 1896 4853">
    <p class='ocr_par' dir='ltr' id='par_1_92' title="bbox 336 4749 1896 4853">
     <span class='ocr_line' id='line_1_92' title="bbox 336 4749 1896 4853; baseline -0.009 -18"><span class='ocrx_word' id='word_1_692' title='bbox 336 4782 465 4853; x_wconf 75' lang='grc' dir='ltr'><strong>φοαι</strong></span> <span class='ocrx_word' id='word_1_693' title='bbox 496 4780 608 4850; x_wconf 82' lang='lat' dir='ltr'><strong>(l8)</strong></span> <span class='ocrx_word' id='word_1_694' title='bbox 642 4777 780 4850; x_wconf 77' lang='grc' dir='ltr'><strong>πρὸς</strong></span> <span class='ocrx_word' id='word_1_695' title='bbox 801 4749 1111 4830; x_wconf 76' lang='grc' dir='ltr'><strong>τούναντίον</strong></span> <span class='ocrx_word' id='word_1_696' title='bbox 1134 4749 1233 4836; x_wconf 64' lang='grc' dir='ltr'><strong>τάξ</strong></span> <span class='ocrx_word' id='word_1_697' title='bbox 1258 4769 1575 4842; x_wconf 71' lang='grc' dir='ltr'><strong>ὑπολήψεις.</strong></span> <span class='ocrx_word' id='word_1_698' title='bbox 1627 4767 1763 4823; x_wconf 81' lang='grc' dir='ltr'><strong>Ἀλλ’</strong></span> <span class='ocrx_word' id='word_1_699' title='bbox 1798 4767 1896 4822; x_wconf 69' lang='grc' dir='ltr'><strong>ούδῐ</strong></span> 
     </span>
    </p>
   </div>
   <div class='ocr_carea' id='block_1_93' title="bbox 1994 4749 3607 4853">
    <p class='ocr_par' dir='ltr' id='par_1_93' title="bbox 2025 4749 3607 4837">
     <span class='ocr_line' id='line_1_93' title="bbox 2025 4749 3607 4837; baseline -0.011 -16"><span class='ocrx_word' id='word_1_700' title='bbox 2025 4780 2120 4837; x_wconf 90' lang='lat' dir='ltr'><strong>per</strong></span> <span class='ocrx_word' id='word_1_701' title='bbox 2150 4764 2341 4820; x_wconf 89' lang='lat' dir='ltr'><strong>vitium</strong></span> <span class='ocrx_word' id='word_1_702' title='bbox 2385 4775 2547 4834; x_wconf 86' lang='lat' dir='ltr'><strong>atque</strong></span> <span class='ocrx_word' id='word_1_703' title='bbox 2575 4759 2877 4831; x_wconf 81' lang='lat' dir='ltr'><strong>nequitiam</strong></span> <span class='ocrx_word' id='word_1_704' title='bbox 2923 4755 3082 4831; x_wconf 84' lang='lat' dir='ltr'><strong>quasi</strong></span> <span class='ocrx_word' id='word_1_705' title='bbox 3111 4754 3213 4810; x_wconf 88' lang='lat' dir='ltr'><strong>alis</strong></span> <span class='ocrx_word' id='word_1_706' title='bbox 3246 4750 3484 4815; x_wconf 89' lang='lat' dir='ltr'><strong>amissis,</strong></span> <span class='ocrx_word' id='word_1_707' title='bbox 3502 4749 3607 4813; x_wconf 40' lang='lat' dir='ltr'><strong>hus</strong></span> 
     </span>
    </p>
   </div>
   <div class='ocr_carea' id='block_1_94' title="bbox 408 4975 1240 5127">
    <p class='ocr_par' dir='ltr' id='par_1_94' title="bbox 408 4975 1240 5127">
     <span class='ocr_line' id='line_1_94' title="bbox 430 4975 1240 5053; baseline -0.017 -11"><span class='ocrx_word' id='word_1_708' title='bbox 430 4985 525 5053; x_wconf 82' lang='lat'><strong>99)</strong></span> <span class='ocrx_word' id='word_1_709' title='bbox 551 4983 857 5051; x_wconf 77' lang='grc' dir='ltr'><strong>Τοιαύτης.</strong></span> <span class='ocrx_word' id='word_1_710' title='bbox 889 4976 1143 5035; x_wconf 82' lang='lat' dir='ltr'><strong>DelentA</strong></span> <span class='ocrx_word' id='word_1_711' title='bbox 1178 4975 1240 5029; x_wconf 84' lang='lat' dir='ltr'><strong>B.</strong></span> 
     </span>
     <span class='ocr_line' id='line_1_95' title="bbox 408 4986 1240 5127; baseline -0.006 0"><span class='ocrx_word' id='word_1_712' title='bbox 408 4986 488 5127; x_wconf 59' lang='lat' dir='ltr'><strong>lu</strong></span> <span class='ocrx_word' id='word_1_713' title='bbox 524 5055 838 5127; x_wconf 63' lang='grc' dir='ltr'><strong>ρῠράνίοτςο</strong></span> <span class='ocrx_word' id='word_1_714' title='bbox 862 5051 927 5115; x_wconf 63' lang='grc' dir='ltr'><strong>Α,</strong></span> <span class='ocrx_word' id='word_1_715' title='bbox 964 5046 1118 5127; x_wconf 53' lang='lat' dir='ltr'><strong>Bel”!</strong></span> <span class='ocrx_word' id='word_1_716' title='bbox 1154 5048 1240 5127; x_wconf 56' lang='lat'><strong>06.9</strong></span> 
     </span>
    </p>
   </div>
   <div class='ocr_carea' id='block_1_95' title="bbox 436 5037 1923 5127">
    <p class='ocr_par' dir='ltr' id='par_1_95' title="bbox 436 5037 1923 5127">
     <span class='ocr_line' id='line_1_96' title="bbox 436 5037 1923 5127; baseline -0.02 -13"><span class='ocrx_word' id='word_1_717' title='bbox 862 5051 927 5115; x_wconf 75' lang='grc' dir='ltr'><strong>Α,</strong></span> <span class='ocrx_word' id='word_1_718' title='bbox 964 5046 1118 5127; x_wconf 63' lang='grc' dir='ltr'><strong>Βςεδν</strong></span> <span class='ocrx_word' id='word_1_719' title='bbox 1154 5045 1422 5127; x_wconf 67' lang='grc' dir='ltr'><strong>ούράνιον.</strong></span> <span class='ocrx_word' id='word_1_720' title='bbox 1452 5040 1731 5127; x_wconf 55' lang='grc' dir='ltr'><strong>Πρόςαὸν</strong></span> <span class='ocrx_word' id='word_1_721' title='bbox 1756 5037 1923 5127; x_wconf 47' lang='lat' dir='ltr'><strong>cepe}:</strong></span> 
     </span>
    </p>
   </div>
   <div class='ocr_carea' id='block_1_96' title="bbox 337 5109 1920 5197">
    <p class='ocr_par' dir='ltr' id='par_1_96' title="bbox 337 5109 1920 5197">
     <span class='ocr_line' id='line_1_97' title="bbox 337 5109 1920 5197; baseline -0.011 -16"><span class='ocrx_word' id='word_1_722' title='bbox 337 5109 680 5197; x_wconf 49' lang='grc' dir='ltr'><strong>νιοῖἶχῶρόν.</strong></span> <span class='ocrx_word' id='word_1_723' title='bbox 718 5122 836 5178; x_wconf 85' lang='lat' dir='ltr'><strong>Sub</strong></span> <span class='ocrx_word' id='word_1_724' title='bbox 870 5109 1120 5197; x_wconf 64' lang='lat' dir='ltr'><strong>asterisci</strong></span> <span class='ocrx_word' id='word_1_725' title='bbox 1173 5109 1414 5197; x_wconf 44' lang='lat' dir='ltr'><strong>signed“</strong></span> <span class='ocrx_word' id='word_1_726' title='bbox 1449 5109 1693 5197; x_wconf 69' lang='lat' dir='ltr'><strong>margine</strong></span> <span class='ocrx_word' id='word_1_727' title='bbox 1712 5109 1920 5189; x_wconf 64' lang='lat' dir='ltr'><strong>codicis</strong></span> 
     </span>
    </p>
   </div>
   <div class='ocr_carea' id='block_1_97' title="bbox 334 5181 1921 5262">
    <p class='ocr_par' dir='ltr' id='par_1_97' title="bbox 334 5181 1921 5262">
     <span class='ocr_line' id='line_1_98' title="bbox 334 5181 1921 5262; baseline -0.015 -8"><span class='ocrx_word' id='word_1_728' title='bbox 334 5201 385 5254; x_wconf 81' lang='grc' dir='ltr'><strong>Δ</strong></span> <span class='ocrx_word' id='word_1_729' title='bbox 440 5181 520 5252; x_wconf 69' lang='lat' dir='ltr'><strong>ad</strong></span> <span class='ocrx_word' id='word_1_730' title='bbox 561 5181 771 5251; x_wconf 70' lang='lat' dir='ltr'><strong>calcem</strong></span> <span class='ocrx_word' id='word_1_731' title='bbox 826 5190 1130 5262; x_wconf 69' lang='lat' dir='ltr'><strong>prteﬁgitur</strong></span> <span class='ocrx_word' id='word_1_732' title='bbox 1161 5181 1428 5262; x_wconf 52' lang='grc' dir='ltr'><strong>ούξΤάχα</strong></span> <span class='ocrx_word' id='word_1_733' title='bbox 1477 5181 1677 5262; x_wconf 42' lang='lat' dir='ltr'><strong>atate-ch.</strong></span> <span class='ocrx_word' id='word_1_734' title='bbox 1697 5181 1921 5235; x_wconf 82' lang='grc' dir='ltr'><strong>τοιαῦτα</strong></span> 
     </span>
    </p>
   </div>
   <div class='ocr_carea' id='block_1_98' title="bbox 351 5252 1920 5340">
    <p class='ocr_par' dir='ltr' id='par_1_98' title="bbox 351 5252 1920 5340">
     <span class='ocr_line' id='line_1_99' title="bbox 351 5252 1920 5340; baseline -0.013 -19"><span class='ocrx_word' id='word_1_735' title='bbox 351 5265 637 5340; x_wconf 63' lang='grc' dir='ltr'><strong>ξΩριγζνης</strong></span> <span class='ocrx_word' id='word_1_736' title='bbox 653 5266 726 5340; x_wconf 30' lang='grc' dir='ltr'><strong>-ὲν</strong></span> <span class='ocrx_word' id='word_1_737' title='bbox 736 5252 853 5340; x_wconf 70' lang='grc' dir='ltr'><strong>τοῖς</strong></span> <span class='ocrx_word' id='word_1_738' title='bbox 867 5252 1088 5340; x_wconf 65' lang='grc' dir='ltr'><strong>οἰκείοις</strong></span> <span class='ocrx_word' id='word_1_739' title='bbox 1109 5252 1448 5340; x_wconf 64' lang='grc' dir='ltr'><strong>ἀνεπλάεατο</strong></span> <span class='ocrx_word' id='word_1_740' title='bbox 1472 5252 1920 5340; x_wconf 19' lang='grc' dir='ltr'><strong>συγχραμμαλσιν,</strong></span> 
     </span>
    </p>
   </div>
   <div class='ocr_carea' id='block_1_99' title="bbox 331 5322 1924 5405">
    <p class='ocr_par' dir='ltr' id='par_1_99' title="bbox 331 5322 1924 5405">
     <span class='ocr_line' id='line_1_100' title="bbox 331 5322 1924 5405; baseline -0.013 -12"><span class='ocrx_word' id='word_1_741' title='bbox 331 5322 427 5401; x_wconf 74' lang='grc' dir='ltr'><strong>ὦς’</strong></span> <span class='ocrx_word' id='word_1_742' title='bbox 446 5322 625 5390; x_wconf 45' lang='lat' dir='ltr'><strong>eam;</strong></span> <span class='ocrx_word' id='word_1_743' title='bbox 645 5322 881 5405; x_wconf 74' lang='grc' dir='ltr'><strong>ὑπάρχει</strong></span> <span class='ocrx_word' id='word_1_744' title='bbox 927 5322 1095 5401; x_wconf 75' lang='grc' dir='ltr'><strong>σαφὲς</strong></span> <span class='ocrx_word' id='word_1_745' title='bbox 1123 5331 1235 5391; x_wconf 82' lang='grc' dir='ltr'><strong>τοῖς</strong></span> <span class='ocrx_word' id='word_1_746' title='bbox 1277 5322 1380 5379; x_wconf 71' lang='grc' dir='ltr'><strong>κᾶν</strong></span> <span class='ocrx_word' id='word_1_747' title='bbox 1417 5323 1552 5394; x_wconf 79' lang='grc' dir='ltr'><strong>πρὸς</strong></span> <span class='ocrx_word' id='word_1_748' title='bbox 1587 5322 1924 5393; x_wconf 85' lang='grc' dir='ltr'><strong>βραχύτατον</strong></span> 
     </span>
    </p>
   </div>
   <div class='ocr_carea' id='block_1_100' title="bbox 332 5405 956 5525">
    <p class='ocr_par' dir='ltr' id='par_1_100' title="bbox 332 5405 956 5525">
     <span class='ocr_line' id='line_1_101' title="bbox 332 5405 956 5525; baseline -0.016 -61"><span class='ocrx_word' id='word_1_749' title='bbox 332 5410 529 5471; x_wconf 74' lang='grc' dir='ltr'><strong>αὐτοῖς</strong></span> <span class='ocrx_word' id='word_1_750' title='bbox 561 5405 956 5525; x_wconf 49' lang='grc' dir='ltr'><strong>ἱπισκήιῖῗσιν.</strong></span> 
     </span>
     <span class='ocr_line' id='line_1_102' title="bbox 413 5473 954 5525; baseline 0 0"><span class='ocrx_word' id='word_1_751' title='bbox 413 5477 493 5525; x_wconf 75' lang='lat'><strong>(‘2)</strong></span> <span class='ocrx_word' id='word_1_752' title='bbox 532 5478 756 5525; x_wconf 63' lang='grc' dir='ltr'><strong>Ἔγωγ.</strong></span> <span class='ocrx_word' id='word_1_753' title='bbox 862 5473 954 5525; x_wconf 73' lang='grc' dir='ltr'><strong>ἔνο</strong></span> 
     </span>
    </p>
   </div>
   <div class='ocr_carea' id='block_1_101' title="bbox 413 5473 1006 5544">
    <p class='ocr_par' dir='ltr' id='par_1_101' title="bbox 413 5473 1006 5544">
     <span class='ocr_line' id='line_1_103' title="bbox 413 5473 1006 5544; baseline -0.02 -9"><span class='ocrx_word' id='word_1_754' title='bbox 413 5477 493 5543; x_wconf 71' lang='grc'><strong>(2)</strong></span> <span class='ocrx_word' id='word_1_755' title='bbox 532 5473 830 5544; x_wconf 68' lang='grc' dir='ltr'><strong>ἘχεινζΒ</strong></span> <span class='ocrx_word' id='word_1_756' title='bbox 862 5473 1006 5544; x_wconf 72' lang='grc' dir='ltr'><strong>ἕχον.</strong></span> 
     </span>
    </p>
   </div>
   <div class='ocr_carea' id='block_1_102' title="bbox 414 5539 1211 5617">
    <p class='ocr_par' dir='ltr' id='par_1_102' title="bbox 414 5539 1211 5617">
     <span class='ocr_line' id='line_1_104' title="bbox 414 5539 1211 5617; baseline -0.014 -15"><span class='ocrx_word' id='word_1_757' title='bbox 414 5539 521 5617; x_wconf 68' lang='grc'>(2³)</span> <span class='ocrx_word' id='word_1_758' title='bbox 547 5539 837 5617; x_wconf 50' lang='grc' dir='ltr'><strong>Ἐίάυτοῖςῃ</strong></span> <span class='ocrx_word' id='word_1_759' title='bbox 855 5539 924 5607; x_wconf 64' lang='grc' dir='ltr'><strong>Α,</strong></span> <span class='ocrx_word' id='word_1_760' title='bbox 948 5539 1211 5617; x_wconf 35' lang='grc' dir='ltr'><strong>Βιὲαυτῷ.</strong></span> 
     </span>
    </p>
   </div>
   <div class='ocr_carea' id='block_1_103' title="bbox 415 5610 1093 5686">
    <p class='ocr_par' dir='ltr' id='par_1_103' title="bbox 415 5610 1093 5686">
     <span class='ocr_line' id='line_1_105' title="bbox 415 5610 1093 5686; baseline -0.015 -13"><span class='ocrx_word' id='word_1_761' title='bbox 415 5610 513 5686; x_wconf 70' lang='lat'><strong>(3)</strong></span> <span class='ocrx_word' id='word_1_762' title='bbox 530 5616 791 5686; x_wconf 21' lang='grc' dir='ltr'><strong>Κακίας-εγ</strong></span> <span class='ocrx_word' id='word_1_763' title='bbox 803 5615 847 5686; x_wconf 73' lang='grc' dir='ltr'><strong>Α</strong></span> <span class='ocrx_word' id='word_1_764' title='bbox 875 5610 1093 5667; x_wconf 87' lang='grc' dir='ltr'><strong>κακίαν.</strong></span> 
     </span>
    </p>
   </div>
   <div class='ocr_carea' id='block_1_104' title="bbox 418 5684 918 5757">
    <p class='ocr_par' dir='ltr' id='par_1_104' title="bbox 418 5684 918 5757">
     <span class='ocr_line' id='line_1_106' title="bbox 418 5684 918 5757; baseline -0.01 -15"><span class='ocrx_word' id='word_1_765' title='bbox 418 5684 501 5757; x_wconf 76' lang='grc' dir='ltr'>(ι)</span> <span class='ocrx_word' id='word_1_766' title='bbox 534 5686 609 5757; x_wconf 84' lang='grc' dir='ltr'><strong><em>ὀ</em></strong></span> <span class='ocrx_word' id='word_1_767' title='bbox 645 5702 723 5740; x_wconf 78' lang='grc' dir='ltr'><strong>τι.</strong></span> <span class='ocrx_word' id='word_1_768' title='bbox 758 5684 918 5757; x_wconf 60' lang='grc' dir='ltr'><strong>ῐξὸτι.</strong></span> 
     </span>
    </p>
   </div>
   <div class='ocr_carea' id='block_1_105' title="bbox 414 5755 1105 5827">
    <p class='ocr_par' dir='ltr' id='par_1_105' title="bbox 414 5755 1105 5827">
     <span class='ocr_line' id='line_1_107' title="bbox 414 5755 1105 5827; baseline -0.009 -15"><span class='ocrx_word' id='word_1_769' title='bbox 414 5755 496 5827; x_wconf 79' lang='lat'><strong>(5)</strong></span> <span class='ocrx_word' id='word_1_770' title='bbox 516 5756 755 5827; x_wconf 27' lang='lat' dir='ltr'><strong>Olenus</strong></span> <span class='ocrx_word' id='word_1_771' title='bbox 774 5755 817 5806; x_wconf 80' lang='grc' dir='ltr'><strong>Β</strong></span> <span class='ocrx_word' id='word_1_772' title='bbox 844 5756 1105 5827; x_wconf 77' lang='grc' dir='ltr'><strong>οἰήσεται.</strong></span> 
     </span>
    </p>
   </div>
   <div class='ocr_carea' id='block_1_106' title="bbox 423 5812 1928 5891">
    <p class='ocr_par' dir='ltr' id='par_1_106' title="bbox 423 5812 1928 5891">
     <span class='ocr_line' id='line_1_108' title="bbox 423 5812 1928 5891; baseline -0.005 -12"><span class='ocrx_word' id='word_1_773' title='bbox 423 5812 505 5891; x_wconf 58' lang='grc' dir='ltr'>(θ’)</span> <span class='ocrx_word' id='word_1_774' title='bbox 543 5812 1000 5891; x_wconf 70' lang='grc' dir='ltr'><strong>Ἀναττιπτει.”Α,</strong></span> <span class='ocrx_word' id='word_1_775' title='bbox 1030 5827 1073 5880; x_wconf 84' lang='grc' dir='ltr'><strong>Β</strong></span> <span class='ocrx_word' id='word_1_776' title='bbox 1098 5817 1486 5888; x_wconf 81' lang='grc' dir='ltr'><strong>καταφέρεται,</strong></span> <span class='ocrx_word' id='word_1_777' title='bbox 1517 5815 1583 5869; x_wconf 81' lang='grc' dir='ltr'><strong>ὲκ</strong></span> <span class='ocrx_word' id='word_1_778' title='bbox 1615 5812 1671 5866; x_wconf 72' lang='grc' dir='ltr'><strong>δὲ</strong></span> <span class='ocrx_word' id='word_1_779' title='bbox 1706 5812 1928 5883; x_wconf 77' lang='grc' dir='ltr'><strong>ταύτης.</strong></span> 
     </span>
    </p>
   </div>
   <div class='ocr_carea' id='block_1_107' title="bbox 426 5890 1317 5971">
    <p class='ocr_par' dir='ltr' id='par_1_107' title="bbox 426 5890 1317 5971">
     <span class='ocr_line' id='line_1_109' title="bbox 426 5890 1317 5971; baseline -0.027 -4"><span class='ocrx_word' id='word_1_780' title='bbox 426 5890 511 5968; x_wconf 81' lang='grc'>(⁷)</span> <span class='ocrx_word' id='word_1_781' title='bbox 541 5895 699 5965; x_wconf 75' lang='grc' dir='ltr'><strong>Πρὸς</strong></span> <span class='ocrx_word' id='word_1_782' title='bbox 720 5895 849 5967; x_wconf 65' lang='grc' dir='ltr'><strong>τήν.</strong></span> <span class='ocrx_word' id='word_1_783' title='bbox 878 5896 922 5950; x_wconf 75' lang='grc' dir='ltr'>Α</span> <span class='ocrx_word' id='word_1_784' title='bbox 941 5898 1077 5971; x_wconf 81' lang='grc' dir='ltr'><strong>πρὸς</strong></span> <span class='ocrx_word' id='word_1_785' title='bbox 1105 5891 1170 5949; x_wconf 74' lang='grc' dir='ltr'><strong>τὸ</strong></span> <span class='ocrx_word' id='word_1_786' title='bbox 1196 5890 1317 5960; x_wconf 78' lang='grc' dir='ltr'><strong>τήν.</strong></span> 
     </span>
    </p>
   </div>
   <div class='ocr_carea' id='block_1_108' title="bbox 2121 4959 3142 5030">
    <p class='ocr_par' dir='ltr' id='par_1_108' title="bbox 2121 4959 3142 5030">
     <span class='ocr_line' id='line_1_110' title="bbox 2121 4959 3142 5030; baseline -0.01 -7"><span class='ocrx_word' id='word_1_787' title='bbox 2121 4967 2176 5030; x_wconf 88' lang='lat'><strong>8)</strong></span> <span class='ocrx_word' id='word_1_788' title='bbox 2210 4967 2371 5022; x_wconf 80' lang='grc' dir='ltr'><strong>Ἐκεῖ</strong></span> <span class='ocrx_word' id='word_1_789' title='bbox 2398 4967 2647 5030; x_wconf 78' lang='grc' dir='ltr'><strong>ζώντων.</strong></span> <span class='ocrx_word' id='word_1_790' title='bbox 2680 4964 2724 5016; x_wconf 82' lang='grc' dir='ltr'>Β</span> <span class='ocrx_word' id='word_1_791' title='bbox 2753 4960 2971 5027; x_wconf 79' lang='grc' dir='ltr'><strong>ζώντων</strong></span> <span class='ocrx_word' id='word_1_792' title='bbox 3007 4959 3142 5013; x_wconf 65' lang='grc' dir='ltr'><strong>ὲκεϊι</strong></span> 
     </span>
    </p>
   </div>
   <div class='ocr_carea' id='block_1_109' title="bbox 2126 5030 3146 5093">
    <p class='ocr_par' dir='ltr' id='par_1_109' title="bbox 2126 5030 3146 5093">
     <span class='ocr_line' id='line_1_111' title="bbox 2126 5030 3146 5093; baseline -0.008 -1"><span class='ocrx_word' id='word_1_793' title='bbox 2126 5030 2180 5093; x_wconf 78' lang='grc'>9)</span> <span class='ocrx_word' id='word_1_794' title='bbox 2214 5037 2602 5093; x_wconf 76' lang='grc' dir='ltr'><strong>Καθάπτεται.</strong></span> <span class='ocrx_word' id='word_1_795' title='bbox 2632 5036 2694 5087; x_wconf 86' lang='grc' dir='ltr'><strong>Β.</strong></span> <span class='ocrx_word' id='word_1_796' title='bbox 2719 5030 3146 5086; x_wconf 76' lang='grc' dir='ltr'><strong>καταθάπτεται.</strong></span> 
     </span>
    </p>
   </div>
   <div class='ocr_carea' id='block_1_110' title="bbox 2126 5101 3080 5179">
    <p class='ocr_par' dir='ltr' id='par_1_110' title="bbox 2126 5101 3080 5179">
     <span class='ocr_line' id='line_1_112' title="bbox 2126 5101 3080 5179; baseline -0.009 -17"><span class='ocrx_word' id='word_1_797' title='bbox 2126 5101 2212 5176; x_wconf 81' lang='grc'>10)</span> <span class='ocrx_word' id='word_1_798' title='bbox 2250 5106 2604 5179; x_wconf 73' lang='grc' dir='ltr'><strong>Ἀμοιρήσει.</strong></span> <span class='ocrx_word' id='word_1_799' title='bbox 2637 5106 2679 5157; x_wconf 87' lang='grc' dir='ltr'><strong>Β</strong></span> <span class='ocrx_word' id='word_1_800' title='bbox 2708 5101 3080 5179; x_wconf 71' lang='grc' dir='ltr'><strong>αμοιρήσειεν.</strong></span> 
     </span>
    </p>
   </div>
   <div class='ocr_carea' id='block_1_111' title="bbox 2125 5160 3603 5248">
    <p class='ocr_par' dir='ltr' id='par_1_111' title="bbox 2125 5160 3603 5248">
     <span class='ocr_line' id='line_1_113' title="bbox 2125 5160 3603 5248; baseline -0.012 -17"><span class='ocrx_word' id='word_1_801' title='bbox 2125 5160 2215 5247; x_wconf 76' lang='lat' dir='ltr'><strong>ii’)</strong></span> <span class='ocrx_word' id='word_1_802' title='bbox 2258 5160 2657 5248; x_wconf 57' lang='lat' dir='ltr'><strong>&#39;Kiédﬁx‘wom.</strong></span> <span class='ocrx_word' id='word_1_803' title='bbox 2694 5160 2776 5248; x_wconf 65' lang='lat' dir='ltr'><strong>_A&#39;__</strong></span> <span class='ocrx_word' id='word_1_804' title='bbox 2796 5160 2856 5226; x_wconf 46' lang='lat' dir='ltr'><strong>in.</strong></span> <span class='ocrx_word' id='word_1_805' title='bbox 2893 5160 3349 5248; x_wconf 33' lang='lat' dir='ltr'><strong>ienu‘spxaaeat</strong></span> <span class='ocrx_word' id='word_1_806' title='bbox 3378 5161 3517 5234; x_wconf 84' lang='grc' dir='ltr'><strong>βίου,</strong></span> <span class='ocrx_word' id='word_1_807' title='bbox 3549 5160 3603 5214; x_wconf 88' lang='lat' dir='ltr'><strong>ln</strong></span> 
     </span>
    </p>
   </div>
   <div class='ocr_carea' id='block_1_112' title="bbox 2028 5238 3471 5328">
    <p class='ocr_par' dir='ltr' id='par_1_112' title="bbox 2028 5238 3471 5328">
     <span class='ocr_line' id='line_1_114' title="bbox 2028 5238 3471 5328; baseline 0 0"><span class='ocrx_word' id='word_1_808' title='bbox 2028 5238 2656 5328; x_wconf 56' lang='grc' dir='ltr'><strong>ιηιέῑείζηεεὲπᾶῶίεεξοαι·</strong></span> <span class='ocrx_word' id='word_1_809' title='bbox 2677 5244 2734 5323; x_wconf 73' lang='grc' dir='ltr'><strong>,Β</strong></span> <span class='ocrx_word' id='word_1_810' title='bbox 2748 5238 3235 5328; x_wconf 45' lang='grc' dir='ltr'><strong>ξρκὲσθῆιηὲἔὲίέῃ</strong></span> 
     </span>
    </p>
   </div>
   <div class='ocr_carea' id='block_1_113' title="bbox 2102 5299 3607 5439">
    <p class='ocr_par' dir='ltr' id='par_1_113' title="bbox 2102 5299 3607 5439">
     <span class='ocr_line' id='line_1_115' title="bbox 2102 5299 3607 5439; baseline -0.011 -68"><span class='ocrx_word' id='word_1_811' title='bbox 2102 5299 2729 5439; x_wconf 48' lang='lat' dir='ltr'><strong>(itiy‘éi-éb’bbparo.</strong></span> <span class='ocrx_word' id='word_1_812' title='bbox 2753 5299 2800 5365; x_wconf 55' lang='grc' dir='ltr'><em>Κ</em></span> <span class='ocrx_word' id='word_1_813' title='bbox 2823 5299 2885 5365; x_wconf 73' lang='grc' dir='ltr'><strong>ἷη</strong></span> <span class='ocrx_word' id='word_1_814' title='bbox 2917 5299 3164 5379; x_wconf 75' lang='lat' dir='ltr'><strong>margine</strong></span> <span class='ocrx_word' id='word_1_815' title='bbox 3189 5306 3238 5358; x_wconf 78' lang='lat' dir='ltr'><strong>at</strong></span> <span class='ocrx_word' id='word_1_816' title='bbox 3269 5303 3378 5374; x_wconf 78' lang='grc' dir='ltr'><strong>γὰρ</strong></span> <span class='ocrx_word' id='word_1_817' title='bbox 3402 5301 3483 5373; x_wconf 80' lang='grc' dir='ltr'><strong>τῷ</strong></span> <span class='ocrx_word' id='word_1_818' title='bbox 3512 5299 3607 5355; x_wconf 74' lang='grc' dir='ltr'><strong>ούο</strong></span> 
     </span>
     <span class='ocr_line' id='line_1_116' title="bbox 2102 5405 2223 5439; baseline 0 0"><span class='ocrx_word' id='word_1_819' title='bbox 2102 5406 2132 5439; x_wconf 78' lang='grc' dir='ltr'><strong>ν</strong></span> <span class='ocrx_word' id='word_1_820' title='bbox 2158 5405 2223 5439; x_wconf 70' lang='lat' dir='ltr'><strong>(Oc</strong></span> 
     </span>
    </p>
   </div>
   <div class='ocr_carea' id='block_1_114' title="bbox 2069 5404 2223 5441">
    <p class='ocr_par' dir='ltr' id='par_1_114' title="bbox 2069 5404 2223 5441">
     <span class='ocr_line' id='line_1_117' title="bbox 2069 5404 2223 5441; baseline -0.006 -1"><span class='ocrx_word' id='word_1_821' title='bbox 2069 5404 2132 5441; x_wconf 87' lang='grc' dir='ltr'><strong>αν</strong></span> <span class='ocrx_word' id='word_1_822' title='bbox 2140 5404 2203 5441; x_wconf 82' lang='grc' dir='ltr'><strong>ιω</strong></span> <span class='ocrx_word' id='word_1_823' title='bbox 2210 5424 2223 5439; x_wconf 75' lang='grc' dir='ltr'><strong>ο</strong></span> 
     </span>
    </p>
   </div>
   <div class='ocr_carea' id='block_1_115' title="bbox 2035 5403 3072 5525">
    <p class='ocr_par' dir='ltr' id='par_1_115' title="bbox 2035 5403 3072 5525">
     <span class='ocr_line' id='line_1_118' title="bbox 2035 5403 3072 5525; baseline -0.026 1"><span class='ocrx_word' id='word_1_824' title='bbox 2035 5403 2223 5525; x_wconf 44' lang='lat' dir='ltr'><strong>Pan?)</strong></span> <span class='ocrx_word' id='word_1_825' title='bbox 2245 5455 2567 5524; x_wconf 78' lang='grc' dir='ltr'><strong>Κάθαρσιν.</strong></span> <span class='ocrx_word' id='word_1_826' title='bbox 2597 5456 2662 5515; x_wconf 85' lang='grc' dir='ltr'><strong>Α,</strong></span> <span class='ocrx_word' id='word_1_827' title='bbox 2692 5449 3072 5525; x_wconf 37' lang='grc' dir='ltr'><strong>Βῌκαθάρ-σιον.</strong></span> 
     </span>
    </p>
   </div>
   <div class='ocr_carea' id='block_1_116' title="bbox 2106 5514 3197 5591">
    <p class='ocr_par' dir='ltr' id='par_1_116' title="bbox 2106 5514 3197 5591">
     <span class='ocr_line' id='line_1_119' title="bbox 2106 5514 3197 5591; baseline -0.016 -10"><span class='ocrx_word' id='word_1_828' title='bbox 2106 5514 2219 5591; x_wconf 78' lang='lat' dir='ltr'><strong>itt’)</strong></span> <span class='ocrx_word' id='word_1_829' title='bbox 2258 5514 2589 5581; x_wconf 66' lang='lat' dir='ltr'><strong>‘Erréeoer.</strong></span> <span class='ocrx_word' id='word_1_830' title='bbox 2622 5514 2684 5586; x_wconf 72' lang='grc' dir='ltr'><strong>Α,</strong></span> <span class='ocrx_word' id='word_1_831' title='bbox 2722 5522 2763 5573; x_wconf 88' lang='lat' dir='ltr'><strong>B</strong></span> <span class='ocrx_word' id='word_1_832' title='bbox 2795 5514 3046 5591; x_wconf 67' lang='grc' dir='ltr'><strong>ἐντεῦθεν</strong></span> <span class='ocrx_word' id='word_1_833' title='bbox 3077 5514 3197 5591; x_wconf 78' lang='grc' dir='ltr'><strong>μέν.</strong></span> 
     </span>
    </p>
   </div>
   <div class='ocr_carea' id='block_1_117' title="bbox 2134 5583 3396 5664">
    <p class='ocr_par' dir='ltr' id='par_1_117' title="bbox 2134 5583 3396 5664">
     <span class='ocr_line' id='line_1_120' title="bbox 2134 5583 3396 5664; baseline -0.01 -14"><span class='ocrx_word' id='word_1_834' title='bbox 2134 5583 2220 5664; x_wconf 83' lang='grc'>15)</span> <span class='ocrx_word' id='word_1_835' title='bbox 2244 5583 2825 5664; x_wconf 69' lang='grc' dir='ltr'><strong>Μετεωροποροῦσιν.</strong></span> <span class='ocrx_word' id='word_1_836' title='bbox 2857 5583 3396 5664; x_wconf 55' lang='grc' dir='ltr'><strong>Μετεωροπολοῦσιν.</strong></span> 
     </span>
    </p>
   </div>
   <div class='ocr_carea' id='block_1_118' title="bbox 2134 5656 2942 5722">
    <p class='ocr_par' dir='ltr' id='par_1_118' title="bbox 2134 5656 2942 5722">
     <span class='ocr_line' id='line_1_121' title="bbox 2134 5656 2942 5722; baseline -0.014 -2"><span class='ocrx_word' id='word_1_837' title='bbox 2134 5656 2221 5722; x_wconf 80' lang='grc'><strong>16)</strong></span> <span class='ocrx_word' id='word_1_838' title='bbox 2260 5656 2535 5721; x_wconf 72' lang='grc' dir='ltr'><strong>Ἑκεῖὸεν.</strong></span> <span class='ocrx_word' id='word_1_839' title='bbox 2559 5656 2605 5717; x_wconf 68' lang='grc' dir='ltr'><strong>Ᾱ</strong></span> <span class='ocrx_word' id='word_1_840' title='bbox 2634 5661 2840 5715; x_wconf 76' lang='grc' dir='ltr'><strong>ἐκεῖθεν</strong></span> <span class='ocrx_word' id='word_1_841' title='bbox 2863 5656 2942 5710; x_wconf 78' lang='grc' dir='ltr'><strong>δέ.</strong></span> 
     </span>
    </p>
   </div>
   <div class='ocr_carea' id='block_1_119' title="bbox 2107 5725 3082 5806">
    <p class='ocr_par' dir='ltr' id='par_1_119' title="bbox 2107 5725 3082 5806">
     <span class='ocr_line' id='line_1_122' title="bbox 2107 5725 3082 5806; baseline -0.01 -16"><span class='ocrx_word' id='word_1_842' title='bbox 2107 5725 2220 5806; x_wconf 78' lang='grc'>(17)</span> <span class='ocrx_word' id='word_1_843' title='bbox 2250 5736 2580 5806; x_wconf 75' lang='grc' dir='ltr'><strong>Πρόστειοι.</strong></span> <span class='ocrx_word' id='word_1_844' title='bbox 2611 5732 2750 5806; x_wconf 75' lang='lat' dir='ltr'><strong>A,_B</strong></span> <span class='ocrx_word' id='word_1_845' title='bbox 2771 5725 3082 5806; x_wconf 53' lang='lat' dir='ltr'><strong>ualjrpday.</strong></span> 
     </span>
    </p>
   </div>
   <div class='ocr_carea' id='block_1_120' title="bbox 2111 5800 3107 5878">
    <p class='ocr_par' dir='ltr' id='par_1_120' title="bbox 2111 5800 3107 5878">
     <span class='ocr_line' id='line_1_123' title="bbox 2111 5800 3107 5878; baseline -0.014 -14"><span class='ocrx_word' id='word_1_846' title='bbox 2111 5800 2224 5878; x_wconf 87' lang='grc'>(18)</span> <span class='ocrx_word' id='word_1_847' title='bbox 2262 5800 2347 5873; x_wconf 79' lang='grc' dir='ltr'><strong>Τῷ</strong></span> <span class='ocrx_word' id='word_1_848' title='bbox 2371 5800 2646 5873; x_wconf 47' lang='lat' dir='ltr'><strong>dinam.</strong></span> <span class='ocrx_word' id='word_1_849' title='bbox 2675 5804 2736 5858; x_wconf 86' lang='lat' dir='ltr'><strong>A.</strong></span> <span class='ocrx_word' id='word_1_850' title='bbox 2768 5802 2828 5856; x_wconf 76' lang='grc' dir='ltr'><strong>τὸ</strong></span> <span class='ocrx_word' id='word_1_851' title='bbox 2855 5800 3107 5869; x_wconf 82' lang='grc' dir='ltr'><strong>ἀντεστρ.</strong></span> 
     </span>
    </p>
   </div>
   <div class='ocr_carea' id='block_1_121' title="bbox 2099 4969 2121 5249">
    <p class='ocr_par' dir='ltr' id='par_1_121' title="bbox 2099 4969 2121 5249">
     <span class='ocr_line' id='line_1_124' title="bbox 2099 4969 2121 5249; baseline 0 0"><span class='ocrx_word' id='word_1_852' title='bbox 2099 4969 2121 5249; x_wconf 68' lang='grc' dir='ltr'><em>ξ</em></span> 
     </span>
    </p>
   </div>
   <div class='ocr_carea' id='block_1_122' title="bbox 2201 5527 2224 5880">
    <p class='ocr_par' dir='ltr' id='par_1_122' title="bbox 2201 5527 2224 5880">
     <span class='ocr_line' id='line_1_125' title="bbox 2201 5527 2224 5880; baseline 0 -31"><span class='ocrx_word' id='word_1_853' title='bbox 2201 5527 2224 5880; x_wconf 67' lang='grc' dir='ltr'>ἒ</span> 
     </span>
    </p>
   </div>
   <div class='ocr_carea' id='block_1_123' title="bbox 3636 5586 3644 5715">
    <p class='ocr_par' dir='ltr' id='par_1_123' title="bbox 3636 5586 3644 5715">
     <span class='ocr_line' id='line_1_126' title="bbox 3636 5586 3643 5615; baseline 0 0"><span class='ocrx_word' id='word_1_854' title='bbox 3636 5586 3643 5615; x_wconf 71' lang='grc' dir='ltr'><strong>ἶ</strong></span> 
     </span>
     <span class='ocr_line' id='line_1_127' title="bbox 3636 5630 3644 5715; baseline 0 0"><span class='ocrx_word' id='word_1_855' title='bbox 3636 5630 3644 5715; x_wconf 72' lang='grc' dir='ltr'>ἓ</span> 
     </span>
    </p>
   </div>
  </div>
