3990 6202
437 379 541 440 “5

1649 388 1707 443 S.
1747 385 2076 445 GREGORII
2116 388 2408 446 NYSSENI

3613 400 3722 458 “6

437 497 600 554 miles
626 505 680 554 et
708 499 904 570 abiecti
945 501 1101 570 ﬁunt,
1160 512 1218 561 et
1265 505 1331 562 ad
1374 513 1578 562 terram
1617 503 1862 575 depressi
1899 519 2023 561 cum

2130 508 2268 580 αὑτὴ
2296 509 2408 580 (19)
2447 513 2620 581 παγία
2661 514 2906 586 διαμένει
2953 517 3116 588 μέχρι
3150 517 3368 572 πάντων
3390 515 3504 587 (20)
3533 516 3724 580 αὐτοῖς

435 591 803 649 crassitudine
825 596 1126 654 materialis
1150 607 1359 654 natura:
1375 597 1822 656 commiscentur.
1845 597 2024 668 Atque

439 679 702 738 hactenus
756 685 996 741 nondum
1031 689 1287 745 consistit
1320 687 1590 761 ejusmodi
1623 687 2020 744 sententiarum

434 781 598 842 atque
629 775 1002 838 doctrinarum
1021 780 1358 848 absurditas,
1391 788 1450 837 ut
1483 781 1538 836 in
1563 780 1900 840 contrarium
1930 779 2020 835 in-

433 881 606 922 versa:
633 869 746 924 sint
777 871 1083 942 opiniones.
1124 873 1229 930 Sed
1261 889 1327 930 ne
1358 875 1475 929 haec
1504 871 1722 942 quidem
1758 878 2022 949 perpetuo

433 968 586 1014 certa
608 963 930 1036 stabilisque
945 967 1026 1024 eis
1055 968 1374 1038 imaginatio
1397 967 1689 1038 opinioque
1719 974 2020 1038 permanet.

431 1049 570 1105 Nam
590 1053 638 1108 si
667 1055 1059 1116 immutabilem
1077 1059 1267 1122 dicunt
1291 1060 1571 1116 caelestem
1593 1073 1716 1114 esse
1744 1067 2023 1121 naturam,

433 1157 544 1212 quo
579 1155 740 1214 pacto
795 1148 849 1204 in
897 1149 1218 1207 immutabili
1258 1152 1445 1223 passio
1496 1158 1551 1206 et
1587 1149 1801 1206 aﬂectio
1844 1149 2024 1203 locum

435 1231 638 1290 habet?
671 1237 912 1311 itemque
971 1243 1019 1299 si
1057 1242 1352 1300 affectibus
1380 1251 1435 1299 et
1464 1243 1614 1299 vitiis
1651 1242 1888 1298 obnoxia
1943 1248 2048 1312 est.

432 1324 651 1384 inferna
680 1339 898 1401 natura,
931 1350 1039 1406 quo
1108 1343 1270 1406 pacto
1325 1335 1380 1391 in
1412 1351 1478 1391 eo
1531 1335 1676 1407 quod
1733 1332 2020 1389 affectibus

433 1421 728 1477 obnoxium
755 1432 861 1492 est,
888 1427 1204 1496 passionum
1232 1435 1398 1499 atque
1431 1426 1724 1486 aﬂ'ectuum
1773 1426 2022 1480 vacuitas

431 1517 488 1564 et
523 1511 750 1568 abolitio
803 1516 1001 1574 confici
1041 1528 1207 1590 atque
1238 1519 1484 1590 expediri
1544 1517 1760 1589 potest?
1817 1515 2018 1572 Verum

430 1605 766 1674 Permiscent
817 1623 882 1664 ea
939 1625 1063 1680 qua:
1125 1611 1345 1667 misceri
1387 1625 1496 1666 non
1550 1616 1802 1680 possunt,
1856 1615 2022 1679 atque

2131 600 2164 671 ἡ
2188 601 2430 662 ὑπόνοια.
2458 603 2522 658 Ei
2549 604 2659 677 γάρ
2673 607 2941 676 ἄτρεπτον
2965 607 3062 682 τὴν
3084 609 3337 680 οὐράνιον
3365 608 3478 680 (2i)
3497 608 3724 676 λέγουσι

2130 689 2292 759 φύσιν
2323 690 2458 762 (22),
2491 692 2609 758 πῶς
2656 693 2840 766 χώραν
2863 695 2974 767 ἔχει
3014 698 3127 768 (25)
3176 699 3235 752 ὲν
3263 697 3343 770 τῷ
3370 698 3628 769 ἀτρέπτῳ
3659 697 3724 752 τὸ

2129 778 2336 848 πάθος
2369 783 2478 836 Καὶ
2519 785 2570 842 εἰ
2615 786 2868 858 ἐμπαθὴς
2903 787 3015 859 (24)
3046 790 3079 861 ἡ
3110 791 3262 844 κάτω
3297 790 3478 861 φύσις,
3509 790 3631 854 πῶς
3660 792 3722 845 ἐν

2125 872 2204 944 τῷ
2260 873 2491 946 παθητῷ
2546 877 2901 951 κατορθοῦται
2964 884 2997 953 ἡ
3058 883 3333 947 ἀπάθειας
3387 882 3550 938 Ἀλλὰ
3611 901 3718 953 φυο

2130 962 2285 1036 ροῦσι
2314 966 2428 1037 (25)
2456 967 2527 1022 τά
2555 967 2784 1038 ἄμικτα,
2812 973 2907 1027 καὶ
2945 973 3122 1028 ἐνοῦσι
3153 974 3223 1028 τὰ
3262 973 3626 1045 ἀκοινώνητα,
3657 976 3720 1028 ἐν

2130 1052 2293 1116 πάθει
2331 1055 2393 1108 τὸ
2436 1057 2724 1128 ἄτρεπτον,
2756 1062 2851 1114 καὶ
2906 1051 2970 1117 ἐν)
3018 1062 3097 1132 τῷ
3152 1063 3370 1134 τρεπτῷ
3397 1063 3512 1136 (26)
3552 1064 3718 1120 πάλιν

2129 1145 2474 1219 καθορῶντες
2487 1148 2586 1220 τὴν
2602 1151 2888 1206 ἀπάθειαν.
2909 1152 3017 1206 Καὶ
3045 1153 3166 1206 οὐδὲ
3185 1153 3520 1223 τούτοις(27)
3543 1155 3718 1209 εἰσαεὶ

2130 1236 2474 1308 διαμένουσιν
2527 1241 2640 1312 (28)
2665 1258 2680 1272 ’
2740 1241 2856 1296 ἀλλ’
2903 1242 3026 1297 ὅθεν
3049 1245 3149 1316 τὴν
3193 1245 3372 1317 ψυχὴν
3403 1245 3490 1299 διὰ
3515 1246 3717 1310 κακίας

2123 1327 2428 1400 ἀπῴκησαν
2465 1330 2600 1401 (29),
2633 1333 2811 1387 ἐκεῖσε
2843 1336 3006 1389 πάλιν
3036 1336 3205 1407 αὐτὴν
3245 1337 3319 1399 ὠς
3348 1335 3562 1406 ἀσφαλῆ
3596 1335 3714 1407 (5θ)

2122 1420 2216 1473 καὶ
2262 1422 2541 1492 ἀκήρατον
2581 1423 2726 1496 ζωὴν
2784 1427 2849 1479 ὲκ
2897 1426 2997 1497 τῆς
3055 1427 3248 1498 ὑλικῆς
3299 1424 3668 1490 ἀνοικίζουσιν
3695 1465 3712 1492 ,

2121 1511 2311 1581 ὥσπερ
2353 1511 2733 1584 ἐπιλαθόμενοι
2771 1515 2832 1568 τὸ
2877 1517 3087 1571 ἐκεῖθεν
3114 1517 3282 1588 αὐτὴν
3316 1519 3347 1586 ὴ
3391 1516 3562 1570 κακία
3593 1515 3712 1585 (51)

2123 1601 2370 1675 βρύσάσα
2400 1602 2535 1672 (52),
2562 1605 2629 1675 τῇ
2652 1605 2800 1667 κάτω
2823 1607 3225 1680 καταμιχθῆναι
3251 1606 3434 1677 φύσει.

432 1695 629 1750 uniunt
651 1714 714 1759 ea
737 1701 942 1772 quibus
994 1704 1138 1758 inter
1186 1719 1246 1759 se
1278 1704 1427 1758 nulla
1493 1701 1808 1758 communio
1838 1707 1957 1767 est;
2015 1698 2071 1752 in
2111 1695 2395 1752 ati‘ectione
2426 1697 2944 1765 immutabilitatem,
2982 1700 3305 1755 inmutabili
3343 1713 3538 1755 rursus
3575 1712 3712 1768 pas-

430 1789 656 1846 sionum
687 1801 742 1848 et
769 1793 1058 1850 aﬂ‘ectuum
1092 1795 1444 1851 abolitionem
1473 1804 1526 1849 et
1558 1793 1889 1849 vacuitatem
1930 1789 2316 1858 imaginantes.
2357 1789 2433 1843 Ae
2471 1804 2542 1846 ne
2594 1789 2650 1847 in
2681 1789 2768 1847 bis
2836 1791 3055 1862 quidem
3109 1807 3329 1862 semper
3388 1799 3712 1862 permanent

430 1897 495 1938 ac
529 1893 918 1953 perseverant;
982 1886 1078 1941 sed
1112 1887 1257 1943 unde
1323 1887 1560 1943 animam
1599 1901 1696 1957 per
1733 1884 1928 1940 vitium
1995 1887 2051 1937 et
2087 1880 2386 1950 nequitiam
2426 1882 2792 1949 deduxerunt,
2824 1883 2918 1938 illo
2947 1899 3140 1941 rursus
3182 1899 3302 1939 eam
3334 1892 3594 1955 tanquam
3654 1881 3708 1936 in

415 1981 605 2032 tutam
632 1983 689 2033 ct
717 1977 1077 2035 immortalem
1107 1981 1274 2035 vitam
1319 1995 1387 2037 ex
1415 1979 1684 2036 materiali
1722 1977 2016 2042 reducunt,
2053 1972 2212 2045 quasi
2260 1973 2414 2030 obliti
2459 1975 2606 2048 quod
2689 1973 2988 2032 vitiositate
3042 1987 3262 2050 gravata
3312 1975 3464 2032 illinc
3549 1968 3710 2045 quasi

430 2067 628 2146 pennis
650 2069 873 2126 amissis
905 2070 1092 2129 inferte
1119 2071 1408 2129 commista
1436 2080 1648 2129 natura:
1677 2070 1772 2128 sit.

502 2165 687 2236 Itaque
717 2165 1042 2222 obtrectatio
1070 2175 1125 2224 et
1152 2168 1484 2238 vituperatio
1531 2167 1700 2240 huius
1722 2167 1872 2233 vitae,
1906 2177 2020 2221 cm-
2050 2168 2095 2224 Β

430 2253 764 2326 lestiumque
795 2270 859 2312 ac
885 2271 1212 2328 superorum
1237 2258 1358 2316 laus
1376 2258 1520 2314 inter
1538 2273 1660 2316 sese
1679 2255 2024 2313 confundun-

429 2352 523 2402 tur
551 2354 606 2404 et
631 2347 1082 2414 commiscentur,
1152 2349 1356 2421 quippe
1383 2363 1510 2405 cum
1540 2349 1634 2404 illa
1666 2347 1889 2419 quidem
1913 2347 2023 2402 vita

430 2453 554 2511 qua:
579 2440 722 2496 male
745 2439 897 2496 audit
923 2447 978 2498 et
1010 2439 1240 2499 infamia
1269 2440 1502 2506 laborat,
1544 2439 1672 2496 boni
1701 2440 1782 2511 (ut
1804 2438 2020 2500 illorum

431 2533 620 2605 Opinio
638 2532 764 2604 iert)
791 2542 984 2590 auctor
1003 2541 1058 2588 et
1075 2533 1188 2590 dux
1212 2533 1319 2600 sit;
1341 2547 1464 2605 qua
1479 2541 1659 2592 autem
1681 2545 1780 2602 pro
1798 2529 2023 2586 meliore

431 2625 691 2692 habetur.
750 2625 1140 2696 propensionis
1169 2624 1238 2681 ad
1290 2624 1496 2680 malum
1530 2637 1724 2679 ansam
1759 2631 1813 2678 et
1859 2635 2022 2676 occa-

431 2718 642 2776 sionem
666 2719 863 2773 animte
891 2717 1004 2774 det.
1057 2716 1330 2785 Quocirca
1357 2713 1629 2787 ejicienda
1669 2729 1738 2769 ex
1771 2711 2022 2769 doctrina

431 2808 679 2866 veritatis
701 2809 881 2863 omnis
911 2807 1052 2864 falsa
1089 2809 1296 2879 pariter
1323 2816 1380 2864 et
1415 2806 1692 2868 instabilis
1737 2805 1805 2859 de
1829 2803 2022 2874 hujus-

433 2897 581 2956 modi
607 2898 772 2954 rebus
819 2899 1107 2969 persuasio
1139 2907 1225 2956 est
1256 2917 1271 2955 :
1309 2914 1376 2954 ac
1423 2915 1490 2954 ne
1519 2898 1644 2953 illos
1687 2895 1905 2968 quidem
1939 2911 2024 2952 se-

338 3000 342 3004 '
431 3003 689 3060 quamur,
745 2991 948 3062 quibus
975 2990 1188 3048 animas
1212 3005 1279 3047 ex
1297 2991 1658 3047 muliebribus
1699 2989 2022 3059 corporibus

433 3081 502 3140 ad
530 3082 742 3137 virilem
793 3084 965 3138 vitam
993 3084 1234 3141 transire
1262 3083 1439 3154 placet
1467 3100 1483 3152 ;
1510 3091 1607 3138 aut
1643 3093 1835 3138 contra
1870 3097 1900 3136 a
1939 3082 2022 3137 vi-

431 3176 626 3236 rilibus
705 3177 1032 3249 corporibus
1092 3184 1375 3248 separatas
1426 3176 1638 3233 animas
1721 3176 1862 3230 intra
1911 3189 2022 3230 mu-

431 3266 600 3323 lieres
641 3267 838 3340 redigi,
893 3276 986 3323 aut
1013 3268 1178 3325 etiam
1209 3266 1279 3323 ad
1312 3267 1461 3324 viros
1512 3282 1577 3322 ex
1605 3266 1738 3321 viris
1763 3265 2022 3329 transire,

431 3367 490 3422 et
517 3375 586 3418 ex
619 3361 941 3420 mulieribus
971 3377 1166 3418 rursus
1197 3360 1314 3418 tieri
1345 3361 1624 3423 mulieres,
1660 3359 1754 3416 sed
1784 3358 1928 3424 illos,
1962 3367 2024 3413 ut

431 3468 531 3510 eos
555 3455 650 3525 qui
684 3469 716 3509 a
751 3454 984 3510 veritate
1031 3452 1438 3517 aberraveriut,
1477 3451 1680 3507 missos
1728 3449 2018 3506 faciamus.

2197 2159 2274 2213 Ἥ
2301 2176 2360 2213 τε
2387 2153 2480 2214 οὖν
2507 2160 2728 2234 διαϐολὴ
2770 2160 2864 2215 τοῦ
2893 2160 3018 2234 τῇδε
3047 2160 3184 2232 βίου,
3217 2161 3316 2216 καί⁵
3353 2161 3383 2214 ὀ
3403 2159 3512 2217 τῶν
3543 2161 3709 2234 οὐρα-

2128 2249 2258 2306 νίων
2285 2251 2396 2322 (55)
2429 2251 2649 2318 ἔπαινος
2695 2254 2754 2308 ὲν
2781 2253 3030 2324 ἀλλήλοις
3073 2252 3415 2324 συγχέονται,
3442 2255 3536 2308 καὶ
3566 2253 3710 2308 ἀνω-

2127 2343 2419 2415 φεροῦνται
2469 2345 2607 2416 (54).
2655 2343 2750 2398 τοῦ
2808 2346 2906 2418 μὲν
2953 2345 3375 2417 διαϐεϐλημένου
3428 2344 3571 2400 κατά
3607 2345 3709 2417 τὴν

2125 2436 2349 2490 ἐκείνων
2377 2435 2538 2504 δόξαν
2588 2435 2726 2508 πρὸς
2753 2437 2814 2491 τὸ
2849 2437 3012 2491 καλὸν
3051 2437 3460 2510 καθηγουμένου
3484 2453 3498 2469 ο
3531 2436 3622 2490 τοῦ
3649 2437 3709 2491 δὲ

2125 2528 2264 2600 πρὸς
2286 2529 2594 2601 κρείττονος
2615 2529 2727 2603 (55)
2751 2530 3157 2602 ὑπειλημμένον
3182 2530 3280 2604 τὴν
3303 2529 3556 2603 ἀφορμὴν
3571 2529 3710 2584 ἐνδιο

2125 2619 2309 2684 δόντος
2331 2621 2442 2691 (56)
2475 2623 2542 2693 τῇ
2577 2621 2722 2693 ψυχῇ
2761 2622 2858 2693 τῆς
2893 2622 3031 2693 πρὸς
3055 2621 3118 2676 τὸ
3138 2625 3324 2695 χεῖρον
3344 2621 3536 2692 ῥοπῆς.
3568 2621 3708 2678 Ούκο

2123 2710 2216 2766 οὖν
2245 2712 2512 2782 ὲκϐλητέα
2552 2711 2662 2768 τῶν
2703 2713 2801 2784 τῆς
2827 2712 3085 2784 ἀληθείας
3121 2713 3406 2785 δογμάτων
3434 2715 3584 2768 πᾶσα
3607 2731 3708 2767 πε-

2124 2803 2441 2878 πλανημένη
2473 2822 2533 2858 τε
2562 2805 2656 2858 καὶ
2683 2803 2990 2859 ἀστατοΰσα
3018 2805 3144 2877 περὶ
3176 2805 3283 2869 τῶν
3301 2805 3556 2860 τοιούτων
3583 2805 3708 2859 ὑπό-

2126 2879 2325 2968 ληψις·
2369 2896 2498 2969 μήθ’
2541 2897 2656 2951 ὅσοι
2703 2895 2818 2968 (57)
2866 2897 3216 2950 καταϐαίνειν
3259 2898 3322 2951 ὲκ
3363 2897 3473 2969 (58)
3516 2914 3707 2966 γυναι-

2123 2989 2287 3045 κείων
2333 2989 2602 3061 σωμάτων
2637 2989 2774 3060 πρὸς
2825 2988 2922 3062 τὴν
2951 2987 3196 3060 ἀνδρώδη
3231 2988 3376 3060 ζωὴν
3399 2988 3498 3052 τὰς
3527 2987 3709 3059 ψυχὰς

2121 3084 2302 3156 δοκείη
2329 3083 2443 3156 (59)
2475 3085 2538 3138 τὸ
2586 3083 2823 3154 ἔμπαλιν
2857 3083 2916 3138 ἐν
2948 3081 3165 3153 γυναιξὶ
3209 3080 3452 3150 γίνεσθαι
3476 3082 3575 3144 τὰς
3596 3081 3709 3136 τῶν

2122 3175 2392 3248 ἀνδρικῶν
2437 3175 2706 3247 σωμάτων
2733 3175 3097 3247 χωρισθείσας
3129 3173 3325 3245 ψυχὰς,
3369 3173 3403 3246 ἢ
3439 3174 3533 3228 καὶ
3571 3173 3710 3246 πρὸς

2123 3268 2321 3343 ἄνδρας
2353 3268 2410 3332 ἐξ
2459 3267 2670 3340 ἀνδρῶν
2703 3266 3069 3340 μεταϐαίνειν,
3109 3268 3204 3320 καὶ
3225 3268 3490 3335 γυναῖκας
3511 3267 3577 3319 ὲκ
3605 3283 3707 3335 γυ-

2124 3361 2323 3417 ναικῶν
2337 3360 2578 3431 γίνεσθαι
2599 3359 2850 3429 λέγουσιν
2873 3358 3009 3430 (40),
3041 3358 3116 3422 ὡς
3145 3358 3245 3428 τῆς
3269 3356 3526 3428 ἀληθείας
3549 3358 3677 3410 ἐστο
3693 3386 3707 3397 -
3775 3357 3783 3364 ’

2126 3453 2430 3525 καομένους
2458 3451 2914 3523 ἀκολουθήσωμεν
2937 3449 3072 3516 (41).
3109 3450 3166 3504 '0
3191 3450 3289 3520 μὲν
3311 3448 3420 3518 γὰρ
3441 3447 3710 3520 πρότερος

429 3542 568 3606 Nam
595 3545 747 3616 prior
769 3545 988 3616 quidem
1025 3543 1232 3615 opinio,
1266 3560 1376 3598 non
1416 3543 1597 3599 solum
1639 3541 1786 3614 quod
1818 3553 1870 3599 et
1927 3543 2010 3597 in-

2127 3547 2178 3600 >ύ
2217 3545 2377 3618 μόνον
2409 3544 2488 3616 τῷ
2510 3545 2643 3616 (Μ’)
2673 3543 2904 3607 ἀστατος
2953 3541 3066 3614 (42)
3106 3540 3202 3596 καὶ
3258 3539 3534 3611 ἀπατηλὸς
3566 3534 3708 3598 εἶναι

431 3635 649 3692 stabilis
692 3644 748 3691 et
795 3635 960 3691 fallax
992 3635 1086 3701 sit,
1135 3635 1427 3705 reprobata
1475 3642 1729 3702 est,cum
1777 3635 1894 3705 ipsa
1924 3649 2021 3706 per

433 3741 558 3784 sese
591 3736 815 3800 prapter
843 3729 1156 3786 contrarias
1189 3729 1482 3801 Opiniones
1501 3735 1802 3793 evertatur,
1829 3743 2016 3782 verum

431 3818 598 3878 etiam
626 3820 771 3890 quod
793 3821 960 3892 impia
985 3831 1092 3887 est,
1118 3831 1178 3878 ut
1198 3837 1320 3894 quae
1353 3819 1555 3886 tradat,
1595 3819 1732 3874 nihil
1762 3819 1817 3874 iu
1837 3834 2018 3875 rerum

431 3917 688 3972 naturam
747 3911 1000 3982 produci,
1037 3913 1145 3971 nisi
1170 3913 1441 3970 vitiositas
1480 3913 1807 3984 principium
1831 3912 2018 3983 cujus-

433 4018 542 4074 que
574 4013 784 4062 uatura:
839 4004 952 4061 det.
999 4005 1137 4062 Nam
1187 4005 1235 4061 si
1279 4019 1455 4076 neque
1515 4005 1785 4068 homines,
1845 4019 2022 4076 neque

433 4093 657 4166 plantae,
688 4109 866 4166 neque
915 4108 1134 4166 pecora,
1183 4095 1293 4152 nisi
1319 4109 1560 4166 superne
1589 4094 1643 4149 in
1687 4094 1802 4150 haec
1835 4095 2018 4149 anima

435 4182 660 4256 delapsa
681 4184 866 4253 fuerit,
895 4194 1226 4252 nascuntur,
1268 4187 1455 4258 lapsus
1497 4194 1682 4242 autem
1707 4186 1755 4242 is
1800 4193 2022 4257 propter

433 4274 788 4335 vitiositatem
821 4276 901 4341 fit,
931 4278 1120 4350 utique
1140 4277 1332 4334 vitium
1361 4293 1425 4333 ac
1459 4279 1754 4350 nequitiam
1788 4293 2022 4348 praeesse

435 4373 632 4444 putant
653 4381 838 4424 rerum
866 4369 1157 4425 creationi.
1192 4370 1272 4426 Ae
1291 4359 1452 4426 circa
1484 4371 1629 4428 idem
1660 4372 2021 4442 quodammo-

435 4456 509 4524 do
535 4469 750 4531 tempus
780 4468 1018 4532 utraque
1049 4460 1326 4525 accidunt,
1360 4470 1420 4516 ut
1454 4473 1509 4517 et
1532 4462 1694 4518 homo
1718 4479 1786 4518 ex
1814 4463 2021 4533 nuptiis

436 4562 777 4620 procreetur,
807 4561 864 4608 et
889 4555 1086 4610 animm
1133 4553 1390 4624 delapsus
1411 4568 1535 4610 cum
1570 4555 1881 4626 nuptiarum
1909 4565 2022 4613 stu-

574 4711 629 4783 9)
672 4711 827 4768 Οὐδὲ
862 4713 1035 4778 αὐτή.
1061 4714 1107 4766 Α
1133 4712 1254 4766 οὐδὲ
1276 4712 1435 4783 αὕτη.

509 4780 622 4849 (20)
649 4783 914 4837 Πάντων.
944 4784 1009 4849 Α,
1026 4783 1067 4834 Β
1094 4783 1315 4846 παντός.

535 4851 626 4925 2!)
663 4853 782 4925 Τὴν
807 4851 1108 4925 οὐράν-ιρις.
1136 4853 1178 4904 Β
1201 4853 1263 4906 τὸ
1288 4853 1346 4906 ού
1357 4853 1555 4925 ράνιον.

535 4921 626 4978 22)
655 4923 849 4975 Φύσιν
890 4922 1040 4977 Delet
1062 4923 1124 4978 Β.

662 4989 870 5066 δώρων
902 4991 1046 5066 ἔχει.
1072 4993 1113 5044 Β
1131 4993 1244 5066 ἔχει
1273 4991 1478 5066 χώραν.

535 5061 626 5135 2!)
655 5064 725 5115 El
748 5061 1039 5135 éuiwﬁtic-
1068 5066 1111 5135 ᾼ
1133 5061 1477 5135 ﬂeuimus.

657 5132 1042 5205 ¢vpoﬁqt._A_,
1081 5134 1137 5205 B_
1155 5132 1407 5205 φύρουσι.

511 5202 624 5274 (26)
668 5202 918 5268 Τρεπτῷ.
947 5203 989 5274 Β
1011 5202 1284 5274 ἀτρέπτῳ.

512 5273 624 5343 (27)
665 5274 922 5338 Τούτοις.
946 5273 986 5324 Β
1012 5273 1069 5325 ὲν
1099 5273 1328 5338 τούτοις.

667 5343 1153 5429 έιαιίένουσιν.ΔΒ
1165 5344 1608 5429 λεαραμένουσιν.

516 5413 628 5481 (29)
667 5413 1034 5484 Ἇπῴκησαν.
1069 5415 1134 5480 Α,
1165 5416 1206 5468 Β
1243 5413 1554 5484 ἀπῴκισαν.

540 5484 630 5556 ξθ)
664 5483 959 5556 ΪΑσφανῖἦ.
987 5484 1028 5536 Β
1057 5486 1135 5548 είς
1168 5487 1302 5556 ἀσφ.

540 5553 628 5626 ᾖε)
670 5554 736 5626 Ἡ
762 5555 958 5626 κακία.
985 5556 1053 5619 Δ,
1077 5555 1127 5626 Β
1151 5558 1208 5610 ὲν
1240 5553 1426 5626 κακίᾳ.

517 5622 631 5699 (52)
659 5624 967 5699 Βρύσαονα.
991 5625 1350 5699 Α-βρίσασαν.
1385 5622 1446 5687 Β,
1473 5625 1762 5699 βρύσασαν.

521 5694 636 5764 (55)
670 5693 994 5765 Οἰνριινιωνί.
1023 5693 1074 5745 Β
1091 5693 1448 5765 ἐπουρανίων.

521 5765 635 5837 (54)
674 5764 1156 5837 Ἀνῳερεροῦνται.
1193 5764 1701 5837 ΑΒάναφύρονται.

523 5834 638 5903 (55)
669 5834 828 5904 Πρὸς
848 5835 1206 5902 κρείττονος.
1233 5839 1277 5890 A
1308 5835 1348 5888 Β
1368 5834 1508 5906 πρὸς
1533 5836 1592 5888 τὸ
1618 5838 1883 5914 κρεῖττον.

606 4784 628 5131 3

1875 5990 1970 5999 »-—v-

2121 3637 2532 3709 ἀπεδοκιμάσθη
2565 3640 2594 3691 ὁ
2623 3637 2778 3705 λόγος
2815 3634 3129 3705 (45),αὑτδς
3149 3635 3206 3687 ὲν
3233 3632 3410 3704 ἑαυτῷ
3435 3632 3545 3703 (44)
3569 3630 3709 3702 πρὸς

2114 3729 2214 3794 τὰς
2241 3727 2487 3792 ἐναντίας
2517 3727 2814 3799 ὑπολήψεις
2843 3724 3329 3797 περιτρεπόμενος,
3368 3724 3483 3778 ἀλλ’
3505 3724 3589 3777 ὅτι
3609 3721 3708 3776 καὶ

2115 3821 2329 3887 ἀσεϐῶς
2359 3821 2492 3892 ἔχει,
2543 3819 2708 3891 μηδὲν
2750 3817 2860 3872 τῶν
2906 3817 3075 3871 ὄντων
3124 3817 3205 3880 είς
3225 3814 3443 3885 γένεσιν
3475 3813 3706 3883 ἄγεσθαι

2117 3909 2481 3981 δογματίζων,
2529 3911 2624 3964 καὶ
2656 3907 2852 3972 κακίας
2887 3908 3000 3977 (45)
3049 3909 3114 3979 τῇ
3167 3909 3397 3962 ἑκάστου
3421 3906 3578 3977 φύσει
3604 3906 3707 3976 τὴν

2119 4005 2297 4079 ἀρχὴν
2319 4003 2646 4077 ἐνδιδούσης.
2679 4004 2742 4057 Εἰ
2769 4002 2880 4075 γὰρ
2917 4000 3043 4056 οὕτε
3068 3999 3363 4071 ἄνθρωποι,
3384 3999 3508 4054 οὔτε
3539 3999 3705 4069 φυτὰ,

2119 4097 2244 4160 οὕτε
2301 4097 2642 4170 βοσκήματα,
2683 4095 2757 4166 μὴ
2789 4093 2966 4165 ψυχῆς
2990 4091 3198 4147 ἀνωθεν
3218 4093 3311 4145 ἐπὶ
3337 4091 3510 4144 ταῦτα
3529 4091 3707 4160 ἔμπες-

2123 4192 2329 4259 σούσης
2380 4189 2494 4262 (46)
2541 4187 2765 4258 φύονται
2806 4187 2916 4258 (47)
2945 4202 2959 4217 ο
2996 4187 3030 4256 ἡ
3059 4183 3117 4238 δὲ
3153 4182 3360 4244 πτῶσις
3387 4179 3476 4234 διὰ
3502 4178 3708 4244 κακίας

2122 4283 2348 4351 γίνεται,
2401 4281 2510 4350 ἀρα
2539 4280 2831 4349 κατάρχειν
2870 4277 3071 4334 οἴονται
3109 4271 3208 4342 τὴν
3244 4269 3442 4324 κακίαν
3468 4269 3568 4339 τῆς
3594 4268 3707 4323 τῶν

2123 4373 2293 4426 ὄντων
2333 4371 2662 4434 συστάσεως.
2689 4368 2800 4422 Καί
2845 4384 2962 4430 πως
2989 4363 3276 4436 συμϐαίνει
3307 4361 3447 4416 κατὰ
3477 4359 3582 4415 τὸν
3602 4361 3707 4414 αύ-

2121 4465 2212 4520 τὺν
2243 4463 2431 4534 χρόνον
2466 4460 2751 4543 ἀμφότερα
2771 4460 2907 4530 (48),
2947 4459 3042 4512 καὶ
3090 4457 3373 4526 ἄνθρωπον
3420 4455 3484 4507 ὲκ
3523 4453 3706 4524 γάμου

2124 4554 2373 4626 φύεσθαι,
2401 4553 2497 4608 καὶ
2523 4554 2622 4625 τῆς
2655 4553 2832 4632 ψυχῆς
2864 4551 2962 4624 τὴν
2989 4550 3342 4608 κατάπτωσιν
3372 4550 3438 4620 τῇ
3477 4545 3571 4600 τοῦ
3607 4546 3707 4615 γά-

2203 4713 2317 4784 (56)
2358 4711 2753 4784 Ὲνδιδόντος.
2778 4711 2820 4784 Β
2841 4711 3161 4784 Δἐνδιδόντες.

2201 4781 2313 4853 (57)
2335 4781 2483 4853 Μήέῗ
2509 4783 2663 4853 ὅσοι.
2693 4785 2734 4835 Α
2771 4781 2907 4853 ἀλλά
2935 4781 3055 4851 μηδ’
3086 4781 3230 4853 boot;

2128 4849 2320 4934 eodem
2345 4852 2527 4934 modo,
2552 4852 2659 4934 nisi
2690 4851 2836 4934 quod
2867 4849 3071 4905 omittit
3096 4849 3252 4902 ἀλλά.

2200 4924 2314 4992 (58)
2345 4925 2460 4976 Ἐκ.
2488 4922 2530 4974 Β
2558 4922 2624 4975 ἐκ
2659 4922 2785 4992 τῶν.

2201 4988 2314 5064 (59)
2336 4993 2565 5064 Δοκείη.
2607 4993 2671 5058 Α,
2703 4993 2742 5044 Β
2772 4991 2918 5064 δοκεί
2943 4990 2975 5062 ἥ
2999 4988 3334 5064 τδῄξμπαλιν.

2199 5050 2669 5133 (40)Λέγουὸιν.ῗ
2700 5063 2745 5116 Α
2801 5050 2979 5133 λέγειν
3009 5050 3416 5133 πάλινᾼῲςᾼτῆς
3450 5050 3706 5133 ἀληθείας

2199 5073 2647 5133 (4υ)Λέγουσιν.
2700 5073 2745 5116 Α
2803 5073 2979 5130 λεγειν
3009 5073 3171 5141 πάλιν
3199 5073 3274 5121 ως
3317 5073 3416 5178 Ἲς
3450 5073 3706 5123 αληυειας

2129 5133 2508 5206 ἢστοχηκέναι.
2559 5133 2601 5185 Β
2656 5132 2855 5202 λέγειν,
2905 5132 2980 5194 ὼς
3017 5147 3115 5200 της
3174 5127 3330 5198 ἀληθ.
3406 5122 3706 5196 στοχασμέο

2131 5219 2262 5257 νοις.

2372 5273 2922 5344 Ἀκολοσυθήσςυμεν.
2945 5267 3459 5344 Βάκώρυθήσομεν.

2200 5338 2336 5412 (41⁵)
2363 5346 2443 5397 Οὑ
2476 5338 2804 5412 μόνον-τῷ]
2829 5343 2904 5395 Οὐ
2939 5340 3096 5412 μόνον
3122 5338 3209 5392 διὰ
3237 5338 3320 5393 τό.

2202 5409 2642 5484 (42)’ΪἈστὶιτος.
2668 5409 2709 5465 Β
2732 5409 2959 5473 ἀστατός
2986 5427 3067 5464 τε.

2199 5483 2310 5553 (ιδ)
2343 5483 2406 5536 '0
2425 5485 2628 5552 λόγος.
2663 5487 2690 5538 ό
2720 5484 2864 5553 delet
2884 5483 2948 5537 Α.

2197 5552 2310 5625 (44)
2343 5554 2585 5625 Ἐιιυτῴ.
2611 5556 2651 5606 Β
2681 5552 2850 5623 αὐτῷ.

2199 5623 2312 5694 (45)
2346 5623 2455 5694 Καὶ
2481 5625 2717 5689 κακίας.
2746 5625 2810 5687 Λ,
2847 5624 2889 5675 Β
2921 5623 2996 5694 μὴ
3018 5625 3240 5686 κακίας.

2201 5693 2311 5766 (46)
2347 5693 2888 5766 ἘμπεσούςηςηΛ,
2910 5693 2953 5745 Β
2979 5693 3274 5764 πεσούσης.

2197 5759 2310 5832 (47)
2345 5759 2621 5818 Φῦονται.
2653 5764 2715 5817 Β.
2740 5759 2994 5832 φύοντας.

2200 5771 2288 5832 (47
2345 5771 2621 5818 Φὺονται.
2653 5771 2715 5817 Β.
2740 5771 2994 5832 φύοντας.

2200 5771 2312 5912 (48)
2335 5834 2563 5904 Χρόνον
2594 5834 2914 5906 ἀμφότερα.
2947 5835 2991 5889 Β
3013 5834 3300 5907 ἀμφότερα
3322 5834 3535 5904 χρόνον.

2133 5987 2190 6005 νδ·

3275 4772 3637 4848 μεταϐαίνειν.
3665 4770 3706 4826 Β
