3990 6202
511 364 608 422 "9

1801 368 1856 422 S.
1899 365 2223 422 GREGURII
2259 366 2551 424 NYSSENI

3665 377 3784 434 120

507 483 683 538 nihilo
719 482 973 537 ducetur.
1023 481 1156 536 Nam
1188 482 1372 537 omnia
1419 499 1648 553 prorsus
1695 484 1746 537 iu
1801 489 2072 552 potestate

2177 481 2358 535 Πάντα
2412 484 2521 556 γάρ
2564 485 2778 549 πάντως
2821 485 2914 540 ἐπὶ
2953 486 3032 556 τῷ
3074 487 3289 559 φέροντι
3337 489 3608 554 κείσεται,
3670 497 3777 547 καὶ

508 581 713 629 temere
743 574 1010 643 rapientis
1036 581 1090 629 et
1118 573 1421 630 aufereutis
1452 577 1684 629 fortuna:
1709 576 1816 630 sita
1873 583 2072 639 erunt;

509 681 687 733 neque
727 666 833 720 vita
871 665 1170 737 quidquam
1212 667 1427 722 differet
1462 680 1492 721 a
1528 669 1758 722 navibus
1798 669 2074 737 guberna-

511 766 626 812 tore
653 759 994 822 careutibus,
1020 768 1552 815 armamentorumve
1584 760 1927 828 expertibus,
1953 774 2076 829 qua!

511 850 750 904 fortuitis
779 851 998 905 casibus
1024 858 1282 921 tauquam
1306 850 1559 912 fluctibus
1585 850 1910 920 quihusdam
1941 850 2076 906 alias

507 939 576 993 ad
611 941 779 994 alium
818 942 1086 995 bonorum
1125 943 1466 998 malorumve
1498 955 1688 997 casum
1725 942 1880 1011 quasi
1919 941 2076 1010 traji-

508 1033 688 1087 ciatur
711 1041 874 1102 atque
900 1033 1234 1089 traducatur.
1259 1034 1375 1088 Non
1399 1035 1543 1088 enim
1571 1034 1809 1097 lucrum,
1835 1034 1979 1103 quod
2010 1049 2076 1089 ex

511 1125 713 1179 virtute
746 1127 1049 1195 contingit,
1083 1127 1266 1181 inesse
1300 1134 1482 1194 potest
1509 1126 1577 1181 iis
1609 1142 1841 1195 quorum
1878 1134 2075 1178 natura

509 1230 575 1269 ex
602 1215 884 1270 contrario
915 1216 1248 1286 principium
1279 1216 1464 1270 habet.
1498 1214 1634 1268 Nam
1666 1215 1935 1284 siquidem
1965 1216 2076 1269 vita

511 1311 699 1360 nostra
735 1305 1000 1360 divinitus
1036 1306 1396 1376 gubernatur,
1431 1304 1656 1360 dttbitun
1691 1320 1800 1359 non
1841 1305 2076 1374 amplius

509 1411 632 1452 esse
673 1396 873 1466 poterit
910 1397 1039 1464 quin
1077 1395 1347 1450 vitiositas
1392 1396 1514 1449 vita:
1557 1404 1760 1450 nostra:
1791 1411 1897 1450 non
1940 1411 2074 1464 pra:-

509 1487 599 1540 sit.
635 1487 731 1540 Sin
763 1495 944 1544 autem
975 1501 1072 1556 per
1107 1486 1299 1544 vitium
1332 1500 1397 1540 ac
1429 1486 1734 1554 nequitiam
1769 1486 2076 1553 nascimur,

512 1579 729 1652 penitus
771 1593 836 1638 ac
884 1595 1111 1648 prorsus
1154 1579 1354 1638 vitiose
1394 1594 1458 1632 ac
1507 1579 1758 1648 nequiter
1807 1579 2075 1634 vivemus.

508 1668 779 1736 Quocirca
830 1684 988 1740 nugae
1034 1684 1100 1723 ac
1133 1668 1492 1724 deliramenta
1531 1684 1628 1739 per
1662 1668 1779 1731 haec
1817 1683 1940 1729 esse
1977 1669 2078 1724 de-

510 1759 965 1815 monstrabuntur
995 1768 1118 1829 post
1159 1759 1301 1814 hanc
1337 1759 1501 1813 vitam
1538 1758 1721 1815 futura
1746 1759 1956 1829 judicia
1978 1800 1992 1824 ,
2025 1766 2079 1818 et

512 1867 611 1920 pro
659 1852 858 1906 merito
907 1851 1289 1920 compensatio
1344 1857 1508 1920 atque
1565 1850 1968 1913 remuneratio,
2023 1857 2078 1904 et

510 1959 852 2013 quaecunque
885 1944 987 1998 alia
1019 1942 1084 1996 ad
1115 1941 1409 2001 tollendam
1436 1941 1790 1999 vitiositatem
1816 1941 2079 1996 dicuntur

509 2043 565 2092 et
592 2035 916 2094 creduntur.
947 2033 1083 2088 Nam
1113 2033 1207 2104 qui
1238 2033 1355 2088 fieri
1383 2041 1562 2103 potest
1597 2043 1655 2092 ut
1689 2033 1854 2088 homo
1882 2035 2078 2102 nequi—

509 2127 600 2180 tia:
633 2125 863 2196 vitiique
890 2139 1087 2195 expers
1119 2125 1233 2188 sit,
1266 2124 1360 2193 qui
1394 2139 1493 2193 per
1525 2122 1879 2178 vitiositatem
1913 2131 2076 2176 natus

509 2216 623 2278 sit?
657 2216 945 2286 Quomodo
987 2217 1116 2270 item
1166 2214 1425 2273 alacritas
1465 2213 1632 2273 animi
1668 2215 1918 2283 quaedam
1955 2221 2075 2269 stu-

509 2309 773 2379 tliumque
821 2307 887 2362 ad
937 2307 1105 2360 vitam
1153 2321 1280 2363 cum
1328 2305 1528 2360 virtute
1563 2304 1829 2375 agendam
1868 2304 2074 2358 homini

508 2399 720 2458 innasci
746 2397 954 2470 possit,
983 2397 1144 2467 cujus
1177 2403 1371 2450 natura
1397 2411 1429 2450 a
1452 2395 1777 2460 vitiositate,
1802 2403 1862 2450 ut
1897 2394 2074 2459 aiunt,

507 2490 842 2563 principium
876 2490 1085 2545 habet?
1121 2487 1192 2545 lJt
1224 2489 1371 2545 enim
1405 2487 1612 2542 nullum
1641 2503 1708 2541 ex
1738 2487 1918 2542 brutis
1951 2488 2076 2540 ani-

506 2584 744 2639 malibus
769 2582 1049 2637 hominum
1083 2594 1234 2636 more
1267 2580 1416 2650 loqui
1447 2588 1700 2644 conatur,
1736 2593 1802 2633 ac
1835 2578 2076 2632 naturali

506 2685 882 2746 consuetaque
907 2682 962 2730 et
991 2674 1046 2729 in
1078 2688 1187 2744 qua
1215 2671 1480 2727 innutrita
1511 2680 1642 2726 sunt
1672 2686 1805 2727 voce
1835 2672 2074 2739 utentia,

507 2768 643 2829 nihil
671 2767 776 2823 sibi
811 2765 1125 2821 detrimenti
1162 2763 1432 2824 accidisse
1463 2768 1693 2836 putant,
1730 2763 1776 2818 si
1811 2763 2078 2819 orationis

507 2873 574 2912 ac
597 2858 872 2914 sermonis
899 2857 1144 2926 expertia
1176 2857 1288 2916 sint
1313 2874 1326 2910 :
1359 2854 1552 2910 eodem
1583 2855 1746 2910 modo
1769 2856 1933 2909 etiam
1964 2855 2043 2910 illi
2062 2898 2076 2922 ,

507 2948 603 3020 qui
631 2947 822 3004 vitium
845 2961 909 3002 ac
933 2947 1235 3020 nequitiam
1258 2944 1577 3001 existimant
1599 2960 1722 3000 esse
1748 2945 2078 3018 principium

2108 1813 2150 1869 Β

2176 575 2326 632 οὐδὲν
2358 577 2387 629 ό
2412 576 2525 646 βίος
2556 577 2742 632 διοίσει
2772 579 2880 632 τῶν
2934 581 3346 651 ἀνερματίστων
3373 581 3486 653 (71)
3529 583 3777 647 πλοίων,

2175 669 2295 730 ταῖς
2341 667 2668 738 αὐτομάτοις
2709 668 3037 740 συντυχίαις,
3075 665 3186 723 οἷόν
3210 689 3319 724 τισι
3356 671 3625 742 κύμασιν.
3671 673 3778 724 ἄλ-

2176 757 2295 810 λοτε
2324 757 2435 828 (72)
2466 758 2600 829 πρὸς
2624 759 2790 830 ἄλλην
2827 760 3009 814 καλῶν
3036 760 3069 831 ἢ
3097 761 3314 830 φαύλων
3348 764 3444 816 σὺν
3471 763 3617 834 τύχῃ
3648 765 3776 830 (75)

2179 849 2658 921 μεθορμιζόμενος.
2694 851 2768 904 Οὐ
2801 852 2910 923 γὰρ
2940 852 3055 906 ἐστι
3084 853 3144 906 τὸ
3164 853 3222 919 ἐξ
3241 855 3438 924 ἀρετῆς
3463 854 3576 923 (74)
3602 857 3778 922 ἐγγε-

2174 940 2359 994 νέσθαι
2397 941 2606 1012 κέρδος,
2641 937 2721 1005 οἷς
2745 943 2778 1014 ἡ
2805 943 2964 1011 φύσις
2991 945 3056 997 ἐκ
3080 944 3189 998 τῶν
3215 945 3468 997 ἐναντίων
3495 945 3615 1015 (75)
3663 947 3775 1015 τὴν

2176 1033 2350 1106 ἀρχὴν
2377 1033 2510 1104 ἔχει.
2554 1035 2615 1088 Ei
2643 1034 2740 1105 μέν
2772 1034 2881 1105 γὰρ
2915 1035 3098 1088 θεόθεν
3129 1036 3488 1104 οἰκονομεῖται
3526 1035 3695 1105 ἡμῶν
3735 1038 3771 1106 η

2177 1122 2311 1196 ζωὴ,
2350 1124 2412 1182 τὸ
2441 1125 2499 1183 δέ
2537 1125 2650 1196 (76)
2688 1126 2890 1180 κακίαν
2931 1125 3224 1196 κατάρχειν
3260 1126 3361 1196 τῆς
3401 1126 3547 1196 ζωῆς
3597 1125 3771 1196 ἡμῶν

2179 1216 2632 1285 συνομολογεϊται.
2676 1217 2811 1270 Είδέ
2831 1217 2897 1270 δι’
2940 1217 3154 1287 ἐκείνης
3179 1216 3455 1288 φυόμεθα,
3485 1218 3669 1286 πάντη
3699 1233 3766 1268 τε

2177 1305 2269 1356 καὶ
2305 1305 2519 1370 πάντως
2556 1308 2674 1360 κατ’
2713 1308 2884 1378 αὐτὴν
2922 1306 3288 1379 βιοτεύσομεν.
3319 1308 3499 1379 Λῆρος
3536 1304 3636 1362 οῦν
3669 1308 3767 1362 διὰ

2177 1397 2379 1450 τούτων
2436 1398 2915 1470 ἀποδειχθήσεται,
2952 1400 3023 1454 τά
3060 1402 3200 1470 μετά
3226 1401 3316 1454 τὸν
3357 1401 3482 1472 τῇδε
3517 1400 3637 1471 βίον
3681 1401 3766 1454 δι-

2179 1487 2480 1558 καιωτήρια
2501 1504 2516 1518 ο
2544 1487 2638 1541 καὶ
2665 1488 2698 1558 ἡ
2733 1488 2870 1559 πρὸς
2896 1488 3010 1559 (77)
3045 1488 3203 1555 ἀξίαν
3239 1489 3596 1550 ἀνταπόδοσις
3619 1489 3766 1559 (78),

2178 1579 2272 1632 καὶ
2300 1579 2399 1631 ὅσα
2421 1578 2555 1633 ἄλλα
2576 1581 2711 1650 πρὸς
2735 1580 3012 1650 ἀναίρεσιν
3047 1579 3148 1649 τῆς
3181 1580 3380 1642 κακίας
3399 1578 3617 1646 λέγεται
3663 1581 3766 1632 καὶ

2179 1667 2532 1722 πεπίστευται
2559 1667 2692 1738 (79).
2717 1667 2840 1730 Πῶς
2867 1666 2975 1738 γάρ
3002 1666 3223 1721 δυνατὸν
3251 1665 3355 1730 ἔξω
3385 1664 3591 1735 ταύτης
3618 1660 3766 1719 εἶναι

2178 1761 2270 1815 τὸν
2290 1761 2572 1833 ἄνθρωπον
2597 1759 2692 1813 τὸν
2722 1761 2788 1814 δι’
2808 1760 3022 1831 ἐκείνης
3056 1759 3257 1828 φύντα;
3281 1758 3405 1822 Πῶς
3424 1757 3480 1811 δέ
3513 1759 3613 1812 καὶ
3641 1758 3765 1828 (80)

2178 1853 2321 1924 ὁρμή
2367 1869 2451 1916 τις
2501 1851 2715 1920 ἐγένετο
2770 1850 2884 1920 (81)
2940 1849 3298 1921 προαιρετικὴ
3353 1847 3432 1919 τῷ
3479 1845 3766 1918 ἀνθρώπῳ

2179 1946 2312 2016 πρὸς
2355 1943 2445 1996 τὸν
2480 1943 2600 2000 κατ’
2639 1942 2842 2014 ἀρετὴν
2883 1941 3016 2012 βίον,
3071 1935 3193 2012 οῦὴ
3235 1939 3396 2010 φύσις
3433 1941 3497 1992 ἐκ
3529 1938 3761 2001 κακίας,

2174 2034 2250 2099 ὡς
2287 2035 2522 2103 λέγουσι,
2555 2033 2654 2104 τὴν
2693 2032 2866 2105 ἀρχὴν
2903 2031 3052 2102 ἕχει;
3105 2033 3193 2095 Ὠς
3221 2032 3330 2103 γάρ
3363 2031 3462 2085 οὐκ
3484 2032 3763 2101 ἐπιχειρεῖ

2174 2142 2227 2177 τι
2269 2123 2376 2178 τῶν
2410 2125 2618 2193 ἀλόγων
2645 2123 2756 2195 (82)
2797 2124 3156 2196 ἀνθρωπικῶς
3187 2121 3547 2194 φθέγξασθαι,
3587 2124 3661 2193 τῇ
3694 2122 3758 2174 δέ

2177 2215 2461 2286 συντρόφῳ
2503 2218 2597 2270 καὶ
2648 2214 2786 2269 κατά
2831 2215 2992 2284 φύσιν
3034 2214 3344 2286 κεχρημένα
3379 2217 3552 2285 φωνῇ,
3595 2214 3756 2266 οὐδε-

2179 2307 2307 2378 μίαν
2334 2310 2548 2377 ἡγεῖται
2579 2306 2781 2379 ζημίαν
2807 2306 3137 2379 ἀμοιροῦντα
3163 2305 3240 2377 τῷ
3266 2306 3408 2376 λόγῳ
3434 2305 3544 2376 (8⁸5)
3567 2319 3580 2333 ·
3607 2305 3758 2358 κατὰ

2173 2399 2265 2451 τὸν
2309 2399 2470 2457 αὐτὸν
2521 2399 2740 2472 τρόπον,
2797 2399 2892 2452 καὶ
2927 2393 3009 2461 οἷς
3046 2398 3274 2469 ἡκακία
3309 2398 3418 2468 (84)
3469 2396 3757 2467 νομίζεται

2176 2485 2313 2543 εἶναι
2343 2490 2444 2560 τῆς
2475 2489 2620 2559 ζωῆς
2643 2489 2785 2561 ἀρχὴ
2814 2488 2926 2559 (85)
2963 2490 3058 2541 καὶ
3091 2487 3239 2540 αἰτία
3259 2525 3274 2553 ,
3300 2487 3400 2539 οὐκ
3429 2485 3494 2539 ἂν
3523 2487 3602 2548 είς
3625 2487 3753 2538 ἐπι-

2177 2581 2374 2651 θυμίαν
2401 2580 2604 2641 ἔλθοιεν
2641 2581 2738 2651 τῆς
2777 2580 2997 2650 ἀρετῆς,
3037 2577 3112 2642 ὡς
3140 2577 3244 2644 ἔξω
3273 2577 3374 2646 τῆς
3407 2575 3621 2646 φύσεως
3649 2575 3755 2628 αὑ-

2175 2673 2284 2726 τῶν
2307 2672 2493 2744 οὔσης.
2553 2671 2711 2726 Ἀλλά
2761 2671 2866 2746 μὴν
2906 2672 3038 2725 πᾶσι
3081 2671 3192 2733 τοῖς
3229 2667 3656 2739 κεκαθαρμένοις
3686 2669 3755 2719 ἐκ

2175 2765 2452 2836 λογισμῶν
2487 2765 2585 2838 τὴν
2610 2765 2786 2835 ψυχὴν
2813 2763 2902 2817 διὰ
2931 2761 3166 2830 σπουδῆς
3191 2777 3250 2814 τε
3280 2758 3374 2814 καὶ
3400 2756 3693 2828 ἐπιθυμίας
3722 2759 3753 2810 ὁ

2179 2857 2298 2910 κατ’
2330 2855 2440 2926 (86)
2495 2855 2694 2926 ἀρετὴν
2754 2854 2867 2926 βίος
2927 2852 3072 2906 ἐστίν
3103 2850 3234 2922 (87).
3290 2851 3432 2918 Ἀρα
3485 2846 3573 2900 διὰ
3622 2847 3750 2899 τού-

2177 2964 2284 3001 των
2311 2947 2423 3016 (88)
2475 2945 2661 3016 σαφῶς
2698 2944 3116 3008 ἀποδείκνυται,
3158 2941 3219 2994 τὸ
3251 2940 3327 3014 μὴ
3372 2937 3752 3010 πρεσϐυτέραν

508 3047 563 3096 et
600 3054 825 3102 causam
864 3039 1024 3104 vitae,
1059 3037 1127 3093 ad
1161 3036 1523 3109 expetendam
1559 3037 1817 3094 virtutem
1839 3077 1854 3103 ,
1891 3044 2076 3106 utpote

2180 3037 2319 3094 εἶναι
2360 3039 2457 3111 τῆς
2505 3039 2651 3109 ζωῆς
2695 3037 2792 3108 τὴν
2823 3036 3053 3102 κακίαν,
3105 3036 3229 3106 μήτ’
3260 3033 3369 3103 (89)
3405 3031 3612 3085 ἐκεῖθεν
3649 3031 3751 3094 τὰς

507 3150 630 3209 qua:
664 3141 823 3188 extra
865 3138 1120 3188 naturam
1168 3145 1360 3188 eorum
1403 3129 1512 3194 sit,
1563 3127 1762 3184 adduci
1797 3143 1906 3184 non
1954 3144 2076 3199 pos-

2184 3135 2402 3202 πρὼτας
2441 3129 2615 3202 ἀρχὰς
2651 3129 2940 3200 ἐσχηκέναι
2962 3127 3059 3199 τὴν
3087 3127 3266 3196 φύσιν,
3298 3124 3432 3179 ἀλλὰ
3457 3123 3752 3193 κατάρχειν

507 3227 642 3282 sint.
681 3223 846 3295 Atqui
883 3239 1073 3280 omnes
1113 3222 1207 3294 qui
1247 3221 1556 3276 rationibus
1605 3221 1844 3274 animam
1879 3236 2078 3290 purga-

508 3327 620 3372 tam
658 3317 897 3380 habent,
931 3315 1101 3370 vitam
1131 3331 1253 3385 qua:
1303 3329 1430 3369 cum
1475 3314 1682 3369 virtute
1718 3314 2078 3383 transigatur,

507 3424 726 3466 smnmo
755 3409 940 3466 studio
970 3417 1234 3478 appetunt
1273 3415 1438 3476 atque
1475 3408 1901 3478 concupiscunt.
1941 3407 2082 3478 Ergo

509 3517 608 3571 per
644 3501 748 3555 hoc
788 3509 975 3570 aperte
1005 3500 1418 3554 demonstratur
1449 3499 1804 3555 vitiositatem
1839 3501 1949 3554 vita
1985 3515 2082 3554 an-

508 3592 803 3669 tiquiorem
831 3606 940 3650 non
968 3605 1092 3649 esse
1121 3609 1135 3645 :
1165 3605 1344 3661 neque
1372 3589 1526 3645 illinc
1551 3591 1782 3661 primam
1811 3591 2078 3662 originem

510 3683 1096 3746 naturam'liabuisse,
1131 3683 1228 3738 sed
1273 3682 1398 3736 vita!
1447 3692 1657 3738 naturae
1700 3692 1984 3739 auctorem
2027 3692 2081 3739 et

511 3789 734 3835 causam
765 3791 888 3835 esse
918 3775 1245 3845 sapientiam
1275 3774 1408 3840 Dei,
1437 3791 1562 3845 qua:
1596 3790 1778 3830 rerum
1811 3782 2069 3828 naturam

512 3866 824 3921 universam
856 3865 1206 3922 administrat
1235 3873 1401 3937 atque
1428 3866 1713 3936 gubernat.
1738 3865 1874 3921 Cum
1899 3875 2077 3922 autem

511 3954 694 4015 anima
733 3954 1194 4032 quemadmodum
1234 3956 1472 4011 creatori
1511 3957 1725 4026 placet,
1782 3957 1837 4011 in
1892 3972 2078 4012 rerum

511 4055 761 4105 naturam
802 4049 1152 4123 provenerit,
1200 4057 1334 4103 tunc
1368 4049 1434 4102 ad
1474 4049 1764 4110 arbitrium
1814 4065 1934 4106 eam
1979 4050 2080 4106 eli-

511 4151 673 4204 gere,
727 4135 872 4214 quod
911 4138 1122 4208 placeat
1161 4146 1324 4211 atque
1360 4139 1511 4194 cordi
1556 4139 1663 4203 sit,
1710 4150 1766 4194 et
1806 4140 2077 4211 quidquid

510 4244 608 4296 per
643 4229 958 4284 facultatem
993 4232 1225 4302 eligendi
1257 4231 1606 4286 arbitrarium
1642 4247 1767 4288 esse
1797 4233 2074 4300 voluerit,

509 4322 562 4374 id
597 4323 762 4376 etiam
802 4323 1053 4377 evadere.
1079 4307 1254 4377 .Hauc
1284 4333 1465 4378 autem
1502 4325 1829 4387 sententiam
1863 4325 2077 4385 discere

509 4413 788 4482 possimus
823 4413 891 4465 ab
923 4413 1280 4467 similitudine
1313 4415 1489 4478 oculi,
1521 4416 1612 4485 qui
1648 4424 1708 4469 ut
1741 4417 1923 4478 videat
1953 4422 2076 4489 qui-

2185 3223 2338 3293 ήμῶν
2374 3225 2472 3293 τῆς
2503 3221 2646 3292 ζωῆς
2689 3221 2789 3292 τὴν
2829 3221 2890 3274 τὸ
2935 3222 3042 3274 πᾶν
3073 3216 3456 3288 οίκονομοῦσαν
3478 3217 3571 3269 τοῦ
3613 3215 3749 3269 Θεοῦ

2185 3313 2392 3382 σοφίαν.
2448 3310 2737 3366 Ἐλθοῦσαν
2786 3311 2842 3364 δέ
2876 3312 2956 3375 είς
2985 3310 3200 3380 γένεσιν
3239 3308 3338 3380 τὴν
3387 3307 3564 3378 ψυχὴν
3609 3305 3751 3359 κατά

2179 3406 2272 3458 τὸν
2300 3404 2602 3475 ἀρέσκοντα
2640 3404 2842 3476 τρόπον
2879 3403 2957 3474 τῷ
2987 3403 3257 3470 κτίσαντι,
3284 3402 3405 3455 τότε
3445 3399 3563 3453 κατ’
3595 3398 3747 3462 ἐξου-

2183 3499 2302 3554 σίαν
2347 3499 2515 3570 αὐτὴν
2552 3500 2824 3573 αἱρεῖσθαι
2863 3499 2924 3552 τὸ
2969 3497 3110 3554 κατά
3141 3497 3364 3570 γνώμην
3399 3497 3464 3551 ἐκ
3505 3496 3601 3566 τῆς
3633 3495 3748 3567 (90)

2180 3593 2573 3664 προαιρετικῆς
2589 3592 2888 3664 δυνάμεως,
2911 3592 2939 3646 ὅ
2958 3591 3011 3645 τί
3028 3609 3132 3663 περ
3159 3591 3225 3645 ἂν
3253 3590 3424 3643 ἐθέλει
3453 3589 3560 3661 (91)
3588 3587 3746 3641 τοῦτο

2181 3685 2278 3738 καὶ
2315 3685 2624 3756 γινομένην.
2654 3682 2937 3754 Μάθοιμεν
2963 3684 3008 3738 δ’
3034 3683 3102 3737 ἂν
3129 3682 3220 3736 τὸν
3243 3682 3398 3752 λόγον
3425 3682 3488 3735 ἐκ
3513 3679 3602 3734 τοῦ
3635 3681 3742 3733 τῶν

2177 3775 2473 3848 ὀφθαλμῶν
2501 3777 2610 3848 (9Ξ)
2627 3775 3040 3846 ὑποδείγματος,
3072 3767 3116 3842 ᾧ
3150 3776 3210 3828 τὸ
3233 3775 3484 3846 μένζὸρᾷν
3513 3775 3654 3826 ἐστιν
3675 3775 3739 3828 ἐκ

2178 3884 2401 3937 φυσεως
2441 3868 2502 3921 τὸ
2519 3868 2576 3926 δέ
2605 3868 2679 3940 μὴ
2707 3869 2837 3939 ὁρᾷν
2862 3868 2926 3920 ἐκ
2947 3867 3321 3940 προαιρέσεως
3341 3866 3375 3936 ἢ
3399 3865 3492 3920 καὶ
3520 3863 3736 3927 πάθους.

2179 3959 2393 4014 Γένοιτο
2430 3959 2540 4032 γὰρ
2583 3960 2648 4015 ἄν
2678 3977 2806 4012 ποτε
2841 3961 2935 4014 καὶ
2985 3959 3046 4012 τὸ
3095 3959 3246 4030 παρὰ
3281 3957 3443 4028 φύσιν
3470 3957 3579 4027 (95)
3622 3956 3740 4009 ἀντὶ

2178 4051 2277 4121 τῆς
2305 4048 2536 4120 φύσεως,
2559 4049 2592 4120 ἢ
2622 4049 2882 4112 ἑκουσίως
2909 4048 3052 4112 τινὸς
3083 4049 3174 4101 τὸν
3195 4047 3470 4117 ὀφθαλμὸν
3499 4046 3738 4117 μύοντος,

2178 4141 2211 4212 ἢ
2264 4143 2329 4196 ἐκ
2370 4141 2574 4205 πάθους
2615 4142 2966 4212 στερηθέντος
3010 4141 3106 4213 τῆς
3136 4139 3328 4210 ὅψεως.
3373 4138 3555 4200 Οὕτως
3591 4137 3738 4192 ἐστιν

2178 4235 2371 4298 είπεῐν,
2409 4236 2504 4290 καὶ
2541 4237 2608 4307 τῇ
2669 4235 2813 4308 ψυχῇ
2849 4235 3030 4289 θεόθεν
3066 4236 3162 4306 μὲν
3211 4226 3350 4285 εἶναι
3402 4231 3501 4300 τὴν
3544 4230 3737 4283 σύστα-

2182 4344 2266 4381 σιν
2305 4327 2439 4399 (94),
2475 4327 2742 4400 μηδεμιᾶς
2776 4328 2832 4382 δέ
2876 4327 3170 4398 νοουμένης
3203 4324 3330 4396 περ).
3359 4323 3419 4376 τὸ
3449 4323 3598 4376 Θείον
3636 4340 3738 4376 κα-

2179 4418 2321 4482 κίας,
2354 4419 2458 4486 ἐξω
2487 4419 2586 4488 τῆς
2615 4418 2735 4473 κατ’
2769 4420 2938 4490 αὐτὴν
2971 4418 3212 4488 ἀνάγκης
3237 4412 3408 4469 εἶναιτ
3451 4414 3737 4486 γενομένην

507 4504 631 4556 dem
661 4518 690 4564 a
725 4511 920 4557 natura
939 4504 1121 4566 habet,
1153 4511 1212 4557 ut
1243 4513 1425 4559 autem
1461 4483 1795 4573 nonvidoat,
1826 4525 1891 4564 ex
1921 4483 2072 4564 arbi-

2179 4510 2237 4563 δὲ
2273 4483 2448 4574 οὕτως
2483 4483 2555 4581 τῆ
2586 4510 2692 4581 ἰδίᾳ
2726 4483 2919 4582 γνώμη
2953 4483 3181 4581 πρὸς-τδ
3205 4507 3393 4561 δοκοῦν
3435 4483 3676 4574 ἄγεσθαι,
3697 4483 3735 4577 Vi)

507 4593 620 4646 trio
659 4609 722 4648 ac
756 4595 1101 4664 praecedente
1131 4595 1442 4659 voluntate,
1479 4597 1565 4651 vel
1616 4598 1778 4654 etiam
1827 4615 1893 4657 ex
1943 4602 2076 4657 vitio

2181 4602 2246 4654 ἐκ
2273 4600 2640 4672 προαιρέσεως
2661 4601 2798 4671 πρὸς
2824 4601 2886 4654 τὸ
2913 4600 3074 4653 καλὸν
3095 4598 3450 4669 ἐπιμύουσαν,
3477 4598 3509 4670 ἢ
3537 4595 3594 4660 ἐξ
3624 4597 3737 4648 ἐπισ

507 4694 672 4754 atque
709 4684 1044 4739 calamitate.
1086 4683 1194 4738 Pro
1223 4694 1420 4740 natura
1448 4686 1594 4742 enim
1633 4688 1926 4757 aliquando
1961 4691 2076 4745 ficri

2185 4691 2382 4761 ϐουλῆς
2414 4691 2507 4744 τοῦ
2539 4692 2908 4756 συνοικοῦντος
2940 4690 3096 4762 ήμῶν
3123 4692 3188 4762 τῇ
3220 4689 3333 4760 ζωῇ
3369 4688 3598 4764 πολέμου
3628 4685 3736 4757 (95)

509 4782 693 4844 potest
723 4775 890 4831 etiam
927 4775 983 4831 id
1013 4775 1156 4845 quod
1190 4782 1388 4846 praeter
1417 4786 1671 4835 naturam
1704 4788 1821 4844 est,
1855 4789 1949 4835 aut
1980 4795 2074 4836 vo-

2181 4783 2273 4838 τδν
2305 4781 2577 4855 ὀφθαλμὸν
2623 4765 3024 4855 βλαπτομένην,
3062 4782 3157 4837 καὶ
3195 4783 3254 4835 ἐν
3289 4779 3366 4853 τῷ
3407 4780 3504 4851 τῆς
3535 4777 3737 4850 ἀπάτης

740 4954 1226 5029 ξΑΥερματΨτεοτς.
1254 4954 1294 5006 Α
1325 4955 1378 5008 in
1414 4955 1654 5026 margine
1669 4955 2070 5029 ἁκυϐερνήτων.

728 5023 998 5083 "Allata.
1035 5025 1077 5076 B
1121 5025 1247 5078 ἄλλο
1267 5037 1339 5078 τι.

721 5091 846 5168 Σὺν
876 5094 1143 5168 τρχῃᾷᾼ,
1175 5093 1546 5168 Βμσυντυχίαν.

611 5162 698 5243 ΖΞ)
729 5162 1001 5243 Ἀρεῖῆς-
1032 5165 1344 5243 βάρκῆςοη
1403 5162 1456 5243 ’-

607 5234 693 5293 75)
727 5233 850 5288 Τῶν
872 5233 1179 5287 ἐναντίων.
1209 5233 1273 5298 Α,
1307 5233 1348 5284 Β
1368 5233 1458 5286 τοῦ
1485 5235 1747 5289 ἐναντίου.

607 5304 695 5367 76)
735 5306 806 5360 Τὸ
836 5303 924 5358 δέ.
956 5311 1020 5370 Α,
1041 5305 1082 5356 Β
1103 5303 1163 5356 τὸ
1177 5303 1344 5425 ἑιηδέ.

607 5373 694 5425 77)
733 5375 802 5425 'H
821 5375 988 5425 :rodc.
1014 5376 1078 5425 Αἱ
1101 5391 1176 5425 πο
1209 5391 1255 5425 ς.

641 5374 694 5444 7)
733 5375 802 5429 Ἡ
821 5375 988 5442 πρός.
1014 5376 1078 5427 Αἱ
1101 5374 1255 5444 πρός.

610 5444 698 5510 '18)
736 5445 1176 5509 Ἀνταπόδοσις.
1202 5444 1244 5495 Β
1270 5444 1667 5510 ἀνταποδόσεις.

587 5513 694 5580 (79)
715 5515 1126 5569 Πεπίστευται.
1153 5515 1195 5566 Β
1227 5515 1562 5569 πιστεύεται.

573 5581 683 5650 ,ς8θ’
725 5584 798 5636 Δὲ
825 5585 924 5636 καί
930 5621 943 5634 .
963 5586 1007 5636 Α
1038 5586 1079 5636 Β
1099 5585 1142 5637 δ’
1165 5583 1232 5636 ἂν
1258 5581 1367 5640 καί.

589 5587 699 5720 :81)
739 5652 1028 5718 Ἐγένετο.
1052 5655 1118 5716 Α,
1154 5653 1195 5704 Β
1231 5654 1360 5720 ἐγγέ

589 5651 699 5722 ζδί)
739 5652 1028 5722 Ἐγένετο.
1052 5653 1195 5722 ΑηΒ
1231 5654 1526 5722 ἐγγένοιτο.

589 5719 700 5788 ,(82)
739 5721 1007 5788 Ἁλόγων.
1037 5725 1102 5786 Λ,
1129 5721 1191 5774 Β.
1222 5719 1429 5776 addunt
1461 5721 1632 5785 ζώων.

581 5785 696 5854 (85)
737 5789 821 5858 Τῷ
840 5785 1020 5859 λόγῳ.
1057 5785 1124 5858 Α,
1148 5791 1188 5842 Β
1214 5791 1306 5843 τοῦ
1333 5791 1510 5860 λόγου.

606 4952 664 5006 Ἴ

606 4952 664 5006 Ἴ

469 5077 482 5091 η
578 4952 673 5091 in

605 5093 670 5146 75

675 4952 694 5158 Ξ

2255 4963 2368 5032 (84)
2399 4963 2469 5018 Ἦ
2485 4964 2682 5018 κακία.
2713 4965 2754 5016 Β
2775 4964 2962 5019 κακία.

2254 5033 2366 5121 (ἐξ)
2408 5035 2726 5121 Ἀρχὴ-,ΑΛ
2757 5035 2919 5121 ἀρχή·

2253 5103 2366 5172 (86)
2411 5103 2472 5156 Ὀ
2496 5103 2902 5158 κατηθέστὶνὸ
2936 5103 3077 5157 κατ’.

2251 5175 2367 5238 (87)
2411 5174 2636 5227 Ἐστίν.
2661 5174 2806 5228 Delet
2820 5174 2880 5227 Β.

2251 5242 2363 5312 (88)
2397 5245 2643 5312 Τούτων.
2669 5245 2732 5305 Δ,
2765 5243 2806 5295 Β
2825 5243 3036 5298 τούτου.

2252 5311 2362 5387 (ξω
2390 5311 2560 5387 μήτε
2581 5317 2653 5387 _A.
2680 5314 2739 5387 β·
2761 5313 2929 5387 μηδέ.

2253 5380 2365 5450 (90)
2415 5384 2513 5436 Ἐκ
2533 5382 2659 5449 τῆς.
2686 5382 2729 5436 Α
2759 5380 2810 5437 in
2835 5380 3080 5452 margine
3096 5380 3201 5433 διά.

2250 5452 2364 5520 (91)
2409 5454 2651 5522 Ἑθέλει.
2681 5455 2742 5516 Α,
2771 5453 2811 5503 B
2833 5451 3008 5522 ἐθέλῃ.

2249 5523 2362 5592 (92)
2390 5521 2511 5575 Τῶν
2531 5522 2867 5591 ὀφθαλμῶν.
2886 5524 2956 5592 (Α,

2247 5593 2359 5660 (95)
2389 5593 2600 5646 Φύσιν.
2631 5594 2674 5645 Λ
2698 5593 2796 5660 τὴν
2826 5591 3007 5659 φύσιν.

2251 5661 2360 5733 (SM)
2400 5664 2759 5733 Σύστιιστιν.
2795 5662 2858 5733 Α,
2900 5662 2940 5713 Β
2968 5661 3226 5733 σύστασιν
3256 5660 3443 5732 αὐτῆς.

2254 5731 2365 5802 (95)
2405 5733 2694 5800 Πολέμου.
2732 5732 2795 5796 Δ,
2826 5732 2865 5782 Β
2905 5731 3182 5804 πολεμίου.

3045 5521 3187 5576 κατὰ
3211 5521 3302 5574 τὸν
3330 5518 3618 5591 ὀφθαλμόν.
