3990 6202
296 373 394 429 121
1432 369 1516 423 DE
1553 369 1771 426 ANIMA
1807 371 1873 427 E'l

1980 364 2533 428 ESURRECTIONE.
3467 359 3570 415 I22

301 487 650 558 βιοτεύουσαν
682 486 795 558 (96)
827 486 1033 554 σκότει,
1079 487 1175 540 καὶ
1213 487 1272 540 τὸ
1302 486 1416 558 (97)
1446 485 1682 557 ἔμπαλιν
1714 487 1873 541 καθα-

1989 487 2197 541 luntate
2230 500 2330 541 sua
2363 483 2558 540 oculos
2591 479 2777 550 aliquo
2807 477 3137 541 claudente,
3172 486 3266 531 aut
3298 493 3362 532 ex
3397 477 3567 530 inl’or—

304 581 416 651 ρῶς
459 581 591 650 πρὸς
638 579 738 649 τὴν
786 578 1045 650 ἀλήθειαν
1096 579 1432 650 βλέπουσαν,
1495 577 1685 649 πόρρω
1743 577 1873 646 γίνε-

1993 577 2148 630 tunio
2183 587 2346 644 atque
2375 573 2692 628 calamitate
2729 585 2829 623 usu
2867 568 3153 622 oculorum
3184 567 3460 636 adempto.
3492 563 3566 618 Ita

304 671 428 724 σθαι
456 670 566 740 (98)
599 671 709 724 τῶν
739 670 1031 724 σκοτεινῶν
1065 669 1424 740 παθημάτων.

1993 668 2100 722 dici
2134 673 2314 736 potest
2349 666 2416 718 de
2452 664 2635 717 anima
2657 701 2671 725 ,
2699 676 2728 714 a
2758 661 2868 715 Deo
2892 659 3112 730 quidem
3142 674 3261 714 eam
3293 659 3568 714 conditam

303 770 467 832 atque
501 769 748 816 creatam
781 777 942 826 esse,
979 777 1046 816 ac
1081 777 1206 816 cum
1245 760 1395 815 nulla
1427 759 1701 815 vitiositas
1734 759 1885 814 circa
1924 758 2171 813 divinum
2226 771 2430 811 numen
2483 753 2975 815 animadvertatur,
3028 765 3148 805 eam
3199 761 3355 804 extra
3405 751 3578 810 vitio-,

302 855 483 908 sitatis
522 869 645 908 esse
686 853 1096 909 necessitatem.
1150 854 1288 910 Cum
1341 865 1522 912 autem
1564 856 1666 910 hac
1701 854 2018 911 conditione
2047 860 2233 935 creata
2267 851 2376 915 sit,
2409 865 2511 905 sua
2543 849 2827 904 voluntate
2894 853 3060 915 atque
3127 845 3358 899 arbitrio
3436 844 3563 898 duci

297 962 416 1000 eam
452 962 562 1016 quo
590 946 770 1002 visum
813 945 1010 1010 fuerit,
1043 954 1138 1001 aut
1173 964 1240 1003 ex
1279 933 1450 1004 libera
1485 950 1772 1004 voluntate
1809 949 1876 1002 ad
1917 950 2119 1003 bonum
2151 933 2206 1003 et
2235 948 2524 1002 honestum
2555 943 2743 997 oculos
2775 939 3118 994 claudentem
3141 978 3154 1001 ,
3189 943 3284 990 aut
3347 952 3410 991 ex
3477 937 3565 988 in-

299 1040 454 1095 sidiis
485 1041 610 1096 vita:
638 1047 842 1095 nostra;
871 1041 1240 1097 cohabitantis
1271 1043 1447 1100 hostis
1467 1083 1483 1108 ,
1517 1045 1711 1099 vitium
1744 1053 1800 1100 et
1823 1045 2100 1113 jacturam
2120 1045 2407 1098 oculorum
2435 1039 2798 1094 sustinentem
2823 1078 2838 1101 ,
2863 1035 2996 1091 etin
3053 1032 3264 1098 fraudis
3319 1031 3569 1088 tenebris

302 1128 620 1183 viventem:
662 1137 758 1182 ant
793 1129 958 1184 etiam
994 1145 1062 1184 ex
1101 1131 1384 1186 contrario
1423 1147 1560 1202 pure
1595 1133 1652 1186 in
1686 1132 1970 1188 veritatem
1997 1130 2304 1188 intuentem
2336 1128 2529 1201 procul
2577 1143 2608 1180 a
2658 1123 2969 1182 tenebrosis
3028 1122 3317 1178 affectibus
3376 1131 3429 1178 et
3489 1122 3570 1176 vi-

302 1218 395 1273 tiis
436 1219 651 1275 abesse.

377 1378 513 1431 Πότε
551 1372 645 1430 οὖν
677 1377 795 1448 ἐρεῖ
822 1395 904 1441 τις
932 1377 1223 1449 γινομένην
1256 1379 1393 1449 (99),
1421 1379 1515 1433 καὶ
1540 1378 1687 1443 πῶς;
1730 1378 1873 1432 Ἀλλέ

2058 1372 2290 1440 Quando
2326 1371 2496 1441 igitur
2521 1369 2666 1424 dicet
2698 1368 2897 1438 aliquis
2924 1381 3043 1423 eam
3079 1365 3272 1432 nasci,
3305 1373 3400 1420 aut
3428 1382 3567 1437 quo-

299 1466 398 1538 τὴν
432 1467 532 1536 μὲν
561 1467 789 1538 ζήτησιν
826 1465 924 1538 τὴν
956 1466 1085 1537 περὶ
1115 1465 1208 1520 τοῦ
1243 1467 1361 1532 πῶς
1392 1467 1460 1521 τὰ
1490 1467 1565 1538 (1)
1601 1467 1723 1520 καθ’
1754 1467 1873 1521 ἕκα-

1987 1464 2196 1519 modo?
2228 1464 2406 1532 Atque
2437 1477 2499 1517 ea
2536 1461 2757 1532 quidem
2793 1458 3065 1530 quaastio,
3100 1472 3207 1527 qua
3243 1457 3387 1512 scire
3420 1458 3567 1511 (1οεί-

299 1574 424 1610 στον
450 1557 690 1626 γέγονεν,
721 1557 1029 1629 ἐξαιρετέον
1059 1558 1236 1630 πάντη
1269 1559 1361 1613 τοῦ
1389 1559 1568 1627 λόγου.
1597 1557 1735 1613 Οὔτε
1776 1559 1873 1630 γὰρ

1981 1551 2228 1616 deratur,
2261 1567 2372 1620 qua
2408 1551 2620 1607 ratione
2651 1563 2992 1620 unaquaeque
3035 1563 3124 1602 res
3158 1547 3304 1600 facta
3343 1547 3455 1610 sit,
3495 1564 3562 1602 ex

301 1647 432 1718 πρ).
475 1646 584 1700 τῶν
630 1647 936 1719 προχείρων
980 1647 1112 1717 ἡμῖν
1157 1649 1238 1712 είς
1278 1650 1623 1720 κατανόησιν,
1665 1642 1740 1704 ὧν
1786 1649 1873 1720 τὴν

1980 1645 2234 1698 oratione
2265 1642 2486 1714 penitus
2515 1640 2806 1695 eximenda
2834 1649 2937 1695 est.
2973 1638 3162 1711 Neque
3191 1639 3337 1692 enim
3370 1641 3438 1693 de
3468 1639 3558 1701 iis,

297 1737 582 1807 ἀντίληψιν
609 1738 675 1790 δι’
703 1737 999 1808 αίσθήσεως
1031 1737 1249 1810 ἔχομεν,
1295 1741 1520 1794 δυνατὸν
1563 1743 1628 1796 ἂν
1671 1741 1873 1810 γένοιτο

1976 1750 2100 1805 qum
2133 1735 2292 1788 nobis
2345 1732 2732 1786 animadversu
2778 1731 3111 1801 cognituque
3149 1729 3332 1784 facilia
3375 1739 3430 1784 et
3466 1747 3563 1784 cx-

296 1825 376 1895 τῷ
405 1825 807 1898 διερευνωμένῳ
837 1826 980 1896 λόγῳ
1000 1867 1016 1892 ,
1048 1828 1108 1880 τὸ
1146 1828 1264 1893 πῶς
1290 1830 1498 1901 ὑπέστη
1530 1831 1591 1883 τὸ
1617 1831 1875 1902 φαινόμε-

298 1933 394 1967 νον
434 1915 791 1986 κατανοῆσαι,
843 1917 920 1982 ὡς
955 1919 1092 1990 μήτε
1121 1922 1235 1983 τοῖς
1274 1919 1721 1992 θεοφορουμένοις
1784 1922 1878 1974 καὶ

295 2007 476 2074 ἁγίοις
520 2007 741 2078 ἀνδράσι
793 2007 855 2062 τὺ
881 2008 1123 2062 τοιοῦτον
1151 2010 1355 2081 ληπτὸν
1394 2012 1738 2083 νομισθῆναι.
1776 2012 1876 2066 Πί-

295 2115 412 2150 στει
437 2097 544 2169 γὰρ
583 2098 828 2170 νοοῦμεν,
878 2101 1042 2172 φησὶν
1075 2101 1152 2173 (2)
1189 2105 1218 2157 6
1273 2103 1589 2170 Ἀπὸστολος
1621 2105 1720 2176 (5),
1748 2122 1878 2158 κατ-

292 2187 547 2259 ηρτίσθαι
588 2189 715 2252 τοὺς
753 2189 958 2254 αίῶνας
1007 2194 1211 2263 ῥήματι
1254 2193 1410 2258 Θεοῦ,
1448 2196 1528 2259 είς
1572 2194 1633 2248 τὸ
1666 2197 1740 2267 μὴ
1777 2199 1879 2267 ἐμ-

293 2277 638 2347 φαινομένων
671 2278 746 2347 (4)
776 2279 845 2331 τὰ
875 2278 1127 2349 ὁρώμενα
1161 2280 1238 2349 (5)
1281 2281 1586 2350 γεγονέναι·
1635 2283 1736 2336 οὐκ
1785 2281 1873 2346 ἂν,

297 2367 374 2429 ὡς
395 2367 582 2436 οἴομαι
604 2366 704 2436 (6),
747 2365 904 2419 τοῦτο
928 2366 1097 2421 είπὼν
1128 2368 1227 2439 (7),
1257 2369 1414 2442 εἴπερ
1446 2369 1583 2441 ᾤετο
1613 2373 1874 2441 γνωστὸν,

292 2455 429 2512 εἶναι
479 2459 571 2512 διὰ
604 2459 711 2511 τῶν
765 2458 1042 2530 λογισμῶν
1087 2461 1147 2514 τὸ
1191 2460 1540 2532 ζητούμενον.
1606 2463 1747 2517 Ἀλλ’
1792 2465 1876 2518 ὃτι

293 2551 392 2618 μὲν
422 2550 690 2620 θελήματι
723 2549 853 2621 θείῳ
878 2551 1237 2622 κατήρτισται
1264 2553 1425 2616 αὐτός
1453 2571 1512 2608 τε
1537 2555 1565 2606 6
1596 2554 1752 2621 αἰὼν,
1780 2557 1876 2610 καὶ

293 2643 470 2694 πάντα
515 2643 615 2694 ὅσα
644 2644 703 2695 ἐν
734 2643 883 2713 αὐτῷ
928 2644 1218 2714 γεγένηται
1257 2646 1541 2714 (ὁστισοῦν
1580 2646 1648 2701 ἂν
1681 2649 1763 2717 εἴη
1796 2648 1874 2720 (8)

289 2726 443 2797 οὗτος
483 2734 513 2785 6
556 2733 714 2798 αἰὼν,
751 2725 796 2801 ᾧ
839 2735 1278 2806 παραθεωρεῖται
1308 2737 1457 2791 πᾶσα
1485 2738 1656 2809 ὁρατή
1691 2755 1750 2791 τε
1781 2740 1874 2792 καὶ

292 2825 524 2894 ἀὸρατος
547 2825 792 2894 κτίσις),
819 2825 979 2879 τοῦτο
1007 2827 1431 2881 πεπιστευκέναι
1451 2810 1614 2899 φησὶν
1640 2831 1669 2882 6
1715 2830 1874 2882 Ἀπό-

294 2913 498 2976 στολος,
548 2913 609 2966 τὸ
638 2913 695 2967 δὲ
742 2914 858 2978 πῶς
907 2917 1117 2986 ἀφῆκεν
1157 2916 1552 2989 ἀδιερεύνητον.
1592 2919 1728 2972 Οὐδὲ
1766 2919 1872 2990 γὰρ

291 3005 509 3074 ἐφικτὸν
558 3005 618 3057 τὸ
655 3007 891 3061 τοιοῦτον
934 3003 1088 3078 οἶμαι
1137 3011 1248 3072 τοῖς
1299 3009 1656 3081 ἀναζητοῦσιν
1709 3005 1867 3073 εἶναι,

1981 1826 2164 1895 pedita
2215 1833 2382 1888 sunt,
2433 1838 2671 1892 quorum
2727 1822 3134 1892 perceptionem
3187 1838 3284 1893 per
3329 1838 3554 1877 sensum

1981 1917 2361 1986 adipiscimur,
2418 1915 2535 1970 ﬁeri
2589 1915 2800 1984 possit,
2851 1921 2914 1967 ut
2964 1915 3104 1967 ratio
3156 1913 3455 1968 scrutati-ix
3509 1921 3565 1967 et

1977 2008 2336 2080 inquisitrix,
2379 2007 2656 2078 quomodo
2697 2007 2750 2060 id
2793 2005 2938 2084 quod
2979 2017 3242 2075 apparet,
3287 2006 3342 2059 in
3377 2021 3562 2060 rerum

1977 2112 2228 2156 naturam
2281 2101 2610 2169 producturo
2651 2098 2756 2164 sit,
2796 2099 3201 2153 animadvertat
3253 2106 3420 2168 atque
3469 2113 3564 2152 co-

1977 2201 2242 2263 gnoscat,
2274 2193 2412 2247 adeo
2446 2200 2505 2246 ut
2552 2207 2655 2247 nec
2699 2192 2900 2260 spiritu
2951 2191 3172 2260 quidem
3227 2206 3292 2244 ac
3338 2191 3564 2245 numine

1978 2283 2166 2338 divino
2197 2284 2373 2354 raptis
2405 2293 2460 2338 et
2492 2283 2688 2338 adlatis
2722 2283 3042 2352 sanctisque
3069 2282 3200 2336 viris
3231 2282 3283 2334 id
3313 2297 3562 2350 compre-

1978 2374 2250 2430 liensibile
2283 2390 2406 2430 esse
2443 2373 2808 2428 existimetur.
2840 2371 2972 2426 Fide
3011 2373 3159 2425 cnim
3201 2371 3562 2440 intelligimus

1976 2466 2284 2534 composita
2313 2480 2379 2519 ac
2409 2464 2650 2534 perfecta
2679 2478 2805 2518 esse
2830 2463 3031 2517 saecula
3079 2463 3246 2516 verbo
3303 2460 3433 2525 Dei,
3474 2462 3560 2514 in-

1975 2556 2095 2626 quit
2116 2556 2434 2625 Apostolus,
2461 2564 2518 2608 ut
2543 2570 2610 2608 ex
2639 2569 2749 2607 non
2775 2553 3168 2623 apparentibus
3197 2567 3259 2606 ea
3286 2567 3404 2620 qua:
3432 2567 3560 2606 con-

1977 2644 2292 2713 spiciuntur
2330 2652 2496 2714 atque
2535 2650 2863 2704 cernuntur,
2906 2641 3050 2695 facta
3086 2656 3210 2697 esse
3249 2642 3560 2710 intelligan-

1976 2745 2086 2790 tur.
2123 2735 2274 2799 Non,
2309 2746 2368 2790 ut
2398 2734 2619 2804 opinor,
2657 2735 2760 2788 hoc
2789 2734 3072 2798 dicturus,
3108 2733 3155 2787 si
3198 2733 3418 2802 quidem
3461 2748 3560 2801 per

1977 2828 2468 2893 ratiocinationes,
2505 2827 2557 2882 id
2597 2826 2744 2896 quod
2774 2827 3063 2896 quaeritur,
3100 2825 3361 2895 cognosci
3397 2841 3561 2894 posse

1974 2927 2214 2992 putaret.
2257 2919 2365 2974 Sed
2409 2918 2555 2990 quod
2597 2920 2880 2973 voluntate
2920 2917 3142 2986 quidem
3187 2918 3369 2970 divina
3395 2959 3407 2983 ,
3444 2925 3558 2970 tum

1983 3012 2159 3082 ipsum
2195 3012 2452 3065 saeculum
2471 3049 2486 3072 ,
2518 3019 2631 3063 tum
2659 3009 2845 3063 omnia
2870 3023 2990 3077 quae
3014 3023 3080 3062 ex
3106 3008 3201 3062 illo
3232 3007 3371 3061 facta
3398 3019 3556 3072 sunt,

291 3096 487 3159 πολλὰς
528 3097 841 3167 ἀμηχανίας
869 3097 964 3150 τοῦ
994 3099 1121 3170 περὶ
1164 3098 1369 3152 τούτων
1399 3100 1713 3171 ζητήματος
1739 3104 1872 3172 ἡμῖν

1981 3102 2283 3171 composita
2329 3109 2498 3170 atque
2546 3099 2790 3169 perfecta
2843 3099 2951 3153 sint
3005 3097 3414 3168 (quodcunque
3450 3108 3561 3152 Iau-

292 3189 728 3258 προδεικνύντος,
767 3190 887 3254 πῶς
922 3193 987 3244 ἐκ
1033 3191 1132 3262 τῆς
1166 3191 1411 3262 ἑστώσης
1456 3192 1670 3261 φύσεως
1697 3193 1756 3246 τὸ
1790 3211 1874 3246 κι-

289 3282 545 3350 νούμενον
574 3285 639 3335 ἐκ
669 3283 768 3352 τῆς
797 3283 974 3353 ἁπλῆς
1001 3301 1061 3336 τε
1089 3285 1183 3337 καὶ
1211 3283 1533 3338 ἀδιαστάτου
1568 3285 1627 3337 τὸ
1656 3285 1876 3354 διαστη-

289 3375 518 3445 ματικὸν
561 3393 622 3428 τε
675 3376 769 3429 καὶ
825 3375 1114 3441 σύνθετον;
1170 3376 1312 3447 Ἀρα
1344 3377 1418 3446 (9)
1453 3376 1513 3441 ἐξ
1553 3377 1725 3446 αὐτῆς
1778 3377 1875 3446 τῆς

287 3467 693 3538 ὑπερκειμένης
722 3468 942 3532 οὐσίαςς
987 3468 1127 3521 Ἀλλ’
1169 3469 1267 3538 οὐχ
1294 3467 1548 3538 ὁμολογεῖ
1591 3468 1652 3520 τὸ
1688 3469 1873 3539 ἑτερο-

285 3560 441 3627 γενές
463 3559 578 3628 (10)
606 3559 750 3629 ἔχειν
773 3559 909 3631 πρὸς
945 3559 1160 3630 ἐκείνην
1181 3558 1248 3611 τὰ
1276 3557 1426 3624 ὄντα,
1460 3556 1576 3611 ἀλλ’
1611 3555 1875 3628 ἑτέρωθεν

289 3652 450 3703 πόθεν
476 3651 611 3721 (11).
647 3649 753 3703 Καὶ
792 3651 898 3721 μὴν
932 3650 1085 3704 οὐδὲν
1120 3649 1318 3715 ἔξωθεν
1343 3650 1444 3720 τῆς
1479 3649 1627 3711 θείας
1661 3648 1875 3718 φύσεως

283 3747 312 3797 6
339 3744 500 3812 λόγος
550 3744 756 3814 βλέπει.
806 3738 882 3797 Ἦ
925 3743 1036 3814 γὰρ
1075 3742 1141 3799 ἂν
1186 3743 1523 3815 διασχισθείη
1573 3743 1712 3815 πρὸς
1758 3741 1872 3795 δια-

282 3838 491 3906 φόρους
525 3836 697 3906 ἀρχὰς
722 3839 757 3908 η
779 3835 1068 3908 ὑπόληψις,
1103 3837 1158 3888 εἴ
1179 3853 1231 3889 τι
1256 3837 1355 3908 τῆς
1383 3835 1674 3908 ποιητικῆς
1695 3835 1875 3912 αἰτίας

283 3927 399 3995 ἔξω
436 3929 739 3999 νομισθείη,
789 3929 919 4000 παρ’
959 3923 1075 4001 obl]
1110 3927 1333 4000 τεχνικὴ
1375 3927 1560 3998 σοφία,
1597 3927 1699 3992 τὰς
1736 3927 1873 3998 πρὸς

281 4020 390 4090 τὴν
419 4019 594 4072 κτίσιν
628 4021 977 4092 παρασκευὰς
1009 4020 1340 4091 ἐρανίζεται.
1388 4019 1541 4072 Ἐπεὶ
1566 4014 1659 4073 οὖν
1688 4019 1747 4072 ἓν
1775 4019 1874 4090 μὲν

1979 3192 2101 3246 dem
2131 3192 2296 3246 etiam
2332 3193 2594 3246 szeculum
2635 3202 2753 3255 est,
2786 3207 2911 3246 cum
2947 3207 3057 3262 quo
3087 3207 3197 3246 una.
3230 3192 3559 3261 intelligitur

1976 3283 2158 3338 omnis
2197 3290 2252 3337 et
2292 3283 2528 3338 visibilis
2571 3290 2624 3336 et
2665 3283 2965 3338 invisibilis
2997 3285 3332 3351 creatura),
3365 3284 3472 3344 hoc.
3502 3301 3560 3338 se

1976 3376 2200 3430 credere
2229 3373 2368 3428 dicit
2401 3375 2740 3443 Apostolus,
2790 3376 2886 3430 sed
2929 3377 3212 3445 quomodo
3253 3377 3557 3445 composita

1975 3474 2140 3535 atque
2171 3466 2415 3535 perfecta
2445 3466 2578 3531 sint,
2603 3467 2844 3521 scrutari
2870 3477 3034 3537 atque
3060 3467 3395 3538 investigare
3423 3484 3560 3536 pra:-

1974 3557 2234 3612 termisit.
2272 3558 2463 3629 Neque
2495 3560 2643 3614 enim
2680 3560 2920 3614 arbitror
2957 3559 3008 3614 id
3043 3576 3376 3631 quemquam
3410 3561 3560 3616 inve-

1973 3647 2234 3719 stigando
2273 3649 2493 3720 assequi
2527 3657 2693 3720 atque
2720 3649 3187 3720 comprehendere
3221 3665 3402 3718 posse,
3431 3666 3557 3703 cum

1977 3741 2184 3796 multas
2232 3741 2396 3796 nobis
2449 3741 2684 3810 qua:stio
2733 3740 2802 3795 de
2855 3741 2944 3796 his
2975 3741 3140 3796 rebus
3174 3742 3347 3810 prima
3383 3743 3560 3796 fronte

1974 3834 2323 3892 diﬂicultates
2373 3850 2436 3890 ac
2480 3834 2870 3905 perplexitates
2903 3834 3203 3890 ostendat:
3238 3851 3350 3904 quo
3397 3847 3558 3906 pacto

1973 3944 2039 3984 ex
2073 3929 2410 3984 consistente
2448 3944 2514 3983 ac
2555 3929 2743 3984 stabili
2792 3937 2989 3982 natura
3023 3927 3076 3982 id
3104 3928 3250 3997 quod
3282 3936 3555 3988 movetur,

1974 4020 2287 4075 exstiterit?
2312 4019 2442 4075 ltem
2469 4035 2534 4075 ex
2561 4019 2797 4090 simplici
2827 4019 3041 4091 pariter
3074 4020 3125 4074 id
3165 4019 3311 4089 quod
3347 4019 3560 4073 dimen—

1973 4108 2229 4164 sionibus
2268 4109 2686 4178 intervallisque
2733 4109 3036 4163 obnoxium
3084 4116 3140 4162 et
3187 4109 3557 4177 compositum

1973 4201 2102 4256 est?
2156 4198 2416 4270 Nunquid
2461 4212 2526 4256 ex
2572 4201 2687 4269 ipsa
2733 4214 2992 4269 suprema
3035 4199 3274 4252 natura?
3319 4199 3390 4250 At
3447 4214 3557 4252 non

279 4111 397 4164 τῶν
437 4111 606 4163 ὄντων
645 4111 707 4163 τὸ
743 4111 935 4177 αἴτιον,
983 4111 1083 4183 οὐχ
1120 4111 1358 4182 ὁμογενῆ
1401 4110 1459 4164 δέ
1489 4113 1557 4182 τῇ
1613 4111 1872 4182 ὑπερκει-

287 4202 426 4276 μένῃ
454 4200 613 4270 φύσει
644 4202 714 4256 τὰ
759 4202 825 4255 δι’
866 4201 1082 4273 ἐκείνης
1131 4201 1480 4274 παραχθέντα
1507 4203 1588 4266 είς
1617 4203 1833 4273 γένεσιν
1854 4219 1868 4233 ·

283 4295 374 4362 tm
420 4294 477 4346 δὲ
521 4293 647 4347 καθ’
679 4294 941 4366 ἑκάτερον
976 4293 1090 4366 (12)
1134 4295 1194 4348 ἐν
1237 4297 1350 4359 τοῖς
1389 4295 1806 4367 ὑπονοουμένοις
1838 4297 1872 4367 ἡ

1976 4291 2300 4346 conceditur
2331 4306 2512 4360 neque
2541 4297 2796 4354 constat,
2830 4295 3118 4358 propterea
3164 4287 3309 4358 quod
3353 4287 3556 4340 diversi

284 4385 506 4451 ἀτοπία,
554 4385 616 4439 τό
647 4402 709 4438 τε
740 4385 806 4438 ἐκ
837 4385 938 4456 τῆς
978 4387 1197 4456 φύσεως
1242 4387 1337 4442 τοῦ
1381 4386 1516 4442 Θεοῦ
1549 4388 1648 4460 τὴν
1692 4389 1870 4442 κτίσιν

1976 4383 2196 4455 generis
2235 4382 2304 4436 ab
2353 4382 2445 4436 illa
2478 4395 2568 4436 res
2621 4386 2833 4434 cratera:
2877 4377 3024 4444 sint,
3071 4391 3139 4430 an
3191 4376 3411 4430 aliunde
3455 4377 3557 4429 ali-

285 4474 515 4540 οῐεσθαι,
544 4475 637 4529 καὶ
671 4475 731 4528 τὸ
759 4475 819 4543 ἐξ
845 4453 1040 4547 ἐτέρας
1069 4477 1216 4542 τινὸς
1249 4477 1436 4542 οὐσίας
1462 4453 1761 4549 ὑποστῆναι
1800 4477 1868 4532 τὰ

1976 4453 2170 4530 cunde.
2222 4473 2388 4543 Atqui
2440 4471 2578 4527 nihil
2631 4479 2787 4527 extra
2839 4468 3083 4525 divinam
3135 4477 3386 4521 naturam
3419 4467 3557 4519 ratio

285 4569 464 4622 πάντα
484 4585 500 4599 ο
546 4567 580 4640 ἦ
626 4566 737 4642 γὰρ
775 4567 872 4621 καὶ
895 4568 1007 4640 (15)
1033 4569 1097 4622 τὸ
1121 4568 1275 4624 Θεῖον
1301 4571 1359 4624 ἐν
1385 4571 1497 4633 τοῖς
1518 4570 1620 4642 τῆς
1640 4569 1872 4633 κτίσεως

1976 4564 2169 4622 cernit.
2206 4562 2343 4618 Nam
2377 4565 2557 4620 scissa
2594 4563 2859 4618 nimirum
2893 4576 2958 4616 ac
2987 4559 3167 4615 divisa
3197 4566 3346 4614 esset
3369 4558 3557 4628 Opinio

289 4657 577 4728 ίδιώμασιν
615 4653 755 4712 εἶναι
785 4657 1237 4729 ὑπονοηθήσεται.
1273 4659 1430 4730 είπερ
1457 4658 1732 4729 ὁμογενῶς
1758 4657 1870 4726 (14)

1976 4658 2023 4711 in
2051 4655 2320 4727 principia
2349 4655 2599 4719 diversa,
2632 4653 2680 4709 si
2707 4652 2841 4722 quid
2867 4659 3024 4706 extra
3053 4663 3282 4704 causam
3309 4646 3555 4703 eﬂectri-

289 4747 422 4818 πρὸς
458 4748 550 4800 τὸν
593 4747 729 4800 Θεὸν
773 4745 886 4818 ἔχοι
916 4745 1030 4818 (15)
1059 4748 1127 4802 τὰ
1158 4748 1446 4818 γεγονότα·
1491 4749 1528 4818 ἦ
1576 4765 1661 4812 τις
1707 4748 1865 4820 ὑλικὴ

1976 4763 2090 4802 cem
2122 4760 2246 4802 esse
2270 4746 2688 4802 existimaretur
2708 4780 2724 4808 ,
2755 4759 2785 4797 a
2821 4757 2930 4813 quo
2954 4740 3258 4796 artiﬁciosa
3286 4737 3554 4809 sapientia

289 4837 450 4906 φύσις
491 4836 598 4904 ἔξω
621 4836 723 4908 τῆς
756 4836 910 4901 θείας
940 4837 1128 4902 οὐσίας
1156 4837 1616 4910 ἀντεξαχθήσεται
1649 4838 1762 4911 (16)
1792 4838 1869 4910 τῷ

1976 4845 2274 4911 apparatus
2326 4839 2398 4894 ad
2448 4835 2753 4894 creandum
2809 4843 3056 4891 sumeret
3105 4841 3160 4889 et
3211 4836 3555 4901 corrogaret.

1981 5059 2112 5094 ποτε
2141 5042 2236 5095 καὶ
2265 5041 2432 5093 ἐστιν.

354 5037 471 5111 (θῇ)
509 5039 918 5111 Βιοτεύουσαν
962 5040 1184 5111 σκότει.
1225 5042 1294 5107 Δ,
1340 5039 1384 5092 Β
1421 5038 1558 5110 βιατ.
1583 5039 1778 5110 ,σκότῳ
1812 5039 1868 5111 ἦ.

2048 5111 2126 5182 (9)
2170 5113 2330 5182 Ἄρα.
2372 5110 2416 5163 Α
2444 5109 2498 5164 in
2529 5106 2775 5182 margine
2807 5101 2937 5177 ἆρα.

353 5109 469 5178 (97)
511 5109 619 5162 Kal
651 5111 738 5163 τό.
766 5110 810 5161 Α
841 5109 874 5178 ἢ
915 5109 1010 5162 καὶ
1045 5110 1124 5163 τό.

355 5169 473 5251 (98)
513 5180 820 5233 Γίνεσθαιο
855 5169 1202 5251 Βξγενέσθαι.
2047 5169 2162 5251 (lli)
2212 5169 2603 5251 Ἑτερογενές.
2639 5169 2680 5231 Ᾰ
2725 5177 2780 5231 in
2820 5169 3067 5246 margine
3105 5172 3443 5246 ὁμολογεῖται
3478 5169 3557 5241 τῷ

513 5249 946 5322 {creperum}
981 5251 1296 5322 γενομένην.
1976 5247 2304 5322 ἐτερογενῶς
2330 5247 2492 5322 ἐχειν.

352 5310 728 5405 ζὶὶ’ζζῶς.ίά-
759 5310 1123 5405 Ᾰπῶς,έ⁶·.’
1163 5310 1242 5405 ,η’
1355 5389 1369 5405 .
1531 5385 1558 5400 .
2046 5310 2160 5405 illi
2212 5310 2530 5405 ζὲέέρἱοθεν
2561 5313 3144 5405 πέφνεθὲτέηρωίέέῖ
3180 5310 3480 5405 τῖ’ἒβεὲςηηε

384 5325 438 5388 1)
475 5325 728 5400 "QC-Td-
759 5325 806 5374 Α
830 5325 948 5383 πῶς
980 5325 1061 5374 τό.
1531 5385 1558 5400 η
2046 5325 2160 5458 (11)
2212 5325 2530 5405 Ἐτέρωθεν
2561 5325 2768 5399 πόθεν.
2802 5325 2842 5366 Β
2880 5325 3142 5436 ετεὲοωυεν
3180 5325 3363 5392 πουεν.
3469 5379 3480 5392 .

380 5390 436 5462 ἓ)
477 5391 770 5462 Προνμενς
815 5391 1031 5462 9710'“:-
1064 5392 1128 5462 Α,
1163 5390 1206 5442 Β
1240 5389 1399 5462 φησὶ,
1439 5405 1684 5460 νοουμεν.
2060 5390 2140 5462 ’12
2215 5390 2544 5456 Ἐκατερον.
2588 5391 2634 5441 Α
2672 5403 2727 5442 in
2763 5393 2913 5441 textu
2991 5399 3166 5454 τερον,
3212 5397 3267 5435 ll)
3311 5394 3559 5452 margine

380 5459 436 5523 5)
488 5457 553 5513 Ὀ
596 5457 976 5526 Ἃπόστολος.
1003 5458 1189 5514 Delent
1221 5457 1288 5524 A,
1311 5457 1382 5512 Β.
1569 5457 1579 5460 “

1976 5460 2134 5515 ἐκάτε
2143 5457 2253 5526 ρον.

380 5527 439 5599 4)
492 5528 993 5599 Ἐμφαινομένωη
1021 5532 1088 5595 Δ,
1123 5531 1164 5582 Β
1196 5528 1620 5599 ἐκφαινομένων.

358 5597 444 5734 (ὅ)
494 5595 805 5666 Ὀρῶμενά.
841 5599 962 5654 Ain
992 5601 1235 5672 margine
1266 5595 1591 5670 βλεπόμενα.

358 5670 420 5732 (6
479 5669 705 5734 οῑομαι.
748 5670 794 5722 Α
825 5671 878 5724 in
912 5672 1157 5734 margine
1177 5667 1329 5734 οἶμαι
1360 5669 1524 5724 τοῦτ’.

2045 5595 2162 5670 (14⁷)
2211 5595 2558 5667 Ὀιὶογενῶς.
2600 5597 2645 5649 Α

2046 5671 2160 5734 (15)
2203 5671 2387 5734 Ἕχοι.
2416 5668 2458 5719 Β
2485 5666 2621 5734 ἔχει.

358 5666 443 5742 (εξ)
479 5669 705 5742 ρζομρι.
737 5670 794 5742 Α
825 5671 878 5742 in
912 5666 1157 5742 margine
1177 5666 1329 5741 οἶμαι
1360 5666 1524 5724 τοῦτ’.

2046 5666 2160 5742 (15)
2203 5666 2458 5742 ἜχοιζΒ
2485 5666 2621 5742 ἔχει.

386 5727 444 5812 ἶ)
480 5727 699 5812 gaza."-
737 5735 777 5790 Β
802 5735 976 5812 οἶμαι.
1154 5811 1160 5812 ,
1222 5727 1244 5812 ,-
1324 5811 1328 5812 ί
1572 5810 1579 5812 _
1976 5747 1983 5756 '
2049 5727 2163 5811 (16)
2213 5727 2839 5812 Ἆῖτεξαχ-όῆσεταιηᾼ
2874 5737 2932 5789 in
2961 5743 3110 5791 textu
3134 5727 3562 5800 ἁντεισαχθήσε-

386 5806 444 5873 8)
483 5808 662 5875 Ὅσα,
697 5819 799 5866 etc.
831 5806 895 5880 Ᾱ,
931 5815 972 5868 Β
1001 5811 1074 5868 τὰ
1116 5811 1173 5868 EE
1217 5811 1424 5866 ἐκείνου
1460 5810 1723 5884 γενόμενα
1755 5814 1783 5866 ὃ
1821 5814 1866 5869 τί

1976 5806 2092 5877 ταί,
2129 5806 2182 5867 in
2207 5811 2451 5884 margine
2474 5806 3008 5878 ὰντεξετασθήσεται.

2072 5522 2161 5598 15)
2201 5531 2272 5583 Ἦ
2300 5525 2410 5598 γὰρ
2435 5526 2554 5598 καί.
2587 5528 2631 5598 Α
2669 5525 2703 5598 ἢ
2730 5524 2838 5595 γὰρ
2873 5522 3082 5598 ἃνῌκαί.

2669 5525 2838 5649 Ἂγὰρ
2873 5525 3034 5605 ἃνυκα

2718 5611 3034 5668 μοιηγενως.
