3990 6202
276 343 383 404 125

1413 347 1501 402 DE
1534 348 1746 404 ΛΝΙΜΑ
1789 350 1872 406 ΕΤ
1915 349 2515 408 RESURRECTIONE.

3437 343 3540 398 ίΞὸ

279 460 643 532 προκειμένου
666 459 1048 534 παρεξετάσοη
1079 460 1211 534 (57).
1234 462 1307 516 Τὸ
1328 463 1385 518 δὲ
1408 463 1736 536 ζητούμενον
1767 461 1856 537 ἦν,

1968 484 2075 524 non
2110 468 2351 539 gravitas
2381 477 2434 523 et.
2469 467 2681 537 pondus
2702 510 2714 529 ,
2749 479 2854 518 non
2882 461 3158 518 dimensio
3186 467 3346 530 atque
3377 459 3540 513 inter.

279 552 331 602 εἰ
359 550 472 620 (58)
499 553 973 624 προῦφεστήκασιν
993 554 1051 606 αἱ
1071 553 1241 626 ψυχαὶ
1266 556 1376 611 τῶν
1405 558 1692 630 σωμάτων,
1728 560 1860 614 πότε

279 643 314 713 ἢ
348 641 465 702 πῶς
505 643 765 711 γίνονται.
805 645 916 700 Καὶ
963 645 1154 700 τούτου
1211 649 1368 720 χάριν
1402 651 1533 721 ἡμῖν
1579 652 1708 722 περ).
1747 652 1860 721 (59)

277 731 373 784 τοῦ
400 731 516 796 πῶς
547 733 776 806 ζήτησιν
819 737 896 801 ὡς
923 737 1210 808 ἀνέφικτον
1233 736 1396 793 οὖσαν
1434 741 1861 814 ἁπολυπραγμό-

276 839 436 892 νητον
462 824 676 894 ἀφῆκεν
706 828 736 880 ό
765 827 944 896 λόγος.
975 830 1111 902 Περὶ
1135 830 1229 884 τοῦ
1263 833 1374 904 (40)
1403 834 1531 886 πότε
1564 835 1660 898 τὰς
1687 837 1862 908 ἀρχὰς

274 917 329 966 αἱ
365 915 536 984 ψυχαὶ
574 916 678 988 τῆς
729 919 1017 992 ὑπάρξεως
1059 923 1306 993 ἔχουσιν,
1357 925 1432 989 ὡς
1475 927 1766 981 ἀκόλουθον
1800 929 1860 984 ὃν

273 1009 386 1069 τοῖς
426 1007 962 1082 προεξητασμένοις,
998 1013 1182 1085 ζητεῖν
1212 1016 1616 1074 καταλείπεται.
1647 1021 1709 1073 Ei
1750 1021 1860 1094 γὰρ

274 1096 452 1169 δοθείη
489 1099 550 1153 τδ
595 1102 701 1172 πρὸ
737 1103 830 1157 τοῦ
870 1104 1120 1176 σώματος
1148 1107 1207 1160 ὲν
1238 1107 1508 1180 ίδιαζούσῃ
1546 1112 1652 1163 τινὶ
1688 1129 1859 1166 κατα-

278 1188 468 1241 στάσει
496 1189 596 1261 τὴν
625 1191 800 1264 ψυχὴν
843 1194 1108 1264 βιοτεύειν
1129 1206 1142 1222 ⁸
1193 1197 1404 1268 ἀνάγκη
1434 1202 1582 1252 πᾶσα
1609 1201 1708 1262 τὰς
1735 1203 1858 1256 ἁτόσ

277 1294 413 1342 πους
443 1280 656 1345 ὲκείνας
679 1284 1103 1355 δογματοποιίας
1127 1288 1280 1358 ἰσχὺν
1309 1288 1453 1358 ἔχειν
1481 1291 1719 1360 νομίζειν
1745 1292 1855 1364 (Η)

274 1369 384 1422 τῶν
418 1371 505 1426 διὰ
547 1375 748 1440 κακίας
794 1377 894 1441 τὰς
936 1377 1113 1449 ψυχὰς
1154 1381 1554 1446 εἰσοικιξόντων
1585 1383 1696 1452 (4'2)
1745 1387 1856 1448 τοῖς

277 1462 546 1534 σώμασιν.
601 1468 759 1522 Ἀλλὰ
807 1470 915 1540 μὴν
967 1471 1340 1542 ὲφυστερίζειν
1383 1473 1484 1536 τὰς
1537 1473 1714 1544 ψυχὰς
1745 1475 1854 1546 (45)

1962 561 2196 623 vallum,
2231 575 2339 614 non
2370 559 2685 630 quantitas,
2719 573 2827 611 non
2861 555 3009 609 aliud
3046 555 3344 623 quidquam
3384 566 3541 620 pror-

1962 668 2060 712 sus
2090 668 2311 719 eorum,
2345 668 2465 722 qua:
2499 667 2593 722 per
2622 650 2940 720 qualitatem
2971 647 3538 718 comprehenduntur,

1961 750 2056 795 aut
2092 743 2488 811 intelliguntur,
2521 741 2613 794 sed
2663 739 3086 809 unumquodque
3145 738 3337 791 horum
3389 735 3534 788 ratio

1961 842 2125 902 atque
2157 832 2436 902 proportio
2458 839 2562 893 est,
2597 832 2788 884 horum
2829 837 3008 882 autem
3047 829 3191 883 inter
3242 841 3362 882 sese
3401 840 3537 879 con-

1960 938 2160 978 cursus
2190 931 2354 993 atque
2386 923 2579 984 unitio,
2612 937 2812 991 corpus
2844 921 2920 974 tit.
2954 919 3224 985 Quoniam
3263 918 3428 988 igitur
3458 932 3537 972 ear

1959 1015 2274 1084 qualitates,
2309 1029 2376 1070 ex
2414 1014 2614 1083 quibus
2662 1027 2862 1082 corpus
2902 1017 3142 1072 constat,
3175 1016 3376 1070 mente,
3429 1022 3535 1061 non

1958 1119 2126 1160 sensu
2175 1103 2752 1176 comprehenduntur,
2821 1112 2988 1172 atque
3050 1099 3419 1155 intellectuale
3473 1112 3536 1151 ac

1958 1204 2140 1252 mente
2165 1206 2448 1259 constans,
2474 1204 2764 1265 menteque
2783 1191 3301 1264 comprehensibile,
3325 1189 3536 1243 Numen

1958 1286 2207 1340 divinum
2241 1295 2365 1342 est:
2415 1286 2544 1356 quid
2597 1286 2795 1356 negotii
2846 1295 2931 1340 est
2988 1284 3035 1337 ei
3071 1282 3216 1352 quod
3252 1290 3305 1334 et
3357 1289 3538 1335 mente

1957 1386 2196 1442 constat,
2249 1385 2304 1432 et
2342 1378 2692 1448 intelligentia
2743 1373 3267 1446 comprehenditur,
3325 1374 3537 1427 ellicere

1955 1487 2017 1525 ea
2047 1486 2168 1539 quze
2197 1479 2376 1523 mente
2409 1478 2710 1524 cernuntur
2755 1478 2807 1523 et
2841 1467 3266 1537 intelliguntur?
3298 1480 3532 1534 quorum

1958 1563 2100 1615 inter
2129 1562 2242 1632 ipsa
2276 1575 2582 1616 concursus
2616 1562 2864 1630 corporis
2898 1560 3056 1616 nobis
3098 1557 3379 1628 generavit
3433 1571 3530 1609 na-

1959 1661 2162 1708 turam.
2199 1651 2304 1707 Sed
2339 1653 2453 1706 haec
2489 1653 2709 1722 quidem
2765 1663 2918 1708 extra
2960 1653 3300 1723 propositum
3359 1649 3538 1702 obiter

274 1555 374 1626 τὴν
401 1557 643 1626 γένεσιν,
695 1561 788 1616 καὶ
835 1562 1105 1635 νεωτέρας
1138 1564 1250 1634 (JH)
1299 1567 1401 1634 τῆς
1444 1565 1553 1618 τῶν
1587 1567 1856 1636 σωμάτων

277 1641 417 1700 εἶναι
456 1651 821 1721 συμπλάσεως
862 1653 995 1723 (45),
1036 1654 1210 1718 οὐδεὶς
1249 1657 1314 1710 ἂν
1348 1656 1456 1710 τῶν
1500 1651 1558 1710 εὖ
1600 1657 1856 1728 φρονούν-

274 1754 383 1790 των
413 1739 789 1809 ὑπονοήσειεν,
828 1742 1060 1814 φανεροῦ
1096 1746 1260 1798 πᾶσιν
1289 1744 1439 1809 ὄντος
1467 1746 1547 1800 ὅτι
1571 1747 1722 1800 οὐδὲν
1751 1747 1856 1800 τῶν

1960 1745 2289 1808 examinata,
2321 1746 2590 1814 explicata
2615 1753 2780 1813 atque
2811 1760 3043 1800 excussa
3100 1745 3232 1800 sint.
3292 1742 3532 1808 Qumstio

274 1826 510 1897 ἀψύχων
534 1833 808 1902 κινητικὴν
835 1850 892 1886 τε
925 1835 1018 1887 κα).
1046 1834 1342 1906 αὐξητικὴν
1379 1837 1436 1890 ὲν
1461 1837 1606 1907 αύτῷ
1632 1837 1742 1908 (46)
1767 1837 1856 1891 δύ-

1960 1843 2135 1887 autem
2169 1841 2308 1896 erat,
2361 1848 2540 1887 annon
2585 1835 2780 1888 animm
2835 1845 2961 1890 ante
3017 1848 3248 1904 corpora
3307 1831 3537 1886 cxstiteb

275 1936 448 1989 ναμιν
475 1921 601 1992 ἔχει.
634 1924 750 1978 Τῶν
777 1926 823 1980 δ’
853 1927 910 1979 ἐν
939 1927 1092 1997 νηδύϊ
1116 1929 1228 1999 (47)
1271 1929 1698 2001 ἐντρεφομένων,
1729 1930 1853 1984 οὔτε

1961 1925 2091 1989 rint,
2121 1933 2177 1980 et
2213 1926 2267 1979 in
2306 1941 2490 1980 rerum
2521 1935 2772 1979 naturam
2803 1927 3081 1996 producta:
3113 1927 3245 1986 sint,
3287 1923 3530 1993 quando,

273 2012 309 2080 ἡ
346 2011 598 2085 αὔξησις,
629 2015 750 2071 οὔτε
793 2018 826 2089 ἠ
865 2019 1064 2090 τοπικὴ
1113 2018 1326 2090 κίνησίς
1362 2023 1508 2074 ἐστιν
1542 2022 1653 2093 (48)
1687 2021 1856 2092 ἀμφί-

1960 2026 2012 2070 et
2043 2014 2318 2085 quomodo
2341 2017 2632 2081 exsistant,
2662 2026 2823 2086 atque
2847 2017 3054 2071 idcirco
3101 2031 3220 2071 eam
3272 2013 3534 2085 qumstio-

269 2099 451 2166 σολοςο
1957 2123 2103 2168 nem,
2163 2108 2438 2176 quomodo
2474 2109 2555 2160 lue
2615 2110 2965 2169 exsisterent,
3023 2114 3278 2175 utquam
3315 2102 3532 2172 assequi

268 2197 443 2261 atque
470 2197 730 2267 expedire
765 2214 877 2254 non
929 2206 1136 2269 posset,
1205 2198 1427 2255 curiose
1502 2199 1830 2271 investigare
1893 2205 2058 2267 atque
2113 2196 2350 2251 scrutari
2408 2197 2586 2251 oratio
2649 2206 2832 2250 nostra
2901 2196 3272 2266 pra-tcrmisit.
3347 2193 3535 2245 Restat

267 2293 452 2341 autem
483 2292 786 2346 secundum
828 2309 913 2355 ea,
959 2310 1079 2362 qua:
1114 2293 1346 2349 antehac
1380 2291 1836 2356 examinavimus,
1872 2299 1932 2344 ut
1959 2297 2258 2359 qumratur,
2287 2288 2516 2358 ,quando
2543 2288 2738 2341 animm
2804 2287 3070 2357 principia
3131 2287 3213 2339 sui
3271 2293 3425 2338 ortus
3482 2294 3536 2337 et

267 2379 609 2438 exsistentiaa
658 2383 942 2439 habeant?
993 2383 1127 2438 Nam
1161 2384 1208 2440 si
1263 2385 1450 2440 datum
1511 2383 1673 2439 fuerit
1706 2381 1852 2453 quod
1917 2387 2046 2436 ante
2091 2395 2295 2449 corpus
2354 2379 2409 2433 in
2472 2378 2733 2448 peculiari
2789 2379 3022 2448 quadam
3077 2379 3310 2433 statione
3352 2375 3531 2428 anima

265 2471 436 2537 vivat,
484 2476 715 2530 omnino
756 2494 981 2534 necesse
1017 2487 1102 2532 est
1138 2487 1197 2532 ut
1242 2478 1514 2533 absurdas
1555 2477 1677 2532 illas
1739 2475 2043 2531 sententias
2077 2482 2132 2528 et
2159 2472 2313 2526 ﬁctas
2338 2471 2630 2540 opiniones
2655 2485 2846 2524 eorum
2919 2470 3010 2538 qui
3079 2478 3299 2538 propter
3368 2465 3526 2519 vitio-

266 2568 483 2623 sitatem
529 2569 742 2624 animas
774 2570 829 2626 in
887 2587 1120 2642 corpora
1174 2570 1369 2626 deduci
1431 2571 1644 2634 volunt,
1704 2569 1851 2624 vires
1909 2567 2113 2621 habere
2180 2572 2454 2634 putemus.
2499 2560 2792 2616 Enimvero
2834 2562 3190 2630 posteriorem
3253 2575 3374 2613 esse
3421 2558 3536 2613 ori-

264 2661 449 2733 ginem
475 2661 1122 2734 animarum,,ipsasque
1158 2662 1492 2732 recentiores
1544 2677 1667 2718 esse
1725 2674 2016 2730 corporum
2065 2653 2464 2726 compositione
2510 2669 2670 2708 nemo
2717 2668 2850 2708 sana
2910 2660 3089 2708 mente
3156 2653 3415 2720 prmditus
3477 2651 3530 2704 in

267 2752 515 2806 animum
554 2751 858 2819 induxerit,
925 2769 1052 2808 cum
1111 2753 1465 2809 manifestum
1524 2765 1590 2806 ac
1649 2745 2002 2822 perspicuum
2069 2747 2142 2802 sit
2205 2744 2461 2800 omnibus
2502 2744 2647 2814 quod
2705 2745 2840 2798 nihil
2893 2760 2958 2799 ex
3015 2743 3270 2797 inanimis
3340 2741 3534 2797 habeat

269 2844 326 2899 in
350 2859 475 2900 sese
502 2844 610 2898 vim
655 2845 908 2900 movendi
960 2845 1166 2915 pariter
1200 2853 1364 2915 atque
1415 2843 1718 2901 crescendi.
1773 2843 1841 2895 At
1892 2853 2080 2896 eorum
2140 2837 2234 2908 qui
2271 2836 2324 2890 in
2356 2843 2514 2890 utero
2570 2837 2910 2897 nutriuntur,
2953 2849 3130 2904 neque
3173 2841 3531 2904 augmentum

264 2944 323 2990 et
356 2936 777 3002 incrementum,
811 2950 990 3006 neque
1034 2936 1101 2992 de
1136 2935 1256 2992 loco
1290 2935 1360 2990 ad
1418 2935 1596 2991 locum
1659 2941 1842 2989 motus
1879 2938 2273 2987 eontroversus
2297 2938 2350 2983 et
2381 2929 2672 2998 ambiguus
2705 2937 2795 2982 cst

307 3009 598 3079 ’Λείπεται
629 3018 723 3078 οὖν
775 3023 902 3095 μίαν
933 3026 1028 3078 καὶ
1069 3024 1168 3096 τὴν
1222 3026 1392 3097 αὐτὴν
1431 3025 1611 3096 ψυχῆς
1651 3042 1710 3078 τε
1752 3007 1850 3077 ’καὶ

2026 3020 2379 3090 Relinquitur
2438 3020 2625 3090 igitur,
2680 3027 2740 3074 ut
2768 3027 3042 3089 putemus,
3085 3033 3254 3071 unum
3288 3027 3342 3072 et
3389 3018 3532 3073 idem

270 3113 521 3185 σώματος
561 3111 734 3184 ἀρχὴν
765 3113 864 3184 τῆς
903 3112 1216 3178 συστάσεως
1260 3114 1486 3169 οἴεσθαι.
1528 3115 1637 3167 Καὶ
1667 3113 1855 3184 ὥσπερ

1960 3112 2152 3165 anima:
2200 3119 2254 3165 et
2291 3111 2542 3180 corporis
2569 3109 2984 3165 constitutionis
3029 3109 3360 3178 principium
3387 3125 3532 3164 esse.

266 3205 367 3276 τῆς
411 3204 568 3276 ῥίζης
599 3203 695 3272 τὴν
728 3203 1020 3257 ἀποσπάδα
1053 3202 1292 3257 λαὸοὖσα
1336 3205 1488 3275 παρὰ
1516 3205 1626 3258 τῶν
1654 3204 1856 3272 γεηπό-

1960 3203 2032 3256 Ac
2088 3201 2548 3271 quemadmodum
2585 3213 2730 3256 terra
2783 3203 2828 3256 si
2892 3202 3174 3256 surculum
3243 3202 3311 3255 ab
3345 3202 3536 3256 radice

266 3315 373 3351 νων
397 3298 433 3368 ἡ
475 3296 547 3366 γῆ
575 3295 788 3367 δένδρον
817 3295 1095 3366 ἐποίησεν,
1127 3297 1227 3349 οὐκ
1267 3295 1405 3366 αὐτὴ
1432 3295 1530 3367 τὴν
1558 3295 1856 3367 αὐξητικὴν

1960 3294 2234 3358 avulsum,
2268 3294 2336 3348 ab
2363 3294 2622 3364 agricolis
2667 3295 2960 3362 acceperit,
2994 3294 3244 3346 arborem
3273 3293 3396 3347 inde
3425 3294 3537 3348 elli-

267 3388 486 3442 ἒνθεῖσα
513 3387 593 3459 τῷ
619 3387 941 3459 τρεφομένῳ
963 3386 1213 3458 δύναμιν,
1245 3387 1378 3440 ἀλλὰ
1409 3387 1570 3457 μόνον
1597 3387 1696 3450 τὰς
1720 3387 1858 3458 πρὸς

266 3482 366 3553 τὴν
387 3480 614 3552 αὔξησιν
636 3478 891 3551 ἀφορμὰς
913 3481 1116 3532 ὲνιεῖσα
1135 3477 1213 3549 τῷ
1234 3478 1538 3548 ἐκκειμένῳ
1555 3477 1689 3548 (49)
1714 3476 1856 3530 οὓτω

270 3571 472 3642 φαμὲν,
513 3570 696 3626 καὶτὸ
729 3572 794 3624 ὲκ
833 3567 928 3622 τοῦ
962 3567 1249 3639 ἀνθρώπου
1288 3567 1684 3639 ἀποσπώμενον
1721 3567 1858 3638 πρὸς

266 3661 557 3734 ἀνθρώπου
591 3662 840 3733 φυτείαν,
873 3661 966 3715 καὶ
1003 3660 1135 3714 αὐτὸ
1160 3659 1360 3732 τρόπον
1397 3659 1519 3714 τινὰ
1545 3658 1683 3724 ζῶον
1717 3655 1854 3713 εἶναι

268 3753 331 3821 ιε
362 3753 607 3824 ἐμψύχου
646 3753 910 3826 ἔμψυχον,
943 3753 1008 3807 ὲκ
1037 3753 1373 3824 τρεφομένου
1405 3753 1759 3824 τρεφόμενον.
1793 3751 1855 3807 Εἰ

266 3845 332 3898 δὲ
373 3844 451 3916 μὴ
487 3845 662 3907 πάσας
693 3844 790 3909 τὰς
817 3845 916 3914 τῆς
952 3844 1130 3915 ψυχῆς
1174 3844 1452 3915 ἐνεργείας
1481 3845 1576 3899 καὶ
1611 3845 1855 3918 κινήσεις

266 3936 305 4005 ὴ
347 3932 627 4004 βραχύτης
657 3934 959 3997 ἀποσπὰδος
988 3933 1102 4005 (50)
1131 3931 1396 4006 ἐχώρησε,
1428 3933 1735 4006 Θαυμαστὸν
1763 3935 1854 3988 οὑ-

1957 3387 2051 3451 cit,
2086 3401 2195 3439 non
2251 3385 2368 3455 ipsa
2405 3385 2510 3437 vim
2541 3386 2867 3456 augescendi
2890 3387 2939 3441 ei
2977 3389 3122 3456 quod
3187 3386 3426 3438 nutritur
3454 3385 3537 3438 in-

1949 3477 2170 3546 jiciens,
2204 3477 2299 3532 sed
2345 3476 2669 3531 incrementi
2716 3477 2984 3532 duntaxat
3037 3479 3317 3532 materiam
3373 3485 3538 3546 atque

1955 3568 2253 3624 Subsidium
2283 3569 2386 3624 sibi
2421 3569 2586 3624 insito
2616 3569 2917 3623 lmmittens
2950 3589 2963 3624 :
3004 3571 3074 3624 ita
3100 3569 3338 3623 dicimus
3365 3570 3533 3622 etiam

1957 3660 2011 3715 id
2039 3659 2186 3728 quod
2218 3677 2281 3714 ex
2311 3659 2532 3716 homine
2579 3661 2833 3717 avellitur
2871 3662 2937 3716 ad
2977 3662 3212 3716 hominis
3243 3661 3534 3721 sationem,

1957 3753 2136 3824 ipsum
2168 3770 2388 3824 quoque
2413 3755 2596 3825 aliquo
2640 3754 2800 3809 modo
2830 3756 3028 3809 animal
3066 3771 3207 3816 esse,
3235 3769 3299 3809 ex
3327 3753 3538 3806 anima-

1955 3852 2013 3898 to
2043 3844 2364 3908 animatum,
2396 3861 2460 3900 ex
2489 3861 2554 3898 eo
2583 3846 2729 3916 quod
2759 3846 2998 3900 nutritur
3025 3847 3077 3900 id
3101 3845 3246 3916 quod
3276 3843 3534 3898 nutritur.

1955 3935 2115 4004 Quod
2167 3936 2214 3991 si
2257 3951 2366 3990 non
2420 3938 2600 3993 omnis
2631 3937 2830 3991 anima:
2880 3937 3199 3992 etlieientias
3232 3938 3435 4007 pariter
3471 3950 3535 3990 ac

266 4022 384 4077 δέν.
423 4023 556 4076 Οὐδὲ
586 4023 692 4094 γὰρ
723 4024 834 4096 (51)
859 4025 918 4078 ὲν
943 4024 1020 4096 τῷ
1051 4024 1324 4096 σπέρματι
1357 4028 1500 4088 σῖτος
1523 4025 1686 4088 εὐθὺς
1714 4024 1856 4079 κατὰ

268 4113 332 4168 τὸ
357 4114 680 4185 φαινόμενον
721 4116 919 4187 στάχυς
952 4116 1070 4170 ἐστὶ
1107 4118 1125 4186 (
1152 4117 1267 4180 πῶς
1304 4116 1414 4188 γὰρ
1463 4117 1575 4188 (52)
1605 4116 1855 4172 τοσοῦτον

1960 4118 2176 4172 mirum.
2223 4117 2409 4188 Neque
2441 4121 2585 4174 enim
2649 4120 2700 4172 in
2735 4121 2946 4173 semine
3000 4121 3360 4180 frumentum,
3392 4119 3539 4188 quod

271 4207 329 4259 ὲν
368 4206 607 4278 τοσούτῳ
655 4209 1018 4280 χωρήσειεν);
1063 4208 1200 4262 ἀλλὰ
1248 4209 1350 4279 τῆς
1382 4213 1486 4280 γῆς
1523 4209 1686 4263 αὑτὸν
1732 4213 1856 4274 ταῖς

1960 4212 2176 4281 quidem
2227 4223 2510 4281 appareat.
2563 4212 2814 4280 protinus
2867 4213 3017 4280 Spica
3072 4221 3156 4264 est
3196 4213 3370 4279 (nam
3428 4226 3540 4278 quo

271 4299 627 4370 καταλλήλοις
681 4302 1072 4374 τιθηνουμένης
1109 4306 1372 4375 τροφαῖς,
1405 4304 1605 4372 στάχυς
1640 4305 1668 4356 ό
1711 4305 1856 4367 σῖτος

1960 4310 2117 4372 pacto
2164 4311 2377 4357 tantum
2433 4305 2485 4356 iu
2521 4304 2734 4356 tantillo
2786 4305 2962 4354 locum
2996 4302 3202 4354 habere
3241 4302 3443 4369 pulerit
3469 4302 3536 4370 τ),

272 4392 498 4459 γίνεται,
523 4394 622 4446 οὐκ
652 4393 994 4458 ἐξαλλάσσων
1018 4395 1129 4466 (55)
1154 4399 1211 4450 ὲν
1235 4398 1300 4468 τῇ
1329 4395 1456 4466 βολῇ
1486 4395 1598 4465 (54)
1629 4393 1726 4464 τὴν
1761 4395 1854 4464 φύ-

1960 4398 2052 4453 sed
2083 4405 2228 4452 terra
2271 4398 2606 4452 frumentum
2657 4394 3112 4464 convenientibus
3149 4401 3200 4447 et
3231 4393 3374 4462 aptis
3431 4408 3537 4444 nu-

274 4499 378 4545 σιν,
413 4483 528 4536 ἀλλ’
567 4485 846 4556 ἐμφαίνων
881 4486 992 4556 (55)
1026 4487 1216 4541 ἑαυτὸν
1244 4486 1338 4541 καὶ
1365 4485 1602 4539 τελειοῦν
1636 4484 1747 4557 (56)
1781 4488 1847 4557 τῇ

1960 4489 2154 4546 triente
2219 4491 2513 4554 alimentis,
2567 4490 2619 4544 in
2673 4490 2878 4559 Spieznn
2937 4487 3265 4541 frumentum
3333 4485 3536 4543 evadit,

273 4574 369 4645 τῆς
394 4575 604 4646 τροφῆς
629 4577 741 4648 (57)
763 4577 1031 4650 ἐνεργείᾳ..
1054 4580 1264 4649 Ὥσπερ
1282 4574 1376 4632 οὖν
1399 4579 1490 4631 ἐπὶ
1515 4577 1623 4630 τῶν
1647 4577 1852 4648 φυομέ-

1960 4596 2067 4637 non
2098 4581 2397 4638 immutans
2425 4582 2479 4636 in
2512 4583 2666 4652 gleba
2723 4591 2996 4643 naturam,
3042 4578 3134 4633 sed
3163 4593 3421 4633 exserens
3475 4590 3540 4631 ac

273 4682 378 4718 νων
408 4668 737 4738 σπερμάτων
779 4668 922 4721 κατά
959 4669 1114 4737 λόγον
1155 4669 1266 4740 (58)
1306 4671 1339 4736 ἡ
1385 4668 1613 4738 αύξησις
1659 4669 1751 4722 ἐπὶ
1791 4668 1853 4722 τὸ

1960 4672 2217 4743 prodens,
2253 4681 2308 4728 et
2341 4674 2652 4728 absolutum
2709 4689 2772 4727 ac.
2802 4671 3102 4742 perfectum
3135 4685 3256 4725 sese
3303 4668 3538 4724 reddens

273 4755 423 4821 τέλος
467 4758 581 4829 (59)
622 4759 876 4831 πρόεισι·
912 4760 1001 4814 τὸν
1033 4761 1195 4817 αὐτὸν
1235 4761 1436 4834 τρόπον
1486 4761 1580 4816 καὶ
1623 4761 1714 4815 ἐπὶ
1753 4761 1852 4831 τῆς

1960 4763 2164 4820 auxilio
2203 4765 2552 4821 nutrimenti.
2600 4761 3067 4831 Quemadmodum
3118 4760 3285 4828 igitur
3332 4759 3386 4812 in
3437 4773 3538 4811 na-

1955 4035 2136 4084 motus
2169 4029 2439 4098 exiguitas
2475 4029 2682 4083 surculi
2719 4031 2894 4085 avulsi
2942 4046 3142 4099 capere
3175 4030 3370 4100 potuit,
3403 4029 3538 4082 nihil

307 4955 479 5056 ,ξιξ-ζ).
494 4957 938 5027 Παρεξετὰσθη.
1000 4960 1045 5012 Δ
1090 4959 1496 5030 παρεξετὰσθω.
1553 4960 1595 5012 Β
1652 4960 1854 5033 παρεξ-

627 5101 694 5166 Δ,
736 5099 778 5151 Β
810 5099 859 5152 εἰ
911 5098 1008 5171 μή.
1041 5099 1104 5154 Ai
1124 5100 1292 5171 ψυχαὶ
1328 5099 1438 5154 τῶν
1473 5117 1614 5172 σωμ.
1653 5101 1710 5154 Β.
1748 5101 1853 5154 τῶν

269 5183 416 5236 σωμ.
445 5167 503 5219 at
531 5167 588 5236 ψ.

341 5185 659 5309 Ξὸῖιιὲρί.
696 5239 739 5291 Β
778 5239 876 5309 τὴν
904 5239 1048 5309 περί.

340 5305 459 5380 (Ψ)
501 5309 636 5380 napi
661 5310 790 5380 τοῦ.
825 5305 865 5364 Β
1048 5309 1106 5362 δὲ
1130 5309 1246 5364 τοῦ.

497 5376 789 5445 Νομίζειν.
835 5376 1134 5449 Βνομίσαι.

340 5446 459 5516 με)
501 5446 974 5516 εἰσοικιζόντων.
1007 5450 1047 5500 Β
1072 5446 1462 5512 ὲνοικιζόντων.

508 5515 624 5590 [ὰς
650 5520 873 5590 ⁴Ψυχὰς.
911 5521 951 5572 Β
994 5520 1098 5573 τῶν
1123 5520 1329 5590 ψυχῶν.

367 5585 462 5662 δέ)
504 5585 841 5662 ἰξέωτέρᾷςξ
861 5593 924 5655 Δ,
953 5591 994 5642 Β
1033 5585 1323 5662 νεωτέραν.

368 5656 465 5728 45)
503 5660 928 5728 Συμπλάσεως.
961 5664 1003 5715 Δ
1041 5656 1293 5716 διαπλᾶσ.

654 5729 828 5795 αὐτῷ.
863 5725 924 5795 Ᾱ,
963 5735 1004 5786 Β
1034 5734 1091 5784 έν
1123 5730 1319 5800 ἑαυτῷ.

344 5795 464 5865 (47)
503 5796 562 5848 Δ’
586 5795 655 5851 ἐν
678 5801 868 5868 νηδύϊ.
905 5808 945 5862 Α
982 5807 1049 5878 τῇ
1078 5801 1251 5873 νηδύϊ.
1272 5795 1322 5862 ’Β
1353 5802 1409 5856 δὲ
1437 5804 1502 5873 τῇ
1531 5800 1701 5872 νηδύϊ.

2033 4961 2144 5033 (48)
2184 4964 2440 5030 ΚίνησΙς
2464 4964 2652 5019 ἐστιν.
2689 4962 2916 5032 Κίνησίς
2956 4963 3102 5014 ἐστιν
3139 4956 3539 5030 ἀμφισϐητήσι-

2035 5050 2142 5087 ςτε
2171 5034 2266 5087 καὶ
2294 5034 2496 5087 ducam.

2040 5050 2063 5089 ἶ
2082 5050 2142 5086 τε
2171 5050 2266 5088 και
2294 5050 2496 5089 αμφιο.

1964 5031 2063 5102 μός
2082 5031 2142 5086 τε
2171 5034 2266 5088 καὶ
2294 5034 2496 5103 ἀμφίϐ.
2818 5031 2825 5032 ί

2033 5101 2144 5172 (49)
2199 5104 2573 5172 Ἐκκειμένφ.
2658 5105 2720 5169 Δ,
2756 5103 2797 5154 Β
2830 5100 3152 5171 ἐγκειμένῳ.

2031 5173 2145 5242 (50)
2195 5173 2596 5239 Ἀποσπὰδος.
2641 5175 2680 5226 Α
2719 5174 2820 5242 τῆς
2850 5175 3056 5225 ἁποσπ.

2031 5243 2145 5309 (ει)
2189 5244 2342 5298 Οὐδέ
2376 5244 2504 5312 γάρ.
2542 5247 2610 5305 Α.
2645 5244 2685 5294 B
2709 5243 2829 5296 οὐδὲ
2861 5242 3044 5312 γάρλό.

2023 5307 2138 5381 (52)
2179 5313 2312 5378 Πῶς
2345 5307 2476 5381 rapi
2508 5315 2572 5373 Α,
2608 5313 2650 5365 B
2677 5313 2794 5375 πῶς
2819 5307 3024 5380 γάρ’ᾶν
3055 5307 3135 5360 τό.

2025 5381 2138 5450 (53)
2192 5382 2646 5446 Ἐξαλλάσσων.
2691 5384 2730 5434 Β
2759 5381 3116 5447 ἐξαλλάττων.

2025 5451 2138 5522 (754)
2178 5451 2362 5520 Βολῇ.
2394 5455 2458 5516 Λ,
2487 5453 2528 5504 Β
2563 5452 2736 5522 βώλῳ.

2029 5521 2141 5590 (55)
2193 5523 2540 5591 Ἑμφαίνων.
2564 5519 2635 5582 ’Λ,
2673 5519 2711 5574 Β
2742 5519 3035 5591 ἐκφαίνων.

2027 5592 2140 5660 (56)
2183 5590 2482 5646 Τέλειοῦν.
2519 5594 2585 5654 Δ,
2621 5593 2663 5644 Β
2689 5590 2951 5645 τειλειῶν.

2027 5652 2140 5732 (57)
2177 5661 2420 5732 Τροφῆς.
2457 5663 2500 5716 Α
2534 5652 2587 5718 in
2619 5663 2865 5731 margine
2890 5659 3105 5732 φύσεως
3139 5652 3418 5728 συνεργίᾳ.

2026 5730 2142 5801 (58)
2184 5730 2578 5802 κατὰλόγον.
2619 5734 2685 5798 Δ,
2725 5730 2766 5786 Β
2797 5733 2919 5785 κατ’
2949 5730 3147 5800 ὀλίγον.

2028 5803 2142 5866 (59)
2183 5801 2380 5874 Τέλος.
2420 5805 2484 5871 Δ,
2515 5805 2556 5857 Β
2583 5805 2808 5860 τέλειον.
