3990 6202
518 358 625 419 127

1782 364 1839 419 s.
1873 359 2201 420 essanun
2235 315 2534 422 uvsssm

3680 340 3788 422 res

522 476 804 533 scentibns
829 475 1131 533 seminibus
1156 476 1551 535 incrementum
1577 479 1839 550 paulatim
1865 479 1934 534 ad
1963 493 2088 551 per-
2116 530 2122 543 ,

2223 485 2537 557 ινθρωπίνης
2570 485 2899 552 συστάσεως,
2938 485 3076 556 πρὸς
3112 483 3268 553 λόγον
3300 482 3410 553 (60)
3444 481 3548 554 τῆς
3590 498 3790 553 σωμα-

522 567 810 623 rectionem
845 567 1191 637 progreditur
1219 586 1234 623 :
1261 570 1452 624 eodem
1487 569 1651 625 modo
1703 570 1760 625 in
1810 570 2094 624 hominum

521 675 741 729 quoque
762 658 1089 715 formatione
1109 668 1274 731 atque
1304 663 1704 718 constitutione
1749 677 1850 734 pro
1884 661 2099 718 ratione

522 766 588 805 ac
615 750 961 820 proportione
988 765 1266 821 corporea:
1291 754 1699 824 magnitudinis,
1733 755 1929 810 animas
1959 769 2099 825 quo-

402 848 413 857 ‘
524 856 632 909 que
660 841 903 910 potentia
935 852 1161 911 apparet
1189 850 1353 914 atque
1371 845 1584 900 elucet:
1615 845 1850 915 primum
1881 846 2098 916 quidem

525 952 622 1008 per
645 937 753 991 vim
780 937 960 993 alendi
978 938 1141 993 simul
1174 946 1339 1009 atque
1361 940 1592 1010 augendi
1621 940 1689 995 iis
1719 956 1841 1012 qua:
1866 941 1919 995 in
1946 950 2103 996 utero

526 1028 889 1097 ellinguntur,
945 1044 1068 1085 sese
1123 1029 1411 1085 insinuans
1461 1038 1626 1095 atque
1669 1029 1960 1085 innascens
1992 1029 2100 1098 (a);

529 1127 656 1188 post
683 1118 799 1174 haec
831 1134 963 1175 vero
991 1120 1193 1175 donum
1225 1120 1490 1176 sentiendi
1531 1122 1585 1174 in
1610 1121 1786 1177 lucem
1822 1120 2104 1190 productis

497 1208 822 1281 (inducens,
858 1218 1024 1281 atque
1054 1211 1128 1264 ita
1163 1211 1423 1280 deinceps
1452 1210 1610 1281 quasi
1641 1211 1878 1265 fructum
1916 1225 2106 1280 quem-

498 1276 681 1385 idam,
700 1310 862 1358 aucta
888 1276 1001 1372 jam
1026 1302 1212 1370 planta
1240 1276 1588 1359 mediocriter
1612 1317 1873 1358 exserens
1890 1276 1953 1357 ac
1977 1318 2106 1372 pro—

533 1397 670 1450 dens
697 1395 909 1449 ratione
933 1391 1213 1462 praeditam
1252 1393 1386 1457 vim,
1420 1409 1530 1450 non
1595 1395 1908 1449 universam
1940 1393 2107 1449 simul

534 1483 590 1537 in
619 1497 784 1536 unum
816 1480 1144 1535 conductam
1199 1491 1447 1550 repente,
1504 1481 1599 1536 sed
1654 1495 1768 1535 una
1809 1496 1932 1535 cum
1982 1496 2108 1537 sur-

532 1581 690 1643 gente
717 1579 775 1628 et
818 1580 1177 1627 excresccnte
1235 1572 1442 1641 planta,
1469 1587 1566 1641 per
1599 1579 2023 1627 consentaneum
2056 1579 2111 1626 et

533 1668 932 1732 competentem
964 1676 1317 1732 progressum
1348 1670 1513 1732 atque
1539 1660 1841 1733 profectum
1861 1674 2114 1715 crescen-

2194 579 2353 649 τικῆς
2377 577 2691 647 ποσότητος,
2725 577 2819 631 καὶ
2849 578 2884 649 ἡ
2917 576 3015 646 τῆς
3045 576 3222 647 ψυχῆς
3254 573 3602 643 διαφαίνεται
3632 570 3792 626 δύναι-

2201 686 2311 741 μιςο
2348 668 2564 740 πρῶτον
2599 668 2696 740 μὲν
2738 667 2829 723 διὰ
2863 667 2957 722 τοῦ
3001 665 3296 739 θρεπτικοῦ
3344 665 3438 719 καὶ
3477 658 3794 735 αὐξητικοῦ

2195 761 2309 825 τοῖς
2348 758 2556 814 ἔνδοθεν
2589 758 2984 831 πλασσομένοις
3014 758 3358 829 ἐγγινομένη.
3406 755 3566 811 Μετὰ
3607 754 3796 808 ταῦτα

2198 851 2257 905 δέ
2296 851 2397 924 τὴν
2435 851 2755 922 αίσθητικὴν
2797 850 2958 924 χάριν
2996 851 3110 916 τοῖς
3142 851 3221 913 είς
3256 848 3372 919 φῶς
3423 845 3797 920 προελθοῦσιν

2201 942 2498 1012 ἐπάγουσα,
2528 939 2628 999 εἴθ’
2652 942 2814 1007 οὓτω,
2839 943 3091 1014 καθάπερ
3110 941 3233 997 τινὰ
3257 941 3491 1012 καρπὸν,
3524 940 3799 1011 αὐξηθέν-

2200 1049 2292 1097 τος
2322 1032 2422 1103 ἤδη
2454 1031 2548 1086 τοῦ
2577 1031 2769 1103 φυτοῦ,
2805 1032 3041 1104 μετρίως
3060 1031 3171 1103 (61)
3200 1030 3299 1103 τὴν
3328 1030 3554 1101 λογικὴν
3580 1029 3798 1099 ἐμφαί-

2203 1141 2369 1179 νουσα
2400 1124 2649 1195 δύναμιν,
2694 1124 2756 1179 ού
2800 1125 2979 1178 πᾶσαν
3011 1122 3155 1177 κατᾶ
3194 1122 3255 1177 τὸ
3292 1122 3506 1192 ἀθρόον,
3538 1120 3680 1175 ἀλλὰ
3725 1121 3795 1191 τῇ

2203 1215 2479 1287 ἀναδρομῇ
2510 1214 2605 1269 τοῦ
2649 1215 2816 1285 φυτοῦ
2854 1215 2921 1270 δι’
2950 1214 3242 1270 ἀκολούθου
3273 1215 3558 1285 προκοπῆς
3583 1230 3797 1267 συναυ-

2206 1307 2502 1379 ξανομένην
2541 1307 2676 1377 (62).
2728 1307 2945 1379 Ἐπειδὴ
2992 1307 3171 1360 τοίνυν
3226 1306 3291 1360 τὸ
3345 1308 3409 1360 ἐκ
3444 1305 3554 1359 τῶν
3606 1303 3797 1375 ἐμψύ-

2205 1416 2317 1470 χων
2354 1399 2434 1462 είς
2460 1398 2713 1470 ἀφορμὴν
2754 1396 2996 1468 ἐμψύχου
3038 1396 3151 1468 (65)
3183 1388 3494 1461 συστᾶσεως
3524 1393 3799 1449 ἀποσπὼ⁴

2213 1508 2391 1561 μενον,
2420 1490 2613 1561 νεκρὸν
2635 1485 2775 1544 εἶναι
2799 1489 2860 1543 ού
2887 1488 3108 1542 δύναται
3140 1488 3194 1560 (ἡ
3218 1488 3328 1560 γὰρ
3360 1486 3627 1559 νεκρότης
3650 1484 3801 1539 κατᾶ

2207 1582 2385 1653 ψυχῆς
2433 1582 2690 1654 στέρησιν
2726 1581 2963 1649 γίνεται·
2999 1581 3098 1634 οὐκ
3149 1580 3214 1633 ἂν
3260 1580 3335 1650 δὴ
3360 1579 3470 1650 (64)
3501 1575 3802 1650 προσλάϐῃ

2211 1673 2323 1745 (65)
2361 1674 2459 1744 τὴν
2489 1673 2602 1739 ἕξιν
2638 1676 2671 1744 ἡ
2714 1672 2972 1744 στέρησις
3002 1684 3035 1735 )·
3079 1675 3143 1726 ἐκ
3172 1669 3375 1726 τούτων
3437 1667 3807 1739 καταλαμϐἀ·

533 1761 645 1809 tem
676 1759 731 1808 et
760 1760 1163 1822 augescentem.
1224 1753 1493 1819 Quoniam
1552 1754 1717 1824 igitur
1750 1753 1804 1808 id
1869 1752 2012 1824 quod
2044 1752 2113 1807 ab

2223 1781 2374 1835 νομεν
2400 1763 2463 1817 τὸ
2487 1762 2671 1835 κοινὴν
2699 1763 2777 1832 τῷ
2810 1763 2870 1829 ἐξ
2912 1763 3237 1835 ἀμφοτέρων
3268 1761 3379 1832 (66)
3415 1759 3803 1829 συνισταμένῳ

537 1844 793 1899 animatis
826 1843 892 1899 ad
937 1843 1221 1899 materiam
1256 1851 1309 1899 et
1355 1859 1578 1900 causam
1637 1844 1860 1899 animati
1900 1843 2111 1900 consti-

2223 1849 2569 1920 συγκρίματι,
2597 1849 2695 1920 τὴν
2739 1852 2818 1914 είς
2843 1851 2904 1905 τὸ
2929 1847 3068 1904 εἶναι
3113 1850 3345 1921 πάροδον
3376 1848 3622 1918 γίνεσθαι
3655 1848 3799 1917 (67),

541 1935 764 1990 tutionis
800 1935 1072 1998 avellitur,
1105 1944 1380 1989 mortuum
1429 1949 1554 1991 esse
1587 1951 1694 1990 non
1739 1940 1920 2006 potest
1949 1936 2118 2006 (mor-

541 2027 727 2081 talitas
748 2028 892 2082 enim
920 2041 1017 2096 per
1038 2025 1235 2081 animm
1268 2026 1625 2095 privationem
1666 2027 1756 2092 tit;
1799 2040 1906 2079 non
1936 2032 2117 2080 autem

543 2121 774 2190 privatio
833 2119 1078 2174 habitum
1130 2118 1556 2187 anticipaverit),
1590 2133 1654 2172 ex
1702 2117 1790 2173 his
1821 2116 2121 2187 deprchen-

544 2211 729 2265 dimns
748 2222 1092 2264 communem
1116 2205 1246 2261 etin
1284 2221 1450 2260 unum
1484 2204 1737 2275 idemque
1763 2213 1979 2274 tempus
2009 2202 2120 2257 col-

544 2302 713 2355 latum
764 2300 1070 2370 ingressum
1099 2305 1154 2352 et
1187 2296 1392 2351 aditum
1427 2296 1491 2350 ad
1525 2295 1822 2350 essentiam
1881 2292 2122 2364 pateﬁeri

543 2394 597 2449 ei
644 2391 1100 2463 coagmentationi
1135 2398 1301 2459 atque
1344 2389 1644 2453 coalitioni,
1687 2404 1811 2458 quae
1836 2403 1899 2442 ex
1936 2386 2124 2441 ambo-

548 2486 654 2541 bus
684 2487 939 2556 (corpore
964 2484 1173 2539 scilicet
1199 2490 1254 2537 et
1284 2482 1486 2549 anima)
1507 2490 1724 2538 constat
1752 2488 1802 2536 ct
1828 2480 2119 2536 coalescit:

547 2594 723 2649 neque
754 2579 854 2631 hoc
902 2577 1055 2648 prius
1109 2576 1433 2636 exsistente,
1485 2590 1661 2664 neque
1709 2574 1799 2627 illa
1853 2572 2125 2642 posterius

547 2670 864 2725 accedente.
910 2669 1086 2724 Porro
1119 2667 1262 2722 ratio
1299 2666 1615 2721 necessario
1662 2664 1903 2719 luturum
1934 2665 2129 2733 praevi-

548 2764 660 2823 det.
690 2770 750 2817 ut
789 2760 1081 2830 aliquando
1118 2761 1514 2814 incrementum
1567 2757 1877 2811 animarum
1917 2755 2126 2810 numeri

550 2854 839 2917 consistat,
891 2866 991 2905 nec
1020 2850 1253 2905 ulterius
1306 2847 1704 2918 progrediatur,
1753 2862 1821 2901 ne
1866 2856 2131 2916 perpetuo

552 2945 684 3001 ﬂuat
709 2952 922 3007 natura,
941 2956 1155 3011 semper
1180 2940 1234 2995 in
1251 2955 1364 3003 eas,
1391 2954 1512 3009 qum
1535 2938 1653 2992 alim
1672 2945 1791 3006 post
1823 2938 1958 2992 alias
1988 2938 2131 2993 exsi-

555 3042 729 3099 stant,
756 3047 985 3089 manans
1000 3031 1226 3086 ulterius
1251 3044 1314 3084 ac
1326 3043 1603 3099 nunquam
1623 3028 1824 3083 moveri
1849 3028 2127 3082 desinens.

555 3127 792 3185 Causam
844 3132 1024 3180 autem
1070 3138 1170 3178 cur
1218 3129 1466 3177 nostram
1520 3135 1739 3191 quoque
1776 3134 2003 3190 prorsus
2038 3118 2133 3173 alio

2216 1936 2339 1990 οὔτε
2385 1937 2574 1991 τούτου
2614 1938 3067 2009 προτερεύοντος,
3111 1936 3222 1992 οὔτ’
3265 1937 3472 1992 ἐκείνου
3508 1936 3804 2007 ἐφυστερί-

2218 2027 2401 2094 ζοντος
2420 2045 2434 2060 ·
2478 2030 2664 2083 στᾶσιν
2693 2028 2751 2082 δέ
2781 2047 2909 2083 ποτε
2939 2030 3039 2100 τῆς
3080 2029 3175 2084 τοῦ
3201 2030 3434 2102 ἀριθμοῦ
3467 2030 3574 2084 τῶν
3603 2029 3804 2100 ψυχῶν

2219 2118 2517 2189 αὐξήσεως.
2535 2118 2845 2188 ἀναγκαίως
2863 2122 3071 2191 προορᾷ
3098 2121 3126 2173 ὁ
3154 2121 3328 2190 λόγος.
3365 2122 3452 2185 Ὠς
3475 2121 3541 2175 ἂν
3579 2121 3654 2192 μὴ
3681 2121 3806 2175 δια-

2220 2207 2421 2272 παντὸς
2466 2208 2576 2279 ῥέοι
2602 2210 2635 2279 ἡ
2670 2207 2850 2278 φύσις,
2881 2209 2969 2263 ἀεὶ
3005 2209 3096 2263 διὰ
3125 2210 3232 2265 τῶν
3261 2210 3659 2281 ἐπιγινομένων
3702 2210 3803 2263 ἐπὶ

2220 2298 2282 2351 τὸ
2307 2297 2491 2369 πρόσω
2514 2298 2767 2370 χεομένη,
2794 2300 2887 2353 καὶ
2905 2300 3160 2354 οὐδέποτε
3187 2301 3285 2371 τῆς
3313 2303 3577 2374 κινήσεως
3594 2302 3803 2373 λήγου-

2225 2404 2311 2440 σα.
2339 2387 2451 2458 Τὴν
2470 2388 2528 2441 δὲ
2558 2389 2734 2443 αἰτίαν
2762 2389 2855 2443 τοῦ
2875 2390 2983 2444 δεῖν
3010 2390 3228 2456 πάντως
3255 2392 3515 2463 στάσιμόν
3545 2409 3674 2445 ποτε
3705 2393 3807 2446 καὶ

2222 2478 2319 2549 τὴν
2358 2479 2634 2552 ἡμετέραν
2669 2479 2912 2549 γίνεσθαι
2958 2481 3138 2553 φύσιν,
3172 2481 3377 2553 ταύτην
3417 2484 3672 2555 οἰόμεθα,
3714 2484 3806 2537 ὅτι

2225 2568 2405 2639 πάσης
2434 2570 2534 2640 τῆς
2578 2572 2771 2642 νοητῆς
2817 2570 3031 2640 φύσεως
3074 2573 3132 2626 ἐν
3182 2572 3259 2643 τῷ
3309 2572 3423 2644 ἰδίῳ
3474 2571 3806 2644 πληρώματι

2227 2659 2505 2731 ἑστώσης,
2540 2661 2686 2725 εἰκός
2730 2680 2859 2717 ποτε
2908 2664 3002 2717 καὶ
3043 2664 3106 2717 τὸ
3146 2663 3484 2736 ἀνθρώπινον
3516 2666 3597 2727 είς
3628 2664 3807 2736 πέρας

2227 2750 2421 2817 ἐλθεῖν,
2452 2752 2571 2806 οὐδὲ
2603 2754 2711 2827 γὰρ
2740 2756 2898 2809 τοῦτο
2933 2756 3032 2827 τῆς
3066 2758 3262 2829 νοητῆς
3304 2757 3655 2829 ἠλλοτρίωται
3701 2759 3809 2825 φύ-

2230 2860 2395 2908 σεωςο
2447 2845 2524 2908 ὡς
2577 2846 2651 2917 μὴ
2694 2847 2923 2903 πάντοτε
2969 2849 3145 2904 δοκεῖν
3187 2850 3245 2903 ἐν
3287 2848 3366 2921 τῷ
3407 2850 3647 2903 λείποντι
3691 2848 3803 2915 (68)

2229 2934 2584 3006 καθορᾶσθαι.
2621 2937 2685 2989 Ἦ
2715 2937 2822 3010 γὰρ
2851 2939 2938 2992 ἀεὶ
2955 2939 3063 2995 τῶν
3082 2940 3474 3012 ἐπιγινομένων
3495 2939 3802 3011 προσθήκη,

2230 3027 2533 3099 κατηγορία
2567 3026 2661 3081 τοῦ
2694 3028 3031 3095 ἐλλείποντος
3061 3030 3171 3102 (69)
3211 3032 3353 3102 ἔχειν
3386 3031 3482 3104 τὴν
3524 3032 3683 3101 φύσιν
3715 3031 3801 3099 γί-

2231 3135 2400 3172 νεται.
2454 3119 2702 3175 Ἐπειδὰν
2742 3115 2835 3175 οὖν
2869 3124 2949 3186 είς
2976 3122 3037 3176 τὸ
3074 3124 3270 3176 οἰκεῖον
3306 3123 3576 3195 πλήρωμα
3612 3120 3675 3175 τὸ
3713 3122 3810 3174 ἀνη-

558 3217 787 3289 quando
808 3224 1060 3273 naturam
1092 3214 1341 3270 stabilem
1377 3212 1493 3268 ﬁeri
1521 3218 1791 3282 oporteat,
1820 3211 1963 3265 hanc
2010 3226 2122 3267 esse

2234 3209 2503 3280 θρώπινον
2548 3211 2752 3284 φθάσῃ,
2807 3215 3067 3283 στήσεται
3110 3213 3327 3276 πάντως
3370 3215 3403 3285 ἡ
3442 3212 3644 3285 ῥοώδης
3690 3211 3807 3282 (70)

559 3320 846 3382 putamus,
887 3308 1033 3382 quod
1060 3323 1183 3362 cum
1206 3307 1387 3363 omnis
1406 3314 1599 3360 natura
1628 3320 1750 3375 qua:
1781 3319 1980 3361 sensus
1998 3302 2134 3359 εσυ--

561 3406 716 3476 giens
742 3411 923 3459 mente
949 3401 1067 3458 sola
1092 3399 1599 3472 comprehenditur,
1646 3398 1703 3453 in
1738 3412 1842 3454 suo
1896 3396 2140 3467 comple-

561 3503 747 3552 mento
794 3510 860 3550 ac
888 3491 1228 3565 plenitudine
1264 3492 1551 3555 consistat,
1592 3488 1873 3560 probabile
1920 3504 1984 3543 ac
2041 3504 2140 3558 par

562 3594 648 3642 est
671 3585 965 3640 humanum
988 3598 1206 3654 quoque
1226 3582 1521 3652 aliquando
1538 3596 1712 3651 genus
1740 3580 1807 3634 ad
1832 3579 1994 3636 ﬂnem
2015 3595 2142 3638 esse

564 3683 949 3747 perventurum
986 3673 1135 3745 (nam
1169 3688 1240 3729 ne
1298 3672 1403 3728 hoc
1435 3671 1659 3742 quidem
1714 3672 1784 3726 ab
1816 3686 1880 3726 ea
1917 3678 2135 3739 natura,

568 3782 692 3837 quae
717 3783 824 3821 non
856 3781 1045 3830 sensu,
1073 3764 1169 3822 sed
1198 3771 1381 3822 mente
1424 3764 1693 3826 cernitur.
1733 3762 1971 3819 alienum
2006 3762 2138 3834 est),

569 3875 640 3913 ne
667 3872 882 3926 semper
933 3857 990 3911 in
1030 3856 1245 3913 defectu
1289 3854 1538 3924 conspici
1595 3854 1959 3909 existimetur.
2003 3852 2140 3908 Nam

572 3950 801 4004 aliorum
826 3955 948 4019 post
979 3947 1085 4002 alia
1120 3946 1355 4003 subinde
1383 3945 1769 4002 exsistentium
1802 3958 2020 4015 semper
2052 3958 2138 3999 ac-

572 4038 748 4094 cessio
772 4040 948 4110 arguit
967 4047 1217 4094 naturam
1248 4054 1372 4095 esse
1401 4036 1798 4108 imperfectam.
1819 4037 1954 4092 Cum
1978 4036 2145 4107 igitur

573 4145 744 4200 genus
763 4130 1059 4186 humanum
1091 4131 1157 4185 ad
1186 4145 1340 4186 suam
1383 4128 1770 4199 plenitudinem
1801 4127 2137 4198 pervenerit,

575 4219 838 4275 consistet
867 4218 1092 4273 omnino
1120 4218 1298 4274 ﬂuxus
1328 4218 1420 4274 hic
1454 4226 1664 4273 natura:
1701 4227 1906 4284 motus,
1936 4216 2143 4287 quippe

2232 3301 2370 3372 αὕτη
2398 3302 2497 3373 τῆς
2522 3303 2739 3373 φύσεως
2763 3305 2995 3374 κίνησις,
3026 3308 3106 3371 είς
3137 3305 3196 3359 τὸ
3224 3307 3516 3375 ἀναγκαῖον
3542 3305 3810 3374 καταντή-

2235 3410 2377 3448 σασα
2398 3394 2590 3467 πέρας,
2625 3395 2720 3450 καί
2739 3413 2822 3460 τις
2849 3396 3011 3469 ἑτέρα
3038 3396 3367 3461 κατάστασις
3393 3396 3492 3467 τὴν
3529 3391 3668 3462 ζωὴν
3696 3393 3814 3446 δια-

2235 3486 2447 3557 δέχεται
2473 3486 2610 3557 (7i),
2641 3488 2741 3559 τῆς
2771 3487 2865 3543 νῦν
2896 3490 2953 3542 ἐν
2989 3488 3197 3557 γενέσει
3239 3488 3333 3543 καὶ
3369 3488 3543 3559 φθορᾷ
3572 3486 3815 3555 διεξαγα-

2243 3578 2409 3650 μένης
2447 3580 2847 3651 κεχωρισμένη.
2893 3581 2985 3650 Μὴ
3017 3578 3184 3652 οὕσης
3209 3580 3318 3653 γὰρ
3346 3580 3630 3649 γενέσεως,
3669 3579 3813 3633 κατὰ

2246 3670 2426 3722 πᾶσαν
2466 3668 2709 3739 ἀνάγκην
2746 3667 2867 3721 ούδέ
2906 3667 2967 3721 τὸ
3008 3667 3359 3739 φθειρόμενον
3393 3666 3562 3719 ἔσται.
3602 3664 3665 3720 El
3706 3663 3815 3734 γὰρ

2248 3760 2353 3831 πρὸ
2383 3761 2483 3830 τῆς
2522 3758 2814 3823 διαλύσεως
2862 3757 3107 3823 σύνθεσις
3139 3758 3251 3828 (72)
3290 3758 3541 3830 ἄρχεται,
3574 3755 3817 3809 σύνθεσιν

2245 3848 2303 3902 δέ
2340 3865 2520 3918 φαμεν
2543 3847 2641 3919 τὴν
2667 3847 2755 3902 διὰ
2777 3848 3043 3917 γενέσεως
3075 3848 3305 3919 πάροδον
3330 3863 3346 3880 ⁸
3371 3846 3658 3902 ἀκόλουθον
3682 3845 3819 3898 πάν-

2245 3957 2356 4005 τως
2390 3940 2464 4011 μὴ
2491 3940 2909 4012 καθηγουμένης
2939 3942 3040 4013 τῆς
3067 3940 3399 4004 συνθέσεως,
3431 3939 3561 4011 μηδὲ
3590 3938 3685 4009 τὴν
3707 3938 3820 3991 διὰ-

2246 4031 2399 4085 λυσιν
2420 4031 2666 4087 ἕπεσθαι.
2697 4031 2907 4087 Οὐκοῦν
2930 4033 3143 4089 ἑστῶσα
3173 4051 3258 4096 τις
3282 4032 3393 4104 (75)
3424 4032 3518 4085 καὶ
3544 4028 3819 4092 ἀδιάλυτος

2250 4124 2285 4193 ἡ
2328 4125 2463 4195 μετὰ
2516 4122 2689 4180 ταῦτα
2717 4124 2831 4198 ζωὴ
2863 4125 2933 4180 δι’
2973 4125 3286 4190 ἀκολουθίας
3322 4123 3432 4195 (74)
3463 4120 3819 4192 προφαίνεται

2252 4215 2388 4286 (75),
2401 4216 2527 4270 οὒτε
2542 4217 2647 4271 ὑπὸ
2661 4216 2947 4287 γενέσεως,
2965 4217 3089 4272 οὔτε
3106 4215 3210 4272 ὑπὸ
3225 4216 3428 4287 φθορᾶς
3444 4211 3817 4283 ἀλλοιουμένη.

577 4311 946 4366 necessarium
975 4311 1135 4366 tinem
1166 4318 1489 4375 assecutus;
1522 4318 1685 4381 atque
1723 4310 1864 4365 alius
1917 4307 2138 4380 quidam
2172 4315 2349 4365 status
2385 4309 2553 4364 vitam
2601 4310 2857 4380 excipiet,
2908 4310 3159 4368 diversus
3194 4309 3260 4365 ab
3290 4323 3375 4375 eo,
3418 4308 3513 4378 qui
3551 4322 3693 4363 nunc
3728 4321 3825 4377 per

576 4400 978 4467 generationem
1010 4410 1172 4470 atque
1205 4401 1610 4471 corruptionem
1642 4400 1873 4456 invicem
1903 4400 2164 4471 exigitur.
2205 4398 2306 4455 Ubi
2328 4401 2474 4457 enim
2510 4409 2667 4457 ortus
2698 4407 2752 4457 et
2768 4404 3049 4473 generatio
3080 4417 3186 4457 non
3213 4399 3337 4465 erit,
3356 4399 3581 4454 omnino
3600 4413 3826 4455 necesse

574 4497 744 4544 estut
777 4505 845 4545 ne
872 4491 945 4546 sit
979 4490 1199 4560 quidem
1232 4491 1374 4560 quod
1399 4492 1632 4545 intereat
1676 4499 1731 4547 et
1761 4479 2166 4559 corrumpa'lur.
2214 4489 2351 4546 Nam
2419 4492 2466 4549 si
2529 4491 2947 4548 dissolutionem
3015 4491 3342 4563 compositio
3370 4490 3624 4561 pmedit
3654 4488 3822 4559 (com-

576 4581 902 4652 positionem
927 4588 1107 4636 autem
1139 4580 1394 4648 dicimus,
1426 4595 1707 4637 accessum
1741 4596 1837 4650 per
1866 4581 2327 4652 generationem),
2351 4583 2577 4638 omnino
2606 4584 3164 4654 consequitur,quod,
3189 4598 3295 4638 non
3324 4580 3658 4653 praecedente
3678 4594 3825 4636 com.

578 4675 873 4745 positione,
927 4689 1030 4729 nec
1074 4674 1365 4730 dissolutio
1402 4673 1626 4745 quidem
1662 4685 1945 4743 sequatur.
1971 4675 2114 4748 Ergo
2188 4676 2404 4733 stabilis
2457 4677 2729 4748 quaedam,
2776 4690 2843 4732 ac
2903 4676 3285 4733 dissolutionis
3309 4691 3507 4747 expers
3535 4681 3657 4746 post
3684 4673 3846 4729 banc:

579 4764 764 4821 futura
805 4767 991 4837 (prout
1014 4764 1240 4821 credere
1269 4778 1369 4836 par
1395 4765 1501 4836 est)
1543 4764 1652 4820 vita
1683 4766 2065 4838 praesignatur,
2100 4781 2222 4838 quae
2250 4782 2430 4838 neque
2458 4783 2556 4840 per
2580 4777 2786 4836 ortum,
2816 4783 2995 4840 neque
3035 4783 3135 4841 per
3171 4769 3453 4825 interitum
3495 4768 3845 4823 immutetur.

674 4981 763 5053 60)
799 4982 955 5050 Πρὸς
976 4984 1178 5053 λόγον.
1213 4984 1256 5037 Β
1283 4982 1420 5051 πρὸς
1444 4983 1725 5052 ἀνάλογον.

678 5052 769 5117 61)
807 5052 1087 5120 Μετρίωςέ.
1117 5054 1261 5109 Dolet
1298 5054 1360 5108 Β.

677 5122 767 5195 62)
805 5123 1368 5195 Συναυξανομένην.
1410 5124 1455 5176 Α
1487 5121 1940 5195 συναυξανομένη.

655 5194 767 5265 (βξ)
818 5194 1148 5265 ἐμψύχουο
1188 5199 1231 5247 Α
1264 5193 1523 5265 εμψυχον.

653 5225 767 5332 ὶξῖἱ)
802 5225 924 5329 Δῖ
932 5225 1093 5316 iis;

655 5332 768 5413 (ἓξ)
807 5332 1149 5413 Εροσλάβη·
1190 5336 1233 5413 4
1268 5333 1534 5413 “590141621-

654 5402 769 5474 (66)
812 5402 887 5457 Τὸ
916 5403 1122 5458 κοινὸν
1160 5403 1239 5470 τῷ
1266 5404 1335 5468 ἐξ
1362 5402 1515 5474 ἀμερῖ
1544 5403 1693 5459 Delet
1724 5403 1784 5459 B.

657 5472 769 5542 (67)
807 5474 1111 5530 Γίνεσθαι.
1141 5474 1186 5527 Α
1207 5472 1475 5542 γενέσθαι.

659 5540 770 5602 (68)
806 5544 1101 5597 Attum-tt.
1142 5546 1187 5597 A
1216 5540 1532 5599 ἐλλείποντι.

573 5653 581 5683 ,
661 5610 772 5682 (69)
821 5612 1253 5681 Ἐλλείποντος.
1313 5616 1357 5666 Α
1389 5615 1638 5681 ἐλλιπῶς.

2185 4970 2233 5025 D
2269 4988 2445 5077 ηρο)
2495 4988 2767 5059 Ῥοώδης.
2799 4989 2846 5045 Α
2874 4989 2931 5046 in
2960 4989 3225 5060 margine,
3265 4989 3320 5044 in
3349 4996 3501 5047 textu
3535 4997 3709 5046 autem
3748 4982 3821 5058 ῥι-

2335 5129 2446 5198 (Ὴ)
2484 5127 2838 5199 Διαδέχεται.
2872 5132 2936 5195 Δ,
2972 5130 3015 5183 Β
3042 5128 3357 5194 διαδέξεται.

2335 5199 2448 5270 (72)
2488 5200 2798 5267 Σύνθεσις.
2838 5204 2903 5258 Α.
2932 5201 2974 5254 Β
3002 5201 3035 5270 ἡ
3065 5200 3215 5254 σύνθ.

2339 5267 2449 5339 (75)
2492 5270 2726 5324 Οὐκοῦν
2755 5270 2993 5326 ἐστῶσά
3011 5267 3116 5335 ire.
3146 5270 3203 5325 in
3233 5269 3384 5325 calce
3406 5268 3617 5339 codicis
3630 5267 3826 5339 Adianc

2265 5337 2487 5410 invenio
2516 5339 2949 5410 observationem
2983 5358 2999 5410 ξ
3043 5340 3164 5394 ’Ότι
3215 5339 3358 5393 κατὰ
3403 5341 3502 5410 τὴν
3540 5337 3632 5392 τοῦ
3662 5337 3829 5410 Εὐαγ-

2267 5409 2447 5482 γελίου
2473 5409 2792 5482 ἀκολουθίαν
2821 5412 2853 5482 η
2878 5409 3154 5482 μέλλουσα
3185 5410 3297 5482 ζωὴ
3327 5407 3628 5482 ἀπέραντος
3663 5407 3820 5462 ἔσται.

2339 5480 2449 5547 (74)
2484 5478 2565 5533 Δι’
2597 5478 2975 5544 ἀκολουθίας.
3016 5482 3083 5537 Λ.
3114 5480 3157 5532 Β
3179 5480 3245 5533 δι’
3275 5478 3591 5534 ἀκολούθου.

2341 5550 2451 5620 (75)
2490 5550 2904 5619 Προφαίνεται.
2935 5556 3001 5615 Λ,
3032 5549 3075 5602 Β
3104 5551 3313 5605 addunt.
3349 5551 3604 5614 πίστεως.

664 5789 741 5868 (α)
779 5788 1055 5868 Scholion.
1092 5792 1238 5847 Unde
1257 5812 1347 5868 nec
1375 5800 1508 5852 redit
1532 5798 1742 5868 quidem
1782 5813 2009 5868 unquam
2042 5796 2269 5865 privatio
2290 5795 2356 5849 ad
2378 5795 2613 5849 habitum
2640 5793 2837 5851 :uelutt'
2860 5794 3072 5851 ca'citas
3093 5794 3163 5848 ad
3194 5795 3383 5849 visum:
3412 5798 3596 5847 contra
3621 5805 3829 5861 namque

580 5859 822 5940 ‘habilus,
862 5863 1156 5932 privatione
1193 5867 1449 5923 antimiim
1489 5859 1588 5935 est,
1626 5886 1687 5924 ac
1726 5859 2011 5923 solct'cum
2042 5859 2268 5929 privatio
2298 5876 2520 5922 mutare.
