3990 6202
270 230 378 289 129

1374 225 1462 280 DE
1499 223 1718 284 ANIMA
1755 223 1843 278 ET
1876 219 2487 280 RESURRECTIONE.

3444 222 3548 278 150

338 341 401 398 Γ.
425 340 569 412 Ἐγὼ
583 340 641 398 δὲ
656 339 826 395 ταῦτα
845 338 1212 414 διεξελθούσης
1225 318 1536 396 διδασκάλον
1548 340 1657 413 (62)
1669 384 1683 408 ,
1715 345 1869 396 ὲπει-

2049 344 2115 398 G.
2138 343 2251 414 Ego
2276 356 2406 398 vero
2428 383 2442 407 ,
2466 357 2589 398 cum
2617 343 2730 400 hac
2762 341 3017 412 magistra
3053 343 3433 413 exposuisset,
3481 356 3546 394 ac

271 436 340 509 δὴ
372 439 485 501 τοῖς
520 434 733 499 πολλοῖς
763 433 1252 506 παρακαθημένοις
1271 434 1382 506 (77)
1407 434 1583 488 ἐδόκει
1608 435 1670 488 τὸ
1693 435 1863 506 προσ-

272 528 415 598 ῆκον
464 524 754 596 ἐσχηκέναι
805 524 983 596 πέρας
1029 524 1059 576 6
1113 523 1289 591 λόγος,
1343 525 1600 596 φοϐηθεὶς
1646 525 1720 596 μὴ
1766 525 1865 578 οὐκ

277 618 365 673 ἐτι
409 617 439 672 6
490 615 719 671 διαλύων
768 614 1050 688 (78)ιὴμῖν
1088 615 1156 668 τὰ
1199 614 1326 686 περὶ
1367 618 1465 687 τῆς
1515 617 1866 678 ἀναστάσεως

279 712 434 783 παρὰ
459 710 564 764 τῶν
589 708 789 774 ἔξωθεν
829 708 1216 780 προφερόμενα
1236 748 1251 773 ,
1276 708 1330 762 εἴ
1352 727 1406 762 τι
1448 710 1513 762 ὲκ
1545 710 1642 780 τῆς
1680 710 1864 781 ἀρρω-

279 807 436 868 στίας
473 806 505 874 ἡ
542 802 863 867 διδάσκαλος
910 801 1093 865 πάθοι,
1137 801 1166 854 ὃ
1211 800 1276 873 δὴ
1310 800 1405 854 καὶ
1461 801 1680 870 ἐγένετο
1713 801 1863 873 (79)ο

275 893 462 958 οὔπω,
514 894 682 965 φημὶ,
729 893 825 947 τοῦ
912 893 1252 966 κυριωτάτου
1309 892 1457 964 (80)
1531 892 1641 946 τῶν
1728 891 1867 946 κατὰ

249 983 451 1058 ’δόγμα
481 987 592 1057 (Si)
644 984 995 1056 ζητουμένων
1048 986 1076 1037 6
1125 984 1282 1055 λόγος
1330 983 1530 1054 ἥψατο.
1569 986 1707 1057 Φησὶ
1756 985 1866 1058 γὰρ

277 1083 312 1153 ἡ
363 1081 722 1142 θεόπνευστος
767 1079 806 1130 Γ
811 1076 981 1149 ραφὴ,
1014 1078 1156 1132 κατόι
1195 1095 1256 1131 τε
1309 1077 1410 1150 τὴν
1450 1078 1576 1132 νέαν
1620 1079 1715 1131 καὶ
1763 1079 1865 1148 ἀρ-

225 1173 444 1258 ίχαίαν
488 1171 602 1242 (82)
646 1168 1027 1235 διδασκαλίαν,
1098 1169 1318 1233 πάντως
1378 1170 1510 1223 ποτὲ
1558 1168 1711 1233 τάξει
1762 1169 1869 1222 τινὶ

221 1319 228 1323 .
279 1266 380 1319 καὶ
439 1262 616 1335 εἱρμῷ
672 1264 770 1334 τῆς
826 1261 1041 1331 φύσεως
1093 1260 1249 1333 ἡμῶν
1309 1261 1451 1316 κατὰ
1498 1262 1598 1334 τὴν
1645 1260 1870 1331 παροδι-

279 1359 389 1428 κὴν
435 1355 547 1425 (85)
579 1354 671 1406 τοῦ
707 1353 902 1424 χρόνου
953 1352 1168 1422 κίνησιν
1205 1352 1529 1424 διεξιούσης,
1575 1352 1869 1424 στήσεσθαι

282 1450 386 1516 μὲν
420 1448 520 1517 τὴν
558 1444 730 1517 ῥοώδη
761 1445 968 1516 ταύτην
1000 1444 1173 1517 φορὰν
1205 1445 1304 1517 τὴν
1351 1444 1438 1498 διὰ
1470 1445 1572 1514 τῆς
1614 1445 1720 1498 τῶν
1749 1446 1872 1502 ὲπι-
1905 1430 1949 1485 Β

280 1540 588 1610 γινομένων
623 1537 735 1607 (84)
769 1537 1022 1607 διαδοχῆς
1053 1536 1370 1608 προϊοῦσαν,
1401 1532 1501 1606 τῆς
1531 1536 1587 1589 δὲ
1613 1535 1706 1589 τοῦ
1737 1551 1876 1589 πανε-

281 1632 375 1696 τδς
421 1628 867 1701 συμπληρώσεως
919 1627 1116 1700 μηκέτι
1164 1627 1263 1698 τὴν
1312 1627 1404 1680 ἐπὶ
1437 1626 1499 1680 τὸ
1531 1626 1712 1680 πλεῖον
1759 1627 1872 1699 (85)

281 1722 588 1792 ἐπαύξησιν
635 1718 1041 1792 προδεχομένης
1083 1716 1231 1788 (86),
1263 1716 1410 1770 ἅπαν
1443 1716 1505 1770 τὸ
1547 1716 1654 1769 τῶν
1686 1715 1874 1787 ψυχῶν

283 1817 588 1885 πλήρωμα,
612 1811 773 1865 πάλιν
792 1812 854 1863 ὲκ
873 1809 968 1863 τοῦ
988 1808 1199 1872 ἀειδοῦς
1221 1809 1315 1862 καὶ
1341 1808 1740 1879 ἐσκεδασμένου
1758 1809 1872 1880 (87)

284 1908 432 1979 πρὸς
455 1905 516 1959 τὸ
541 1903 787 1966 συνεστὸς
805 1902 898 1956 καὶ
915 1900 1240 1972 φαινόμενον
1263 1898 1742 1965 ἐπανελεύσεσθαι,
1766 1900 1874 1952 τῶν

287 1998 474 2054 αὐτῶν
497 1995 770 2065 στοιχείων
813 1993 955 2047 κατὰ
971 1993 1062 2046 τὸν
1097 1991 1261 2045 αὑτὸν
1300 1991 1491 2064 εἱρμὸν
1509 1994 1646 2062 πρὸς
1670 1991 1876 2062 ἄλληλα

285 2092 454 2146 πάλιν
473 2087 912 2160 ἀναδραμόντων.
960 2085 1023 2138 Ἢ
1051 2084 1108 2137 δὲ
1145 2083 1368 2155 τοιαύτη
1400 2085 1500 2154 τῆς
1541 2081 1685 2155 ζωῆς
1705 2085 1874 2138 κατά-

284 2195 510 2241 στασις,
549 2176 678 2247 περὶ
699 2174 808 2228 τῶν
830 2174 931 2245 τῆς
957 2172 1107 2236 θείας
1133 2172 1479 2236 διδασκαλίας
1499 2174 1732 2244 Γραφῶν
1763 2173 1876 2246 (88)

283 2271 586 2331 ἀνάστασις
652 2265 911 2335 λέγεται,
963 2267 1032 2336 τῇ
1093 2263 1187 2317 τοῦ
1248 2263 1485 2333 γεώδους
1536 2264 1873 2336 ἀνορθώσει,

284 2362 470 2431 πάσης
501 2361 600 2431 τῆς
626 2359 734 2413 τῶν
754 2357 1036 2428 στοιγείων
1057 2360 1324 2428 κινήσεως
1352 2358 1872 2428 συνονομαζομένης.

295 2449 469 2502 --M.
515 2451 582 2504 Τί
612 2446 725 2515 οὖν,
771 2447 930 2520 φησὶ,
959 2446 1162 2499 τούτων
1203 2446 1606 2515 ἀμνημόνευτον
1654 2447 1711 2497 ὲν
1758 2447 1870 2507 τοῖς

295 2542 614 2615 εἰρημένοις
644 2541 825 2608 ὲστίν;
855 2567 926 2579 -
963 2537 1024 2592 Γ.
1065 2535 1225 2604 Αὐτὸ,
1272 2535 1434 2606 φημὶ,
1463 2536 1524 2590 τὸ
1567 2536 1744 2606 δόγμα
1773 2537 1872 2607 τῆς

295 2635 673 2700 ἀναστάσεως.

1970 433 2246 504 plerisque
2301 447 2493 488 eorum
2554 431 2649 502 qui
2709 431 3066 498 assidebant,
3135 438 3546 489 convenientem

1975 527 2130 582 ﬁdem
2161 528 2340 583 oratio
2394 525 2592 596 adepta
2629 541 2755 582 esse
2793 527 3092 593 videretur,
3143 530 3354 584 veritus
3388 545 3477 594 ne,
3504 531 3548 584 si

1971 635 2038 675 ex
2080 619 2272 674 morbo
2315 619 2592 690 magistrae
2645 617 2963 676 humanitus
3021 621 3226 691 aliquid
3277 621 3553 676 accideret

1974 709 2144 780 (quod
2179 710 2438 764 nimirum
2471 711 2638 765 etiam
2685 709 2929 778 accidit),
2988 727 3098 767 non
3138 713 3374 783 amplius
3403 724 3552 768 esset

1972 804 2064 874 qui
2115 803 2436 858 dissolveret
2466 815 2530 857 ea
2561 817 2690 872 quae,
2713 803 2782 858 ab
2809 806 3054 860 externis
3077 805 3238 862 nobis
3262 807 3330 862 de
3364 821 3552 862 resur-

1971 895 2216 949 rectione
2263 894 2604 964 objiciuntur
2639 910 2654 947 :
2702 894 2978 962 Nondum,
3014 898 3270 968 inquam,
3315 899 3369 953 id
3405 899 3551 968 quod

1973 993 2057 1042 est
2088 986 2326 1040 maxime
2363 987 2644 1057 proprium
2679 997 2843 1058 atque
2886 991 3243 1058 praecipuum,
3285 992 3552 1046 maxime-

1974 1096 2081 1150 que
2117 1078 2185 1134 ad
2215 1094 2325 1135 rem
2359 1082 2593 1150 pertinet
2618 1100 2685 1140 ex
2715 1084 2784 1141 iis
2832 1099 2954 1155 quae
2982 1085 3130 1140 circa
3160 1085 3302 1139 hanc
3331 1093 3551 1140 senten-

1975 1170 2106 1225 tiam
2167 1179 2331 1241 atque
2383 1173 2690 1228 doctrinam
2745 1185 3089 1246 quazruntur,
3137 1177 3316 1248 attigit
3355 1177 3550 1232 oratio.

1978 1261 2120 1318 Dicit
2153 1264 2298 1318 enim
2343 1264 2606 1320 divinitus
2644 1268 2856 1335 prodita
2904 1265 3211 1336 Scriptura,
3260 1277 3314 1324 et
3355 1284 3556 1324 secun-

1976 1350 2107 1405 dum
2133 1367 2328 1407 novam
2352 1361 2405 1408 et
2425 1355 2726 1410 secundum
2753 1356 3032 1426 antiquam
3074 1356 3403 1424 doctrinam,
3429 1375 3552 1414 cum

1977 1451 2176 1496 natura
2223 1453 2413 1499 nostra
2445 1445 2637 1502 ordine
2676 1447 2914 1516 quodam
2958 1460 3023 1501 ac
3055 1449 3197 1503 serie
3244 1464 3342 1518 per
3375 1459 3557 1504 trans-

1976 1534 2199 1589 itorium
2250 1546 2304 1591 et
2343 1536 2400 1589 in
2457 1537 2644 1592 orbem
2677 1538 2992 1593 redeuntem
3027 1541 3289 1609 temporis
3323 1550 3556 1608 motum,

1975 1626 2230 1696 expedita
2273 1636 2438 1698 atque
2479 1629 2738 1699 explicita
2774 1629 2957 1695 fuerit,
2995 1646 3224 1702 prorsus
3263 1634 3557 1704 aliquando

1977 1718 2115 1784 fore,
2146 1728 2203 1774 ut
2232 1719 2415 1777 ﬂuxus
2441 1722 2661 1792 quidem
2685 1721 2776 1776 hic
2805 1737 3002 1778 cursus
3026 1739 3123 1794 per
3145 1727 3553 1782 successionem

1975 1819 2031 1864 et
2082 1811 2552 1868 continuationem
2628 1813 2864 1868 aliorum
2934 1821 3058 1883 post
3116 1815 3252 1872 alios
3321 1817 3556 1873 invicem

1975 1899 2360 1955 exsistentium
2391 1910 2445 1956 et
2475 1901 2843 1956 exorientium
2867 1900 3226 1972 progrediens
3253 1906 3555 1972 consistat;

1976 1990 2380 2060 complemento
2436 1999 2619 2047 autem
2678 2008 2862 2048 rerum
2908 1993 3290 2049 universarum
3347 2004 3559 2050 natura:

1977 2097 2087 2136 non
2131 2083 2366 2153 amplius
2432 2084 2833 2140 incrementum
2886 2085 2940 2139 in
2989 2085 3166 2156 majus
3219 2087 3559 2155 admittente,

1979 2175 2298 2229 universam
2347 2177 2746 2245 plenitudinem
2770 2186 2822 2231 et
2852 2185 3055 2232 coetum
3093 2179 3401 2233 animarum
3435 2196 3560 2234 rur-

1977 2283 2074 2323 sus
2103 2283 2173 2323 ex
2205 2267 2470 2323 invisibili
2502 2283 2566 2322 ac
2596 2269 2865 2338 dissipato
2889 2277 3036 2324 statu
3076 2269 3143 2322 ad
3171 2285 3295 2324 eum
3329 2280 3558 2336 statum,

1978 2359 2035 2414 in
2067 2375 2179 2430 quo
2216 2360 2478 2416 collectus
2518 2361 2827 2416 consistere
2875 2360 3201 2431 stabilisque
3237 2377 3561 2432 permanere

1979 2463 2144 2524 atque
2178 2468 2446 2524 apparere
2469 2461 2523 2508 et
2555 2454 2802 2523 conspici
2843 2454 3040 2524 possit,
3073 2454 3379 2509 rediturum
3413 2471 3556 2523 esse,

1981 2543 2172 2596 iisdem
2214 2544 2520 2606 elementis,
2566 2559 2663 2613 per
2711 2545 2958 2600 eamdem
2988 2549 3182 2601 seriem
3213 2562 3402 2602 rursus
3437 2548 3560 2602 aliis

1980 2633 2048 2687 ad
2085 2634 2189 2688 alia
2231 2634 2519 2704 regressis.
2563 2633 2712 2690 Talis
2741 2643 2921 2690 autem
2955 2636 3080 2689 vitae
3110 2645 3285 2692 status
3316 2639 3385 2692 ab
3417 2637 3560 2691 divi-

1982 2739 2068 2780 ne
2085 2724 2349 2781 doctrinae
2376 2725 2686 2796 Scripturis
2715 2727 3050 2781 resurrectio
3070 2729 3291 2794 dicitur,
3330 2730 3434 2783 sub
3458 2744 3560 2783 no-

285 2814 440 2868 mine
485 2810 611 2883 ejus
657 2809 807 2882 quod
853 2817 1094 2867 terreum
1153 2816 1286 2876 est,
1356 2811 1652 2866 erectionis
1697 2820 1752 2867 et
1800 2814 2221 2872 instaurationis
2277 2817 2426 2871 omni
2497 2818 2892 2872 elementorum
2935 2829 3083 2872 motu
3143 2822 3560 2889 comprehenso.

293 2944 365 2953 —
390 2910 461 2964 Μ.
501 2908 639 2974 Quid
688 2907 854 2979 igitur
892 2907 1109 2972 horum,
1142 2903 1340 2973 inquit,
1376 2907 1481 2966 est,
1515 2898 1677 2968 cujus
1726 2898 1782 2954 in
1839 2899 2171 2970 supradictis
2214 2900 2417 2955 mentio
2452 2897 2597 2954 facta
2654 2916 2761 2956 non
2797 2900 2996 2956 sit?—
3021 2899 3085 2956 G.
3125 2901 3266 2971 Ipsa,
3313 2903 3556 2972 inquam,

294 3005 550 3062 doctrina
578 2998 1022 3056 resurrectionis.

365 3100 444 3154 Μ.
463 3096 574 3151 Καὶ
600 3095 704 3168 μὴν
718 3093 909 3160 πολλὰ,
926 3093 1079 3164 φησὶ,
1093 3092 1202 3146 τῶν
1223 3090 1316 3144 νῦν
1332 3087 1636 3154 διεξοδικῶς
1654 3085 1873 3157 είρημέ-
1909 3086 1950 3144 C

294 3209 425 3253 νων,
456 3188 594 3260 πρὸς
612 3186 798 3240 τοῦτον
824 3185 914 3237 τὸν
938 3182 1137 3238 σκοπὸν
1164 3181 1340 3254 φέρει.
1367 3209 1439 3221 --
1467 3180 1528 3233 Γ.
1553 3177 1627 3231 Οὐ
1653 3177 1762 3246 γὰρ
1786 3170 1869 3229 οἷο

293 3283 412 3346 δας,
448 3274 620 3341 εἷπον,
655 3277 778 3330 ὅσον
812 3274 922 3344 (89)
948 3273 1096 3345 παρὰ
1128 3273 1234 3326 τῶν
1257 3269 1718 3338 ἀντιτεταγμένων
1738 3267 1871 3338 ἡμῖν

296 3372 451 3444 παρὰ
469 3373 569 3442 τῆς
587 3370 700 3440 (90)
723 3368 935 3432 ἐλπίδος
954 3366 1158 3437 ταύτης
1173 3364 1498 3426 ἀντιθέσεως
1519 3361 1628 3432 (91)
1646 3359 1875 3415 ἀνθυπο-

297 3467 525 3536 φέρεται
557 3462 800 3533 σμῆνος;
845 3458 957 3514 Καὶ
997 3458 1114 3528 ἅμα
1151 3457 1329 3526 λέγειν
1375 3454 1691 3524 ἐπεχείρουν
1715 3488 1730 3514 ,
1773 3451 1873 3504 ὅσα

299 3553 438 3623 πρὸς
462 3549 778 3622 ἀνατροπὴν
795 3548 892 3618 τῆς
913 3545 1262 3608 ἀναστάσεως
1283 3543 1435 3614 παρὰ
1455 3542 1562 3596 τῶν
1588 3538 1878 3612 ἐριστικῶν

301 3643 710 3713 ὲφευρίσκεται.
741 3669 812 3680 -—
834 3639 911 3692 M.
942 3638 1004 3690 Ἦ
1033 3635 1113 3702 δὲ,
1155 3637 1315 3689 Δοκεῖ
1345 3651 1454 3704 μοι,
1498 3631 1652 3702 φησὶ,
1680 3628 1880 3701 χρῆναι

299 3735 565 3806 πρότερον
599 3735 667 3787 τὰ
696 3728 968 3802 σποράδην
997 3726 1152 3799 παρὰ
1179 3727 1278 3797 τῆς
1307 3725 1456 3788 θείας
1487 3721 1710 3794 Γραφῆς
1753 3718 1883 3790 περὶ

298 3827 494 3880 τούτου
526 3825 618 3878 τοῦ
657 3825 925 3895 δόγματος
953 3819 1243 3876 ἐκτεθέντα
1279 3819 1390 3889 (92)
1413 3817 1483 3871 δι’
1523 3817 1718 3883 ὀλίγων
1762 3813 1875 3865 ἐπι-

298 3919 555 3988 δραμεῖν,
586 3915 659 3978 ὼς
692 3916 755 3969 ἂν
790 3913 997 3969 ἐκεῖθεν
1026 3913 1211 3984 ἡμῖνὴ
1245 3909 1476 3980 κορωνὶς
1505 3903 1780 3972 ὲπιτεθείη
1805 3900 1884 3972 τῷ

294 4002 470 4071 λόγῳ.
507 4000 752 4052 Ἤκουσα
776 3998 950 4052 τοίνυν
986 3997 1100 4067 (95)
1133 3995 1229 4051 τοῦ
1260 3993 1426 4050 Δαϐὶδ
1466 3992 1889 4065 ὑμνολογοῦντος

297 4097 358 4148 έν
409 4091 584 4154 θείαις
629 4089 808 4161 ᾠδαῖς,
849 4091 938 4145 ὅτε
986 4089 1086 4160 τὴν
1135 4086 1230 4141 τοῦ
1287 4085 1487 4150 παντὸς
1531 4086 1888 4155 διακόσμησιν

298 4185 558 4240 ὑπόθεσιν
595 4183 689 4236 τοῦ
718 4181 886 4253 ὕμνου
917 4181 1286 4254 πεποιημένος
1319 4182 1376 4234 έν
1411 4177 1686 4248 ἑκατοστῷ
1721 4178 1890 4248 τρίτῳ

297 4276 500 4349 ψαλμῷ
531 4275 668 4345 πρὸς
695 4274 774 4346 τῷ
803 4273 942 4327 τέλει
971 4274 1070 4344 τῆς
1103 4270 1376 4344 ὑμνῳδίαις
1413 4269 1568 4322 τοῦτό
1597 4285 1780 4340 φησιν,
1808 4267 1889 4319 ὅτι

304 4389 322 4422 ι
365 4367 706 4430 ’Δντανελεῖς
729 4365 841 4438 (94)
865 4367 926 4418 τὺ
956 4365 1172 4436 πνεῦμα
1199 4363 1400 4428 αὐτῶν,
1433 4362 1526 4415 καὶ
1553 4361 1882 4429 ἐκλείψουσι,

298 4462 394 4517 καὶ
418 4463 500 4524 εἰς
528 4460 619 4512 τδν
645 4459 776 4531 χοῦν
804 4456 984 4510 αὐτῶν
1007 4456 1447 4527 ἐπιστρέφουσιν.
1478 4451 1888 4518 Ἐξαποστελεῖς

2076 3082 2148 3137 Μ.
2195 3082 2358 3153 Atqui
2407 3085 2596 3148 multa,
2648 3085 2844 3155 inquit,
2883 3101 2948 3140 ex
2997 3086 3063 3142 its
3095 3101 3214 3154 qua:
3244 3103 3386 3141 nunc
3415 3086 3557 3153 fuse,

1993 3176 2202 3246 prolixe
2241 3186 2404 3246 atque
2434 3176 2654 3245 copiose
2683 3178 2827 3230 dicta
2858 3187 3009 3243 sunt,
3039 3177 3106 3232 ad
3138 3194 3256 3234 eam
3289 3181 3562 3249 pertinent

1992 3267 2346 3324 sententiam.
2392 3298 2463 3308 —
2505 3267 2570 3324 G.
2628 3268 2822 3321 Annon
2868 3270 3034 3333 nosti,
3093 3271 3332 3340 inquam,
3388 3289 3563 3340 quan-

1993 3359 2109 3405 tum
2161 3352 2230 3406 ab
2278 3351 2611 3406 adversariis
2652 3350 2720 3405 de
2765 3351 2867 3406 hac
2913 3368 3008 3422 spe
3054 3355 3210 3409 nobis
3255 3357 3557 3424 oppositio-

1996 3458 2124 3498 num
2156 3450 2210 3498 et
2243 3442 2645 3512 subjectionum
2674 3444 2828 3512 quasi
2867 3457 3096 3498 examen
3133 3443 3438 3499 inferatur?
3497 3461 3562 3501 ac

1997 3535 2159 3590 simul
2207 3535 2390 3589 dicere
2426 3534 2685 3601 conabar,
2730 3549 3069 3604 quaecunque
3102 3535 3168 3590 ad
3220 3536 3559 3591 eversionem

1997 3624 2420 3680 resurrectionis
2467 3623 2714 3680 homines
2759 3625 3084 3679 contentiosi
3134 3625 3562 3680 comminiscun-

1999 3723 2110 3770 tur.
2133 3745 2204 3756 —
2227 3713 2298 3768 Μ.
2322 3717 2392 3768 At
2410 3713 2685 3784 illa,(lpus
2702 3728 2829 3768 esse
2854 3711 2987 3766 milii
3005 3712 3236 3779 videtur,
3257 3715 3452 3784 inquit,
3474 3729 3559 3778 ea,

1989 3822 2113 3878 quae
2145 3806 2349 3877 passim
2381 3821 2446 3862 ac
2473 3807 2709 3878 sparsim
2751 3806 2822 3861 ab
2856 3805 3041 3860 divina
3072 3803 3354 3875 Scriptura
3383 3805 3452 3860 de
3474 3805 3576 3860 bac

1986 3899 2260 3956 sententia
2307 3906 2474 3969 atque
2533 3898 2786 3953 doctrina
2843 3899 3093 3968 exposita
3150 3908 3317 3962 sunt,
3385 3900 3575 3967 paucis

1987 3992 2142 4062 prius
2175 4005 2520 4062 percurrere,
2545 3998 2607 4045 ut
2635 3990 2762 4046 inde
2795 3992 2956 4046 nobis
2978 3991 3100 4044 linis
3127 3991 3363 4045 orationi
3393 3991 3573 4060 impo—

1987 4091 2173 4137 natur.
2202 4083 2400 4136 Audivi
2449 4081 2616 4152 igitur
2675 4081 2878 4136 divinis
2918 4083 3268 4139 cantionibus
3316 4081 3574 4138 Davidcm

1987 4175 2178 4230 laudes
2207 4175 2297 4227 Dei
2355 4175 2765 4243 prtedicantem,
2821 4188 2945 4226 cum
3005 4183 3221 4240 sumpta
3282 4174 3576 4228 occasione

1996 4266 2324 4336 praedicandi
2374 4266 2442 4317 ab
2493 4278 2675 4319 rerum
2727 4263 3111 4316 universarum
3161 4271 3372 4318 natum
3419 4265 3574 4333 dige-

1993 4359 2170 4413 stione
2192 4366 2245 4412 et
2268 4355 2744 4410 administratione
2765 4370 2779 4418 ;
2800 4355 2855 4407 in
2872 4353 3176 4409 centesimo
3192 4355 3352 4411 tertio
3367 4357 3578 4425 psalmo

1995 4451 2144 4504 circa
2176 4448 2335 4503 linem
2360 4446 2638 4502 cantionis
2663 4448 2735 4500 ita
2765 4446 2873 4501 ait:
2905 4464 2923 4498 ι
2948 4445 3178 4502 Auferes
3201 4446 3453 4517 spiritum
3482 4461 3578 4503 eo-

298 4557 359 4611 1:6
404 4553 634 4624 Πνεῦμα
668 4569 762 4606 σου
783 4593 800 4618 ,
835 4551 927 4606 καὶ
958 4549 1374 4620 κτισθὴσονται,
1425 4546 1519 4599 καὶ
1556 4545 1877 4606 ἀνακαινιεῖς

1999 4557 2141 4605 rum,
2183 4550 2237 4596 et
2292 4539 2567 4603 deﬁcient,
2611 4546 2667 4594 ct
2723 4538 2776 4592 in
2806 4537 3084 4608 pulverem
3132 4552 3292 4594 suum
3343 4552 3578 4594 conver-

369 4765 485 4833 (76)
524 4759 926 4833 Aidaaxtuozg.
947 4757 990 4808 A
1016 4756 1078 4833 Β,
1107 4757 1206 4826 τῆς
1236 4749 1533 4833 διδασκκιη
1553 4748 1792 4833 .scholiis
1821 4748 1886 4801 ad

299 4820 507 4890 calcem
538 4832 746 4888 codicis
784 4831 850 4892 A,
882 4828 998 4881 haec
1038 4820 1207 4895 lego':
1249 4824 1386 4894 Περὶ
1412 4822 1512 4892 τῆς
1541 4820 1888 4881 ἀναστάσεως

302 4907 467 4961 πάλιν
496 4903 826 4969 διαλέγεται.

370 4958 488 5040 (⁸77)
528 4958 1075 5040 ΙΙαρὲικαθημξνοις.
1100 4973 1164 5040 lt,
1189 4965 1232 5017 Β
1259 4963 1366 5018 τῶν
1392 4958 1889 5033 παρακαθημένων.

368 5034 484 5114 (⁷8)
539 5034 794 5114 Ὀ-διιιλ.
1023 5037 1162 5090 διαλ.

363 5108 483 5182 (79)
537 5111 820 5182 Ἐγένετο.
849 5109 890 5160 Β
911 5108 1128 5182 γέγονε.

365 5179 484 5256 (80)
525 5179 929 5256 κυριωτάτου..
953 5179 1004 5256 Β
1021 5193 1268 5256 καιριωτ.

365 5247 488 5330 (βε)
528 5247 746 5330 Mea.-
787 5251 848 5302 B-
883 5249 944 5330 ῖδ
970 5247 1171 5330 ﬁerem

363 5317 484 5430 (82)
534 5317 834 5390 ’.ἃρᾆαίαῆ
877 5323 939 5381 Δ,
970 5317 1010 5368 Β
1049 5317 1144 5387 τὴν
1178 5319 1303 5386 ἁρχ.

391 5398 486 5430 ﬁxi
532 5391 869 5430 "mmlfpva'iv
928 5393 959 5430 Δ
988 5387 1302 5430 «perimant-iw

389 5387 486 5461 85)
527 5387 886 5461 negemur.
922 5393 963 5461 Α
988 5387 1322 5461 περιοδικην.

361 5431 486 5609 (ἕλ’)
527 5431 892 5530 mmsis:
922 5431 966 5510 ii
994 5431 1406 5542 ςῆῑξῑιξῑιτξιγ.

389 5539 486 5609 85)
535 5535 604 5609 Τὸ
641 5533 868 5609 εἶλεῖοιὲ
912 5532 970 5584 Β.
1007 5530 1188 5609 πλέον.
1253 5597 1275 5609 ι

389 5530 486 5600 85)
535 5535 604 5588 Τὸ
641 5533 868 5586 πλεῖον.
912 5532 970 5584 Β.
1007 5530 1188 5583 πλέον.

365 5597 485 5680 (86)
526 5604 994 5674 Προδεχομένης.
1039 5601 1080 5653 Β
1107 5597 1435 5673 προσδεχομ.

2064 4747 2175 4820 (δῖ)
2227 4742 2806 4820 ἘσκεδεισμέῖουηΒ
2831 4741 3187 4820 διεσκεδμασμ.

2067 4809 2178 4887 (88)
2217 4816 2355 4882 Περὶ
2395 4809 2669 4887 τῷν-’τῆς
2721 4816 2775 4887 ρ.
2821 4813 2975 4887 δηγ.
3030 4813 3086 4887 A_
3114 4809 3242 4887 περὶ
3285 4809 3383 4887 τῆς
3430 4809 3579 4887 θείας

1989 4878 2097 4942 τῶν
2126 4878 2378 4958 Γραφῶν.
2419 4885 2460 4936 Β
2503 4878 2656 4955 παρᾶ
2681 4885 2781 4953 τῆς
2821 4878 2971 4947 θείας
3017 4881 3128 4935 τῶν
3172 4878 3404 4952 Γραφῶν
3432 4878 3578 4934 διδα-

1993 4958 2241 5020 σκαλίας.

2065 5029 2177 5099 (89)
2221 5029 2430 5099 Ὅσον.
2458 5024 2520 5099 ῌΒ
2546 5024 2718 5099 νόσον.

2065 5030 2154 5099 (89
2221 5030 2430 5080 Ὅσον.
2479 5030 2520 5075 Β
2546 5030 2718 5078 νόσον.

2063 5030 2177 5167 (90)
2217 5096 2380 5166 Παρὰ
2411 5093 2541 5164 τῆς.
2584 5095 2624 5146 Β
2663 5095 2802 5167 περὶ
2823 5093 2943 5167 τῆς.

2067 5163 2177 5238 (91)
2228 5163 2742 5238 Ἀίθτιθέσεωςζὼ
2774 5164 2811 5215 Β
2835 5163 3178 5238 αντιθέσεων.

2066 5234 2180 5305 (92)
2234 5235 2601 5291 Ἐντεθέντα.
2643 5235 2685 5286 Β
2725 5234 3032 5305 ἐκτεθέντα.

2067 5298 2179 5377 (95)
2223 5309 2515 5377 Ἤκουσα
2541 5305 2766 5377 τοίνυν.
2817 5303 3174 5377 ,ὃοίιοιίοειεελ
3199 5302 3251 5377 in
3299 5298 3449 5377 calce
3488 5313 3582 5353 ισο-

1996 5370 2134 5436 dicis
2164 5370 2207 5432 Α
2253 5377 2348 5439 ita,
2400 5375 2529 5444 περὶ
2552 5374 2659 5444 ⁸τῆς
2701 5371 2842 5427 κατὰ
2878 5373 2970 5426 τὸν
3018 5372 3180 5444 Δαδὶδ
3211 5370 3579 5444 ἀναστάσεως.

2065 5450 2177 5518 (94)
2229 5440 2626 5518 Ἀνεανεζλεῖςξ
2687 5447 2730 5497 Δ
2776 5445 2850 5497 ita
2898 5443 2951 5497 in
3001 5442 3288 5514 margine;
3333 5440 3386 5494 in
3431 5450 3583 5496 textu

1996 5515 2166 5586 vero,
2183 5515 2479 5580 ἁνατελεῖς.
