3990 6202
621 260 719 316 131

1863 258 1921 312 5.
1965 257 2191 314 GREGO

2343 258 2640 316 NYSSEN!
3775 270 3844 324 ιε

609 367 814 416 tentur.
856 358 1086 414 Emittcs
1121 354 1384 427 Spiritum
1419 363 1596 416 tuum,
1630 340 1706 408 et.
1742 358 2096 422 crcahnntur,
2136 367 2190 412 et

2291 359 2350 412 τὸ
2379 360 2670 430 πρόσωπον
2700 361 2801 433 τῆς
2845 362 2965 434 γῆς.
3015 380 3034 415 ›
3073 365 3260 420 Πάντα
3293 363 3409 438 (95)
3445 367 3501 418 ἐν
3547 365 3720 419 πᾶσιν
3765 365 3840 434 (9

610 449 901 503 renovabis
934 446 1128 501 faciem
1165 453 1345 500 terrae.
1392 464 1411 496 ›
1443 444 1636 500 Omnia
1678 446 1733 500 in
1775 448 2030 503 omnibus
2067 462 2190 516 ope-

612 548 822 594 rantem
853 529 1106 593 virtutem
1136 537 1366 607 Spiritus
1398 551 1519 600 eos,
1552 536 1605 590 in
1635 537 1833 607 quibus
1863 539 2027 593 fuerit
2050 539 2187 594 vivi-

613 635 778 687 tieare
807 632 1021 697 dicens,
1050 637 1356 699 contraque
1399 628 1510 684 vita
1541 630 1756 699 privare
1801 645 1896 684 eos
1923 645 1953 684 a
1989 630 2190 701 quibus

611 724 872 778 abfuerit.
896 722 1165 788 Quoniam
1197 722 1365 792 igitur
1397 720 1690 775 recedente
1740 721 1959 791 quidem
1995 721 2189 791 spiritu

611 816 907 868 viventium
959 813 1264 878 defectum;
1321 812 1615 868 accedente
1665 819 1846 866 autem
1903 828 1969 868 eo
2026 823 2192 884 atque

612 915 880 976 praesente
911 920 1100 960 eorum
1131 905 1222 974 qui
1257 902 1582 967 defecerint,
1616 904 2026 959 renovationem
2072 905 2191 960 tieri

610 1000 743 1053 dicit
775 1017 790 1053 :
820 1008 874 1051 et
905 998 960 1052 in
998 997 1192 1052 ordine
1218 995 1512 1059 orationis,
1561 1011 1751 1053 eorum
1782 996 1874 1066 qui
1921 1012 2191 1052 renovan-

611 1103 716 1153 tur,
749 1090 995 1145 delectus
1032 1088 1308 1160 przecedit,
1343 1089 1451 1144 hoc
1502 1088 1626 1157 ipso
1692 1087 1934 1143 dicimus
1981 1096 2190 1160 myste-

611 1185 751 1236 rium
789 1182 1209 1236 resurrectionis
1252 1179 1508 1235 Ecclesia:
1537 1179 1878 1241 aununtiari,
1911 1180 2106 1249 spiritu
2127 1194 2191 1234 ac

610 1289 836 1330 munere
888 1274 1210 1344 prophetico
1259 1273 1401 1327 hanc
1443 1271 1674 1342 gratiam
1730 1269 1934 1325 Davide
1999 1271 2192 1340 praedi-

607 1379 785 1422 cente.
820 1368 997 1434 Atque
1035 1365 1200 1419 etiam
1259 1363 1389 1418 alibi
1428 1362 1562 1416 dicit
1593 1361 1735 1417 idem
1773 1362 1861 1417 hic
1896 1361 2188 1432 Propheta,

609 1473 787 1512 rerum
815 1458 1192 1512 universarum
1224 1462 1436 1508 natura:
1460 1451 1626 1517 Deus,
1651 1467 1836 1507 rerum
1867 1460 2188 1506 cunctarum

607 1548 873 1602 Dominus
899 1547 1153 1617 apparuit
1173 1546 1354 1607 nobis.
1390 1553 1447 1599 ut
1469 1544 1934 1599 constitueremus
1988 1542 2188 1598 festum

604 1645 854 1693 nostrum
886 1638 1030 1692 inter
1065 1643 1312 1706 tegentes
1369 1641 1424 1686 et
1455 1641 1738 1698 ornantes,
1773 1630 1974 1687 festum
2013 1633 2190 1687 taber-

2291 453 2617 524 ἐνεργοῦσαν
2663 455 2757 508 τοῦ
2796 457 3104 528 πνεύματος
3156 458 3416 531 δύναμιν,
3474 457 3768 522 ζωοποιεῖν
3834 477 3844 494 ι

2289 545 2482 612 λέγων,
2510 541 2593 610 οἷς
2611 546 2677 600 ἂν
2693 547 3002 618 ἐγγένηται,
3034 551 3128 604 καὶ
3145 551 3379 622 ἀφιστᾷν
3407 550 3506 621 τῆς
3531 548 3682 616 ζωῆς
3713 550 3843 603 mit).

2289 629 2364 692 ὧν
2393 638 2460 692 ἀν
2483 637 2694 710 (97-98)
2726 641 3077 712 ἀπογένηται.
3122 643 3272 695 Ἐπεὶ
3305 638 3396 696 οὖν
3415 645 3480 713 τῇ
3511 642 3626 712 (99)
3658 644 3844 712 ἀναχιι

2292 728 2449 800 ρήσει
2475 727 2570 782 τοῦ
2623 729 2933 801 πνεύματος
2965 730 3064 802 τὴν
3103 731 3211 786 τῶν
3241 730 3458 796 ζώντων
3492 733 3567 804 (1)
3607 732 3839 802 ἐκλειψι

2290 823 2356 892 τῇ
2419 821 2476 874 δὲ
2531 821 2724 875 τούτου
2776 822 2902 894 (‘2)
2971 823 3241 896 παρουσίᾳ
3285 824 3376 878 τὸν
3422 824 3530 878 τῶν
3586 826 3844 879 ὲκλειπό·

2289 929 2396 966 των
2421 912 2498 985 (5)
2539 913 2932 984 ἀνακαινισμὸν
2962 913 3208 983 γίνεσθαι
3238 915 3415 984 λέγει,
3459 920 3792 989 προηγεῖται
3835 920 3844 966 ἑ

2291 1002 2430 1056 κατὰ
2471 1004 2572 1075 τὴν
2609 1003 2703 1057 τοῦ
2751 1004 2910 1073 λόγου
2944 1003 3098 1069 τάξιν
3140 1004 3248 1058 τῶν
3291 1005 3800 1077 ἀνακαινιζομένων

2290 1095 2552 1165 ἔκλειψις·
2592 1096 2767 1167 τούτῳ
2799 1096 2992 1167 ἐκείνῳ
3025 1096 3204 1167 φαμὲν
3236 1095 3296 1148 τὸ
3324 1097 3464 1150 κατὰ
3494 1097 3592 1168 τὴν
3634 1099 3844 1152 ἀνάστα

2293 1205 2377 1241 σιν
2407 1189 2872 1258 καταγγέλλεσθαι
2904 1192 2968 1259 τῇ
3011 1188 3304 1259 Ἐκκλησίᾳ
3326 1187 3402 1258 (4)
3435 1191 3758 1260 μυστήριον,
3807 1209 3844 1242 τ

2291 1279 2615 1350 προφητικῷ
2644 1279 2912 1351 πνεύματι
2942 1281 3018 1350 (5)
3044 1279 3137 1334 τοῦ
3167 1278 3330 1332 Δαὸὶδ
3352 1279 3451 1348 τὴν
3479 1280 3638 1352 χάριν
3665 1281 3844 1334 ταύττ

2290 1372 2834 1444 προεκφωνήσαντος.
2891 1371 3051 1424 Ἀλλά
3101 1372 3196 1424 καὶ
3241 1371 3503 1440 ἐτέρωοέν
3537 1372 3614 1442 (6)
3646 1389 3829 1442 φησιν

2289 1463 2452 1526 αὐτὸς
2477 1458 2629 1527 οὗτος
2660 1463 2735 1533 ('7)
2766 1464 3068 1536 προφήτης,
3104 1464 3186 1516 ὅτι
3217 1465 3245 1516 ό
3273 1462 3367 1515 τοῦ
3413 1464 3615 1528 παντὸς
3643 1463 3780 1528 Θεὸς
3808 1507 3824 1530 ,

2289 1556 2396 1609 τῶν
2441 1555 2608 1609 όντων
2640 1554 2837 1626 Κύριος
2872 1555 3137 1623 ὲπέφανεν
3169 1555 3298 1623 ἡμῖν
3337 1554 3429 1606 ἐπὶ
3456 1553 3533 1624 τῷ
3564 1553 3638 1623 (8)
3669 1557 3844 1608 συστὲ

2293 1646 2488 1700 σασθαι
2513 1646 2610 1716 τὴν
2631 1646 2821 1717 ἑορτὴν
2850 1648 2908 1700 έν
2931 1649 3044 1710 τοῖς
3067 1645 3368 1711 πυκάζουσι
3396 1645 3491 1717 τὴν
3528 1646 3640 1700 τῶν
3664 1649 3844 1719 Σκην‹

608 1730 928 1784 liaculorum
970 1728 1188 1783 ﬁxionis
1230 1725 1480 1781 indicans
1523 1740 1618 1794 per
1672 1724 1945 1794 ejusmodi
1999 1739 2186 1779 vocem

2294 1736 2506 1806 πηγίων
2532 1703 2609 1806 (ll)
2639 1703 2832 1806 solt:th
2854 1735 2943 1789 διὰ
2973 1703 3072 1806 της
3099 1736 3210 1807 (10)
3228 1703 3328 1789 ,τοῦ
3353 1703 3642 1807 πυκασμοῦ
3672 1703 3843 1803 λέξεο

607 1823 700 1876 τοῦ
727 1819 1041 1892 πυκασμοῦ,
1070 1821 1122 1874 id
1144 1826 1252 1884 est,
1287 1820 1618 1886 tectionis,et
1641 1819 1936 1884 ornationis
1962 1826 2017 1872 et
2045 1833 2191 1871 com-

605 1915 886 1983 positionis
918 1929 938 1966 :
979 1911 1124 1982 quod
1154 1912 1284 1966 olim
1331 1911 1552 1982 quidem
1585 1926 1653 1964 ex
1697 1911 1994 1966 traditione
2023 1909 2191 1966 Mosis

607 2007 922 2060 institutum
953 2015 1111 2059 erat:
1144 2003 1562 2073 prophetarum,
1585 2003 1978 2074 opinorhmore
2006 2003 2192 2056 futura

609 2095 925 2164 legislatore
958 2095 1308 2165 praedicente,
1354 2108 1480 2148 cum
1519 2101 1700 2149 autem
1750 2108 1969 2164 semper
2016 2094 2189 2158 ﬁeret,

609 2184 854 2240 nondum
889 2184 1095 2239 factum
1136 2191 1272 2239 erat.
1300 2182 1436 2238 Nam
1490 2184 2018 2254 praesigniﬁcabatur
2066 2185 2191 2255 qui-

607 2278 732 2330 dem
766 2275 972 2330 veritas
1022 2275 1204 2346 typice
1235 2281 1402 2343 atque
1427 2274 1655 2344 ﬁgurate
1677 2289 1773 2344 per
1795 2274 2084 2345 aenigmata
2107 2286 2192 2329 at-

605 2382 712 2436 que
746 2365 1026 2421 involucra
1072 2380 1263 2420 eorum
1329 2379 1451 2435 quae
1507 2363 1742 2432 ﬁebant;
1777 2365 1954 2436 ipsum
2007 2376 2189 2421 autem

605 2471 793 2511 verum
857 2456 1336 2510 tabernaculorum
1415 2453 1633 2510 (ixionis
1694 2454 1889 2509 festum
1947 2457 2188 2511 nondum

603 2557 745 2612 erat,
798 2550 892 2603 sed
922 2548 1024 2602 hac
1054 2547 1122 2602 de
1175 2560 1342 2600 causa
1395 2545 1550 2613 juxta
1583 2545 1958 2614 propheticum
1983 2561 2191 2600 sermo-

606 2653 753 2704 nem,
806 2635 952 2692 Deus
1007 2650 1236 2692 summa:
1296 2649 1478 2689 rerum
1523 2647 1586 2688 ac
1637 2632 1900 2688 Dominus
1947 2635 2188 2704 seipsum

604 2729 842 2784 ostendit
875 2727 1058 2790 nobis,
1086 2736 1146 2782 ut
1175 2727 1638 2782 constitueretur
1682 2727 1932 2782 humana:
1978 2735 2191 2782 natura:

604 2819 861 2875 dissoluti
889 2819 1064 2872 nostri
1098 2816 1362 2871 domicilii
1390 2815 1743 2885 scenopegia,
1771 2816 1872 2870 hoc
1889 2827 1992 2882 est,
2019 2817 2192 2870 tabero

615 2907 932 2962 naculorum
961 2907 1111 2975 ﬁxio,
1144 2920 1265 2975 qua:
1293 2919 1487 2959 rursus
1520 2919 1614 2973 per
1642 2905 1933 2958 coitionem
1975 2913 2028 2959 et
2054 2920 2190 2959 con-

2288 1823 2631 1896 έρμηνεύων,
2668 1824 2702 1894 ἢ
2739 1824 2905 1878 πάλαι
2958 1822 3058 1893 μὲν
3113 1824 3178 1876 ὲκ
3234 1822 3336 1894 τῆς
3378 1822 3730 1892 παραδόσεως
3778 1841 3844 1876 το

2287 1916 2568 1980 Μωῦσέως
2586 1915 2887 1987 νενόμιστο·
2911 1915 3285 1987 προφητικῶς,
3313 1911 3486 1984 οἶμαι,
3513 1915 3581 1968 τὰ
3607 1915 3844 1986 μέλλοντ

2286 2007 2380 2062 τοῦ
2409 2007 2698 2078 νομοθέτου
2721 2007 3201 2079 προαγορεύοντος·
3231 2007 3391 2061 ἀεὶδὲ
3419 2007 3707 2077 γενόμενος
3733 2008 3781 2077 (1
3798 2007 3843 2075 1ξ

2286 2095 2440 2150 οὔπω
2469 2097 2731 2166 ἐγεγόνει.
2772 2095 3139 2168 Προεδηλοῦτο
3172 2096 3269 2166 μὲν
3297 2095 3404 2167 γὰρ
3429 2099 3542 2159 τοῖς
3573 2095 3682 2149 τῶν
3719 2111 3844 2164 γινο

2295 2189 2474 2259 μένων
2504 2189 2786 2260 αἰνίγμασι
2819 2187 3060 2252 τυπικῶς
3081 2189 3114 2259 ἡ
3139 2187 3363 2258 ἀλήθεια
3382 2203 3397 2218 ο
3428 2185 3566 2256 αὕτη
3589 2186 3647 2239 δὲ
3669 2186 3700 2257 ἡ
3739 2187 3844 2256 ἀλτη

2287 2277 2385 2348 θὴς
2435 2277 2782 2348 σκηνοπηγία
2820 2276 2972 2331 ούπω
3012 2273 3101 2348 ἦν,
3139 2276 3274 2330 ἀλλά
3310 2277 3498 2329 τούτου
3538 2275 3696 2346 χάριν
3729 2275 3844 2345 (12]

2287 2367 2430 2418 κατὰ
2475 2366 2566 2420 τὸν
2613 2366 2948 2437 προφητικὸν
2989 2365 3165 2435 λόγον,
3213 2365 3242 2418 ό
3281 2364 3413 2428 Θεὸς
3451 2363 3558 2418 τῶν
3583 2364 3721 2417 ὅλων
3774 2381 3844 2416 κο

2288 2458 2492 2529 Κύριος
2519 2459 2711 2513 ἑαυτὸν
2740 2459 3006 2528 ὲπέφανεν
3028 2461 3178 2529 ἡμῖν,
3207 2458 3282 2522 ὼς
3309 2458 3376 2512 ἂν
3403 2455 3628 2526 συσταίη
3657 2457 3773 2527 (15)
3806 2475 3839 2509 τ

2289 2549 2602 2621 ἀνθρωπίνῃ
2633 2549 2791 2619 φύσει
2818 2551 2849 2620 ή
2880 2549 2973 2603 τοῦ
3010 2548 3345 2612 διαλυθέντος
3368 2547 3525 2620 ἡμῶν
3553 2548 3844 2618 οἰκητηρῐο

2290 2642 2667 2710 σκηνοπηγία,
2704 2641 2864 2695 πάλιν
2900 2641 2988 2694 διὰ
3022 2643 3121 2713 τῆς
3170 2640 3387 2694 συνόδου
3436 2639 3548 2693 τῶν
3587 2640 3844 2709 στοιχείω

2288 2730 2620 2798 σωματικῶς
2669 2731 3042 2802 πυκαζομένη.
3094 2731 3204 2801 Τὴν
3253 2729 3361 2801 γὰρ
3423 2728 3710 2800 περιϐολὴν
3776 2747 3844 2782 κο

2285 2819 2375 2873 τὸν
2418 2821 2482 2874 ὲκ
2515 2822 2719 2894 ταύτης
2751 2823 2954 2893 κόσμον
2995 2826 3028 2893 ἡ
3067 2821 3162 2875 τοῦ
3200 2822 3490 2893 πυκασμοῦ
3536 2821 3680 2887 λέξις
3726 2838 3843 2874 κατς

2285 2910 2386 2981 τὴν
2418 2911 2550 2965 ἰδίαν
2579 2913 2814 2985 ἔμφασιν
2844 2913 3210 2985 διασημαίνει.

605 3015 829 3055 cursum
879 2998 1271 3053 elementorum
1327 2995 1685 3065 corporaliter
1744 3005 2162 3066 componeretur
2199 3008 2253 3054 et
2306 3016 2618 3060 ornaretur.
2672 3008 2946 3063 Amictum
3002 3007 3147 3061 enim
3211 3013 3266 3062 et
3307 3006 3572 3062 ambitum
3641 3006 3839 3076 ejusqu

607 3093 821 3146 cultum
879 3097 933 3144 et
975 3096 1227 3144 ornatum
1254 3088 1474 3158 pr0pria
1503 3085 1904 3157 signiﬁcatione
1926 3103 2032 3142 vox
2054 3092 2366 3162 πυκασμὸς,
2399 3095 2452 3150 id
2489 3105 2592 3161 est,
2623 3099 2779 3152 tcctio
2807 3099 3213 3170 compositioque
3241 3097 3514 3169 designat.

676 3203 852 3257 Dictio
882 3211 1061 3257 autem
1095 3199 1412 3270 psalmodia:
1463 3199 1528 3253 ad
1585 3199 1731 3255 bunc
1787 3199 2010 3255 modum
2063 3190 2255 3259 seseC

607 3296 770 3350 habet
799 3312 813 3348 :
846 3293 1114 3349 Dominus
1148 3291 1291 3349 Deus
1312 3300 1367 3349 et
1391 3293 1646 3364 apparuit
1675 3292 1835 3349 nobis
1881 3293 1947 3348 ad
1978 3295 2192 3352 consti-

604 3383 871 3439 tuendum
896 3381 1096 3437 festum
1129 3383 1276 3438 inter
1315 3390 1560 3452 tegentes
1591 3388 1645 3436 et
1670 3391 2064 3453 componentes
2097 3402 2191 3441 us-

602 3492 710 3545 que
747 3476 816 3529 ad
843 3489 1055 3529 cornua
1079 3473 1267 3530 altaris
1295 3492 1308 3529 :
1342 3475 1546 3543 quibus
1587 3474 1770 3532 verbis
1810 3490 1906 3546 per
1932 3477 2190 3548 aenigma,

604 3569 708 3621 hoc
751 3575 858 3626 est.
905 3582 1002 3635 per
1038 3565 1322 3620 involucra
1346 3575 1399 3618 et
1423 3564 1580 3635 quasi
1609 3565 1981 3635 integumenta
2009 3568 2198 3623 verbo-

605 3672 749 3722 rum,
784 3655 1082 3726 praedicere
1107 3653 1236 3708 mihi
1265 3654 1479 3710 videtur
1508 3671 1676 3710 unum
1712 3655 1911 3712 festum
1936 3659 2195 3715 constitui

603 3749 753 3801 omni
787 3747 1000 3801 ratione
1053 3746 1292 3816 praadita:
1343 3754 1633 3811 creature,
1681 3747 2039 3808 interioribus
2081 3764 2192 3805 una

605 3855 728 3892 cum
761 3838 1130 3894 eminentibus
1183 3845 1238 3893 et
1280 3837 1676 3893 excellentibus
1722 3838 1777 3892 in
1804 3847 1950 3894 cmtu
1982 3849 2037 3896 et
2069 3856 2196 3896 con-

604 3938 770 3986 ventu
801 3931 1068 3986 bonorum
1095 3930 1326 3987 choreas
1361 3931 1708 3988 ducentibus.
1741 3932 2192 4004 Quandoquidem

603 4017 748 4070 enim
774 4017 829 4071 in
865 4016 1095 4087 ﬁgurata
1122 4032 1186 4071 ac
1209 4019 1441 4088 mystica
1475 4020 1659 4089 templi
1681 4019 2042 4078 fabricatione
2081 4038 2188 4077 non

604 4110 882 4173 omnibus,
911 4109 1004 4180 qui
1028 4109 1163 4164 foris
1191 4117 1368 4176 erant,
1402 4111 1729 4180 permissum
1763 4122 1878 4168 erat
1901 4115 2044 4169 intra
2068 4130 2188 4168 am-

606 4202 775 4256 bitum
804 4203 1076 4272 parietum
1136 4213 1444 4272 penetrare,
1478 4202 1572 4257 sed
1603 4204 1672 4258 ab
1722 4204 1972 4274 ingressu
2007 4206 2189 4275 prohi-

607 4294 880 4349 bebantur
906 4295 1223 4366 quicunque
1261 4295 1513 4365 gentiles,
1545 4303 1598 4349 et
1629 4297 1853 4352 alterius
1886 4299 2102 4368 generis
2133 4310 2187 4353 et

606 4388 849 4443 nationis
872 4397 1030 4442 erant
1061 4405 1074 4441 :
1117 4390 1358 4458 itemque
1405 4404 1469 4442 ex
1504 4388 1570 4442 iis
1605 4387 1695 4456 qui
1743 4389 1970 4459 ingressi
2017 4401 2193 4454 erant,

604 4496 715 4535 non
737 4496 929 4536 omnes
956 4495 1019 4535 ex
1055 4495 1210 4550 aequo
1236 4481 1327 4549 jus
1357 4479 1423 4533 ad
1463 4480 1781 4534 interiorem
1825 4481 2003 4536 locum
2031 4498 2185 4537 acce-

700 4677 790 4745 96)
834 4676 1052 4747 Urina.
1089 4676 1131 4726 Β
1162 4676 1260 4747 τὴν
1287 4675 1356 4728 τὰ
1385 4676 1584 4731 πάντα.
1615 4678 1660 4729 Λ
1691 4675 1789 4747 τὴν
1820 4677 2016 4733 πάντα.

701 4747 790 4816 96)
833 4745 1050 4816 Πᾶς-ιν.
1090 4747 1133 4798 Β
1159 4745 1391 4816 ἅπασιν.
1420 4780 1422 4783 τ

676 4809 884 4886 (97ἷ-98)
922 4809 1036 4870 Ὧν
1069 4817 1162 4869 ἂν.
1192 4815 1234 4867 Β
1256 4814 1337 4886 ὡς
1363 4814 1448 4870 ἄν.
1477 4817 1524 4870 Δ
1576 4814 1719 4872 delet
1745 4813 1830 4870 ἄν.

677 4886 791 4955 (99)
837 4885 936 4952 Τῇ.
968 4886 1232 4950 A,Badd.
1274 4885 1393 4955 μέν.

682 4954 760 5024 (1)
798 4956 1063 5009 Ζῶν-των.
1100 4956 1144 5006 Α
1172 4954 1347 5019 ζώων.

680 5023 758 5092 (2)
803 5024 1039 5079 Τούτου.
1076 5024 1227 5079 Delet
1256 5024 1316 5077 B.

677 5095 756 5162 (5)
809 5093 1260 5162 Ἐκλειπόντων.
1300 5094 1344 5146 Δ
1374 5093 1780 5149 ἐκλελοιπότων.

706 5163 760 5232 4)
805 5161 883 5231 Τῇ
909 5163 1233 5234 ἐκκλησίᾳ.
1253 5164 1297 5216 Α
1326 5162 1426 5231 τῆς
1457 5163 1772 5234 ἐκκλησίας.

702 5235 759 5306 5)
799 5233 1115 5306 Πνεύματι.
1159 5231 1555 5306 Atin_margin_c
1583 5231 1904 5306 χαρίσματι.

701 5303 756 5375 6)
809 5303 1144 5375 Ἐξτέρωᾷεν.
1183 5301 1317 5375 A,_B
1341 5301 1587 5373 ἑτέρωθι.

701 5310 756 5375 6)
809 5310 1144 5372 Ἑτέρωθεν.
1183 5310 1296 5369 A,l

675 5310 754 5446 (7)
798 5370 1194 5446 Οὗτοςκυοίθῐ.
1236 5373 1296 5427 Β.

803 5443 1060 5528 ςρπιΙτῇ.
1183 5444 1236 5498 in
1270 5443 1516 5528 margine
1543 5444 1602 5499 ὲν
1628 5444 1728 5528 τῶ.

700 5514 1238 5599 ἎὶΣίιηιιίωξηγιρηί.
1266 5513 1321 5599 ιΒ
1351 5513 1760 5599 ξκηνοπηγιῶν.

707 5582 793 5720 10)
831 5583 935 5636 Διὰ
958 5582 1092 5651 τῆς.
1123 5587 1166 5636 Α
1199 5583 1290 5637 διὰ
1319 5584 1418 5653 τῆς
1448 5582 1724 5653 τοιαύτης.

707 5651 760 5705 11
828 5654 1180 5720 Γενόμενος.
1224 5656 1289 5718 Δ,
1328 5654 1370 5704 Β
1410 5654 1689 5720 γινομένη.

679 5651 792 5722 (11)
828 5654 1180 5722 Γενόμενος.
1224 5656 1289 5718 Δ,
1328 5651 1385 5704 Β
1410 5651 1689 5724 γινομένη.

2362 3208 2514 3279 Ἔχει
2547 3208 2603 3263 δὲ
2632 3211 2664 3282 ή
2711 3209 2870 3282 ῥῆσις
2906 3211 3005 3282 τῆς
3041 3209 3360 3282 ψαλμῳδίας
3396 3209 3581 3264 τοῦτον
3612 3210 3702 3264 τὸν
3744 3211 3844 3282 τρό

2291 3315 2424 3352 πον·
2456 3301 2586 3365 Θεὸς
2627 3301 2830 3372 Κύριος
2875 3303 2969 3356 καὶ
3006 3302 3275 3371 ὲπέφανεν
3316 3304 3449 3373 ἡμῖν
3499 3302 3844 3371 συστήσασθαι

2292 3392 2486 3463 ἑορτὴν
2518 3393 2576 3444 έν
2604 3395 2718 3456 τοῖς
2744 3393 3079 3458 πυκάζουσιν
3108 3392 3214 3456 ἕως
3241 3393 3350 3447 τῶν
3379 3392 3620 3463 κεράτων
3649 3393 3744 3446 τοῦ
3776 3393 3843 3446 Ou

2294 3481 2628 3553 σιαστηρίου.
2662 3483 2840 3555 Ὅπερ
2877 3483 3023 3537 δοκεῖ
3053 3500 3141 3554 μοι
3183 3485 3592 3555 προαναφωνεῖν
3627 3483 3694 3537 δι’
3735 3484 3844 3537 αἰνε

2292 3588 2534 3643 γματος,
2558 3574 2628 3648 ,τὸ
2662 3575 2789 3645 μίαν
2816 3575 3006 3647 ἑορτὴν
3041 3575 3189 3647 πάσῃ
3221 3578 3288 3649 τῇ
3315 3575 3504 3648 λογικῇ
3540 3574 3711 3629 κτίσει
3746 3594 3844 3629 συν

2299 3661 2546 3718 ίστασθαι
2573 3665 2682 3720 τῶν
2717 3666 3116 3738 ὑποδεεστέρων
3148 3668 3261 3731 τοῖς
3301 3667 3654 3738 ὑπερέχουσιν
3695 3669 3752 3720 έν
3803 3674 3844 3718 τί

2293 3757 2402 3810 τῶν
2447 3757 2664 3826 ἀγαθῶν
2713 3759 2915 3830 συνόδῳ
2965 3759 3076 3829 (14)
3135 3761 3589 3830 συγχορευόντων.
3651 3761 3844 3812 Ἐπειδι

2294 3847 2402 3918 γάρ
2432 3847 2490 3900 ὲν
2515 3849 2579 3918 τῇ
2611 3850 2813 3919 τυπικῇ
2840 3847 2934 3901 τοῦ
2960 3847 3089 3903 ναοῦ
3121 3852 3456 3920 κατασκευῇ,
3479 3849 3542 3902 ού
3568 3849 3676 3920 (15)
3706 3852 3836 3902 πᾶσι

2295 3935 2475 4002 ἐφεῖτο
2502 3933 2602 4005 τῆς
2637 3935 2835 4000 ἔξωθεν
2867 3937 3160 4008 περιϐολῆς
3215 3938 3367 4002 ἐντὸς
3411 3939 3688 4007 γενέσθαι,
3734 3940 3844 3993 ἀλλς

2295 4026 2645 4098 περικέκριτο
2684 4028 2793 4099 (16)
2833 4028 2933 4098 τῆς
2977 4029 3182 4082 εἰσόδου
3215 4032 3323 4084 πᾶν
3367 4031 3490 4084 ὅσον
3529 4029 3736 4084 ὲθνικὸν
3774 4050 3844 4084 κα

2293 4117 2610 4189 ἀλλόφυλον,
2641 4119 2750 4173 τῶν
2775 4137 2836 4173 τε
2878 4117 2944 4174 αὖ
2988 4122 3141 4186 έντὸς
3172 4123 3467 4192 γινομένων
3494 4123 3627 4192 (17),
3661 4123 3722 4174 οὐ
3773 4142 3839 4193 με

2291 4210 2390 4280 τῆν
2417 4210 2532 4278 (18)
2557 4211 2622 4264 ὲκ
2666 4210 2760 4264 τοῦ
2788 4213 2903 4264 ἴσου
2931 4215 3064 4266 πᾶσι
3092 4213 3189 4282 τῆς
3215 4213 3305 4266 ἐπὶ
3334 4212 3392 4265 τὸ
3419 4212 3687 4282 ἐνδότερον
3728 4232 3843 4285 παρη

2291 4302 2435 4366 όδου,
2464 4304 2537 4374 μή
2568 4320 2673 4355 τινι
2703 4302 3061 4376 καθαρωτέρᾳ
3081 4304 3276 4375 διαίτῃ,
3309 4303 3402 4358 καί
3435 4322 3543 4357 τισι
3575 4309 3840 4377 περιρῤαν

2302 4393 2511 4464 τηρίοις
2559 4393 2940 4463 ἀφαγνισθείσι
2980 4396 3124 4467 (19)’
3166 4395 3326 4449 πάλιν
3367 4395 3424 4448 δὲ
3457 4395 3550 4449 καὶ
3587 4396 3642 4447 ἐν
3689 4397 3838 4448 animi

2293 4482 2504 4546 τούτοις
2555 4483 2616 4536 ού
2681 4485 2813 4541 πᾶσι
2842 4518 2845 4522 -
2874 4484 3099 4556 βάσιμος
3149 4479 3216 4556 ἦν
3264 4485 3293 4538 ὁ
3343 4483 3486 4538 ἔνδον
3539 4485 3682 4549 ναὸς,
3734 4485 3844 4537 ἁλλέ

2365 4681 2487 4754 (12)
2531 4684 2709 4737 Ἀλλὰ
2735 4685 2948 4737 τούτου
2981 4684 3174 4754 χάριν.
3208 4685 3345 4740 Nota
3379 4684 3481 4739 hoc
3503 4684 3744 4740 scliolion
3775 4700 3843 4737 me

2293 4751 2433 4827 dicis
2467 4752 2504 4804 A
2543 4771 2556 4806 :
2606 4754 2917 4827 Σημείωσαι
2945 4771 2958 4827 ξ
2982 4751 3101 4809 “St—dt
3148 4756 3260 4827 1qu
3283 4755 3377 4808 τοῦ
3418 4754 3666 4827 σώματος
3697 4753 3844 4827 λημῶ]

2293 4822 2586 4944 ἀνάστασὸν
2611 4821 2707 4894 τὴν
2729 4823 3139 4897 ένανθρώπησιν
3169 4821 3264 4879 τοῦ
3287 4824 3492 4896 Κυρίου
3504 4821 3668 4898 ’ἡμῶν
3695 4821 3844 4894 Ἰησοξ

2293 4907 2528 4944 γεγενησ
2565 4910 2637 4944 αι.

2293 4907 2637 4959 γεγενησυαι.

2508 4964 2794 5039 ξυσζᾳίη.
2823 4965 2872 5039 _A
2900 4964 2954 5039 [η
2987 4973 3142 5039 textu
3165 4966 3406 5039 ὲνσταίη.

2514 5034 2777 5099 Συνόδῳ.
2806 5035 2870 5107 ΑΔ
2897 5035 2938 5086 Β
2965 5035 3200 5107 συνοδίᾳ.

2323 5170 2334 5181 ο
2361 5102 2474 5181 (5)
2493 5103 2890 5181 Κατασκευῇ,
2914 5106 3007 5157 οὐ.
3038 5102 3188 5181 Delet
3214 5105 3273 5159 Β.
3315 5103 3688 5181 lntcr_s_choli_a
3714 5102 3843 5181 codi

2288 5172 2369 5225 cis
2392 5172 2455 5224 Δ.
2491 5172 2594 5226 ista
2627 5172 2995 5229 occurrebant
3026 5175 3093 5229 ad
3125 5177 3224 5230 bas
3259 5193 3442 5236 voces,
3465 5175 3586 5227 Ὅτι
3611 5174 3669 5226 οὐ
3705 5176 3844 5227 nam

2287 5241 2478 5314 ἐφετὸν
2501 5242 2653 5314 ἐντὸς
2682 5243 2774 5295 τοῦ
2802 5244 2930 5298 ναοῦ
2961 5245 3230 5313 γενέσθαι,
3258 5246 3352 5300 καὶ
3379 5245 3631 5314 διάφορος
3655 5238 3722 5313 ἦν
3751 5245 3785 5314 ἡ
3810 5244 3844 5292 ὲε

2286 5310 2461 5381 τούτῳ
2491 5311 2744 5381 πάροδος.

2358 5329 2414 5363 υτ
2491 5329 2744 5381 παροοος.

2358 5329 2471 5447 (lg)
2527 5381 3124 5452 ‘Alxduepméxptto.
3161 5387 3226 5448 Α,
3259 5385 3301 5436 Β
3325 5383 3441 5439 ἀλλ’
3474 5381 3825 5452 ἀπεκέκριτο.

2514 5451 2910 5526 Γινομένων-Ἀ
2930 5451 2983 5506 Λν
3009 5455 3338 5526 γενομένων.

2366 5521 2477 5595 (l8)
2521 5523 2677 5595 Μετὰ
2707 5523 2842 5591 τήν.
2876 5523 2918 5595 1}
2952 5525 3142 5595 μετῆν.

2367 5591 2481 5661 (19)
2533 5591 2989 5662 Ἀφαγνισθεῖσι.
3021 5591 3449 5664 Βάφανισθεῖσι.
