3990 6202
371 175 477 230 £33

1427 167 1514 221 DE
1558 166 1770 223 ΛΝΙΜΛ
1807 165 1894 220 ΕΤ
1933 163 2537 222 RESURRECTIONE.

3521 171 3626 228 134

365 287 484 348 τοῖς
514 282 628 353 (ΞΟ)
661 280 866 352 ἱερεῦσι
897 280 1079 350 μόνοις
1122 280 1348 351 νόμιμον
1379 275 1448 351 ἦν
1489 281 1628 334 κατὰ
1653 281 1840 352 χρείαν
1874 281 1945 334 ίε-

2048 277 2208 334 dcndi
2230 275 2519 344 habebant,
2546 277 2650 333 nisi
2677 279 2897 348 puriore
2948 280 3185 349 quadam
3243 279 3419 335 victus
3456 280 3624 336 ratio-

373 372 633 446 ρουργίας
664 369 812 433 ἐντὸς
841 368 937 422 τοῦ
969 370 1458 440 καταπετάσματος
1489 371 1766 440 γίνεσθαι,
1803 372 1863 424 τὸ
1893 372 1949 424 δὲ

371 461 690 534 ἀπόκρυφον
724 477 784 513 τε
821 460 916 513 καὶ
949 460 1142 514 ἄδυτον
1176 459 1270 513 τοῦ
1303 459 1462 527 ναοῦ,
1503 463 1559 514 ἐν
1595 454 1640 529 ᾧ
1672 462 1733 513 τὸ
1767 460 1949 513 θυσια-

375 554 592 624 στήριον
624 553 804 623 ἵδρυτο
835 550 1083 622 κεράτων
1109 552 1222 604 τισὶ
1256 552 1580 622 προσϐολαῖς
1613 551 1725 621 (‘21)
1755 551 1950 604 κεκαλ-

373 645 730 714 λωπισμένον,
763 643 857 696 καὶ
885 642 1070 706 αὐτοῖς
1107 644 1220 705 τοῖς
1247 642 1482 714 ἱερεῦσιν
1511 643 1837 696 ἀνεπίϐατον
1857 636 1946 713 ἦν,

372 737 509 807 πλὴν
540 736 658 798 ἐνὸς
686 735 780 788 τοῦ
810 735 1251 806 προτεταγμένου
1277 737 1374 806 τῆς
1402 737 1717 809 ἱερωσύνης,
1739 739 1812 802 ὡς
1838 737 1961 808 (22)

366 827 514 893 ἅπαξ
544 825 639 879 τοῦ
671 824 916 878 ἐνιαυτοῦ
949 826 1089 879 κατά
1120 844 1239 879 τινα
1265 828 1492 898 νόμιμον
1526 829 1756 900 ἡμέραν,
1791 829 1949 900 μόνος

403 918 815 988 πορῤητοτέραν
869 916 990 970 τινὰ
1044 918 1139 971 καὶ
1191 921 1605 992 μυστικωτέραν
1656 922 1948 992 προσάγων

372 1009 680 1081 ,ερουργίαν
706 1008 798 1061 ἐπὶ
826 1008 887 1062 τὸ
913 1008 1062 1072 ἐντὸς
1088 1010 1403 1080 παρεδύετο.
1432 1012 1708 1082 Τοσαύτης
1735 1011 1827 1066 οῦν
1859 1011 1949 1066 οὓ-

367 1118 468 1172 σης
510 1100 620 1170 (25)
658 1101 785 1170 περὶ
812 1099 904 1152 τὸν
934 1099 1060 1154 ναὸν
1091 1100 1277 1154 τοῦτον
1309 1101 1590 1172 διαφορᾶς,
1621 1103 1702 1156 ὃτι
1723 1121 1806 1167 τις
1835 1102 1944 1174 (24)

399 1191 530 1243 ίκὼν
580 1190 690 1260 (25)
741 1189 835 1244 καὶ
884 1191 1110 1260 μίμημα
1162 1191 1260 1261 τῆς
1315 1194 1510 1264 νοητῆς
1545 1189 1612 1264 ἦν
1669 1194 1943 1250 καταστά-

382 1300 526 1346 rer-ig,
551 1283 707 1335 τοῦτο
730 1281 832 1351 τῆς
854 1283 1172 1353 σωματικῆς
1205 1286 1636 1356 παρατηρήσεως
1668 1286 1942 1341 διδασκούς

398 1389 501 1441 ης,
542 1373 623 1424 ὅτι
672 1369 797 1424 οὔτε
848 1372 999 1423 πᾶσα
1052 1372 1085 1442 ή
1137 1373 1326 1443 λογικὴ
1379 1373 1539 1441 φύσις
1574 1373 1651 1444 τῷ
1704 1373 1816 1445 ναῷ
1848 1374 1942 1428 τοῦ

378 1462 522 1524 θεοῦ,
555 1463 798 1515 τουτέστι
831 1464 895 1533 τῇ
930 1462 1188 1534 ὁμολογία⁵
1220 1464 1314 1517 τοῦ
1339 1463 1574 1534 μεγάλου
1611 1464 1743 1517 Θεοῦ
1775 1482 1942 1536 προσ-

371 1554 610 1621 ιγγίζει·
659 1553 775 1607 ἀλλ’
806 1555 856 1607 οἱ
904 1555 1040 1625 πρὸς
1096 1554 1196 1618 τὰς
1254 1555 1467 1624 ψευδεῖς
1518 1555 1809 1625 ὑπολήψεις
1847 1572 1943 1608 πε-

2051 387 2137 434 ne,
2165 385 2229 424 ac
2258 370 2586 440 quibusdam
2622 369 3034 439 aspersionibus
3059 378 3244 426 essent
3269 370 3474 441 expiati
3500 390 3516 439 ;
3559 387 3626 426 ac

2050 475 2244 515 rursus
2267 460 2428 516 etiam
2459 475 2526 515 ex
2581 459 2667 516 bis
2692 461 2826 531 ipsis
2873 476 2982 516 non
3039 461 3295 517 erunibus
3350 462 3626 517 internum

2050 552 2310 622 templum
2341 552 2550 623 ingredi
2585 553 2800 616 licebat,
2826 555 2919 609 sed
2959 553 3335 610 sacerdotibus
3361 554 3628 609 duntaxat

2050 641 2392 697 sacrificandi
2445 655 2609 698 causa
2659 642 2800 697 intra
2848 644 3024 699 velum
3065 644 3319 700 versandi
3347 645 3439 715 jus
3466 653 3624 700 erat:

2047 732 2296 786 occultus
2323 746 2451 786 vero
2497 742 2552 786 et
2607 748 2841 790 arcanus
2873 735 3056 804 templi
3099 735 3248 791 locus
3277 737 3296 806 (
3327 751 3486 806 quem
3509 735 3628 790 ἄδυ-

2047 837 2138 874 τον
2164 821 2404 892 vocant),
2433 822 2490 877 in
2520 837 2628 892 quo
2657 825 2828 879 altare
2859 824 3186 882 collocatum
3213 841 3476 880 cornuum
3504 826 3626 896 qni-

2049 911 2275 968 busdam
2309 914 2694 984 prominentiis
2743 916 3064 972 adornatum
3099 924 3241 982 erat,
3282 918 3415 988 ipsis
3441 933 3626 973 sacer-

2048 1003 2268 1060 dotibus
2300 1004 2618 1063 inaccessus
2641 1015 2778 1075 erat,
2811 1015 3172 1078 praeterquam
3198 1009 3292 1063 uni
3322 1010 3414 1080 qui
3443 1024 3625 1064 sacer-

2046 1093 2196 1148 dotio
2215 1097 2538 1166 praapositus
2566 1107 2702 1164 erat,
2752 1098 2848 1169 qui
2880 1099 3049 1154 semel
3105 1099 3159 1153 in
3194 1115 3340 1154 anno
3381 1100 3626 1170 legitimo

2045 1184 2304 1254 quodam,
2329 1195 2481 1240 certo
2506 1197 2668 1258 atque
2691 1188 2919 1243 solemni
2942 1188 3052 1255 die,
3080 1190 3253 1256 solus,
3285 1199 3340 1243 ut
3364 1205 3624 1244 arcanum

2044 1283 2097 1330 et
2135 1277 2479 1331 reconditum
2504 1279 2776 1349 quoddam
2815 1281 2985 1350 magis
3011 1289 3065 1336 et
3092 1283 3366 1336 occultum
3415 1283 3624 1337 sacrifi-

2045 1366 2188 1420 cium
2224 1365 2463 1431 ofl‘erret,
2526 1370 2808 1424 introibat.
2861 1369 2996 1425 Cum
3054 1371 3219 1442 igitur
3271 1380 3419 1427 tanta
3480 1381 3626 1428 esset

2043 1459 2190 1512 circa
2233 1459 2334 1514 hoc
2370 1461 2632 1530 templum
2660 1460 2988 1527 differentia,
3016 1463 3163 1532 quod
3213 1463 3391 1533 imago
3426 1466 3627 1532 pariter

2045 1561 2110 1603 ac
2143 1550 2495 1624 simulacrum
2538 1553 2680 1623 ejus,
2741 1553 2832 1623 qui
2885 1563 3064 1609 mente
3117 1555 3622 1624 comprehenditur,

365 1644 702 1715 πλανημένοι
743 1645 896 1709 ὲκτός
933 1624 1040 1698 είσι
1088 1644 1184 1698 τοῦ
1231 1645 1375 1699 θείου
1415 1624 1939 1718 περισχοινίσματος.

2047 1648 2224 1696 status
2247 1650 2385 1707 erat,
2430 1643 2533 1698 hoc
2574 1643 2834 1698 nimirum
2867 1644 3097 1700 docente
3121 1646 3390 1716 corporali
3431 1647 3622 1702 obser-

366 1737 488 1790 Τῶν
519 1737 577 1790 δὲ
616 1737 702 1790 διά
728 1735 826 1808 τῆς
850 1737 1140 1807 ὁμολογίας
1172 1738 1323 1802 ἐντὸς
1349 1740 1726 1809 γεγενημένων
1758 1756 1968 1810 προτι-.

373 1829 622 1901 μοτέρων
665 1829 773 1900 (26)
815 1830 922 1883 τῶν
979 1831 1188 1896 ἄλλων,
1230 1833 1278 1885 οί
1324 1832 1800 1905 περιρῤαντηρίοις
1851 1834 1945 1888 καὶ

369 1920 611 1989 ἁγνείαις
645 1920 1138 1993 προκαθαιρόμενοι
1161 1921 1294 1993 (27),
1327 1921 1422 1975 κα)⁸
1457 1922 1662 1976 τούτων
1697 1924 1746 1976 οί
1787 1923 1943 1992 ἀφιε-

367 2010 634 2083 ρωθέντες
655 2013 755 2083 ήδη
785 2011 847 2065 τὸ
878 2013 1038 2066 πλέον
1060 2012 1292 2084 ἔχουσιν,
1318 2013 1456 2067 ὥστε
1481 2012 1581 2084 τῆς
1611 2014 1944 2086 ὲσωτερικῆς

362 2104 644 2172 ἀξιοῦσθαι
681 2106 1091 2176 μυσταγωγίας,
1121 2107 1196 2171 ὡς
1222 2106 1268 2158 δ’
1291 2107 1356 2162 ἄν
1383 2123 1468 2171 τις
1496 2107 1589 2160 ἐπὶ
1614 2107 1675 2160 τὸ
1697 2107 1944 2179 φανερώ-

361 2213 519 2268 τερον
571 2197 806 2268 προάγοι
845 2197 957 2268 (28)
1005 2197 1103 2268 τὴν
1150 2196 1246 2250 τοῦ
1301 2197 1620 2268 αἰνίγματος
1684 2199 1941 2272 ἔμφασιν.

361 2287 547 2340 Ταῦτα
574 2288 687 2341 ἔστι
718 2288 911 2360 μαθεῖν
935 2287 1027 2341 τοῦ
1049 2288 1209 2355 λόγου
1233 2288 1591 2356 διδάσκοντος,
1615 2291 1694 2344 ὅτι
1726 2291 1834 2346 τῶν
1857 2282 1945 2346 λου

360 2377 534 2445 γικῶν
561 2377 862 2447 δυνάμεων,
893 2379 948 2430 αἱ
983 2377 1081 2448 μέν
1105 2377 1248 2440 τινές
1281 2378 1416 2431 εἰσιν
1444 2373 1554 2432 οἷον
1579 2377 1639 2432 τὸ
1665 2378 1818 2448 ἆγιον
1852 2379 1945 2448 θυτ-

361 2467 677 2536 σιαστήριον
702 2467 762 2518 ἐν
795 2465 872 2536 τῷ
903 2463 1082 2535 ἀδύτῳ
1119 2464 1217 2534 τῆς
1251 2463 1502 2534 θεότητος
1531 2463 1940 2536 καθιδρυμένω-

359 2558 418 2610 αἱ
445 2557 504 2611 δέ
536 2574 680 2621 τινες
719 2556 878 2610 πάλιν
907 2555 1002 2609 καὶ
1044 2554 1250 2608 τούτων
1297 2555 1354 2608 ὲν
1385 2554 1542 2626 ἐξοχῇ
1594 2554 1940 2624 θεωροῦνται,

360 2649 608 2720 κεράτων
648 2648 804 2720 δίκην
846 2645 1284 2719 προϐεϐλημέναι
1305 2687 1319 2712 ,
1348 2645 1442 2700 καὶ
1465 2645 1620 2700 ἄλλαι
1649 2646 1775 2718 περὶ
1803 2647 1945 2700 ὲκείο

362 2757 460 2803 νας
498 2738 641 2794 κατά
701 2755 823 2792 τινα
864 2737 1070 2802 τάξεως
1098 2737 1423 2792 ἀκολουθίαν
1454 2736 1836 2808 προτερεύουσί
1881 2754 1943 2791 τε

362 2828 476 2900 (29)
507 2829 600 2883 καὶ
628 2827 1023 2900 δευτερεύουσι.
1045 2828 1118 2881 Τὸ
1132 2827 1188 2880 δὲ
1209 2827 1315 2880 τῶν
1351 2826 1651 2898 ἀνθρώπων
1678 2827 1830 2896 γένος
1857 2827 1945 2882 διὰ

2045 1732 2283 1796 vatione,
2326 1732 2469 1803 quod
2495 1749 2600 1788 non
2637 1734 2815 1790 omnis
2866 1748 3115 1790 creatura
3161 1736 3372 1790 ratione
3397 1736 3622 1806 praedita

2044 1821 2247 1891 templo
2274 1820 2392 1885 Dei,
2445 1821 2550 1877 hoc
2580 1831 2664 1878 est
2691 1825 3025 1879 confessioni
3075 1826 3256 1896 magni
3285 1825 3380 1880 Dei
3423 1842 3622 1896 appro-

2045 1913 2311 1983 pinquet;
2340 1912 2436 1969 sed
2464 1914 2556 1984 qui
2594 1913 2746 1970 falsis
2767 1916 3121 1984 Opinionibus
3153 1931 3218 1972 ac
3247 1919 3626 1988 persuasioni-

2043 2004 2146 2061 bus
2193 2004 2406 2061 sed'ucti
2462 2015 2621 2072 sunt,
2668 2007 3064 2078 prohibeantur
3120 2023 3150 2062 a
3203 2010 3375 2080 septis
3423 2010 3625 2066 divinis

2044 2104 2207 2167 atque
2240 2097 2525 2154 cancellis.
2571 2097 2645 2152 Ex
2690 2099 2758 2154 iis
2792 2109 2972 2154 autem
3036 2101 3128 2171 qui
3183 2117 3281 2170 per
3310 2102 3621 2157 confessio-

2043 2202 2166 2243 nem
2205 2188 2352 2244 intro
2383 2189 2609 2246 admissi
2653 2189 2881 2252 fuerint.
2914 2192 3127 2246 cmteris
3157 2193 3537 2247 anteferantur
3559 2208 3624 2247 ac

2043 2288 2304 2350 praastcnt
2344 2281 2441 2352 qui
2469 2281 2911 2352 aspersiouibus,
2950 2283 3186 2352 puritate
3231 2291 3284 2338 et
3315 2298 3344 2336 a
3374 2285 3626 2340 venereis

2044 2371 2377 2428 abstinentia
2409 2381 2538 2428 ante
2577 2373 2782 2429 fuerint
2821 2374 3046 2445 expiati,
3083 2382 3248 2448 atque
3279 2374 3365 2430 liis
3425 2375 3500 2430 illi
3528 2376 3622 2446 qui

2043 2464 2332 2520 sacrificiis
2380 2463 2636 2519 destinati
2662 2475 2816 2528 sunt,
2849 2465 3045 2521 exinde
3083 2466 3197 2535 jam
3231 2467 3457 2520 meliore
3486 2481 3624 2520 con-

2043 2554 2249 2611 ditione
2275 2557 2409 2620 sint,
2466 2565 2527 2610 ut
2574 2557 2897 2611 interiorum
2947 2573 3230 2612 sacrorum
3272 2559 3623 2614 administra-

2045 2647 2191 2704 tione
2217 2662 2281 2702 ac
2310 2648 2604 2718 praesulatu
2637 2647 2784 2720 digni
2830 2649 3152 2704 habeantur.
3181 2651 3286 2705 Sed
3320 2661 3480 2721 prout
3523 2652 3624 2704 ali-

2043 2739 2167 2809 quis
2194 2739 2260 2794 ad
2289 2739 2687 2796 evidentiorem
2738 2755 2802 2793 ac
2856 2741 3028 2811 magis
3062 2742 3412 2811 perspicuam
3446 2743 3624 2813 expli-

2053 2834 2324 2888 cationem
2361 2831 2664 2904 aenigmatis
2694 2839 2860 2902 atque
2885 2833 3150 2887 involucri
3170 2833 3624 2904 significationem

361 2920 463 2990 τὴν
516 2917 871 2990 ἒγγινομένην
917 2917 1115 2972 κακίαν
1169 2915 1274 2982 ἔξω
1321 2910 1420 2987 τῆς
1458 2916 1604 2980 θείας
1651 2917 1945 2987 περιϐολῆς

2047 2921 2293 2990 proferre
2328 2922 2525 2992 possit,
2564 2922 2680 2977 haec
2707 2921 2920 2977 discere
2956 2922 3081 2978 licet
3130 2923 3361 2978 docente
3394 2923 3624 2986 ratione,

360 3009 622 3082 ἀπεώσθη
642 3026 658 3040 ⁸
701 3010 839 3082 ὅπερ
882 3008 962 3080 τῷ
995 3008 1338 3081 περιράντρῳ
1386 3009 1499 3079 (50)
1529 3007 1737 3079 λουτρῷ
1765 3007 1936 3078 καθη-

365 3103 603 3173 ράμενον
634 3101 784 3165 ὲντδς
811 3099 1040 3169 γίνεται.

2046 3011 2192 3082 quod
2244 3027 2313 3067 ex
2346 3014 2564 3069 ratione
2621 3013 2868 3084 pra‘ditis
2903 3013 3205 3069 virtutibus
3231 3015 3350 3069 aliae
3408 3015 3625 3085 quidem

2042 3104 2211 3159 veluti
2244 3113 2500 3162 sanctum
2528 3105 2701 3161 altare
2733 3105 2845 3160 sint
2897 3105 2951 3159 in
2984 3105 3147 3176 adyto
3192 3105 3420 3162 Deitatis
3452 3107 3612 3161 collo-

359 3201 520 3260 catae,
556 3192 839 3247 nonnullae
869 3205 1001 3246 vero
1032 3206 1227 3246 rursus
1261 3190 1428 3246 etiam
1463 3205 1527 3244 ex
1581 3189 1668 3244 his
1697 3191 1750 3245 in
1784 3193 2111 3250 excellentia
2156 3197 2578 3267 conspiciantur
2656 3210 2926 3251 cornuum
3004 3196 3178 3251 instar
3223 3199 3636 3266 prominentes,

360 3297 533 3358 atque
576 3286 699 3342 alia:
730 3302 930 3342 rursus
953 3289 1102 3342 circa
1129 3285 1252 3340 illas
1289 3285 1623 3354 competenti
1659 3296 2142 3360 consentaneoque
2196 3289 2437 3362 quodam
2507 3290 2702 3344 ordine
2765 3296 2881 3344 tum
2938 3290 3202 3359 primum,
3243 3300 3367 3344 uim
3422 3305 3622 3346 secun-

359 3378 493 3431 dum
557 3377 738 3430 locum
786 3376 1092 3431 obtineant.
1147 3372 1331 3429 Genus
1400 3383 1582 3428 autem
1645 3374 1944 3432 humanum
1983 3386 2208 3449 propter
2260 3379 2614 3435 vitiositatem
2652 3378 2902 3433 innatam
2943 3387 3098 3434 extra
3154 3380 3426 3450 parietum
3480 3382 3622 3436 divi-

362 3483 562 3524 norum
592 3467 860 3522 ambitum
891 3472 1301 3523 summoveatur
1336 3485 1351 3522 :
1388 3465 1535 3537 quod
1564 3466 1655 3520 ubi
1681 3472 2064 3540 conspersorio
2093 3473 2311 3526 lavacro
2339 3471 2620 3542 expiatum
2654 3472 2838 3536 fuerit,
2887 3473 3034 3527 intro
3067 3473 3344 3528 mittatur.

445 3583 585 3637 Ἀλλ’
621 3582 812 3654 ἐπειδὴ
849 3582 1032 3654 μέλλει
1061 3582 1190 3636 ποτὲ
1219 3582 1288 3635 τὰ
1323 3582 1461 3652 μετὰ
1487 3581 1600 3652 (51)
1634 3580 1806 3635 ταῦτα
1838 3600 1943 3636 πα-

363 3675 737 3746 ραφράγματα
767 3673 1009 3740 λύεσθαι,
1040 3674 1107 3728 δι’
1135 3667 1210 3729 ὧν
1239 3673 1350 3744 (32)
1379 3675 1526 3745 ἡμᾶς
1550 3675 1584 3744 ἡ
1613 3674 1779 3728 κακία
1806 3675 1942 3746 πρὸς

360 3770 435 3820 τὰ
461 3768 607 3831 ἐντὸς
633 3767 726 3820 τοῦ
754 3766 1241 3838 καταπετάσματος
1265 3765 1628 3836 ἀπετείχισεν,
1657 3766 1784 3819 ὅταν
1815 3782 1944 3838 σκη-

367 3857 618 3928 νοπηχθῇ
641 3859 746 3925 ('55)
775 3857 934 3911 πάλιν
958 3857 1044 3911 διὰ
1079 3857 1178 3927 τῆς
1207 3857 1554 3920 ἀναστάσεως
1592 3856 1750 3927 ἡμῶν
1775 3858 1808 3927 ἠ
1835 3856 1942 3925 φύ-

369 3967 482 4010 σις,
513 3948 609 4001 καὶ
635 3949 778 4001 πᾶσα
799 3951 830 4020 ἡ
855 3947 999 4002 κατὰ
1025 3947 1225 4003 κακίαν
1248 3946 1573 4018 ἐγγινομένη
1605 3946 1716 4017 (54)
1739 3947 1950 4016 διαφθο-

368 4041 441 4111 ρά
475 4037 802 4112 ἐξαφανισθῇ
829 4039 939 4092 τῶν
967 4039 1159 4103 ὄντων,
1194 4037 1314 4091 τότε
1358 4035 1508 4107 κοινὴ
1554 4038 1881 4108 συστήσεται
1911 4039 1944 4109 ἡ

367 4133 496 4202 περὶ
525 4132 617 4185 τὸν
651 4131 781 4184 Θεὸν
822 4130 982 4202 ἑορτὴ
1011 4133 1122 4194 τοῖς
1153 4129 1241 4183 διὰ
1266 4129 1367 4198 τῆς
1393 4129 1740 4194 ἀναστάσεως
1775 4146 1947 4184 πυκαο

367 4224 570 4277 σθεῖσιν
593 4263 608 4286 ,
638 4221 714 4285 ὡς
753 4223 880 4292 μίαν
907 4239 966 4275 τε
1001 4222 1094 4276 καὶ
1121 4219 1220 4292 τὴν
1255 4220 1425 4291 αὐτὴν
1458 4221 1780 4291 προκεῖσθαι
1810 4223 1946 4275 πᾶσι

2073 3640 2094 3652 ,
2119 3579 2227 3635 Sed
2255 3581 2511 3650 quoniam
2554 3581 2668 3636 haec
2693 3582 2746 3636 in
2783 3581 2964 3638 medio
3007 3585 3253 3654 opposita
3316 3591 3492 3654 septa,
3529 3601 3620 3654 per

2046 3687 2168 3741 quae
2199 3673 2468 3729 vitiositas
2495 3688 2596 3730 nos
2623 3674 2693 3730 ab
2717 3690 2782 3730 eo
2821 3675 2944 3732 loco
2977 3677 3068 3746 qui
3123 3677 3267 3732 intra
3309 3678 3488 3733 velum
3540 3687 3621 3733 est

2044 3763 2276 3826 dirimit,
2309 3763 2604 3834 aliquando
2645 3766 2944 3831 solventur,
2974 3781 3099 3822 cum
3133 3782 3230 3838 per
3259 3767 3622 3823 resurrectio-

2046 3869 2169 3910 nem
2202 3862 2398 3910 natura
2427 3864 2612 3910 nostra
2641 3873 2834 3914 rursus
2859 3857 3014 3928 quasi
3051 3858 3460 3913 tabernaculum
3493 3858 3621 3922 fixa,

2046 3951 2211 4016 atque
2235 3947 2416 4002 omnis
2447 3963 2543 4017 per
2573 3949 2920 4005 vitiositatem
2981 3950 3163 4004 innata
3220 3950 3524 4020 corruptio.
3555 3966 3620 4005 ex

2042 4049 2226 4091 rerum
2251 4047 2444 4092 natura
2479 4038 2680 4093 abolita
2716 4049 2880 4109 atque
2905 4040 3117 4095 sublata
3151 4039 3334 4104 fuerit,
3374 4049 3505 4094 tunc
3554 4041 3620 4096 iis

2043 4125 2136 4194 qui
2170 4140 2267 4195 per
2306 4129 2764 4183 resurrectionem
2806 4129 2952 4192 tecti,
2983 4131 3157 4183 ornati
3195 4140 3357 4199 atque
3395 4146 3620 4200 compo-

2042 4216 2130 4271 siti
2164 4215 2389 4282 fuerint,
2441 4233 2730 4274 commune
2781 4218 2980 4272 festum
3015 4219 3163 4273 circa
3201 4220 3368 4274 Deum
3417 4224 3620 4276 consti-

365 4313 465 4382 τὴν
517 4309 885 4383 εὐφροσύνην·
951 4309 1151 4382 μηκέτι
1195 4311 1457 4380 διαφορᾶς
1508 4327 1650 4374 τινος
1695 4310 1793 4380 τῆς
1836 4310 1944 4364 τῶν

2047 4314 2253 4373 tuetur,
2285 4315 2344 4362 ut
2369 4307 2622 4363 omnibus
2654 4322 2760 4362 una
2787 4315 2950 4377 atque
2980 4308 3167 4363 eadem
3201 4309 3382 4364 laetitia
3419 4318 3619 4381 propo-

365 4400 499 4455 ῑτων
545 4402 869 4473 μετουσίας,
917 4402 1015 4473 τὴν
1059 4401 1287 4472 λογικὴν
1320 4399 1482 4470 φύσιν
1524 4400 1947 4472 διατεμνούσης,

360 4493 501 4546 ἀλλὰ
539 4491 646 4546 τῶν
689 4490 785 4546 νῦν
814 4490 918 4557 ἔξω
945 4491 1033 4544 διά
1070 4491 1170 4562 τὴν
1199 4489 1399 4544 κακίαν
1442 4489 1609 4545 ὄντων
1650 4489 1802 4554 ἐντὸς
1837 4489 1948 4544 τῶν

354 4585 572 4638 ἀδύτων
611 4583 710 4655 τῆς
750 4583 900 4646 θείας
935 4580 1335 4653 μακαριότητος
1370 4596 1500 4633 ποτε
1545 4579 1946 4651 γενησομένων,

357 4677 458 4728 καὶ
504 4677 617 4739 τοίς
670 4674 864 4745 κέρασι
918 4673 1013 4727 τοῦ
1057 4672 1466 4745 θυσιαστηρίου,
1507 4671 1778 4737 τουτέστι,
1826 4673 1944 4735 ταῖς

353 4765 678 4836 ἑξεχούσαις
708 4764 821 4818 τῶν
847 4763 1234 4834 ὑπερκοσμίων
1258 4762 1553 4834 δυνάμεσιν
1580 4762 1806 4826 ἑαυτοὺς
1829 4760 1942 4832 (55)

436 4963 548 5031 (eo)
601 4961 785 5016 Ἀλλά
811 4959 957 5031 τοῖς.
1002 4960 1068 5031 Α,
1097 4958 1200 5031 ιιᾲῆ
1232 4961 1367 5031 τοῖς,

434 5027 549 5099 (‘21)
588 5029 984 5100 Προσσολαῖς.
1020 5030 1088 5094 Δ,
1121 5028 1164 5080 Β
1190 5027 1505 5101 προϐολαῖς.

435 5103 548 5153 ιῖὶ)
596 5102 713 5153 Ὠρ.
759 5101 802 5152 Β
836 5101 916 5153 ὃς.

435 5103 548 5163 ιὲὶ)
596 5102 713 5163 Ὧς.
759 5102 802 5152 Β
836 5102 916 5163 ὃς.

595 5103 1031 5237 ἕῒαέττῗὲιοοῦν
1052 5169 1264 5239 οὔσης.
1297 5167 1375 5223 Ad
1403 5167 1518 5239 hac
1538 5165 1782 5239 scholion
1806 5165 1939 5239 illud

346 5231 607 5309 legebam
639 5242 694 5293 in
726 5231 1106 5295 calce'codicis
1129 5237 1175 5292 A
1194 5231 1358 5292 Ξ”οτι
1383 5237 1548 5309 τύπος
1568 5231 1637 5309 ἦν
1657 5236 1940 5309 καὶῌείκὼν

341 5305 461 5381 τῆς
483 5311 609 5373 νέας
639 5311 843 5380 ταύτης
868 5309 1251 5371 καταστάσεως
1278 5309 1312 5378 ή
1350 5306 1450 5376 τῆς
1488 5307 1546 5360 ὲν
1571 5305 1648 5377 τῷ
1678 5305 1791 5377 ναῷ
1819 5309 1936 5360 εισ-

339 5381 485 5436 ὁδου
515 5381 770 5449 διαφορά.

427 5449 553 5520 (τι)
594 5451 720 5503 ὀτι
758 5467 865 5516 τις.
900 5452 962 5516 Α,
994 5449 1036 5503 Β
1061 5449 1206 5520 ἥτις.

451 5519 551 5583 25)
593 5520 799 5573 Εικώγ.
827 5523 868 5573 Δ
893 5523 1057 5577 είκών
1083 5519 1166 5571 τε.

452 5588 554 5662 26)
593 5591 1039 5665 Προτιμοτέρων.
1073 5591 1137 5657 Δ,
1169 5586 1209 5640 Β
1238 5583 1638 5658 προτιμότεροι.

2045 4408 2226 4466 natur,
2259 4399 2408 4454 nulla
2438 4399 2670 4470 amplius
2709 4399 3013 4455 differentia
3065 4401 3280 4456 ratione
3336 4403 3616 4473 praeditam

2043 4498 2296 4547 naturam
2320 4505 2348 4544 a
2380 4491 2796 4563 participatione
2852 4496 2992 4562 aequi
3019 4493 3161 4564 juris
3213 4505 3375 4564 atque
3405 4510 3619 4550 corum-

2041 4579 2164 4636 dem
2198 4580 2464 4636 bonorum
2497 4581 2804 4648 dirimente,
2839 4585 2934 4640 sed
2968 4585 3036 4641 iis
3071 4586 3161 4656 qui
3195 4601 3338 4640 nunc
3393 4594 3617 4656 propter

2041 4669 2396 4728 vitiositatem
2428 4681 2582 4727 extra
2622 4683 2771 4740 sunt,
2824 4675 3044 4731 tandem
3115 4676 3411 4747 aliquando
3478 4677 3619 4732 intra

2042 4762 2210 4836 adyta
2239 4761 2437 4819 divinae
2464 4763 2825 4822 beatitudinis
2863 4765 3084 4833 futuris,
3107 4777 3157 4823 et
3192 4767 3452 4825 cornibus
3482 4768 3616 4823 alta-

2113 4959 2226 5028 (27)
2265 4962 2821 5033 Προκαθαιρόμενοι.
2870 4967 2916 5018 Α
2949 4966 3003 5020 in
3048 4967 3299 5040 margine
3335 4968 3618 5042 προκαθη-

2046 5045 2296 5102 ραιέενοιο

2134 5097 2226 5172 ἓξ)
2264 5099 2538 5169 Προάγοι.
2566 5101 2608 5154 Β
2632 5102 2916 5172 προσάγοι.

2136 5168 2229 5286 29)
2268 5168 2703 5256 Προτερεύουσῖ
2731 5168 2832 5228 τε.⁷
2858 5174 2896 5226 Β
2921 5176 3308 5246 προτερεύουσι
3343 5173 3401 5229 δέ
3428 5189 3511 5230 τε.

2137 5238 2205 5286 50
2267 5242 2651 5286 Πεοιοαντηιιι-
2694 5242 2756 5286 Α-
2783 5243 3301 5286 Πτερηιήὴαντηηίω-

2115 5238 2227 5316 (ΞΨ
2266 5239 2651 5316 ἔζερισράζτρφο
2692 5242 2757 5306 Αν
2783 5238 3302 5316 Βπερίῤῥαῦτηρίιιν·

2116 5307 2227 5378 (ξι)
2266 5307 2446 5378 Μετςί.
2489 5308 2533 5378 [ξ
2565 5311 2724 5378 μέσα.

2114 5371 2229 5444 (52)
2267 5377 2346 5428 Δι’
2375 5371 2482 5431 ὧν.
2520 5371 2653 5431 Β’τά
2679 5379 2746 5433 δι’
2780 5373 2874 5435 ὧν.

2266 5447 2687 5525 ξέηνοπηχθῇ.
2730 5452 2811 5525 ᾼ,
2836 5450 2876 5503 Β
2910 5453 3320 5525 σκηνοπαγηθῇ.

2275 5517 2682 5595 ξξξπηννομένῃ.
2695 5590 2706 5595 Α
2724 5521 2767 5572 Α
2789 5517 3148 5595 Αὲγγενομένη.

2279 5586 2576 5651 Ἑαυτοὺς.
2622 5587 2660 5640 Β
2692 5590 2748 5642 ὲν
2784 5586 3014 5654 ἑαυτοῖς.

2207 5381 2229 5588 ξ
