3990 6202
506 229 609 285 145

1756 232 1810 289 S.
1854 229 2178 288 GREGORII
2213 231 2508 289 NYSSENI

3697 240 3797 296 HI

507 342 588 406 dit
650 362 831 405 :cum
894 349 1226 406 resurrectio
1316 364 1519 420 corpus
1599 360 1844 407 nostrum
1900 364 2095 407 rursus

2197 350 2397 406 νόντων
2440 352 2579 423 ὑπὲρ
2632 351 2732 422 τῆς
2772 350 3048 416 εὐσεϐείας
3094 350 3193 416 τὰς
3231 351 3485 423 ἀλγεινὰς
3515 350 3635 427 (27)
3686 354 3803 408 τῶν

507 443 577 501 ad
618 442 787 497 vitam
840 442 1151 509 reduxerit,
1210 443 1445 513 populus
1522 443 1742 514 quidam
1805 442 2087 497 hominum

504 542 739 605 prorsus
781 544 925 585 unus
974 528 1200 594 evadet,
1264 538 1324 585 ut
1361 531 1500 585 nihil
1544 532 1689 589 absit
1753 532 1823 587 ab
1882 546 1951 587 eo
1993 531 2088 603 qui

506 620 767 692 resurgit,
807 619 992 675 infans
1016 619 1299 683 videlicet,
1334 623 1517 692 pusio,
1578 638 1735 692 puer,
1770 622 2091 679 adolescen-

507 712 681 777 tulus,
716 711 803 765 vir
824 750 841 777 ,
876 717 1065 781 pater,
1100 725 1290 779 senex,
1325 720 1381 767 et
1422 713 1606 768 omnia
1636 727 1759 784 quae
1804 714 1947 769 inter
1974 713 2090 768 haec

508 802 875 859 intercedunt.
918 800 1091 858 Porro
1142 816 1266 857 cum
1329 803 1667 858 continentia
1702 812 1871 874 atque
1900 803 2090 858 incon-

504 892 738 948 tinentis
819 907 919 964 per
962 907 1184 947 carnem
1253 901 1605 959 exerceatur,
1665 902 1794 959 tum
1868 902 2091 965 propter

508 985 764 1056 pietatem
800 984 987 1055 gravia
1040 993 1203 1056 atque
1252 985 1449 1041 acerba
1493 986 1759 1056 supplicia
1814 987 2090 1043 sustinen-

506 1078 671 1144 tium,
727 1083 846 1133 tum
887 1078 1057 1133 animi
1130 1079 1359 1133 mollitia
1418 1079 1811 1151 refugientium
1859 1081 1975 1136 lucc
2005 1089 2088 1135 at-

506 1184 615 1240 que
651 1170 943 1228 vitantium
973 1210 988 1235 ,
1038 1179 1093 1226 et
1124 1186 1220 1241 per
1266 1185 1488 1226 sensum
1526 1167 1850 1241 corporeum
1894 1173 2088 1227 horum

509 1270 806 1333 utrumque
873 1261 1319 1336 designantium:
1361 1264 1452 1333 qui
1514 1263 1626 1317 fleri
1673 1274 1886 1335 potest,
1945 1275 2004 1320 ut
2037 1265 2088 1320 id

507 1352 655 1425 quod
705 1352 919 1423 justum
969 1360 1072 1415 est,
1118 1355 1173 1406 in
1206 1351 1420 1421 judicio
1469 1353 1775 1409 servetur?
1813 1356 1921 1408 Aut
1964 1370 2089 1409 cum

506 1446 653 1503 idem
702 1458 849 1500 nunc
893 1444 1111 1515 quidem
1172 1445 1520 1514 peccaverit,
1565 1454 1753 1515 postea
1806 1462 1940 1501 vero
1994 1462 2092 1517 per

506 1533 885 1605 pmnitentiam
929 1548 1052 1595 sese
1083 1531 1415 1603 expiaverit,
1443 1547 1507 1587 ac
1543 1532 1776 1589 fortasse
1807 1549 1998 1590 rursus
2035 1536 2091 1590 in

504 1632 789 1698 peccatum
842 1639 908 1681 ac
944 1624 1207 1680 delictum
1247 1625 1434 1695 lapsus
1487 1624 1582 1689 sit,
1648 1638 1774 1679 cum
1827 1625 1956 1681 item
1992 1641 2092 1696 per

2192 443 2634 515 κολάσεωνιτῶν
2663 461 2722 498 τε
2737 440 2806 498 αὖ
2840 442 3293 515 μαλακιζομένων
3320 444 3458 516 πρὸς
3474 445 3658 500 ταῦτα
3680 446 3797 516 (28)

2189 534 2279 590 διὰ
2307 534 2408 606 τῆς
2437 534 2757 607 σωματικῆς
2777 535 3109 605 αἰσθήσεως,
3137 533 3415 605 ἑκατέρων
3441 533 3556 606 (29)
3581 535 3797 590 τούτων

2192 624 2672 708 ἐπιδεικνυμένων,
2705 624 2824 689 πῶς
2862 624 2979 679 ἐστι
3007 626 3158 697 παρὰ
3186 626 3287 697 τὴν
3319 625 3433 697 (50)
3462 627 3656 696 κρίσιν
3677 627 3794 682 δια-

2192 712 2429 783 σωθῆναι
2459 712 2519 767 τδ
2543 711 2753 767 δίκαιον
2781 710 2897 787 (51)
2925 731 2941 781 ;
2979 714 3050 767 Ἢ
3093 713 3188 767 τοῦ
3220 713 3335 785 (52)
3364 712 3527 769 αὐτοῦ
3558 715 3659 770 νῦν
3693 718 3797 787 μὲν

2190 805 2743 877 πεπλημμεληκότος,
2775 802 3033 879 αὖθιςθδὲ
3059 803 3148 861 διὰ
3179 808 3545 879 μεταμελείας
3591 810 3797 863 ἑαυτὸν

2190 893 2601 967 ὲκκαθάραντος
2660 892 2811 967 (55),
2870 894 2975 950 κᾶν
3020 891 3165 948 οὕτω
3198 895 3338 966 τύχῃ
3393 896 3555 951 πάλιν
3598 898 3697 951 ἐπὶ
3730 898 3795 950 τὸ

2190 984 2510 1057 πλημμελὲς
2532 985 2939 1059 ὀλισθήσαντος,
2968 984 3406 1058 ύπαμειφθέντος
3427 988 3484 1041 δὲ
3516 988 3663 1042 κατὰ
3686 988 3796 1059 τὴν

2190 1076 2510 1132 ἀκολουθίαν
2546 1079 2646 1150 τῆς
2679 1077 2916 1149 φύσεως,
2954 1078 3049 1131 καὶ
3085 1077 3182 1131 τοῦ
3224 1080 3641 1151 μεμολυσμένον
3691 1082 3795 1134 κα)⁸

2190 1166 2282 1221 τοῦ
2306 1166 2607 1240 ἀμολύντου
2653 1167 2925 1240 σώματος,
2957 1169 3052 1222 καὶ
3082 1168 3210 1241 μήθ’
3233 1170 3547 1243 έτέρου(54)
3579 1170 3793 1225 τούτων

2192 1259 2269 1322 εἰς
2306 1258 2368 1310 τὸ
2405 1258 2649 1330 διηνεκὲς
2701 1260 3098 1333 ὲξαρκέσαντος
3125 1300 3139 1324 ,
3194 1262 3344 1313 ποῖον
3378 1260 3458 1331 τῷ
3497 1260 3791 1331 ἀκολάστῳ

2195 1348 2353 1420 σῶμα
2391 1350 2914 1422 συγκολασθήσεται,
2969 1351 3029 1405 τὸ
3080 1351 3347 1423 ρικνωθὲν
3404 1352 3463 1404 ἐν
3511 1352 3591 1423 τῷ
3634 1354 3793 1425 γήρᾳ

2192 1440 2329 1513 πρὸς
2348 1440 2427 1511 τῷ
2448 1440 2698 1513 θανάτῳ;
2746 1443 2885 1497 Ἀλλ’
2918 1443 3106 1515 ἕτερον
3146 1439 3213 1514 ἦν
3234 1444 3392 1498 τοῦτο
3417 1444 3569 1516 παρὰ
3594 1444 3656 1497 τὸ
3686 1446 3795 1517 τὴν

2191 1526 2470 1604 ἁμαρτίαν
2507 1536 2973 1607 κατειργασμένον
3019 1537 3157 1610 (55),
3206 1538 3323 1592 ἀλλ’
3372 1538 3510 1608 ὅπερ
3538 1554 3790 1608 κατεμο-

2191 1622 2356 1694 λύνθη
2383 1622 2460 1695 τῷ
2493 1623 2689 1695 πάθει;
2721 1625 2814 1679 καὶ
2843 1628 2947 1682 ποῦ
2980 1630 3009 1683 ό
3031 1629 3379 1700 πρεσϐύτης;
3410 1630 3483 1682 ’Ἡ
3526 1628 3634 1700 γὰρ
3680 1628 3789 1681 οὐκ

505 1691 716 1772 natura:
771 1715 1240 1782 vicissitudinem,
1288 1691 1404 1770 tum
1440 1715 1807 1786 inquinatum,
1870 1691 2088 1773 lum-ab

2197 1691 2566 1788 ἀναστήσεται
2614 1691 2789 1784 οὗτος,
2824 1720 2918 1773 καὶ
2947 1720 3049 1774 οὐκ
3077 1691 3676 1792 ένεργδςνή-ἀνάστασις
3697 1736 3711 1752 ο
3744 1720 3783 1791 ἢ

506 1807 889 1879 inquinatione
926 1823 1160 1864 vacuum
1223 1822 1426 1879 corpus
1464 1808 1811 1864 immutatum
1873 1806 2038 1862 fuerit
2070 1822 2085 1873 ;

505 1908 560 1956 et
600 1907 857 1957 neutrum
897 1900 1094 1955 horum
1149 1898 1204 1953 in
1275 1908 1597 1971 perpetuum
1671 1899 1951 1957 suffecerit
1999 1907 2086 1953 at-

2193 1801 2347 1870 οὗτος
2373 1806 2753 1878 ἐγερθήσεται,
2782 1811 2875 1865 καὶ
2916 1811 3261 1882 διαφεύξεται
3284 1812 3382 1884 τὴν
3413 1812 3569 1883 δίκην
3598 1813 3782 1866 etii-te-

2194 1898 2469 1969 κείμενος.

505 2006 614 2063 que
659 1991 971 2056 duraverit,
1032 1991 1320 2061 qualenam
1391 2005 1590 2061 corpus
1646 2006 1755 2046 una
1823 2004 1951 2046 eum
2005 1991 2428 2062 intemperante,
2495 1998 2661 2062 atque
2709 1991 3084 2051 ineontmcnte
3137 1996 3433 2065 punietur;
3474 2003 3658 2051 utrum
3722 1994 3779 2050 id

506 2084 652 2157 quod
704 2084 762 2138 in
824 2068 1109 2139 senectute
1147 2080 1311 2135 morti
1359 2081 1599 2137 vicinum
1647 2088 1995 2136 contractum
2030 2089 2086 2137 et
2138 2082 2490 2136 incurvatum
2545 2081 2712 2138 fuerit
2753 2084 2777 2136 ?
2826 2084 2894 2137 At
2969 2085 3071 2140 hoc
3123 2084 3271 2140 aliud
3310 2096 3461 2141 esset
3510 2095 3671 2155 atque
3722 2083 3781 2138 id

506 2175 653 2249 quod
712 2180 996 2245 peccatum
1061 2172 1455 2243 perpetraverit
1494 2185 1565 2227 an
1631 2172 1686 2226 id
1743 2173 1889 2244 quod
1943 2174 2075 2229 vitio
2156 2174 2574 2246 coinquinatum
2616 2172 2920 2230 fuerit?Et
2952 2173 3044 2229 ubi
3091 2176 3305 2231 senex?
3365 2174 3500 2230 Nam
3539 2184 3633 2231 aut
3689 2175 3782 2230 hic

506 2281 617 2324 non
656 2272 930 2335 resurget,
957 2270 1011 2318 et
1039 2262 1377 2318 resurrectio
1416 2277 1527 2317 non
1558 2263 2083 2333 repmsentabitur,
2144 2280 2244 2320 nec
2278 2263 2347 2320 ad
2419 2261 2676 2319 effectum
2724 2264 3064 2331 deducetur,
3135 2266 3232 2322 sed
3289 2266 3535 2323 inetIieax
3604 2266 3709 2322 erit
3755 2284 3773 2331 ε

508 2373 604 2421 aut
636 2339 736 2418 hic
766 2366 1070 2430 resurget,
1133 2365 1189 2415 et
1234 2359 1500 2429 judicium
1554 2374 1617 2414 ac
1677 2373 1893 2430 ptenam
1941 2358 2160 2433 effugiet
2197 2359 2476 2416 obnoxius
2520 2367 2686 2433 atque
2737 2360 3045 2433 subjectus.

574 2502 766 2560 Dicam
820 2501 988 2559 etiam
1060 2498 1267 2571 aliquid
1322 2514 1388 2554 er
1441 2498 1508 2555 iis
1575 2515 1699 2569 qua:
1760 2499 2096 2569 objiciuntur

494 2588 667 2651 nobis
706 2593 775 2649 ab
823 2593 932 2649 illis
965 2592 1058 2663 qui
1096 2591 1240 2647 hanc
1276 2590 1582 2647 doctrinam
1622 2608 1732 2647 non
1766 2592 2094 2663 approbant.

505 2680 674 2750 Nihil,
724 2680 1001 2753 inquiunt,
1058 2694 1127 2735 ex
1164 2678 1413 2749 partibus
1445 2686 1499 2733 et
1538 2679 1803 2735 membris
1844 2679 2093 2750 corporis

507 2777 744 2832 otiosum
787 2781 845 2830 et
891 2773 1010 2829 sine
1036 2771 1222 2841 aliquo
1244 2770 1421 2825 cilicio
1459 2779 1623 2841 atque
1644 2787 1745 2826 usu
1794 2781 1990 2827 natura
2016 2770 2095 2826 fe-

508 2866 603 2921 cit.
656 2863 793 2919 Nam
851 2862 957 2918 alia
1001 2860 1220 2933 quidem
1270 2861 1487 2916 vivendi
1545 2876 1768 2916 causam
1822 2864 1876 2917 in
1933 2863 2094 2919 nobis

510 2975 577 3019 ac
629 2956 741 3013 vim
780 2956 1083 3022 continent,
1123 2954 1245 3010 sine
1300 2953 1503 3023 quibus
1543 2952 1659 3009 fieri
1705 2968 1816 3010 non
1868 2963 2092 3025 potest,

512 3061 573 3111 ut
612 3053 723 3110 vita
770 3062 935 3121 quam
973 3046 1028 3101 in
1076 3058 1244 3100 carne
1305 3044 1663 3116 transigimus
1705 3047 2007 3104 consistat:
2043 3056 2101 3103 ut

510 3161 628 3213 cor,
682 3143 881 3215 jecur,
935 3136 1255 3202 cerebrum,
1316 3137 1526 3208 pulmo,
1584 3148 1796 3205 venter,
1864 3148 1919 3196 et
1974 3141 2102 3197 reli-

511 3254 622 3312 qua
656 3236 913 3303 viscera;
946 3231 1050 3287 alia
1082 3244 1214 3287 vero
1275 3229 1548 3287 sentiendi
1599 3232 1773 3287 motui
1814 3233 2101 3289 destinata

512 3338 678 3402 atque
714 3324 977 3383 attributa
1010 3329 1178 3389 sunt;
1242 3320 1348 3376 alia
1389 3320 1519 3376 item
1566 3321 1760 3392 agendi
1819 3337 1885 3378 ac
1922 3332 2101 3381 trans-

511 3421 674 3478 eundi
713 3418 891 3475 oﬂicio
919 3417 1242 3487 funguntur;
1270 3413 1373 3469 alia
1413 3414 1543 3469 item
1585 3414 1651 3469 ad
1693 3416 2099 3474 successionem

510 3522 857 3585 posterorum
913 3509 1108 3566 idonea
1145 3514 1309 3576 atque
1376 3507 1791 3563 accommodata
1829 3521 1975 3565 sunt.
2040 3508 2100 3565 Si

511 3608 677 3679 igitur
716 3620 813 3675 per
868 3602 1057 3657 eadem
1096 3597 1318 3669 quidem
1377 3596 1537 3655 nobis
1589 3599 1745 3665 vita,
1784 3616 1905 3672 quae
1973 3611 2097 3672 post

512 3699 617 3752 hac
658 3696 783 3761 erit,
822 3690 1203 3751 excercebitttr
1236 3697 1402 3760 atque
1435 3688 1801 3763 transigetur,
1863 3693 1932 3749 ad
1960 3695 2098 3749 nihil

515 3788 788 3842 traduaio
843 3794 1006 3853 atque
1061 3780 1368 3837 immutatio
1410 3784 1511 3845 lit;
1573 3782 1660 3837 sin
1732 3790 1913 3838 autem
1971 3800 2099 3840 vera

513 3888 600 3934 est
648 3876 826 3931 oratio
857 3877 874 3946 (
900 3882 958 3930 ut
989 3874 1248 3930 nimirum
1281 3881 1408 3926 vera
1442 3873 1571 3941 est)
1623 3888 1746 3943 quae
1785 3888 1961 3944 neque
1985 3891 2102 3930 ma-

516 3968 834 4024 trimonium
882 3966 937 4019 in
1003 3979 1069 4020 ea
1110 3963 1218 4019 vita
1270 3978 1392 4034 quae
1430 3964 1892 4021 resurrectionem
1943 3982 2101 4022 exce-

523 4070 683 4133 ptura
730 4059 802 4117 sit
833 4058 1068 4128 amplius
1118 4056 1296 4112 locum
1340 4048 1554 4111 habere
1600 4055 1870 4124 allirmat,
1923 4074 2100 4128 neque

517 4155 643 4209 cibo
679 4167 744 4209 ac
776 4150 998 4222 potione
1045 4163 1165 4205 eam
1205 4149 1369 4203 vitam
1419 4162 1541 4217 quae
1608 4155 1741 4203 tunc
1781 4147 1966 4204 futura
2027 4152 2100 4205 sit

522 4242 877 4301 conservari:
916 4242 1040 4312 quis
1089 4240 1196 4296 erit
1236 4255 1371 4295 usus
1399 4239 1650 4313 corporis
1688 4241 1946 4311 partium,
1969 4256 2095 4296 cum

519 4353 625 4392 non
684 4335 920 4406 amplius
972 4348 1037 4388 ea
1100 4339 1322 4403 propter
1361 4345 1483 4402 quae.
1536 4345 1687 4387 nunc
1725 4332 1967 4388 membra
1998 4332 2096 4388 ha-

518 4427 708 4481 bemus
757 4393 853 4495 μει-
906 4423 1054 4477 illam
1100 4393 1276 4480 vitam
1307 4393 1601 4492 sperentur
1638 4423 1663 4475 2
1717 4421 1855 4478 Nam
1900 4423 1946 4480 si
2000 4440 2098 4479 nu—
2129 4393 2171 4449 θ

517 4518 758 4587 ptiarqu
801 4530 970 4570 causa
1031 4521 1162 4569 sunt
1192 4528 1257 4570 ea
1311 4513 1580 4578 membra,
1626 4529 1750 4585 quae
1777 4512 1843 4569 ad
1903 4517 2095 4570 matri-

520 4608 763 4662 monium
801 4606 1097 4676 pertinent,
1127 4618 1251 4657 cum
1281 4604 1482 4673 nuptiae
1537 4617 1643 4658 non
1694 4602 1930 4670 fuerint,
1961 4606 2095 4660 nihil

517 4715 657 4770 opus
695 4697 961 4753 habemus
1013 4695 1081 4749 iis
1129 4709 1250 4765 quae
1307 4694 1374 4749 ad
1415 4693 1538 4749 illas
1587 4701 1777 4764 parata
1815 4703 1967 4751 sunt.
2002 4696 2096 4752 Sic

511 4792 583 4847 ad
617 4805 755 4861 opus
792 4803 1010 4855 manus,
1052 4785 1120 4842 ad
1185 4800 1408 4842 cursum
1464 4784 1650 4855 pedes,
1694 4785 1761 4840 ad
1819 4788 2090 4857 sumptio-

582 4985 703 5067 (ἓῖὶ
745 4984 1075 5067 ᾉαξβινᾴς·
1116 4983 1159 5066 ιέ
1188 4982 1507 5067 ἀλγηξάνξξς·
1566 5051 1577 5067 .

590 5052 709 5129 (28)
741 5052 951 5129 ζειῦτα.
983 5052 1227 5129 Αταῦτα
1256 5052 1367 5129 καί.
1412 5052 1455 5106 Β
1482 5052 1707 5116 ταύτας.

610 5125 703 5196 29)
738 5125 1081 5196 Ἐκατέρῳν.
1114 5128 1155 5178 Α
1179 5125 1465 5196 ἑκάτερον.

613 5132 681 5183 29
738 5132 1081 5195 Ἐκατέρων.
1114 5132 1155 5178 A
1179 5132 1465 5196 ἑκάτερον.

613 5132 704 5270 50)
729 5196 910 5270 ΠειρᾴΔ
922 5194 1056 5262 τήν.
1082 5196 1211 5270 A_in
1242 5194 1488 5270 margine
1516 5194 1647 5263 περὶ
1672 5194 1793 5265 τήν.

590 5264 704 5339 (51)
741 5264 827 5321 Td
848 5266 1103 5339 δίκαιον.
1210 5265 1300 5339 τὸν
1324 5264 1552 5339 δέκαιον.

590 5334 703 5409 (52)
732 5340 801 5393 Ἢ
829 5338 957 5394 τοῦ.
983 5336 1054 5409 ΑΒ.
1089 5337 1138 5389 εἰ
1160 5336 1253 5390 ἐπὶ
1275 5334 1394 5409 τού.

749 5406 1233 5476 Ἐκκαθὰραντος.
1264 5404 1783 5477 Αηὲκκαθήραντος.

613 5476 701 5543 54)
726 5478 877 5545 Μήθ’
906 5478 1129 5545 ἐτέρου.
1162 5477 1220 5530 Β.
1256 5476 1381 5547 μηδ’
1404 5476 1612 5547 ἐτέρου.

590 5548 704 5618 (55)
727 5549 1265 5618 Καϐειραασμένον.
1297 5549 1342 5599 Α
1367 5547 1864 5616 κατεργασάμενον.

614 5618 704 5689 56)
740 5619 1019 5689 amatr-2A
1062 5620 1117 5671 in
1146 5619 1395 5689 margine
1426 5620 1609 5686 φασίν.

616 5686 706 5758 57)
733 5689 855 5743 Διά.
894 5690 938 5740 Α
960 5686 1002 5741 Β
1032 5688 1128 5756 τὴν
1162 5687 1273 5743 διά.

2268 2499 2426 2555 Εἴπω
2458 2516 2514 2554 τι
2554 2498 2651 2553 καὶ
2700 2499 2829 2554 άλλο
2869 2500 2979 2554 τῶν
3012 2500 3433 2573 προφερομένων
3466 2502 3599 2573 ἡμῖν
3624 2497 3780 2571 παρὰ

2193 2592 2303 2648 τῶν
2356 2592 2419 2646 ού
2469 2590 2803 2662 δεδεγμένων
2849 2591 2945 2645 τὸν
2990 2591 3167 2662 λόγον.
3211 2577 3400 2657 Ούδὲν,
3436 2593 3599 2662 φησὶν
3640 2592 3775 2664 (56),

2194 2684 2478 2756 ἄπρακτον
2495 2682 2607 2737 τῶν
2633 2684 2689 2735 έν
2715 2681 2794 2754 τῷ
2824 2682 3037 2753 σώματι
3072 2682 3276 2755 μορίων
3298 2683 3507 2756 ἡφύσις
3531 2683 3774 2754 ἐποίησε.

2194 2768 2277 2823 Τὰ
2306 2769 2409 2840 μὲν
2437 2768 2545 2840 γὰρ
2560 2769 2662 2840 τὴν
2689 2769 2786 2823 τοῦ
2832 2770 2933 2841 ζῇν
2970 2771 3149 2825 αἰτίαν
3189 2772 3283 2826 καὶ
3306 2772 3535 2843 δύναμιν
3563 2774 3622 2826 ἐν
3645 2775 3776 2843 ἡμῖν

2198 2857 2337 2930 ἔχει,
2351 2853 2426 2914 ὧν
2440 2859 2569 2914 ἄνευ
2588 2860 2847 2931 συστῆναι
2861 2860 2949 2914 διὰ
2959 2861 3073 2932 (57)
3092 2861 3294 2933 σαρκὸς
3310 2862 3454 2934 ζωὴν
3468 2861 3625 2934 ήμῶν
3641 2865 3775 2935 (58),

2199 2951 2301 3006 οὐκ
2333 2948 2780 3023 ὲνδέχεται,οἷον,
2825 2952 3041 3024 καρδία,
3066 2949 3242 3027 ἧπαρ,
3275 2955 3592 3025 ἐγκέφαλος,
3625 2955 3779 3009 πνεύο

2205 3061 2343 3116 μων,
2361 3045 2594 3116 γαστὴρ,
2627 3045 2721 3100 κα)⁸
2745 3045 2814 3099 τὰ
2859 3045 3021 3099 λοιπά
3060 3046 3344 3117 σπλάγχνα
3366 3064 3380 3079 θ
3407 3047 3478 3100 τὰ
3508 3047 3563 3101 δὲ
3598 3050 3665 3119 τῇ
3694 3049 3779 3102 αξ-

2168 3208 2175 3211 “
2202 3135 2433 3208 σθητικῇ
2459 3138 2669 3208 κινήσει
2707 3137 3161 3210 ἀποκεκλήρωται
3181 3155 3198 3171 ⁸
3222 3139 3292 3192 τὰ
3313 3138 3369 3192 δὲ
3389 3142 3488 3210 τῆς
3519 3156 3776 3207 παρεκτε-

2201 3229 2305 3299 κῆς
2335 3230 2444 3300 (59)
2474 3230 2569 3283 καὶ
2599 3229 2971 3302 μεταϐατικῆς
2999 3230 3279 3300 ἐνεργείας
3333 3231 3501 3284 ἐστίν·
3551 3231 3686 3286 ἄλλα
3722 3232 3778 3285 δὲ

2201 3320 2340 3391 πρὸς
2358 3320 2457 3391 τὴν
2481 3320 2732 3393 διαδοχὴν
2747 3320 2856 3374 τῶν
2881 3321 3275 3391 ἐπιγινομένων
3299 3321 3617 3392 ἐπιτηδείως
3643 3322 3774 3392 ἔχει.

2201 3411 2262 3464 Ei
2295 3411 2396 3481 μὲν
2446 3406 2540 3466 οὖν
2588 3413 2647 3466 έν
2698 3414 2811 3476 τοῖς
2857 3412 3041 3476 αὐτοῖς
3063 3413 3195 3484 ήμτν
3220 3415 3250 3467 ό
3286 3411 3424 3484 μετὰ
3457 3412 3628 3467 ταῦτα
3666 3412 3778 3483 βίος

2201 3502 2375 3566 ἔσται,
2409 3503 2547 3575 πρὸς
2572 3504 2726 3559 οὐδὲν
2746 3505 2781 3576 ή
2803 3505 3131 3576 μετάστασις
3153 3504 3393 3573 γίνεται·
3427 3504 3547 3558 εἰδὲ
3574 3504 3777 3576 ἀληθὴς

2199 3596 2228 3647 ό
2250 3595 2405 3663 λόγος
2430 3595 2644 3667 (ὥσπερ
2674 3591 2767 3651 οὖν
2794 3597 2940 3650 ἐστιν
2970 3595 3217 3668 ἀληθὴς),
3251 3598 3280 3650 ό
3312 3596 3449 3669 μήτε
3473 3596 3650 3666 γάμον
3677 3598 3776 3666 ἐμ-

2206 3686 2586 3740 πολιτεύεσθαι
2618 3686 2696 3759 τῷ
2729 3686 2867 3759 μετὰ
2894 3687 2992 3759 τήν
3020 3688 3317 3742 ἀνάστασιν
3348 3688 3450 3759 βίῳ
3474 3687 3777 3758 διοριζόμε-

2202 3794 2309 3841 νος,
2340 3780 2475 3849 μήτε
2502 3778 2592 3832 διὰ
2626 3778 2880 3851 βρώσεως
2907 3781 3002 3833 καὶ
3030 3780 3246 3844 πόσεως
3273 3779 3372 3850 τὴν
3401 3780 3521 3833 τότε
3548 3780 3775 3850 διακρα-

2200 3868 2407 3923 τεῖσθαι
2434 3867 2602 3942 ζωὴν,
2623 3870 2707 3935 τίς
2734 3870 2883 3924 ἔσται
2912 3871 3107 3942 χρῆσις
3136 3871 3245 3924 τῶν
3278 3870 3458 3943 μερῶν
3480 3870 3574 3925 τοῦ
3596 3870 3777 3941 σώμα-

2201 3977 2313 4024 τος,
2334 3961 2517 4014 οὐκέτι
2540 3961 2650 4015 τῶν
2674 3961 2740 4015 δι’
2772 3961 2809 4016 ἃ
2843 3960 2938 4035 νῦν
2966 3962 3081 4014 ἐστι
3104 3961 3173 4016 τὰ
3197 3961 3331 4032 μέλη
3358 3961 3499 4016 κατὰ
3519 3960 3616 4032 τὴν
3632 3962 3776 4032 ζωὴν

2200 4051 2413 4122 ἐκείνην
2428 4052 2795 4123 ἐλπιζομένων
2813 4070 2829 4118 ;
2858 4054 2921 4106 Et
2943 4052 3051 4124 γὰρ
3066 4051 3160 4105 τοῦ
3181 4051 3359 4122 γάμου
3373 4052 3533 4122 χάριν
3550 4052 3620 4105 τὰ
3639 4052 3777 4122 πρὸς

2197 4144 2290 4198 τὸν
2325 4144 2503 4215 γάμον
2549 4145 2666 4199 ἐστὶ
2723 4145 2860 4217 μέλη
2892 4146 3027 4214 (ιθ),
3052 4146 3180 4198 ὅταν
3218 4144 3330 4213 (ﬂ)
3357 4144 3566 4207 ἐκεῖνος
3602 4144 3677 4216 μή
3713 4140 3774 4218 ᾖ,

2196 4236 2318 4290 οὐδὲ
2353 4235 2462 4292 τῶν
2487 4237 2623 4309 πρὸς
2656 4239 2861 4291 ἐκεῖνον
2884 4237 2995 4308 (l2)
3025 4235 3268 4307 δεόμεθα.
3301 4233 3459 4291 Οὕτω
3504 4235 3616 4306 (45)
3641 4236 3777 4308 πρὸς

2197 4327 2259 4380 τὸ
2280 4326 2440 4399 ἔργον
2457 4330 2515 4383 al
2547 4331 2745 4400 χεῖρες,
2784 4328 2880 4383 καὶ
2900 4329 3038 4400 πρὸς
3062 4328 3152 4382 τὸν
3179 4327 3375 4400 δρόμον
3399 4330 3447 4381 οἱ
3469 4328 3648 4392 πόδες,
3683 4329 3776 4382 καὶ

2204 4420 2340 4491 πρὸς
2373 4419 2474 4491 τὴν
2523 4421 2836 4493 παραδοχὴν
2870 4420 2982 4491 (44)
3020 4420 3130 4474 τῶν
3158 4419 3341 4474 σιτίων
3369 4419 3431 4473 τὸ
3465 4421 3661 4491 στόμα,
3683 4423 3776 4476 καὶ

2204 4515 2255 4567 el.
2285 4514 2495 4579 ὀδόντες
2525 4515 2663 4586 πρὸς
2682 4514 2778 4586 τὴν
2796 4515 2895 4586 τῆς
2931 4515 3140 4585 τροφῆς
3168 4513 3491 4585 ὑπηρεσίαν,
3521 4513 3615 4567 καὶ
3639 4515 3773 4585 πρὸς

2202 4604 2302 4677 τὴν
2337 4606 2500 4677 πέψιν
2528 4606 2597 4660 τὰ
2620 4607 2923 4676 σπλάγχνα,
2972 4607 3066 4659 καὶ
3089 4606 3227 4677 πρὸς
3250 4605 3349 4676 τὴν
3384 4604 3648 4675 ἀποϐολὴν
3669 4605 3775 4657 τῶν

2202 4696 2611 4767 ἁχρειωθέντων
2633 4698 2683 4749 οἱ
2708 4697 2939 4763 ὲξοδικοὶ
2964 4697 3078 4766 (45)
3096 4695 3205 4749 τῶν
3227 4695 3410 4766 πόρων
3451 4695 3581 4765 (46).
3611 4695 3776 4748 Ὅταν

2198 4784 2292 4843 οὖν
2319 4788 2432 4859 (47)
2478 4789 2660 4844 ὲκείνα
2702 4790 2777 4863 μὴ
2802 4786 2860 4863 ᾗ,
2886 4792 2956 4845 τὰ
2971 4791 3038 4845 δι’
3069 4792 3253 4844 ἐκεῖνα
3275 4785 3535 4859 γινομένα
3597 4787 3710 4852 πῶς
3740 4788 3776 4860 ἢ

2275 4987 2392 5059 (ss)
2433 4986 2641 5058 Ἠμῶν.
2674 4987 2829 5044 Delet
2855 4988 2918 5042 Β.

2294 5054 2384 5130 59)
2418 5054 2816 5130 Πᾴρεκτικῆς.
2853 5059 2898 5130 Α
2922 5059 2976 5130 B_
3002 5054 3334 5130 πρακτικῆς.

2293 5128 2385 5196 40)
2414 5127 2602 5196 Mein.
2651 5128 2843 5184 Delent
2872 5129 2917 5183 A
2946 5127 3008 5182 Β.

2291 5197 2383 5253 Μ)
2417 5197 2585 5252 Οὐδέ.
2616 5200 2660 5251 Α
2693 5197 2864 5253 οὐδέν.
3180 5239 3196 5252 .

2295 5264 2384 5323 42)
2431 5267 2719 5323 Ἐκεῖνον.
2753 5269 2795 5322 Α
2833 5268 2873 5321 Β
2905 5270 3106 5323 έκεῖνο.

2296 5338 2385 5407 45)
2422 5338 2608 5392 Οὕτω.
2652 5339 2696 5392 Α
2722 5338 2762 5391 Β
2790 5339 2934 5392 οὕτω
2961 5339 3074 5391 καί.

2296 5342 2385 5407 45)
2422 5342 2608 5392 Οὕτω.
2652 5342 2696 5392 Α
2722 5342 2762 5391 Β
2790 5342 2934 5392 οὕτω
2961 5342 3074 5391 καί.

2271 5342 2386 5477 (2M)
2420 5408 2799 5477 Παραδοχήν.
2845 5408 2885 5460 Β
2908 5407 3293 5478 παραδρομὴν.

2277 5478 2389 5547 (45)
2436 5478 2739 5541 Ἐξοδικοί.
2777 5478 2820 5530 Α
2852 5480 2892 5529 Β
2914 5478 3230 5545 διεξοδικόν.

2278 5547 2394 5617 (Mi)
2428 5550 2656 5618 llépwr.
2692 5550 2730 5602 Β
2762 5549 3001 5618 πόρνων.

2277 5613 2391 5688 (47)
2430 5613 2572 5672 Οὖν.
2606 5619 2755 5673 Delt't
2786 5613 2841 5672 Β.
