3990 6202
282 300 392 358 185

1370 296 1464 356 DE
1494 296 1711 357 ANIMA
1750 298 1839 359 ΕΤ
1879 300 2483 364 RESURRECTIONE.

3467 309 3567 363 “6

283 412 435 485 ὗπὶρ
459 411 601 477 τίνος
652 411 829 477 ἔσται,
874 411 951 476 ὠς
979 410 1226 483 ἀνάγκην
1254 405 1414 479 εῖναι,
1446 416 1495 468 εί
1520 415 1620 486 μὲν
1648 414 1761 488 (48)
1790 416 1874 489 είη

1992 432 2105 473 nem
2140 419 2391 475 ciborum
2425 434 2523 485 os,
2565 416 2759 475 dentes
2786 416 2854 473 ad
2896 418 3260 477 ministerium
3299 420 3567 484 alimenti,

279 504 524 576 περιττά
552 502 622 557 τά
646 503 876 576 σώματα
913 503 1055 577 πρὸς
1078 503 1233 559 οὐδὲν
1265 504 1401 576 πρὸς
1436 506 1536 578 τὴν
1562 506 1707 579 ζωὴν
1735 508 1877 561 ὲκεί-

282 615 392 669 νην
420 598 697 668 συνεργεῖν
732 596 1015 667 μέλλοντα,
1056 598 1193 676 μηδὲ
1222 596 1337 670 (49)
1378 593 1518 653 εἶναί
1547 618 1601 654 τι
1633 601 1740 656 τῶν
1762 600 1877 672 (50)

282 689 385 744 νῦν
406 687 869 759 συμπληρούντων
894 688 1027 759 ἡμῖν
1056 687 1170 759 (51)
1199 689 1262 742 τὸ
1282 688 1442 761 σῶμα
1467 690 1549 758 (ὲν
1565 690 1745 755 ἀλλοις
1766 690 1877 761 γάρ

283 782 320 853 ἠ
352 779 510 852 ζωὴ),
540 780 637 833 καὶ
693 778 880 833 οὐκέτι
907 778 1023 850 (52)
1047 778 1107 833 τὸ
1142 778 1385 834 τοιοῦτον
1425 781 1723 836 ἀνάστασιν
1755 783 1874 835 ὀνο-

285 874 502 945 μάσειε,
531 871 644 927 τῶν
677 871 802 927 καθ’
824 871 1058 927 ἕκαστον
1089 870 1268 943 μελῶν
1294 872 1383 927 διὰ
1413 873 1511 945 τὴν
1543 874 1728 948 ἐκείνῃ
1759 873 1873 946 (53)

280 970 353 1038 τῇ
391 965 507 1036 ζωῇ
542 964 848 1035 ἀχρηστίαν
885 963 948 1017 οὐ
995 963 1470 1035 συνανισταμένων
1506 962 1585 1036 τῷ
1629 962 1873 1037 σώματιά

285 1060 350 1113 Et
372 1058 535 1112 δὲδιά
557 1057 775 1112 πάντων
795 1055 949 1111 ἔσται
970 1055 1178 1111 τούτων
1196 1056 1431 1129 ἐναργὴς
1450 1057 1564 1127 (54)
1586 1057 1618 1128 ἡ
1640 1057 1873 1112 ἀνάστα-

288 1166 399 1213 σις,
438 1147 643 1219 μάταια
680 1149 815 1218 ἡμῖν
846 1146 942 1200 καὶ
965 1146 1202 1219 ἀνόνητα
1242 1132 1361 1219 (55)
1419 1146 1555 1219 πρὸς
1599 1146 1697 1219 τὴν
1728 1147 1876 1221 ζωὴν

287 1242 509 1313 ἐκείνην
533 1241 974 1313 δημιουργήσειό
999 1240 1238 1313 ἐνεργῶν
1268 1241 1366 1311 τὴν
1383 1240 1700 1299 ἀνάστασιν.
1716 1241 1876 1296 ’Λλλά
1908 1284 1911 1287 .

290 1334 401 1405 μὴν
423 1333 518 1388 καὶ
565 1328 706 1387 εἶναι
736 1330 1016 1385 πιστεύειν
1052 1330 1157 1403 χρὴ
1198 1330 1295 1402 τὴν
1325 1329 1641 1396 ἀνάστασιν,
1675 1332 1771 1389 καὶ
1800 1331 1875 1405 μὴ

292 1427 531 1498 ματαίαν
552 1421 715 1482 εἶναι.
731 1423 945 1479 Οὐκοῦν
968 1423 1297 1496 προσεκτέον
1316 1423 1394 1495 τῷ
1419 1424 1583 1495 λόγῳ,
1596 1425 1744 1489 ὅπως
1761 1425 1875 1495 (56)

288 1512 359 1567 ἀν
407 1514 538 1584 ἡμῖν
574 1512 664 1567 διὰ
695 1511 918 1567 πάντων
948 1514 1008 1567 ὲν
1036 1510 1114 1584 τῷ
1148 1511 1379 1584 δόγματι
1409 1513 1469 1567 τὸ
1504 1512 1649 1578 είκὺς
1675 1514 1875 1572 διασώ⁴

291 1603 463 1668 ζοιτο.
1489 1599 1496 1605 ’

1978 509 2049 565 ad
2106 511 2521 567 concoctionem
2570 518 2739 582 atque
2791 509 3157 582 digestiouem
3204 511 3419 568 viscera
3451 552 3468 579 ,
3513 518 3570 568 et

1975 602 2044 657 ad
2109 603 2462 674 rejectionem
2494 611 2551 660 et
2597 603 2971 662 excretionem
3030 621 3223 663 eorum
3274 622 3397 678 qua:
3441 621 3571 662 cor-

1971 702 2132 765 rupta
2189 704 2354 766 atque
2398 695 2614 751 inutilia
2658 695 2805 752 facta
2882 706 3058 766 sunt,
3100 708 3312 755 meatus
3358 699 3436 755 illi
3469 713 3567 770 per

1970 802 2110 858 quos
2158 798 2446 846 transeunt
2501 797 2556 845 et
2609 799 3002 847 excernuntur.
3077 791 3215 847 Cum
3264 792 3432 862 igitur
3469 792 3555 846 illa

1970 895 2082 935 non
2115 879 2321 936 fuerint
2361 896 2426 938 ea
2482 898 2607 953 quae
2638 891 2865 956 propter
2904 883 2999 938 illa
3053 883 3198 938 facta
3258 891 3408 949 sunt,
3429 898 3542 954 quo

1970 968 2139 1025 modo
2166 969 2395 1042 cuiusve
2428 971 2603 1041 gratia
2627 980 2821 1036 erunt,
2863 981 2923 1027 ut
2959 986 3185 1029 necesse
3230 971 3324 1037 sit,
3377 970 3427 1026 si
3457 970 3570 1041 qui-

1971 1060 2095 1117 dem
2135 1060 2285 1120 circa
2308 1076 2509 1133 corpus
2557 1077 2671 1117 non
2709 1062 2914 1120 fuerint
2943 1078 3007 1119 ea
3030 1102 3046 1128 ,
3073 1079 3196 1134 qua:
3225 1062 3364 1118 nihil
3411 1062 3575 1132 adju-

1972 1151 2141 1207 menli
2188 1152 2259 1210 iis
2310 1168 2431 1224 qua:
2463 1153 2532 1207 ad
2571 1154 2724 1208 illam
2772 1153 2939 1209 vitam
3000 1154 3278 1225 pertinent
3331 1153 3570 1209 allatura

1974 1243 2104 1308 sint,
2158 1244 2295 1300 nihil
2340 1245 2459 1303 fore
2489 1262 2679 1302 eorum
2721 1261 2843 1317 qua:
2888 1261 3094 1316 corpus
3147 1256 3395 1303 nostrum
3425 1260 3574 1301 nunc

1981 1334 2329 1389 constituunt
2372 1346 2427 1391 et
2481 1337 2759 1408 complent
2793 1337 2812 1407 (
2844 1337 2899 1391 in
2949 1337 3078 1392 aliis
3125 1336 3276 1392 enim
3319 1336 3433 1392 vita
3489 1334 3575 1390 fu-

1982 1427 2169 1497 erit),
2203 1427 2368 1497 idque
2415 1444 2524 1482 non
2554 1429 2792 1500 amplius
2863 1430 3064 1501 aliquis
3111 1428 3571 1484 resurrectionem

1984 1520 2405 1588 nominaverit,
2448 1536 2574 1577 cum
2658 1522 2959 1593 singularia
3025 1538 3259 1591 qumque
3326 1521 3574 1576 membra

1986 1619 2208 1682 pr0pter
2248 1627 2440 1668 eorum
2481 1616 2538 1669 in
2588 1614 2679 1668 illa
2727 1614 2839 1669 vita
2877 1612 3257 1676 inutilitatem,
3325 1626 3435 1666 non
3466 1626 3575 1666 una

291 1709 423 1750 cum
497 1708 741 1765 corpore
806 1694 1142 1765 resurgant?
1210 1693 1308 1749 Sin
1390 1702 1570 1751 autem
1628 1710 1754 1767 per-
1793 1697 1909 1753 lucc
1976 1703 2159 1757 omnia
2216 1705 2553 1761 resurrectio
2637 1705 3153 1777 repraesentabitur,
3229 1713 3286 1761 et
3348 1718 3575 1761 exerceo

293 1789 476 1851 hitur,
510 1802 650 1844 vana
702 1789 861 1845 nobis
914 1796 970 1844 et
1009 1788 1225 1843 inutilia
1290 1788 1358 1845 ad
1415 1789 1564 1845 illam
1620 1792 1784 1846 vitam
1841 1796 2152 1864 procreauit
2213 1797 2261 1854 is
2311 1799 2405 1869 qui
2471 1786 2934 1856 resurrectionem
2989 1804 3213 1853 exercet
3274 1801 3438 1867 atque
3488 1810 3577 1850 reo

261 1873 617 1954 'praesentat.
690 1882 857 1953 Atqui
910 1888 966 1937 et
1003 1896 1129 1938 esse
1185 1881 1647 1938 resurrectionem
1694 1891 1749 1939 et
1782 1900 1889 1940 non
1934 1885 2132 1943 frustra
2186 1904 2306 1944 eam
2383 1906 2508 1947 esse
2548 1889 2774 1947 credere
2827 1897 3063 1961 oportet.
3142 1886 3577 1959 Ergo-orationi

293 1976 587 2048 diligenter
643 1974 865 2031 animus
915 1971 1282 2029 attendendus
1345 1973 1452 2029 erit
1486 2015 1501 2039 ,
1551 1988 1662 2045 quo
1725 1989 1822 2045 per
1896 1979 2086 2035 omnia
2145 1981 2302 2037 nobis
2362 1983 2417 2036 iu
2469 1982 2573 2039 hac
2630 1981 2904 2038 sententia
2957 1995 3102 2050 aque
3177 1976 3429 2034 doctrina
3494 1974 3571 2045 id,

297 2067 452 2139 quod
513 2065 794 2137 probabile
842 2073 899 2121 et
967 2070 1404 2120 consentaneum
1461 2072 1588 2132 est,
1652 2076 2035 2125 conservetur.

386 2155 435 2208 Μ
447 2200 460 2211 .
485 2156 646 2225 Ἑμοῦ
660 2156 717 2209 δὲ
730 2154 904 2211 ταῦτα
917 2154 1293 2221 διεξελθόντος,
1308 2157 1423 2212 Οὐκ
1436 2157 1696 2229 ἀγεννῶς,
1726 2173 1801 2227 φη
1808 2157 1892 2210 civ

2057 2166 2129 2220 Μ.
2149 2166 2243 2223 llis
2261 2182 2291 2221 a
2309 2181 2395 2222 me
2411 2165 2695 2238 expositis,
2717 2169 2942 2242 Egregie
2960 2168 3096 2224 satis
3116 2176 3278 2240 atque
3294 2160 3583 2233 praelate»

297 2257 330 2325 ἡ
356 2250 696 2313 διδάσκαλος,
716 2247 861 2302 κατά
892 2248 992 2319 τὴν
1015 2246 1317 2318 λεγομένην
1347 2244 1642 2318 ῥητορικὴν
1664 2246 1771 2300 τῶν
1797 2248 1895 2319 τῆς

190 2354 199 2359 ’
298 2344 650 2407 ἀναστάσεως
676 2340 962 2411 δογμάτων
992 2339 1461 2410 κατεπεχείρησας
1484 2337 1620 2410 (57),
1648 2338 1893 2403 πιθανῶς

296 2442 411 2502 τοῖς
423 2436 909 2497 ἀνασκευαστικοίς
924 2431 1033 2485 τῶν
1053 2431 1228 2498 λόγων
1247 2431 1307 2484 ὲν
1328 2430 1514 2502 κύκλῳ
1538 2430 1897 2503 περιδραμὼν

294 2534 399 2605 τὴν
431 2529 713 2602 ἀλήθειαν,
768 2526 912 2581 ὥστε
935 2525 1063 2588 τοὺς
1097 2524 1171 2595 μὴ
1201 2523 1323 2578 λίαν
1368 2523 1813 2594 ὲπεσκεμμένους
1836 2522 1897 2576 τὸ

295 2626 399 2695 τῆς
426 2621 684 2694 ἀληθείας
725 2618 1022 2691 μυστήριον
1046 2614 1241 2669 παθεῖν
1270 2614 1336 2687 ἀν
1368 2632 1485 2679 πως
1515 2614 1630 2686 (58)
1662 2614 1724 2668 τὸ
1751 2612 1897 2668 κατά

298 2715 363 2769 τὸ
392 2713 543 2776 είκὸς
575 2711 712 2782 πρὸς
740 2709 833 2763 τὸν
850 2708 1029 2777 λόγον,
1047 2706 1143 2761 κα).
1157 2705 1405 2777 οἰηθῆναι
1425 2705 1499 2778 μὴ
1517 2704 1620 2771 ἔξω
1634 2705 1728 2759 τοῦ
1746 2705 1865 2759 δέον
1883 2736 1893 2744 -

295 2823 395 2871 τος
413 2804 652 2875 ὲπῆχθαι
669 2802 783 2873 (59)
806 2802 917 2864 τοῖς
937 2798 1249 2870 εἰρημένοις
1274 2797 1372 2869 τὴν
1396 2797 1736 2869 ὲπαπόρησιν
1759 2796 1893 2867 (60).

305 2899 465 2969 Ἔχει
497 2895 556 2949 δὲ
582 2895 681 2965 οὐχ
713 2892 879 2957 οὕτω,
911 2890 1154 2962 φησινμὴ
1194 2889 1440 2959 ἀλήθεια,
1479 2887 1585 2942 κᾶν
1614 2878 1897 2951 ἀδυνάτως

300 2992 520 3062 ἔχωμεν
542 2989 606 3042 ὲκ
631 2985 740 3040 τῶν
777 2983 979 3056 ὁμοίων
1000 2979 1443 3054 ἀντιρητορεύειν
1470 2978 1549 3051 τῷ
1576 2978 1743 3050 λόγῳ,
1774 2976 1893 3032 ἀλλ’

299 3085 331 3138 ὁ
359 3082 464 3153 μὲν
486 3078 695 3151 ἀληθὴς
742 3076 875 3150 περ).
902 3076 1107 3130 τούτων
1136 3073 1295 3143 λόγος
1322 3074 1382 3127 ὲν
1408 3074 1523 3137 τοῖς
1558 3070 1901 3143 άποκρύφοις

303 3176 505 3246 σοφίας
539 3173 651 3242 (6i)
678 3172 978 3243 θησαυροῖς
1029 3168 1404 3242 τεταμίευται,
1437 3166 1557 3221 τότε
1588 3167 1669 3231 είς
1690 3167 1753 3221 τὸ
1792 3167 1897 3238 ἐμ-

301 3264 474 3336 φανὲς
497 3262 665 3334 ἥξων,
686 3262 819 3315 ὅταν
835 3260 981 3332 ἔργῳ
994 3260 1057 3313 τὸ
1078 3259 1177 3329 τῆς
1198 3258 1547 3321 ἀναστάσεως
1562 3256 1900 3328 διδαχθῶμεν

306 3357 630 3431 μυστήριον,
664 3354 755 3408 ὅτε
784 3353 967 3407 οὐκέτι
991 3351 1174 3424 δεήσει
1199 3350 1461 3424 ῥημάτων
1485 3352 1619 3421 ἡμῖν
1636 3349 1773 3424 πρὸς
1793 3350 1898 3421 τὴν

304 3446 680 3519 ἐλπιζομένων
708 3444 823 3515 (62)
851 3444 1177 3516 φανέρωσιν.
1240 3442 1380 3496 ’Ᾱλλ⁹
1414 3442 1604 3514 ὥσπερ
1654 3444 1712 3496 ὲν
1744 3441 1901 3496 νυκτὶ

963 3498 1078 3599 τοῖς
1115 3534 1507 3606 διαγρυπνοῦσι
1560 3498 1742 3602 ίόγοις
1783 3533 1895 3604 (65)
1926 3498 1969 3556 c

309 3630 441 3701 περ).
497 3628 596 3699 τῆς
648 3627 742 3680 τοῦ
790 3625 942 3697 ἡλίου
998 3624 1359 3697 λαμπηδόνος,
1397 3624 1485 3678 οἵα
1520 3624 1687 3688 ἐστὶν,
1722 3625 1899 3696 ἀργὴν

308 3725 461 3776 ποιεῖ
478 3720 580 3791 τὴν
600 3720 695 3774 τοῦ
719 3720 879 3789 λόγου
903 3718 1230 3789 ὑπογραφὴν
1254 3717 1592 3789 προφανεῐσα
1613 3716 1775 3788 μόνον
1798 3717 1901 3788 τῆς

305 3818 540 3878 ἀκτῖνος
565 3817 599 3885 ἠ
630 3814 804 3885 χάρις,
845 3813 989 3867 οὓτω
1024 3814 1200 3867 πάντα
1236 3812 1496 3882 λογισμὸν
1533 3811 1901 3887 στοχαστικῶς

306 3912 421 3982 τῆς
456 3905 758 3979 μελλούσης
779 3906 1158 3969 καταστάσεως
1176 3904 1578 3976 ἐφαπτόμενον,
1607 3904 1725 3958 ἀντ’
1756 3902 1908 3958 οὐδε-

307 4002 407 4065 νὸς
430 3998 821 4065 ὑποδείκνυσιν,
854 3998 944 4051 ὅτε
985 3997 1095 4067 (64)
1123 3996 1348 4067 γένηται
1387 3997 1519 4071 ἡμῖν
1560 3997 1617 4049 ὲν
1644 3997 1711 4067 τῇ
1742 3994 1908 4066 πείρᾳ

311 4092 375 4147 τὸ
404 4090 875 4162 προσδοκώμενον.
911 4089 1127 4161 Ἐπειδὴ
1155 4088 1267 4161 (65)
1300 4089 1356 4143 δὲ
1395 4088 1501 4161 χρὴ
1530 4087 1642 4159 (66)
1677 4087 1753 4159 μὴ
1773 4104 1910 4141 παν-

312 4185 555 4238 τάπασιν
616 4180 1003 4247 ἀνεξετάστους
1057 4177 1170 4250 (67)
1216 4178 1442 4264 ὲαθῆναι
1486 4177 1587 4244 τὰς
1653 4177 1911 4232 ἀντυπεν.

315 4272 571 4345 εχθείσας
602 4270 737 4341 ἡμῖν
764 4269 1063 4333 ἐνστάσεις,
1101 4268 1301 4323 οὕτωσ).
1320 4267 1410 4321 τὸν
1428 4266 1558 4340 περὶ
1590 4265 1794 4321 τούτων
1821 4264 1910 4317 λό-

312 4382 411 4434 γον
429 4361 803 4433 διαληῷμεθα
834 4359 970 4434 (68).
991 4360 1200 4430 Νοῆσαι
1232 4359 1339 4432 χρὴ
1377 4358 1594 4430 πρῶτον
1622 4357 1749 4421 τίςό
1778 4373 1908 4411 σκο-

314 4456 419 4522 πὸς
448 4455 543 4510 τοῦ
570 4454 714 4510 κατά
741 4455 842 4527 τὴν
874 4454 1171 4509 ἀνάστασιν
1214 4452 1501 4522 δόγματος,
1524 4450 1618 4507 καὶ
1639 4449 1749 4523 (69)
1782 4448 1907 4504 ὅτου

318 4548 480 4621 χάριν
508 4549 602 4602 καὶ
628 4546 844 4619 εἴρηται
881 4545 1039 4601 τοῦτο
1073 4544 1225 4617 παρά
1256 4547 1356 4616 τῆς
1387 4543 1546 4612 ἁγίας
1576 4541 1761 4613 φωνῆς
1789 4540 1903 4612 (70)

1996 2260 2171 2331 inquit
2218 2262 2518 2331 magistra,“
2548 2277 2644 2333 per
2686 2276 2809 2317 eam
2841 2268 3040 2324 artem,
3075 2272 3199 2329 quae
3224 2258 3467 2313 oratoria
3490 2253 3579 2309 di-

1993 2352 2159 2417 citur,
2211 2352 2537 2408 sententiam
2589 2360 2753 2424 atque
2802 2352 3108 2408 doctrinam
3154 2348 3580 2407 resurrectionis

1994 2459 2288 2515 aggressus
2343 2454 2506 2516 atque
2557 2446 2786 2501 adortus
2833 2460 2915 2509 es,
2971 2440 3437 2513 probabiliterque
3486 2454 3580 2496 re-

1996 2534 2270 2590 futatoriis
2301 2535 2484 2591 verbis
2532 2542 2589 2591 et
2617 2535 2959 2607 argumentis
2993 2533 3240 2603 undique
3291 2532 3583 2587 veritatem

1994 2626 2389 2688 circumeundo
2429 2627 2677 2692 tentasti,
2725 2636 2781 2681 ut
2830 2643 2938 2681 non
2987 2625 3187 2679 mirum
3228 2622 3413 2687 fuerit,
3454 2622 3502 2677 si
3544 2620 3581 2675 ii

1994 2718 2086 2789 qui
2122 2733 2235 2773 non
2262 2719 2557 2774 admodum
2604 2719 2850 2775 veritatis
2894 2717 3215 2789 mysterium
3263 2714 3583 2770 considera-

1997 2817 2113 2865 tum
2141 2817 2309 2881 atque
2341 2818 2691 2882 perspectum
2735 2809 3048 2873 habuerint,
3080 2809 3265 2878 aliquo
3296 2806 3460 2863 modo
3489 2820 3586 2875 per

1996 2903 2103 2958 ista
2146 2902 2313 2958 verba
2364 2910 2531 2973 atque
2588 2909 2908 2973 argumenta
2959 2915 3061 2972 pro
3109 2914 3301 2955 eorum
3330 2896 3587 2969 probabi-

1997 2991 2151 3047 litate
2181 3001 2347 3064 atque
2375 2990 2858 3048 verisimilitudine
2890 2998 3359 3055 commoveantur,
3389 3003 3453 3045 ac
3483 3004 3586 3058 pu-

1998 3091 2114 3139 tent
2156 3099 2264 3140 non
2295 3083 2533 3140 absurde
2567 3097 2745 3153 neque
2781 3082 2881 3138 abs
2904 3098 2963 3136 re
2991 3082 3079 3150 iis,
3104 3097 3227 3152 qua:
3254 3080 3401 3137 dicta
3431 3087 3585 3144 sunt,

1999 3170 2282 3228 inductam
2310 3188 2432 3230 esse
2454 3171 2871 3228 dubitationem.
2905 3169 3127 3227 Veritas
3152 3178 3359 3236 autem,
3386 3170 3581 3240 inquit,

2002 3278 2108 3318 non
2142 3263 2215 3318 ita
2245 3278 2367 3318 sese
2405 3262 2589 3329 habet,
2638 3260 2855 3318 etiamsi
2888 3269 3084 3317 contra
3139 3277 3248 3315 non
3310 3261 3588 3332 possimus

2003 3366 2033 3406 a
2091 3352 2368 3407 similibus
2427 3351 2772 3421 argumentis
2842 3348 3025 3405 cilicio
3076 3351 3316 3407 oratoris
3374 3350 3433 3404 in
3485 3349 3588 3405 hac

2002 3442 2401 3513 disceptatione
2429 3440 2606 3514 fungi,
2659 3440 2755 3498 sed
2788 3455 2915 3497 vera
2962 3441 3184 3511 quidem
3227 3442 3365 3496 ratio
3392 3439 3587 3496 barum

2004 3548 2187 3588 rerum
2235 3531 2287 3586 in
2332 3531 2535 3587 abditis
2573 3538 2628 3586 et
2657 3532 2887 3588 occultis
2939 3531 3266 3601 arcanisque
3308 3529 3589 3600 sapientia:

2002 3624 2282 3681 thesauris
2330 3622 2612 3679 recondita
2659 3631 3045 3688 conservatur,
3080 3633 3229 3680 tunc
3280 3623 3335 3680 in
3391 3638 3579 3695 propa-

2005 3719 2179 3773 tnlum
2222 3725 2278 3773 ct
2306 3723 2554 3790 apertum
2587 3723 2841 3783 ventura,
2872 3731 2998 3772 cum
3020 3715 3201 3786 reipsa
3230 3715 3591 3771 didicerimus

2007 3809 2329 3883 mysterium
2375 3809 2816 3872 resurrectionis,
2872 3822 2998 3863 cum
3043 3807 3227 3863 verbis
3272 3806 3430 3863 nobis
3479 3822 3587 3863 non

2003 3903 2241 3974 amplius
2280 3917 2420 3973 opus
2466 3900 2655 3966 fuerit,
2710 3900 2777 3954 ad
2827 3916 3020 3956 earum
3061 3906 3245 3958 rerum
3300 3916 3422 3972 qua:
3460 3915 3587 3970 ενοι

2004 4003 2199 4051 rantur
2221 3992 2743 4049 manifestatiouem.
2774 3992 2880 4050 Sed
2903 3993 3364 4067 quemadmodum
3388 3994 3587 4048 multas

2003 4084 2341 4157 qumstioues
2386 4084 2464 4140 de
2514 4084 2807 4155 splendore
2835 4086 2993 4151 solis,
3024 4086 3209 4156 qualis
3264 4085 3313 4141 is
3338 4086 3430 4150 sit,
3466 4100 3587 4139 mo-

2005 4178 2263 4233 ventibus
2292 4176 2361 4231 iis
2383 4176 2478 4246 qui
2510 4184 2727 4232 noctem
2756 4177 3072 4248 pervigilem
3102 4176 3414 4244 traducunt,
3447 4177 3601 4232 radii-

2008 4268 2173 4325 decor
2207 4268 2397 4340 procul
2420 4268 2687 4323 duntaxat
2718 4283 2988 4340 apparens
3019 4266 3342 4334 frustratur,
3371 4283 3589 4323 vanam.

2006 4375 2115 4430 que
2151 4368 2204 4415 et
2257 4358 2493 4415 otiosam
2538 4366 2703 4431 atque
2754 4360 3002 4417 inutilem
3048 4360 3213 4417 ellieit
3252 4360 3593 4432 propositam

2009 4451 2434 4522 disputationem
2469 4470 2483 4507 :
2513 4451 2705 4508 eodem
2741 4453 2904 4508 modo
2933 4453 3113 4510 omnis
3143 4452 3287 4508 ratio
3317 4466 3415 4523 per
3456 4466 3589 4508 con-

2006 4544 2256 4615 jecturas
2289 4544 2534 4599 futurum
2562 4552 2770 4601 statum
2797 4546 3099 4618 attingens,
3129 4561 3230 4616 pro
3264 4546 3438 4602 nihilo
3465 4560 3605 4601 esse

317 4641 415 4695 καὶ
464 4641 845 4694 πεπίστευται.
896 4637 1128 4703 Οὐκοῦν,
1186 4637 1262 4702 ὡς
1308 4636 1374 4692 ἀν
1416 4653 1500 4701 τις
1552 4636 1665 4707 ὅρῳ
1703 4633 1813 4689 τιν).
1841 4633 1893 4687 τι

2010 4636 2359 4703 ostendetur,
2394 4652 2522 4693 cum
2553 4638 2734 4709 reipsa
2763 4639 2973 4709 experti
3027 4637 3321 4705 fuerimus,
3355 4637 3409 4694 id
3440 4637 3591 4708 quod

318 4729 561 4786 τοιοῦτον
605 4731 722 4803 (ἹΙ)
765 4729 1080 4804 περιλαϐὼν
1113 4728 1509 4803 ὑπογράψειεν,
1533 4727 1706 4793 οὕτως
1747 4725 1907 4801 ἐροῦ-

410 4910 526 4981 (ιε)
563 4913 629 4966 ει
657 4911 794 4982 μέν.
842 4912 887 4965 Α
913 4912 963 4965 εἰ
1014 4911 1113 4982 μὲν

318 4980 462 5062 πρὸς
490 4980 792 5037 abavum
823 4981 964 5054 πρὸς
993 4980 1092 5054 τὴν
1124 4980 1157 5046 c

322 5069 461 5106 των.

395 5121 513 5211 ςὲἓὶ
545 5122 1030 5211 gnati-@4916“:

394 5190 514 5259 (50)
545 5194 606 5247 Τί
626 5190 771 5251 τῶν.
802 5190 870 5247 Τί
896 5190 1041 5248 delet
1071 5190 1131 5245 Β.

392 5259 513 5328 (5|)
552 5263 743 5332 'llpir.
777 5262 825 5318 Α
857 5261 913 5332 in
946 5262 1190 5331 margine
1216 5259 1388 5331 ὑμῶν.

417 5333 510 5401 52)
544 5331 776 5389 οὐκέτι.
802 5335 849 5388 Δ
879 5331 921 5387 Β
950 5332 1051 5387 οὐκ
1084 5332 1160 5388 ἐτ’
1193 5334 1259 5389 ἀν
1286 5348 1393 5397 τις.

418 5403 514 5473 53)
554 5404 806 5472 Ἐκεινῃ.
852 5404 982 5457 Δὲν
1000 5403 1147 5458 ὲκείν
1192 5443 1206 5458 .

418 5473 491 5528 54
558 5475 699 5528 Ἕνα
740 5475 864 5544 γός.
904 5474 948 5528 Δ
972 5474 1058 5528 ὲνε
1097 5417 1214 5543 γόὲ.

421 5543 494 5597 55
564 5492 874 5612 Ἀνόξεητα.
916 5543 959 5599 Δ
990 5492 1225 5615 ἀνὲνητα
1250 5544 1305 5597 ἀ.

424 5614 497 5667 56
546 5615 768 5681 Ὅπως.
810 5613 855 5669 Α
883 5615 936 5669 in
965 5616 1211 5685 margine
1237 5614 1334 5685 ὡς.

1158 4911 1233 4981 μὴ
1262 4908 1348 4980 ετη
1381 4910 1511 4979 περὶ
1541 4906 1604 4981 τὸ
1643 4905 1900 4981 «ama

1158 4929 1197 4981 p.
1262 4911 1348 4980 εῐη
1381 4911 1511 4979 περὶ
1541 4911 1604 4962 τὸ
1643 4911 1804 4978 σῶμα
1830 4911 1900 4961 τά

1158 4911 1292 5053 ωἲν.
1356 4981 1397 5033 Β
1424 4982 1474 5036 εί
1507 4978 1608 5050 μὲν
1644 4979 1720 5050 μὴ
1748 4977 1902 5032 οὐδὲν

418 5403 514 5473 53)
554 5404 806 5472 Ἐκεινῃ.
852 5404 897 5457 Δ
922 5404 982 5457 ὲν
1000 5403 1206 5473 ἐκείνῃ.

418 5473 514 5544 58)
558 5475 864 5544 Ἐ’ναργός.
904 5474 948 5544 Δ
972 5473 1214 5544 ἐνεργός.

421 5492 516 5615 ἓ.Ξί
564 5492 864 5612 οἵῖἔὲεέπῖἳι·
904 5492 959 5599 ‘i
972 5492 1225 5615 εέῗὲἕτῗξά
1250 5544 1305 5597 ἀ.

546 5615 768 5689 fornae.
810 5613 936 5689 Ain
959 5613 1211 5689 margine
1237 5614 1334 5689 ὡς.

549 5685 926 5758 ζὼτεπεχείρ.
945 5685 995 5758 Β
1028 5684 1509 5758 κᾱτενεχείρησας..

399 5754 520 5821 (58)
557 5755 673 5817 ’Λν
697 5771 837 5822 πως.
873 5756 915 5811 Δ
943 5756 980 5813 Β
1001 5759 1063 5816 ἄν
1094 5776 1155 5821 τι¹
1174 5754 1333 5813 κατά.

2009 4736 2382 4801 exspectatur.
2424 4728 2697 4796 Quoniam
2752 4737 2935 4787 autem
2975 4747 3045 4788 ex
3090 4731 3324 4791 adverso
3375 4729 3593 4802 objpota

2105 4906 2194 4980 59)
2233 4909 2538 4979 Ἐπῆχθηι.
2575 4909 2617 4963 Α
2652 4910 2980 4980 ἐπαχθῆναι.

2104 4978 2197 5053 60)
2246 4978 2683 5053 Ἐςπαπόρησιν.
2710 4978 3063 5053 Βάπόρησιν.

2103 5049 2194 5120 6i)
2225 5050 2341 5120 Τῆς
2368 5052 2609 5120 σοφίας.
2657 5050 2809 5105 Delet
2837 5049 2899 5105 Β.

2103 5068 2194 5196 ἓξ(
2227 5068 2622 5196 εέἆαὲἷὲἕέῗῗ
2638 5068 3037 5196 ὲξὲὂθὲλῗτὶςομ.

2106 5189 2195 5260 63)
2221 5192 2453 5260 Λόγοις.
2480 5189 2535 5244 Δ
2570 5189 2612 5244 Β
2638 5190 2829 5259 λόγων.

2103 5258 2200 5395 δι(
2233 5261 2246 5279 '
2262 5258 2836 5315 Υποδείκνυσινότε.
2862 5262 2909 5318 Α
2931 5262 2991 5319 Β.
3014 5264 3393 5318 ἀποδείκνυσιν
3436 5262 3597 5323 ὅτανι

2106 5329 2177 5383 65
2244 5328 2498 5395 Ἐπειδὴ.
2527 5330 2571 5384 Δ
2602 5330 2744 5384 ἐπεί.

2106 5328 2200 5395 65)
2244 5328 2498 5396 Ἐπειδὴ.
2527 5330 2571 5384 Δ
2602 5330 2744 5384 ἐπεί.

2087 5399 2201 5469 (66)
2229 5399 2303 5453 Δὲ
2328 5398 2469 5469 χρή.
2513 5398 2666 5455 Delet
2696 5398 2755 5456 Β.

2085 5467 2198 5540 (67)
2232 5467 2714 5538 Ἀνίέξετάστους.
2750 5472 2789 5525 Λ
2816 5471 3207 5539 ἀνεξετάστως.

2086 5540 2199 5615 (68)
2224 5541 2663 5615 Διαᾷηψᾴμερα.
2698 5541 2742 5597 Δ
2765 5541 3172 5615 διαληψώμεθα.

2092 5559 2199 5605 lori)
2224 5559 2365 5597 01M
2412 5559 2631 5610 ψομευίι

2092 5611 2208 5677 (69)
2234 5559 2545 5668 Καί.Ί)εΙοι
2570 5611 2631 5669 Β.

2090 5681 2204 5760 (Ζθ)
2229 5681 2457 5760 «ξων-ἦς.
2505 5682 2547 5738 Α
2580 5683 2634 5760 in
2666 5684 3175 5760 margincjpgeﬁc.
3212 5685 3259 5760 Β
3285 5682 3400 5740 delc

2092 5751 2210 5827 (τι)
2251 5754 2540 5813 Τοιοῦτον.
2570 5754 2615 5809 Δ
2644 5751 2870 5813 τοιοῦτο.
2906 5751 2960 5810 Β
2979 5751 3327 5829 malum.

2186 5612 2210 5827 ξ
