3990 6202
260 282 366 338 ue
1328 235 1426 327 et:
1460 267 1682 327 ANIMA
1720 266 1812 327 ET
1840 249 2449 327 nasunnECTmNE.
3436 267 3539 325 rso

254 384 508 456 ποίησις,
553 382 590 457 ἦ
642 386 763 439 κατ’
804 386 988 458 ὀλίγον
1038 388 1137 443 ἐπὶ
1176 388 1239 444 τὸ
1271 390 1477 445 τέλειον
1532 390 1781 460 αὔξησις,
1824 392 1853 462 ἡ

1960 397 2142 446 autem
2187 390 2443 454 audiens,
2486 388 2712 459 ﬁguram
2758 400 2822 441 ac
2872 385 3118 442 habitum
3170 386 3386 442 ratione
3442 390 3538 443 ea‘

256 476 447 547 ἀκμὴ,
490 475 555 529 τὸ
606 478 807 549 γῆρας,
852 480 886 549 ἡ
931 478 1109 546 νόσος,
1144 483 1174 535 ὁ
1221 479 1452 546 Θάνατος
1480 481 1614 553 (97).
1662 482 1726 535 El
1766 476 1853 536 οὖν

1955 481 2131 536 rentis
2179 488 2411 543 naturte,
2464 493 2574 548 quo
2629 490 2754 532 cum
2800 474 3093 531 affectione
3140 488 3207 531 ac
3250 475 3385 531 vitio
3414 489 3543 531 con-

256 565 449 621 ἐκεῖνο
469 566 597 639 περὶ
620 568 771 639 ἡμᾶς
800 568 904 624 οὐκ
943 570 1119 634 ἔσται,
1151 572 1270 638 πῶς
1301 574 1436 645 ἡμῖν
1464 574 1534 628 τὰ
1558 574 1617 643 ἐξ
1647 573 1853 627 ἐκείνου

1954 572 2130 642 juncti
2172 580 2338 643 atque
2372 569 2683 627 consociati
2734 569 3060 624 circumdati
3118 568 3347 636 fuimus,
3404 570 3540 624 mihi

260 656 730 730 ὒπολειφθήσεται
778 660 941 733 (98);
995 664 1159 718 Ὥστε
1214 664 1443 736 μάταιον
1493 665 1660 738 ἄλλης
1714 665 1853 730 τινὸς

1954 664 2143 721 videor
2200 662 2557 734 intelligere),
2606 661 2771 715 etiam
2823 660 3031 723 omnia,
3086 675 3430 731 quaecunque
3475 660 3543 716 «1ο

259 748 654 812 καταστάσεως
677 750 823 806 κατὰ
843 751 944 824 τὴν
975 752 1273 824 μέλλουσαν
1299 755 1443 828 ζωὴν
1468 755 1853 828 ἐλπιζομένης.

1954 754 2186 810 rationis
2224 761 2449 824 experte
2496 751 2639 823 pelle
2673 751 2822 806 circa
2870 764 2975 806 nos
3015 758 3193 816 erant,
3257 763 3368 805 una
3409 764 3538 804 cum

260 835 353 889 διὰ
381 837 490 891 τῶν
521 838 691 910 μηδὲν
732 841 873 914 αὐτῇ
924 845 1323 901 κοινωνούντων
1369 846 1684 902 ἐνίστασθαι
1717 849 1853 920 πρὸς

1959 846 2220 902 exutione
2265 844 2464 900 tunica:
2508 843 2673 899 simul
2715 852 3007 899 exuentur.
3038 840 3180 896 Sunt
3206 848 3387 896 autem
3422 839 3539 894 haec

261 924 329 978 τὸ
348 926 527 998 δόγμα
549 929 653 1000 τῆς
682 931 1060 999 ἀναστάσεως.

1960 950 2028 993 ea
2067 952 2193 1008 quae
2237 933 2576 1006 sumpsimus
2600 947 2632 987 a
2670 932 2811 1005 pelle
2831 931 3063 987 rationis
3082 938 3326 1002 experte,
3354 929 3540 985 mistio

262 1028 583 1085 corporum,
647 1022 961 1087 conceptio,
1029 1013 1256 1096 partus;
1296 1027 1513 1093 sordes,
1578 1040 1840 1092 mamma,
1901 1025 2095 1093 cibus,
2172 1025 2421 1097 cgestio,
2485 1023 2635 1095 quod
2692 1022 2954 1094 paulatim
3009 1022 3103 1085 fit,
3173 1019 3240 1076 ad
3299 1019 3539 1076 adultam

264 1114 433 1177 atque
492 1108 795 1180 perfectam
844 1121 1085 1172 Aetatem
1142 1118 1564 1186 incrementum,
1623 1132 1876 1177 summus
1937 1117 2095 1188 vigor
2146 1117 2344 1183 aetatis,
2399 1121 2681 1179 senectus,
2733 1114 2981 1181 morbus,
3039 1126 3213 1168 mors.
3262 1110 3322 1167 Si
3374 1110 3543 1182 igitur

262 1196 427 1266 pellis
465 1199 560 1255 illa
598 1200 747 1259 circa
789 1216 893 1260 nos
937 1219 1053 1261 non
1088 1206 1216 1273 erit,
1280 1209 1557 1280 quomodo
1591 1210 1649 1265 in
1694 1208 1876 1275 nobis,
1922 1222 2045 1279 quae
2066 1222 2130 1262 ex
2165 1208 2258 1262 illa
2285 1205 2641 1270 exstiterunt,
2690 1204 3116 1276 relinquentur?
3174 1205 3382 1274 Itaque,
3415 1216 3541 1257 cum

263 1289 410 1346 alius
440 1291 664 1362 quidem
718 1294 1006 1361 statusin
1077 1295 1267 1353 futura
1336 1299 1451 1355 vita
1497 1307 1775 1370 speretur,
1838 1297 1889 1353 si
1951 1298 2076 1367 quis
2118 1312 2216 1368 per
2259 1311 2326 1352 ea
2383 1311 2505 1365 qua:
2553 1294 2688 1350 nihil
2743 1308 2872 1348 cum
2937 1294 3028 1349 illa
3080 1294 3194 1349 vita
3245 1308 3543 1349 commune

263 1376 491 1446 habent,
539 1391 733 1439 contra
776 1382 1085 1440 doctrinam
1128 1389 1551 1447 resurrectionis
1620 1389 1851 1452 nitetur,
1903 1385 2108 1442 frustra
2153 1395 2209 1442 et
2255 1386 2311 1440 in
2350 1401 2552 1441 vanum
2603 1385 2896 1440 laborabit.

335 1471 407 1526 Τί
436 1473 545 1543 γὰρ
573 1474 755 1537 κοινὸν
781 1474 895 1547 εχει
921 1479 955 1549 ὴ
986 1479 1240 1553 ρικνότης
1259 1481 1371 1554 (99)
1394 1484 1488 1538 καὶ
1514 1484 1853 1557 πολυσαρκια

2028 1479 2170 1547 Quid
2233 1480 2379 1534 enim
2427 1479 2738 1535 incurvatio
2791 1487 2849 1534 et
2904 1482 3269 1552 corpulentia,
3335 1484 3541 1539 macies

264 1566 364 1619 καὶ
389 1568 656 1637 τηκεὸὼν,
686 1570 782 1624 κα).
806 1570 1090 1644 πληθώρα.
1123 1576 1218 1630 καὶ
1246 1574 1302 1629 εί
1322 1593 1376 1631 τι
1401 1576 1529 1632 ἄλλο
1552 1582 1618 1651 τῇ
1653 1581 1853 1652 ρευστῇ

262 1655 432 1727 φύσει
466 1659 580 1714 τῶν
625 1661 893 1733 σωμάτων
933 1664 1321 1737 ὲπισυμϐαίνει
1371 1668 1510 1739 πρὸς
1554 1669 1655 1740 τὴν
1711 1666 1856 1741 ζωὴν

262 1750 512 1830 ὲκείνην,
541 1752 579 1823 ἢ
604 1753 706 1824 τῆς
731 1753 809 1825 (1)
838 1754 1073 1827 ροώδους
1094 1775 1155 1812 τε
1185 1759 1281 1814 καὶ
1304 1761 1603 1835 παροδικῖμς
1622 1763 1717 1817 τοῦ
1738 1764 1855 1835 βίου

259 1843 556 1916 διαγωγῆς
577 1845 968 1918 ἡλλοτρίωταις
1022 1849 1121 1905 Ἕν
1163 1853 1320 1925 ζητετ
1345 1854 1505 1926 μόνον
1529 1856 1558 1909 ό
1587 1857 1685 1927 τῆς
1721 1857 1855 1911 ἀνα-

260 1934 520 2000 στάσεως
556 1936 743 2007 λόγος,
791 1938 854 1994 τὸ
881 1944 1083 2013 φυῆναι
1123 1944 1213 1999 διὰ
1239 1947 1507 2015 γενέσεως
1536 1948 1614 2020 (2)
1645 1949 1855 2022 ἄνθρω-

260 2045 371 2083 πον
390 2047 407 2062 ο
442 2030 644 2100 μᾶλλον
676 2030 757 2097 δὲ,
790 2034 886 2087 καὶ
920 2033 1102 2100 καθώς
1132 2036 1210 2108 (3)
1242 2056 1377 2109 φησι
1404 2039 1466 2093 τὸ
1504 2041 1852 2111 Εύαγγέλιον,

258 2121 313 2175 ει
344 2122 579 2194 ἐγενήθη
610 2123 689 2193 (4)
736 2123 1025 2197 ἄνθρωπος
1071 2127 1152 2191 είς
1180 2127 1271 2182 τὸν
1308 2129 1534 2201 κόσμον,
1573 2131 1634 2185 τὸ
1661 2131 1718 2185 δὲ
1748 2150 1856 2204 μαα

259 2212 484 2284 κρὸσιον
502 2215 536 2287 ἦ
553 2215 865 2288 ὠκύμορον,
894 2217 928 2288 ἢ
957 2218 1048 2272 τὸν
1072 2218 1167 2274 τοῦ
1193 2219 1424 2276 θανάτου
1453 2223 1652 2295 τρόπον
1671 2225 1862 2280 τοιῶσ-

257 2303 318 2357 δε
353 2304 432 2375 (5)
459 2303 496 2376 ἢ
531 2304 738 2376 ἑτέρως
771 2306 1195 2379 συμϐεϐηκέναι,
1230 2311 1461 2381 μάταιον
1491 2311 1572 2384 τῷ
1602 2315 1701 2385 τῆς
1731 2316 1857 2369 ἀνα·

260 2395 512 2459 στάσεως
558 2395 706 2466 λόγῳ
751 2398 1145 2464 συνεξετάζειν.
1199 2401 1388 2466 Ὅπως
1431 2403 1541 2475 γὰρ
1587 2404 1655 2459 ἂν
1696 2405 1857 2459 τοῦτο

258 2484 445 2555 δῶμεν
470 2485 593 2540 καθ’
616 2485 870 2541 ὑπόθεσιν
890 2487 1056 2559 ἔχειν,
1077 2489 1137 2543 ὲν
1156 2492 1233 2561 τῷ
1252 2491 1424 2564 ὁμοίῳ
1447 2495 1664 2559 πάντως
1683 2496 1854 2562 ἐστὶν,

257 2573 389 2629 οὔτε
416 2575 731 2641 δυσκολίας,
772 2575 899 2632 οὔτε
925 2578 1003 2649 (6)
1034 2580 1317 2653 ῥᾳστώνης
1348 2583 1414 2637 ἐκ
1454 2584 1554 2656 τῆς
1601 2586 1855 2658 τοιαύτης

258 2668 530 2739 διαφορᾶς
576 2670 709 2740 περὶ
759 2668 860 2742 τὴν
887 2669 1184 2726 ἀνάστασιν
1231 2672 1418 2746 οΰσης.
1463 2675 1569 2731 Τὸν
1606 2677 1715 2750 γὰρ
1756 2678 1853 2733 τού

261 2759 365 2877 ξ,ῇέ
386 2759 728 2877 Ϊξάἐῖῗῗῗὲ
761 2762 960 2877 mf“.
976 2764 1083 2869 3‘9”
1114 2763 1567 2877 πάῗτῗίιτῖὲῗδν
1594 2769 1853 2877 “11“”?
1879 2817 1923 2877 c

260 2849 351 2903 διὰ
385 2848 484 2903 τοῦ
528 2849 761 2904 Θανάτου
814 2852 1100 2924 συμϐάσης
1150 2855 1300 2927 αύτῷ
1344 2856 1639 2925 διαλύσεως
1684 2862 1743 2914 ὲν
1783 2864 1851 2932 τῇ

260 2944 563 2999 ἀναστάσει
586 2943 993 3015 διορθωθείσης.
1028 2946 1104 3001 Τὸ
1129 2946 1188 3001 δὲ
1235 2948 1351 3013 πῶς
1381 2949 1414 3021 ἦ
1444 2950 1576 3005 πότε
1605 2953 1639 3023 ἠ
1668 2952 1854 3008 διάλυ-

262 3053 350 3098 σις
394 3035 628 3104 γίνεται,
671 3035 727 3089 τί
773 3034 935 3091 τοῦτο
983 3038 1121 3108 πρὸς
1165 3038 1266 3111 τὴν
1307 3040 1650 3110 ἀνάστασιν;
1708 3045 1854 3118 Πρὸς

261 3128 453 3198 ἕτερον
476 3127 586 3198 γὰρ
612 3125 817 3181 σκοπόν
849 3127 1037 3198 βλέπει
1061 3130 1095 3199 ἡ
1125 3130 1253 3203 πρ).
1276 3131 1467 3185 τούτου
1499 3134 1711 3206 σκέψις,
1742 3130 1855 3191 οἷον

261 3218 388 3272 καθ’
416 3217 614 3288 ἡδονήν
658 3235 745 3282 τις
784 3218 938 3284 ἐσίω,
983 3219 1017 3290 ἢ
1064 3220 1383 3293 ἀνιώμενος,
1416 3224 1537 3277 κατ’
1586 3224 1786 3298 ἀρετὴν
1816 3228 1850 3298 ἢ

262 3309 487 3376 κακίαν,
514 3310 799 3373 ἐπαινετὸς
825 3310 903 3381 (7)
932 3310 967 3381 ἢ
993 3311 1240 3377 ὑπαίτιος
1272 3312 1371 3384 (8),
1399 3315 1647 3381 ἐλεεινῶς
1679 3318 1713 3389 ἢ
1747 3336 1853 3389 μα-

263 3400 475 3471 καρίως
510 3400 758 3472 παρῆλθε
789 3399 881 3453 τὸν
910 3401 1120 3472 χρόνον.
1166 3403 1354 3458 Ταῦτα
1393 3405 1503 3478 γὰρ
1538 3405 1717 3462 πάντα
1760 3409 1853 3464 καὶ

260 3488 331 3543 τὰ
372 3488 601 3543 τοιαῦτα
642 3490 709 3543 ἐκ
729 3489 827 3543 τοῦ
858 3491 1058 3561 μέτρου
1089 3493 1190 3563 τῆς
1219 3490 1368 3563 ζωῆς
1408 3494 1505 3548 καὶ
1534 3496 1600 3549 ὲκ
1640 3495 1735 3549 τοῦ
1774 3496 1854 3549 εῖ-

258 3583 386 3645 δους
420 3582 501 3651 (9)
536 3582 679 3636 κατὰ
719 3581 813 3635 τὸν
856 3581 970 3639 Βίον
993 3584 1343 3656 εὑρίσκεται,
1393 3587 1489 3640 καὶ
1534 3586 1678 3641 οὕτω
1715 3588 1853 3660 πρὸς

256 3673 362 3745 τὴν
414 3673 597 3744 κρίσιν
636 3672 749 3727 τῶν
797 3673 1166 3746 βεϐιωμένων,
1216 3675 1514 3747 ἀναγκαῖον
1543 3678 1611 3733 ἂν
1655 3680 1742 3751 εἴη
1774 3679 1854 3751 τῷ

260 3766 434 3834 κριτῇ
480 3763 649 3827 πάθος
681 3765 775 3818 καὶ
808 3764 1011 3835 λώϐην,
1060 3767 1157 3820 καὶ
1197 3768 1373 3836 νόσον,
1406 3769 1501 3823 καὶ
1529 3770 1730 3842 γῆρας,
1757 3772 1854 3826 καὶ

255 3856 483 3928 ἀκμὴν,
512 3856 610 3909 καὶ
634 3857 876 3926 νεότητα,
906 3858 1002 3911 καὶ
1031 3857 1280 3926 πλοῦτον,
1306 3859 1401 3913 καὶ
1426 3861 1618 3915 πενίαν
1641 3862 1852 3936 διερευ-

258 3947 469 4002 νᾶσθαι
496 3959 513 3976 .
544 3945 691 4010 ὅπως
733 3964 814 4012 τις
851 3940 919 4002 δι’
962 3948 1195 4004 ἑκάστου
1230 3950 1438 4007 τούτων
1471 3954 1781 4025 γενόμενος.
1815 3954 1849 4026 ἢ

258 4039 320 4094 εὖ
356 4040 395 4110 ἢ
426 4038 618 4104 κακῶς
642 4038 734 4093 τὸν
762 4040 1216 4113 συγκληρωθέντα
1244 4040 1359 4111 βίον
1384 4044 1723 4115 παρέδραμε,
1757 4046 1852 4098 καὶ

1957 1581 2010 1629 et
2049 1572 2226 1635 tabes.
2254 1579 2307 1628 et
2332 1572 2666 1628 abundantia
2705 1572 3017 1638 humerum,
3058 1586 3123 1626 ac
3151 1573 3197 1629 si
3228 1574 3361 1645 quid
3388 1575 3536 1630 aliud

1956 1663 2116 1719 llum:
2149 1679 2441 1734 corporum
2499 1663 2704 1719 accidit
2757 1671 2988 1727 naturze,
3030 1678 3323 1721 commune
3379 1667 3541 1724 habet

1955 1757 2207 1833 cum_illa
2264 1757 2374 1811 vita
2427 1772 2549 1826 qua:
2603 1770 2632 1810 a
2681 1755 2841 1811 ﬂuxae
2879 1756 3087 1827 pariter
3126 1765 3292 1828 atque
3335 1759 3541 1817 transi-

1957 1846 2114 1901 toria:
2156 1846 2281 1899 vita:
2349 1846 2561 1900 ratione
2612 1845 2791 1901 aliena
2851 1846 2982 1901 cst?
3039 1844 3220 1901 Unum
3276 1847 3541 1904 duntaxat

1956 1935 2099 1990 ratio
2144 1935 2571 1992 resurrectionis
2624 1935 2848 2006 qumrit,
2896 1944 2957 1990 ut
3015 1936 3325 2009 productus
3374 1939 3541 1994 homo

1955 2025 2211 2083 videlicet
2248 2041 2346 2097 per
2392 2025 2736 2082 nativitatem
2782 2027 2855 2082 sit
2892 2045 2904 2080 :
2938 2026 3047 2083 imo
3080 2044 3232 2095 vero,
3266 2035 3328 2084 ut
3364 2029 3541 2100 inquit

1956 2118 2339 2190 Evangelium,
2382 2125 2444 2173 ut
2494 2118 2658 2174 homo
2707 2127 2873 2176 natus
2922 2120 2993 2175 sit
3036 2120 3091 2174 in
3136 2121 3365 2186 mundo,
3420 2122 3540 2179 lon-

1955 2209 2319 2283 ginquitatem
2355 2217 2538 2266 autem
2577 2210 2724 2274 vitae,
2775 2218 2872 2265 aut
2909 2212 3105 2268 mortis
3141 2228 3206 2267 ac
3250 2213 3346 2267 fati
3396 2215 3542 2271 cele-

1956 2303 2197 2368 ritatem,
2244 2310 2337 2358 aut
2392 2304 2615 2357 modum
2663 2301 2859 2358 mortis
2905 2317 2973 2357 an
3017 2304 3202 2357 taliter
3255 2303 3341 2359 vel
3380 2305 3540 2360 aliter

1954 2394 2271 2465 contigerit,
2320 2408 2430 2449 una
2467 2407 2594 2448 cum
2643 2395 2860 2449 ratione
2893 2394 3321 2451 resurrectionis
3345 2399 3539 2467 exqui-

1955 2501 2099 2551 rere,
2133 2500 2336 2540 vanum
2379 2493 2435 2541 et
2479 2492 2721 2555 Ineptum
2765 2494 2873 2550 est,
2910 2502 2975 2541 ac
3014 2484 3150 2541 nihil
3196 2488 3435 2557 pertinet
3469 2489 3541 2543 ad

1954 2591 2096 2631 rem.
2144 2575 2281 2631 Nam
2321 2576 2820 2648 quomodoeunque
2865 2578 2918 2633 id
2951 2594 3073 2635 sese
3099 2579 3329 2650 exempli
3362 2580 3537 2650 gratia

1953 2667 2268 2724 dederimus
2326 2669 2550 2732 habere,
2595 2669 2651 2724 in
2695 2669 2837 2728 idem
2878 2670 3105 2725 omnino
3142 2686 3231 2726 res
3275 2670 3440 2736 redit,
3471 2686 3537 2727 ac

1957 2759 2095 2815 nihil
2125 2759 2315 2825 refert,
2360 2775 2488 2816 cum
2531 2776 2714 2831 neque
2740 2759 3035 2816 dilllcultas
3072 2769 3128 2817 et
3173 2762 3538 2817 incommodi-

1956 2863 2064 2917 tas,
2120 2868 2301 2925 neque
2361 2853 2725 2909 commoditas
2785 2861 2951 2924 atque
3020 2853 3260 2909 facilitas
3318 2870 3384 2910 ex
3438 2854 3537 2910 tali

1955 2946 2264 3003 diﬂ‘erentia
2293 2945 2441 3001 circa
2482 2945 2948 3002 resurrectionem
2975 2946 3068 3001 sit.
3099 2944 3235 3001 Nam
3277 2962 3403 3003 eum
3441 2943 3537 3019 qui

1955 3039 2140 3095 vivere
2201 3038 2454 3109 cmperit,
2514 3038 2703 3093 vivere
2756 3052 2986 3108 prorsus
3036 3044 3273 3109 oportet,
3320 3051 3385 3093 ea
3414 3051 3537 3107 qua:

1954 3128 2136 3184 medio
2184 3134 2431 3198 tempore
2481 3142 2578 3199 per
2629 3135 2861 3183 mortem
2895 3127 2943 3181 ei
2974 3126 3267 3199 contigerit
3296 3126 3536 3183 dissolu-

1955 3222 2105 3275 tione
2134 3235 2234 3292 per
2254 3218 2722 3277 resurrectionem
2756 3227 3004 3274 correcta
3034 3226 3199 3288 atque
3223 3217 3533 3273 emendata.

1953 3311 2229 3368 Czeterum
2272 3324 2383 3382 qua
2429 3310 2645 3366 ratione
2695 3316 2792 3363 aut
2824 3308 3046 3380 quando
3077 3308 3369 3365 dissolutio
3417 3308 3543 3373 ﬁat,

1953 3403 2085 3475 quid
2108 3404 2215 3458 hoc
2240 3402 2309 3457 ad
2338 3401 2841 3458 resurrectionem?
2870 3400 2948 3456 Ad
2979 3400 3126 3455 aliud
3157 3398 3302 3455 enim
3331 3414 3534 3471 propo-

1953 3496 2119 3552 situm
2159 3500 2371 3564 spectat
2410 3492 2577 3563 hujus
2613 3491 2691 3547 rei
2728 3491 3118 3557 consideratio,
3147 3491 3302 3547 verbi
3329 3491 3531 3563 gratia,

1953 3589 2010 3644 in
2048 3588 2350 3659 voluptate,
2395 3586 2483 3642 vel
2513 3586 2569 3640 in
2606 3583 2834 3642 tristitia
2887 3592 3052 3655 atque
3101 3585 3289 3640 dolore
3328 3584 3543 3656 aliquis

1953 3666 2121 3749 vixit,
2168 3677 2474 3735 secundum
2511 3677 2774 3733 virtutem
2818 3675 2902 3730 vel
2940 3674 3154 3740 vitiose,
3184 3689 3311 3729 cum
3336 3666 3531 3742 laude,

1952 3772 2038 3828 vel
2070 3770 2290 3827 crimini
2332 3767 2632 3835 obnoxius,
2666 3766 3076 3834 miserabiliter,
3110 3767 3192 3823 vel
3217 3767 3373 3823 beate
3394 3776 3533 3837 tem-

1952 3880 2059 3937 pus
2095 3862 2383 3934 transegit.
2439 3859 2566 3916 llaac
2607 3860 2756 3915 enim
2806 3866 2972 3931 atque
3019 3856 3292 3931 ejusmodi
3343 3859 3539 3915 omnia

1951 3972 2019 4012 ex
2058 3970 2319 4011 mensura
2349 3951 2623 4023 modoque
2655 3960 2821 4023 atque
2855 3967 2919 4007 ex
2954 3967 3154 4024 genere
3187 3957 3309 4008 vitae
3339 3951 3534 4023 deprc-

1954 4047 2291 4110 Iienduntur,
2325 4054 2381 4101 et
2411 4051 2683 4115 quantum
2730 4044 2924 4101 attinet
2955 4043 3022 4098 ad
3060 4041 3372 4099 faciendum
3399 4049 3532 4098 acta:

259 4135 293 4204 ἢ
312 4131 434 4204 (I0)
460 4131 667 4185 πολλῶν
689 4132 906 4201 ἐγένετο
922 4133 1168 4197 δεκτικὸς
1188 4133 1427 4203 ἀγαθῶν,
1450 4135 1482 4206 ἢ
1506 4135 1692 4191 κακῶν
1713 4136 1850 4206 (11),

1954 4139 2081 4195 vita:
2109 4138 2402 4209 judicium,
2439 4137 2813 4193 necessarium
2851 4135 3026 4204 judici
3057 4134 3248 4200 fuerit,
3275 4134 3344 4189 de
3374 4135 3546 4199 vitio,-

261 4225 319 4276 ιν
346 4223 550 4294 μακρῷ
576 4222 652 4294 τῷ
684 4223 885 4295 χρόνῳ,
912 4223 948 4294 ἢ
974 4223 1096 4278 οὐδὲ
1118 4223 1215 4295 τὴν
1242 4224 1416 4297 ἀρχὴν
1434 4225 1570 4290 ὅλως
1589 4227 1851 4300 ἐκατέρου

1954 4232 2019 4287 dc
2051 4228 2265 4299 jactura
2295 4241 2358 4282 ac
2387 4226 2742 4291 detrimento,
2775 4225 2843 4279 de
2871 4223 3085 4288 morbo,
3125 4225 3194 4279 de
3224 4232 3528 4290 senectute,

259 4311 472 4366 τούτων
504 4310 774 4381 ἔφήψατο,
810 4311 869 4364 ὲν
892 4312 1073 4366 ἀτελεῖ
1096 4316 1165 4385 τῇ
1196 4313 1407 4386 διανοίᾳ
1454 4314 1549 4370 τοῦ
1577 4313 1679 4387 ζῇν
1715 4335 1853 4373 mu-

1954 4322 2018 4379 de
2064 4322 2245 4377 aetatis
2306 4319 2516 4391 vigore,
2577 4319 2647 4374 de
2685 4316 2999 4388 juventute,
3046 4317 3116 4373 de
3173 4315 3404 4381 divitiis,
3462 4316 3533 4372 de

262 4407 534 4477 σάμενοςς
565 4405 739 4461 Ὅταν
783 4405 842 4458 δὲ
872 4406 1010 4479 πρὸς
1040 4405 1139 4478 τὴν
1170 4404 1394 4477 πρώτην
1434 4407 1532 4461 τοῦ
1558 4408 1849 4481 ἀνθρώπου

1954 4419 2268 4483 paupertate
2312 4411 2595 4480 inquirere
2636 4417 2803 4481 atque
2849 4408 3125 4466 sciscitari
3162 4425 3177 4463 :
3221 4422 3333 4480 quo
3366 4415 3531 4479 pacto

262 4497 614 4569 κατασκευὴν
641 4497 709 4552 δι’
738 4496 1091 4562 ἀναστάσεως
1118 4499 1150 4551 ό
1169 4497 1301 4562 Θεὸς
1332 4499 1582 4572 ἐπανάγῃ
1606 4500 1720 4573 (l2)
1751 4501 1851 4573 τὴν

1954 4501 2074 4574 quis
2120 4517 2217 4572 per
2257 4501 2456 4557 horum
2499 4498 2935 4571 unumquodque
2979 4506 3236 4555 versatus
3271 4497 3411 4553 bene
3459 4511 3544 4552 art

261 4590 448 4661 φύσιν,
490 4589 663 4662 ἀργὸν
693 4589 808 4660 (13)
842 4589 909 4643 ἂν
954 4589 1039 4660 εἴη
1068 4590 1138 4643 τὰ
1167 4589 1392 4646 τοιαῦτα
1431 4591 1629 4661 λέγειν,
1665 4593 1846 4648 καὶτὸ

1954 4596 2094 4651 male
2131 4594 2275 4658 vitae,
2311 4609 2475 4665 quant
2533 4593 2766 4649 sortitus
2798 4592 2894 4657 sit,
2934 4605 3157 4647 cursum
3204 4588 3525 4652 confecerit,

259 4682 347 4737 διὰ
378 4683 495 4735 τῶν
536 4681 797 4736 τοιούτων
841 4682 1148 4738 ἐνστάσεων
1190 4683 1304 4753 (14)
1352 4683 1562 4739 οἴεσθαι
1601 4685 1702 4757 τὴν
1746 4686 1844 4744 τοῦ

1954 4697 2005 4745 et
2056 4703 2124 4744 an
2174 4688 2475 4743 multorum
2523 4698 2695 4755 capax
2754 4684 3049 4750 bononnm,
3107 4682 3192 4737 vel
3252 4680 3524 4738 malorum

258 4775 397 4829 θεοῦ
420 4774 654 4846 δύναμιν
675 4776 816 4848 πρὸς
840 4775 932 4828 τὸν
964 4775 1165 4829 σκοπὸν
1190 4776 1598 4847 ἐμποδίζεσθαι.

1954 4781 2136 4846 Fuerit,
2165 4790 2407 4851 tempore
2433 4776 2755 4848 longinquo,
2789 4790 2859 4831 an
2890 4790 2991 4830 nec
3015 4772 3083 4828 ab
3114 4772 3271 4826 initio
3296 4769 3539 4842 quidem.

260 4881 496 4937 pronus
526 4866 721 4921 horum
747 4876 1048 4937 utrumque
1080 4867 1343 4940 attigerit,
1366 4870 1566 4940 quippe
1598 4871 1839 4927 nondum
1905 4879 2088 4929 mente
2123 4880 2288 4941 atque
2322 4868 2541 4939 ingenio
2575 4864 2819 4939 perfecto
2844 4865 2956 4921 vita
3010 4861 3343 4920 defunctus?
3383 4861 3537 4919 Cum.

260 4968 446 5015 autem
485 4958 556 5014 ad
606 4959 844 5032 primam
879 4958 1293 5018 fabricationem
1317 4970 1374 5020 et
1416 4964 1877 5021 constitutionem
1913 4964 2158 5022 hominis
2210 4977 2308 5033 per
2360 4957 2825 5018 resurrectionem
2917 4953 3061 5013 Dens
3127 4963 3384 5011 naturam
3437 4969 3525 5012 re-

350 5143 448 5220 ?!)
485 5144 561 5220 ξῌ
584 5143 747 5220 ἀκμή
770 5175 808 5220 ε
830 5146 866 5220 ᾀ
884 5140 1159 5220 θάνατος.
1174 5218 1181 5220 Α
1198 5145 1351 5220 Deiot
1385 5151 1443 5208 Β.
2022 5147 2102 5220 (ἐξ)
2134 5149 2285 5204 Οὔτε
2309 5177 2334 5189 -
2354 5148 2516 5220 οὔτε.
2540 5147 2589 5220 ᾼε
2608 5147 2738 5220 οὐδὲ
2761 5176 2784 5187 -
2812 5143 2955 5220 οὐδέ.

349 5215 445 5292 ἓξ)
483 5214 1062 5292 ς[στοῖλιιειςρζὶήσεται.Δ
1094 5216 1135 5292 β
1159 5217 1447 5292 ἀπολειφθ.

2020 5214 2099 5292 (ξι)
2137 5217 2518 5292 Ῐεῖςνιιιινετάς.⁸
2539 5216 2653 5292 Αξιι
2674 5214 2993 5292 ὲπαινετῶς.

352 5284 558 5359 5)?)ij
596 5285 935 5359 _ﬁtx?‘d_fli(‘-_
956 5286 999 5338 A
1030 5286 1175 5345 delet
1204 5288 1257 5359 ἠ.
1367 5284 1381 5292 ⁷

2020 5284 2099 5359 (8)
2136 5284 2473 5359 ’Υςταίτιοςζ
2490 5288 2535 5359 A_
2631 5285 2931 5359 Ongt'rlwc-

353 5354 408 5423 1)
446 5356 527 5410 ’11
549 5352 680 5422 τῆς.
709 5356 749 5408 Α
780 5355 854 5407 Ἦ
875 5353 973 5424 τῆς
996 5373 1099 5423 τις.
1225 5352 1236 5359 ’
2021 5352 2097 5424 (9)
2125 5358 2362 5424 Εἰδους.
2393 5352 2435 5412 Ᾱ
2467 5355 2620 5412 addit
2641 5356 2758 5411 τοῦ.

326 5424 410 5499 (2)
443 5424 774 5499 ferme“.
794 5426 1195 5499 Δμγεννήσεως.
2016 5424 2131 5499 (10)
2154 5427 2261 5483 Kal
2287 5427 2347 5497 ἢ.
2384 5430 2429 5499 ᾼ
2461 5424 2557 5499 καὶ
2588 5427 2663 5499 εί.

324 5494 408 5563 (³)
436 5495 551 5549 Καὶ
583 5495 799 5560 καθώς.
831 5494 937 5548 Καί
963 5494 1108 5555 delet
1137 5502 1200 5554 Λ.

2017 5494 2131 5563 (11)
2162 5500 2235 5552 Ἣ
2258 5494 2479 5553 κακῶν.
2509 5497 2660 5551 Delet
2689 5495 2749 5550 Β.

2015 5564 2129 5633 (12)
2173 5567 2575 5640 ἜπανάῃιηΛ
2615 5569 2667 5621 in
2700 5564 2942 5639 margine
2974 5564 3333 5640 Emvayém._

2015 5640 2130 5705 (I3)
2170 5640 2396 5707 'Aprdr.
2434 5639 2474 5693 B
2503 5638 2684 5711 ἔργον.

2016 5711 2130 5782 (li)
2173 5707 2567 5765 Ἐνστάσεων.
2599 5708 2640 5761 Β
2669 5707 3008 5764 συστάσεσιν.

438 5568 509 5647 ξι
537 5564 813 5647 ἐκτήθη.
917 5566 970 5625 in
1011 5573 1262 5647 margine
1294 5571 1396 5623 ὅτι.

323 5632 407 5703 (5)
436 5632 612 5701 Τοιῶς
636 5632 725 5691 δέ.
773 5636 816 5691 Δ
846 5635 901 5693 in
925 5632 1177 5715 margine
1217 5641 1265 5694 εί
1305 5640 1527 5697 τοιῶσδε
1569 5640 1601 5713 ἢ
1634 5641 1836 5705 ἑτέρως

258 5704 595 5779 συμϐέϐηκε.
