3896 6208
490 226 592 284 liii

1730 232 1787 287 ε.
1825 231 2150 289 caseos"
2189 231 2483 289 NYSSENI
3694 237 3781 301 ἦε.

497 351 735 421 duxerit,
764 353 1030 417 otiosum.
1070 369 1273 411 vanum
1305 363 1360 411 et
1396 354 1591 410 inutile
1618 354 1782 411 fuerit
1823 353 1948 409 talia
1981 351 2162 407 dicere
2197 367 2260 407 ac
2292 362 2507 423 putare,
2535 352 2681 424 quod
2765 366 2861 423 per
2932 349 3251 420 huiusmodi
3310 350 3538 422 objecta
3613 369 3781 426 argui

496 452 683 500 menta
727 446 970 515 potentia
1002 446 1095 502 Dei
1135 462 1166 502 a
1207 461 1310 503 suo
1338 448 1623 517 proposito
1660 455 1822 519 atque
1843 444 2075 502 consilio
2126 444 2482 512 prohibeatur
2530 452 2694 515 atque
2743 443 3094 515 impediatur.
3557 495 3579 510 ,

570 534 741 591 Porro
770 536 1104 606 propositum
1137 542 1299 607 atque
1328 536 1619 599 consilium
1634 536 1753 607 ejus
1779 536 1882 601 hoc
1904 551 2072 597 unum

2246 536 2453 600 Σκοπὸς
2485 536 2542 590 δὲ
2585 534 2736 608 αὐτῷ
2762 529 2867 599 εἷς,
2914 534 2976 588 τὸ
3005 531 3381 601 τελειωθέντος
3423 534 3461 605 ἢ
3506 534 3612 590 διὰ
3675 536 3782 607 (15

497 638 602 693 est,
627 635 688 685 ut
719 628 870 691 omni
898 634 1106 693 natura:
1137 636 1337 687 nostras
1364 625 1704 699 plenitudine
1752 626 2074 698 singulatim

463 701 472 710 ’
497 736 595 791 per
616 734 866 790 quosque
897 718 1150 775 homines
1180 717 1293 789 jam
1323 718 1563 789 perfecta
1611 725 1777 788 atque
1801 717 2070 781 absoluta,

497 822 621 862 cum
648 804 740 862 alii
770 805 989 876 quidem
1012 806 1123 876 jam
1152 805 1335 861 statim
1367 820 1461 875 per
1490 806 1632 861 hanc
1663 805 1828 863 vitam
1861 822 1891 860 a
1911 806 2075 861 vitio-

498 898 658 953 sitate
704 897 929 968 expiati,
990 898 1080 952 alii
1131 912 1262 953 vero
1326 896 1575 966 posthac,
1621 896 2079 961 convenientibus.

503 990 839 1057 temporibus
878 1006 973 1060 per
1003 991 1179 1061 ignem
1206 988 1382 1043 curati
1412 987 1637 1052 fuerint,
1680 988 1771 1043 alii
1797 996 1977 1044 autem
2006 1003 2074 1045 ex

499 1096 658 1150 :rquo
692 1081 821 1142 boni
878 1081 1041 1138 sintul
1075 1096 1138 1137 ac
1173 1080 1301 1140 mali
1354 1080 1640 1137 scientiam
1696 1088 1861 1155 atque
1910 1097 2075 1153 expe-

500 1171 750 1233 rientiam
781 1187 877 1243 per
918 1171 1060 1228 hanc
1103 1172 1264 1235 vitam
1308 1187 1414 1229 non
1472 1171 1784 1238 habuerint,
1815 1173 2074 1233 omnibus

500 1272 769 1335 praponat
823 1265 1293 1334 participationem
1325 1272 1379 1320 et
1409 1279 1570 1324 usum
1600 1264 1891 1333 bonorum,
1953 1282 2077 1335 qua:

500 1356 553 1408 in
583 1358 700 1423 ipso
724 1362 874 1416 sunt.
935 1371 1057 1425 qua:
1105 1354 1247 1410 bona
1278 1355 1562 1426 Scriptura
1620 1372 1799 1427 neque
1852 1359 2073 1417 oculum

498 1447 725 1509 vidisse,
786 1462 964 1516 neque
1011 1462 1171 1504 aures
1214 1448 1517 1517 accepisse,
1558 1463 1734 1520 neque
1786 1450 2067 1519 cogitatio-

496 1538 659 1594 nibus
686 1548 740 1594 et
769 1539 1287 1601 ratiocinationibus
1340 1538 1558 1607 assequi
1618 1546 1783 1609 atque
1828 1555 2076 1612 compre-

499 1629 662 1695 hendi
694 1644 858 1698 posse
884 1629 1037 1695 dicit.
1072 1628 1129 1692 Id
1171 1636 1352 1686 autem
1387 1629 1524 1684 nihil
1555 1636 1639 1686 est
1671 1630 1841 1699 aliud,
1874 1638 1934 1686 ut
1958 1647 2075 1687 mea

497 1720 714 1787 quidem
745 1721 932 1790 Opinio
967 1720 1091 1786 (ert,
1122 1735 1283 1791 quam
1318 1720 1371 1775 in
1402 1720 1521 1795 ipso
1552 1719 1660 1776 Deo
1688 1736 1842 1784 esse;
1871 1721 2073 1777 bonum

498 1811 647 1866 enim
680 1811 826 1882 quod
858 1818 1084 1881 superat
1116 1811 1360 1872 auditum
1401 1817 1456 1868 et
1493 1811 1712 1874 oculum
1751 1820 1807 1876 et
1854 1824 1971 1885 cor,
2022 1812 2074 1867 id

502 1901 665 1956 fuerit
692 1902 837 1971 quod
870 1903 922 1956 in
956 1902 1170 1971 superis
1199 1908 1410 1957 natura:
1442 1917 1626 1958 rerum
1662 1903 1913 1973 praesidet
1954 1904 2076 1963 uni-

500 2008 694 2047 versae.
728 1992 900 2047 Porro
931 1992 1234 2048 ditl‘ercntia
1270 1992 1415 2059 vitaz,
1443 2009 1567 2065 quae
1603 1995 1688 2051 vel
1732 2009 1855 2051 cum
1901 1995 2075 2050 virtu-

502 2091 574 2147 te,
607 2083 688 2137 vel
731 2099 853 2138 cum
895 2084 1138 2154 nequitia
1170 2085 1411 2154 vitioque
1460 2084 1803 2156 transigitur,
1845 2087 2074 2156 posthac

501 2176 739 2232 maxime
792 2194 889 2248 per
936 2178 1038 2233 hoc
1066 2178 1392 2243 ostenditur,
1423 2177 1567 2250 quod
1623 2177 1788 2235 citius
1832 2188 1927 2234 aut
1967 2188 2075 2234 tar-

501 2268 624 2335 dius
657 2269 781 2340 quis
807 2269 1160 2338 bcatitudinis
1188 2284 1310 2340 quae
1343 2280 1615 2340 speratur,
1648 2272 1922 2343 particeps
1963 2271 2072 2327 fiet.

503 2358 634 2412 Nam
692 2374 790 2430 pro
823 2360 985 2416 modo
1004 2360 1300 2433 unicuique
1321 2360 1497 2419 insita:
1518 2361 1836 2419 vitiositatis
1848 2378 2075 2434 propor-

502 2451 648 2515 tione
675 2451 1018 2522 respondens
1066 2450 1575 2518 accommodabitur
1631 2467 1858 2527 prorsus
1913 2455 2076 2510 ctiam

504 2542 791 2615 productio
851 2543 1156 2599 medicinae.
1191 2542 1459 2600 Medicina
1493 2552 1672 2603 autem
1721 2545 1916 2602 animae
1962 2545 2076 2600 fue-

503 2633 575 2703 rit
623 2632 939 2691 vitiositatis
996 2633 1275 2704 expiatio;
1337 2648 1402 2691 ea
1464 2649 1594 2695 vero
1631 2635 1751 2691 sine
1796 2635 2076 2701 dolorifica

503 2723 788 2779 affectione
836 2726 1024 2793 perfici
1085 2742 1198 2782 non
1248 2735 1453 2798 potest,
1511 2730 1973 2799 quemadmodum
2019 2732 2077 2786 in

504 2815 880 2883 superioribus
905 2818 1194 2887 quaesitum
1228 2826 1395 2888 atque
1432 2829 1716 2877 ostensum
1764 2830 1869 2879 est.
1908 2822 2078 2893 Magis

504 2916 682 2961 autem
705 2907 1156 2978 superfluitatem,
1182 2910 1598 2981 ineptitudinem
1621 2921 1676 2968 et
1697 2914 2079 2972 inconvenien-

504 2997 633 3067 tiam
666 2997 1004 3066 objectorum
1041 3008 1490 3070 argumentorum
1522 3005 1827 3075 agnoverit,
1871 3006 1917 3060 si
1954 3008 2085 3076 quis

506 3086 931 3155 profunditatem
988 3090 1303 3160 apostolicae
1328 3092 1611 3163 sapientia:
1674 3095 2079 3165 contemplatus

2174 628 2281 686 τῶν
2310 628 2430 689 καθ’
2458 627 2688 690 ἕκαστον
2710 625 3038 697 ἀνθρώπων,
3056 625 3255 688 παντὸς
3294 624 3388 679 τοῦ
3415 626 3523 696 τῆς
3553 626 3637 696 φῦ
3648 644 3782 681 eam

2176 722 2334 794 ήμῶν
2382 722 2745 795 πληρώματος
2769 762 2786 788 ,
2837 720 2945 774 τῶν
3002 720 3102 790 μὲν
3149 718 3311 784 εὐθὺς
3355 719 3459 791 ἤδη
3495 720 3665 775 κατὰ
3697 722 3782 775 τὸ·

2178 813 2291 882 βίον
2319 812 2507 867 τοῦτον
2536 812 2645 867 ἀπὸ
2676 812 2876 875 κακίας
2905 810 3353 883 κεκαθαρμένων,
3391 810 3509 865 τῶν
3537 811 3605 866 δὲ
3638 814 3782 882 μετὲ

2174 904 2346 959 ταῦτα
2388 904 2477 959 διὰ
2508 903 2603 958 τοῦ
2648 903 2819 975 πυρὸς
2862 902 2975 971 (16)
3027 904 3139 966 τοῖς
3190 901 3493 973 καθήκουσι
3555 901 3782 974 χρόνοις

2179 996 2587 1069 ίατρευθέντων,
2634 995 2745 1049 τῶν
2774 994 2831 1047 δὲ
2864 993 3060 1064 ἐπίσης
3085 993 3181 1048 καὶ
3210 993 3305 1047 τοῦ
3333 993 3507 1048 καλοῦ
3539 995 3651 1049 καὶ
3691 993 3782 1047 τοί

2176 1086 2342 1143 κακοῦ
2372 1088 2470 1157 τὴν
2503 1089 2696 1158 πεῖραν
2729 1087 2879 1159 παρὰ
2905 1086 2996 1151 τὸν
3027 1086 3155 1158 τῇδε
3203 1085 3315 1155 βίον
3346 1085 3782 1156 ἀγνοησάντων.

2175 1180 2310 1232 πᾶσι
2342 1177 2620 1249 προθεῖναι
2664 1176 2765 1249 τὴν
2811 1174 3103 1247 μετουσίαν
3148 1174 3258 1229 τῶν
3284 1174 3351 1233 ἐν.
3373 1172 3530 1245 αὐτῷ
3561 1174 3782 1239 καλῶν,

2175 1269 2319 1340 ἅπερ
2367 1268 2531 1338 φησὶν
2573 1269 2609 1337 ἡ
2652 1267 2865 1339 Γραφὴ,
2907 1266 3042 1337 μήτε
3084 1262 3359 1334 ὀφθαλμὸν
3411 1262 3575 1330 ιδεῖν,
3636 1266 3782 1335 μήτε

2175 1359 2341 1431 ἀκοὴν
2390 1357 2669 1427 δέξασθαι,
2708 1359 2844 1429 μήτε
2885 1357 3164 1427 λογισμοῖς
3195 1354 3413 1425 ἐφικτὸν
3452 1354 3579 1425 (17)
3617 1355 3782 1424 γενέ

2180 1453 2322 1508 σθαι.
2368 1452 2538 1506 Τοῦτο
2577 1450 2636 1506 δέ
2667 1449 2821 1504 οὐδὲν
2861 1448 2988 1503 ἄλλο
3021 1446 3157 1511 ἐστὶ,
3193 1447 3334 1511 κατά
3375 1462 3440 1521 γε
3487 1445 3590 1500 τὸν
3641 1445 3782 1516 ἐμὸν

2175 1544 2353 1613 λόγον,
2387 1542 2421 1614 ἢ
2450 1542 2511 1598 τὸ
2542 1543 2599 1595 ἐν
2625 1539 2774 1611 αὑτῷ
2804 1538 2881 1611 τῷ
2909 1537 3028 1609 Θεῷ
3056 1535 3311 1606 γενέσθαι
3337 1555 3349 1569 ·
3389 1535 3451 1589 τὸ
3475 1536 3598 1608 γὰρ
3637 1536 3782 1606 ἀγα-

2177 1637 2268 1690 θὸν
2311 1636 2373 1690 τὸ
2414 1637 2553 1705 ὑπὲρ
2579 1633 2746 1704 ἀκοὴν
2785 1633 2878 1689 καὶ
2910 1630 3185 1702 ὀφθαλμὸν
3217 1630 3310 1684 καὶ
3342 1630 3607 1700 καρδίαν,
3640 1630 3782 1684 αὐτὸ

2176 1730 2242 1783 ἂν
2274 1730 2357 1800 εἴη
2389 1728 2450 1782 τὸ
2480 1726 2574 1781 τοῦ
2603 1726 2803 1789 παντὸς
2847 1722 3256 1795 ὑπερκείμενον.
3312 1722 3376 1775 Ἦ
3417 1722 3477 1777 δέ
3508 1721 3617 1775 τοῦ
3649 1722 3782 1776 κατ’

2178 1822 2378 1893 ἀρετὴν
2404 1821 2437 1892 ἢ
2462 1817 2659 1875 κακίαν
2682 1818 2797 1889 βίου
2820 1816 3049 1889 διαφορὰ
3076 1818 3132 1870 ἐν
3157 1815 3235 1885 τῷ
3263 1814 3398 1885 μετὰ
3417 1814 3606 1869 ταῦτα
3627 1815 3782 1869 κατά

2175 1914 2331 1984 τοῦτο
2360 1912 2697 1983 δειχθήσεται
2739 1910 2992 1981 μάλιστα,
3040 1910 3098 1961 ἐν
3124 1906 3202 1978 τῷ
3228 1906 3419 1961 θᾶττον
3444 1906 3483 1978 ἦ
3515 1907 3781 1978 σχολαιόέ

2173 2025 2331 2080 τερον
2360 2008 2471 2079 (18)
2505 1990 2791 2076 μετασχεῖν
2816 2002 2916 2073 τῆς
2943 2000 3299 2071 ἐλπιζομένης
3332 1999 3773 2070 μακαριότητος,

2176 2098 2267 2170 Τῷ
2295 2097 2401 2169 γὰρ
2431 2096 2612 2169 μέτρῳ
2635 2094 2735 2165 τῆς
2761 2094 3121 2164 ἐγγενομένης
3157 2091 3267 2164 (19)
3302 2090 3521 2162 ἑκάστῳ
3560 2090 3773 2153 κακίας

2178 2191 2576 2261 ἀναλογὴσεται
2608 2186 2718 2258 (20)
2751 2187 2966 2250 πάντως
2994 2185 3143 2256 καὶὴ
3173 2184 3270 2255 τῆς
3308 2183 3551 2255 ἰατρείας
3583 2181 3772 2253 παρά-

2174 2299 2352 2346 τασις.
2390 2278 2622 2351 ’ἰατρεία
2655 2278 2713 2332 δέ
2755 2277 2820 2332 ἂν
2852 2278 2937 2348 είη
2965 2275 3145 2347 ψυχῆς
3176 2274 3238 2329 τὸ
3268 2274 3367 2345 τῆς
3393 2272 3511 2344 (21)
3556 2273 3777 2338 κακίας

2176 2374 2471 2445 καθάρσιον
2497 2386 2510 2399 ·
2541 2371 2700 2425 τοῦτο
2726 2370 2783 2423 δὲ
2813 2370 2939 2425 ἄνευ
2970 2368 3223 2439 ἀλγεινῆς
3247 2364 3540 2428 διαθέσεως
3561 2381 3771 2434 κατορ-

2178 2465 2415 2537 θωθῆναι
2461 2464 2560 2533 οὐχ
2605 2458 2716 2516 οἶόν
2760 2477 2852 2526 τε,
2900 2457 3082 2522 καθὼς
3127 2459 3186 2511 ἐν
3230 2459 3344 2521 τοῖς
3388 2453 3768 2527 προλαϐοῦσιν

2178 2558 2488 2628 ἐξήτασται.
2517 2554 2731 2609 Μᾶλλον
2751 2553 2808 2606 δέ
2830 2551 2895 2606 ἄν
2922 2568 3006 2614 τις
3039 2549 3286 2620 ἐπιγνοίη
3318 2548 3424 2603 τῶν
3449 2546 3763 2602 ἐνστάσεων

2176 2649 2237 2701 τὸ
2265 2646 2515 2717 περιττὸν
2545 2644 2641 2699 καὶ
2672 2643 2955 2708 ἀνοίκειον,
3007 2644 3087 2705 εἰς
3119 2641 3181 2694 τὸ
3212 2640 3373 2710 βάθος
3395 2639 3496 2710 τῆς
3523 2638 3766 2693 ἀποστο-

2177 2739 2335 2809 λικῆς
2366 2738 2632 2807 διακύψας
2661 2735 2869 2805 σοφίας.
2909 2734 3035 2798 Τοῖς
3063 2733 3171 2803 γὰρ
3199 2731 3507 2805 Κορινθίοις
3535 2731 3599 2785 τὸ
3627 2729 3764 2801 περὶ

2178 2832 2381 2885 τούτων
2431 2828 2740 2901 σαφηνίζων
2804 2827 3137 2898 μυστήριον,
3203 2824 3346 2895 τάχα
3392 2822 3585 2877 ’ταῦτα
3642 2822 3763 2892 (22)

2180 2920 2562 2994 προτεινόντων
2592 2919 2742 2991 αὐτῷ
2778 2918 3070 2981 κάκείνων,
3099 2918 3137 2973 ἃ
3160 2915 3313 2986 παρὰ
3346 2914 3455 2969 τῶν
3488 2915 3584 2968 νῦν
3624 2931 3762 2968 κατ-

2180 3013 2599 3085 επιχειρούντων
2646 3011 2741 3066 τοῦ
2772 3011 3041 3081 δόγματος
3074 3010 3168 3062 ἐπὶ
3198 3008 3481 3078 ἀνατροπῇ
3507 3005 3618 3060 τῶν
3660 3024 3761 3059 πε-

2180 3105 2553 3176 πιστευμένων
2590 3103 2943 3175 προφέρεται,
2990 3101 3067 3171 τῷ
3104 3100 3218 3169 ίδίῳ
3246 3097 3515 3167 ἀξιώματι
3562 3097 3623 3150 τὸ
3656 3099 3766 3167 τῆς

505 3179 686 3246 fuerit.
719 3178 854 3234 Nam
883 3182 1185 3238 Corinthiis
1216 3184 1539 3256 mysterium
1567 3183 1734 3255 hujus
1776 3187 1854 3241 rei
1892 3187 2074 3253 decla-

2181 3195 2421 3266 ἀμαθίας
2449 3193 2628 3247 αὐτῶν
2651 3191 2962 3246 ἐπικόπτων
2984 3189 3095 3258 (25)
3118 3188 3337 3261 θράσος,
3362 3188 3559 3241 οὑτωσὶ
3582 3186 3705 3255 λέγε
3716 3205 3754 3239 ι.

509 3286 658 3337 rans,
695 3286 820 3332 cum
851 3279 907 3336 et
943 3273 1021 3327 illi
1055 3274 1156 3344 ipsi
1201 3274 1393 3336 eadem
1454 3274 1688 3335 forsitan
1749 3277 2077 3347 objicerent,

504 3376 625 3432 qua:
654 3378 800 3427 nunc
824 3363 891 3419 ab
923 3363 1033 3427 illis
1073 3366 1164 3436 qui
1198 3366 1338 3429 hanc
1394 3366 1701 3429 doctrinam
1737 3380 2079 3441 oppugnant,

505 3455 571 3509 ad
600 3457 939 3515 eversionem
966 3456 1090 3515 ﬁdei
1128 3473 1317 3512 eorum
1350 3461 1446 3529 qui
1480 3459 1737 3526 credunt,
1787 3462 2080 3534 proferun-

486 3555 616 3611 -tur,
645 3562 742 3604 sua
783 3549 1113 3609 auctoritate
1158 3550 1377 3605 illorum
1438 3550 1724 3621 imperitia:
1774 3562 1938 3624 atque
1993 3556 2081 3610 in-

506 3641 678 3695 scitia:
706 3656 968 3703 coercens
1012 3642 1319 3706 audaciam,
1351 3644 1425 3698 ita
1448 3643 1614 3699 dicit:
1671 3644 1865 3705 «Dices
1914 3648 2084 3720 igitur

506 3733 671 3790 mihi:
709 3733 830 3799 Quo
883 3736 1047 3791 modo
1104 3735 1304 3789 mortui
1360 3738 1700 3808 resurgunt?
1757 3739 1905 3809 quali
1952 3741 2080 3797 item

506 3839 737 3895 corpore
761 3826 1020 3882 venient?
1044 3824 1241 3892 Stulte,
1257 3847 1276 3881 ι
1298 3828 1498 3898 inquit,
1527 3847 1545 3878 σ
1569 3837 1624 3884 ιιι
1653 3830 1796 3899 quod
1818 3831 2079 3895 seminas,

509 3932 617 3971 non
664 3917 992 3985 vivificatur,
1031 3918 1137 3975 nisi
1178 3926 1454 3977 mortuum
1506 3919 1693 3987 fuerit,
1725 3929 1776 3977 et
1828 3922 1880 3977 id
1935 3924 2080 3994 quod

510 4007 773 4075 seminas,
805 4024 912 4065 non
941 4010 1085 4081 quod
1115 4019 1396 4077 nascetur,
1428 4025 1631 4081 corpus
1675 4013 1940 4079 seminas,
1985 4014 2081 4069 sed

512 4098 718 4167 nudum
751 4114 1009 4170 granum,
1044 4100 1196 4164 verbi
1230 4086 1430 4175 gratia,
1485 4101 1678 4168 tritici,
1730 4110 1824 4159 aut
1852 4103 2085 4174 alicujus

510 4205 578 4249 ex
612 4190 824 4248 caeteris
848 4192 1172 4252 seminibus.
1207 4191 1354 4256 Deus
1385 4200 1570 4250 autem
1623 4195 1720 4253 dat
1757 4197 1809 4252 ei
1860 4211 2085 4269 corpus,

512 4289 572 4351 ut
594 4282 778 4339 vult".
800 4281 900 4339 Hic
912 4285 1055 4339 enim
1083 4286 1215 4341 mihi
1240 4302 1302 4342 os
1324 4288 1608 4354 obturare,
1625 4295 1789 4363 atque
1806 4290 2087 4347 silentium

512 4374 795 4442 imponere
824 4374 893 4430 iis
923 4374 1157 4441 videtur,
1195 4379 1288 4447 qui
1322 4380 1573 4448 proprias
1608 4395 1900 4442 mensuras
1922 4391 2087 4439 natu—

2180 3307 2200 3341 ι
2223 3289 2397 3358 Ἐρεῖς
2419 3282 2513 3340 οὖν
2534 3302 2623 3356 μοι
2642 3302 2652 3313 ’
2674 3283 2797 3346 Πῶς
2820 3282 3120 3353 ἐγείρονται
3142 3282 3193 3334 οί
3220 3279 3403 3351 νεκροί
3422 3296 3437 3346 ;
3456 3280 3519 3349 (⁸)
3540 3278 3761 3349 Ποίῳδέ

2178 3377 2389 3448 σώματι
2415 3376 2696 3448 ἕρχονται;
2722 3373 2966 3443 Ἄφρων,
2995 3391 3014 3424 ι
3044 3371 3200 3442 φησὶ,
3225 3390 3244 3423 ι
3274 3371 3338 3424 σὺ
3368 3369 3397 3423 ὃ
3427 3366 3663 3440 σπείρεις
3686 3368 3752 3421 οὗ

2179 3467 2523 3533 ζωοποιεῖται
2557 3465 2651 3518 ἐὰν
2687 3463 2763 3535 μὴ
2807 3462 3074 3535 ἀποθάνῃ,
3106 3462 3201 3515 κα)¹
3231 3461 3259 3515 ὃ
3297 3459 3559 3531 σπείρεις,
3592 3458 3653 3512 οὐ
3685 3459 3753 3512 τὸ

2182 3560 2340 3631 σῶμα
2370 3558 2430 3613 τὸ
2456 3555 3111 3627 γενησόμενονσπείρεις,
3140 3553 3279 3609 ἀλλὰ
3306 3553 3511 3624 γυμνὸν
3531 3551 3749 3615 κόκκον,

2179 3650 2402 3721 εἰτύχοι
2436 3650 2583 3711 σίτου
2603 3686 2618 3710 ,
2660 3646 2693 3717 ἢ
2723 3646 2882 3702 ἄλλου
2912 3646 3057 3708 τινος
3089 3644 3195 3698 τῶν
3230 3644 3555 3716 σπερμάτων
3576 3660 3590 3677 ο
3634 3644 3661 3696 ὁ
3687 3643 3752 3697 δὲ

2178 3742 2309 3805 Θεὸς
2335 3740 2547 3794 δίδωσιν
2574 3738 2720 3810 αυτῷ
2749 3738 2908 3808 σῶμα
2932 3735 3112 3800 καθὼς
3141 3735 3459 3807 ⁴Ιγθέλησεν.»
3491 3732 3746 3789 Ἐνταῦθα

2178 3834 2285 3905 γὰρ
2306 3830 2677 3901 ἐπιστομίζειν
2706 3847 2794 3901 μοι
2816 3830 2963 3895 δοκεῖ
2986 3829 3112 3892 τοὺς
3138 3825 3465 3899 ἀγνοοῦντας
3490 3826 3554 3881 τὰ
3570 3826 3744 3879 οἰκεῖα

2182 3924 2355 3995 μέτρα
2388 3925 2486 3994 τῆς
2520 3921 2754 3991 φύσεως,
2787 3919 2884 3989 καί
2913 3918 3049 3991 πρὸς
3089 3917 3189 3989 τὴν
3223 3918 3428 3973 ἑαυτῶν
3462 3919 3607 3989 ίσχὺν
3643 3915 3744 3987 τὴν

2183 4012 2349 4067 θείαν
2361 4011 2811 4077 ἀντεξετάζοντας
2839 4009 3090 4080 δύναμιν,
3142 4010 3236 4063 καὶ¹
3261 4007 3534 4076 οἰομένους
3557 4006 3745 4059 τοσοῦ-

2180 4123 2271 4159 τον
2297 4101 2437 4159 εἶναι
2457 4102 2535 4175 τῷ
2558 4103 2675 4174 Θεῷ
2699 4102 2943 4165 δυνατὸν,
2977 4101 3100 4155 ὅσον
3125 4100 3235 4171 (24)
3258 4100 3426 4170 χωρεῖ
3453 4097 3543 4157 καὶ
3567 4097 3675 4168 (25)
3706 4100 3743 4170 ἠ

2183 4194 2493 4266 ἀνθρωπίνη
2520 4193 2820 4264 κατάληψις
2843 4209 2857 4223 ·
2905 4192 2967 4245 τὸ
2989 4190 3048 4246 δέ
3075 4190 3214 4261 ὑπὲρ
3245 4189 3391 4260 ἡμᾶς
3417 4186 3497 4251 ὃν,
3527 4187 3618 4242 καὶ
3648 4187 3744 4242 τοῦ

2182 4291 2318 4345 Θεοῦ
2359 4289 2615 4362 παριέναι
2642 4289 2742 4361 τὴν
2769 4286 3016 4357 δύναμιν,
3078 4286 3139 4339 '0
3187 4282 3296 4354 γὰρ
3341 4281 3614 4353 ἐρωτήσας
3652 4281 3744 4334 τὸν

2197 4381 2519 4436 Ἀπόστολον
2565 4380 2628 4433 τὸ
2675 4379 2793 4442 πῶς
2839 4378 2953 4449 (26)
3008 4376 3309 4449 ἐγείρονται
3354 4375 3405 4428 oi
3438 4372 3629 4443 νεκροὶ,
3665 4370 3745 4438 ὡς

515 4482 590 4537 ra:
616 4468 893 4540 ignorant,
928 4476 984 4525 ct
999 4484 1124 4527 cum
1143 4471 1260 4527 suis
1280 4471 1489 4528 viribus
1502 4473 1741 4529 divinam
1766 4490 1831 4530 ex
1855 4476 2077 4535 adverso

2190 4475 2466 4546 ἀμήχανον
2486 4471 2546 4526 ὃν
2571 4471 2634 4525 τὸ
2656 4469 3063 4540 ἐσκεδασμένων
3091 4466 3197 4522 τῶν
3223 4467 3319 4521 τοῦ
3346 4465 3580 4538 σώματος
3605 4480 3739 4518 στοι·

515 4568 839 4633 comparant
889 4562 1211 4633 potentiam,
1273 4573 1436 4633 atque
1494 4566 1814 4628 existimant
1873 4574 2084 4631 tantum

516 4650 686 4718 Deum
719 4668 901 4724 posse,
938 4663 1204 4724 quantum
1231 4655 1531 4717 humanum
1562 4655 1838 4727 ingenium
1889 4674 2085 4730 capere

516 4750 678 4813 atque
728 4745 1191 4817 comprehendere
1217 4746 1424 4817 possit:
1486 4746 1631 4816 quod
1691 4756 1872 4803 autem
1916 4763 2086 4819 supra

515 4848 619 4895 nos
643 4836 734 4902 sit,
758 4837 922 4892 etiam
968 4837 1206 4894 divinam
1242 4839 1536 4909 potentiam
1573 4838 1880 4909 praecedere
1922 4849 2087 4913 atque

516 4939 797 4994 superare.
825 4926 928 4993 Qui
954 4928 1097 4995 enim
1122 4928 1953 5001 interrogaveramApostolum,
1974 4948 2080 5004 qua

586 5017 633 5049 ⁸⁸
670 5015 684 5068 1
717 5015 845 5071 Cor.
878 5035 964 5074 xv.
997 5020 1065 5074 55
1094 5036 1213 5091 sqq.

585 5106 701 5173 (15)
734 5108 811 5163 Ἦ
832 5108 1038 5196 διά.“Α
1060 5112 1103 5166 Β
1131 5112 1232 5234 ἓδη
1263 5112 1381 5195 διά..
1626 5181 1639 5197 ¹
1799 5182 1827 5195 _

589 5175 704 5234 (16)
753 5180 856 5233 Δια
883 5196 989 5234 του
1016 5197 1135 5234 arvo
1174 5203 1223 5234 ο.
1287 5182 1329 5234 Α
1367 5197 1424 5234 ιη
1471 5195 1715 5234 margine
1758 5199 1827 5234 τω

589 5175 704 5255 (16)
753 5179 856 5255 Διᾴ
883 5175 1232 5255 τοῦῇπυρὸςξ
1253 5182 1329 5255 ΔΑ
1351 5182 1446 5255 _in_
1471 5181 1744 5255 margine‘
1758 5182 1854 5255 up
1881 5185 2084 5255 αίωνίῳ

520 5249 1181 5323 πυρὶ-καταδικασθέντων
1212 5251 1402 5323 τῶνδέ
1431 5249 1627 5323 ἐπίσης
1654 5252 1747 5310 τοῦ
1771 5249 1936 5311 καλοῦ
1964 5250 2044 5309 te.

650 5320 702 5391 ἶ)
739 5321 1038 5391 Ἐερικτόάκ
1071 5322 1115 5377 Α
1148 5320 1365 5391 ἐφικτὰ.

589 5388 701 5466 ς
725 5388 1254 5466 Σχολᾳιότερον.λ
1279 5394 1332 5447 in
1362 5393 1609 5465 margine
1644 5394 2006 5466 σχολαίτερον.

588 5457 702 5534 (.19)
742 5457 1109 5534 Ἰετγένομςύ
1134 5466 1383 5534 ἐγγινομ-

740 5526 1243 5607 ᾈῦθὰέῑογῇσετᾴιλ
1262 5534 1302 5587 Α
1404 5534 1744 5607 ἀναλογήσει.

593 5595 705 5724 (ἑὲ)
739 5599 807 5650 Τὸ
835 5595 1035 5681 “hic-{.5
1064 5602 1122 5655 τὸ
1153 5603 1258 5657 ἀπὸ
1514 5676 1523 5691 ,

688 5667 707 5735 )
739 5668 896 5735 Τάχα
921 5686 1124 5735 ταυτα.
1163 5675 1199 5726 Λ
1230 5672 1272 5725 Β
1304 5688 1444 5735 ταχα
1470 5692 1534 5728 τα
1559 5675 1695 5729 αυτά

817 5686 896 5735 χα
921 5686 1124 5744 ταυτα.
1163 5686 1199 5726 A
1230 5686 1272 5725 ts
1304 5688 1444 5742 ταχα
1470 5686 1534 5728 τα
1559 5686 1713 5729 αυτα.

2192 4564 2354 4635 χείων
2388 4566 2468 4627 είς
2497 4563 2800 4635 συνδρομὴν
2823 4561 2983 4631 πάλιν
3014 4560 3187 4615 ἐλθεῖν
3219 4556 3602 4629 ἀποφαίνεται*
3648 4556 3740 4609 καὶ

2191 4658 2268 4721 ὡς
2287 4656 2476 4727 τούτου
2509 4653 2584 4727 μὴ
2605 4653 2922 4725 δυναμένου,
2942 4652 3101 4707 ἄλλου
3119 4652 3176 4706 δὲ
3204 4650 3316 4720 (27)
3342 4648 3580 4721 σώματος
3596 4646 3741 4718 παρὰ

2190 4748 2287 4820 τὴν
2312 4748 2419 4819 (28)
2444 4745 2744 4818 συνδρομὴν
2770 4744 2878 4798 τῶν
2902 4742 3178 4814 στοιχείων
3198 4741 3296 4812 οὐχ
3316 4738 3736 4810 ὑπολειπομένου,

2191 4839 2379 4895 τοῦτόν
2421 4855 2555 4909 φησι
2613 4835 2756 4890 κατὰ
2805 4835 2934 4898 τοὺς
2977 4832 3183 4897 δεινοὺς
3215 4830 3327 4885 τῶν
3370 4828 3738 4900 διαλεγομένων

2192 4930 2545 5002 συμπεράνας
2576 4928 2686 5000 (29)
2712 4927 2801 4982 διά
2821 4944 2964 4991 τινος
2987 4923 3306 4993 ἀκολουθίας
3335 4924 3478 4994 ἅπερ
3500 4922 3732 4982 ὑπέθετο*

2262 5111 2376 5184 (25)
2414 5111 2800 5184 Ἐπικόπτων.
2846 5108 2888 5182 Α
2922 5108 2975 5184 in
3000 5107 3254 5184 margine
3278 5105 3636 5179 ἐπισκήπτων,

2316 5177 2381 5254 Γ)
2414 5181 2602 5254 ,Ἐρεῖς
2628 5185 2743 5254 -ξοί-
2766 5179 2987 5254 νεκροί.
3022 5177 3171 5238 Dolet
3200 5177 3259 5231 Β.

2262 5249 2376 5324 (ει)
2410 5249 2618 5324 ’οσοῃ
2651 5252 2694 5324 ᾼ
2718 5252 2841 5324 ὅσον
2866 5249 2979 5302 καί.

2260 5320 2374 5392 (25)
2414 5324 2545 5377 Kal.
2577 5320 2733 5392 Delet
2756 5320 2816 5392 11.

2260 5388 2374 5457 (26)
2414 5392 2484 5447 Τὸ
2512 5391 2658 5457 πῶς.
2688 5392 2730 5443 Α
2765 5391 2819 5443 in
2851 5403 3097 5459 margine
3122 5388 3290 5449 ὅπως.

2262 5465 2375 5525 (27)
2403 5463 2633 5515 ’Λλλου
2658 5459 2743 5514 δέ.
2774 5459 2814 5511 Β
2838 5458 2951 5511 ἀλλ’
2978 5458 3121 5510 οὐδέ.

2262 5532 2374 5599 (28)
2406 5532 2571 5598 Παρὰ
2602 5528 2734 5593 τήν.
2775 5530 2818 5580 Β
2847 5528 2981 5599 πρὸς
3013 5529 3129 5599 τήν.

2263 5596 2373 5688 (29)
2406 5596 2815 5679 ξυμπεριίνας.
2858 5596 2919 5665 Α.
2964 5597 3114 5652 addit
3149 5596 3291 5673 λογῳ
3324 5633 3339 5650 .
