3896 6208
346 312 455 381 ίξδ

1427 333 1517 392 DE
1535 334 1750 393 ANIMA
1782 335 1871 393 ET
1907 336 2509 399 RESURRECTIONE.

3494 347 3598 406 εει

349 437 418 491 Et
453 437 772 535 «agitas:
801 446 1075 522 συνδρομὴ
1122 454 1418 526 στοιχείων,
1466 458 1672 515 τούτων
1702 459 1758 513 δὲ
1787 460 1921 530 ἀμή·

2035 465 2247 519 ratione
2272 462 2472 518 mortui
2499 470 2871 533 resurgerem,
2916 462 3075 535 quasi
3115 462 3233 519 ﬁeri
3281 477 3390 519 non
3437 477 3601 533 posse

351 546 517 636 χαξνρς
550 531 662 636 (50)
696 534 771 636 ’ἐκ
816 536 1068 636 δευτέρου
1113 546 1146 617 ἡ
1193 544 1428 613 σύνοδος,
1459 548 1597 620 ποίῳ
1639 551 1932 622 χρήσονται

355 625 566 693 σώματι
596 628 645 680 ot
684 625 1076 702 ἀνιστάμενοις
1124 635 1295 692 Τοῦτο
1321 638 1502 696 τοίνυν
1536 640 1599 695 τὸ
1623 641 1813 697 δοκοῦν
1844 642 1934 701 διά

350 730 495 824 ‘Et'VO;
519 719 778 824 τεχνικῆς
811 722 1003 824 σοφίας
1047 726 1232 792 αὐτοῖς
1270 730 1710 803 συμπεπλέχθαι,
1754 733 1930 804 ἀφρο-

350 809 516 878 σύν-ην
556 809 833 882 ὠνόμασε,
885 815 994 869 τῶν
1040 817 1116 889 μὴ
1164 821 1494 878 κατιδόντων
1541 824 1600 877 ὲν
1643 826 1711 896 τῇ
1765 823 1928 897 λοιπῇ

347 898 521 961 κτίσει
548 903 612 957 τὸ
640 902 908 977 ὑπερέχον
932 910 1031 981 τῆς
1063 910 1217 976 θείας
1247 913 1552 985 δυνάμεως.
1597 916 1931 973 Καταλιπὼν

302 1043 323 1059 ,
346 988 458 1082 γάρ
482 990 553 1045 τὰ
575 993 884 1070 ὑψηλότερα
906 1000 1002 1055 τοῦ
1032 1001 1169 1057 Θεοῦ
1201 1004 1455 1077 θαύματα
1480 1008 1617 1079 (51),
1653 1010 1721 1063 δι’
1751 1003 1827 1064 ὧν
1859 1004 1929 1082 ἦν

348 1081 430 1146 εἰς
470 1082 707 1156 ἀπορίαν
744 1088 972 1159 ἀγαγεῖν
999 1092 1089 1148 τὸν
1114 1094 1401 1162 ἀκούοντα,
1440 1091 1572 1163 οἷον,
1598 1100 1652 1152 τί
1680 1098 1741 1153 τὸ
1760 1081 1928 1171 οὐρά-

349 1189 464 1226 νιον
488 1174 666 1246 σῶμα,
684 1179 779 1233 κα)⁵
798 1180 981 1247 πόθεν,
999 1184 1120 1239 τίδὲ
1140 1187 1202 1240 τὸ
1223 1187 1465 1259 ἡλιακὸν,
1486 1189 1520 1261 ἢ
1543 1189 1603 1242 τὸ
1625 1191 1926 1261 σεληναῖον,

350 1264 471 1335 ῆτὺ
499 1267 557 1320 ὲν
588 1272 701 1334 τοῖς
724 1272 944 1344 ἄστροις
971 1277 1313 1349 φαινόμενον,
1352 1281 1382 1332 6
1406 1279 1588 1351 αἰθὴρ,
1629 1282 1659 1334 6
1701 1282 1828 1353 ἀὴρ,
1861 1284 1924 1337 τὸ

348 1354 513 1428 ὕδωρ,
548 1360 582 1429 ὴ
614 1360 685 1432 γῆ
715 1380 730 1429 ;
765 1362 879 1416 ἀλλ’
913 1366 977 1419 ἐκ
1007 1366 1117 1436 (32)
1162 1368 1269 1422 τῶν
1298 1370 1609 1441 συντρόφων
1657 1371 1789 1441 ἡμῖν
1830 1371 1923 1424 καὶ

347 1448 670 1519 κοινοτέρων
732 1452 943 1527 ἐλέγχει
991 1448 1109 1512 ’τῶν
1166 1459 1535 1532 ἐνισταμένων
1596 1461 1658 1515 τὸ
1731 1460 1923 1515 ἀνεπί-

348 1552 445 1589 σκε
451 1554 604 1594 πτον.

2029 562 2344 618 censerent,
2378 561 2439 609 ut
2468 553 2720 624 corporis
2753 554 3025 610 elementa
3062 555 3333 624 dissipata
3380 568 3599 609 rursum

2026 645 2248 701 veniant
2269 644 2336 699 ad
2364 659 2732 713 concursum;
2761 652 2964 700 etcum
2990 645 3094 700 hoc
3124 645 3286 715 quasi
3321 644 3439 699 ﬁeri
3489 659 3600 699 non

2027 742 2234 802 posset,
2272 747 2373 789 nec
2435 734 2583 788 aliud
2639 742 2838 804 praeter
2894 734 2949 789 id
2999 734 3147 805 quod
3199 750 3264 789 ex
3321 748 3597 789 concursu

2028 819 2297 877 conlietur
2381 821 2806 886 elementorum,
2876 836 3080 892 corpus
3166 821 3598 890 relinqueretur,

2032 927 2185 968 more
2235 926 2426 969 eorum
2473 914 2567 983 qui
2632 914 2914 969 subtiliter
2966 921 3023 969 et
3070 911 3269 968 callide
3313 911 3602 967 disserunt

2030 1019 2095 1059 ac
2129 1004 2438 1075 disputant,
2464 1019 2563 1075 per
2592 1005 2886 1075 quamdam
2914 1004 3368 1076 consequentiam
3393 1017 3457 1058 ea
3478 1017 3601 1072 quae

2029 1105 2409 1170 proposuerat,
2458 1096 2707 1153 oratione
2759 1097 3116 1159 concludens,
3170 1096 3276 1151 hoc
3325 1093 3491 1148 dicit:
3540 1090 3599 1147 Si

2029 1204 2232 1259 corpus
2259 1196 2344 1244 est
2393 1201 2700 1244 concursus
2728 1188 3148 1253 elementorum,
3202 1201 3268 1241 ac
3314 1184 3432 1240 ﬁeri
3490 1198 3600 1239 non

1996 1290 2003 1297 '
2028 1289 2237 1351 potest,
2278 1290 2338 1333 ut
2366 1280 2564 1335 iterum
2595 1294 2658 1334 ea
2677 1288 2873 1335 coeant
2897 1288 2953 1333 et
2972 1277 3325 1334 conveniant:
3349 1290 3461 1346 quo
3478 1288 3603 1329 cor-

2027 1385 2159 1441 pore
2190 1377 2414 1424 utentur
2440 1368 2476 1422 ii
2503 1369 2597 1437 qui
2625 1366 2956 1436 resurgunt?
2988 1364 3101 1419 Hoc
3132 1364 3322 1434 igitur,
3341 1360 3489 1432 quod
3506 1374 3603 1430 per

2026 1458 2381 1514 artiﬁciosam
2398 1454 2688 1526 quamdam
2706 1454 3057 1510 calliditatem
3088 1454 3159 1509 ab
3194 1453 3264 1507 iis
3288 1463 3598 1516 connexum

2025 1558 2081 1605 et
2121 1548 2510 1605 concinnatum
2560 1546 2880 1611 videbatur,
2928 1544 3218 1600 stultitiam
3272 1541 3596 1605 nominavit,

345 1631 442 1699 qui
484 1646 595 1687 non
612 1633 1205 1697 animadvertissentin
1225 1643 1433 1715 reliqua
1450 1653 1701 1700 creatura
1715 1645 2087 1715 praestantiam
2119 1654 2171 1700 et
2192 1641 2571 1699 excellentiam
2605 1639 2862 1710 potentiae
2917 1638 3131 1693 divinae.
3184 1636 3416 1693 Omissis
3449 1633 3595 1689 enim

347 1724 1435 1829 sublimioribusmiraculisDei,perquae
1488 1740 1558 1795 ad
1598 1740 1991 1796 dubitationem
2020 1754 2084 1795 ac
2116 1739 2530 1810 perplexitatem
2587 1735 2782 1793 adduci
2834 1739 3047 1804 poterat
3081 1731 3301 1786 auditor
3328 1768 3343 1792 ,
3404 1726 3594 1790 veluti,

347 1818 617 1886 quidnam
644 1823 716 1877 sit
747 1840 943 1896 corpus
970 1830 1219 1897 caeleste,
1251 1842 1345 1888 aut
1370 1834 1516 1890 unde
1543 1836 1637 1899 sit,
1658 1835 1919 1905 quidnam
1977 1835 2104 1889 item
2128 1847 2331 1903 corpus
2362 1831 2497 1887 solis
2529 1837 2624 1886 aut
2650 1830 2813 1895 lunae,
2845 1834 2941 1881 aut
2992 1824 3046 1880 id
3083 1824 3230 1895 quod
3298 1823 3353 1876 in
3389 1818 3598 1877 sideri-

352 1909 463 1967 bus
502 1924 740 1983 apparet,
772 1920 904 1990 quid
960 1924 1153 1991 aether,
1206 1927 1341 1997 quid
1393 1943 1511 1994 aer,
1567 1929 1700 2000 quid
1762 1944 1925 2000 aqua,
1968 1939 2135 1993 terra,
2169 1944 2266 1999 per
2322 1942 2411 1991 ea,
2463 1941 2586 1997 qua;
2636 1922 2907 1996 frequenti
2961 1917 3360 1977 consuetudine
3435 1914 3598 1970 nobis

348 2014 478 2061 nota
509 2008 787 2080 magisque
816 2016 1129 2071 communia
1159 2026 1311 2084 sunt,
1342 2021 1525 2091 arguit
1555 2021 1612 2075 in
1667 2021 2135 2077 considerantiam
2169 2019 2636 2075 adversariorum.

416 2118 551 2172 Οὐδὲ
582 2123 615 2193 ἡ
648 2126 893 2197 γεωργία
938 2146 998 2183 σε
1038 2131 1297 2197 διδάσκει,
1334 2134 1519 2206 φησὶν,
1566 2136 1650 2189 ὅτι
1698 2136 1921 2208 μάταιός

2095 2135 2178 2189 An
2213 2149 2314 2189 nec
2377 2133 2711 2204 agricultura
2771 2128 2991 2201 quidem
3056 2137 3109 2184 te
3153 2126 3333 2189 docet,
3386 2121 3592 2192 inquit,

341 2209 493 2264 ἐστιν
516 2214 542 2265 6
570 2214 706 2284 πρὸς
734 2217 793 2270 τὸ
821 2218 1014 2274 ἑαυτοῦ
1041 2222 1240 2294 μέτρον
1262 2224 1363 2295 τῆς
1387 2224 1538 2291 θείας
1560 2226 1843 2299 δυνάμεως
1861 2227 1924 2281 τὸ

341 2302 614 2376 ὑπερέχον
659 2310 1089 2383 στοχαζόμενος;
1154 2316 1320 2372 πόθεν
1365 2320 1479 2382 τοῖς
1526 2302 1809 2391 ⁴σπέρμασι
1853 2317 1927 2373 τὰ

342 2397 720 2468 περιφυόμενα
752 2402 1001 2473 σώματας
1035 2405 1089 2458 τί
1116 2405 1173 2459 δὲ
1204 2406 1529 2477 καθηγεῖται
1562 2410 1661 2479 τῆς
1689 2408 1927 2480 βλάστης

339 2484 566 2553 αὸτῶν;
618 2488 737 2559 οὐχὶ
779 2490 1032 2559 Θάνατος,
1083 2496 1242 2568 εἴπερ
1289 2497 1516 2563 θάνατός
1558 2501 1705 2553 ἐστιν
1748 2501 1782 2572 ἡ
1830 2497 1924 2553 τοῦ

340 2578 737 2649 συνεστηκότος
773 2581 1048 2651 διάλυσιςς
1108 2588 1181 2641 Τὸ
1234 2591 1344 2662 γάρ
1383 2590 1605 2661 σπέρμα
1653 2591 1727 2661 μὴ
1772 2591 1927 2646 ἀνέλ-

340 2667 426 2722 Oet
469 2667 582 2739 (33)
612 2672 693 2735 είς
723 2672 948 2743 ἐκφυσιν
999 2678 1072 2749 μὴ
1105 2679 1352 2735 διαλυθὲν
1386 2684 1444 2734 ὲν
1485 2685 1550 2752 τῇ
1586 2681 1741 2752 βώλῳ
1785 2681 1918 2751 (54),

341 2757 441 2811 καὶ
488 2761 779 2831 γενόμενον
836 2767 1027 2839 ἀραιὸν
1078 2770 1191 2840 (55)
1237 2771 1332 2825 καὶ
1379 2771 1684 2843 πολύπορον
1708 2811 1724 2835 ,
1779 2771 1921 2825 ὥστε

340 2850 744 2923 καταμιχθῆναι
791 2857 928 2929 πρὸς
984 2859 1084 2930 τὴν
1141 2862 1553 2933 παρακειμένην
1610 2863 1812 2933 ἰκμάδα
1854 2865 1919 2936 τῇ

338 2942 521 3015 οἰκείᾳ
568 2946 835 3019 ποιότητι,
886 2951 978 3004 καὶ
1026 2951 1196 3016 οὕτως
1240 2955 1318 3016 είς
1365 2955 1521 3025 ῥίζαν
1556 2955 1650 3009 καὶ
1686 2955 1920 3028 βλάστην

342 3036 798 3108 μεταποιηθῆναι,
826 3042 922 3094 κα).
950 3043 1082 3114 μηδὲ
1114 3045 1173 3098 ὲν
1202 3044 1375 3115 τούτῳ
1407 3046 1518 3118 (56)
1556 3049 1754 3117 μεῖναι,
1786 3046 1922 3109 ἀλλὰ

341 3127 671 3229 μεταϐαλεῖν
840 3132 1116 3206 καλάμην,
1161 3138 1275 3201 τοῖς
1325 3134 1414 3191 διὰ
1463 3137 1631 3208 μέσου
1675 3138 1918 3208 γόνασιν,

335 3215 453 3269 οἷόν
483 3234 595 3271 τισι
622 3219 938 3292 συνδέσμοις
963 3224 1376 3298 ὑπεζωσμένην,
1406 3229 1541 3301 πρὸς
1567 3230 1630 3289 τὸ
1661 3228 1921 3291 δύνασθαι

338 3307 528 3383 φέρειν
574 3309 634 3363 ἐν
674 3310 842 3383 ὀρθίῳ
869 3313 945 3386 τῷ
975 3316 1211 3387 σχήματι
1248 3319 1340 3373 τὸν
1387 3320 1588 3390 στάχυν
1616 3319 1693 3392 τῷ
1723 3320 1920 3394 καρπῷ

340 3396 729 3470 βαρυνόμενον.
772 3402 881 3456 Ποῦ
929 3405 1109 3460 τοίνυν
1148 3407 1322 3462 ταῦτα
1354 3408 1485 3482 περ).
1528 3409 1620 3463 τὸν
1675 3411 1818 3464 σῖτον
1849 3404 1917 3481 ἦν

338 3489 449 3561 πρὸ
492 3491 595 3562 τῆς
638 3494 698 3546 ὲν
745 3497 810 3565 τῇ
846 3493 1001 3568 βώλῳ
1030 3497 1195 3552 αὑτοῦ
1236 3499 1560 3567 διαλύσεως;
1623 3500 1781 3556 Ἀλλὰ
1812 3500 1917 3572 μὴν

335 3581 552 3636 ἐκεῖθεν
577 3581 736 3638 τοῦτό
760 3586 930 3644 ἐστιν.
978 3589 1045 3657 Et
1085 3588 1194 3661 γὰρ
1222 3590 1299 3662 μὴ
1327 3592 1501 3659 ἐκεῖνο
1534 3591 1796 3663 πρότερον
1826 3587 1916 3663 ἦν,

335 3671 538 3737 οὐδ’,ἆν
566 3673 678 3744 ('57)
704 3676 733 3728 6
762 3677 960 3748 στάχυς
988 3678 1223 3747 ἐγένετο.
1257 3680 1464 3752 ’Ὠσπερ
1487 3681 1665 3736 τοίνυν
1692 3680 1754 3735 τὸ
1773 3679 1918 3735 κατὰ

335 3763 435 3816 τδν
480 3766 681 3836 στάχυν
732 3766 891 3838 σῶμα
940 3769 1053 3842 (58)
1105 3771 1171 3825 ὲκ
1219 3771 1313 3826 τοῦ
1369 3773 1682 3845 σπέρματος
1728 3773 1919 3843 φαίνε-

338 3871 439 3907 ται
471 3854 606 3922 (59),
633 3858 728 3928 τῆς
755 3858 904 3925 θείας
931 3861 1213 3934 δυνάμεως
1241 3864 1303 3930 ἐξ
1334 3864 1498 3919 αὐτοῦ
1525 3865 1733 3920 ἐκείνου
1751 3864 1920 3936 ,τοῦτο

340 3944 800 4019 φιλοτεχνούσης,
847 3952 941 4005 κα).
986 3951 1109 4006 οὔτε
1158 3955 1226 4010 δι’
1255 3955 1377 4009 ὅλου
1414 3955 1529 4027 (40)
1579 3956 1773 4011 ταύτόν
1802 3958 1918 4010 ἐστι

336 4032 426 4103 τῷ
456 4034 748 4106 σπέρματι,
776 4038 896 4093 οὔτε
922 4041 1267 4099 παντάπασιν
1299 4044 1485 4116 ἕτερον
1507 4062 1523 4079 ·
1565 4046 1728 4111 οὕτω,
1758 4047 1916 4119 φησὶ,

336 4126 441 4193 καὶ
482 4125 544 4179 τὸ
593 4130 886 4203 μυστήριον
918 4133 1017 4203 τῆς
1050 4134 1397 4201 ἀναστάσεως
1427 4136 1529 4209 ἤδη
1563 4154 1646 4192 σοι
1673 4136 1763 4192 διὰ
1806 4137 1918 4192 τῶν

336 4217 405 4269 ἐν
442 4220 557 4281 τοῖς
602 4220 880 4293 σπέρμασι
923 4223 1509 4299 θαυματοποιουμένων
1541 4227 1921 4301 προερμηνεύ-

334 4323 460 4375 εται
495 4308 629 4379 (ﬂ),
654 4312 729 4376 ὡς
753 4313 855 4383 τῆς
881 4314 1031 4380 θείας
1062 4315 1343 4389 δυνάμεως
1371 4319 1429 4372 ὲν
1454 4320 1532 4391 τῷ
1556 4320 1798 4391 περιόντι
1817 4320 1919 4391 τῆς

336 4398 608 4468 ἐξουσίας,
634 4402 696 4455 οὐ
730 4405 891 4475 μόνον
913 4407 1087 4461 ἐκεῖνο
1119 4407 1181 4473 τὸ
1201 4408 1449 4464 διαλυθέν
1481 4427 1564 4464 σοι
1592 4411 1752 4467 πάλιν
1782 4411 1920 4466 ἁπο-

334 4489 609 4563 διδούσης,
650 4493 786 4548 ἀλλὰ
817 4496 930 4568 (42)
960 4499 1171 4569 μεγάλα
1196 4518 1258 4554 τε
1290 4500 1387 4555 καὶ
1431 4501 1573 4557 καλὰ
1612 4501 1920 4575 προστιθεί-

339 4598 461 4686 σης,
496 4583 568 4637 δι’
595 4576 673 4639 ὧν
715 4604 797 4642 σοι
844 4589 979 4686 πρὸς
1009 4590 1070 4644 τὸ
1118 4590 1229 4662 (45)
1277 4593 1854 4669 μεγαλοπρεπέστερον
1880 4595 1915 4667 ἡ

335 4679 504 4741 φύσις
550 4679 1039 4744 κατασκευάζεται.
1110 4700 1130 4735 ι
1168 4682 1480 4755 Σπείρεται,
1525 4702 1545 4738 r
1584 4683 1770 4756 φησὶν,
1812 4702 1831 4737 ι
1858 4686 1917 4739 ὲν

335 4763 535 4865 fota-pc},
557 4768 829 4865 ἐγείρεται
849 4772 907 4827 ὲν
925 4772 1232 4847 ᾷφθαρσεᾳ·
1260 4776 1543 4849 σπείρεται
1564 4777 1622 4830 ἐν
1642 4775 1916 4848 ἀσθενείᾳ,
1948 4808 1994 4865 D

335 4857 613 4931 ἐγείρεται
635 4861 695 4915 ιν
712 4861 959 4934 δυνάμει’
983 4866 1264 4937 σπείρεται
1279 4868 1392 4943 (44)
1410 4869 1468 4924 ὲν
1479 4867 1691 4941 ἀτιμίᾳ,
1716 4867 1919 4941 ἐγείρε-

333 4962 430 5000 ται
456 4950 515 5003 ὲν
527 4949 651 5023 δόξῃ
675 4969 692 4984 ⁸
716 4955 999 5027 σπείρεται
1028 4957 1189 5029 σῶμα
1206 4959 1452 5032 ψυχικὸν,
1467 4958 1915 5031 ἐγείρεται,σῶμα

334 5044 732 5111 πνευματικόν.
796 5046 885 5110 Ὠς
933 5048 1044 5120 γὰρ
1083 5050 1397 5106 καταλιπὼν
1441 5050 1580 5123 μετὰ
1624 5049 1689 5105 τὸ
1731 5051 1916 5111 διαλυ-

412 5235 529 5314 L39)
569 5237 919 5314 ᾏιεήκανοςτ
956 5242 998 5295 Α
1026 5242 1176 5314 addit
1203 5243 1349 5314 ἐστὶν
1369 5246 1426 5314 ἡ·

409 5306 524 5387 (31.)
568 5309 681 5363 Τοῦ
712 5306 770 5364 Θ.
809 5306 986 5381 θάύμ.
1029 5312 1151 5367 Τῶν
1199 5313 1294 5367 τοῦ
1344 5306 1482 5369 Θεοῦ
1528 5315 1840 5387 θαυμάτων.
1874 5314 1915 5369 Β

331 5372 648 5444 δογμάτων.

407 5445 523 5501 432)
572 5448 648 5501 Ἀ.

407 5445 523 5514 43‘!)
572 5448 734 5504 Ἀλλ’
758 5450 848 5505 ἐκ.
890 5450 1039 5508 Delet
1080 5451 1144 5507 A.

412 5516 529 5585 (35)
556 5516 655 5585 Μὴ
684 5519 947 5577 ἀνέλθοι.
983 5524 1024 5578 Λ
1058 5521 1099 5577 Β
1125 5522 1228 5577 οὐκ
1256 5524 1323 5578 ἂν
1356 5523 1518 5580 ἔλθοι.

412 5529 529 5647 me)
556 5529 655 5585 Μη
684 5529 947 5577 ἀνέλθοι.
983 5529 1024 5578 Δ
1058 5529 1099 5577 Β
1125 5529 1167 5577 οι

411 5586 747 5663 62.56159-
785 5590 824 5663 Β
852 5591 1027 5663 ﬁtilla».
1161 5636 1167 5646 ο

408 5656 747 5743 ςτόμ.
773 5656 867 5743 rip.
964 5656 1275 5743 γεινόμενον
1303 5665 1510 5735 ἀραιόν.

410 5727 529 5793 (ὂζξ)
562 5726 667 5785 Ἑν
686 5726 891 5797 τούτῳ.
922 5726 986 5790 Α’
1006 5737 1065 5791 ἐν
1096 5726 1321 5799 τούτοις.

2024 2229 2168 2299 quod
2201 2228 2401 2283 stultus
2426 2237 2480 2282 et
2513 2227 2730 2296 ineptus
2752 2225 2822 2280 sit
2849 2224 2902 2287 is.
2927 2223 3019 2294 qui
3051 2237 3120 2277 ex
3144 2217 3307 2275 modo
3341 2230 3406 2272 ac
3445 2228 3598 2269 men-

2025 2335 2152 2376 sura
2176 2334 2399 2376 suarum
2431 2318 2629 2371 virium
2656 2316 2855 2371 divina:
2881 2312 3133 2386 potentiae
3162 2308 3397 2365 aestimat
3419 2304 3597 2360 excel-

2023 2407 2288 2464 lentiam?
2329 2405 2476 2460 unde
2508 2403 2813 2460 seminibus
2863 2417 2928 2457 ea
2953 2415 3074 2470 qum
3100 2403 3423 2456 nascuntur,
3472 2406 3597 2447 cor-

2022 2513 2154 2570 pora
2172 2498 2198 2552 ἲ
2216 2496 2348 2567 quid
2391 2497 2520 2552 item
2567 2494 2828 2565 praecedit
2885 2507 3075 2550 eorum
3102 2484 3598 2562 germinationem?

2021 2607 2091 2646 an
2118 2606 2229 2645 non
2263 2604 2431 2654 mors,
2463 2589 2510 2643 si
2539 2588 2759 2657 quidem
2796 2600 2944 2641 mors
2982 2592 3087 2647 est,
3118 2580 3390 2652 compacti
3430 2586 3596 2649 atque

2019 2682 2384 2754 coagmentati
2409 2680 2746 2736 dissolutio?
2770 2677 2904 2732 Nam
2939 2691 3124 2732 semen
3148 2689 3254 2729 non
3279 2669 3595 2745 perveniret

2018 2774 2086 2830 ad
2111 2771 2583 2845 germinatioucm,
2613 2771 2721 2826 nisi
2743 2770 2799 2825 in
2828 2768 2983 2840 gleba
3013 2766 3364 2828 dissolutum,
3407 2760 3597 2817 molli-
3704 2836 3711 2840 ὁ

2020 2873 2134 2921 tum
2152 2871 2206 2922 et
2239 2879 2424 2920 rarum
2457 2861 2729 2925 eﬂectum,
2757 2868 2920 2931 atque
2943 2860 2999 2914 in
3032 2858 3217 2928 plures
3244 2861 3458 2911 meatus
3478 2850 3594 2908 dii-

2017 2957 2203 3015 fusum
2227 2955 2412 3023 fuerit,
2438 2963 2499 3010 ut
2530 2969 2629 3011 sua
2653 2952 2875 3025 propria
2910 2950 3173 3022 qualitate
3198 2945 3596 3018 permisceatur

2018 3062 2145 3107 cum
2173 3046 2459 3118 adjacente
2502 3043 2753 3111 humore,
2801 3049 2966 3113 atque
3003 3041 3077 3095 ita
3118 3037 3171 3091 in
3232 3034 3473 3093 radicem
3538 3038 3595 3087 et

2018 3154 2241 3210 germen
2316 3141 2734 3197 transmutetur,
2793 3147 2857 3187 ac
2930 3145 2999 3186 ne
3075 3129 3131 3183 in
3205 3126 3294 3183 his
3367 3123 3592 3195 quidem

2017 3240 2259 3294 maneat,
2325 3229 2421 3286 sed
2478 3228 2532 3281 in
2590 3226 2771 3281 medio
2844 3222 3022 3280 enatis
3080 3218 3364 3291 geniculis,
3423 3213 3594 3271 veluti

2016 3322 2347 3396 quibusdam
2426 3317 2590 3375 nodis
2670 3324 2726 3371 et
2798 3313 3056 3376 vinculis,
3118 3310 3460 3367 succinctum
3533 3305 3596 3363 in

2018 3416 2261 3471 culmum
2327 3417 2609 3475 'mutetur,
2685 3415 2747 3464 ut
2816 3406 2871 3461 in
2956 3404 3129 3475 ﬁgura
3200 3400 3373 3458 ardua
3427 3406 3595 3469 atque

2017 3513 2199 3562 erecta
2230 3502 2436 3573 spicam
2496 3500 2654 3572 fruge
2703 3506 2983 3571 gravatam
3046 3494 3190 3550 l'erre
3225 3490 3421 3564 possit.
3483 3487 3594 3546 Ubi

2016 3596 2185 3668 igitur
2248 3594 2366 3650 haec
2415 3607 2537 3665 qua:
2579 3592 2726 3647 circa
2794 3588 3126 3646 frumentum
3177 3582 3595 3655 conspiciuntur

2015 3694 2193 3752 erant,
2217 3691 2505 3755 antequam
2535 3683 2591 3739 id
2621 3682 2675 3737 in
2702 3681 2855 3753 gleba
2877 3677 3201 3736 dissolutum
3233 3690 3298 3741 ac
3327 3671 3589 3734 did‘usum

2016 3779 2202 3838 esset?
2230 3777 2397 3848 Atqui
2425 3776 2575 3832 illinc
2600 3773 2706 3829 hoc
2737 3780 2921 3831 ortum
2964 3776 3069 3827 est.
3117 3766 3251 3827 Nam
3305 3762 3413 3826 nisi
3457 3760 3593 3823 illud

2012 3875 2167 3947 prius
2201 3873 2419 3936 fuisset,
2456 3886 2527 3926 ne
2582 3869 2739 3941 spica
2770 3865 2992 3938 quidem
3043 3870 3171 3917 nata
3195 3866 3364 3919 esset.
3386 3856 3593 3924 Quem-

2016 3963 2308 4020 admodum
2370 3961 2536 4034 igitur
2574 3972 2775 4029 corpus
2821 3955 2990 4028 spicae
3030 3968 3098 4009 ex
3149 3950 3356 4009 semine
3400 3960 3593 4018 prove-

2015 4058 2119 4123 nit,
2153 4056 2340 4113 divina
2366 4053 2611 4127 potentia
2638 4066 2706 4108 ex
2735 4049 2830 4106 illo
2870 4049 2990 4119 ipso
3020 4046 3127 4101 hoc
3183 4042 3473 4105 elliciente,
3527 4052 3593 4094 ac

2017 4162 2197 4218 neque
2228 4146 2452 4217 penitus
2498 4142 2641 4199 idem
2690 4156 2815 4197 cum
2863 4139 3093 4202 semine,
3144 4148 3322 4205 neque
3366 4130 3593 4187 omnino

2016 4238 2087 4294 ab
2120 4251 2187 4294 eo
2217 4236 2494 4292 diversum
2517 4241 2601 4288 est
2616 4226 2636 4287 ἐ
2683 4228 2875 4286 eodem
2935 4226 3117 4287 modo,
3149 4224 3346 4295 inquit,
3386 4227 3591 4293 myste-

2016 4326 2158 4383 rium
2199 4337 2421 4396 quoque
2449 4319 2869 4379 resurrectionis
2907 4320 3021 4388 jam
3066 4316 3163 4372 tibi
3195 4330 3293 4385 per
3323 4328 3410 4381 ea,
3468 4327 3591 4383 qua:

2017 4416 2343 4475 mirabiliter
2359 4413 2497 4470 ﬁunt
2526 4413 2583 4469 in
2611 4411 2916 4469 seminibus
2945 4407 3422 4482 praesigniﬁcatur,
3442 4403 3589 4473 quod

2016 4504 2203 4560 divina
2232 4502 2491 4557 nimirum
2523 4498 2761 4570 potentia
2793 4512 2889 4570 per
2915 4511 3029 4553 suae
3072 4491 3362 4564 potestatis
3407 4490 3589 4546 excel-

2017 4594 2241 4663 lentiam
2269 4607 2380 4648 non
2419 4592 2599 4653 solum
2625 4588 2758 4655 illud
2787 4588 3116 4646 dissolutum
3148 4584 3249 4641 tibi
3264 4584 3444 4639 denuo
3464 4580 3591 4637 red-

2018 4684 2134 4752 dat,
2170 4680 2533 4747 verumetiam
2573 4680 2679 4745 alia
2727 4680 2826 4737 tibi
2855 4692 3052 4751 magna
3104 4683 3268 4747 atque
3322 4672 3589 4745 praeclara

2021 4776 2265 4847 adjiciat,
2295 4789 2394 4845 per
2417 4786 2539 4844 quae
2584 4771 2685 4829 tibi
2717 4778 2915 4835 natura
2967 4768 3039 4825 ad
3107 4766 3480 4839 augustiorem
3533 4774 3591 4821 et

2021 4866 2339 4940 ampliorem
2375 4865 2627 4925 decorem
2669 4864 2962 4919 instruitur
2987 4868 3043 4918 et
3072 4867 3390 4917 exornatur.
3443 4876 3463 4912 ι
3489 4857 3589 4914 5ο-

2019 4961 2265 5017 minatur
2292 4958 2495 5022 enim,»
2541 4956 2743 5029 inquit,
2779 4956 2879 5010 «in
2927 4954 3300 5025 corruptione,
3351 4951 3591 5021 resurgit

2021 5051 2079 5108 in
2100 5049 2659 5121 incorruptibilitate;
2699 5046 3003 5103 seminatur
3049 5046 3104 5102 in
3129 5044 3469 5110 inﬁrmitate,
3503 5056 3590 5097 re.

2116 5244 2206 5309 37)
2230 5243 2368 5299 Οὐδ’
2392 5244 2489 5297 ἄν.
2528 5243 2570 5295 Α
2605 5240 2780 5295 οὐδέν.

2114 5314 2204 5385 58)
2249 5311 2543 5385 Τὸτσῶμα.
2634 5310 2712 5385 τὰ
2747 5310 2995 5385 σώματα.

2114 5379 2203 5449 59)
2233 5379 2526 5436 Φαίνεται.
2556 5383 2601 5433 Α
2634 5379 2676 5431 Β
2703 5379 2914 5446 φύεται.

2115 5453 2202 5520 40)
2233 5452 2311 5506 Δι’
2345 5452 2510 5506 ὅλου.
2544 5450 2583 5503 Β
2609 5450 2676 5502 δι’
2708 5449 2865 5520 ὅλων.

2089 5517 2200 5591 (VH)
2234 5520 2754 5591 Προερμηνεύετιὲν·
2789 5517 2831 5591 .3
2860 5521 3323 5591 “FPOWMWW-

2089 5598 2107 5655 (
2122 5588 2203 5663 lt!)
2246 5588 2431 5647 ’Ᾱνιλᾰ
2457 5600 2571 5663 etc,
2591 5590 2655 5663 ᾃΛ-
2751 5588 2889 5663 ἀλλά
2908 5588 2998 5642 σοι
3033 5588 3125 5645 καὶ
3160 5589 3320 5663 ἕτερα
3353 5589 3589 5661 μεγάλα,

2094 5658 2204 5729 (ις)
2242 5664 2393 5729 Πρὸς
2421 5661 2504 5715 τό.
2531 5661 2604 5714 Τό
2626 5660 2767 5715 delet
2796 5658 2860 5713 Λ.

2096 5735 2147 5796 (4
2164 5728 2206 5793 ἱ)
2251 5728 2571 5801 Σπεῖμε-ται.
2601 5731 2639 5785 Α
2675 5730 2820 5786 addit
2849 5728 2975 5798 γάρ.
