3896 6208
429 354 534 411 155

1659 355 1720 416 S.
1757 357 2088 418 GREGORII
2121 359 2415 420 NYSSENI

3589 363 3694 419 156

424 470 604 542 surgit
630 471 686 526 in
717 472 994 544 potentia;
1028 473 1330 530 seminatur
1363 476 1418 530 in
1446 474 1767 547 ignominia,
1805 495 1996 537 resur-

2120 483 2259 555 lﬁvat
2293 484 2404 555 (45)
2436 483 2497 537 ἐν
2538 484 2605 554 τῇ
2643 480 2798 552 βώλῳ
2830 481 2971 543 σῖτος
3000 479 3100 551 τὴν
3132 477 3190 532 ὲν
3234 476 3312 549 τῷ
3352 475 3507 547 ποσῷ
3552 476 3687 548 ppu.

424 562 507 632 git
575 563 632 619 in
703 566 915 635 gloria;
976 567 1282 623 seminatur
1334 584 1538 640 corpus
1604 571 1861 635 animale,
1914 588 2003 630 re-

426 653 605 722 surgit
687 670 890 725 corpus
966 656 1276 727 spirituale.
1316 677 1337 711 ι
1382 660 1428 693 ⁸ο
1481 659 1550 715 Ut
1581 661 1728 717 enim
1782 672 2005 733 postea.

2102 573 2330 646 χύτητα,
2365 574 2461 629 καὶ
2507 572 2610 646 τὴν
2651 572 2712 627 ὲν
2751 571 2832 643 τῷ
2861 570 3001 643 ποιῷ
3044 571 3323 642 σχήματος
3351 568 3465 641 (46)
3517 567 3700 621 αὑτοῦ

2106 662 2367 735 ίδιότητα,
2394 663 2584 719 ἑαυτὸν
2603 664 2706 717 οὐκ
2724 663 2956 735 ἀφῆκεν,
2976 660 3090 715 ἀλλ’
3115 662 3175 714 ὲν
3194 658 3344 730 αύτῷ
3366 658 3479 729 (4⁸1)
3506 657 3701 730 μένων

425 760 591 813 quam
634 746 690 800 in
741 748 898 816 gleba
949 749 1280 805 dissolutum
1346 766 1411 807 ac
1455 751 1712 808 diffusum
1760 755 2004 810 triticum

2120 753 2309 825 πάχυς
2365 753 2577 823 γίνεται
2600 794 2617 822 ,
2684 751 2981 824 πάμπολλα
3026 749 3140 823 (48)
3190 747 3462 820 διαφέρων
3520 745 3701 809 αὐτὸς

425 832 614 898 fuerit,
676 836 865 892 relicta
918 853 983 894 ea
1034 855 1158 911 qua:
1208 840 1266 896 in
1332 842 1636 911 quantitate
1687 843 2007 900 considera-

425 932 517 980 tur
561 928 888 997 exiguitate,
946 938 1003 986 et
1059 947 1126 988 ea
1198 949 1321 1004 qua:
1374 934 1429 989 in
1476 934 1739 1004 qualitate
1793 944 2008 1007 specta-

425 1022 518 1067 tur
573 1016 761 1086 ligurae
779 1031 895 1073 suae
926 1021 1282 1090 proprietate,
1331 1021 1571 1093 seipsum
1609 1036 1720 1078 non
1757 1024 2005 1094 dimittit,

426 1105 521 1161 sed
555 1107 610 1161 in
645 1108 832 1179 seipse
868 1125 1098 1168 manens
1132 1113 1284 1182 spica
1347 1113 1555 1181 evadit,
1616 1114 1779 1187 longe
1838 1116 2007 1187 pluri-

2105 843 2320 913 ἑαυτοῦ,
2353 846 2592 917 μεγέθει,
2621 846 2716 901 καὶ
2759 844 2966 910 κάλλει,
3002 844 3096 898 καὶ
3127 840 3388 913 ποικιλίᾳ,
3419 840 3516 899 καὶ
3553 839 3701 910 σχήο

2109 952 2241 1008 ματι
2271 937 2384 1007 (49)
2409 954 2424 969 ⁸
2468 936 2613 992 κατά
2642 936 2735 991 τὸν
2763 936 2927 990 αὐτὸν
2954 935 3155 1007 τρόπον
3187 934 3283 987 καὶ
3305 934 3341 1004 ἡ
3367 930 3699 1003 ἀνθρωπίνη

2108 1024 2271 1093 φύσις
2293 1026 2553 1095 ὲναφεῖσα
2578 1026 2658 1098 τῷ
2678 1026 2898 1098 Θανάτῳ
2926 1026 3107 1079 πάντα
3134 1023 3205 1078 τά
3232 1023 3361 1095 περὶ
3377 1022 3550 1094 αὐτὴν
3572 1022 3698 1093 (50)

2112 1116 2395 1189 ιδιώματα,
2425 1120 2524 1173 ὅσα
2548 1120 2637 1174 διὰ
2672 1120 2774 1191 τῆς
2809 1117 3089 1190 ἐμπαθοῦς
3118 1116 3412 1180 διαθέσεως
3448 1115 3697 1188 ἐπεκτή-

427 1210 578 1251 mum
611 1198 729 1269 ipse
762 1215 884 1257 sese
918 1208 973 1257 et
1014 1202 1412 1275 magnitudine,
1465 1211 1521 1260 et
1575 1204 2006 1275 pulchritudine,

2120 1226 2262 1277 τατο,
2296 1210 2394 1282 τὴν
2420 1211 2641 1283 ἀτιμίαν
2671 1211 2834 1281 λέγω,
2860 1210 2961 1282 τὴν
2997 1209 3223 1281 φθορὰν,
3249 1207 3349 1280 τὴν
3379 1206 3695 1271 ἀσθένειαν,

427 1295 487 1343 et
523 1291 813 1357 varietate,
842 1299 899 1348 et
930 1294 1104 1365 ﬁgura
1132 1311 1403 1367 superans
1443 1305 1609 1368 atque
1639 1298 1955 1367 praecedens
1990 1318 2006 1355 :

2107 1300 2212 1374 τὴν
2254 1301 2395 1356 κατά
2425 1302 2525 1371 τῆς
2564 1302 2678 1374 (51)
2730 1302 2947 1374 ἡλικίας
2992 1300 3285 1374 διαφορὰν,
3341 1298 3540 1370 ἑαυτὴν
3590 1299 3699 1353 οὐκ

430 1379 508 1436 ita
530 1391 723 1437 natura
744 1398 967 1454 quoque
994 1385 1235 1443 humana
1260 1388 1518 1445 omnibus
1557 1390 1677 1445 suis
1738 1390 1794 1445 in
1835 1398 2013 1448 morte

2120 1392 2356 1465 ἀφίησιν,
2387 1394 2502 1448 ἀλλ’
2519 1394 2707 1467 ὥσπερ
2731 1396 2813 1459 είς
2831 1394 3030 1464 στάχυν
3055 1393 3177 1447 τινὰ
3200 1393 3336 1465 πρὸς
3362 1390 3460 1463 τὴν
3480 1390 3698 1460 ἀφθαρ-

429 1470 638 1527 relictis
664 1474 1109 1544 proprietatibus,
1131 1492 1272 1547 quas
1298 1493 1398 1548 per
1426 1477 1774 1535 aﬂ‘ectionem
1805 1493 1871 1534 ae
1901 1480 2012 1536 dis-

430 1564 763 1632 positionem
793 1567 1174 1636 passionibus,
1202 1570 1556 1639 motibusque
1589 1579 1644 1625 et
1675 1570 1845 1626 animi
1886 1587 2013 1642 per-

427 1655 850 1714 turbationibus
895 1658 1194 1714 obnoxiam
1254 1660 1646 1731 acquisiverat,
1723 1662 2010 1732 dedecore,

432 1745 676 1816 inquam,
731 1757 788 1804 et
843 1750 1169 1821 ignominia,
1229 1753 1609 1823 corruptione,
1668 1754 2009 1821 inﬁrmitate,

2114 1482 2236 1537 σίαν
2261 1483 2602 1554 μεθίσταται,
2648 1484 2745 1539 καὶ
2778 1484 2880 1556 τὴν
2912 1483 3092 1552 δόξαν,
3123 1482 3216 1537 κα).
3244 1482 3341 1551 τὴν
3370 1480 3559 1553 τιμὴν,
3597 1482 3702 1535 καὶ

2113 1572 2211 1645 τὴν
2243 1574 2493 1646 δύναμιν,
2538 1574 2634 1629 καὶ
2679 1573 2779 1646 τὴν
2822 1576 2882 1628 ὲν
2928 1572 3092 1628 παντὶ
3127 1572 3454 1642 τελειότητα,
3490 1570 3587 1624 καὶ
3634 1571 3703 1624 τὸ

2119 1665 2315 1737 μηκέτι
2342 1666 2444 1739 τὴν
2474 1667 2621 1739 ζωὴν
2651 1667 2823 1738 αὐτῆς
2865 1665 3266 1736 οἰκονομεῖσθαι
3293 1667 3406 1728 τοῖς
3439 1665 3700 1733 φυσικοῖς

2120 1758 2424 1830 ίδιώμασιν,
2448 1759 2563 1814 ἀλλ’
2590 1761 2671 1824 είς
2700 1760 3075 1830 πνευματικήν
3110 1774 3231 1812 τινα
3257 1756 3352 1811 καὶ
3381 1754 3563 1825 ἀπαθῆ
3597 1772 3700 1826 με-

429 1845 649 1893 mtatum
677 1840 1008 1909 dili‘ereutia,
1031 1844 1268 1913 seipsam
1301 1860 1411 1899 non
1454 1844 1703 1912 dimittit,
1741 1847 1836 1904 sed
1891 1858 2014 1902 tan-

2120 1849 2347 1921 ταδῆναι
2379 1850 2733 1906 κατάστασιν.
2776 1849 2925 1922 Αὕτη
2957 1850 3066 1921 γάρ
3094 1850 3245 1903 ἐστιν
3271 1850 3304 1919 ὴ
3334 1847 3430 1902 τοῦ
3454 1846 3696 1917 ψυχικοῦ

431 1945 596 1999 quam
629 1931 684 1984 in
724 1934 934 2002 spicam
974 1934 1295 2002 quamdam,
1325 1935 1381 1991 in
1437 1934 2010 2008 incorruptibilitatt-m

433 2018 778 2084 immutatur,
800 2021 854 2076 in
879 2016 1135 2093 gloriam,
1169 2025 1225 2081 in
1270 2025 1556 2090 honorem,
1590 2027 1644 2081 in
1690 2031 2010 2099 potentiam,

431 2118 487 2165 et
518 2112 570 2165 in
604 2112 753 2166 oumi
779 2129 837 2169 re
858 2114 1271 2185 perfectionem,
1301 2128 1357 2173 et
1388 2118 1440 2172 in
1471 2134 1591 2174 eam
1615 2121 2008 2187 conditionem,

432 2210 495 2258 ut
524 2204 636 2259 vita
664 2206 788 2275 ejus
814 2222 924 2262 non
977 2208 1213 2278 amplius
1256 2210 1603 2266 naturalibus
1645 2214 2005 2284 proprietati-

2117 1939 2369 2013 σώματος
2405 1941 2625 2014 ίδίοτης,
2670 1942 2758 1996 ἀεὶ
2791 1941 2905 2013 (52)
2934 1940 3022 1995 διά
3058 1957 3203 2003 τινος
3246 1938 3375 2009 ῥοῆς
3413 1936 3510 1990 καὶ
3542 1936 3699 2006 κινήο

2117 2048 2259 2096 σεως
2288 2031 2398 2087 ἀπὸ
2435 2032 2531 2086 τοῦ
2556 2035 2615 2087 ὲν
2641 2025 2688 2101 ᾧ
2719 2033 2867 2086 ἐστιν
2897 2030 3255 2095 ἀλλοιοῦσθαι,
3294 2029 3389 2083 καὶ
3423 2026 3689 2098 μεταϐάλο

2116 2120 2228 2177 λειν
2270 2123 2351 2185 είς
2383 2122 2591 2193 ἕτερον.
2647 2122 2715 2176 Ἀ
2759 2122 2869 2194 γὰρ
2903 2119 2998 2177 οὖν
3029 2121 3144 2192 (55)
3177 2120 3279 2172 οὐκ
3323 2116 3409 2171 ἐπ’
3444 2114 3558 2186 (54)
3598 2115 3695 2167 ἀν-

2115 2212 2357 2287 θρώποις
2397 2214 2559 2285 μόνον
2596 2214 2836 2286 ὁρῶμεν,
2876 2213 3012 2268 ἀλλά
3041 2213 3137 2267 καὶ
3179 2211 3238 2265 ὲν
3269 2211 3457 2280 φυτοῖς
3503 2207 3600 2261 καὶ
3635 2205 3695 2257 ἐν

432 2294 538 2350 bus
567 2295 1008 2366 administretur,
1036 2298 1135 2359 sed
1162 2299 1216 2354 in
1250 2300 1591 2369 spiritualem
1619 2302 1931 2373 quemdam,
1954 2312 2010 2359 et

2120 2304 2428 2377 βοσκήμασι
2457 2305 2592 2378 (55),
2641 2306 2849 2361 τούτων
2875 2306 3028 2361 οὐδὲν
3069 2306 3128 2361 ὲν
3166 2301 3247 2375 τῷ
3283 2301 3417 2372 τῷδε
3449 2297 3561 2371 (56)
3590 2296 3697 2368 βίῳ

431 2398 462 2438 n
486 2387 842 2457 ,passiouibus
854 2400 907 2444 et
928 2389 1100 2445 animi
1123 2391 1364 2447 motibus
1390 2393 2012 2464 perturbationibusque

2120 2396 2603 2469 ύπολειφθήσεται.

431 2481 727 2539 immunem
756 2493 962 2541 statum
998 2494 1259 2544 transeat.
1286 2486 1412 2543 Hmc
1456 2497 1541 2545 est
1567 2489 1714 2544 enim
1745 2490 2003 2548 animalis
2051 2494 2301 2563 corporis
2325 2494 2655 2565 proprietas,
2693 2501 2753 2547 ut
2798 2506 3014 2561 semper
3079 2504 3176 2559 per
3242 2487 3448 2541 ﬂuxum
3496 2496 3693 2553 quem-

429 2578 559 2651 dan)
596 2590 652 2636 et
691 2590 902 2637 motum
946 2584 1016 2638 ab
1060 2599 1127 2642 eo
1164 2585 1220 2641 in
1251 2600 1366 2659 quo
1399 2595 1682 2655 versatur,
1739 2586 2022 2644 diversum
2054 2590 2169 2655 liat,
2210 2601 2264 2646 et
2296 2591 2353 2647 in
2413 2589 2563 2646 aliud
2616 2591 2953 2645 inuuutetur.
3023 2586 3154 2641 Nam
3208 2599 3328 2654 qua:
3384 2596 3530 2636 nunc
3587 2589 3695 2633 non

429 2674 608 2732 solum
644 2675 699 2732 in
730 2676 1071 2747 hominibus,
1099 2680 1197 2738 sed
1220 2682 1384 2738 etiam
1416 2683 1474 2739 in
1500 2685 1704 2754 plantis
1728 2695 1786 2742 et
1814 2684 2082 2756 stirpibus
2110 2697 2276 2758 atque
2310 2688 2604 2759 pecoribus
2630 2688 2773 2742 bona
2832 2685 3104 2748 videmus,
3146 2683 3340 2737 horum
3403 2676 3542 2733 nihil
3625 2673 3686 2729 iu

430 2767 527 2824 illa
562 2785 686 2840 quae
711 2777 844 2825 tunc
872 2771 981 2827 erit
1008 2771 1121 2827 vita
1147 2771 1517 2843 relinquetur.

497 2897 731 2958 Videtur
778 2909 958 2958 autem
1007 2903 1141 2959 mihi
1198 2920 1296 2974 per
1340 2905 1526 2961 omnia
1569 2921 1753 2963 sermo
1793 2924 2014 2981 quoque

2191 2908 2350 2960 Δοκεῖ
2374 2906 2432 2961 δέ
2457 2924 2546 2979 μοι
2578 2907 2675 2960 καὶ
2702 2905 2791 2960 διὰ
2820 2905 3039 2960 πάντων
3066 2900 3454 2973 συναγορεύειν
3493 2900 3524 2952 ὁ
3556 2898 3695 2953 ἀπο·

429 2991 767 3063 apostolicus
815 3007 942 3048 cum
985 3001 1175 3051 nostra
1205 2996 1273 3051 de
1320 2998 1725 3054 resurrectione
1759 3000 2014 3071 opinione

2122 2997 2367 3062 στολικδς
2410 2998 2569 3067 λόγος
2617 3000 2686 3069 τῇ
2740 2996 2863 3052 καθ’
2925 2997 3073 3066 ἡμᾶς
3113 2992 3375 3064 ὑπολήψει
3426 2993 3524 3064 τῆς
3567 2991 3697 3045 άναν

429 3081 792 3148 concordare,
822 3090 987 3153 atque
1019 3083 1073 3139 id
1102 3085 1414 3151 ostendere,
1457 3086 1602 3156 quod
1631 3088 1795 3145 etiam
1824 3101 2014 3147 nostra

2125 3092 2386 3157 στάσεως,
2435 3090 2717 3147 καὶτοῦτο
2746 3088 3010 3143 δεικνύειν
3043 3088 3180 3158 ὅπερ
3212 3086 3242 3138 ό
3289 3084 3555 3157 ἡμέτερος
3585 3085 3698 3153 ὀρι-

430 3175 677 3231 continet
714 3174 980 3242 deﬁnitio,
1028 3192 1151 3248 quae
1198 3177 1354 3245 dicit,
1396 3178 1530 3233 nihil
1562 3180 1711 3235 aliud
1755 3198 1880 3238 esse
1926 3200 2011 3239 re-

2120 3183 2255 3254 σμδς
2284 3183 2529 3255 περιέχει
2560 3183 2755 3253 λέγων,
2794 3181 2977 3252 Μηδὲν
3005 3179 3193 3252 ἕτερον
3221 3171 3358 3231 εἶναι
3385 3176 3696 3237 ἀνάστασιν,

431 3267 855 3331 surrectionem,
887 3284 1049 3339 quam
1081 3269 1134 3323 in
1166 3267 1451 3340 antiquum
1499 3278 1702 3326 statum
1730 3281 1786 3327 et
1823 3274 2018 3329 condi-

430 3361 637 3416 tionem
704 3371 916 3418 naturze
981 3369 1186 3417 nostra;
1245 3362 1672 3419 restitutionem.
1745 3363 2016 3433 Quoniam

431 3453 579 3510 enim
616 3453 669 3508 in
699 3453 877 3525 prima
912 3434 1126 3526 origine
1157 3454 1368 3519 mundi,
1399 3455 1505 3509 hoc
1534 3471 1567 3511 a
1602 3454 1890 3529 Scriptura
1930 3460 1985 3516 di
2005 3492 2019 3503 -

431 3546 693 3609 dicimus,
725 3545 873 3617 quod
905 3547 1143 3617 primum
1175 3548 1441 3618 graminis
1467 3547 1690 3603 herbam
1723 3557 1865 3605 terra
1894 3566 2021 3622 pro-

433 3637 613 3705 duxit,
647 3647 706 3694 ut
738 3639 793 3695 in
824 3640 1143 3694 narratione
1172 3639 1511 3704 continetur,
1558 3640 1755 3697 deinde
1793 3658 1859 3697 ex
1892 3658 2019 3713 ger-

434 3730 584 3787 mine
627 3745 814 3786 semen
850 3730 1139 3801 provenit:
1173 3730 1319 3800 quod
1377 3739 1666 3802 postquam
1722 3731 1778 3787 in
1819 3740 2017 3787 terram

435 3820 776 3886 deduxisset,
827 3821 1018 3876 eadem
1078 3835 1272 3877 rursus
1323 3821 1538 3892 species
1586 3822 1707 3892 ejus
1758 3824 1903 3894 quod
1950 3822 2021 3879 ab

438 3910 597 3965 initio
632 3917 982 3980 provenerat,
1033 3919 1193 3964 enata
1244 3920 1366 3967 est:
1400 3910 1454 3965 id
1496 3911 1757 3966 nimirum
1800 3911 2021 3969 divinus

436 4001 733 4072 Apostolus
784 3999 839 4054 iu
877 4001 1278 4055 resurrectione
1308 4016 1525 4072 quoque
1561 4000 1677 4057 ﬁeri
1708 4000 1865 4056 dicit.
1899 4001 2021 4057 Non

438 4094 618 4149 solum
670 4099 851 4147 autem
887 4090 994 4144 hoc
1027 4090 1095 4146 ab
1139 4105 1207 4147 eo
1248 4090 1531 4156 docemur,
1575 4090 1830 4149 videlicet
1873 4092 2019 4164 quod

436 4186 739 4242 humanum
770 4198 943 4255 genus
978 4183 1046 4239 ad
1079 4183 1602 4256 magniﬁcentiorem
1643 4194 1698 4240 et
1741 4184 2021 4257 augustiu-

436 4294 553 4335 rem
579 4287 781 4334 statum
799 4285 855 4334 et
879 4277 1247 4333 conditionem
1274 4277 1620 4345 immutetur;
1647 4294 1836 4333 verum
1855 4278 2019 4333 etiam

437 4372 584 4443 quod
620 4370 756 4427 nihil
779 4371 929 4427 aliud
958 4370 1029 4425 sit
1055 4369 1108 4424 id
1139 4370 1287 4441 quod
1324 4379 1598 4442 speratur,
1644 4372 1748 4427 nisi
1790 4371 1843 4427 id
1873 4369 2020 4443 quod

435 4471 557 4521 erat
603 4465 660 4520 in
712 4463 1004 4536 principio.
1053 4462 1324 4530 Quoniam
1379 4464 1527 4519 enim
1565 4463 1637 4518 ab
1691 4463 1851 4519 initio
1905 4479 2016 4520 non

437 4553 592 4623 spica
616 4568 682 4609 ex
716 4553 947 4618 semine,
977 4553 1072 4608 sed
1100 4567 1167 4607 ex
1193 4552 1283 4606 illa
1303 4567 1488 4608 semen
1516 4554 1802 4623 provenit:
1830 4562 2018 4625 postea

436 4659 569 4700 vero
594 4645 854 4716 deinceps
881 4643 1081 4699 semini
1115 4645 1268 4715 spica
1312 4644 1602 4709 accrescit,
1630 4645 2021 4717 consequentia

438 4735 818 4791 similitudinis
870 4742 1057 4807 aperte
1100 4735 1362 4801 ostendit,
1404 4736 1551 4808 quod
1580 4736 1672 4791 ubi
1704 4738 1886 4793 omnis
1924 4754 2022 4810 per

437 4831 899 4888 resurrectionem
953 4829 1114 4887 nobis
1159 4830 1440 4887 beatitudo
1485 4831 1916 4902 repullulaverit,
1961 4833 2019 4888 in

440 4922 723 4993 antiquam
753 4924 984 4996 gratiam
1027 4935 1193 4997 atque
1228 4923 1479 4979 decorem
1510 4922 1848 4983 restituetur.
1880 4923 2019 4982 Cum

510 5059 559 5101 ιθ
598 5058 767 5116 lCor.
799 5078 890 5126 xv,
921 5063 1012 5120 42.

514 5196 607 5263 (ιδ

513 5267 607 5331 (46

537 5338 606 5392 47

542 5408 629 5479 l8)
656 5408 1007 5479 Πάμπολλα.
1040 5409 1082 5461 Α
1113 5407 1395 5479 πάμπολυς

514 5477 628 5552 (l9)
667 5477 1027 5552 Σχήματα-Α
1056 5483 1110 5552 in
1140 5477 1288 5535 textu
1320 5479 1522 5552 χάριτι.

653 5548 805 5623 ζζερὶ-
829 5547 1041 5623 ιιὺῌτήνξ
1071 5548 1126 5623 A_
1139 5552 1267 5621 περὶ
1288 5547 1514 5623 ἑαυτήν.

516 5616 629 5689 (5!)
659 5618 820 5689 Κατὰ
847 5616 979 5689 τῆς.
1014 5619 1060 5689 Α
1094 5618 1134 5671 ιι
1171 5616 1311 5677 κειτά
1334 5616 1454 5688 τάςέ

517 5687 633 5746 (52⁷)
673 5687 815 5740 Ἀεί.
846 5687 892 5741 Δ
914 5687 954 5741 υ
979 5688 1043 5742 τὸ
1069 5689 1177 5743 ἀεί.

519 5753 637 5822 (55)
675 5752 821 5815 mir.
853 5758 895 5809 Δ
921 5758 1037 5811 νῦν.

523 5826 634 5898 (5M
673 5824 816 5884 Ἐπ’.
856 5827 895 5882 Δ
926 5827 964 5883 Β
988 5828 1057 5884 ἐν
1082 5828 1326 5900 ίζρῶμεν.
1359 5831 1401 5887 Α
1431 5830 1579 5887 addit
1613 5832 1769 5888 καλά.

653 5195 1035 5269 Διαλυθῆναι.
1068 5202 1113 5250 Λ
1140 5196 1457 5269 διαλυθῆναι
1485 5200 1534 5252 ὁ.

666 5267 1000 5338 Σχήματος.
1033 5266 1194 5338 Αίτοῦ
1226 5284 1314 5338 σχ.

673 5339 771 5409 Ἑν
798 5337 985 5404 αὐτῷ.
1013 5340 1054 5392 Α
1082 5337 1122 5390 Β
1148 5339 1205 5392 ὲν
1240 5337 1442 5409 ἑαυτῷ.

610 5196 630 5405 ξ

2118 3273 2153 3343 ἢ
2188 3275 2287 3346 τὴν
2330 3276 2410 3337 είς
2456 3278 2518 3328 τὸ
2567 3275 2790 3345 ἀρχαῖον
2835 3273 2933 3342 τῆς
2975 3271 3190 3341 φύσεως
3224 3267 3383 3340 ἡμῶν
3424 3266 3699 3321 ἀποκατά-

2120 3384 2328 3423 στασιν.
2374 3365 2595 3437 Ἐπειδὴ
2620 3364 2729 3437 γὰρ
2757 3366 2815 3419 ὲν
2843 3365 2910 3435 τῇ
2944 3362 3135 3435 πρώτῃ
3181 3358 3508 3431 κοσμογονίᾳ
3543 3357 3701 3411 τοῦτο

2121 3458 2271 3530 παρά
2301 3458 2401 3529 τῆς
2449 3457 2671 3529 Γραφῆς
2708 3455 3131 3528 μεμαθήκαμεν,
3164 3455 3245 3508 ὅτι
3286 3452 3501 3524 πρῶτον
3533 3450 3698 3505 ἐϐλά-

2121 3567 2315 3620 στησεν
2346 3550 2381 3620 ἡ
2411 3548 2483 3619 γῆ
2517 3547 2747 3619 βοτάνην
2778 3547 2994 3619 χόρτου,
3029 3543 3210 3608 καθὼς
3259 3544 3289 3598 ό
3326 3543 3483 3611 λόγος
3513 3541 3696 3612 φησὶν,

2120 3635 2240 3694 εἶτα
2283 3639 2348 3693 ἐκ
2390 3639 2491 3709 τῆς
2539 3637 2775 3710 βλάστης
2837 3635 3063 3707 σπέρμα
3093 3631 3209 3705 (57)
3252 3632 3489 3702 ἐγένετο,
3531 3627 3698 3702 οὗπερ

2120 3730 2213 3785 ἐπὶ
2241 3730 2337 3803 τὴν
2382 3731 2486 3801 γῆν
2517 3728 2917 3801 καταρρυέντος
2936 3766 2953 3793 ,
2996 3726 3058 3780 τδ
3087 3724 3221 3780 αὐτὸ
3253 3724 3419 3779 πάλιν
3444 3720 3580 3786 εἶδος
3600 3722 3697 3776 τοῦ

2120 3823 2181 3889 ἐξ
2200 3823 2376 3897 ἀρχῆς
2397 3824 2622 3892 φυέντος
2642 3820 2913 3893 ἀνέδραμε
2934 3836 2949 3851 ·
2975 3818 3111 3891 φησὶ
3129 3818 3185 3872 δὲ
3204 3815 3362 3872 τοῦτο
3378 3819 3408 3871 ό
3427 3818 3565 3881 θεῖος
3586 3816 3696 3886 (58)

2133 3914 2453 3978 Ἀπόστολος
2493 3914 2589 3967 καὶ
2631 3913 2725 3966 ἐπὶ
2770 3913 2869 3983 τῆς
2914 3910 3263 3973 ἀναστάσεως
3294 3907 3555 3978 γίνεσθαι.
3617 3908 3697 3961 Ού

2123 4007 2283 4078 μόνον
2310 4006 2369 4060 δὲ
2400 4005 2513 4076 (59)
2540 4004 2699 4059 τοῦτο
2725 4005 2854 4075 παρ’
2889 4001 3053 4059 αὐτοῦ
3078 4001 3460 4072 διδασκόμεθα,
3482 4001 3542 4053 τὸ
3565 3999 3697 4070 πρὸς

2119 4099 2182 4154 τὸ
2211 4097 2792 4172 μεγαλοπρεπέστατον
2821 4094 2933 4167 (60)
2984 4092 3338 4166 μεθίστασθαι
3381 4093 3443 4144 τὸ
3486 4090 3698 4162 ἀνθρώ.

2122 4208 2296 4255 πινον,
2340 4190 2454 4245 ἀλλ’
2486 4191 2569 4244 ὅτι
2599 4188 2663 4243 τὸ
2694 4187 3044 4259 ἐλπιζόμενον
3078 4185 3226 4241 οὐδὲν
3250 4183 3433 4255 ἕτερόν
3465 4184 3628 4249 ἐστιν,
3659 4182 3694 4254 ἢ

2118 4281 2258 4352 ὅπερ
2286 4282 2344 4334 ὲν
2373 4279 2609 4351 πρώτοις
2637 4276 2725 4351 ἦν.
2769 4277 2989 4350 Ἐπειδὴ
3019 4276 3127 4349 γὰρ
3157 4275 3219 4330 τδ
3256 4277 3375 4329 κατ’
3404 4274 3574 4345 ἀρχάς
3597 4275 3695 4346 οὐχ

2122 4374 2199 4438 ὡς
2227 4373 2339 4444 (61)
2375 4372 2576 4445 στάχυς
2602 4373 2713 4427 ἀπὸ
2749 4371 2843 4425 τοῦ
2875 4370 3209 4443 σπέρματος,
3253 4367 3369 4422 ἀλλ’
3401 4364 3608 4422 ἐκεῖθεν
3634 4366 3695 4420 τδ

2122 4465 2379 4538 σπέρμα·
2436 4463 2575 4537 μετὰ
2617 4463 2792 4519 ταῦτα
2833 4463 2892 4517 δὲ
2936 4455 3091 4527 οὗτος
3123 4460 3202 4533 τῷ
3227 4461 3502 4533 σπέρματι
3541 4477 3692 4532 περι-

2125 4557 2341 4630 φύεται,
2369 4558 2403 4631 ή
2430 4556 2524 4611 τοῦ
2553 4554 2947 4628 ύποδείγματος
2980 4554 3270 4610 ἀκολουθία
3296 4553 3482 4625 σαφῶς
3506 4553 3689 4607 ἐπιδεί-

2125 4664 2281 4702 κνυσι
2307 4648 2443 4716 (62),
2490 4646 2552 4701 τὸ
2592 4649 2773 4701 πᾶσαν
2805 4645 2903 4718 τὴν
2930 4645 3021 4700 διὰ
3064 4646 3164 4716 τῆς
3192 4645 3537 4707 ἀναστάσεως
3566 4642 3689 4699 ἀναο

2124 4739 2530 4811 δλαστήσουσαν
2554 4740 2685 4812 ἡμῖν
2714 4737 3114 4810 μακαριότητα,
3145 4732 3281 4806 πρὸς
3309 4738 3410 4803 τὴν
3439 4736 3497 4802 ἐξ
3530 4735 3692 4806 ἀρχῆς

2125 4832 2405 4888 ἐπανιέναι
2449 4828 2627 4905 χάριν.
2674 4831 2885 4903 Στάχυς
2923 4830 3032 4901 γάρ
3084 4830 3237 4895 ὄντες
3285 4828 3561 4902 καταρχὰς
3590 4830 3701 4900 (65)

2125 4925 2327 4997 τρόπον
2351 4924 2474 4980 τινὰ
2505 4923 2600 4979 κα)⁸
2642 4924 2823 4997 ἡμεῖς,
2854 4921 3041 4993 ἐπειδὴ
3071 4922 3184 4995 (64)
3216 4922 3294 4994 τῷ
3336 4922 3577 4978 καύσωνι
3602 4919 3694 4992 τῆς

2188 5199 2304 5268 (55)
2327 5197 2776 5268 Εὐϐοσκήμασι.
2813 5197 2859 5252 R
2888 5197 3053 5254 delet.

2189 5267 2303 5338 (56)
2338 5268 2423 5334 νῷ
2456 5267 2555 5338 δέ.
2584 5270 2631 5321 Α
2662 5269 2806 5338 τότε.

2193 5336 2310 5408 (57)
2344 5336 2603 5407 Σπέρμα.
2645 5338 2686 5392 Α
2718 5337 2758 5391 Β
2785 5338 2846 5392 τὸ
2880 5339 3117 5408 σπέρμα.

2193 5407 2308 5477 (58)
2350 5408 2406 5459 '0
2448 5407 2622 5475 θεῖος.
2653 5408 2695 5461 Β
2728 5409 2823 5463 καὶ
2845 5408 2874 5460 ό
2900 5407 3063 5472 θεῖος.

2194 5477 2307 5546 (59)
2342 5477 2433 5532 Δέ.
2464 5478 2608 5535 delet
2635 5478 2698 5532 Α.

2197 5545 2309 5613 (till)
2336 5546 3008 5618 Memionpenéa'tator.
3030 5545 3081 5618 Β
3102 5545 3689 5618 μεγαλοπρεπέστερον.

2199 5617 2312 5688 lli!)
2346 5617 2468 5686 Οὐχ
2497 5618 2595 5688 ὡς.
2628 5620 2672 5671 Λ
2704 5618 2801 5687 οὐχ
2826 5620 2872 5671 ὁ.
2913 5617 2951 5669 Β
2988 5617 3128 5688 οὐχί.

2200 5689 2313 5753 ((52)
2359 5687 2781 5742 Ἐπιδείκνυσι.
2816 5688 2854 5739 Λ
2894 5687 3252 5741 ὑποδείκνυσι.

2201 5760 2313 5830 (65)
2344 5757 2681 5830 Κιιτιιηχςὶςι
2782 5757 3177 5830 Βῗτὸκαταρχ.

2207 5828 2319 5896 (Gl)
2361 5827 2612 5896 Ἐπιιδή.
2654 5827 2802 5889 Delct
2837 5829 2892 5885 Β.
