3896 6208
267 409 373 472 157

1315 401 1402 458 DE
1441 399 1658 456 ANIMA
1697 398 1784 454 ET
1819 396 2422 454 RESURRECTIONE.

3382 356 3538 458 ἠδε

270 526 476 590 κακίας
505 523 1007 598 κατεξηράνθημεν,
1037 521 1386 577 ὑπολαϐοῦσα
1412 519 1524 591 (65)
1575 519 1727 589 ἡμᾶς
1751 516 1861 586 (66)

1991 516 2110 568 ειιίῐιι
2140 517 2291 586 spica
2321 515 2725 587 quodammodo
2755 532 2858 574 nos
2884 533 3106 590 quoque
3127 518 3197 576 ab
3217 517 3378 575 initio
3399 535 3544 576 esse-

273 621 313 690 ἠ
342 619 416 691 γῆ
437 617 534 674 ,διὰ
561 616 650 670 τοῦ
683 615 917 671 θανάτου
949 613 1063 686 (67)
1088 612 1370 676 λυθέντας,
1409 611 1571 664 πάλιν
1615 608 1755 663 κατά
1806 608 1866 660 τὸ

275 709 382 780 ἔαρ
421 708 518 778 τῆς
560 705 911 770 ἀναστάσεως
960 704 1161 775 στάχυν
1211 701 1482 766 ἀναδείξει
1524 700 1618 754 τὸν
1661 697 1868 770 γυμνὸν

276 797 469 852 τοῦτον
493 797 692 851 κόκκον
729 795 824 850 τοῦ
852 796 1126 867 σώματος,
1163 791 1436 870 εὐμεγέθη
1466 808 1526 843 τε
1573 789 1668 843 καὶ
1703 790 1870 858 ἀμφι-

278 889 426 960 λαφῆ
461 891 556 944 καὶ
583 888 789 959 ὄρθιον,
823 887 919 941 καὶ
947 889 1028 951 είς
1053 886 1114 940 τὸ
1141 885 1388 956 οὐράνιον
1423 882 1555 952 ὕψος
1598 877 1871 935 ἀνατεινό-

282 996 466 1051 μενον,
495 979 620 1033 άντὶ
648 977 907 1049 καλάμης
948 978 980 1050 ἢ
1018 975 1304 1047 ἀνθέρικος
1334 973 1446 1045 (68)
1496 975 1560 1044 τῇ
1592 970 1871 1042 ἀφθαρσίᾳ

279 1071 380 1130 καὶ
403 1071 515 1134 τοῖς
541 1069 752 1133 λοιποῖς
791 1067 902 1122 τῶν
939 1067 1256 1139 θεοπρεπῶν
1283 1064 1677 1136 γνωρισμάτων
1706 1062 1871 1133 ὡραῖ-

283 1161 536 1232 ζόμενον.
573 1178 592 1212 ι
621 1162 713 1214 Δεῖ
743 1159 852 1230 γάρ
883 1157 990 1224 (69)
1019 1158 1077 1210 τὸ
1105 1156 1343 1228 φθαρτὸν
1366 1156 1523 1209 τοῦτο
1552 1153 1871 1209 ἐνδύσασθαι

285 1250 622 1323 ἀφθαρσίαν.
653 1269 671 1302 ο
734 1250 800 1303 Ἦ
843 1250 901 1304 δὲ
931 1249 1226 1320 ἀφθαρσία,
1271 1247 1364 1300 καὶ
1411 1249 1445 1318 ἡ
1496 1246 1643 1313 δόξα,
1694 1247 1790 1300 κα).
1835 1248 1868 1315 ἡ

287 1345 450 1414 τιμὴ,
497 1343 589 1396 καὶ
638 1341 956 1413 ήδύναμις,
1010 1341 1114 1394 ἴδια
1156 1340 1254 1411 τῆς
1300 1339 1450 1403 θείας
1495 1339 1707 1409 φύσεως
1735 1333 1874 1390 εἶναι

288 1434 654 1505 ὁμολογεῖται,
704 1433 850 1502 άπερ
882 1432 1146 1503 πρότερόν
1173 1449 1233 1484 τε
1263 1431 1390 1503 περὶ
1422 1432 1512 1485 τὸν
1543 1431 1662 1485 κατ’
1690 1431 1875 1484 εἰκόνα

288 1524 582 1594 γενόμενον
605 1518 696 1595 ἦν,
728 1523 824 1577 καὶ
853 1521 1094 1586 εἰσαῦθις
1113 1522 1411 1586 ἑλπίζεται.
1455 1524 1514 1578 Ὀ
1531 1523 1640 1592 γὰρ
1664 1521 1876 1593 πρῶτος

293 1612 497 1683 στάχυς
551 1614 580 1666 ό
623 1613 839 1682 πρῶτος
884 1611 1182 1701 ἄνθρωπος.
1215 1608 1284 1683 ἦν
1335 1611 1508 1682 ’Δδάμ
1544 1612 1680 1681 (70).
1711 1610 1876 1667 .’Λλλ’

295 1703 484 1776 δπειδὴ
529 1705 596 1774 τῇ
643 1705 743 1775 τῆς
789 1703 992 1767 κακίας
1036 1704 1225 1775 εἰσόδῳ
1271 1704 1352 1766 είς
1381 1703 1606 1774 πλῆθος
1652 1703 1682 1774 ὴ
1719 1701 1879 1771 φύσις

295 1794 697 1866 κατεμερίσθη,
729 1794 908 1857 καθὼς
937 1794 1148 1865 γίνεται
1172 1796 1201 1848 ό
1234 1796 1445 1868 καρπὸς
1469 1798 1525 1849 ὲν
1547 1794 1624 1865 τῷ
1653 1794 1876 1865 στάχυϊ·

295 1884 478 1948 οὕτως
529 1886 580 1940 οἱ
624 1886 742 1939 καθ’
784 1887 1014 1940 ’ἑκαστον
1044 1887 1420 1958 γυμνωθέντες
1460 1888 1555 1941 τοῦ
1605 1888 1744 1949 κατά
1787 1887 1882 1941 τὸν

302 1975 512 2045 στάχυν
559 1978 760 2029 ἐκεῖνον
811 1977 1004 2042 εἴδους,
1050 1980 1145 2032 καὶ
1190 1980 1257 2050 τῇ
1304 1980 1374 2050 γῇ
1425 1977 1880 2049 καταμιχθὲντες,

299 2066 470 2120 πάλιν
502 2068 558 2119 ὲν
599 2071 666 2139 τῇ
699 2070 994 2124 ἀναστάσει
1043 2070 1184 2124 κατὰ
1224 2071 1286 2123 τὸ
1339 2071 1636 2142 ἀρχέγονον
1689 2071 1884 2133 κάλλος

297 2157 675 2229 ἁναφνόμεθα,
708 2160 830 2212 ἀντὶ
874 2159 992 2223 ἑνὸς
1026 2160 1117 2213 τοῦ
1151 2160 1366 2232 πρώτου
1397 2161 1625 2231 στάχυος
1654 2161 1885 2216 ἀνάπειφ

297 2265 394 2332 ροι
422 2250 532 2323 (71)
569 2251 832 2324 μυριάδες
856 2252 962 2305 τῶν
991 2251 1160 2322 ληῖων
1194 2252 1476 2324 γενόμενοι
1510 2253 1658 2325 (72)-

387 2435 446 2490 ’0
477 2435 534 2488 δὲ
565 2438 687 2490 κατ’
716 2435 916 2508 ἀρετὴν
949 2436 1061 2506 βίος
1093 2440 1151 2500 ὲν
1181 2438 1356 2510 τούτῳ
1387 2440 1526 2512 πρὸς
1563 2439 1660 2512 τὴν
1692 2439 1888 2495 κακίαν

300 2525 371 2581 to
399 2525 657 2596 διάφορον
691 2525 802 2596 ἔχει
830 2526 962 2598 (75),
993 2528 1074 2581 ὅτι
1107 2529 1154 2582 οί
1189 2529 1287 2600 μὲν
1330 2530 1564 2585 ἐνταῦθα
1601 2531 1752 2602 παρὰ
1798 2534 1891 2591 τὸν

304 2617 426 2692 βίον
472 2617 540 2671 δι’
591 2617 793 2689 ἀρετῆς
841 2619 1068 2682 ἑαυτοὺς
1128 2621 1565 2692 γεωργήσαντες,
1615 2623 1775 2689 εὐθὺς
1832 2625 1890 2678 ὲν

303 2709 501 2778 τελείῳ
527 2707 606 2780 τῷ
634 2708 827 2778 στάχυϊ
867 2710 1147 2779 φαίνονται
1184 2711 1295 2780 (74)
1322 2728 1337 2744 ’
1387 2707 1469 2777 οἷς
1498 2713 1555 2766 δὲ
1581 2713 1667 2767 διὰ
1695 2715 1892 2778 κακίας

305 2799 556 2868 ὲξίτηλός
587 2817 645 2853 τε
677 2800 789 2872 (75)
837 2801 931 2854 καὶ
962 2791 1335 2874 άνεμόφθορος
1383 2805 1412 2858 ὁ
1450 2805 1647 2870 κόκκος
1701 2805 1892 2874 γέγονε

307 2891 468 2962 παρὰ
494 2891 583 2944 τὸν
612 2890 726 2962 βίον
745 2891 931 2946 τοῦτον
954 2895 987 2964 ή
1019 2895 1076 2946 ἐν
1095 2893 1174 2965 τῷ
1198 2893 1414 2966 ψυχικῷ
1438 2898 1709 2968 σπέρματι
1737 2898 1895 2951 δύναα

1967 623 2110 672 mus,
2149 615 2505 678 posteaquam
2540 617 2677 665 aestu
2705 609 3018 666 vitiositatis
3062 611 3401 677 exaruimus,
3448 626 3544 667 cit--

1968 707 2154 766 ceptos
2193 711 2293 751 nos
2333 703 2478 751 terra
2509 712 2606 766 per
2643 706 2873 752 mortem
2904 697 3208 754 dissolutos
3253 713 3449 755 rursus
3488 699 3544 752 in

1970 802 2095 842 vere
2133 788 2576 852 resurrectionis,
2624 788 2730 844 hoc
2778 789 2984 843 nudum
3020 791 3267 860 corporis
3311 803 3545 860 granum

1970 879 2179 948 spicam
2211 878 2404 934 eﬂiciet
2455 895 2759 949 proceram,
2821 880 3091 951 ingentem
3139 890 3200 937 et)
3238 882 3544 952 cepiosam,

1970 967 2197 1022 arduam
2242 974 2294 1023 et
2331 976 2592 1034 erectam,
2644 978 2699 1024 et
2733 970 2798 1024 ad
2836 971 3178 1026 altitudinem
3208 987 3384 1042 usque
3423 971 3550 1030 cteli

1974 1059 2392 1130 pertingentem,
2431 1074 2531 1129 pro
2559 1061 2742 1115 culmo
2776 1062 2859 1115 vel
2909 1063 3115 1128 aristis,
3157 1062 3551 1133 incorruptibi-

1973 1152 2123 1205 litate
2148 1150 2487 1221 reliquisque
2507 1150 2708 1208 divinis
2731 1162 2781 1207 et
2809 1155 3056 1223 angustis
3089 1155 3392 1226 insignibus
3420 1170 3554 1210 con-

1974 1240 2220 1311 spicuam
2289 1248 2343 1295 et
2407 1249 2678 1296 ornatam.
2727 1241 2992 1312 «Oportet
3057 1244 3277 1312 enim,»
3352 1245 3552 1316 inquit,

1959 1332 2330 1414 ‘corruptibile
2349 1331 2454 1387 hoc
2478 1332 2706 1388 induere
2730 1333 3328 1404 incorruptibilitatem.
3364 1355 3382 1388 ι
3418 1335 3558 1392 Con-

1975 1434 2086 1478 Stat
2142 1433 2325 1479 autem
2385 1425 2530 1494 quod
2581 1425 3095 1495 incorruptibilitas,
3152 1435 3206 1482 et
3257 1428 3455 1492 honor,
3501 1437 3558 1482 et

1975 1517 2170 1585 gloria,
2225 1527 2278 1571 et
2336 1518 2600 1586 potentia,
2657 1519 2874 1588 propria
2912 1519 3108 1576 divinae
3167 1526 3377 1574 natura:
3425 1520 3554 1580 sint.

1976 1623 2098 1679 qua:
2135 1623 2258 1663 cum
2293 1609 2446 1678 prius
2476 1610 2703 1663 aderant
2734 1609 2806 1674 ei,
2841 1611 2933 1680 qui
2965 1611 3031 1663 ad
3055 1610 3342 1680 imaginem
3381 1599 3559 1666 factus

1978 1707 2084 1764 est,
2149 1709 2262 1754 tum
2328 1701 2383 1755 in
2436 1711 2718 1771 posterum
2781 1703 3026 1756 reditura
3079 1709 3393 1771 sperantur.
3423 1699 3558 1754 Nam

1981 1793 2154 1862 prima
2192 1793 2362 1863 spica,
2397 1793 2604 1863 primus
2636 1794 2798 1848 homo
2825 1795 2994 1848 Adam
3023 1803 3182 1855 erat;
3213 1794 3305 1849 sed
3341 1801 3561 1864 postea-

1983 1901 2142 1957 quam
2194 1901 2288 1954 per
2341 1886 2624 1940 introitum
2679 1887 2994 1942 vitiositatis
3048 1889 3100 1941 in
3152 1886 3559 1941 multitudinem

1985 1984 2179 2030 natura
2214 1976 2390 2032 divisa
2437 1987 2546 2043 est,
2600 1977 2745 2032 sicut
2797 1977 2849 2030 in
2885 1979 3034 2048 spica
3081 1978 3294 2033 fructus
3320 1976 3560 2041 exsistit,

1984 2069 2058 2123 ita
2084 2069 2396 2138 singulatim
2422 2071 2805 2140 unusquisque
2832 2071 2996 2124 homo
3026 2071 3172 2125 illius
3203 2070 3368 2140 spica:
3387 2068 3564 2124 forma

1985 2157 2175 2211 nudati
2220 2165 2276 2212 et
2315 2172 2438 2212 cum
2472 2167 2617 2213 terra
2649 2159 2946 2222 commisti,
2987 2175 3178 2216 rursus
3208 2160 3262 2213 in
3310 2175 3564 2215 resurre-

1984 2249 2166 2305 ctione
2197 2249 2252 2304 in
2279 2250 2557 2319 antiquam
2588 2251 3048 2320 pulchritudinem
3075 2253 3439 2315 renascimur,
3467 2266 3566 2322 pro

1989 2357 2095 2397 una
2147 2342 2240 2397 illa
2279 2342 2458 2415 prima
2505 2343 2678 2415 spica,
2718 2344 2930 2399 inﬁnita
2987 2344 3152 2398 millia
3192 2353 3438 2415 segetum
3479 2341 3565 2398 ef-

1988 2431 2137 2488 fecti.

2058 2523 2230 2578 Porro
2257 2521 2370 2582 vita
2396 2539 2517 2594 qua:
2545 2540 2644 2594 per
2668 2524 2927 2581 virtutem
2975 2527 3319 2597 transigitur,
3372 2528 3430 2582 in
3461 2527 3568 2584 hoc

1992 2615 2173 2672 diﬂ‘ert
2205 2631 2235 2670 a
2265 2616 2465 2672 vitiosa
2492 2616 2624 2681 vita,
2657 2617 2802 2687 quod
2849 2619 2924 2672 illi
2956 2621 3047 2689 qui
3100 2621 3155 2674 in
3189 2621 3290 2674 hac
3321 2602 3432 2674 vita
3471 2635 3570 2691 per

1990 2709 2246 2764 virtutem
2275 2724 2396 2765 sese
2427 2709 2790 2774 excoluerint,
2827 2713 3012 2765 statim
3050 2711 3102 2764 iu
3138 2712 3375 2782 perfecta
3414 2713 3568 2784 spica

1994 2807 2259 2871 apparent
2285 2817 2299 2853 :
2331 2801 2534 2870 quibus
2560 2808 2740 2855 autem
2766 2810 2986 2872 prOpter
3012 2803 3360 2858 vitiositatem
3385 2805 3568 2867 exilis.

1993 2892 2243 2954 evanida.
2281 2891 2614 2967 adulterina,
2669 2895 2885 2964 ignava,
2925 2904 3321 2965 ventorumque
3356 2897 3572 2965 injuria;

312 3001 444 3057 μις,
496 2981 744 3055 καθάπερ
785 2984 896 3055 (76)
946 2985 1013 3039 τὰ
1055 2985 1323 3057 λεγόμενα
1367 2989 1669 3060 κεράσὸολα
1704 2990 1812 3060 (77)
1845 2993 1880 3042 ο“

1996 2983 2233 3038 obnoxia
2265 2983 2351 3040 vis
2387 3000 2487 3055 per
2511 2985 2651 3041 hanc
2679 2986 2843 3040 vitam
2876 2987 2928 3040 in
2963 2987 3185 3039 animali
3221 2987 3428 3042 semine
3447 2986 3570 3056 fuit,

306 3077 428 3132 τῶν
454 3076 712 3130 τοιούτων
745 3079 1108 3151 ἐπιστήμονες
1154 3078 1370 3149 λέγουσι
1415 3081 1658 3150 γίνεσθαι
1687 3097 1702 3112 ⁸
1755 3082 1880 3136 οὖτα

1997 3077 2450 3148 quemadmodum
2484 3093 2569 3140 ea,
2604 3093 2727 3148 quae
2755 3078 3080 3150 κεράσϐολα,
3119 3079 3171 3134 id
3216 3088 3299 3136 est
3326 3081 3462 3135 dura
3493 3090 3576 3136 at-

309 3171 414 3225 καὶ
436 3162 583 3223 οὗτοι
609 3169 745 3240 (78),
777 3169 879 3223 κᾶν
908 3171 1084 3240 φύωσι
1119 3171 1230 3242 (79)
1283 3171 1373 3225 διὰ
1397 3173 1493 3242 τῆς
1525 3175 1874 3238 ἀναστάσεως

2001 3187 2106 3240 que
2156 3170 2384 3224 immitia
2422 3171 2704 3239 dicuntur,
2763 3171 2951 3227 talium
2997 3189 3181 3228 rcrmn
3229 3175 3386 3244 periti
3423 3175 3576 3231 nasci

310 3260 520 3331 πολλὴν
550 3249 685 3332 (79‘)
719 3261 1022 3333 ἀποτομίαν
1052 3263 1201 3334 παρὰ
1241 3262 1320 3334 τῷ
1349 3269 1508 3336 κριτῇ
1540 3265 1771 3330 ἕξουσιν,
1804 3266 1880 3323 ᾰτι

2002 3262 2191 3318 dicunt
2219 3279 2233 3316 :
2266 3261 2318 3315 hi
2350 3263 2566 3317 etiamsi
2599 3278 2696 3332 per
2724 3264 3182 3319 resurrectionem
3217 3266 3324 3318 nati
3354 3265 3576 3331 fuerint,

312 3353 384 3425 δὴ
413 3353 512 3406 οὐκ
562 3352 837 3424 ἰσχύοντες
864 3354 1196 3426 ἀναδραμεῖν
1239 3354 1333 3409 ἐπὶ
1372 3356 1434 3410 τὸ
1476 3352 1612 3422 είδος
1636 3357 1728 3412 τοῦ
1773 3360 1880 3416 στά-

2002 3368 2254 3423 magnam
2289 3353 2546 3407 duritiam
2576 3364 2630 3408 et
2677 3355 3022 3410 severitatem
3054 3356 3257 3424 judicis
3290 3355 3580 3427 experien-

313 3462 470 3518 χνος,
511 3445 604 3498 καὶ
645 3445 898 3515 γενέσθαι
928 3446 1102 3501 ἐκεῖνο
1145 3447 1257 3519 (80)
1304 3449 1441 3519 ὅπερ
1469 3444 1613 3520 ἦμεν
1651 3449 1756 3521 πρὸ
1801 3450 1880 3519 τῆι

2003 3451 2114 3507 tur,
2148 3451 2208 3497 ut
2233 3442 2324 3513 qui
2358 3442 2617 3498 nimirum
2645 3458 2754 3498 non
2789 3444 3002 3499 valeant
3026 3460 3344 3500 excrescerc
3367 3453 3422 3499 et
3449 3462 3578 3501 sur-

315 3538 419 3601 ἐπὶ
439 3539 540 3606 τὴν
564 3537 669 3608 γῆν
711 3535 1136 3602 καταπτώσεως.
1181 3537 1248 3593 Ἦ
1276 3539 1333 3593 δὲ
1379 3538 1643 3611 θεραπεία
1666 3540 1758 3594 τοῦ
1786 3543 1877 3594 ὲπι

2004 3551 2132 3608 gere
2170 3537 2237 3590 ad
2267 3534 2497 3589 formam
2540 3537 2723 3605 spicae,
2759 3544 2813 3591 et
2857 3537 3090 3592 evadere
3120 3537 3253 3592 illud
3282 3538 3426 3608 quod
3457 3553 3584 3593 era-

319 3626 646 3691 στατοῦντος
670 3627 781 3680 τῶν
813 3627 1190 3699 γεννημάτων,
1225 3631 1258 3700 ἠ
1286 3628 1396 3683 τῶν
1429 3629 1684 3694 ζιζανίων
1716 3647 1776 3684 τε
1810 3647 1880 3684 κα

2005 3643 2128 3684 mus
2161 3635 2452 3698 antequam
2503 3628 2559 3682 in
2607 3638 2806 3683 terram
2848 3629 3057 3700 delapsi
3099 3646 3366 3686 essemus.
3410 3628 3587 3684 Porro

316 3721 434 3776 τῶν
463 3718 710 3774 ἀκανθῶν
738 3720 856 3773 ἔστι
891 3719 1123 3791 συλλογὴ
1143 3760 1158 3785 ,
1207 3721 1317 3775 τῶν
1347 3723 1796 3791 συναναφυέντων
1828 3722 1880 3792 τῷ

2004 3728 2264 3776 curatura
2294 3727 2457 3790 atque
2485 3720 2804 3784 remedium,
2833 3722 2977 3791 quod
3008 3722 3230 3778 adhibet
3259 3723 3308 3780 is
3342 3723 3436 3793 qui
3459 3737 3584 3794 ger-

320 3816 625 3887 σπέρματι,
655 3815 835 3885 πάσης
871 3815 970 3886 τῆς
998 3803 1411 3886 ύτέοτρεςρούσης
1439 3813 1538 3886 τὴν
1565 3814 1718 3884 ῥίζαν
1748 3812 1880 3867 δυνά

2009 3811 2250 3868 minibus
2278 3819 2495 3882 praeest,
2528 3811 2632 3868 hoc
2669 3819 2772 3878 est,
2805 3821 2864 3868 ut
2898 3815 3156 3869 nimirum
3184 3816 3395 3870 zizania
3421 3814 3587 3872 simul

325 3923 481 3979 μεως
515 3906 649 3976 πρὸς
675 3907 764 3960 τον
791 3906 942 3961 νόθον
969 3906 1082 3977 (81)
1113 3907 1529 3978 μεταῤῥυείσης,
1557 3907 1620 3960 δι’
1642 3901 1716 3960 ὧν
1745 3906 1877 3977 ἅτρο

2008 3921 2073 3961 ac
2127 3905 2316 3976 spinas
2369 3905 2611 3977 colligat,
2671 3921 2793 3977 quae
2840 3921 2947 3962 una
2993 3923 3117 3963 cum
3165 3909 3374 3964 semine
3416 3919 3589 3964 enata:

323 3997 438 4068 φόν
464 4013 523 4050 τε
559 3997 653 4050 καὶ
679 3997 1097 4071 άτελεσφόρητον
1128 3999 1192 4053 τὸ
1215 4000 1436 4070 γνήσιον
1462 3998 1644 4071 ἔμεινε
1688 3999 1880 4071 σπέρμα

2009 3998 2236 4064 fuerint,
2274 3999 2422 4053 omni
2448 4000 2500 4054 vi
2532 3999 2774 4054 radicem
2813 4000 3007 4056 subtus
3035 4001 3214 4056 alente
3239 4002 3293 4056 in
3326 4000 3591 4057 adulteri-

319 4091 399 4162 τῇ
453 4088 605 4160 παρὰ
635 4088 793 4180 φ-ύσιν
832 4091 1034 4164 βλαστῇ
1081 4093 1196 4162 (82)
1243 4092 1727 4164 συμπεπλεγμένον
1773 4091 1880 4164 (85)

2011 4106 2138 4180 nam
2169 4098 2421 4145 naturam
2459 4091 2771 4147 transfusa:
2804 4092 3007 4161 quibus
3033 4094 3196 4149 rebus
3225 4093 3425 4148 accidit
3455 4101 3515 4148 ut
3537 4100 3593 4149 et

334 4179 597 4234 Ἐπειδὰν
627 4176 721 4235 οὖν
745 4184 852 4236 πᾶν
875 4184 1004 4238 ὅσον.
1047 4183 1201 4240 νόθον
1237 4200 1300 4237 τε
1337 4183 1431 4237 καὶ
1461 4183 1740 4255 ἀλλότριον
1766 4183 1880 4238 ἑκτι

2013 4176 2308 4252 genuinum
2345 4195 2409 4235 ac
2451 4196 2772 4250 germanum
2805 4196 2992 4236 semen
3041 4197 3151 4236 non
3180 4182 3504 4246 nutriretur,
3539 4190 3595 4237 et

321 4271 397 4345 λῇ
435 4273 549 4343 (84)
593 4271 688 4328 τοῦ
735 4275 1018 4346 τροφίμου,
1067 4276 1162 4338 καὶ
1193 4277 1272 4340 είς
1297 4275 1600 4346 ἀφανισμὸν
1637 4274 1787 4349 ἔλθῃ.
1817 4292 1878 4329 το

2014 4272 2243 4336 idcirco,
2274 4271 2421 4342 quod
2451 4271 2521 4326 ab
2546 4287 2612 4326 eo
2648 4271 2891 4340 germine
2929 4271 3075 4341 quod
3107 4284 3302 4342 pra2ter
3340 4282 3595 4326 naturam

326 4367 506 4439 πυρὸς
544 4367 609 4422 τὺ
653 4367 810 4440 παρά
855 4367 1022 4438 φύσιν.
1067 4367 1540 4438 ἑκδαπανήσαντος
1587 4367 1666 4438 τῷ
1710 4367 1880 4421 αίωνίι

2009 4366 2168 4437 juxta
2191 4373 2408 4422 enatum
2434 4369 2601 4427 esset,
2633 4360 3014 4428 suﬂ‘ocaretur,
3041 4363 3177 4417 nihil
3209 4379 3449 4433 unquam
3468 4378 3593 4433 per-

330 4458 470 4527 πυρὶ
493 4456 804 4528 παραδοθὲν
840 4457 975 4529 (85),
1003 4458 1125 4511 τότε
1154 4457 1248 4511 κα)⁸
1279 4455 1489 4520 τούτοις
1517 4457 1841 4529 εύτροφήσει
1877 4476 1880 4487 ·

2019 4458 2143 4514 fet-ti
2168 4455 2472 4528 producere
2505 4466 2710 4527 posset.
2742 4453 3100 4524 Posteaquam
3133 4455 3298 4525 igitur
3325 4453 3596 4524 quidquid

333 4547 518 4617 φύσις,
569 4548 664 4602 καὶ
711 4549 792 4613 είς
837 4548 1048 4620 καρπὸν
1091 4546 1479 4620 ἀδρυνθήσεται
1523 4547 1634 4618 (86)
1680 4547 1767 4602 διὰ
1814 4547 1880 4617 τῆ

2021 4565 2130 4606 non
2181 4549 2455 4604 sincerum
2498 4562 2562 4603 ac
2599 4560 2940 4618 germanum,
2981 4546 3078 4602 sed
3130 4546 3498 4601 adulterinum
3537 4553 3595 4599 et

332 4637 593 4708 τοιαύτης
649 4636 1002 4708 ἐπιμελείας,
1059 4639 1296 4708 μακραῖς
1361 4653 1492 4690 ποτε
1544 4637 1813 4708 περιόδοις
1854 4655 1880 4695 τ

2021 4643 2257 4699 alienum
2286 4650 2393 4704 est,
2418 4657 2484 4697 ex
2523 4656 2589 4695 eo
2619 4640 2763 4710 quod
2792 4641 3068 4694 sincerum
3099 4646 3203 4702 est,
3239 4652 3304 4694 ac
3347 4637 3454 4692 vim
3489 4653 3597 4692 nu-

334 4727 517 4782 κοινὺν
545 4724 684 4792 εἶδος
716 4729 778 4782 τὸ
805 4727 864 4794 ἐξ
886 4730 1057 4802 ἀρχῆς
1088 4730 1222 4800 ἡμῖν
1252 4727 1436 4782 θεόθεν
1467 4728 1755 4800 ὲπιόληθὲν
1778 4730 1880 4783 ἀπο

2021 4736 2222 4793 triendi
2255 4735 2440 4800 habet,
2485 4735 2738 4789 evulsum
2768 4744 2821 4789 et
2865 4732 2933 4788 ad
2981 4732 3260 4788 interitttm
3313 4730 3595 4785 redactum

334 4819 595 4876 λαϐοῦσα.
624 4822 904 4894 Μακάριοι
928 4822 986 4876 δέ
1012 4825 1148 4876 εἰσιν
1182 4820 1295 4892 (87)
1327 4817 1409 4884 οἷς
1437 4822 1598 4886 εὐθὺς
1624 4821 1689 4884 τό
1712 4823 1880 4885 τέλειο

2022 4828 2207 4894 fuerit,
2239 4837 2402 4898 atque
2422 4827 2564 4898 ignis
2592 4827 2644 4881 id
2673 4825 2819 4907 quod
2850 4825 3099 4880 naturale
3123 4832 3355 4888 nonest,
3381 4839 3597 4881 assum~

409 4933 525 5002 (65)
559 4933 990 4993 Ύπολιιὸοῦσα.
1028 4934 1070 4989 Β
1100 4934 1326 4996 ὑπολαϐ.
1361 4935 1440 4992 δέ.

411 5004 526 5070 (66)
568 5003 773 5072 Ἦμᾶς.
811 5005 960 5062 Delet
987 5004 1049 5062 Β.

433 5074 499 5126 67
507 5075 524 5130 i
551 5074 819 5130 Θανάτου
858 5076 1175 5144 λυθέντας.
1209 5077 1250 5132 Β
1275 5077 1662 5140 άναλυθὲντας.

435 5144 528 5221 (ἐξ)
569 5143 996 5221 ξΑζθέρικας.-Α
1029 5143 1424 5221 ἀνθερίκων.

409 5214 526 5302 «.22).
553 5213 956 5302 ιξῖλάροηικιξ
988 5213 1388 5302 adsumat-

437 5282 529 5348 70)
569 5282 771 5352 Ἀδάμ.
797 5285 838 5339 Β
863 5285 1029 5342 delet.
1055 5289 1098 5341 A
1129 5291 1158 5341 ό
1190 5282 1381 5358 Ἀδάμ.

410 5285 529 5492 ΞΠ)
567 5353 929 5423 Ἁνάπειρον.
957 5356 1002 5410 Α
1031 5359 1081 5410 οί
1117 5358 1334 5428 ἄποροι.
1378 5357 1381 5410 Ῐ

437 5422 530 5492 72)
567 5424 910 5492 Γενόμενοι.
953 5426 994 5478 Β
1021 5429 1316 5492 γινόμενοι.

439 5353 529 5430 71)
567 5353 929 5430 Ἀνάξιειρον.
1031 5359 1081 5410 οί
1117 5353 1334 5430 ἀποροιξ
1378 5356 1417 5410 Β
1447 5359 1503 5410 αί
1540 5357 1776 5430 ἄπειροι.

437 5422 530 5508 132
567 5424 723 5508 ξενά

2005 4943 2197 5024 ’φυᾷέσι
2225 4942 2312 5024 διά
2344 4941 2446 5011 τῆς
2479 4939 2827 5024 ἀναστάσεως
2859 4935 3060 5007 πολλὴν
3093 4935 3419 5007 ἀποτομίαν.

2092 5010 2457 5084 (79)(Ρύωοέι.Δ
2482 5010 2523 5062 Β
2550 5011 2746 5084 φυῶσι.
2890 5079 2923 5084 _
2975 5077 3022 5084 __
3053 5074 3145 5084 ___
3240 5075 3270 5084 _
3453 5074 3467 5084 .
3567 5070 3590 5082 ⁸

2090 5074 2227 5156 (79³)
2242 5081 2516 5156 *Πολλῂν
2539 5074 2836 5156 σ’χρῷνοις.
2889 5079 2943 5156 ΒΑ
2963 5074 3182 5156 ,Πολλῆς
3205 5075 3305 5156 τῇς
3331 5074 3478 5156 παρὰ
3499 5074 3604 5156 τῶι

2020 5144 2394 5278 γεωργούντος
2436 5144 2735 5222 θεραπείας
2778 5144 3294 5222 προσδέονταῐπρὸς
3329 5144 3421 5199 to
3444 5144 3596 5215 μόλις

2023 5242 2126 5278 ⁸ποτ
2182 5226 2292 5278 τοῖς
2327 5221 2626 5278 καθήκουσι
2661 5220 2895 5278 γρὸνοις.

2023 5221 2153 5279 ⁸ὶιοτιὲ
2182 5226 2292 5284 τοῖς
2327 5221 2626 5293 καθήκουσι
2661 5221 2895 5290 χρόνοις.

2094 5293 2206 5366 (80)
2249 5292 2497 5366 Ἐκεῖνρς
2529 5290 2569 5342 Β
2593 5292 2820 5366 ﬁxe-Im-
2885 5363 2895 5366 _

2119 5364 2208 5428 8|)
2247 5363 2359 5415 Τὸν
2385 5362 2585 5414 νόθον.
2609 5361 2653 5412 Α
2684 5361 2722 5412 Β
2749 5361 2810 5414 τὸ
2839 5363 3012 5418 νόθον.

2118 5433 2209 5504 82)
2239 5429 2521 5504 αἰαστῇ.
2539 5428 2579 5481 Β
2613 5430 2838 5504 βλάστῃ.

2119 5501 2209 5572 85)
2237 5499 2876 5572 Συμπεπλεγμένονζλ
2909 5501 2951 5558 Β
2981 5516 3373 5572 συμπεπνιγμλ

2095 5569 2208 5641 (84)
2242 5569 2505 5639 Ἐκτιλῆ.
2533 5569 2575 5624 Β
2604 5569 2828 5641 ὲκταλῇ.

2096 5639 2211 5710 (85)
2246 5641 2330 5707 Τῷ
2349 5658 2408 5696 α.
2434 5655 2497 5697 π.
2522 5657 2586 5694 π.
2622 5639 2807 5695 delent
2834 5641 2875 5695 Α
2905 5639 2966 5696 Β.

2100 5714 2213 5779 (86)
2255 5713 2513 5780 Ἀδρυνθ.
2559 5710 2835 5783 Ἀνδρυνθ.

2107 5785 2222 5858 (87)
2260 5783 2330 5840 Δέ
2356 5786 2533 5840 εἰσιν.
2570 5783 2612 5838 Δ
2648 5781 2693 5838 Β
2715 5781 2895 5842 delent
2927 5782 3084 5838 εἰσιν.

582 5426 916 5512 ’[’Ξνόμεῒιοεἱ
950 5426 1006 5512 Β.
1021 5426 1316 5499 γινόμενοι.

415 5494 536 5564 (75)
582 5494 764 5562 Ἔχει.
792 5496 837 5549 Α
875 5494 918 5547 Β
950 5496 1084 5564 ἕξει.

415 5497 514 5558 (75
582 5497 764 5562 Ἔχει.
792 5497 837 5549 Α
875 5497 918 5547 Β
950 5497 1084 5564 ἕξει.
1148 5497 1157 5499 “

412 5497 536 5636 (τι)
563 5566 900 5636 Φαίνονται.
928 5564 971 5618 Β
999 5567 1246 5636 φύονται.

411 5633 535 5708 (1.5)
575 5633 1073 5708 'EstgnxdcgsJA
1108 5638 1148 5692 Β
1173 5637 1413 5708 egents;
1445 5652 1548 5701 τις.

413 5704 534 5780 (ἐξ)
563 5704 865 5780 Καθᾴπξρε
892 5704 932 5758 Β
956 5707 1210 5780 ³φιθεῐιπερ
1230 5704 1360 5780 rib-

564 5774 929 5851 Κερὰσόολιι.
963 5778 1006 5851 Β
1035 5774 1419 5851 κερασϐόλαια.

419 5843 540 5920 (78)
583 5847 748 5910 Οὕτω
789 5847 885 5904 καί
934 5843 1120 5910 οὗτοιζ
1162 5848 1206 5906 Α
1247 5849 1300 5902 in
1347 5850 1589 5926 margine
1627 5843 1773 5910 ούτοι
1824 5850 1927 5907 κᾶν
