3896 6208
473 426 576 482 159
1712 404 1772 461 S.
1811 399 2065 460 GREGOI

2179 388 2471 449 NYSSENI
3638 360 3748 416 ’σο

475 539 664 610 pserit,
715 545 846 592 tunc
887 533 1052 590 etiam
1099 529 1296 586 horum
1353 532 1553 581 natura
1600 524 1827 594 copioso
1867 521 2045 575 nutri-

2169 532 2338 594 ιάλλος
2361 527 2470 580 τῶν
2493 520 2777 590 ἀσταχύων
2811 506 3157 568 συνανατελεῖ
3180 502 3294 575 (88)
3323 499 3435 562 τοῖς
3465 496 3578 567 (89)
3612 512 3755 565 φυο-

477 607 660 684 iuento
703 634 926 695 accepto
973 621 1318 693 grandescet,
1363 632 1429 672 ac
1474 616 1710 672 fructum
1745 616 2046 684 producere

2169 623 2337 691 μένοις
2363 618 2450 671 διὰ
2475 617 2572 684 τῆς
2601 607 2970 666 ἀναστάσεως·
3033 690 3046 695 _
3297 681 3311 695 .
3368 680 3382 693 .
3650 675 3706 695 ι.

476 715 774 769 maturahit
817 675 914 783 prer
938 675 1208 782 ejusmodi
1249 722 1438 762 curam
1473 708 1636 775 longo
1671 706 1888 760 tandem
1932 675 2170 765 circuitu
2209 720 2541 779 temporum,
2594 690 3083 762 communispecie
3117 699 3238 756 quaa
3262 681 3332 737 ab
3368 678 3530 735 initio
3567 675 3741 783 nobis

477 824 504 860 a
539 808 647 861 Deo
679 771 944 878 impressa
966 771 1445 873 vatque'attributa
1479 807 1585 865 est,
1635 810 1979 871 recuperata.
2033 803 2182 860 Beati
2227 813 2435 866 autem,
2481 798 2684 870 quibus
2732 807 2830 864 per
2876 783 3336 848 resurrectionem
3373 771 3744 830 nascentibus

478 903 728 974 protinus
764 901 928 956 simul
960 897 1198 969 perfecta
1227 905 1390 966 atque
1419 896 1670 973 absoluta
1705 897 1982 966 spicarum
2016 899 2365 974 pulchritudo
2390 895 2688 952 exorietur.
3133 883 3137 886 ’
3195 967 3220 974 Δ
3469 959 3494 974 1.
3612 973 3617 974 7
3653 957 3709 974 γ’

487 977 490 982 ’
551 993 675 1047 llaec
709 1003 886 1047 autem
925 991 1180 1055 dicimus,
1210 1005 1319 1044 non
1347 987 1493 1058 quod
1534 971 1643 1042 ulla
1668 991 1974 1059 corporalis
1998 992 2054 1046 in

2221 973 2406 1044 Τᾶὗτα
2429 987 2485 1040 δέ
2514 999 2692 1056 φαμεν
2713 979 2812 1050 οὐχ
2838 976 2913 1040 ὡς
2941 967 3259 1041 σωματικῆς
3282 978 3436 1059 τινος
3466 959 3744 1059 δια-φορᾶς

481 1087 888 1140 resurrectione
920 1083 1223 1139 diﬂerentia
1269 1082 1585 1152 apparitura
1642 1085 1712 1136 sit
1751 1083 1805 1136 in
1855 1083 1923 1138 iis
1960 1084 2055 1153 qui

2169 1105 2209 1140 ιν
2240 1085 2354 1147 τοῖς
2382 1082 2502 1136 κατ’
2527 1051 2738 1150 *ἀρετὴν
2771 1073 2805 1142 ἢ
2836 1067 3034 1126 κακίαν
3067 1057 3384 1133 βεϐιωκόσιν
3416 1053 3472 1153 ὲν
3503 1053 3574 1153 τῇ
3600 1051 3744 1152 ἀνα-

481 1193 606 1230 cum
655 1177 860 1232 virtute
903 1177 985 1231 vel
1023 1175 1154 1230 vitio
1185 1173 1539 1244 nequitiaque
1567 1173 1730 1230 vitam
1775 1186 2056 1246 transege-

2169 1143 2348 1231 rtdcet
2366 1143 2770 1244 φανησομένης,
2796 1164 2872 1227 ὡς
2891 1161 2980 1214 τὸν
3007 1157 3106 1228 μὲν
3137 1150 3299 1255 ἁτελῆ
3328 1143 3743 1255 xurgite-66p:

483 1276 633 1330 runt,
691 1277 749 1320 ut
794 1268 959 1322 alium
1005 1267 1246 1337 quidem,
1273 1237 1547 1336 quod-ad
1587 1280 1790 1336 corpus
1837 1237 2053 1332 attinet,

2169 1237 2410 1342 νομίζειν,
2436 1237 2528 1319 τὸν
2555 1237 2613 1318 δὲ
2636 1237 2921 1316 τὸῗτέλειον
2961 1251 3104 1322 ἔχειν
3127 1243 3332 1299 οἴεσθαι
3356 1257 3369 1270 °
3397 1237 3512 1292 ἁλλ’
3543 1237 3744 1304 ὥσπερ

485 1358 864 1426 imperfectum
917 1369 1190 1426 putemus,
1243 1357 1408 1410 alium
1450 1365 1630 1411 autem
1665 1356 2055 1426 perfectionem

2169 1381 2306 1452 παρὰ
2334 1379 2425 1432 τὸν
2453 1377 2565 1448 βίον
2593 1375 2622 1426 ὁ
2657 1368 2940 1441 δεσμώτης
2965 1382 3024 1417 τε
3062 1361 3156 1415 κα.)⁵
3184 1358 3401 1452 ἄνετος,
3425 1351 3607 1452 ἕξουσι

485 1449 685 1503 habere
711 1449 1128 1516 existimemus;
1174 1449 1268 1503 sed
1308 1447 1769 1518 quemadmodum
1800 1465 1895 1519 per
1916 1450 2057 1505 hanc

2169 1437 2864 1542 hpzpdceporrtapanlqsiw;
2999 1453 3234 1524 σώματι,
3253 1446 3420 1542 πολλὴ
3445 1443 3500 1542 6:5
3531 1437 3743 1542 μεταξὺ

483 1539 647 1594 vitam
701 1548 754 1595 et
799 1541 1014 1600 vinctus
1053 1548 1106 1596 et
1157 1542 1371 1596 solutus
1417 1537 1580 1595 sim'ili
1632 1541 1849 1611 quidem
1895 1543 2056 1597 ambo

2169 1533 2477 1634 ὶμςροιεὲρων
2615 1555 2734 1610 καθ’
2765 1552 2958 1625 ἡδονήν
2991 1565 3048 1601 τε
3110 1544 3206 1598 καὶ
3254 1540 3430 1609 λύπην
3462 1533 3742 1634 ξιαηξορξς

483 1633 732 1702 corporis
763 1633 954 1687 habitu
991 1641 1139 1695 sunt,
1174 1633 1404 1686 multum
1441 1641 1620 1687 autem
1664 1632 1805 1687 inter
1843 1642 2056 1686 utrum-

2169 1623 2502 1721 ›’ύτωςόἶμαι
2530 1649 2724 1720 χρῆναι
2770 1641 2879 1696 τῶν
2906 1637 3125 1708 ἀγαθῶν
3153 1653 3210 1690 τε
3234 1634 3328 1688 καὶ
3349 1629 3537 1685 κακῶν
3570 1623 3744 1721 ὲνᾼτιῖ)

483 1740 591 1793 que
638 1733 906 1794 quantum
955 1723 1021 1779 ad
1068 1724 1400 1793 voluptatem
1437 1730 1490 1777 ct
1538 1722 1779 1777 dolorem
1839 1722 2053 1789 attinet,

484 1814 731 1878 interest,
763 1817 952 1870 eodem
999 1815 1157 1870 modo
1186 1824 1317 1885 puto
1359 1815 1414 1870 in
1447 1813 1630 1869 futuro
1659 1814 1886 1884 posthac
1921 1822 2058 1869 tem-

484 1921 622 1976 pore
673 1907 1030 1962 dilierentiam
1086 1907 1356 1960 bonorum
1412 1905 1619 1977 pariter
1678 1920 1743 1960 ac
1786 1906 2056 1960 malorum

486 1999 746 2054 aestimari
807 2009 1074 2068 oportere.
1135 1997 1269 2052 Nam
1332 1997 1593 2068 perfectio
1645 2014 1936 2069 corporum
1991 2006 2056 2054 ex

489 2099 732 2146 semente
761 2091 1161 2146 renascentium
1195 2105 1317 2144 cum
1359 2090 1882 2160 incorruptibilitate
1910 2090 2059 2159 pari-

492 2192 574 2237 ter
603 2197 666 2236 ac
698 2182 895 2251 gloria,
933 2196 1057 2245 cum
1108 2181 1313 2236 honore
1341 2195 1406 2235 ac
1440 2181 1680 2254 potentia
1715 2179 1896 2238 lutura
1924 2181 2061 2236 dici-

489 2281 583 2336 tur
612 2273 682 2328 ab
708 2273 969 2343 Apostolo
993 2289 1008 2339 ;
1035 2271 1225 2328 harum
1252 2287 1380 2327 vero
1409 2287 1589 2326 rerum
1614 2273 1922 2336 diminutio,
1951 2287 2062 2328 non

492 2364 831 2434 corporalem
866 2363 1157 2434 quamdam
1196 2363 1370 2418 renati
1408 2363 1803 2418 mutilationem
1854 2363 2062 2434 signifi-

491 2465 600 2519 cat,
633 2457 726 2511 sed
751 2455 1186 2525 uniuscujusque
1215 2470 1403 2510 eorum
1429 2470 1551 2524 qua:
1593 2470 1690 2526 per
1722 2455 1926 2509 bonum
1981 2455 2064 2508 in-

490 2548 832 2617 telliguntur,
889 2546 1249 2617 privationem
1310 2547 1473 2602 simul
1537 2540 2058 2604 et'alienationem.

491 2636 759 2703 Quoniam
817 2638 980 2708 igitur
1036 2637 1266 2692 alterum
1327 2636 1473 2690 circa
1523 2651 1622 2691 nos
1668 2652 1896 2705 prorsus
1942 2651 2064 2691 esse

491 2736 711 2799 oportet
743 2745 931 2784 eorum
962 2744 1080 2798 quae
1114 2744 1210 2796 per
1230 2727 1630 2798 oppositionem
1663 2727 2062 2797 intelliguntur,

490 2823 576 2876 vel
605 2821 833 2882 bonum,
864 2821 947 2874 vel
981 2819 1202 2883 malum,
1233 2818 1576 2887 perspicuum
1612 2824 1696 2872 est
1730 2819 1896 2888 quod,
1939 2834 2064 2873 cum

494 2913 694 2982 aliquis
722 2926 830 2964 non
855 2911 909 2964 in
942 2910 1085 2964 bono
1114 2909 1321 2964 versari
1349 2908 1571 2969 dicitur,
1604 2923 1832 2977 prorsus
1858 2924 1982 2963 eum
2011 2910 2065 2964 in

2161 1743 2360 1816 μεταξὺ
2383 1717 2493 1814 (90)
2519 1717 2690 1795 ταῦτα
2710 1737 2887 1809 χρόνῳ
2907 1730 3213 1800 λογίζεσθαι
3234 1726 3296 1780 τὸ
3315 1724 3569 1816 διάφορον
3594 1717 3740 1788 (9|).

2168 1812 2234 1888 Ἦ
2276 1812 2691 1905 γάργτελείωσις
2725 1827 2837 1898 (92)
2875 1825 2984 1878 τῶν
3022 1825 3087 1874 ὲκ
3125 1819 3222 1890 τῆς
3251 1816 3455 1905 φθορᾶς
3495 1812 3742 1905 ἀναφυο-

2161 1900 2336 1996 μένων
2353 1900 2630 1994 ’σωμάτων
2669 1921 2727 1972 ὲν
2755 1912 3028 1984 ἀφθαρσίᾳ
3061 1927 3123 1962 τε
3163 1907 3257 1996 καὶ
3280 1903 3424 1975 δόξῃ,
3449 1901 3553 1996 Δκαι).
3577 1900 3740 1996 τιμῇ,

2158 1988 2252 2066 καὶ
2273 1988 2500 2080 δυνάμει
2535 2007 2644 2076 (95)
2679 2003 2830 2077 παρά
2861 2001 2954 2056 τοῦ
2994 1995 3315 2053 ’Λποστὸλου
3341 1991 3594 2061 γενέσθαι
3623 1988 3740 2057 (94)

2157 2103 2410 2172 λέγεται·
2441 2103 2475 2172 ἡ
2509 2099 2565 2153 δὲ
2599 2098 2706 2152 τῶν
2733 2094 2986 2150 τοιούτων
3016 2089 3306 2150 ἐλάττωσις
3324 2085 3383 2137 οὐ
3419 2080 3741 2172 σωματικήν

2158 2171 2281 2247 τινα
2304 2189 2398 2244 τοῦ
2427 2171 2650 2260 φυέντος
2670 2182 3012 2256 διασημαίνει
3035 2177 3350 2242 κολόϐωσιν,
3370 2173 3482 2227 ἀλλ’
3504 2171 3738 2226 ἑκάστου

2159 2287 2266 2340 τῶν
2296 2283 2437 2338 κατὰ
2477 2281 2536 2336 τὺ
2567 2279 2768 2350 ἀγαθὸν
2793 2274 3094 2346 νοουμένων
3132 2269 3242 2341 (95)
3276 2264 3531 2337 στέρησίν
3556 2280 3616 2315 τε
3643 2262 3743 2314 καὶ

2161 2375 2546 2448 ἀλλοτρίωσιν.-
2574 2372 2729 2426 Ἐπεὶ
2755 2365 2848 2424 οὖν
2875 2369 2934 2421 ἓν
2954 2383 3007 2420 τι
3035 2364 3140 2434 χρὴ
3178 2363 3394 2422 πάντως
3420 2354 3740 2448 περὶ-’ἡμᾶς

2163 2457 2302 2517 εἶναι
2327 2444 2456 2516 ⁷τῶν
2507 2461 2627 2514 κατ’
2673 2458 2946 2513 ἀντίθεσιν
2985 2453 3310 2522 νοουμένων,
3347 2450 3381 2519 ἢ
3434 2444 3657 2516 ἀγαθὸν,
3699 2444 3739 2512 ἢ

2164 2553 2352 2616 κακὸν,
2374 2551 2614 2622 δηλονότι
2634 2549 2692 2602 τὸ
2718 2550 2774 2602 ἐν
2799 2547 2878 2617 τῷ
2905 2544 3096 2615 ἀγαθῴ
3121 2559 3241 2596 τινα
3267 2539 3444 2608 λέγειν
3476 2536 3550 2607 μὴ
3575 2531 3739 2597 εἶναι,

2164 2643 2434 2708 ἀπόδειξις
2457 2641 2666 2713 γίνεται
2689 2639 2780 2692 τοῦ
2801 2640 2858 2691 ὲν
2889 2637 2967 2708 τῷ
2993 2635 3148 2706 κακῷ
3167 2633 3382 2694 πάντως
3405 2628 3536 2700 (96).
3580 2624 3740 2679 Ἀλλὰ

2170 2737 2275 2808 μὴν
2303 2737 2434 2807 περὶ
2461 2735 2560 2807 τὴν
2598 2733 2814 2796 κακίαν,
2849 2731 2910 2783 οὐ
2939 2729 3093 2800 τιμὴ,
3131 2727 3193 2780 οὐ
3226 2725 3371 2792 δόξα,
3405 2723 3506 2776 οὐκ
3531 2718 3742 2808 ἀφθαρ-

2169 2805 2277 2892 σία,
2308 2805 2646 2897 ού-δύναμις.
2686 2824 2925 2893 Ἀνάγκη
2965 2823 3117 2874 πᾶσα
3144 2817 3278 2890 (97),
3318 2815 3447 2885 περὶ
3476 2812 3535 2866 ὃν
3571 2811 3644 2882 μὴ
3669 2805 3739 2880 ἦν

2165 2919 2359 2984 ταῦτα,
2382 2918 2450 2972 τὰ
2477 2918 2684 2980 τούτοις
2716 2916 2827 2986 (98)
2863 2914 2920 2980 ἐξ
2947 2911 3220 2966 ἀντιθέτου
3254 2907 3517 2976 νοούμενα
3551 2903 3740 2972 παρεῖ-

493 3003 639 3056 male
670 3001 874 3056 versari
902 2999 1326 3054 demonstratur.
1352 2998 1514 3067 Atqui
1542 2997 1686 3052 circa
1716 2999 2062 3054 vitiositatem

2169 3031 2293 3078 ναι,
2351 3011 2424 3084 μὴ
2460 3010 2840 3083 ἀμφιϐάλλειν,
2882 3006 3183 3064 ἀσθένειαν,
3222 3001 3466 3070 ἀτιμίαν,
3513 2993 3740 3084 φθορὰν,

495 3108 605 3146 non
633 3093 828 3155 honos,
874 3106 983 3146 non
1023 3090 1216 3162 gloria,
1259 3104 1366 3144 non
1406 3089 1918 3159 incorruptibilitas,
1959 3106 2067 3147 non

495 3184 737 3256 potentia
785 3190 888 3238 est.
932 3183 1165 3238 Prorsus
1205 3183 1371 3253 igitur
1414 3197 1638 3237 necesse
1683 3189 1768 3237 est
1812 3192 1869 3237 ut
1920 3183 2070 3240 circa

495 3291 658 3346 quem
711 3276 823 3329 haec
871 3290 978 3329 non
1013 3274 1143 3337 sint,
1190 3273 1319 3328 huic
1349 3288 1410 3328 ea
1439 3289 1560 3344 qua:
1606 3289 1668 3329 ex
1701 3275 1954 3344 opposito
1988 3275 2072 3329 in-

495 3368 835 3438 telliguntur,
867 3368 1058 3422 adesse
1084 3382 1190 3421 non
1227 3365 1531 3427 dubitctur,
1561 3365 1930 3420 inﬁrmitatem
1955 3367 2067 3422 sci-

494 3460 643 3522 licet,
707 3459 1084 3529 ignominiam,
1139 3459 1566 3528 corruptionem,
1621 3465 1674 3512 et
1728 3473 2072 3528 qumcunque

496 3552 616 3621 ejus
659 3550 876 3622 generis
921 3557 1070 3614 sunt,
1131 3549 1290 3618 cujus
1322 3549 1376 3602 in
1421 3549 1798 3618 superioribus
1851 3550 2075 3620 scriptis

496 3645 826 3699 mentionem
869 3642 1120 3706 fecimus,
1152 3657 1276 3694 cum
1302 3640 1610 3696 diceremus
1649 3642 1791 3709 quod
1828 3642 1862 3694 ii
1891 3643 1982 3712 qui
2008 3657 2072 3696 ex

498 3735 796 3791 vitiositate
824 3734 1090 3790 contracti
1132 3742 1262 3789 sunt
1305 3733 1502 3787 anima:
1534 3732 1708 3786 morbi
1744 3741 1908 3802 atque
1941 3732 2072 3788 all‘e-

500 3837 644 3891 ctus,
676 3842 799 3879 cnm
827 3842 1074 3896 peream
1107 3834 1275 3879 totam
1301 3824 1481 3879 dil‘lusi
1515 3824 1840 3887 coaluerint,
1875 3832 2072 3878 etcum

499 3932 563 3972 ea
593 3916 732 3970 uniti
787 3916 1011 3982 fuerint,
1057 3916 1326 3986 ejusmodi
1373 3917 1635 3980 evadunt,
1685 3924 1743 3970 ut
1783 3915 2074 3976 difﬁculter

502 4008 620 4062 tolli
681 4015 843 4078 atque
907 4008 1111 4063 aboleri
1175 4008 1410 4080 possint.
1461 4007 1686 4062 Talibus
1723 4007 1888 4077 igitur
1943 4021 2077 4062 cura

2169 3102 2271 3153 καὶ·
2308 3082 2420 3154 ὅσα
2440 3082 2680 3154 τοιούτου
2730 3097 2842 3169 (99)
2881 3097 3072 3165 γένους
3118 3091 3288 3153 ἐστὶν,
3327 3087 3364 3142 ἃ
3402 3085 3478 3155 (l)
3527 3086 3587 3137 ὲν
3629 3082 3741 3144 τοῖς

2170 3190 2481 3262 ἔμπροσθεν
2510 3191 2723 3260 εἴρηται
2751 3189 2950 3256 λόγοις,
2982 3187 3082 3239 ὅσα
3113 3183 3189 3253 (‘2)
3219 3176 3638 3235 δυσαπάλλακτα
3665 3174 3741 3243 γί-

2171 3299 2320 3335 νεται
2348 3284 2414 3352 τῇ
2449 3280 2592 3352 ψυχῇ
2627 3280 2695 3334 τά
2740 3281 2803 3333 ὲκ
2857 3277 3056 3338 κακίας
3103 3274 3269 3342 πάθη,
3313 3269 3379 3324 δι’
3422 3268 3548 3338 ὅλης
3574 3265 3741 3335 αὐτῆς

2171 3373 2547 3443 ἀνακραθέντα
2594 3373 2686 3426 καὶ
2729 3370 3065 3442 συμφυέντα,
3113 3367 3208 3418 καὶ
3245 3364 3304 3416 ἓν
3347 3361 3483 3432 πρὸς
3531 3356 3743 3424 ὲκείνην

2171 3465 2459 3536 γενόμενα.
2504 3464 2624 3517 Τῶν
2653 3463 2904 3517 τοιούτων
2945 3456 3038 3514 οὖν
3079 3459 3159 3528 (5)
3199 3458 3318 3518 ταῖς
3355 3452 3442 3506 διὰ
3469 3449 3636 3522 πυρὸς
3664 3447 3742 3517 (4)

2175 3557 2438 3627 ίατρείαις
2475 3555 2921 3627 ὲκκαθαρθὲντων
2943 3569 3003 3605 τε
3031 3551 3124 3605 καὶ
3154 3545 3574 3615 ἀφανισθέντων,
3614 3540 3745 3593 ἕκα-

2173 3664 2296 3700 στον
2326 3647 2434 3700 τῶν
2469 3647 2604 3717 πρὸς
2636 3645 2694 3698 τὸ
2739 3647 2986 3717 κρεῖττον
3031 3640 3334 3710 νοουμένων
3363 3629 3745 3691 ἀντεπελεύσεο

2171 3756 2260 3793 ται
2299 3738 2397 3810 (5),
2429 3739 2462 3809 ἡ
2489 3737 2790 3809 ἁφθαρσία,
2818 3739 2850 3807 ἡ
2877 3735 2990 3806 ζωὴ
3023 3733 3122 3802 (6).
3165 3734 3198 3802 ἡ
3233 3730 3390 3800 τιμὴ,
3426 3729 3459 3797 ὴ
3488 3725 3662 3796 χάρις,
3705 3723 3739 3789 ἦ

2169 3828 2316 3892 δόξαν
2349 3827 2634 3898 ἡδύναμις
2658 3829 2759 3896 (7),
2793 3827 2884 3880 καὶ
2917 3826 3037 3880 εἴτι
3074 3823 3202 3878 ἀλλο
3227 3821 3465 3874 τοιοῦτον
3495 3817 3567 3886 (8)
3603 3813 3656 3866 ἐν
3683 3827 3742 3863 τε

2177 3918 2255 3990 τῷ
2287 3919 2404 3988 Θεῷ
2441 3918 2516 3989 (9)
2546 3917 2958 3988 ὲπιθεωρεῖσθαι
2991 3913 3304 3984 εἰκάζομεν,
3349 3909 3443 3964 καὶ
3482 3909 3545 3977 τῇ
3579 3903 3743 3958 εἰκόνι

2183 4007 2370 4072 αὐτοῦ,
2408 4010 2443 4079 ἦ
2471 4009 2556 4073 τίς
2586 4013 2732 4064 ἐστιν
2766 4011 2800 4080 ἡ
2830 4007 3142 4080 ἀνθρωπίνη
3174 4004 3334 4074 φύσις
3370 4000 3501 4071 (l0).

503 4105 862 4160 conveniente
918 4106 1236 4178 expurgatis
1297 4115 1351 4161 et
1399 4105 1661 4175 expiatis,
1711 4083 1977 4174 quidquid
2026 4104 2079 4156 in
2125 4105 2405 4168 meliorem
2435 4113 2642 4176 partem
2702 4105 3041 4174 intelligitur,
3085 4100 3316 4155 invicem
3354 4103 3408 4150 et
3455 4095 3509 4147 in
3569 4091 3743 4144 locum

502 4213 690 4253 eorum
763 4200 1040 4267 succedet,
1112 4200 1627 4272 incorruptibilitas,
1685 4199 1814 4265 vita,
1880 4198 2076 4265 honor,
2135 4201 2336 4270 gratia,
2381 4201 2575 4272 gloria,
2623 4201 2903 4271 polentia:
2957 4208 3012 4254 et
3045 4199 3092 4253 si
3125 4194 3251 4266 quid
3288 4187 3433 4245 aliud
3497 4182 3743 4256 ejusdem

503 4295 647 4349 modi
680 4295 762 4350 vel
796 4295 852 4351 in
894 4297 1014 4370 ipso
1052 4295 1182 4359 Deo,
1211 4296 1298 4351 vel
1329 4296 1382 4350 in
1434 4296 1669 4367 imagine
1695 4295 1817 4366 ejus
1859 4310 1980 4366 qua:
2013 4301 2098 4351 cst
2149 4295 2386 4359 humana
2429 4305 2623 4354 natura
2666 4295 3194 4364 cerni‘conjicimus
3249 4297 3304 4344 et
3346 4284 3741 4350 existimamus.

503 4389 566 4445 Ei
591 4393 764 4462 gloria
799 4392 853 4446 in
884 4393 1104 4457 saecula,
1137 4392 1332 4458 Amen.

577 4551 688 4621 (88)
718 4550 1136 4606 Συνανατειιεῖ.
1175 4550 1212 4602 Β
1241 4551 1640 4606 συνανατέλλει.

574 4622 688 4692 (89)
725 4621 870 4686 Τοῖς.
900 4623 943 4675 Α
973 4624 1013 4672 Β
1042 4621 1242 4692 delent,
1274 4689 1282 4692 Α
1436 4628 1444 4638 -
1616 4636 1627 4644 .

577 4689 691 4758 (90)
721 4691 984 4756 Μεταξύ.
1015 4692 1054 4746 Α
1085 4689 1126 4743 Β
1155 4689 1310 4758 μετὰ.

576 4761 690 4832 (9|)
720 4761 1033 4830 Διάφορον.
1141 4759 1452 4832 ἀδιάφορον.

598 4831 689 4900 92)
718 4829 1050 4897 Τελὲίωσις.
1084 4831 1123 4880 Β
1153 4829 1448 4900 τελειότης.

723 4901 996 4972 Δυνάμει.
1038 4899 1410 4972 Βδυναστεία.

575 4969 690 5040 (94)
722 4969 1032 5025 Γενέσθαι.
1070 4971 1111 5023 Α
1147 4969 1186 5021 Β
1213 4969 1478 5037 γίνεσθαι.

583 5039 697 5110 (95)
723 5041 1092 5110 Νρουμένων.
1130 5039 1170 5093 Β
1197 5040 1506 5110 νοουμένου.

603 5104 692 5178 96)
720 5104 981 5177 Πάντως.
1014 5110 1056 5164 Α
1085 5110 1124 5163 Β
1157 5104 1362 5164 addunt
1393 5104 1553 5164 εἶναι.

606 5182 697 5246 97)
728 5179 923 5236 Πᾶσα.
949 5181 994 5234 Δ
1025 5184 1176 5234 πᾶσα
1197 5178 1309 5235 οὖν.

606 5252 695 5323 1)8)
727 5251 809 5306 Τὰ
830 5251 1088 5323 τούτοις,
1113 5249 1158 5304 Α
1182 5251 1235 5323 in
1262 5249 1508 5323 margine
1535 5249 1727 5323 τούτῳ.

603 5320 697 5380 99)
735 5322 1032 5379 Τοιούτου.
1065 5321 1110 5379 Δ
1147 5321 1239 5376 τοῦ
1280 5320 1543 5378 τοιούτου.

2255 4549 2331 4621 (1)
2363 4550 2444 4602 Ἄ.
2477 4547 2520 4601 Λ
2552 4547 2712 4621 ἅπερ.

2250 4617 2330 4688 (2)
2369 4621 2536 4672 Ὅσα.
2573 4619 2615 4670 Λ
2647 4617 2688 4688 Β
2726 4617 2826 4688 ὅτι.

2249 4677 2328 4760 ('5)
2374 4689 2496 4760 Τῶν
2530 4682 2746 4760 ἰη-οὖν.
2849 4677 3082 4760 τῶνοῦν
3117 4698 3168 4733 τ.

2249 4744 2329 4829 (ii
2355 4759 2494 4824 Ταῖς
2524 4757 2620 4811 διὰ
2650 4756 2858 4829 ᾳτυρᾴς.
2893 4753 2932 4805 Α
2961 4752 3016 4806 in
3045 4747 3293 4818 margine
3313 4751 3382 4820 τῇ
3410 4744 3744 4818 προσηκούσῃ

2181 4825 2468 4900 ἐπιμελείᾳ
2501 4825 2970 4900 ἐκκαθαρθέντωνἶ

2277 4888 2330 4955 ὃ)
2376 4888 2912 4953 Ἀὶθτεπελεύὶγεται.
2948 4893 2984 4943 Α
3025 4889 3066 4943 Β
3093 4888 3577 4944 ἀντεισελεύσεται.

2280 4960 2333 5034 6)
2373 4970 2440 5022 ἸΙ
2469 4966 2599 5032 ζωή.
2635 4967 2689 5020 in
2721 4965 2760 5018 Β
2797 4964 3046 5034 sequitur
3082 4960 3385 5032 ήδύναμις.

2283 5033 2337 5106 7)
2368 5040 2438 5093 Ἣ
2459 5038 2733 5106 δύναμις,
2770 5033 2927 5106 Dolet
2957 5033 3017 5085 Β.

2258 5103 2337 5179 (8)
2379 5103 2671 5179 Τοιοῦτοῂ.
2709 5103 3017 5179 Β-τοιοῦιεο.

2259 5171 2335 5251 (9)
2367 5181 2471 5251 'E!
2492 5173 2653 5251 τις-τῷ
2678 5181 2733 5251 0_.
2758 5174 2982 5251 αὐτῷ
3007 5189 3068 5226 τε
3096 5190 3144 5251 τ.
3183 5171 3232 5226 θ.

2259 5237 2373 5321 ne)
2411 5247 2454 5302 Β
2489 5237 2659 5313 aen;
2684 5247 2722 5317 ἡ
2748 5245 2897 5310 δόξα
2922 5237 3008 5311 εις
3036 5241 3180 5310 τοὺς
3205 5239 3444 5305 αιῶνας.
3481 5237 3677 5307 Ἀμήν.
