  <div class='ocr_page' id='page_1' title='image "/cluster/home/n/w/nwhite01/storage/ocr_20150623/46/hvd.32044054112198/096.png"; bbox 0 0 3896 6208; ppageno 0'>
   <div class='ocr_carea' id='block_1_1' title="bbox 290 224 390 283">
    <p class='ocr_par' dir='ltr' id='par_1_1' title="bbox 290 224 390 283">
     <span class='ocr_line' id='line_1_1' title="bbox 290 224 390 283; baseline -0.03 0"><span class='ocrx_word' id='word_1_1' title='bbox 290 224 390 283; x_wconf 66' lang='lat' dir='ltr'><strong>{Gl</strong></span> 
     </span>
    </p>
   </div>
   <div class='ocr_carea' id='block_1_2' title="bbox 1077 207 2803 283">
    <p class='ocr_par' dir='ltr' id='par_1_2' title="bbox 1077 207 2803 283">
     <span class='ocr_line' id='line_1_2' title="bbox 1077 207 2803 283; baseline -0.005 -12"><span class='ocrx_word' id='word_1_2' title='bbox 1077 216 1166 271; x_wconf 83' lang='lat' dir='ltr'><strong>DE</strong></span> <span class='ocrx_word' id='word_1_3' title='bbox 1203 212 1620 273; x_wconf 76' lang='lat' dir='ltr'><strong>INFANTIBUS</strong></span> <span class='ocrx_word' id='word_1_4' title='bbox 1650 213 1783 283; x_wconf 81' lang='lat' dir='ltr'><strong>QUI</strong></span> <span class='ocrx_word' id='word_1_5' title='bbox 1806 209 2267 268; x_wconf 65' lang='lat' dir='ltr'><strong>PREMATURE</strong></span> <span class='ocrx_word' id='word_1_6' title='bbox 2305 207 2803 266; x_wconf 81' lang='lat' dir='ltr'><strong>ABRIPIUNTUR.</strong></span> 
     </span>
    </p>
   </div>
   <div class='ocr_carea' id='block_1_3' title="bbox 3437 199 3544 264">
    <p class='ocr_par' dir='ltr' id='par_1_3' title="bbox 3437 199 3544 264">
     <span class='ocr_line' id='line_1_3' title="bbox 3437 199 3544 264; baseline 0 -1"><span class='ocrx_word' id='word_1_7' title='bbox 3437 199 3544 264; x_wconf 65' lang='lat'><strong>£62</strong></span> 
     </span>
    </p>
   </div>
   <div class='ocr_carea' id='block_1_4' title="bbox 300 358 3534 414">
    <p class='ocr_par' dir='ltr' id='par_1_4' title="bbox 300 358 3534 414">
     <span class='ocr_line' id='line_1_4' title="bbox 300 358 3534 414; baseline -0.001 -16"><span class='ocrx_word' id='word_1_8' title='bbox 300 358 3534 414; x_wconf 49' lang='grc' dir='ltr'>Μ</span> 
     </span>
    </p>
   </div>
   <div class='ocr_carea' id='block_1_5' title="bbox 1497 429 2378 617">
    <p class='ocr_par' dir='ltr' id='par_1_5' title="bbox 1497 484 2339 617">
     <span class='ocr_line' id='line_1_5' title="bbox 1497 484 2339 617; baseline -0.008 1"><span class='ocrx_word' id='word_1_9' title='bbox 1497 548 1500 552; x_wconf 46' lang='grc' dir='ltr'><strong><em>ι</em></strong></span> <span class='ocrx_word' id='word_1_10' title='bbox 1549 518 1780 617; x_wconf 78' lang='grc' dir='ltr'>ΤΟΥ</span> <span class='ocrx_word' id='word_1_11' title='bbox 1851 527 2227 613; x_wconf 78' lang='grc' dir='ltr'>ΑΥΤΟΥ</span> <span class='ocrx_word' id='word_1_12' title='bbox 2335 484 2339 488; x_wconf 67' lang='grc'><em>’</em></span> 
     </span>
    </p>
   </div>
   <div class='ocr_carea' id='block_1_6' title="bbox 1041 690 2781 841">
    <p class='ocr_par' dir='ltr' id='par_1_6' title="bbox 1041 690 2781 841">
     <span class='ocr_line' id='line_1_6' title="bbox 1041 690 2781 841; baseline -0.004 0"><span class='ocrx_word' id='word_1_13' title='bbox 1041 728 1474 841; x_wconf 84' lang='grc' dir='ltr'><strong>ΠΕΡΙ</strong></span> <span class='ocrx_word' id='word_1_14' title='bbox 1592 690 1946 840; x_wconf 80' lang='grc' dir='ltr'>ΤΩΝ</span> <span class='ocrx_word' id='word_1_15' title='bbox 2081 723 2781 838; x_wconf 77' lang='grc' dir='ltr'><strong>ΝΗΠΙΩΝ</strong></span> 
     </span>
    </p>
   </div>
   <div class='ocr_carea' id='block_1_7' title="bbox 1423 933 2442 1001">
    <p class='ocr_par' dir='ltr' id='par_1_7' title="bbox 1423 933 2442 1001">
     <span class='ocr_line' id='line_1_7' title="bbox 1423 933 2442 1001; baseline -0.008 -5"><span class='ocrx_word' id='word_1_16' title='bbox 1423 938 1559 995; x_wconf 84' lang='lat' dir='ltr'>IIPO</span> <span class='ocrx_word' id='word_1_17' title='bbox 1605 936 1780 994; x_wconf 76' lang='grc' dir='ltr'><strong>ΩΡΑΣ</strong></span> <span class='ocrx_word' id='word_1_18' title='bbox 1801 933 2442 1001; x_wconf 73' lang='grc' dir='ltr'><strong>·ΑΦΑΡΠΑΖΟΜΕΝΩΝ,</strong></span> 
     </span>
    </p>
   </div>
   <div class='ocr_carea' id='block_1_8' title="bbox 1686 1092 2182 1151">
    <p class='ocr_par' dir='ltr' id='par_1_8' title="bbox 1686 1092 2182 1151">
     <span class='ocr_line' id='line_1_8' title="bbox 1686 1092 2182 1151; baseline -0.01 0"><span class='ocrx_word' id='word_1_19' title='bbox 1686 1094 1886 1151; x_wconf 75' lang='grc' dir='ltr'><strong>ΠΡΟΣ</strong></span> <span class='ocrx_word' id='word_1_20' title='bbox 1930 1093 2079 1148; x_wconf 78' lang='grc' dir='ltr'><strong>ΙΕΡΙ</strong></span> <span class='ocrx_word' id='word_1_21' title='bbox 2083 1092 2182 1148; x_wconf 85' lang='grc' dir='ltr'><strong><em>ΟΝ</em></strong></span> 
     </span>
    </p>
   </div>
   <div class='ocr_carea' id='block_1_9' title="bbox 1566 1235 2171 1428">
    <p class='ocr_par' dir='ltr' id='par_1_9' title="bbox 1631 1334 2171 1428">
     <span class='ocr_line' id='line_1_9' title="bbox 1631 1334 2171 1428; baseline -0.002 0"><span class='ocrx_word' id='word_1_22' title='bbox 1631 1334 2171 1428; x_wconf 86' lang='lat' dir='ltr'><strong>EJUSDEM</strong></span> 
     </span>
    </p>
   </div>
   <div class='ocr_carea' id='block_1_10' title="bbox 1396 1552 2525 1672">
    <p class='ocr_par' dir='ltr' id='par_1_10' title="bbox 1396 1552 2525 1672">
     <span class='ocr_line' id='line_1_10' title="bbox 1396 1552 2525 1672; baseline 0 -3"><span class='ocrx_word' id='word_1_23' title='bbox 1396 1554 1578 1670; x_wconf 90' lang='lat' dir='ltr'><strong>DE</strong></span> <span class='ocrx_word' id='word_1_24' title='bbox 1656 1552 2525 1672; x_wconf 86' lang='lat' dir='ltr'><strong>INFANTIBUS</strong></span> 
     </span>
    </p>
   </div>
   <div class='ocr_carea' id='block_1_11' title="bbox 1294 1769 2549 1861">
    <p class='ocr_par' dir='ltr' id='par_1_11' title="bbox 1294 1769 2549 1861">
     <span class='ocr_line' id='line_1_11' title="bbox 1294 1769 2549 1861; baseline -0.002 -29"><span class='ocrx_word' id='word_1_25' title='bbox 1294 1770 1416 1841; x_wconf 82' lang='lat' dir='ltr'><strong>QUI</strong></span> <span class='ocrx_word' id='word_1_26' title='bbox 1497 1769 1979 1861; x_wconf 17' lang='lat' dir='ltr'><strong>PRIEMATURE.</strong></span> <span class='ocrx_word' id='word_1_27' title='bbox 2048 1771 2549 1841; x_wconf 78' lang='lat' dir='ltr'><strong>ABRlPlUNTUR,</strong></span> 
     </span>
    </p>
   </div>
   <div class='ocr_carea' id='block_1_12' title="bbox 1695 1929 2199 1989">
    <p class='ocr_par' dir='ltr' id='par_1_12' title="bbox 1695 1929 2199 1989">
     <span class='ocr_line' id='line_1_12' title="bbox 1695 1929 2199 1989; baseline 0.006 -5"><span class='ocrx_word' id='word_1_28' title='bbox 1695 1930 1797 1986; x_wconf 81' lang='lat' dir='ltr'><strong>AD</strong></span> <span class='ocrx_word' id='word_1_29' title='bbox 1857 1929 2199 1989; x_wconf 77' lang='lat' dir='ltr'><strong>HIERIUM.</strong></span> 
     </span>
    </p>
   </div>
   <div class='ocr_carea' id='block_1_13' title="bbox 1498 2088 2336 2161">
    <p class='ocr_par' dir='ltr' id='par_1_13' title="bbox 1498 2088 2336 2161">
     <span class='ocr_line' id='line_1_13' title="bbox 1498 2088 2336 2161; baseline 0.002 -18"><span class='ocrx_word' id='word_1_30' title='bbox 1498 2088 1782 2147; x_wconf 74' lang='lat' dir='ltr'><strong>Laurentio</strong></span> <span class='ocrx_word' id='word_1_31' title='bbox 1818 2090 2008 2161; x_wconf 80' lang='lat' dir='ltr'><strong>Sifano</strong></span> <span class='ocrx_word' id='word_1_32' title='bbox 2039 2093 2336 2161; x_wconf 71' lang='lat' dir='ltr'><strong>interprete.</strong></span> 
     </span>
    </p>
   </div>
   <div class='ocr_carea' id='block_1_14' title="bbox 371 2320 1882 2398">
    <p class='ocr_par' dir='ltr' id='par_1_14' title="bbox 371 2320 1874 2398">
     <span class='ocr_line' id='line_1_14' title="bbox 371 2320 1874 2398; baseline 0.003 -21"><span class='ocrx_word' id='word_1_33' title='bbox 371 2326 460 2378; x_wconf 75' lang='grc' dir='ltr'><strong>Σοὶ</strong></span> <span class='ocrx_word' id='word_1_34' title='bbox 495 2324 616 2396; x_wconf 74' lang='grc' dir='ltr'>μὲν,</span> <span class='ocrx_word' id='word_1_35' title='bbox 663 2320 709 2378; x_wconf 79' lang='grc' dir='ltr'><strong>ὦ</strong></span> <span class='ocrx_word' id='word_1_36' title='bbox 738 2326 942 2396; x_wconf 80' lang='grc' dir='ltr'><strong>ἄριστε,</strong></span> <span class='ocrx_word' id='word_1_37' title='bbox 989 2324 1188 2389; x_wconf 84' lang='grc' dir='ltr'>πάντες</span> <span class='ocrx_word' id='word_1_38' title='bbox 1223 2321 1472 2396; x_wconf 81' lang='grc' dir='ltr'>σοφισταί</span> <span class='ocrx_word' id='word_1_39' title='bbox 1499 2327 1690 2381; x_wconf 80' lang='grc' dir='ltr'>τεκαὶ</span> <span class='ocrx_word' id='word_1_40' title='bbox 1718 2327 1874 2398; x_wconf 82' lang='grc' dir='ltr'>λογο-</span> 
     </span>
    </p>
   </div>
   <div class='ocr_carea' id='block_1_15' title="bbox 1984 2320 3549 2398">
    <p class='ocr_par' dir='ltr' id='par_1_15' title="bbox 2049 2324 3549 2396">
     <span class='ocr_line' id='line_1_15' title="bbox 2049 2324 3549 2396; baseline 0.003 -17"><span class='ocrx_word' id='word_1_41' title='bbox 2049 2324 2275 2381; x_wconf 87' lang='lat' dir='ltr'><strong>Dicendi</strong></span> <span class='ocrx_word' id='word_1_42' title='bbox 2318 2324 2540 2396; x_wconf 86' lang='lat' dir='ltr'><strong>quidem</strong></span> <span class='ocrx_word' id='word_1_43' title='bbox 2572 2324 2704 2389; x_wconf 86' lang='lat' dir='ltr'><strong>vim,</strong></span> <span class='ocrx_word' id='word_1_44' title='bbox 2738 2339 2845 2395; x_wconf 89' lang='lat' dir='ltr'><strong>qua</strong></span> <span class='ocrx_word' id='word_1_45' title='bbox 2880 2324 3112 2396; x_wconf 85' lang='lat' dir='ltr'><strong>quisque</strong></span> <span class='ocrx_word' id='word_1_46' title='bbox 3139 2325 3399 2396; x_wconf 62' lang='lat' dir='ltr'><strong>praeditus</strong></span> <span class='ocrx_word' id='word_1_47' title='bbox 3435 2326 3549 2384; x_wconf 80' lang='lat' dir='ltr'><strong>luc-</strong></span> 
     </span>
    </p>
   </div>
   <div class='ocr_carea' id='block_1_16' title="bbox 292 2415 1873 2490">
    <p class='ocr_par' dir='ltr' id='par_1_16' title="bbox 292 2415 1873 2490">
     <span class='ocr_line' id='line_1_16' title="bbox 292 2415 1873 2490; baseline 0.002 -21"><span class='ocrx_word' id='word_1_48' title='bbox 292 2417 501 2488; x_wconf 84' lang='grc' dir='ltr'>γράφοι</span> <span class='ocrx_word' id='word_1_49' title='bbox 535 2417 638 2488; x_wconf 80' lang='grc' dir='ltr'>τὴν</span> <span class='ocrx_word' id='word_1_50' title='bbox 668 2415 758 2469; x_wconf 83' lang='grc' dir='ltr'>τοῦ</span> <span class='ocrx_word' id='word_1_51' title='bbox 792 2416 969 2484; x_wconf 84' lang='grc' dir='ltr'>λέγειν</span> <span class='ocrx_word' id='word_1_52' title='bbox 998 2415 1214 2480; x_wconf 86' lang='grc' dir='ltr'>πάντως</span> <span class='ocrx_word' id='word_1_53' title='bbox 1243 2416 1599 2484; x_wconf 78' lang='grc' dir='ltr'>ὲπιδείξονται</span> <span class='ocrx_word' id='word_1_54' title='bbox 1625 2417 1873 2490; x_wconf 83' lang='grc' dir='ltr'>δύναμιν,</span> 
     </span>
    </p>
   </div>
   <div class='ocr_carea' id='block_1_17' title="bbox 289 2504 1882 2579">
    <p class='ocr_par' dir='ltr' id='par_1_17' title="bbox 289 2504 1882 2579">
     <span class='ocr_line' id='line_1_17' title="bbox 289 2504 1882 2579; baseline -0.001 -18"><span class='ocrx_word' id='word_1_55' title='bbox 289 2504 410 2561; x_wconf 76' lang='grc' dir='ltr'>οἷόν</span> <span class='ocrx_word' id='word_1_56' title='bbox 434 2525 540 2561; x_wconf 84' lang='grc' dir='ltr'>τινι</span> <span class='ocrx_word' id='word_1_57' title='bbox 574 2506 770 2578; x_wconf 86' lang='grc' dir='ltr'>σταδίῳ</span> <span class='ocrx_word' id='word_1_58' title='bbox 795 2507 873 2579; x_wconf 75' lang='grc' dir='ltr'>τῷ</span> <span class='ocrx_word' id='word_1_59' title='bbox 902 2507 1092 2560; x_wconf 83' lang='grc' dir='ltr'>πλάτει</span> <span class='ocrx_word' id='word_1_60' title='bbox 1108 2507 1216 2563; x_wconf 88' lang='grc' dir='ltr'><strong>τῶν</strong></span> <span class='ocrx_word' id='word_1_61' title='bbox 1248 2507 1355 2561; x_wconf 95' lang='grc' dir='ltr'>σῶν</span> <span class='ocrx_word' id='word_1_62' title='bbox 1386 2508 1678 2579; x_wconf 83' lang='grc' dir='ltr'><strong>θαυμάτων</strong></span> <span class='ocrx_word' id='word_1_63' title='bbox 1708 2508 1882 2561; x_wconf 75' lang='grc' dir='ltr'>ἐνδια-</span> 
     </span>
    </p>
   </div>
   <div class='ocr_carea' id='block_1_18' title="bbox 293 2594 1880 2671">
    <p class='ocr_par' dir='ltr' id='par_1_18' title="bbox 293 2594 1880 2671">
     <span class='ocr_line' id='line_1_18' title="bbox 293 2594 1880 2671; baseline 0.001 -20"><span class='ocrx_word' id='word_1_64' title='bbox 293 2598 538 2661; x_wconf 84' lang='grc' dir='ltr'>θέοντες.</span> <span class='ocrx_word' id='word_1_65' title='bbox 574 2597 687 2652; x_wconf 78' lang='grc' dir='ltr'><strong>Καὶ</strong></span> <span class='ocrx_word' id='word_1_66' title='bbox 714 2597 825 2667; x_wconf 83' lang='grc' dir='ltr'><strong>γάρ</strong></span> <span class='ocrx_word' id='word_1_67' title='bbox 863 2615 978 2661; x_wconf 89' lang='grc' dir='ltr'><strong>πως</strong></span> <span class='ocrx_word' id='word_1_68' title='bbox 1006 2594 1143 2651; x_wconf 77' lang='grc' dir='ltr'>οἶδεν</span> <span class='ocrx_word' id='word_1_69' title='bbox 1171 2599 1679 2671; x_wconf 80' lang='grc' dir='ltr'>μεγαλοφωνότερον</span> <span class='ocrx_word' id='word_1_70' title='bbox 1708 2594 1880 2654; x_wconf 79' lang='grc' dir='ltr'>ποιεῖν</span> 
     </span>
    </p>
   </div>
   <div class='ocr_carea' id='block_1_19' title="bbox 292 2688 1883 2761">
    <p class='ocr_par' dir='ltr' id='par_1_19' title="bbox 292 2688 1883 2761">
     <span class='ocr_line' id='line_1_19' title="bbox 292 2688 1883 2761; baseline -0.001 -18"><span class='ocrx_word' id='word_1_71' title='bbox 292 2689 395 2743; x_wconf 74' lang='grc' dir='ltr'>τὸν</span> <span class='ocrx_word' id='word_1_72' title='bbox 424 2688 580 2757; x_wconf 86' lang='grc' dir='ltr'>λόγον</span> <span class='ocrx_word' id='word_1_73' title='bbox 606 2688 829 2758; x_wconf 79' lang='grc' dir='ltr'>γενναία</span> <span class='ocrx_word' id='word_1_74' title='bbox 857 2706 940 2752; x_wconf 86' lang='grc' dir='ltr'><strong>τις</strong></span> <span class='ocrx_word' id='word_1_75' title='bbox 967 2688 1286 2759; x_wconf 75' lang='grc' dir='ltr'>ἀμφιλαφὴς</span> <span class='ocrx_word' id='word_1_76' title='bbox 1314 2688 1636 2761; x_wconf 80' lang='grc' dir='ltr'>προτεθεῖσα</span> <span class='ocrx_word' id='word_1_77' title='bbox 1658 2692 1771 2753; x_wconf 87' lang='grc' dir='ltr'>τοῖς</span> <span class='ocrx_word' id='word_1_78' title='bbox 1793 2689 1883 2743; x_wconf 84' lang='grc' dir='ltr'><strong>δυ-</strong></span> 
     </span>
    </p>
   </div>
   <div class='ocr_carea' id='block_1_20' title="bbox 294 2777 1882 2851">
    <p class='ocr_par' dir='ltr' id='par_1_20' title="bbox 294 2777 1882 2851">
     <span class='ocr_line' id='line_1_20' title="bbox 294 2777 1882 2851; baseline -0.001 -18"><span class='ocrx_word' id='word_1_79' title='bbox 294 2778 557 2849; x_wconf 78' lang='grc' dir='ltr'>ναμένοις</span> <span class='ocrx_word' id='word_1_80' title='bbox 591 2779 866 2843; x_wconf 85' lang='grc' dir='ltr'>ὑπόθεσις,</span> <span class='ocrx_word' id='word_1_81' title='bbox 897 2779 1025 2850; x_wconf 80' lang='grc' dir='ltr'>περὶ</span> <span class='ocrx_word' id='word_1_82' title='bbox 1053 2779 1121 2849; x_wconf 84' lang='grc' dir='ltr'><strong>ἢν</strong></span> <span class='ocrx_word' id='word_1_83' title='bbox 1154 2777 1382 2849; x_wconf 78' lang='grc' dir='ltr'><strong>ὑψοῦται</strong></span> <span class='ocrx_word' id='word_1_84' title='bbox 1407 2779 1436 2830; x_wconf 83' lang='grc' dir='ltr'>ὁ</span> <span class='ocrx_word' id='word_1_85' title='bbox 1471 2779 1646 2848; x_wconf 80' lang='grc' dir='ltr'><strong>λόγος,</strong></span> <span class='ocrx_word' id='word_1_86' title='bbox 1678 2779 1758 2850; x_wconf 84' lang='grc' dir='ltr'>τῷ</span> <span class='ocrx_word' id='word_1_87' title='bbox 1786 2797 1882 2851; x_wconf 81' lang='grc' dir='ltr'>με·</span> 
     </span>
    </p>
   </div>
   <div class='ocr_carea' id='block_1_21' title="bbox 297 2869 1883 2941">
    <p class='ocr_par' dir='ltr' id='par_1_21' title="bbox 297 2869 1883 2941">
     <span class='ocr_line' id='line_1_21' title="bbox 297 2869 1883 2941; baseline 0.001 -18"><span class='ocrx_word' id='word_1_88' title='bbox 297 2870 461 2939; x_wconf 86' lang='grc' dir='ltr'>γέθει</span> <span class='ocrx_word' id='word_1_89' title='bbox 506 2870 611 2923; x_wconf 88' lang='grc' dir='ltr'><strong>τῶν</strong></span> <span class='ocrx_word' id='word_1_90' title='bbox 649 2870 989 2941; x_wconf 75' lang='grc' dir='ltr'><strong>πραγμάτων</strong></span> <span class='ocrx_word' id='word_1_91' title='bbox 1035 2869 1511 2941; x_wconf 83' lang='grc' dir='ltr'>συνεπαιρόμενος.</span> <span class='ocrx_word' id='word_1_92' title='bbox 1589 2869 1780 2940; x_wconf 82' lang='grc' dir='ltr'>Ἡμεῖς</span> <span class='ocrx_word' id='word_1_93' title='bbox 1824 2870 1883 2924; x_wconf 84' lang='grc' dir='ltr'><strong>δὲ</strong></span> 
     </span>
    </p>
   </div>
   <div class='ocr_carea' id='block_1_22' title="bbox 296 2958 1881 3033">
    <p class='ocr_par' dir='ltr' id='par_1_22' title="bbox 296 2958 1881 3033">
     <span class='ocr_line' id='line_1_22' title="bbox 296 2958 1881 3033; baseline -0.001 -19"><span class='ocrx_word' id='word_1_94' title='bbox 296 2961 451 3015; x_wconf 82' lang='grc' dir='ltr'>κα.τά</span> <span class='ocrx_word' id='word_1_95' title='bbox 473 2962 596 3026; x_wconf 80' lang='grc' dir='ltr'>τοὺς</span> <span class='ocrx_word' id='word_1_96' title='bbox 623 2962 885 3033; x_wconf 80' lang='grc' dir='ltr'>γηραιοὺς</span> <span class='ocrx_word' id='word_1_97' title='bbox 925 2958 1033 3015; x_wconf 89' lang='grc' dir='ltr'><strong>τῶν</strong></span> <span class='ocrx_word' id='word_1_98' title='bbox 1072 2961 1255 3014; x_wconf 85' lang='grc' dir='ltr'>ἵππων</span> <span class='ocrx_word' id='word_1_99' title='bbox 1289 2960 1392 3025; x_wconf 70' lang='grc' dir='ltr'>ἔξω</span> <span class='ocrx_word' id='word_1_100' title='bbox 1419 2959 1513 3012; x_wconf 79' lang='grc' dir='ltr'>τοῦ</span> <span class='ocrx_word' id='word_1_101' title='bbox 1543 2960 1755 3013; x_wconf 82' lang='grc' dir='ltr'><strong>σταδίου</strong></span> <span class='ocrx_word' id='word_1_102' title='bbox 1784 2960 1881 3031; x_wconf 82' lang='grc' dir='ltr'>τῆς</span> 
     </span>
    </p>
   </div>
   <div class='ocr_carea' id='block_1_23' title="bbox 298 3047 1883 3122">
    <p class='ocr_par' dir='ltr' id='par_1_23' title="bbox 298 3047 1883 3122">
     <span class='ocr_line' id='line_1_23' title="bbox 298 3047 1883 3122; baseline -0.003 -15"><span class='ocrx_word' id='word_1_103' title='bbox 298 3050 615 3116; x_wconf 75' lang='grc' dir='ltr'><strong>ὑποθέσεως</strong></span> <span class='ocrx_word' id='word_1_104' title='bbox 649 3052 923 3122; x_wconf 83' lang='grc' dir='ltr'>μένοντες,</span> <span class='ocrx_word' id='word_1_105' title='bbox 960 3054 1022 3104; x_wconf 80' lang='grc' dir='ltr'><strong>τὸ</strong></span> <span class='ocrx_word' id='word_1_106' title='bbox 1066 3047 1161 3115; x_wconf 85' lang='grc' dir='ltr'><strong>οὖς</strong></span> <span class='ocrx_word' id='word_1_107' title='bbox 1194 3051 1351 3122; x_wconf 85' lang='grc' dir='ltr'>μόνον</span> <span class='ocrx_word' id='word_1_108' title='bbox 1390 3052 1510 3113; x_wconf 87' lang='grc' dir='ltr'>ταῖς</span> <span class='ocrx_word' id='word_1_109' title='bbox 1540 3050 1633 3103; x_wconf 77' lang='grc' dir='ltr'><strong>ἐπὶ</strong></span> <span class='ocrx_word' id='word_1_110' title='bbox 1672 3050 1752 3103; x_wconf 53' lang='grc' dir='ltr'><strong>σοὶ⁸</strong></span> <span class='ocrx_word' id='word_1_111' title='bbox 1775 3050 1883 3103; x_wconf 90' lang='grc' dir='ltr'><strong>τῶν</strong></span> 
     </span>
    </p>
   </div>
   <div class='ocr_carea' id='block_1_24' title="bbox 294 3142 1884 3215">
    <p class='ocr_par' dir='ltr' id='par_1_24' title="bbox 294 3142 1884 3215">
     <span class='ocr_line' id='line_1_24' title="bbox 294 3142 1884 3215; baseline -0.002 -18"><span class='ocrx_word' id='word_1_112' title='bbox 294 3143 480 3212; x_wconf 80' lang='grc' dir='ltr'>λόγων</span> <span class='ocrx_word' id='word_1_113' title='bbox 511 3142 763 3214; x_wconf 77' lang='grc' dir='ltr'><strong>ἁμίλλαις</strong></span> <span class='ocrx_word' id='word_1_114' title='bbox 783 3142 1230 3215; x_wconf 78' lang='grc' dir='ltr'>διαναστήσομεν,</span> <span class='ocrx_word' id='word_1_115' title='bbox 1258 3142 1310 3195; x_wconf 82' lang='grc' dir='ltr'><strong>εῐ</strong></span> <span class='ocrx_word' id='word_1_116' title='bbox 1329 3142 1432 3195; x_wconf 81' lang='grc' dir='ltr'>πού</span> <span class='ocrx_word' id='word_1_117' title='bbox 1455 3159 1538 3205; x_wconf 88' lang='grc' dir='ltr'><strong>τις</strong></span> <span class='ocrx_word' id='word_1_118' title='bbox 1567 3143 1662 3196; x_wconf 73' lang='grc' dir='ltr'><strong>καὶ</strong></span> <span class='ocrx_word' id='word_1_119' title='bbox 1691 3142 1884 3213; x_wconf 83' lang='grc' dir='ltr'><strong>μέχρις</strong></span> 
     </span>
    </p>
   </div>
   <div class='ocr_carea' id='block_1_25' title="bbox 298 3230 1885 3307">
    <p class='ocr_par' dir='ltr' id='par_1_25' title="bbox 298 3230 1885 3307">
     <span class='ocr_line' id='line_1_25' title="bbox 298 3230 1885 3307; baseline -0.001 -19"><span class='ocrx_word' id='word_1_120' title='bbox 298 3235 467 3307; x_wconf 74' lang='grc' dir='ltr'>ἡμῶν</span> <span class='ocrx_word' id='word_1_121' title='bbox 512 3234 767 3305; x_wconf 79' lang='grc' dir='ltr'>φθάσειεν</span> <span class='ocrx_word' id='word_1_122' title='bbox 817 3230 985 3307; x_wconf 79' lang='grc' dir='ltr'>ἦχος,</span> <span class='ocrx_word' id='word_1_123' title='bbox 1033 3233 1109 3303; x_wconf 80' lang='grc' dir='ltr'>τῷ</span> <span class='ocrx_word' id='word_1_124' title='bbox 1147 3233 1363 3305; x_wconf 82' lang='grc' dir='ltr'>σφοδρῷ</span> <span class='ocrx_word' id='word_1_125' title='bbox 1407 3251 1467 3286; x_wconf 86' lang='grc' dir='ltr'><strong>τε</strong></span> <span class='ocrx_word' id='word_1_126' title='bbox 1501 3233 1594 3286; x_wconf 78' lang='grc' dir='ltr'><strong>καὶ</strong></span> <span class='ocrx_word' id='word_1_127' title='bbox 1636 3250 1885 3286; x_wconf 87' lang='grc' dir='ltr'>συντετα-</span> 
     </span>
    </p>
   </div>
   <div class='ocr_carea' id='block_1_26' title="bbox 302 3324 1883 3400">
    <p class='ocr_par' dir='ltr' id='par_1_26' title="bbox 302 3324 1883 3400">
     <span class='ocr_line' id='line_1_26' title="bbox 302 3324 1883 3400; baseline -0.002 -20"><span class='ocrx_word' id='word_1_128' title='bbox 302 3329 460 3400; x_wconf 81' lang='grc' dir='ltr'>μένῳ</span> <span class='ocrx_word' id='word_1_129' title='bbox 504 3328 580 3398; x_wconf 77' lang='grc' dir='ltr'>τῷ</span> <span class='ocrx_word' id='word_1_130' title='bbox 613 3324 818 3398; x_wconf 77' lang='grc' dir='ltr'>ἅρματι</span> <span class='ocrx_word' id='word_1_131' title='bbox 858 3326 946 3381; x_wconf 86' lang='grc' dir='ltr'>διά</span> <span class='ocrx_word' id='word_1_132' title='bbox 981 3326 1090 3379; x_wconf 91' lang='grc' dir='ltr'><strong>τῶν</strong></span> <span class='ocrx_word' id='word_1_133' title='bbox 1124 3326 1232 3380; x_wconf 86' lang='grc' dir='ltr'>σῶν</span> <span class='ocrx_word' id='word_1_134' title='bbox 1265 3325 1558 3396; x_wconf 86' lang='grc' dir='ltr'><strong>θαυμάτων</strong></span> <span class='ocrx_word' id='word_1_135' title='bbox 1608 3324 1700 3378; x_wconf 81' lang='grc' dir='ltr'><strong>τὸν</strong></span> <span class='ocrx_word' id='word_1_136' title='bbox 1729 3325 1883 3391; x_wconf 85' lang='grc' dir='ltr'>λόγον</span> 
     </span>
    </p>
   </div>
   <div class='ocr_carea' id='block_1_27' title="bbox 301 3415 1883 3489">
    <p class='ocr_par' dir='ltr' id='par_1_27' title="bbox 301 3415 1883 3489">
     <span class='ocr_line' id='line_1_27' title="bbox 301 3415 1883 3489; baseline -0.002 -17"><span class='ocrx_word' id='word_1_137' title='bbox 301 3418 570 3473; x_wconf 74' lang='grc' dir='ltr'>ἐλαύνων.</span> <span class='ocrx_word' id='word_1_138' title='bbox 637 3417 855 3489; x_wconf 80' lang='grc' dir='ltr'>Ἐπειδὴ</span> <span class='ocrx_word' id='word_1_139' title='bbox 891 3417 948 3471; x_wconf 80' lang='grc' dir='ltr'><strong>δὲ</strong></span> <span class='ocrx_word' id='word_1_140' title='bbox 985 3416 1269 3488; x_wconf 79' lang='grc' dir='ltr'>συμϐαίνει</span> <span class='ocrx_word' id='word_1_141' title='bbox 1301 3415 1401 3470; x_wconf 81' lang='grc' dir='ltr'><strong>κᾶν</strong></span> <span class='ocrx_word' id='word_1_142' title='bbox 1428 3416 1533 3468; x_wconf 79' lang='grc' dir='ltr'><strong>ὑπὸ</strong></span> <span class='ocrx_word' id='word_1_143' title='bbox 1561 3415 1747 3486; x_wconf 83' lang='grc' dir='ltr'>γήρως</span> <span class='ocrx_word' id='word_1_144' title='bbox 1779 3415 1883 3482; x_wconf 78' lang='grc' dir='ltr'><strong>εξω</strong></span> 
     </span>
    </p>
   </div>
   <div class='ocr_carea' id='block_1_28' title="bbox 302 3505 1883 3583">
    <p class='ocr_par' dir='ltr' id='par_1_28' title="bbox 302 3505 1883 3583">
     <span class='ocr_line' id='line_1_28' title="bbox 302 3505 1883 3583; baseline -0.003 -19"><span class='ocrx_word' id='word_1_145' title='bbox 302 3512 447 3583; x_wconf 74' lang='grc' dir='ltr'>μένῃ</span> <span class='ocrx_word' id='word_1_146' title='bbox 467 3505 575 3566; x_wconf 84' lang='grc' dir='ltr'><strong>τῶν</strong></span> <span class='ocrx_word' id='word_1_147' title='bbox 595 3510 821 3580; x_wconf 81' lang='grc' dir='ltr'>ἀγώνων</span> <span class='ocrx_word' id='word_1_148' title='bbox 848 3509 878 3563; x_wconf 84' lang='grc' dir='ltr'><strong><em>ὁ</em></strong></span> <span class='ocrx_word' id='word_1_149' title='bbox 901 3511 1082 3573; x_wconf 85' lang='grc' dir='ltr'>ἵππος,</span> <span class='ocrx_word' id='word_1_150' title='bbox 1111 3508 1368 3572; x_wconf 77' lang='grc' dir='ltr'>πολλάκις</span> <span class='ocrx_word' id='word_1_151' title='bbox 1389 3508 1551 3563; x_wconf 78' lang='grc' dir='ltr'>αὑτὸν</span> <span class='ocrx_word' id='word_1_152' title='bbox 1582 3507 1657 3579; x_wconf 80' lang='grc' dir='ltr'><strong>τῷ</strong></span> <span class='ocrx_word' id='word_1_153' title='bbox 1693 3507 1883 3578; x_wconf 82' lang='grc' dir='ltr'>κτύπῳ</span> 
     </span>
    </p>
   </div>
   <div class='ocr_carea' id='block_1_29' title="bbox 297 3599 1879 3673">
    <p class='ocr_par' dir='ltr' id='par_1_29' title="bbox 297 3599 1879 3673">
     <span class='ocr_line' id='line_1_29' title="bbox 297 3599 1879 3673; baseline -0.001 -19"><span class='ocrx_word' id='word_1_154' title='bbox 297 3601 418 3656; x_wconf 82' lang='grc' dir='ltr'><strong>τῶν</strong></span> <span class='ocrx_word' id='word_1_155' title='bbox 455 3600 952 3673; x_wconf 87' lang='grc' dir='ltr'>κατακροαινόντων</span> <span class='ocrx_word' id='word_1_156' title='bbox 989 3601 1067 3666; x_wconf 81' lang='grc' dir='ltr'><strong>είς</strong></span> <span class='ocrx_word' id='word_1_157' title='bbox 1120 3600 1426 3672; x_wconf 84' lang='grc' dir='ltr'>προθυμίαν</span> <span class='ocrx_word' id='word_1_158' title='bbox 1460 3599 1879 3671; x_wconf 85' lang='grc' dir='ltr'>διεγειρόμενον,</span> 
     </span>
    </p>
   </div>
   <div class='ocr_carea' id='block_1_30' title="bbox 1978 2417 3547 2489">
    <p class='ocr_par' dir='ltr' id='par_1_30' title="bbox 1978 2417 3547 2489">
     <span class='ocr_line' id='line_1_30' title="bbox 1978 2417 3547 2489; baseline 0.003 -18"><span class='ocrx_word' id='word_1_159' title='bbox 1978 2417 2072 2482; x_wconf 88' lang='lat' dir='ltr'><strong>rit,</strong></span> <span class='ocrx_word' id='word_1_160' title='bbox 2116 2431 2307 2470; x_wconf 89' lang='lat' dir='ltr'><strong>omnes</strong></span> <span class='ocrx_word' id='word_1_161' title='bbox 2345 2422 2400 2470; x_wconf 90' lang='lat' dir='ltr'><strong>et</strong></span> <span class='ocrx_word' id='word_1_162' title='bbox 2445 2422 2695 2471; x_wconf 89' lang='lat' dir='ltr'><strong>oratores</strong></span> <span class='ocrx_word' id='word_1_163' title='bbox 2729 2426 2783 2470; x_wconf 91' lang='lat' dir='ltr'><strong>et</strong></span> <span class='ocrx_word' id='word_1_164' title='bbox 2835 2431 3018 2472; x_wconf 88' lang='lat' dir='ltr'><strong>rerum</strong></span> <span class='ocrx_word' id='word_1_165' title='bbox 3068 2418 3362 2489; x_wconf 86' lang='lat' dir='ltr'><strong>scriptores</strong></span> <span class='ocrx_word' id='word_1_166' title='bbox 3403 2419 3547 2475; x_wconf 86' lang='lat' dir='ltr'><strong>haud</strong></span> 
     </span>
    </p>
   </div>
   <div class='ocr_carea' id='block_1_31' title="bbox 1978 2505 3548 2579">
    <p class='ocr_par' dir='ltr' id='par_1_31' title="bbox 1978 2505 3548 2579">
     <span class='ocr_line' id='line_1_31' title="bbox 1978 2505 3548 2579; baseline 0.002 -18"><span class='ocrx_word' id='word_1_167' title='bbox 1978 2505 2268 2561; x_wconf 69' lang='lat' dir='ltr'><strong>difficulter</strong></span> <span class='ocrx_word' id='word_1_168' title='bbox 2297 2505 2415 2569; x_wconf 84' lang='lat' dir='ltr'><strong>tibi,</strong></span> <span class='ocrx_word' id='word_1_169' title='bbox 2451 2521 2485 2560; x_wconf 91' lang='grc' dir='ltr'><strong>ο</strong></span> <span class='ocrx_word' id='word_1_170' title='bbox 2513 2505 2596 2559; x_wconf 93' lang='lat' dir='ltr'><strong>vir</strong></span> <span class='ocrx_word' id='word_1_171' title='bbox 2638 2505 2862 2575; x_wconf 88' lang='lat' dir='ltr'><strong>optime,</strong></span> <span class='ocrx_word' id='word_1_172' title='bbox 2893 2506 3060 2562; x_wconf 86' lang='lat' dir='ltr'><strong>veluti</strong></span> <span class='ocrx_word' id='word_1_173' title='bbox 3097 2508 3150 2561; x_wconf 92' lang='lat' dir='ltr'><strong>in</strong></span> <span class='ocrx_word' id='word_1_174' title='bbox 3192 2507 3368 2564; x_wconf 90' lang='lat' dir='ltr'><strong>stadio</strong></span> <span class='ocrx_word' id='word_1_175' title='bbox 3410 2525 3548 2579; x_wconf 81' lang='lat' dir='ltr'><strong>quo-</strong></span> 
     </span>
    </p>
   </div>
   <div class='ocr_carea' id='block_1_32' title="bbox 1979 2597 3549 2669">
    <p class='ocr_par' dir='ltr' id='par_1_32' title="bbox 1979 2597 3549 2669">
     <span class='ocr_line' id='line_1_32' title="bbox 1979 2597 3549 2669; baseline 0.003 -18"><span class='ocrx_word' id='word_1_176' title='bbox 1979 2597 2102 2651; x_wconf 91' lang='lat' dir='ltr'><strong>dam</strong></span> <span class='ocrx_word' id='word_1_177' title='bbox 2157 2613 2254 2669; x_wconf 90' lang='lat' dir='ltr'><strong>per</strong></span> <span class='ocrx_word' id='word_1_178' title='bbox 2288 2597 2704 2666; x_wconf 89' lang='lat' dir='ltr'><strong>amplitudinem</strong></span> <span class='ocrx_word' id='word_1_179' title='bbox 2752 2598 3142 2653; x_wconf 76' lang='lat' dir='ltr'><strong>miraculorum</strong></span> <span class='ocrx_word' id='word_1_180' title='bbox 3181 2608 3398 2655; x_wconf 89' lang='lat' dir='ltr'><strong>tuorum</strong></span> <span class='ocrx_word' id='word_1_181' title='bbox 3435 2602 3549 2657; x_wconf 86' lang='lat' dir='ltr'><strong>dis.-</strong></span> 
     </span>
    </p>
   </div>
   <div class='ocr_carea' id='block_1_33' title="bbox 1980 2686 3552 2760">
    <p class='ocr_par' dir='ltr' id='par_1_33' title="bbox 1980 2686 3552 2760">
     <span class='ocr_line' id='line_1_33' title="bbox 1980 2686 3552 2760; baseline 0.003 -17"><span class='ocrx_word' id='word_1_182' title='bbox 1980 2696 2269 2743; x_wconf 74' lang='lat' dir='ltr'><strong>currentes</strong></span> <span class='ocrx_word' id='word_1_183' title='bbox 2325 2687 2513 2755; x_wconf 88' lang='lat' dir='ltr'><strong>utique</strong></span> <span class='ocrx_word' id='word_1_184' title='bbox 2554 2686 3009 2742; x_wconf 86' lang='lat' dir='ltr'><strong>demonstrabunt</strong></span> <span class='ocrx_word' id='word_1_185' title='bbox 3044 2708 3058 2743; x_wconf 89' lang='lat'><strong>:</strong></span> <span class='ocrx_word' id='word_1_186' title='bbox 3089 2690 3291 2745; x_wconf 89' lang='lat' dir='ltr'><strong>etenim</strong></span> <span class='ocrx_word' id='word_1_187' title='bbox 3334 2692 3552 2760; x_wconf 70' lang='lat' dir='ltr'><strong>przccla-</strong></span> 
     </span>
    </p>
   </div>
   <div class='ocr_carea' id='block_1_34' title="bbox 1981 2779 3550 2855">
    <p class='ocr_par' dir='ltr' id='par_1_34' title="bbox 1981 2779 3550 2855">
     <span class='ocr_line' id='line_1_34' title="bbox 1981 2779 3550 2855; baseline 0.001 -19"><span class='ocrx_word' id='word_1_188' title='bbox 1981 2796 2104 2836; x_wconf 85' lang='lat' dir='ltr'><strong>rum</strong></span> <span class='ocrx_word' id='word_1_189' title='bbox 2134 2787 2188 2834; x_wconf 80' lang='lat' dir='ltr'><strong>et</strong></span> <span class='ocrx_word' id='word_1_190' title='bbox 2216 2780 2498 2851; x_wconf 78' lang='lat' dir='ltr'><strong>egregium</strong></span> <span class='ocrx_word' id='word_1_191' title='bbox 2527 2780 2921 2849; x_wconf 78' lang='lat' dir='ltr'><strong>copiosumque</strong></span> <span class='ocrx_word' id='word_1_192' title='bbox 2951 2779 3167 2836; x_wconf 82' lang='lat' dir='ltr'><strong>dicendi</strong></span> <span class='ocrx_word' id='word_1_193' title='bbox 3201 2783 3392 2851; x_wconf 86' lang='lat' dir='ltr'><strong>peritis</strong></span> <span class='ocrx_word' id='word_1_194' title='bbox 3424 2799 3550 2855; x_wconf 84' lang='lat' dir='ltr'><strong>pro-</strong></span> 
     </span>
    </p>
   </div>
   <div class='ocr_carea' id='block_1_35' title="bbox 1985 2872 3550 2945">
    <p class='ocr_par' dir='ltr' id='par_1_35' title="bbox 1985 2872 3550 2945">
     <span class='ocr_line' id='line_1_35' title="bbox 1985 2872 3550 2945; baseline 0.002 -18"><span class='ocrx_word' id='word_1_195' title='bbox 1985 2872 2227 2943; x_wconf 89' lang='lat' dir='ltr'><strong>positum</strong></span> <span class='ocrx_word' id='word_1_196' title='bbox 2265 2876 2643 2942; x_wconf 74' lang='lat' dir='ltr'><strong>argumentum</strong></span> <span class='ocrx_word' id='word_1_197' title='bbox 2677 2872 2908 2943; x_wconf 77' lang='lat' dir='ltr'><strong>erigere,</strong></span> <span class='ocrx_word' id='word_1_198' title='bbox 2941 2877 2995 2927; x_wconf 90' lang='lat' dir='ltr'><strong>et</strong></span> <span class='ocrx_word' id='word_1_199' title='bbox 3027 2887 3134 2926; x_wconf 88' lang='lat' dir='ltr'><strong>una</strong></span> <span class='ocrx_word' id='word_1_200' title='bbox 3178 2887 3300 2928; x_wconf 90' lang='lat' dir='ltr'><strong>cum</strong></span> <span class='ocrx_word' id='word_1_201' title='bbox 3335 2877 3550 2945; x_wconf 80' lang='lat' dir='ltr'><strong>magni-</strong></span> 
     </span>
    </p>
   </div>
   <div class='ocr_carea' id='block_1_36' title="bbox 1982 2963 3549 3038">
    <p class='ocr_par' dir='ltr' id='par_1_36' title="bbox 1982 2963 3549 3038">
     <span class='ocr_line' id='line_1_36' title="bbox 1982 2963 3549 3038; baseline 0.002 -19"><span class='ocrx_word' id='word_1_202' title='bbox 1982 2966 2175 3021; x_wconf 89' lang='lat' dir='ltr'><strong>tudine</strong></span> <span class='ocrx_word' id='word_1_203' title='bbox 2222 2977 2405 3019; x_wconf 86' lang='lat' dir='ltr'><strong>rerum</strong></span> <span class='ocrx_word' id='word_1_204' title='bbox 2452 2963 2613 3035; x_wconf 88' lang='lat' dir='ltr'><strong>quasi</strong></span> <span class='ocrx_word' id='word_1_205' title='bbox 2669 2964 2723 3018; x_wconf 90' lang='lat' dir='ltr'><strong>in</strong></span> <span class='ocrx_word' id='word_1_206' title='bbox 2787 2964 2957 3019; x_wconf 86' lang='lat' dir='ltr'><strong>altum</strong></span> <span class='ocrx_word' id='word_1_207' title='bbox 3005 2965 3231 3030; x_wconf 87' lang='lat' dir='ltr'><strong>tollere,</strong></span> <span class='ocrx_word' id='word_1_208' title='bbox 3274 2973 3328 3021; x_wconf 90' lang='lat' dir='ltr'><strong>et</strong></span> <span class='ocrx_word' id='word_1_209' title='bbox 3374 2968 3549 3038; x_wconf 78' lang='lat' dir='ltr'><strong>magis</strong></span> 
     </span>
    </p>
   </div>
   <div class='ocr_carea' id='block_1_37' title="bbox 1981 3054 3550 3126">
    <p class='ocr_par' dir='ltr' id='par_1_37' title="bbox 1981 3054 3550 3126">
     <span class='ocr_line' id='line_1_37' title="bbox 1981 3054 3550 3126; baseline 0.002 -17"><span class='ocrx_word' id='word_1_210' title='bbox 1981 3054 2387 3126; x_wconf 86' lang='lat' dir='ltr'><strong>quodammodo</strong></span> <span class='ocrx_word' id='word_1_211' title='bbox 2418 3054 2834 3126; x_wconf 76' lang='lat' dir='ltr'><strong>grandiloquam</strong></span> <span class='ocrx_word' id='word_1_212' title='bbox 2862 3065 3027 3125; x_wconf 89' lang='lat' dir='ltr'><strong>atque</strong></span> <span class='ocrx_word' id='word_1_213' title='bbox 3057 3071 3310 3111; x_wconf 89' lang='lat' dir='ltr'><strong>sonoram</strong></span> <span class='ocrx_word' id='word_1_214' title='bbox 3337 3056 3550 3112; x_wconf 75' lang='lat' dir='ltr'><strong>edicere</strong></span> 
     </span>
    </p>
   </div>
   <div class='ocr_carea' id='block_1_38' title="bbox 1984 3144 3550 3218">
    <p class='ocr_par' dir='ltr' id='par_1_38' title="bbox 1984 3144 3550 3218">
     <span class='ocr_line' id='line_1_38' title="bbox 1984 3144 3550 3218; baseline 0 -16"><span class='ocrx_word' id='word_1_215' title='bbox 1984 3146 2123 3203; x_wconf 91' lang='lat' dir='ltr'><strong>solet</strong></span> <span class='ocrx_word' id='word_1_216' title='bbox 2173 3146 2499 3201; x_wconf 86' lang='lat' dir='ltr'><strong>orationem.</strong></span> <span class='ocrx_word' id='word_1_217' title='bbox 2548 3144 2661 3202; x_wconf 84' lang='lat' dir='ltr'><strong>Nos</strong></span> <span class='ocrx_word' id='word_1_218' title='bbox 2702 3160 2832 3201; x_wconf 91' lang='lat' dir='ltr'><strong>vero</strong></span> <span class='ocrx_word' id='word_1_219' title='bbox 2884 3156 3141 3215; x_wconf 85' lang='lat' dir='ltr'><strong>tanquam</strong></span> <span class='ocrx_word' id='word_1_220' title='bbox 3203 3147 3329 3218; x_wconf 83' lang='lat' dir='ltr'><strong>equi</strong></span> <span class='ocrx_word' id='word_1_221' title='bbox 3383 3148 3550 3204; x_wconf 88' lang='lat' dir='ltr'><strong>veluti</strong></span> 
     </span>
    </p>
   </div>
   <div class='ocr_carea' id='block_1_39' title="bbox 1982 3235 3551 3307">
    <p class='ocr_par' dir='ltr' id='par_1_39' title="bbox 1982 3235 3551 3307">
     <span class='ocr_line' id='line_1_39' title="bbox 1982 3235 3551 3307; baseline 0.002 -16"><span class='ocrx_word' id='word_1_222' title='bbox 1982 3240 2138 3291; x_wconf 78' lang='lat' dir='ltr'><strong>extra</strong></span> <span class='ocrx_word' id='word_1_223' title='bbox 2185 3237 2420 3291; x_wconf 79' lang='lat' dir='ltr'><strong>stadium</strong></span> <span class='ocrx_word' id='word_1_224' title='bbox 2460 3235 2763 3307; x_wconf 81' lang='lat' dir='ltr'><strong>argumenti</strong></span> <span class='ocrx_word' id='word_1_225' title='bbox 2814 3245 3116 3302; x_wconf 87' lang='lat' dir='ltr'><strong>manentes,</strong></span> <span class='ocrx_word' id='word_1_226' title='bbox 3168 3253 3353 3292; x_wconf 88' lang='lat' dir='ltr'><strong>aurem</strong></span> <span class='ocrx_word' id='word_1_227' title='bbox 3407 3239 3551 3294; x_wconf 82' lang='lat' dir='ltr'><strong>dun-</strong></span> 
     </span>
    </p>
   </div>
   <div class='ocr_carea' id='block_1_40' title="bbox 1984 3323 3543 3396">
    <p class='ocr_par' dir='ltr' id='par_1_40' title="bbox 1984 3323 3543 3396">
     <span class='ocr_line' id='line_1_40' title="bbox 1984 3323 3543 3396; baseline 0.002 -18"><span class='ocrx_word' id='word_1_228' title='bbox 1984 3332 2137 3380; x_wconf 80' lang='lat' dir='ltr'><strong>taxat</strong></span> <span class='ocrx_word' id='word_1_229' title='bbox 2164 3324 2234 3380; x_wconf 88' lang='lat' dir='ltr'><strong>iis</strong></span> <span class='ocrx_word' id='word_1_230' title='bbox 2262 3324 2383 3395; x_wconf 65' lang='lat' dir='ltr'><strong>quat</strong></span> <span class='ocrx_word' id='word_1_231' title='bbox 2419 3329 2642 3396; x_wconf 86' lang='lat' dir='ltr'><strong>propter</strong></span> <span class='ocrx_word' id='word_1_232' title='bbox 2669 3333 2722 3379; x_wconf 88' lang='lat' dir='ltr'><strong>te</strong></span> <span class='ocrx_word' id='word_1_233' title='bbox 2759 3323 2912 3388; x_wconf 84' lang='lat' dir='ltr'><strong>ﬁant,</strong></span> <span class='ocrx_word' id='word_1_234' title='bbox 2942 3325 3251 3380; x_wconf 84' lang='lat' dir='ltr'><strong>orationum</strong></span> <span class='ocrx_word' id='word_1_235' title='bbox 3285 3328 3543 3381; x_wconf 87' lang='lat' dir='ltr'><strong>certami-</strong></span> 
     </span>
    </p>
   </div>
   <div class='ocr_carea' id='block_1_41' title="bbox 1983 3414 3551 3487">
    <p class='ocr_par' dir='ltr' id='par_1_41' title="bbox 1983 3414 3551 3487">
     <span class='ocr_line' id='line_1_41' title="bbox 1983 3414 3551 3487; baseline 0.003 -18"><span class='ocrx_word' id='word_1_236' title='bbox 1983 3415 2145 3471; x_wconf 82' lang='lat' dir='ltr'><strong>nibus</strong></span> <span class='ocrx_word' id='word_1_237' title='bbox 2193 3415 2581 3486; x_wconf 70' lang='lat' dir='ltr'><strong>pr‘aalrebimus,</strong></span> <span class='ocrx_word' id='word_1_238' title='bbox 2631 3415 2677 3472; x_wconf 89' lang='lat' dir='ltr'><strong>si</strong></span> <span class='ocrx_word' id='word_1_239' title='bbox 2713 3414 2854 3471; x_wconf 78' lang='lat' dir='ltr'><strong>forte</strong></span> <span class='ocrx_word' id='word_1_240' title='bbox 2904 3416 3070 3471; x_wconf 90' lang='lat' dir='ltr'><strong>etiam</strong></span> <span class='ocrx_word' id='word_1_241' title='bbox 3118 3415 3185 3470; x_wconf 90' lang='lat' dir='ltr'><strong>ad</strong></span> <span class='ocrx_word' id='word_1_242' title='bbox 3236 3432 3336 3472; x_wconf 91' lang='lat' dir='ltr'><strong>nos</strong></span> <span class='ocrx_word' id='word_1_243' title='bbox 3375 3433 3551 3487; x_wconf 88' lang='lat' dir='ltr'><strong>usque</strong></span> 
     </span>
    </p>
   </div>
   <div class='ocr_carea' id='block_1_42' title="bbox 1983 3505 3551 3575">
    <p class='ocr_par' dir='ltr' id='par_1_42' title="bbox 1983 3505 3551 3575">
     <span class='ocr_line' id='line_1_42' title="bbox 1983 3505 3551 3575; baseline 0 -14"><span class='ocrx_word' id='word_1_244' title='bbox 1983 3505 2289 3561; x_wconf 72' lang='lat' dir='ltr'><strong>Vehementi</strong></span> <span class='ocrx_word' id='word_1_245' title='bbox 2321 3505 2524 3575; x_wconf 88' lang='lat' dir='ltr'><strong>impetu</strong></span> <span class='ocrx_word' id='word_1_246' title='bbox 2564 3513 2617 3561; x_wconf 87' lang='lat' dir='ltr'><strong>et</strong></span> <span class='ocrx_word' id='word_1_247' title='bbox 2653 3506 2886 3560; x_wconf 89' lang='lat' dir='ltr'><strong>incitato</strong></span> <span class='ocrx_word' id='word_1_248' title='bbox 2912 3520 3078 3560; x_wconf 90' lang='lat' dir='ltr'><strong>curru</strong></span> <span class='ocrx_word' id='word_1_249' title='bbox 3111 3521 3208 3575; x_wconf 92' lang='lat' dir='ltr'><strong>per</strong></span> <span class='ocrx_word' id='word_1_250' title='bbox 3257 3514 3349 3561; x_wconf 86' lang='lat' dir='ltr'><strong>tua</strong></span> <span class='ocrx_word' id='word_1_251' title='bbox 3382 3510 3551 3562; x_wconf 85' lang='lat' dir='ltr'><strong>mira-</strong></span> 
     </span>
    </p>
   </div>
   <div class='ocr_carea' id='block_1_43' title="bbox 1986 3597 3552 3669">
    <p class='ocr_par' dir='ltr' id='par_1_43' title="bbox 1986 3597 3552 3669">
     <span class='ocr_line' id='line_1_43' title="bbox 1986 3597 3552 3669; baseline 0.001 -16"><span class='ocrx_word' id='word_1_252' title='bbox 1986 3599 2109 3653; x_wconf 88' lang='lat' dir='ltr'><strong>cula</strong></span> <span class='ocrx_word' id='word_1_253' title='bbox 2163 3599 2379 3669; x_wconf 77' lang='lat' dir='ltr'><strong>agitans</strong></span> <span class='ocrx_word' id='word_1_254' title='bbox 2440 3597 2743 3653; x_wconf 87' lang='lat' dir='ltr'><strong>orationem</strong></span> <span class='ocrx_word' id='word_1_255' title='bbox 2791 3597 2993 3668; x_wconf 89' lang='lat' dir='ltr'><strong>aliquis</strong></span> <span class='ocrx_word' id='word_1_256' title='bbox 3040 3612 3209 3653; x_wconf 89' lang='lat' dir='ltr'><strong>sonus</strong></span> <span class='ocrx_word' id='word_1_257' title='bbox 3265 3599 3552 3668; x_wconf 81' lang='lat' dir='ltr'><strong>pervenire</strong></span> 
     </span>
    </p>
   </div>
   <div class='ocr_carea' id='block_1_44' title="bbox 298 3689 1882 3777">
    <p class='ocr_par' dir='ltr' id='par_1_44' title="bbox 298 3690 1882 3777">
     <span class='ocr_line' id='line_1_44' title="bbox 298 3690 1882 3777; baseline -0.001 -30"><span class='ocrx_word' id='word_1_258' title='bbox 298 3694 414 3765; x_wconf 77' lang='grc' dir='ltr'>τήν</span> <span class='ocrx_word' id='word_1_259' title='bbox 440 3710 501 3746; x_wconf 85' lang='grc' dir='ltr'><strong>τε</strong></span> <span class='ocrx_word' id='word_1_260' title='bbox 537 3693 776 3765; x_wconf 77' lang='grc' dir='ltr'>κεφαλὴν</span> <span class='ocrx_word' id='word_1_261' title='bbox 802 3694 1033 3777; x_wconf 79' lang='grc' dir='ltr'>ἀνέχειν,</span> <span class='ocrx_word' id='word_1_262' title='bbox 1080 3693 1171 3745; x_wconf 77' lang='grc' dir='ltr'><strong>καὶ</strong></span> <span class='ocrx_word' id='word_1_263' title='bbox 1196 3693 1327 3764; x_wconf 78' lang='grc' dir='ltr'>ὀρᾷν</span> <span class='ocrx_word' id='word_1_264' title='bbox 1360 3691 1669 3760; x_wconf 77' lang='grc' dir='ltr'>ἐναγώνιον,</span> <span class='ocrx_word' id='word_1_265' title='bbox 1703 3690 1882 3745; x_wconf 82' lang='grc' dir='ltr'>πνέειν</span> 
     </span>
    </p>
   </div>
   <div class='ocr_carea' id='block_1_45' title="bbox 1984 3689 3551 3777">
    <p class='ocr_par' dir='ltr' id='par_1_45' title="bbox 1984 3689 3551 3762">
     <span class='ocr_line' id='line_1_45' title="bbox 1984 3689 3551 3762; baseline 0 -15"><span class='ocrx_word' id='word_1_266' title='bbox 1984 3692 2178 3761; x_wconf 85' lang='lat' dir='ltr'><strong>possit.</strong></span> <span class='ocrx_word' id='word_1_267' title='bbox 2214 3690 2321 3747; x_wconf 86' lang='lat' dir='ltr'><strong>Sed</strong></span> <span class='ocrx_word' id='word_1_268' title='bbox 2361 3690 2620 3760; x_wconf 87' lang='lat' dir='ltr'><strong>quoniam</strong></span> <span class='ocrx_word' id='word_1_269' title='bbox 2665 3689 2865 3745; x_wconf 85' lang='lat' dir='ltr'><strong>accidit</strong></span> <span class='ocrx_word' id='word_1_270' title='bbox 2913 3699 2996 3757; x_wconf 88' lang='lat' dir='ltr'><strong>ut,</strong></span> <span class='ocrx_word' id='word_1_271' title='bbox 3027 3691 3192 3745; x_wconf 87' lang='lat' dir='ltr'><strong>etiam</strong></span> <span class='ocrx_word' id='word_1_272' title='bbox 3243 3692 3289 3749; x_wconf 79' lang='lat' dir='ltr'><strong>si</strong></span> <span class='ocrx_word' id='word_1_273' title='bbox 3328 3699 3551 3762; x_wconf 77' lang='lat' dir='ltr'><strong>preptcr</strong></span> 
     </span>
    </p>
   </div>
   <div class='ocr_carea' id='block_1_46' title="bbox 300 3782 1885 3855">
    <p class='ocr_par' dir='ltr' id='par_1_46' title="bbox 300 3782 1885 3855">
     <span class='ocr_line' id='line_1_46' title="bbox 300 3782 1885 3855; baseline -0.004 -14"><span class='ocrx_word' id='word_1_274' title='bbox 300 3803 374 3841; x_wconf 82' lang='grc' dir='ltr'><strong>τε</strong></span> <span class='ocrx_word' id='word_1_275' title='bbox 418 3784 663 3855; x_wconf 80' lang='grc' dir='ltr'>θυμῶδες</span> <span class='ocrx_word' id='word_1_276' title='bbox 699 3785 793 3841; x_wconf 81' lang='grc' dir='ltr'>καὶ</span> <span class='ocrx_word' id='word_1_277' title='bbox 839 3784 1113 3839; x_wconf 83' lang='grc' dir='ltr'>ὑποκινεῖν</span> <span class='ocrx_word' id='word_1_278' title='bbox 1161 3784 1284 3847; x_wconf 83' lang='grc' dir='ltr'>τοὺς</span> <span class='ocrx_word' id='word_1_279' title='bbox 1336 3784 1502 3847; x_wconf 80' lang='grc' dir='ltr'>πόδας</span> <span class='ocrx_word' id='word_1_280' title='bbox 1545 3783 1763 3847; x_wconf 83' lang='grc' dir='ltr'>πυκνῶς</span> <span class='ocrx_word' id='word_1_281' title='bbox 1806 3782 1885 3854; x_wconf 83' lang='grc' dir='ltr'>τῷ</span> 
     </span>
    </p>
   </div>
   <div class='ocr_carea' id='block_1_47' title="bbox 302 3860 1881 3947">
    <p class='ocr_par' dir='ltr' id='par_1_47' title="bbox 302 3860 1881 3947">
     <span class='ocr_line' id='line_1_47' title="bbox 302 3860 1881 3947; baseline -0.003 -16"><span class='ocrx_word' id='word_1_282' title='bbox 302 3876 507 3942; x_wconf 72' lang='grc' dir='ltr'>ἐδάφει</span> <span class='ocrx_word' id='word_1_283' title='bbox 527 3876 623 3946; x_wconf 83' lang='grc' dir='ltr'>τὰς</span> <span class='ocrx_word' id='word_1_284' title='bbox 648 3876 808 3939; x_wconf 79' lang='grc' dir='ltr'>ὁπλὰς</span> <span class='ocrx_word' id='word_1_285' title='bbox 836 3860 1198 3942; x_wconf 82' lang='grc' dir='ltr'>ὲπαὺσσοντα,</span> <span class='ocrx_word' id='word_1_286' title='bbox 1224 3869 1269 3943; x_wconf 79' lang='grc' dir='ltr'>ᾧ</span> <span class='ocrx_word' id='word_1_287' title='bbox 1290 3874 1565 3945; x_wconf 79' lang='grc' dir='ltr'>προθυμία</span> <span class='ocrx_word' id='word_1_288' title='bbox 1592 3873 1723 3945; x_wconf 75' lang='grc' dir='ltr'>μόνή</span> <span class='ocrx_word' id='word_1_289' title='bbox 1746 3874 1881 3947; x_wconf 81' lang='grc' dir='ltr'>πρὸς</span> 
     </span>
    </p>
   </div>
   <div class='ocr_carea' id='block_1_48' title="bbox 300 3962 1884 4039">
    <p class='ocr_par' dir='ltr' id='par_1_48' title="bbox 300 3962 1884 4039">
     <span class='ocr_line' id='line_1_48' title="bbox 300 3962 1884 4039; baseline -0.001 -19"><span class='ocrx_word' id='word_1_290' title='bbox 300 3964 447 4028; x_wconf 80' lang='grc' dir='ltr'>τοὺς</span> <span class='ocrx_word' id='word_1_291' title='bbox 480 3963 694 4032; x_wconf 86' lang='grc' dir='ltr'>ἀγῶνας</span> <span class='ocrx_word' id='word_1_292' title='bbox 722 3964 887 4038; x_wconf 78' lang='grc' dir='ltr'>ἐστὶν,</span> <span class='ocrx_word' id='word_1_293' title='bbox 918 3967 952 4036; x_wconf 76' lang='grc' dir='ltr'><strong>ἡ</strong></span> <span class='ocrx_word' id='word_1_294' title='bbox 979 3965 1035 4017; x_wconf 80' lang='grc' dir='ltr'><strong>δὲ</strong></span> <span class='ocrx_word' id='word_1_295' title='bbox 1062 3963 1157 4039; x_wconf 80' lang='grc' dir='ltr'>τοῦ</span> <span class='ocrx_word' id='word_1_296' title='bbox 1191 3962 1403 4036; x_wconf 81' lang='grc' dir='ltr'>τρέχειν</span> <span class='ocrx_word' id='word_1_297' title='bbox 1435 3963 1661 4036; x_wconf 82' lang='grc' dir='ltr'>δύναμις</span> <span class='ocrx_word' id='word_1_298' title='bbox 1689 3982 1884 4035; x_wconf 91' lang='grc' dir='ltr'>προαν-</span> 
     </span>
    </p>
   </div>
   <div class='ocr_carea' id='block_1_49' title="bbox 228 4052 1885 4131">
    <p class='ocr_par' dir='ltr' id='par_1_49' title="bbox 228 4052 1885 4131">
     <span class='ocr_line' id='line_1_49' title="bbox 228 4052 1885 4131; baseline 0.002 -24"><span class='ocrx_word' id='word_1_299' title='bbox 228 4061 233 4064; x_wconf 82' lang='grc'><strong>’</strong></span> <span class='ocrx_word' id='word_1_300' title='bbox 301 4053 499 4127; x_wconf 76' lang='grc' dir='ltr'><strong>ηλὼθη</strong></span> <span class='ocrx_word' id='word_1_301' title='bbox 532 4052 611 4125; x_wconf 83' lang='grc' dir='ltr'>τῷ</span> <span class='ocrx_word' id='word_1_302' title='bbox 648 4056 818 4127; x_wconf 74' lang='grc' dir='ltr'>χρόνῳ</span> <span class='ocrx_word' id='word_1_303' title='bbox 838 4072 851 4088; x_wconf 87' lang='grc'><strong>·</strong></span> <span class='ocrx_word' id='word_1_304' title='bbox 906 4056 998 4108; x_wconf 76' lang='grc' dir='ltr'>τὸν</span> <span class='ocrx_word' id='word_1_305' title='bbox 1024 4056 1186 4110; x_wconf 78' lang='grc' dir='ltr'>αὑτὸν</span> <span class='ocrx_word' id='word_1_306' title='bbox 1212 4057 1410 4129; x_wconf 76' lang='grc' dir='ltr'>τρόπον</span> <span class='ocrx_word' id='word_1_307' title='bbox 1445 4057 1539 4111; x_wconf 73' lang='grc' dir='ltr'>καὶ</span> <span class='ocrx_word' id='word_1_308' title='bbox 1565 4057 1593 4108; x_wconf 90' lang='grc' dir='ltr'>ὁ</span> <span class='ocrx_word' id='word_1_309' title='bbox 1617 4057 1885 4131; x_wconf 76' lang='grc' dir='ltr'>ἡμέτερος</span> 
     </span>
    </p>
   </div>
   <div class='ocr_carea' id='block_1_50' title="bbox 300 4143 1885 4219">
    <p class='ocr_par' dir='ltr' id='par_1_50' title="bbox 300 4143 1885 4219">
     <span class='ocr_line' id='line_1_50' title="bbox 300 4143 1885 4219; baseline 0 -20"><span class='ocrx_word' id='word_1_310' title='bbox 300 4147 469 4215; x_wconf 72' lang='grc' dir='ltr'>λόγος</span> <span class='ocrx_word' id='word_1_311' title='bbox 496 4143 783 4215; x_wconf 80' lang='grc' dir='ltr'>ὲξαγὼνιος</span> <span class='ocrx_word' id='word_1_312' title='bbox 810 4146 983 4217; x_wconf 87' lang='grc' dir='ltr'>μένων</span> <span class='ocrx_word' id='word_1_313' title='bbox 1013 4147 1100 4200; x_wconf 89' lang='grc' dir='ltr'>διά</span> <span class='ocrx_word' id='word_1_314' title='bbox 1123 4146 1183 4200; x_wconf 81' lang='grc' dir='ltr'>τὺ</span> <span class='ocrx_word' id='word_1_315' title='bbox 1209 4146 1405 4217; x_wconf 80' lang='grc' dir='ltr'>γῆρας,</span> <span class='ocrx_word' id='word_1_316' title='bbox 1427 4146 1522 4200; x_wconf 72' lang='grc' dir='ltr'><strong>καὶ</strong></span> <span class='ocrx_word' id='word_1_317' title='bbox 1543 4147 1885 4219; x_wconf 75' lang='grc' dir='ltr'>παραχωρῶν</span> 
     </span>
    </p>
   </div>
   <div class='ocr_carea' id='block_1_51' title="bbox 302 4235 1885 4309">
    <p class='ocr_par' dir='ltr' id='par_1_51' title="bbox 302 4235 1885 4309">
     <span class='ocr_line' id='line_1_51' title="bbox 302 4235 1885 4309; baseline 0.001 -20"><span class='ocrx_word' id='word_1_318' title='bbox 302 4235 405 4289; x_wconf 72' lang='grc' dir='ltr'>τοῦ</span> <span class='ocrx_word' id='word_1_319' title='bbox 434 4235 647 4290; x_wconf 75' lang='grc' dir='ltr'>σταδίου</span> <span class='ocrx_word' id='word_1_320' title='bbox 678 4238 794 4300; x_wconf 86' lang='grc' dir='ltr'>τοῖς</span> <span class='ocrx_word' id='word_1_321' title='bbox 816 4238 1072 4307; x_wconf 84' lang='grc' dir='ltr'>ἀκμαίοις</span> <span class='ocrx_word' id='word_1_322' title='bbox 1093 4237 1235 4291; x_wconf 81' lang='grc' dir='ltr'>κατὰ</span> <span class='ocrx_word' id='word_1_323' title='bbox 1256 4237 1353 4309; x_wconf 80' lang='grc' dir='ltr'>τὴν</span> <span class='ocrx_word' id='word_1_324' title='bbox 1387 4238 1686 4307; x_wconf 86' lang='grc' dir='ltr'>παίδευσιν,</span> <span class='ocrx_word' id='word_1_325' title='bbox 1720 4239 1885 4309; x_wconf 84' lang='grc' dir='ltr'>μόνην</span> 
     </span>
    </p>
   </div>
   <div class='ocr_carea' id='block_1_52' title="bbox 304 4326 1886 4399">
    <p class='ocr_par' dir='ltr' id='par_1_52' title="bbox 304 4326 1886 4399">
     <span class='ocr_line' id='line_1_52' title="bbox 304 4326 1886 4399; baseline 0.002 -20"><span class='ocrx_word' id='word_1_326' title='bbox 304 4343 407 4379; x_wconf 81' lang='grc' dir='ltr'>σοι·</span> <span class='ocrx_word' id='word_1_327' title='bbox 434 4326 676 4380; x_wconf 82' lang='grc' dir='ltr'>δείκνυσι</span> <span class='ocrx_word' id='word_1_328' title='bbox 714 4327 813 4397; x_wconf 83' lang='grc' dir='ltr'>τὴν</span> <span class='ocrx_word' id='word_1_329' title='bbox 862 4327 1166 4399; x_wconf 84' lang='grc' dir='ltr'>προθυμίαν</span> <span class='ocrx_word' id='word_1_330' title='bbox 1214 4327 1309 4382; x_wconf 79' lang='grc' dir='ltr'>τοῦ</span> <span class='ocrx_word' id='word_1_331' title='bbox 1342 4327 1542 4383; x_wconf 75' lang='grc' dir='ltr'>ἐθέλειν</span> <span class='ocrx_word' id='word_1_332' title='bbox 1575 4329 1643 4384; x_wconf 81' lang='grc' dir='ltr'>ἂν</span> <span class='ocrx_word' id='word_1_333' title='bbox 1670 4328 1763 4382; x_wconf 74' lang='grc' dir='ltr'>καὶ</span> <span class='ocrx_word' id='word_1_334' title='bbox 1792 4329 1886 4382; x_wconf 79' lang='grc' dir='ltr'>ἐπὶ</span> 
     </span>
    </p>
   </div>
   <div class='ocr_carea' id='block_1_53' title="bbox 308 4416 1884 4490">
    <p class='ocr_par' dir='ltr' id='par_1_53' title="bbox 308 4416 1884 4490">
     <span class='ocr_line' id='line_1_53' title="bbox 308 4416 1884 4490; baseline 0.001 -19"><span class='ocrx_word' id='word_1_335' title='bbox 308 4416 410 4471; x_wconf 80' lang='grc' dir='ltr'><strong>σοῦ</strong></span> <span class='ocrx_word' id='word_1_336' title='bbox 437 4418 833 4486; x_wconf 80' lang='grc' dir='ltr'>ἀγωνίσασθαι,</span> <span class='ocrx_word' id='word_1_337' title='bbox 858 4418 1016 4489; x_wconf 86' lang='grc' dir='ltr'>εῐπερ</span> <span class='ocrx_word' id='word_1_338' title='bbox 1039 4418 1245 4490; x_wconf 78' lang='grc' dir='ltr'>ήδῶσιν</span> <span class='ocrx_word' id='word_1_339' title='bbox 1265 4420 1313 4473; x_wconf 76' lang='lat' dir='ltr'><strong>ei</strong></span> <span class='ocrx_word' id='word_1_340' title='bbox 1341 4419 1483 4474; x_wconf 80' lang='grc' dir='ltr'>κατὰ</span> <span class='ocrx_word' id='word_1_341' title='bbox 1503 4419 1630 4483; x_wconf 84' lang='grc' dir='ltr'>τοὺς</span> <span class='ocrx_word' id='word_1_342' title='bbox 1656 4419 1751 4473; x_wconf 83' lang='grc' dir='ltr'><strong>νῦν</strong></span> <span class='ocrx_word' id='word_1_343' title='bbox 1773 4421 1884 4483; x_wconf 83' lang='grc' dir='ltr'>τοῖς</span> 
     </span>
    </p>
   </div>
   <div class='ocr_carea' id='block_1_54' title="bbox 307 4507 1885 4582">
    <p class='ocr_par' dir='ltr' id='par_1_54' title="bbox 307 4507 1885 4582">
     <span class='ocr_line' id='line_1_54' title="bbox 307 4507 1885 4582; baseline 0.002 -21"><span class='ocrx_word' id='word_1_344' title='bbox 307 4507 491 4575; x_wconf 71' lang='grc' dir='ltr'>λόγοις</span> <span class='ocrx_word' id='word_1_345' title='bbox 516 4508 877 4579; x_wconf 79' lang='grc' dir='ltr'>ἀκμάζοντες.</span> <span class='ocrx_word' id='word_1_346' title='bbox 917 4510 1055 4581; x_wconf 83' lang='grc' dir='ltr'><strong>ὐση</strong></span> <span class='ocrx_word' id='word_1_347' title='bbox 1079 4509 1137 4564; x_wconf 82' lang='grc' dir='ltr'>δέ</span> <span class='ocrx_word' id='word_1_348' title='bbox 1172 4527 1262 4581; x_wconf 89' lang='grc' dir='ltr'><strong>μοι</strong></span> <span class='ocrx_word' id='word_1_349' title='bbox 1278 4511 1375 4582; x_wconf 83' lang='grc' dir='ltr'>τῆς</span> <span class='ocrx_word' id='word_1_350' title='bbox 1405 4509 1712 4581; x_wconf 85' lang='grc' dir='ltr'>προθυμίας</span> <span class='ocrx_word' id='word_1_351' title='bbox 1739 4511 1885 4564; x_wconf 76' lang='grc' dir='ltr'>ἐστὶν</span> 
     </span>
    </p>
   </div>
   <div class='ocr_carea' id='block_1_55' title="bbox 306 4595 1883 4671">
    <p class='ocr_par' dir='ltr' id='par_1_55' title="bbox 306 4595 1883 4671">
     <span class='ocr_line' id='line_1_55' title="bbox 306 4595 1883 4671; baseline 0.001 -21"><span class='ocrx_word' id='word_1_352' title='bbox 306 4599 345 4670; x_wconf 72' lang='grc' dir='ltr'><strong>ἠ</strong></span> <span class='ocrx_word' id='word_1_353' title='bbox 366 4597 644 4664; x_wconf 70' lang='grc' dir='ltr'>ἐπίδειξις,</span> <span class='ocrx_word' id='word_1_354' title='bbox 663 4600 764 4654; x_wconf 86' lang='grc' dir='ltr'><strong>οὐκ</strong></span> <span class='ocrx_word' id='word_1_355' title='bbox 786 4600 845 4654; x_wconf 74' lang='grc' dir='ltr'><strong>ὲν</strong></span> <span class='ocrx_word' id='word_1_356' title='bbox 870 4598 948 4671; x_wconf 84' lang='grc' dir='ltr'>τῷ</span> <span class='ocrx_word' id='word_1_357' title='bbox 970 4599 1275 4670; x_wconf 72' lang='grc' dir='ltr'>διηγεῖσθαι</span> <span class='ocrx_word' id='word_1_358' title='bbox 1304 4618 1356 4654; x_wconf 87' lang='grc' dir='ltr'><strong>τι</strong></span> <span class='ocrx_word' id='word_1_359' title='bbox 1386 4599 1495 4654; x_wconf 87' lang='grc' dir='ltr'><strong>τῶν</strong></span> <span class='ocrx_word' id='word_1_360' title='bbox 1523 4601 1652 4656; x_wconf 89' lang='grc' dir='ltr'>σῶν.</span> <span class='ocrx_word' id='word_1_361' title='bbox 1681 4595 1883 4655; x_wconf 76' lang='grc' dir='ltr'>Τούτου</span> 
     </span>
    </p>
   </div>
   <div class='ocr_carea' id='block_1_56' title="bbox 304 4680 1885 4764">
    <p class='ocr_par' dir='ltr' id='par_1_56' title="bbox 304 4680 1885 4764">
     <span class='ocr_line' id='line_1_56' title="bbox 304 4680 1885 4764; baseline 0.003 -22"><span class='ocrx_word' id='word_1_362' title='bbox 304 4690 422 4761; x_wconf 80' lang='grc' dir='ltr'>γὰρ</span> <span class='ocrx_word' id='word_1_363' title='bbox 440 4689 597 4760; x_wconf 78' lang='grc' dir='ltr'>μόγις</span> <span class='ocrx_word' id='word_1_364' title='bbox 619 4680 688 4744; x_wconf 77' lang='grc' dir='ltr'><strong>ἀν</strong></span> <span class='ocrx_word' id='word_1_365' title='bbox 713 4692 850 4745; x_wconf 77' lang='grc' dir='ltr'>καὶό</span> <span class='ocrx_word' id='word_1_366' title='bbox 871 4692 1118 4764; x_wconf 88' lang='grc' dir='ltr'>σφριγῶν</span> <span class='ocrx_word' id='word_1_367' title='bbox 1138 4710 1195 4745; x_wconf 89' lang='grc' dir='ltr'><strong>τε</strong></span> <span class='ocrx_word' id='word_1_368' title='bbox 1214 4693 1307 4747; x_wconf 73' lang='grc' dir='ltr'><strong>καὶ</strong></span> <span class='ocrx_word' id='word_1_369' title='bbox 1328 4692 1717 4764; x_wconf 80' lang='grc' dir='ltr'>συντεταμένος</span> <span class='ocrx_word' id='word_1_370' title='bbox 1732 4693 1885 4764; x_wconf 80' lang='grc' dir='ltr'>τύχοι</span> 
     </span>
    </p>
   </div>
   <div class='ocr_carea' id='block_1_57' title="bbox 306 4779 1881 4854">
    <p class='ocr_par' dir='ltr' id='par_1_57' title="bbox 306 4779 1881 4854">
     <span class='ocr_line' id='line_1_57' title="bbox 306 4779 1881 4854; baseline 0.001 -20"><span class='ocrx_word' id='word_1_371' title='bbox 306 4779 487 4848; x_wconf 68' lang='grc' dir='ltr'>λόγος,</span> <span class='ocrx_word' id='word_1_372' title='bbox 516 4779 592 4844; x_wconf 78' lang='grc' dir='ltr'>ὡς</span> <span class='ocrx_word' id='word_1_373' title='bbox 627 4782 703 4853; x_wconf 81' lang='grc' dir='ltr'>μὴ</span> <span class='ocrx_word' id='word_1_374' title='bbox 732 4782 868 4835; x_wconf 87' lang='grc' dir='ltr'><strong>πολὺ</strong></span> <span class='ocrx_word' id='word_1_375' title='bbox 903 4783 1135 4837; x_wconf 86' lang='grc' dir='ltr'>κατόπιν</span> <span class='ocrx_word' id='word_1_376' title='bbox 1159 4782 1256 4853; x_wconf 80' lang='grc' dir='ltr'>τῆς</span> <span class='ocrx_word' id='word_1_377' title='bbox 1289 4783 1446 4848; x_wconf 78' lang='grc' dir='ltr'>ἀξίας</span> <span class='ocrx_word' id='word_1_378' title='bbox 1470 4783 1881 4854; x_wconf 83' lang='grc' dir='ltr'>ἀπολειφθῆναι,</span> 
     </span>
    </p>
   </div>
   <div class='ocr_carea' id='block_1_58' title="bbox 304 4868 1881 4945">
    <p class='ocr_par' dir='ltr' id='par_1_58' title="bbox 304 4868 1881 4945">
     <span class='ocr_line' id='line_1_58' title="bbox 304 4868 1881 4945; baseline 0.003 -21"><span class='ocrx_word' id='word_1_379' title='bbox 304 4872 338 4924; x_wconf 74' lang='grc' dir='ltr'><strong>ὁ</strong></span> <span class='ocrx_word' id='word_1_380' title='bbox 364 4868 466 4941; x_wconf 80' lang='grc' dir='ltr'>τὴν</span> <span class='ocrx_word' id='word_1_381' title='bbox 510 4872 794 4943; x_wconf 74' lang='grc' dir='ltr'>ἀμήχανον</span> <span class='ocrx_word' id='word_1_382' title='bbox 844 4872 1049 4943; x_wconf 83' lang='grc' dir='ltr'>ταύτην</span> <span class='ocrx_word' id='word_1_383' title='bbox 1098 4873 1360 4945; x_wconf 80' lang='grc' dir='ltr'>ἁρμονίαν</span> <span class='ocrx_word' id='word_1_384' title='bbox 1397 4873 1491 4927; x_wconf 81' lang='grc' dir='ltr'>τοῦ</span> <span class='ocrx_word' id='word_1_385' title='bbox 1528 4874 1693 4945; x_wconf 72' lang='grc' dir='ltr'>ἦθους</span> <span class='ocrx_word' id='word_1_386' title='bbox 1738 4875 1881 4945; x_wconf 88' lang='grc' dir='ltr'>διερ-</span> 
     </span>
    </p>
   </div>
   <div class='ocr_carea' id='block_1_59' title="bbox 307 4960 1882 5037">
    <p class='ocr_par' dir='ltr' id='par_1_59' title="bbox 307 4960 1882 5037">
     <span class='ocr_line' id='line_1_59' title="bbox 307 4960 1882 5037; baseline 0.003 -23"><span class='ocrx_word' id='word_1_387' title='bbox 307 4960 563 5033; x_wconf 77' lang='grc' dir='ltr'>ιιηνεὺων</span> <span class='ocrx_word' id='word_1_388' title='bbox 598 4964 665 5017; x_wconf 68' lang='grc' dir='ltr'>ἑκ</span> <span class='ocrx_word' id='word_1_389' title='bbox 690 4963 799 5018; x_wconf 84' lang='grc' dir='ltr'><strong>τῶν</strong></span> <span class='ocrx_word' id='word_1_390' title='bbox 830 4965 1091 5019; x_wconf 75' lang='grc' dir='ltr'>ἐναντίων</span> <span class='ocrx_word' id='word_1_391' title='bbox 1108 4965 1576 5037; x_wconf 81' lang='grc' dir='ltr'>συγκεκραμένην.</span> <span class='ocrx_word' id='word_1_392' title='bbox 1624 4964 1749 5029; x_wconf 86' lang='grc' dir='ltr'><strong>Πῶς</strong></span> <span class='ocrx_word' id='word_1_393' title='bbox 1780 4980 1882 5019; x_wconf 83' lang='grc' dir='ltr'>κα-</span> 
     </span>
    </p>
   </div>
   <div class='ocr_carea' id='block_1_60' title="bbox 302 5024 1953 5128">
    <p class='ocr_par' dir='ltr' id='par_1_60' title="bbox 302 5024 1953 5128">
     <span class='ocr_line' id='line_1_60' title="bbox 302 5024 1953 5128; baseline 0.001 -21"><span class='ocrx_word' id='word_1_394' title='bbox 302 5024 489 5125; x_wconf 65' lang='grc' dir='ltr'>θάπερ</span> <span class='ocrx_word' id='word_1_395' title='bbox 512 5056 646 5119; x_wconf 77' lang='grc' dir='ltr'>’ταῖς</span> <span class='ocrx_word' id='word_1_396' title='bbox 682 5055 795 5109; x_wconf 79' lang='grc' dir='ltr'><strong>τῶν</strong></span> <span class='ocrx_word' id='word_1_397' title='bbox 835 5054 1120 5127; x_wconf 78' lang='grc' dir='ltr'>βλεφάρων</span> <span class='ocrx_word' id='word_1_398' title='bbox 1154 5024 1442 5128; x_wconf 71' lang='grc' dir='ltr'>προσολαῖς</span> <span class='ocrx_word' id='word_1_399' title='bbox 1583 5055 1694 5110; x_wconf 88' lang='grc' dir='ltr'><strong>τῶν</strong></span> <span class='ocrx_word' id='word_1_400' title='bbox 1727 5024 1885 5110; x_wconf 76' lang='grc' dir='ltr'>ἀκτί-</span> <span class='ocrx_word' id='word_1_401' title='bbox 1909 5024 1953 5084; x_wconf 77' lang='lat' dir='ltr'><strong>C</strong></span> 
     </span>
    </p>
   </div>
   <div class='ocr_carea' id='block_1_61' title="bbox 298 5143 1884 5218">
    <p class='ocr_par' dir='ltr' id='par_1_61' title="bbox 298 5143 1884 5218">
     <span class='ocr_line' id='line_1_61' title="bbox 298 5143 1884 5218; baseline 0.001 -19"><span class='ocrx_word' id='word_1_402' title='bbox 298 5160 417 5198; x_wconf 79' lang='grc' dir='ltr'><strong>νων</strong></span> <span class='ocrx_word' id='word_1_403' title='bbox 462 5144 704 5217; x_wconf 78' lang='grc' dir='ltr'>ἀιρατον</span> <span class='ocrx_word' id='word_1_404' title='bbox 750 5147 786 5218; x_wconf 72' lang='grc' dir='ltr'>ἡ</span> <span class='ocrx_word' id='word_1_405' title='bbox 835 5146 995 5216; x_wconf 79' lang='grc' dir='ltr'>φύσις</span> <span class='ocrx_word' id='word_1_406' title='bbox 1045 5143 1473 5211; x_wconf 73' lang='grc' dir='ltr'>ἐπισκιάζουσα,</span> <span class='ocrx_word' id='word_1_407' title='bbox 1542 5146 1884 5217; x_wconf 77' lang='grc' dir='ltr'>κεκραμένον</span> 
     </span>
    </p>
   </div>
   <div class='ocr_carea' id='block_1_62' title="bbox 294 5234 1885 5307">
    <p class='ocr_par' dir='ltr' id='par_1_62' title="bbox 294 5234 1885 5307">
     <span class='ocr_line' id='line_1_62' title="bbox 294 5234 1885 5307; baseline 0.003 -23"><span class='ocrx_word' id='word_1_408' title='bbox 294 5234 576 5305; x_wconf 73' lang='grc' dir='ltr'>προσάγει</span> <span class='ocrx_word' id='word_1_409' title='bbox 621 5234 683 5289; x_wconf 82' lang='grc' dir='ltr'>τὸ</span> <span class='ocrx_word' id='word_1_410' title='bbox 724 5234 928 5304; x_wconf 84' lang='grc' dir='ltr'>φέγγος</span> <span class='ocrx_word' id='word_1_411' title='bbox 976 5236 1097 5303; x_wconf 41' lang='grc' dir='ltr'>,τοῖς</span> <span class='ocrx_word' id='word_1_412' title='bbox 1139 5234 1413 5307; x_wconf 79' lang='grc' dir='ltr'>δμμασιν,</span> <span class='ocrx_word' id='word_1_413' title='bbox 1479 5235 1555 5298; x_wconf 82' lang='grc' dir='ltr'><strong>ὡς</strong></span> <span class='ocrx_word' id='word_1_414' title='bbox 1591 5235 1660 5289; x_wconf 81' lang='grc' dir='ltr'>ἂν</span> <span class='ocrx_word' id='word_1_415' title='bbox 1715 5251 1885 5307; x_wconf 87' lang='grc' dir='ltr'>προσ-</span> 
     </span>
    </p>
   </div>
   <div class='ocr_carea' id='block_1_63' title="bbox 292 5323 1884 5399">
    <p class='ocr_par' dir='ltr' id='par_1_63' title="bbox 292 5323 1884 5399">
     <span class='ocr_line' id='line_1_63' title="bbox 292 5323 1884 5399; baseline 0.003 -21"><span class='ocrx_word' id='word_1_416' title='bbox 292 5324 444 5397; x_wconf 75' lang='grc' dir='ltr'>ηνὴς</span> <span class='ocrx_word' id='word_1_417' title='bbox 484 5326 518 5378; x_wconf 79' lang='grc' dir='ltr'><strong>ὁ</strong></span> <span class='ocrx_word' id='word_1_418' title='bbox 568 5324 722 5397; x_wconf 67' lang='grc' dir='ltr'>ἥλιος</span> <span class='ocrx_word' id='word_1_419' title='bbox 760 5326 973 5395; x_wconf 82' lang='grc' dir='ltr'>γένοιτο</span> <span class='ocrx_word' id='word_1_420' title='bbox 995 5368 1011 5393; x_wconf 93' lang='grc'><strong>,</strong></span> <span class='ocrx_word' id='word_1_421' title='bbox 1040 5325 1178 5399; x_wconf 79' lang='grc' dir='ltr'>πρὸς</span> <span class='ocrx_word' id='word_1_422' title='bbox 1214 5323 1315 5397; x_wconf 78' lang='grc' dir='ltr'><strong>τὴν</strong></span> <span class='ocrx_word' id='word_1_423' title='bbox 1353 5325 1419 5379; x_wconf 78' lang='grc' dir='ltr'>ἐκ</span> <span class='ocrx_word' id='word_1_424' title='bbox 1457 5323 1566 5380; x_wconf 86' lang='grc' dir='ltr'><strong>τῶν</strong></span> <span class='ocrx_word' id='word_1_425' title='bbox 1598 5326 1884 5397; x_wconf 77' lang='grc' dir='ltr'>βλεφάρων</span> 
     </span>
    </p>
   </div>
   <div class='ocr_carea' id='block_1_64' title="bbox 292 5417 1933 5492">
    <p class='ocr_par' dir='ltr' id='par_1_64' title="bbox 292 5417 1933 5492">
     <span class='ocr_line' id='line_1_64' title="bbox 292 5417 1933 5492; baseline 0.001 -21"><span class='ocrx_word' id='word_1_426' title='bbox 292 5418 471 5471; x_wconf 75' lang='grc' dir='ltr'>σκιάν</span> <span class='ocrx_word' id='word_1_427' title='bbox 505 5417 834 5491; x_wconf 79' lang='grc' dir='ltr'>συμμέτρως</span> <span class='ocrx_word' id='word_1_428' title='bbox 865 5421 931 5492; x_wconf 78' lang='grc' dir='ltr'>τῇ</span> <span class='ocrx_word' id='word_1_429' title='bbox 976 5418 1135 5492; x_wconf 75' lang='grc' dir='ltr'>χρεία</span> <span class='ocrx_word' id='word_1_430' title='bbox 1172 5417 1667 5490; x_wconf 84' lang='grc' dir='ltr'>κατακιρνάμενος,</span> <span class='ocrx_word' id='word_1_431' title='bbox 1712 5418 1883 5484; x_wconf 83' lang='grc' dir='ltr'>οὑτως</span> <span class='ocrx_word' id='word_1_432' title='bbox 1928 5430 1933 5435; x_wconf 86' lang='grc'><strong>’</strong></span> 
     </span>
    </p>
   </div>
   <div class='ocr_carea' id='block_1_65' title="bbox 288 5508 1883 5584">
    <p class='ocr_par' dir='ltr' id='par_1_65' title="bbox 288 5508 1883 5584">
     <span class='ocr_line' id='line_1_65' title="bbox 288 5508 1883 5584; baseline 0 -20"><span class='ocrx_word' id='word_1_433' title='bbox 288 5509 368 5564; x_wconf 70' lang='grc' dir='ltr'>τὸ</span> <span class='ocrx_word' id='word_1_434' title='bbox 396 5508 597 5580; x_wconf 73' lang='grc' dir='ltr'>σεμνόν</span> <span class='ocrx_word' id='word_1_435' title='bbox 629 5527 686 5564; x_wconf 78' lang='grc' dir='ltr'><strong>τε</strong></span> <span class='ocrx_word' id='word_1_436' title='bbox 716 5511 810 5565; x_wconf 78' lang='grc' dir='ltr'>καὶ</span> <span class='ocrx_word' id='word_1_437' title='bbox 839 5512 1179 5584; x_wconf 67' lang='grc' dir='ltr'>μεγαλοφυδς</span> <span class='ocrx_word' id='word_1_438' title='bbox 1207 5509 1302 5565; x_wconf 79' lang='grc' dir='ltr'>τοῦ</span> <span class='ocrx_word' id='word_1_439' title='bbox 1335 5509 1499 5580; x_wconf 69' lang='grc' dir='ltr'>ἤθους</span> <span class='ocrx_word' id='word_1_440' title='bbox 1534 5511 1599 5581; x_wconf 78' lang='grc' dir='ltr'>τῇ</span> <span class='ocrx_word' id='word_1_441' title='bbox 1625 5509 1883 5581; x_wconf 69' lang='grc' dir='ltr'>ἐμμέτρῳ</span> 
     </span>
    </p>
   </div>
   <div class='ocr_carea' id='block_1_66' title="bbox 290 5598 1883 5680">
    <p class='ocr_par' dir='ltr' id='par_1_66' title="bbox 290 5598 1883 5680">
     <span class='ocr_line' id='line_1_66' title="bbox 290 5598 1883 5680; baseline -0.001 -25"><span class='ocrx_word' id='word_1_442' title='bbox 290 5602 779 5675; x_wconf 64' lang='grc' dir='ltr'>ταπεινοφροσύνῃ</span> <span class='ocrx_word' id='word_1_443' title='bbox 803 5604 1290 5680; x_wconf 76' lang='grc' dir='ltr'>καταμιγνύμενον,</span> <span class='ocrx_word' id='word_1_444' title='bbox 1313 5604 1413 5656; x_wconf 82' lang='grc' dir='ltr'><strong>οὐκ</strong></span> <span class='ocrx_word' id='word_1_445' title='bbox 1437 5598 1762 5672; x_wconf 74' lang='grc' dir='ltr'>ἀποστρέφει</span> <span class='ocrx_word' id='word_1_446' title='bbox 1787 5601 1883 5665; x_wconf 75' lang='grc' dir='ltr'>τὰς</span> 
     </span>
    </p>
   </div>
   <div class='ocr_carea' id='block_1_67' title="bbox 1986 3783 3551 3854">
    <p class='ocr_par' dir='ltr' id='par_1_67' title="bbox 1986 3783 3551 3854">
     <span class='ocr_line' id='line_1_67' title="bbox 1986 3783 3551 3854; baseline 0.001 -16"><span class='ocrx_word' id='word_1_447' title='bbox 1986 3788 2323 3839; x_wconf 87' lang='lat' dir='ltr'><strong>senectutem</strong></span> <span class='ocrx_word' id='word_1_448' title='bbox 2362 3791 2517 3837; x_wconf 80' lang='lat' dir='ltr'><strong>extra</strong></span> <span class='ocrx_word' id='word_1_449' title='bbox 2552 3783 2853 3837; x_wconf 88' lang='lat' dir='ltr'><strong>certamina</strong></span> <span class='ocrx_word' id='word_1_450' title='bbox 2897 3788 3116 3837; x_wconf 86' lang='lat' dir='ltr'><strong>maneat</strong></span> <span class='ocrx_word' id='word_1_451' title='bbox 3156 3797 3357 3853; x_wconf 90' lang='lat' dir='ltr'><strong>equus,</strong></span> <span class='ocrx_word' id='word_1_452' title='bbox 3407 3798 3551 3854; x_wconf 66' lang='lat' dir='ltr'><strong>saepe</strong></span> 
     </span>
    </p>
   </div>
   <div class='ocr_carea' id='block_1_68' title="bbox 1986 3870 3549 3942">
    <p class='ocr_par' dir='ltr' id='par_1_68' title="bbox 1986 3870 3549 3942">
     <span class='ocr_line' id='line_1_68' title="bbox 1986 3870 3549 3942; baseline 0 -15"><span class='ocrx_word' id='word_1_453' title='bbox 1986 3880 2165 3927; x_wconf 89' lang='lat' dir='ltr'><strong>tamen</strong></span> <span class='ocrx_word' id='word_1_454' title='bbox 2206 3870 2427 3926; x_wconf 78' lang='lat' dir='ltr'><strong>fremitu</strong></span> <span class='ocrx_word' id='word_1_455' title='bbox 2464 3871 2738 3942; x_wconf 85' lang='lat' dir='ltr'><strong>pulsuque</strong></span> <span class='ocrx_word' id='word_1_456' title='bbox 2787 3887 2851 3927; x_wconf 90' lang='lat' dir='ltr'><strong>ac</strong></span> <span class='ocrx_word' id='word_1_457' title='bbox 2899 3872 3085 3928; x_wconf 84' lang='lat' dir='ltr'><strong>sonitu</strong></span> <span class='ocrx_word' id='word_1_458' title='bbox 3142 3873 3549 3928; x_wconf 87' lang='lat' dir='ltr'><strong>lascivientium</strong></span> 
     </span>
    </p>
   </div>
   <div class='ocr_carea' id='block_1_69' title="bbox 1985 3961 3551 4035">
    <p class='ocr_par' dir='ltr' id='par_1_69' title="bbox 1985 3961 3551 4035">
     <span class='ocr_line' id='line_1_69' title="bbox 1985 3961 3551 4035; baseline 0.003 -20"><span class='ocrx_word' id='word_1_459' title='bbox 1985 3961 2477 4031; x_wconf 89' lang='lat' dir='ltr'><strong>insultantiumque</strong></span> <span class='ocrx_word' id='word_1_460' title='bbox 2534 3961 2600 4017; x_wconf 85' lang='lat' dir='ltr'><strong>ad</strong></span> <span class='ocrx_word' id='word_1_461' title='bbox 2656 3962 2996 4017; x_wconf 88' lang='lat' dir='ltr'><strong>alacritatem</strong></span> <span class='ocrx_word' id='word_1_462' title='bbox 3046 3970 3267 4019; x_wconf 86' lang='lat' dir='ltr'><strong>erectus</strong></span> <span class='ocrx_word' id='word_1_463' title='bbox 3303 3968 3358 4018; x_wconf 89' lang='lat' dir='ltr'><strong>et</strong></span> <span class='ocrx_word' id='word_1_464' title='bbox 3388 3975 3551 4035; x_wconf 87' lang='lat' dir='ltr'><strong>caput</strong></span> 
     </span>
    </p>
   </div>
   <div class='ocr_carea' id='block_1_70' title="bbox 1985 4052 3552 4122">
    <p class='ocr_par' dir='ltr' id='par_1_70' title="bbox 1985 4052 3552 4122">
     <span class='ocr_line' id='line_1_70' title="bbox 1985 4052 3552 4122; baseline 0.003 -16"><span class='ocrx_word' id='word_1_465' title='bbox 1985 4053 2159 4121; x_wconf 87' lang='lat' dir='ltr'><strong>tollat,</strong></span> <span class='ocrx_word' id='word_1_466' title='bbox 2195 4061 2262 4122; x_wconf 43' lang='lat' dir='ltr'><strong>.et</strong></span> <span class='ocrx_word' id='word_1_467' title='bbox 2306 4052 2474 4107; x_wconf 83' lang='lat' dir='ltr'><strong>veluti</strong></span> <span class='ocrx_word' id='word_1_468' title='bbox 2509 4052 2566 4108; x_wconf 89' lang='lat' dir='ltr'><strong>in</strong></span> <span class='ocrx_word' id='word_1_469' title='bbox 2605 4053 2907 4108; x_wconf 87' lang='lat' dir='ltr'><strong>certamine</strong></span> <span class='ocrx_word' id='word_1_470' title='bbox 2942 4068 3189 4113; x_wconf 85' lang='lat' dir='ltr'><strong>versans.</strong></span> <span class='ocrx_word' id='word_1_471' title='bbox 3230 4062 3345 4108; x_wconf 91' lang='lat' dir='ltr'><strong>tum</strong></span> <span class='ocrx_word' id='word_1_472' title='bbox 3389 4056 3552 4110; x_wconf 85' lang='lat' dir='ltr'><strong>ardo-</strong></span> 
     </span>
    </p>
   </div>
   <div class='ocr_carea' id='block_1_71' title="bbox 1985 4142 3549 4212">
    <p class='ocr_par' dir='ltr' id='par_1_71' title="bbox 1985 4142 3549 4212">
     <span class='ocr_line' id='line_1_71' title="bbox 1985 4142 3549 4212; baseline 0.003 -15"><span class='ocrx_word' id='word_1_473' title='bbox 1985 4158 2100 4198; x_wconf 89' lang='lat' dir='ltr'><strong>rem</strong></span> <span class='ocrx_word' id='word_1_474' title='bbox 2156 4143 2213 4197; x_wconf 87' lang='lat' dir='ltr'><strong>in</strong></span> <span class='ocrx_word' id='word_1_475' title='bbox 2272 4142 2471 4208; x_wconf 87' lang='lat' dir='ltr'><strong>oculis,</strong></span> <span class='ocrx_word' id='word_1_476' title='bbox 2522 4148 2637 4196; x_wconf 90' lang='lat' dir='ltr'><strong>tum</strong></span> <span class='ocrx_word' id='word_1_477' title='bbox 2686 4142 2743 4197; x_wconf 89' lang='lat' dir='ltr'><strong>in</strong></span> <span class='ocrx_word' id='word_1_478' title='bbox 2791 4143 2987 4212; x_wconf 86' lang='lat' dir='ltr'><strong>spiritu</strong></span> <span class='ocrx_word' id='word_1_479' title='bbox 3044 4144 3287 4212; x_wconf 83' lang='lat' dir='ltr'><strong>ﬂatuque</strong></span> <span class='ocrx_word' id='word_1_480' title='bbox 3336 4145 3549 4201; x_wconf 85' lang='lat' dir='ltr'><strong>animos</strong></span> 
     </span>
    </p>
   </div>
   <div class='ocr_carea' id='block_1_72' title="bbox 1985 4231 3548 4303">
    <p class='ocr_par' dir='ltr' id='par_1_72' title="bbox 1985 4231 3548 4303">
     <span class='ocr_line' id='line_1_72' title="bbox 1985 4231 3548 4303; baseline 0.002 -16"><span class='ocrx_word' id='word_1_481' title='bbox 1985 4239 2248 4295; x_wconf 88' lang='lat' dir='ltr'><strong>ostentet,</strong></span> <span class='ocrx_word' id='word_1_482' title='bbox 2279 4237 2333 4286; x_wconf 89' lang='lat' dir='ltr'><strong>et</strong></span> <span class='ocrx_word' id='word_1_483' title='bbox 2363 4231 2559 4286; x_wconf 88' lang='lat' dir='ltr'><strong>crebro</strong></span> <span class='ocrx_word' id='word_1_484' title='bbox 2589 4240 2739 4286; x_wconf 90' lang='lat' dir='ltr'><strong>motu</strong></span> <span class='ocrx_word' id='word_1_485' title='bbox 2762 4231 2959 4302; x_wconf 88' lang='lat' dir='ltr'><strong>pedum</strong></span> <span class='ocrx_word' id='word_1_486' title='bbox 2991 4234 3223 4303; x_wconf 81' lang='lat' dir='ltr'><strong>ungulas</strong></span> <span class='ocrx_word' id='word_1_487' title='bbox 3252 4234 3548 4291; x_wconf 87' lang='lat' dir='ltr'><strong>identidem</strong></span> 
     </span>
    </p>
   </div>
   <div class='ocr_carea' id='block_1_73' title="bbox 1986 4321 3547 4393">
    <p class='ocr_par' dir='ltr' id='par_1_73' title="bbox 1986 4321 3547 4393">
     <span class='ocr_line' id='line_1_73' title="bbox 1986 4321 3547 4393; baseline 0.001 -15"><span class='ocrx_word' id='word_1_488' title='bbox 1986 4323 2107 4378; x_wconf 91' lang='lat' dir='ltr'><strong>solo</strong></span> <span class='ocrx_word' id='word_1_489' title='bbox 2138 4323 2335 4387; x_wconf 86' lang='lat' dir='ltr'><strong>illidat,</strong></span> <span class='ocrx_word' id='word_1_490' title='bbox 2368 4321 2457 4377; x_wconf 90' lang='lat' dir='ltr'><strong>cui</strong></span> <span class='ocrx_word' id='word_1_491' title='bbox 2492 4321 2611 4378; x_wconf 85' lang='lat' dir='ltr'><strong>sola</strong></span> <span class='ocrx_word' id='word_1_492' title='bbox 2650 4323 2912 4378; x_wconf 87' lang='lat' dir='ltr'><strong>alacritas</strong></span> <span class='ocrx_word' id='word_1_493' title='bbox 2946 4324 3011 4379; x_wconf 89' lang='lat' dir='ltr'><strong>ad</strong></span> <span class='ocrx_word' id='word_1_494' title='bbox 3042 4325 3342 4380; x_wconf 84' lang='lat' dir='ltr'><strong>certamina</strong></span> <span class='ocrx_word' id='word_1_495' title='bbox 3370 4326 3547 4393; x_wconf 86' lang='lat' dir='ltr'><strong>adest,</strong></span> 
     </span>
    </p>
   </div>
   <div class='ocr_carea' id='block_1_74' title="bbox 1986 4413 3550 4488">
    <p class='ocr_par' dir='ltr' id='par_1_74' title="bbox 1986 4413 3550 4488">
     <span class='ocr_line' id='line_1_74' title="bbox 1986 4413 3550 4488; baseline 0.001 -17"><span class='ocrx_word' id='word_1_496' title='bbox 1986 4415 2218 4472; x_wconf 85' lang='lat' dir='ltr'><strong>facultas</strong></span> <span class='ocrx_word' id='word_1_497' title='bbox 2268 4423 2450 4472; x_wconf 89' lang='lat' dir='ltr'><strong>autem</strong></span> <span class='ocrx_word' id='word_1_498' title='bbox 2485 4413 2743 4471; x_wconf 87' lang='lat' dir='ltr'><strong>currendi</strong></span> <span class='ocrx_word' id='word_1_499' title='bbox 2794 4425 2921 4472; x_wconf 87' lang='lat' dir='ltr'><strong>ante</strong></span> <span class='ocrx_word' id='word_1_500' title='bbox 2958 4416 3110 4487; x_wconf 89' lang='lat' dir='ltr'><strong>lapso</strong></span> <span class='ocrx_word' id='word_1_501' title='bbox 3158 4424 3404 4488; x_wconf 88' lang='lat' dir='ltr'><strong>tempore</strong></span> <span class='ocrx_word' id='word_1_502' title='bbox 3452 4418 3550 4473; x_wconf 86' lang='lat' dir='ltr'><strong>ab-</strong></span> 
     </span>
    </p>
   </div>
   <div class='ocr_carea' id='block_1_75' title="bbox 1985 4508 3550 4581">
    <p class='ocr_par' dir='ltr' id='par_1_75' title="bbox 1985 4508 3550 4581">
     <span class='ocr_line' id='line_1_75' title="bbox 1985 4508 3550 4581; baseline -0.001 -16"><span class='ocrx_word' id='word_1_503' title='bbox 1985 4516 2202 4581; x_wconf 78' lang='lat' dir='ltr'><strong>sumpta</strong></span> <span class='ocrx_word' id='word_1_504' title='bbox 2258 4519 2341 4565; x_wconf 85' lang='lat' dir='ltr'><strong>est</strong></span> <span class='ocrx_word' id='word_1_505' title='bbox 2372 4528 2385 4565; x_wconf 90' lang='lat'><strong>:</strong></span> <span class='ocrx_word' id='word_1_506' title='bbox 2420 4509 2610 4564; x_wconf 87' lang='lat' dir='ltr'><strong>eodem</strong></span> <span class='ocrx_word' id='word_1_507' title='bbox 2658 4508 2820 4565; x_wconf 91' lang='lat' dir='ltr'><strong>modo</strong></span> <span class='ocrx_word' id='word_1_508' title='bbox 2868 4520 3056 4565; x_wconf 89' lang='lat' dir='ltr'><strong>nostra</strong></span> <span class='ocrx_word' id='word_1_509' title='bbox 3105 4525 3328 4581; x_wconf 88' lang='lat' dir='ltr'><strong>quoque</strong></span> <span class='ocrx_word' id='word_1_510' title='bbox 3370 4511 3550 4565; x_wconf 88' lang='lat' dir='ltr'><strong>oratio</strong></span> 
     </span>
    </p>
   </div>
   <div class='ocr_carea' id='block_1_76' title="bbox 1984 4602 3549 4672">
    <p class='ocr_par' dir='ltr' id='par_1_76' title="bbox 1984 4602 3549 4672">
     <span class='ocr_line' id='line_1_76' title="bbox 1984 4602 3549 4672; baseline 0.002 -17"><span class='ocrx_word' id='word_1_511' title='bbox 1984 4609 2209 4672; x_wconf 85' lang='lat' dir='ltr'><strong>prepter</strong></span> <span class='ocrx_word' id='word_1_512' title='bbox 2231 4610 2566 4657; x_wconf 88' lang='lat' dir='ltr'><strong>senectutem</strong></span> <span class='ocrx_word' id='word_1_513' title='bbox 2591 4608 2746 4657; x_wconf 85' lang='lat' dir='ltr'><strong>extra</strong></span> <span class='ocrx_word' id='word_1_514' title='bbox 2772 4603 3074 4657; x_wconf 82' lang='lat' dir='ltr'><strong>certamina</strong></span> <span class='ocrx_word' id='word_1_515' title='bbox 3097 4617 3345 4666; x_wconf 88' lang='lat' dir='ltr'><strong>manens,</strong></span> <span class='ocrx_word' id='word_1_516' title='bbox 3371 4602 3549 4658; x_wconf 87' lang='lat' dir='ltr'><strong>stadio</strong></span> 
     </span>
    </p>
   </div>
   <div class='ocr_carea' id='block_1_77' title="bbox 1985 4691 3551 4761">
    <p class='ocr_par' dir='ltr' id='par_1_77' title="bbox 1985 4691 3551 4761">
     <span class='ocr_line' id='line_1_77' title="bbox 1985 4691 3551 4761; baseline 0 -12"><span class='ocrx_word' id='word_1_517' title='bbox 1985 4694 2188 4750; x_wconf 88' lang='lat' dir='ltr'><strong>cedens</strong></span> <span class='ocrx_word' id='word_1_518' title='bbox 2227 4693 2537 4750; x_wconf 86' lang='lat' dir='ltr'><strong>eruditione</strong></span> <span class='ocrx_word' id='word_1_519' title='bbox 2573 4691 2917 4761; x_wconf 83' lang='lat' dir='ltr'><strong>ﬂorentibus,</strong></span> <span class='ocrx_word' id='word_1_520' title='bbox 2950 4695 3122 4752; x_wconf 88' lang='lat' dir='ltr'><strong>solam</strong></span> <span class='ocrx_word' id='word_1_521' title='bbox 3151 4693 3249 4751; x_wconf 90' lang='lat' dir='ltr'><strong>tibi</strong></span> <span class='ocrx_word' id='word_1_522' title='bbox 3292 4695 3551 4750; x_wconf 84' lang='lat' dir='ltr'><strong>alacrita-</strong></span> 
     </span>
    </p>
   </div>
   <div class='ocr_carea' id='block_1_78' title="bbox 1984 4783 3552 4856">
    <p class='ocr_par' dir='ltr' id='par_1_78' title="bbox 1984 4783 3552 4856">
     <span class='ocr_line' id='line_1_78' title="bbox 1984 4783 3552 4856; baseline 0.003 -18"><span class='ocrx_word' id='word_1_523' title='bbox 1984 4791 2093 4839; x_wconf 90' lang='lat' dir='ltr'><strong>tem</strong></span> <span class='ocrx_word' id='word_1_524' title='bbox 2121 4792 2173 4840; x_wconf 90' lang='lat' dir='ltr'><strong>et</strong></span> <span class='ocrx_word' id='word_1_525' title='bbox 2198 4784 2534 4841; x_wconf 80' lang='lat' dir='ltr'><strong>voluntatem</strong></span> <span class='ocrx_word' id='word_1_526' title='bbox 2565 4783 2621 4838; x_wconf 90' lang='lat' dir='ltr'><strong>in</strong></span> <span class='ocrx_word' id='word_1_527' title='bbox 2653 4784 2884 4856; x_wconf 78' lang='lat' dir='ltr'><strong>gratiam</strong></span> <span class='ocrx_word' id='word_1_528' title='bbox 2920 4794 3067 4841; x_wconf 83' lang='lat' dir='ltr'><strong>tuam</strong></span> <span class='ocrx_word' id='word_1_529' title='bbox 3096 4785 3340 4841; x_wconf 87' lang='lat' dir='ltr'><strong>certandi</strong></span> <span class='ocrx_word' id='word_1_530' title='bbox 3365 4795 3552 4843; x_wconf 89' lang='lat' dir='ltr'><strong>osten-</strong></span> 
     </span>
    </p>
   </div>
   <div class='ocr_carea' id='block_1_79' title="bbox 1985 4873 3550 4950">
    <p class='ocr_par' dir='ltr' id='par_1_79' title="bbox 1985 4873 3550 4950">
     <span class='ocr_line' id='line_1_79' title="bbox 1985 4873 3550 4950; baseline 0.004 -22"><span class='ocrx_word' id='word_1_531' title='bbox 1985 4873 2088 4942; x_wconf 90' lang='lat' dir='ltr'><strong>dit,</strong></span> <span class='ocrx_word' id='word_1_532' title='bbox 2137 4875 2411 4946; x_wconf 88' lang='lat' dir='ltr'><strong>siquidem</strong></span> <span class='ocrx_word' id='word_1_533' title='bbox 2448 4875 2523 4930; x_wconf 89' lang='lat' dir='ltr'><strong>ita</strong></span> <span class='ocrx_word' id='word_1_534' title='bbox 2550 4874 2788 4940; x_wconf 86' lang='lat' dir='ltr'><strong>ﬂoreret,</strong></span> <span class='ocrx_word' id='word_1_535' title='bbox 2821 4884 2882 4930; x_wconf 91' lang='lat' dir='ltr'><strong>ut</strong></span> <span class='ocrx_word' id='word_1_536' title='bbox 2930 4877 3024 4947; x_wconf 88' lang='lat' dir='ltr'><strong>qui</strong></span> <span class='ocrx_word' id='word_1_537' title='bbox 3060 4892 3207 4932; x_wconf 91' lang='lat' dir='ltr'><strong>nunc</strong></span> <span class='ocrx_word' id='word_1_538' title='bbox 3236 4878 3550 4950; x_wconf 87' lang='lat' dir='ltr'><strong>eloquentia</strong></span> 
     </span>
    </p>
   </div>
   <div class='ocr_carea' id='block_1_80' title="bbox 1984 4965 3550 5038">
    <p class='ocr_par' dir='ltr' id='par_1_80' title="bbox 1984 4965 3550 5038">
     <span class='ocr_line' id='line_1_80' title="bbox 1984 4965 3550 5038; baseline 0.003 -19"><span class='ocrx_word' id='word_1_539' title='bbox 1984 4966 2193 5036; x_wconf 79' lang='lat' dir='ltr'><strong>vigent.</strong></span> <span class='ocrx_word' id='word_1_540' title='bbox 2252 4965 2361 5021; x_wconf 88' lang='lat' dir='ltr'><strong>Sed</strong></span> <span class='ocrx_word' id='word_1_541' title='bbox 2408 4981 2571 5036; x_wconf 87' lang='lat' dir='ltr'><strong>quam</strong></span> <span class='ocrx_word' id='word_1_542' title='bbox 2612 4966 2843 5023; x_wconf 79' lang='lat' dir='ltr'><strong>ostendo</strong></span> <span class='ocrx_word' id='word_1_543' title='bbox 2891 4973 3143 5038; x_wconf 85' lang='lat' dir='ltr'><strong>prompta</strong></span> <span class='ocrx_word' id='word_1_544' title='bbox 3189 4968 3448 5025; x_wconf 85' lang='lat' dir='ltr'><strong>voluntas</strong></span> <span class='ocrx_word' id='word_1_545' title='bbox 3494 4972 3550 5024; x_wconf 86' lang='lat' dir='ltr'><strong>et</strong></span> 
     </span>
    </p>
   </div>
   <div class='ocr_carea' id='block_1_81' title="bbox 1986 5055 3550 5127">
    <p class='ocr_par' dir='ltr' id='par_1_81' title="bbox 1986 5055 3550 5127">
     <span class='ocr_line' id='line_1_81' title="bbox 1986 5055 3550 5127; baseline 0.004 -20"><span class='ocrx_word' id='word_1_546' title='bbox 1986 5055 2155 5109; x_wconf 85' lang='lat' dir='ltr'><strong>animi</strong></span> <span class='ocrx_word' id='word_1_547' title='bbox 2184 5057 2504 5127; x_wconf 87' lang='lat' dir='ltr'><strong>propensio,</strong></span> <span class='ocrx_word' id='word_1_548' title='bbox 2536 5072 2646 5112; x_wconf 90' lang='lat' dir='ltr'><strong>non</strong></span> <span class='ocrx_word' id='word_1_549' title='bbox 2679 5072 2746 5112; x_wconf 89' lang='lat' dir='ltr'><strong>eo</strong></span> <span class='ocrx_word' id='word_1_550' title='bbox 2776 5056 3033 5127; x_wconf 84' lang='lat' dir='ltr'><strong>pertinet,</strong></span> <span class='ocrx_word' id='word_1_551' title='bbox 3065 5063 3124 5111; x_wconf 91' lang='lat' dir='ltr'><strong>ut</strong></span> <span class='ocrx_word' id='word_1_552' title='bbox 3150 5071 3217 5114; x_wconf 89' lang='lat' dir='ltr'><strong>ex</strong></span> <span class='ocrx_word' id='word_1_553' title='bbox 3244 5059 3357 5115; x_wconf 84' lang='lat' dir='ltr'><strong>tuis</strong></span> <span class='ocrx_word' id='word_1_554' title='bbox 3385 5058 3550 5113; x_wconf 84' lang='lat' dir='ltr'><strong>rebus</strong></span> 
     </span>
    </p>
   </div>
   <div class='ocr_carea' id='block_1_82' title="bbox 1986 5145 3551 5222">
    <p class='ocr_par' dir='ltr' id='par_1_82' title="bbox 1986 5145 3551 5222">
     <span class='ocr_line' id='line_1_82' title="bbox 1986 5145 3551 5222; baseline 0.003 -23"><span class='ocrx_word' id='word_1_555' title='bbox 1986 5145 2194 5216; x_wconf 88' lang='lat' dir='ltr'><strong>aliquid</strong></span> <span class='ocrx_word' id='word_1_556' title='bbox 2226 5161 2499 5218; x_wconf 78' lang='lat' dir='ltr'><strong>exponere</strong></span> <span class='ocrx_word' id='word_1_557' title='bbox 2525 5150 2707 5205; x_wconf 83' lang='lat' dir='ltr'><strong>velim.</strong></span> <span class='ocrx_word' id='word_1_558' title='bbox 2738 5148 2793 5203; x_wconf 90' lang='lat' dir='ltr'><strong>ld</strong></span> <span class='ocrx_word' id='word_1_559' title='bbox 2836 5149 2984 5205; x_wconf 88' lang='lat' dir='ltr'><strong>enim</strong></span> <span class='ocrx_word' id='word_1_560' title='bbox 3013 5150 3333 5215; x_wconf 86' lang='lat' dir='ltr'><strong>vehemens,</strong></span> <span class='ocrx_word' id='word_1_561' title='bbox 3360 5149 3551 5222; x_wconf 75' lang='lat' dir='ltr'><strong>copio-</strong></span> 
     </span>
    </p>
   </div>
   <div class='ocr_carea' id='block_1_83' title="bbox 1987 5238 3549 5312">
    <p class='ocr_par' dir='ltr' id='par_1_83' title="bbox 1987 5238 3549 5312">
     <span class='ocr_line' id='line_1_83' title="bbox 1987 5238 3549 5312; baseline 0.001 -19"><span class='ocrx_word' id='word_1_562' title='bbox 1987 5252 2159 5310; x_wconf 85' lang='lat' dir='ltr'><strong>saque</strong></span> <span class='ocrx_word' id='word_1_563' title='bbox 2211 5246 2267 5292; x_wconf 91' lang='lat' dir='ltr'><strong>et</strong></span> <span class='ocrx_word' id='word_1_564' title='bbox 2320 5238 2596 5294; x_wconf 83' lang='lat' dir='ltr'><strong>elaborata</strong></span> <span class='ocrx_word' id='word_1_565' title='bbox 2648 5241 2738 5295; x_wconf 87' lang='lat' dir='ltr'><strong>vix</strong></span> <span class='ocrx_word' id='word_1_566' title='bbox 2784 5252 3109 5312; x_wconf 82' lang='lat' dir='ltr'><strong>assequatur</strong></span> <span class='ocrx_word' id='word_1_567' title='bbox 3157 5241 3354 5306; x_wconf 87' lang='lat' dir='ltr'><strong>oratio,</strong></span> <span class='ocrx_word' id='word_1_568' title='bbox 3415 5240 3549 5311; x_wconf 88' lang='lat' dir='ltr'><strong>quin</strong></span> 
     </span>
    </p>
   </div>
   <div class='ocr_carea' id='block_1_84' title="bbox 1985 5329 3552 5403">
    <p class='ocr_par' dir='ltr' id='par_1_84' title="bbox 1985 5329 3552 5403">
     <span class='ocr_line' id='line_1_84' title="bbox 1985 5329 3552 5403; baseline 0.003 -20"><span class='ocrx_word' id='word_1_569' title='bbox 1985 5329 2158 5383; x_wconf 86' lang='lat' dir='ltr'><strong>multa</strong></span> <span class='ocrx_word' id='word_1_570' title='bbox 2196 5341 2307 5382; x_wconf 90' lang='lat' dir='ltr'><strong>non</strong></span> <span class='ocrx_word' id='word_1_571' title='bbox 2348 5337 2678 5401; x_wconf 79' lang='lat' dir='ltr'><strong>assequatur</strong></span> <span class='ocrx_word' id='word_1_572' title='bbox 2714 5347 2838 5401; x_wconf 70' lang='lat' dir='ltr'><strong>qua:</strong></span> <span class='ocrx_word' id='word_1_573' title='bbox 2872 5347 2971 5402; x_wconf 89' lang='lat' dir='ltr'><strong>pro</strong></span> <span class='ocrx_word' id='word_1_574' title='bbox 3021 5332 3285 5403; x_wconf 79' lang='lat' dir='ltr'><strong>dignitate</strong></span> <span class='ocrx_word' id='word_1_575' title='bbox 3317 5330 3394 5387; x_wconf 89' lang='lat' dir='ltr'><strong>rei</strong></span> <span class='ocrx_word' id='word_1_576' title='bbox 3440 5338 3552 5387; x_wconf 84' lang='lat' dir='ltr'><strong>nort</strong></span> 
     </span>
    </p>
   </div>
   <div class='ocr_carea' id='block_1_85' title="bbox 1984 5421 3551 5496">
    <p class='ocr_par' dir='ltr' id='par_1_85' title="bbox 1984 5421 3551 5496">
     <span class='ocr_line' id='line_1_85' title="bbox 1984 5421 3551 5496; baseline 0.003 -23"><span class='ocrx_word' id='word_1_577' title='bbox 1984 5425 2204 5484; x_wconf 87' lang='lat' dir='ltr'><strong>tractet,</strong></span> <span class='ocrx_word' id='word_1_578' title='bbox 2253 5435 2375 5490; x_wconf 72' lang='lat' dir='ltr'><strong>qua:</strong></span> <span class='ocrx_word' id='word_1_579' title='bbox 2408 5421 2730 5476; x_wconf 88' lang='lat' dir='ltr'><strong>immensam</strong></span> <span class='ocrx_word' id='word_1_580' title='bbox 2764 5432 2819 5478; x_wconf 90' lang='lat' dir='ltr'><strong>et</strong></span> <span class='ocrx_word' id='word_1_581' title='bbox 2855 5423 3003 5479; x_wconf 90' lang='lat' dir='ltr'><strong>omni</strong></span> <span class='ocrx_word' id='word_1_582' title='bbox 3054 5424 3357 5481; x_wconf 86' lang='lat' dir='ltr'><strong>imitatione</strong></span> <span class='ocrx_word' id='word_1_583' title='bbox 3388 5440 3551 5496; x_wconf 80' lang='lat' dir='ltr'><strong>supe-</strong></span> 
     </span>
    </p>
   </div>
   <div class='ocr_carea' id='block_1_86' title="bbox 1989 5510 3554 5585">
    <p class='ocr_par' dir='ltr' id='par_1_86' title="bbox 1989 5510 3554 5585">
     <span class='ocr_line' id='line_1_86' title="bbox 1989 5510 3554 5585; baseline 0.004 -22"><span class='ocrx_word' id='word_1_584' title='bbox 1989 5510 2192 5566; x_wconf 86' lang='lat' dir='ltr'><strong>riorem</strong></span> <span class='ocrx_word' id='word_1_585' title='bbox 2234 5511 2375 5568; x_wconf 86' lang='lat' dir='ltr'><strong>hanc</strong></span> <span class='ocrx_word' id='word_1_586' title='bbox 2404 5527 2621 5567; x_wconf 89' lang='lat' dir='ltr'><strong>morum</strong></span> <span class='ocrx_word' id='word_1_587' title='bbox 2669 5520 2724 5568; x_wconf 90' lang='lat' dir='ltr'><strong>et</strong></span> <span class='ocrx_word' id='word_1_588' title='bbox 2755 5513 2963 5585; x_wconf 79' lang='lat' dir='ltr'><strong>ingenii</strong></span> <span class='ocrx_word' id='word_1_589' title='bbox 3010 5514 3457 5571; x_wconf 85' lang='lat' dir='ltr'><strong>concordantiam</strong></span> <span class='ocrx_word' id='word_1_590' title='bbox 3500 5520 3554 5569; x_wconf 72' lang='lat' dir='ltr'><strong>et</strong></span> 
     </span>
    </p>
   </div>
   <div class='ocr_carea' id='block_1_87' title="bbox 1992 5605 3555 5674">
    <p class='ocr_par' dir='ltr' id='par_1_87' title="bbox 1992 5605 3555 5674">
     <span class='ocr_line' id='line_1_87' title="bbox 1992 5605 3555 5674; baseline 0.004 -19"><span class='ocrx_word' id='word_1_591' title='bbox 1992 5605 2407 5659; x_wconf 85' lang='lat' dir='ltr'><strong>consonantiam</strong></span> <span class='ocrx_word' id='word_1_592' title='bbox 2456 5621 2520 5661; x_wconf 83' lang='lat' dir='ltr'><strong>ex</strong></span> <span class='ocrx_word' id='word_1_593' title='bbox 2565 5607 2858 5662; x_wconf 82' lang='lat' dir='ltr'><strong>contrariis</strong></span> <span class='ocrx_word' id='word_1_594' title='bbox 2898 5608 3059 5663; x_wconf 78' lang='lat' dir='ltr'><strong>rebus</strong></span> <span class='ocrx_word' id='word_1_595' title='bbox 3103 5607 3464 5674; x_wconf 81' lang='lat' dir='ltr'><strong>compositam</strong></span> <span class='ocrx_word' id='word_1_596' title='bbox 3502 5616 3555 5664; x_wconf 85' lang='lat' dir='ltr'><strong>et</strong></span> 
     </span>
    </p>
   </div>
  </div>
