  <div class='ocr_page' id='page_1' title='image "/cluster/home/n/w/nwhite01/storage/ocr_20150623/46/hvd.32044054112198/097.png"; bbox 0 0 3896 6208; ppageno 0'>
   <div class='ocr_carea' id='block_1_1' title="bbox 487 243 588 299">
    <p class='ocr_par' dir='ltr' id='par_1_1' title="bbox 487 243 588 299">
     <span class='ocr_line' id='line_1_1' title="bbox 487 243 588 299; baseline 0.02 -2"><span class='ocrx_word' id='word_1_1' title='bbox 487 243 588 299; x_wconf 72' lang='grc'><strong>165</strong></span> 
     </span>
    </p>
   </div>
   <div class='ocr_carea' id='block_1_2' title="bbox 1728 229 2476 297">
    <p class='ocr_par' dir='ltr' id='par_1_2' title="bbox 1728 229 2476 297">
     <span class='ocr_line' id='line_1_2' title="bbox 1728 229 2476 297; baseline -0.001 0"><span class='ocrx_word' id='word_1_2' title='bbox 1728 234 1789 297; x_wconf 78' lang='lat' dir='ltr'><strong>S.</strong></span> <span class='ocrx_word' id='word_1_3' title='bbox 1814 239 2144 297; x_wconf 78' lang='lat' dir='ltr'><strong>GREGOMI</strong></span> <span class='ocrx_word' id='word_1_4' title='bbox 2183 229 2476 296; x_wconf 64' lang='lat' dir='ltr'><strong>NYSSENI</strong></span> 
     </span>
    </p>
   </div>
   <div class='ocr_carea' id='block_1_3' title="bbox 3644 244 3734 300">
    <p class='ocr_par' dir='ltr' id='par_1_3' title="bbox 3644 244 3734 300">
     <span class='ocr_line' id='line_1_3' title="bbox 3644 244 3734 300; baseline 0.033 -3"><span class='ocrx_word' id='word_1_5' title='bbox 3644 244 3734 300; x_wconf 71' lang='lat' dir='ltr'><strong>ibi</strong></span> 
     </span>
    </p>
   </div>
   <div class='ocr_carea' id='block_1_4' title="bbox 479 353 2046 430">
    <p class='ocr_par' dir='ltr' id='par_1_4' title="bbox 479 354 2046 426">
     <span class='ocr_line' id='line_1_4' title="bbox 479 354 2046 426; baseline -0.001 -16"><span class='ocrx_word' id='word_1_6' title='bbox 479 362 950 426; x_wconf 88' lang='lat' dir='ltr'><strong>contemperatam</strong></span> <span class='ocrx_word' id='word_1_7' title='bbox 997 354 1308 426; x_wconf 76' lang='lat' dir='ltr'><strong>susceperit</strong></span> <span class='ocrx_word' id='word_1_8' title='bbox 1353 355 1753 425; x_wconf 87' lang='lat' dir='ltr'><strong>explicandam.</strong></span> <span class='ocrx_word' id='word_1_9' title='bbox 1799 355 1921 422; x_wconf 86' lang='lat' dir='ltr'><strong>Quo</strong></span> <span class='ocrx_word' id='word_1_10' title='bbox 1960 371 2046 425; x_wconf 90' lang='lat' dir='ltr'><strong>pa-</strong></span> 
     </span>
    </p>
   </div>
   <div class='ocr_carea' id='block_1_5' title="bbox 2148 353 3740 430">
    <p class='ocr_par' dir='ltr' id='par_1_5' title="bbox 2162 353 3740 430">
     <span class='ocr_line' id='line_1_5' title="bbox 2162 353 3740 430; baseline 0.001 -21"><span class='ocrx_word' id='word_1_11' title='bbox 2162 356 2316 427; x_wconf 78' lang='grc' dir='ltr'>δψεις</span> <span class='ocrx_word' id='word_1_12' title='bbox 2343 356 2463 427; x_wconf 80' lang='grc' dir='ltr'><strong>τῶν</strong></span> <span class='ocrx_word' id='word_1_13' title='bbox 2507 354 2923 428; x_wconf 78' lang='grc' dir='ltr'>προσορῶντων,</span> <span class='ocrx_word' id='word_1_14' title='bbox 2975 356 3112 412; x_wconf 84' lang='grc' dir='ltr'>ἀλλὰ</span> <span class='ocrx_word' id='word_1_15' title='bbox 3161 353 3228 412; x_wconf 84' lang='grc' dir='ltr'><strong>δι’</strong></span> <span class='ocrx_word' id='word_1_16' title='bbox 3275 357 3470 430; x_wconf 75' lang='grc' dir='ltr'>ἡδονῆς</span> <span class='ocrx_word' id='word_1_17' title='bbox 3525 357 3740 429; x_wconf 77' lang='grc' dir='ltr'><strong>βλέπειν</strong></span> 
     </span>
    </p>
   </div>
   <div class='ocr_carea' id='block_1_6' title="bbox 480 444 2059 516">
    <p class='ocr_par' dir='ltr' id='par_1_6' title="bbox 480 444 2059 516">
     <span class='ocr_line' id='line_1_6' title="bbox 480 444 2059 516; baseline -0.001 -15"><span class='ocrx_word' id='word_1_18' title='bbox 480 454 593 510; x_wconf 84' lang='lat' dir='ltr'><strong>cto,</strong></span> <span class='ocrx_word' id='word_1_19' title='bbox 641 450 787 500; x_wconf 90' lang='lat' dir='ltr'><strong>sicut</strong></span> <span class='ocrx_word' id='word_1_20' title='bbox 823 444 1206 516; x_wconf 81' lang='lat' dir='ltr'><strong>palpebrarum</strong></span> <span class='ocrx_word' id='word_1_21' title='bbox 1247 446 1686 514; x_wconf 78' lang='lat' dir='ltr'><strong>prominentibus</strong></span> <span class='ocrx_word' id='word_1_22' title='bbox 1719 446 1863 515; x_wconf 86' lang='lat' dir='ltr'><strong>pilis,</strong></span> <span class='ocrx_word' id='word_1_23' title='bbox 1898 445 2059 515; x_wconf 88' lang='lat' dir='ltr'><strong>quasi</strong></span> 
     </span>
    </p>
   </div>
   <div class='ocr_carea' id='block_1_7' title="bbox 477 535 2058 606">
    <p class='ocr_par' dir='ltr' id='par_1_7' title="bbox 477 535 2058 606">
     <span class='ocr_line' id='line_1_7' title="bbox 477 535 2058 606; baseline 0.001 -17"><span class='ocrx_word' id='word_1_24' title='bbox 477 535 625 590; x_wconf 90' lang='lat' dir='ltr'><strong>vallo</strong></span> <span class='ocrx_word' id='word_1_25' title='bbox 654 535 892 605; x_wconf 89' lang='lat' dir='ltr'><strong>objecto,</strong></span> <span class='ocrx_word' id='word_1_26' title='bbox 927 537 1226 606; x_wconf 74' lang='lat' dir='ltr'><strong>puritatem</strong></span> <span class='ocrx_word' id='word_1_27' title='bbox 1257 543 1315 589; x_wconf 90' lang='lat' dir='ltr'><strong>ct</strong></span> <span class='ocrx_word' id='word_1_28' title='bbox 1337 537 1735 591; x_wconf 83' lang='lat' dir='ltr'><strong>vehementiam</strong></span> <span class='ocrx_word' id='word_1_29' title='bbox 1775 535 2058 590; x_wconf 86' lang='lat' dir='ltr'><strong>radiorum</strong></span> 
     </span>
    </p>
   </div>
   <div class='ocr_carea' id='block_1_8' title="bbox 479 627 2060 698">
    <p class='ocr_par' dir='ltr' id='par_1_8' title="bbox 479 627 2060 698">
     <span class='ocr_line' id='line_1_8' title="bbox 479 627 2060 698; baseline 0.001 -17"><span class='ocrx_word' id='word_1_30' title='bbox 479 635 679 682; x_wconf 89' lang='lat' dir='ltr'><strong>natura</strong></span> <span class='ocrx_word' id='word_1_31' title='bbox 706 628 1046 683; x_wconf 85' lang='lat' dir='ltr'><strong>obumbrans</strong></span> <span class='ocrx_word' id='word_1_32' title='bbox 1087 637 1140 683; x_wconf 90' lang='lat' dir='ltr'><strong>et</strong></span> <span class='ocrx_word' id='word_1_33' title='bbox 1169 627 1450 698; x_wconf 75' lang='lat' dir='ltr'><strong>frangens,</strong></span> <span class='ocrx_word' id='word_1_34' title='bbox 1483 635 1844 698; x_wconf 89' lang='lat' dir='ltr'><strong>temperatum</strong></span> <span class='ocrx_word' id='word_1_35' title='bbox 1874 642 1938 682; x_wconf 86' lang='lat' dir='ltr'><strong>ac</strong></span> <span class='ocrx_word' id='word_1_36' title='bbox 1974 627 2060 682; x_wconf 60' lang='lat' dir='ltr'><strong>dic</strong></span> 
     </span>
    </p>
   </div>
   <div class='ocr_carea' id='block_1_9' title="bbox 482 718 2060 789">
    <p class='ocr_par' dir='ltr' id='par_1_9' title="bbox 482 718 2060 789">
     <span class='ocr_line' id='line_1_9' title="bbox 482 718 2060 789; baseline 0.001 -15"><span class='ocrx_word' id='word_1_37' title='bbox 482 719 662 774; x_wconf 92' lang='lat' dir='ltr'><strong>lutum</strong></span> <span class='ocrx_word' id='word_1_38' title='bbox 712 720 1064 789; x_wconf 74' lang='lat' dir='ltr'><strong>Splendorem</strong></span> <span class='ocrx_word' id='word_1_39' title='bbox 1102 720 1283 775; x_wconf 89' lang='lat' dir='ltr'><strong>oculis</strong></span> <span class='ocrx_word' id='word_1_40' title='bbox 1314 719 1506 786; x_wconf 81' lang='lat' dir='ltr'><strong>infert,</strong></span> <span class='ocrx_word' id='word_1_41' title='bbox 1540 733 1650 789; x_wconf 92' lang='lat' dir='ltr'><strong>quo</strong></span> <span class='ocrx_word' id='word_1_42' title='bbox 1691 718 1942 788; x_wconf 88' lang='lat' dir='ltr'><strong>placidus</strong></span> <span class='ocrx_word' id='word_1_43' title='bbox 1976 719 2060 775; x_wconf 79' lang='lat' dir='ltr'><strong>sol</strong></span> 
     </span>
    </p>
   </div>
   <div class='ocr_carea' id='block_1_10' title="bbox 481 810 2058 882">
    <p class='ocr_par' dir='ltr' id='par_1_10' title="bbox 481 810 2058 882">
     <span class='ocr_line' id='line_1_10' title="bbox 481 810 2058 882; baseline -0.001 -17"><span class='ocrx_word' id='word_1_44' title='bbox 481 826 580 879; x_wconf 92' lang='lat' dir='ltr'><strong>pro</strong></span> <span class='ocrx_word' id='word_1_45' title='bbox 614 826 680 866; x_wconf 88' lang='lat' dir='ltr'><strong>eo</strong></span> <span class='ocrx_word' id='word_1_46' title='bbox 714 813 876 867; x_wconf 91' lang='lat' dir='ltr'><strong>modo</strong></span> <span class='ocrx_word' id='word_1_47' title='bbox 917 827 1078 882; x_wconf 88' lang='lat' dir='ltr'><strong>quem</strong></span> <span class='ocrx_word' id='word_1_48' title='bbox 1113 827 1247 867; x_wconf 90' lang='lat' dir='ltr'><strong>usus</strong></span> <span class='ocrx_word' id='word_1_49' title='bbox 1278 811 1475 882; x_wconf 87' lang='lat' dir='ltr'><strong>poscit,</strong></span> <span class='ocrx_word' id='word_1_50' title='bbox 1503 824 1628 866; x_wconf 90' lang='lat' dir='ltr'><strong>cum</strong></span> <span class='ocrx_word' id='word_1_51' title='bbox 1661 810 1854 866; x_wconf 89' lang='lat' dir='ltr'><strong>umbra</strong></span> <span class='ocrx_word' id='word_1_52' title='bbox 1895 824 2058 881; x_wconf 90' lang='lat' dir='ltr'><strong>quam</strong></span> 
     </span>
    </p>
   </div>
   <div class='ocr_carea' id='block_1_11' title="bbox 483 899 2059 970">
    <p class='ocr_par' dir='ltr' id='par_1_11' title="bbox 483 899 2059 970">
     <span class='ocr_line' id='line_1_11' title="bbox 483 899 2059 970; baseline 0.001 -16"><span class='ocrx_word' id='word_1_53' title='bbox 483 900 754 970; x_wconf 69' lang='lat' dir='ltr'><strong>palpebra:</strong></span> <span class='ocrx_word' id='word_1_54' title='bbox 789 899 1017 967; x_wconf 85' lang='lat' dir='ltr'><strong>faciunt,</strong></span> <span class='ocrx_word' id='word_1_55' title='bbox 1058 907 1505 970; x_wconf 88' lang='lat' dir='ltr'><strong>contemperatus</strong></span> <span class='ocrx_word' id='word_1_56' title='bbox 1535 901 1789 965; x_wconf 77' lang='lat' dir='ltr'><strong>exsistat,</strong></span> <span class='ocrx_word' id='word_1_57' title='bbox 1832 900 1908 955; x_wconf 87' lang='lat' dir='ltr'><strong>ita</strong></span> <span class='ocrx_word' id='word_1_58' title='bbox 1936 915 2059 955; x_wconf 75' lang='lat' dir='ltr'><strong>mo-</strong></span> 
     </span>
    </p>
   </div>
   <div class='ocr_carea' id='block_1_12' title="bbox 481 991 2058 1063">
    <p class='ocr_par' dir='ltr' id='par_1_12' title="bbox 481 991 2058 1063">
     <span class='ocr_line' id='line_1_12' title="bbox 481 991 2058 1063; baseline 0 -17"><span class='ocrx_word' id='word_1_59' title='bbox 481 1008 603 1048; x_wconf 87' lang='lat' dir='ltr'><strong>rum</strong></span> <span class='ocrx_word' id='word_1_60' title='bbox 638 993 881 1063; x_wconf 79' lang='lat' dir='ltr'><strong>gravitas</strong></span> <span class='ocrx_word' id='word_1_61' title='bbox 928 1001 1090 1063; x_wconf 90' lang='lat' dir='ltr'><strong>atque</strong></span> <span class='ocrx_word' id='word_1_62' title='bbox 1119 992 1380 1063; x_wconf 87' lang='lat' dir='ltr'><strong>majestas</strong></span> <span class='ocrx_word' id='word_1_63' title='bbox 1411 1007 1537 1046; x_wconf 90' lang='lat' dir='ltr'><strong>cum</strong></span> <span class='ocrx_word' id='word_1_64' title='bbox 1574 991 1852 1046; x_wconf 89' lang='lat' dir='ltr'><strong>moderata</strong></span> <span class='ocrx_word' id='word_1_65' title='bbox 1889 991 2058 1046; x_wconf 90' lang='lat' dir='ltr'><strong>animi</strong></span> 
     </span>
    </p>
   </div>
   <div class='ocr_carea' id='block_1_13' title="bbox 476 1084 2061 1150">
    <p class='ocr_par' dir='ltr' id='par_1_13' title="bbox 476 1084 2061 1150">
     <span class='ocr_line' id='line_1_13' title="bbox 476 1084 2061 1150; baseline 0 -13"><span class='ocrx_word' id='word_1_66' title='bbox 476 1085 816 1140; x_wconf 80' lang='lat' dir='ltr'><strong>demissiune</strong></span> <span class='ocrx_word' id='word_1_67' title='bbox 857 1085 1168 1150; x_wconf 87' lang='lat' dir='ltr'><strong>commista,</strong></span> <span class='ocrx_word' id='word_1_68' title='bbox 1219 1100 1329 1140; x_wconf 92' lang='lat' dir='ltr'><strong>non</strong></span> <span class='ocrx_word' id='word_1_69' title='bbox 1365 1091 1577 1140; x_wconf 76' lang='lat' dir='ltr'><strong>avertat</strong></span> <span class='ocrx_word' id='word_1_70' title='bbox 1604 1085 1800 1140; x_wconf 91' lang='lat' dir='ltr'><strong>oculos</strong></span> <span class='ocrx_word' id='word_1_71' title='bbox 1846 1084 2061 1139; x_wconf 88' lang='lat' dir='ltr'><strong>intuen-</strong></span> 
     </span>
    </p>
   </div>
   <div class='ocr_carea' id='block_1_14' title="bbox 476 1177 2060 1249">
    <p class='ocr_par' dir='ltr' id='par_1_14' title="bbox 476 1177 2060 1249">
     <span class='ocr_line' id='line_1_14' title="bbox 476 1177 2060 1249; baseline 0 -15"><span class='ocrx_word' id='word_1_72' title='bbox 476 1182 638 1245; x_wconf 89' lang='lat' dir='ltr'><strong>tium,</strong></span> <span class='ocrx_word' id='word_1_73' title='bbox 705 1180 798 1235; x_wconf 82' lang='lat' dir='ltr'><strong>sed</strong></span> <span class='ocrx_word' id='word_1_74' title='bbox 843 1179 1148 1249; x_wconf 88' lang='lat' dir='ltr'><strong>jucundum</strong></span> <span class='ocrx_word' id='word_1_75' title='bbox 1202 1177 1402 1234; x_wconf 70' lang='lat' dir='ltr'><strong>efficiat</strong></span> <span class='ocrx_word' id='word_1_76' title='bbox 1450 1178 1723 1242; x_wconf 83' lang='lat' dir='ltr'><strong>obtutum,</strong></span> <span class='ocrx_word' id='word_1_77' title='bbox 1772 1183 1833 1232; x_wconf 89' lang='lat' dir='ltr'><strong>ut</strong></span> <span class='ocrx_word' id='word_1_78' title='bbox 1882 1191 2060 1248; x_wconf 85' lang='lat' dir='ltr'><strong>neque</strong></span> 
     </span>
    </p>
   </div>
   <div class='ocr_carea' id='block_1_15' title="bbox 478 1270 2060 1344">
    <p class='ocr_par' dir='ltr' id='par_1_15' title="bbox 478 1270 2060 1344">
     <span class='ocr_line' id='line_1_15' title="bbox 478 1270 2060 1344; baseline 0 -19"><span class='ocrx_word' id='word_1_79' title='bbox 478 1273 768 1344; x_wconf 76' lang='lat' dir='ltr'><strong>gravitatis</strong></span> <span class='ocrx_word' id='word_1_80' title='bbox 801 1286 866 1326; x_wconf 89' lang='lat' dir='ltr'><strong>ac</strong></span> <span class='ocrx_word' id='word_1_81' title='bbox 907 1271 1218 1326; x_wconf 83' lang='lat' dir='ltr'><strong>severitatis</strong></span> <span class='ocrx_word' id='word_1_82' title='bbox 1264 1270 1530 1340; x_wconf 87' lang='lat' dir='ltr'><strong>splendor</strong></span> <span class='ocrx_word' id='word_1_83' title='bbox 1565 1270 1920 1333; x_wconf 84' lang='lat' dir='ltr'><strong>obscuretur,</strong></span> <span class='ocrx_word' id='word_1_84' title='bbox 1958 1283 2060 1325; x_wconf 84' lang='lat' dir='ltr'><strong>ne-</strong></span> 
     </span>
    </p>
   </div>
   <div class='ocr_carea' id='block_1_16' title="bbox 479 1359 2058 1433">
    <p class='ocr_par' dir='ltr' id='par_1_16' title="bbox 479 1359 2058 1433">
     <span class='ocr_line' id='line_1_16' title="bbox 479 1359 2058 1433; baseline 0 -17"><span class='ocrx_word' id='word_1_85' title='bbox 479 1379 589 1433; x_wconf 86' lang='lat' dir='ltr'><strong>que</strong></span> <span class='ocrx_word' id='word_1_86' title='bbox 618 1363 796 1417; x_wconf 87' lang='lat' dir='ltr'><strong>latens</strong></span> <span class='ocrx_word' id='word_1_87' title='bbox 835 1362 890 1416; x_wconf 90' lang='lat' dir='ltr'><strong>in</strong></span> <span class='ocrx_word' id='word_1_88' title='bbox 940 1361 1125 1416; x_wconf 88' lang='lat' dir='ltr'><strong>animo</strong></span> <span class='ocrx_word' id='word_1_89' title='bbox 1157 1361 1240 1417; x_wconf 81' lang='lat' dir='ltr'><strong>vis</strong></span> <span class='ocrx_word' id='word_1_90' title='bbox 1292 1369 1518 1432; x_wconf 85' lang='lat' dir='ltr'><strong>propter</strong></span> <span class='ocrx_word' id='word_1_91' title='bbox 1543 1361 1912 1418; x_wconf 83' lang='lat' dir='ltr'><strong>humilitatem</strong></span> <span class='ocrx_word' id='word_1_92' title='bbox 1959 1359 2058 1416; x_wconf 87' lang='lat' dir='ltr'><strong>de-</strong></span> 
     </span>
    </p>
   </div>
   <div class='ocr_carea' id='block_1_17' title="bbox 479 1450 2056 1523">
    <p class='ocr_par' dir='ltr' id='par_1_17' title="bbox 479 1450 2056 1523">
     <span class='ocr_line' id='line_1_17' title="bbox 479 1450 2056 1523; baseline 0.002 -19"><span class='ocrx_word' id='word_1_93' title='bbox 479 1451 764 1520; x_wconf 87' lang='lat' dir='ltr'><strong>spiciatur,</strong></span> <span class='ocrx_word' id='word_1_94' title='bbox 814 1450 910 1506; x_wconf 86' lang='lat' dir='ltr'><strong>sed</strong></span> <span class='ocrx_word' id='word_1_95' title='bbox 956 1451 1190 1506; x_wconf 85' lang='lat' dir='ltr'><strong>alterum</strong></span> <span class='ocrx_word' id='word_1_96' title='bbox 1223 1451 1510 1521; x_wconf 60' lang='lat' dir='ltr'><strong>aequaliter</strong></span> <span class='ocrx_word' id='word_1_97' title='bbox 1546 1451 1604 1506; x_wconf 88' lang='lat' dir='ltr'><strong>in</strong></span> <span class='ocrx_word' id='word_1_98' title='bbox 1633 1459 1891 1523; x_wconf 80' lang='lat' dir='ltr'><strong>utroque,</strong></span> <span class='ocrx_word' id='word_1_99' title='bbox 1940 1458 2056 1507; x_wconf 90' lang='lat' dir='ltr'><strong>tum</strong></span> 
     </span>
    </p>
   </div>
   <div class='ocr_carea' id='block_1_18' title="bbox 477 1542 2059 1603">
    <p class='ocr_par' dir='ltr' id='par_1_18' title="bbox 477 1542 2059 1603">
     <span class='ocr_line' id='line_1_18' title="bbox 477 1542 2059 1603; baseline 0.004 -7"><span class='ocrx_word' id='word_1_100' title='bbox 477 1543 533 1596; x_wconf 84' lang='lat' dir='ltr'><strong>in</strong></span> <span class='ocrx_word' id='word_1_101' title='bbox 562 1542 891 1598; x_wconf 90' lang='lat' dir='ltr'><strong>celsitudine</strong></span> <span class='ocrx_word' id='word_1_102' title='bbox 936 1557 1001 1598; x_wconf 87' lang='lat' dir='ltr'><strong>ac</strong></span> <span class='ocrx_word' id='word_1_103' title='bbox 1043 1543 1383 1600; x_wconf 83' lang='lat' dir='ltr'><strong>sublimitate</strong></span> <span class='ocrx_word' id='word_1_104' title='bbox 1413 1543 1648 1603; x_wconf 81' lang='lat' dir='ltr'><strong>comitas</strong></span> <span class='ocrx_word' id='word_1_105' title='bbox 1697 1554 1753 1602; x_wconf 92' lang='lat' dir='ltr'><strong>et</strong></span> <span class='ocrx_word' id='word_1_106' title='bbox 1802 1545 2059 1602; x_wconf 77' lang='lat' dir='ltr'><strong>humani-</strong></span> 
     </span>
    </p>
   </div>
   <div class='ocr_carea' id='block_1_19' title="bbox 2161 447 3734 523">
    <p class='ocr_par' dir='ltr' id='par_1_19' title="bbox 2161 447 3734 523">
     <span class='ocr_line' id='line_1_19' title="bbox 2161 447 3734 523; baseline 0.003 -23"><span class='ocrx_word' id='word_1_107' title='bbox 2161 447 2590 518; x_wconf 79' lang='grc' dir='ltr'>παρασκευάζει,</span> <span class='ocrx_word' id='word_1_108' title='bbox 2623 448 2699 512; x_wconf 87' lang='grc' dir='ltr'><strong>ὡς</strong></span> <span class='ocrx_word' id='word_1_109' title='bbox 2723 450 2859 520; x_wconf 79' lang='grc' dir='ltr'>μήτε</span> <span class='ocrx_word' id='word_1_110' title='bbox 2888 448 2991 519; x_wconf 81' lang='grc' dir='ltr'>τῆς</span> <span class='ocrx_word' id='word_1_111' title='bbox 3026 450 3352 520; x_wconf 87' lang='grc' dir='ltr'>σεμνότητος</span> <span class='ocrx_word' id='word_1_112' title='bbox 3372 451 3473 522; x_wconf 81' lang='grc' dir='ltr'>τὴν</span> <span class='ocrx_word' id='word_1_113' title='bbox 3518 467 3734 523; x_wconf 85' lang='grc' dir='ltr'>μαρμα-</span> 
     </span>
    </p>
   </div>
   <div class='ocr_carea' id='block_1_20' title="bbox 2161 537 3736 612">
    <p class='ocr_par' dir='ltr' id='par_1_20' title="bbox 2161 537 3736 612">
     <span class='ocr_line' id='line_1_20' title="bbox 2161 537 3736 612; baseline 0.004 -21"><span class='ocrx_word' id='word_1_114' title='bbox 2161 537 2334 610; x_wconf 82' lang='grc' dir='ltr'>ρυγὴν</span> <span class='ocrx_word' id='word_1_115' title='bbox 2374 538 2777 610; x_wconf 84' lang='grc' dir='ltr'>ἀμαυροῦσθαι,</span> <span class='ocrx_word' id='word_1_116' title='bbox 2838 541 2975 612; x_wconf 83' lang='grc' dir='ltr'>μήτε</span> <span class='ocrx_word' id='word_1_117' title='bbox 3021 540 3108 594; x_wconf 83' lang='grc' dir='ltr'><strong>διὰ</strong></span> <span class='ocrx_word' id='word_1_118' title='bbox 3150 541 3540 612; x_wconf 80' lang='grc' dir='ltr'><strong>ταπεινότητος</strong></span> <span class='ocrx_word' id='word_1_119' title='bbox 3573 561 3736 597; x_wconf 73' lang='grc' dir='ltr'><strong>κειτα-⁹</strong></span> 
     </span>
    </p>
   </div>
   <div class='ocr_carea' id='block_1_21' title="bbox 2160 630 3737 700">
    <p class='ocr_par' dir='ltr' id='par_1_21' title="bbox 2160 630 3737 700">
     <span class='ocr_line' id='line_1_21' title="bbox 2160 630 3737 700; baseline 0.004 -17"><span class='ocrx_word' id='word_1_120' title='bbox 2160 630 2476 700; x_wconf 77' lang='grc' dir='ltr'>φρονεῖσθαι</span> <span class='ocrx_word' id='word_1_121' title='bbox 2505 631 2566 684; x_wconf 85' lang='grc' dir='ltr'>τὸ</span> <span class='ocrx_word' id='word_1_122' title='bbox 2603 631 2927 698; x_wconf 76' lang='grc' dir='ltr'><strong>ἐνδιάθετον,</strong></span> <span class='ocrx_word' id='word_1_123' title='bbox 2959 630 3095 686; x_wconf 85' lang='grc' dir='ltr'>ἀλλὰ</span> <span class='ocrx_word' id='word_1_124' title='bbox 3118 631 3260 686; x_wconf 78' lang='grc' dir='ltr'>κατὰ</span> <span class='ocrx_word' id='word_1_125' title='bbox 3285 633 3348 687; x_wconf 81' lang='grc' dir='ltr'>τὸ</span> <span class='ocrx_word' id='word_1_126' title='bbox 3376 634 3491 687; x_wconf 84' lang='grc' dir='ltr'>ῖσον</span> <span class='ocrx_word' id='word_1_127' title='bbox 3524 636 3583 688; x_wconf 78' lang='grc' dir='ltr'>ἐν</span> <span class='ocrx_word' id='word_1_128' title='bbox 3611 635 3737 689; x_wconf 77' lang='grc' dir='ltr'><strong>ἑκα-</strong></span> 
     </span>
    </p>
   </div>
   <div class='ocr_carea' id='block_1_22' title="bbox 2158 719 3739 797">
    <p class='ocr_par' dir='ltr' id='par_1_22' title="bbox 2158 719 3739 797">
     <span class='ocr_line' id='line_1_22' title="bbox 2158 719 3739 797; baseline 0.005 -24"><span class='ocrx_word' id='word_1_129' title='bbox 2158 719 2304 792; x_wconf 85' lang='grc' dir='ltr'>τέρῳ</span> <span class='ocrx_word' id='word_1_130' title='bbox 2329 720 2653 792; x_wconf 86' lang='grc' dir='ltr'>θεωρεῖσθαι</span> <span class='ocrx_word' id='word_1_131' title='bbox 2677 719 2739 776; x_wconf 80' lang='grc' dir='ltr'>τὸ</span> <span class='ocrx_word' id='word_1_132' title='bbox 2763 722 2970 794; x_wconf 73' lang='grc' dir='ltr'>ἕτερον,</span> <span class='ocrx_word' id='word_1_133' title='bbox 2997 722 3054 776; x_wconf 76' lang='grc' dir='ltr'>ἐν</span> <span class='ocrx_word' id='word_1_134' title='bbox 3080 741 3140 776; x_wconf 89' lang='grc' dir='ltr'><strong>τε</strong></span> <span class='ocrx_word' id='word_1_135' title='bbox 3166 724 3247 794; x_wconf 83' lang='grc' dir='ltr'><strong>τῷ</strong></span> <span class='ocrx_word' id='word_1_136' title='bbox 3275 724 3465 797; x_wconf 76' lang='grc' dir='ltr'>ὑψηλῷ</span> <span class='ocrx_word' id='word_1_137' title='bbox 3493 725 3592 797; x_wconf 78' lang='grc' dir='ltr'>τὴν</span> <span class='ocrx_word' id='word_1_138' title='bbox 3625 745 3739 780; x_wconf 88' lang='grc' dir='ltr'>κοι-</span> 
     </span>
    </p>
   </div>
   <div class='ocr_carea' id='block_1_23' title="bbox 2158 813 3737 889">
    <p class='ocr_par' dir='ltr' id='par_1_23' title="bbox 2158 813 3737 889">
     <span class='ocr_line' id='line_1_23' title="bbox 2158 813 3737 889; baseline 0.005 -23"><span class='ocrx_word' id='word_1_139' title='bbox 2158 813 2378 884; x_wconf 78' lang='grc' dir='ltr'>νότητα,</span> <span class='ocrx_word' id='word_1_140' title='bbox 2402 815 2497 868; x_wconf 78' lang='grc' dir='ltr'><strong>καὶ</strong></span> <span class='ocrx_word' id='word_1_141' title='bbox 2517 816 2574 868; x_wconf 83' lang='grc' dir='ltr'>ὲν</span> <span class='ocrx_word' id='word_1_142' title='bbox 2593 814 2672 886; x_wconf 82' lang='grc' dir='ltr'><strong>τῷ</strong></span> <span class='ocrx_word' id='word_1_143' title='bbox 2698 815 2940 887; x_wconf 81' lang='grc' dir='ltr'><strong>ταπεινῷ</strong></span> <span class='ocrx_word' id='word_1_144' title='bbox 2958 815 3021 869; x_wconf 81' lang='grc' dir='ltr'>τὸ</span> <span class='ocrx_word' id='word_1_145' title='bbox 3043 815 3277 887; x_wconf 80' lang='grc' dir='ltr'>ἔμπαλιν</span> <span class='ocrx_word' id='word_1_146' title='bbox 3299 817 3397 889; x_wconf 80' lang='grc' dir='ltr'>τὴν</span> <span class='ocrx_word' id='word_1_147' title='bbox 3419 819 3737 889; x_wconf 86' lang='grc' dir='ltr'>σεμνότητα.</span> 
     </span>
    </p>
   </div>
   <div class='ocr_carea' id='block_1_24' title="bbox 2166 902 3737 978">
    <p class='ocr_par' dir='ltr' id='par_1_24' title="bbox 2166 902 3737 978">
     <span class='ocr_line' id='line_1_24' title="bbox 2166 902 3737 978; baseline 0.004 -22"><span class='ocrx_word' id='word_1_148' title='bbox 2166 902 2357 966; x_wconf 74' lang='grc' dir='ltr'>Ἀλλος</span> <span class='ocrx_word' id='word_1_149' title='bbox 2391 902 2566 956; x_wconf 86' lang='grc' dir='ltr'>ταῦτα</span> <span class='ocrx_word' id='word_1_150' title='bbox 2599 904 2976 978; x_wconf 83' lang='grc' dir='ltr'>διεξερχέσθω,</span> <span class='ocrx_word' id='word_1_151' title='bbox 3015 905 3111 958; x_wconf 81' lang='grc' dir='ltr'><strong>καὶ</strong></span> <span class='ocrx_word' id='word_1_152' title='bbox 3137 905 3199 959; x_wconf 87' lang='grc' dir='ltr'><strong>τὺ</strong></span> <span class='ocrx_word' id='word_1_153' title='bbox 3228 906 3608 978; x_wconf 70' lang='grc' dir='ltr'>πολυόμματον</span> <span class='ocrx_word' id='word_1_154' title='bbox 3637 908 3737 978; x_wconf 83' lang='grc' dir='ltr'>τῆς</span> 
     </span>
    </p>
   </div>
   <div class='ocr_carea' id='block_1_25' title="bbox 2112 994 3736 1072">
    <p class='ocr_par' dir='ltr' id='par_1_25' title="bbox 2112 994 3736 1072">
     <span class='ocr_line' id='line_1_25' title="bbox 2112 994 3736 1072; baseline 0.011 -26"><span class='ocrx_word' id='word_1_155' title='bbox 2112 1010 2115 1013; x_wconf 90' lang='grc'><strong>·</strong></span> <span class='ocrx_word' id='word_1_156' title='bbox 2158 994 2338 1066; x_wconf 80' lang='grc' dir='ltr'>ψυχῆς</span> <span class='ocrx_word' id='word_1_157' title='bbox 2387 995 2713 1066; x_wconf 86' lang='grc' dir='ltr'>άνυμνείτω.</span> <span class='ocrx_word' id='word_1_158' title='bbox 2765 996 3063 1067; x_wconf 88' lang='grc' dir='ltr'>Ἰσάριθμοι</span> <span class='ocrx_word' id='word_1_159' title='bbox 3103 999 3224 1061; x_wconf 86' lang='grc' dir='ltr'>ταῖς</span> <span class='ocrx_word' id='word_1_160' title='bbox 3277 997 3421 1069; x_wconf 69' lang='grc' dir='ltr'>θριξὶ</span> <span class='ocrx_word' id='word_1_161' title='bbox 3465 999 3604 1069; x_wconf 77' lang='grc' dir='ltr'>τάχα</span> <span class='ocrx_word' id='word_1_162' title='bbox 3639 1003 3736 1072; x_wconf 74' lang='grc' dir='ltr'>τῆς</span> 
     </span>
    </p>
   </div>
   <div class='ocr_carea' id='block_1_26' title="bbox 2159 1087 3736 1162">
    <p class='ocr_par' dir='ltr' id='par_1_26' title="bbox 2159 1087 3736 1162">
     <span class='ocr_line' id='line_1_26' title="bbox 2159 1087 3736 1162; baseline 0.003 -22"><span class='ocrx_word' id='word_1_163' title='bbox 2159 1087 2402 1158; x_wconf 81' lang='grc' dir='ltr'>κεφαλῆς</span> <span class='ocrx_word' id='word_1_164' title='bbox 2432 1088 2482 1140; x_wconf 73' lang='lat' dir='ltr'><strong>oi</strong></span> <span class='ocrx_word' id='word_1_165' title='bbox 2511 1087 2612 1158; x_wconf 82' lang='grc' dir='ltr'>τῆς</span> <span class='ocrx_word' id='word_1_166' title='bbox 2640 1088 2815 1160; x_wconf 76' lang='grc' dir='ltr'>ψυχῆς</span> <span class='ocrx_word' id='word_1_167' title='bbox 2845 1087 3135 1158; x_wconf 76' lang='grc' dir='ltr'>ὀφθαλμοὶ,</span> <span class='ocrx_word' id='word_1_168' title='bbox 3169 1089 3505 1161; x_wconf 83' lang='grc' dir='ltr'>πανταχόθεν</span> <span class='ocrx_word' id='word_1_169' title='bbox 3541 1091 3736 1162; x_wconf 71' lang='grc' dir='ltr'>ἐπίσης</span> 
     </span>
    </p>
   </div>
   <div class='ocr_carea' id='block_1_27' title="bbox 2158 1166 3735 1254">
    <p class='ocr_par' dir='ltr' id='par_1_27' title="bbox 2158 1166 3735 1254">
     <span class='ocr_line' id='line_1_27' title="bbox 2158 1166 3735 1254; baseline 0.003 -22"><span class='ocrx_word' id='word_1_170' title='bbox 2158 1166 2252 1243; x_wconf 68' lang='grc' dir='ltr'>ὀξύ</span> <span class='ocrx_word' id='word_1_171' title='bbox 2297 1196 2359 1232; x_wconf 88' lang='grc' dir='ltr'><strong>τε</strong></span> <span class='ocrx_word' id='word_1_172' title='bbox 2387 1179 2484 1234; x_wconf 85' lang='grc' dir='ltr'><strong>καὶ</strong></span> <span class='ocrx_word' id='word_1_173' title='bbox 2531 1179 2768 1244; x_wconf 76' lang='grc' dir='ltr'>ἀπλανὲς</span> <span class='ocrx_word' id='word_1_174' title='bbox 2817 1179 3145 1251; x_wconf 83' lang='grc' dir='ltr'><strong>δεδορκότες,</strong></span> <span class='ocrx_word' id='word_1_175' title='bbox 3174 1179 3315 1233; x_wconf 82' lang='grc' dir='ltr'>ὥστε</span> <span class='ocrx_word' id='word_1_176' title='bbox 3367 1180 3644 1254; x_wconf 79' lang='grc' dir='ltr'>πόρρωθέν</span> <span class='ocrx_word' id='word_1_177' title='bbox 3675 1202 3735 1238; x_wconf 86' lang='grc' dir='ltr'><strong>τε</strong></span> 
     </span>
    </p>
   </div>
   <div class='ocr_carea' id='block_1_28' title="bbox 2159 1269 3736 1345">
    <p class='ocr_par' dir='ltr' id='par_1_28' title="bbox 2159 1269 3736 1345">
     <span class='ocr_line' id='line_1_28' title="bbox 2159 1269 3736 1345; baseline 0.003 -21"><span class='ocrx_word' id='word_1_178' title='bbox 2159 1269 2394 1342; x_wconf 82' lang='grc' dir='ltr'>προϊδεῖν</span> <span class='ocrx_word' id='word_1_179' title='bbox 2425 1286 2439 1302; x_wconf 77' lang='grc' dir='ltr'><strong>ο</strong></span> <span class='ocrx_word' id='word_1_180' title='bbox 2499 1270 2596 1324; x_wconf 75' lang='grc' dir='ltr'><strong>καὶ</strong></span> <span class='ocrx_word' id='word_1_181' title='bbox 2651 1269 2726 1342; x_wconf 81' lang='grc' dir='ltr'>μὴ</span> <span class='ocrx_word' id='word_1_182' title='bbox 2769 1271 2984 1339; x_wconf 80' lang='grc' dir='ltr'><strong>ἀγνοεῖν</strong></span> <span class='ocrx_word' id='word_1_183' title='bbox 3033 1271 3098 1323; x_wconf 74' lang='grc' dir='ltr'><strong>ὲκ</strong></span> <span class='ocrx_word' id='word_1_184' title='bbox 3133 1269 3227 1323; x_wconf 86' lang='grc' dir='ltr'><strong>τοῦ</strong></span> <span class='ocrx_word' id='word_1_185' title='bbox 3276 1269 3558 1341; x_wconf 87' lang='grc' dir='ltr'>σύνεγγυς,</span> <span class='ocrx_word' id='word_1_186' title='bbox 3602 1275 3736 1345; x_wconf 72' lang='grc' dir='ltr'>μηδὲ</span> 
     </span>
    </p>
   </div>
   <div class='ocr_carea' id='block_1_29' title="bbox 2158 1360 3731 1434">
    <p class='ocr_par' dir='ltr' id='par_1_29' title="bbox 2158 1360 3731 1434">
     <span class='ocr_line' id='line_1_29' title="bbox 2158 1360 3731 1434; baseline 0.002 -19"><span class='ocrx_word' id='word_1_187' title='bbox 2158 1360 2256 1434; x_wconf 82' lang='grc' dir='ltr'>τὴν</span> <span class='ocrx_word' id='word_1_188' title='bbox 2283 1363 2477 1431; x_wconf 86' lang='grc' dir='ltr'>πεῖραν</span> <span class='ocrx_word' id='word_1_189' title='bbox 2504 1361 2795 1432; x_wconf 64' lang='grc' dir='ltr'>ἀναμένειν</span> <span class='ocrx_word' id='word_1_190' title='bbox 2822 1360 2915 1415; x_wconf 83' lang='grc' dir='ltr'><strong>τοῦ</strong></span> <span class='ocrx_word' id='word_1_191' title='bbox 2949 1360 3348 1426; x_wconf 72' lang='grc' dir='ltr'>λυσιτελοῦντος</span> <span class='ocrx_word' id='word_1_192' title='bbox 3377 1363 3694 1418; x_wconf 77' lang='grc' dir='ltr'>διδάσκαλον</span> <span class='ocrx_word' id='word_1_193' title='bbox 3719 1382 3731 1395; x_wconf 73' lang='grc' dir='ltr'><strong><em>ο</em></strong></span> 
     </span>
    </p>
   </div>
   <div class='ocr_carea' id='block_1_30' title="bbox 2158 1447 3732 1529">
    <p class='ocr_par' dir='ltr' id='par_1_30' title="bbox 2158 1447 3732 1529">
     <span class='ocr_line' id='line_1_30' title="bbox 2158 1447 3732 1529; baseline 0.003 -22"><span class='ocrx_word' id='word_1_194' title='bbox 2158 1453 2296 1508; x_wconf 80' lang='grc' dir='ltr'>ἀλλὰ</span> <span class='ocrx_word' id='word_1_195' title='bbox 2318 1453 2380 1508; x_wconf 77' lang='grc' dir='ltr'>τὸ</span> <span class='ocrx_word' id='word_1_196' title='bbox 2415 1453 2514 1525; x_wconf 85' lang='grc' dir='ltr'>μὲν</span> <span class='ocrx_word' id='word_1_197' title='bbox 2545 1456 2657 1519; x_wconf 82' lang='grc' dir='ltr'>τοῖς</span> <span class='ocrx_word' id='word_1_198' title='bbox 2683 1453 2792 1508; x_wconf 82' lang='grc' dir='ltr'><strong>τῶν</strong></span> <span class='ocrx_word' id='word_1_199' title='bbox 2814 1447 3044 1510; x_wconf 73' lang='grc' dir='ltr'>ἐλπίδων</span> <span class='ocrx_word' id='word_1_200' title='bbox 3071 1455 3368 1528; x_wconf 75' lang='grc' dir='ltr'>ὀφθαλμοῖς</span> <span class='ocrx_word' id='word_1_201' title='bbox 3390 1459 3647 1529; x_wconf 82' lang='grc' dir='ltr'>προορᾷν,</span> <span class='ocrx_word' id='word_1_202' title='bbox 3673 1459 3732 1511; x_wconf 79' lang='grc' dir='ltr'>τὸ</span> 
     </span>
    </p>
   </div>
   <div class='ocr_carea' id='block_1_31' title="bbox 2153 1544 3732 1619">
    <p class='ocr_par' dir='ltr' id='par_1_31' title="bbox 2153 1544 3732 1619">
     <span class='ocr_line' id='line_1_31' title="bbox 2153 1544 3732 1619; baseline 0.001 -17"><span class='ocrx_word' id='word_1_203' title='bbox 2153 1546 2216 1602; x_wconf 73' lang='grc' dir='ltr'><strong>’δὲ</strong></span> <span class='ocrx_word' id='word_1_204' title='bbox 2243 1545 2468 1617; x_wconf 78' lang='grc' dir='ltr'>θεωρεῖν</span> <span class='ocrx_word' id='word_1_205' title='bbox 2494 1544 2584 1600; x_wconf 81' lang='grc' dir='ltr'><strong>διὰ</strong></span> <span class='ocrx_word' id='word_1_206' title='bbox 2613 1548 2714 1618; x_wconf 79' lang='grc' dir='ltr'>τῆς</span> <span class='ocrx_word' id='word_1_207' title='bbox 2742 1547 2988 1619; x_wconf 81' lang='grc' dir='ltr'><strong>μνήμης,</strong></span> <span class='ocrx_word' id='word_1_208' title='bbox 3021 1548 3149 1604; x_wconf 76' lang='grc' dir='ltr'>ἄλλο</span> <span class='ocrx_word' id='word_1_209' title='bbox 3174 1555 3234 1602; x_wconf 75' lang='grc' dir='ltr'><strong>τε</strong></span> <span class='ocrx_word' id='word_1_210' title='bbox 3271 1547 3328 1604; x_wconf 78' lang='grc' dir='ltr'>δὲ</span> <span class='ocrx_word' id='word_1_211' title='bbox 3361 1549 3502 1603; x_wconf 63' lang='grc' dir='ltr'>κατά</span> <span class='ocrx_word' id='word_1_212' title='bbox 3532 1549 3592 1602; x_wconf 81' lang='grc' dir='ltr'>τὸ</span> <span class='ocrx_word' id='word_1_213' title='bbox 3621 1551 3732 1603; x_wconf 74' lang='grc' dir='ltr'><strong>ἐνέ-</strong></span> 
     </span>
    </p>
   </div>
   <div class='ocr_carea' id='block_1_32' title="bbox 476 1632 2046 1712">
    <p class='ocr_par' dir='ltr' id='par_1_32' title="bbox 476 1632 2046 1707">
     <span class='ocr_line' id='line_1_32' title="bbox 476 1632 2046 1707; baseline 0.006 -23"><span class='ocrx_word' id='word_1_214' title='bbox 476 1640 584 1696; x_wconf 86' lang='lat' dir='ltr'><strong>tas,</strong></span> <span class='ocrx_word' id='word_1_215' title='bbox 622 1638 736 1685; x_wconf 90' lang='lat' dir='ltr'><strong>tum</strong></span> <span class='ocrx_word' id='word_1_216' title='bbox 789 1632 845 1686; x_wconf 92' lang='lat' dir='ltr'><strong>in</strong></span> <span class='ocrx_word' id='word_1_217' title='bbox 887 1632 1205 1688; x_wconf 88' lang='lat' dir='ltr'><strong>humilitate</strong></span> <span class='ocrx_word' id='word_1_218' title='bbox 1236 1634 1354 1688; x_wconf 82' lang='lat' dir='ltr'><strong>vice</strong></span> <span class='ocrx_word' id='word_1_219' title='bbox 1399 1644 1560 1690; x_wconf 80' lang='lat' dir='ltr'><strong>versa</strong></span> <span class='ocrx_word' id='word_1_220' title='bbox 1591 1636 1833 1707; x_wconf 76' lang='lat' dir='ltr'><strong>gravitas</strong></span> <span class='ocrx_word' id='word_1_221' title='bbox 1864 1646 1922 1692; x_wconf 90' lang='lat' dir='ltr'><strong>et</strong></span> <span class='ocrx_word' id='word_1_222' title='bbox 1969 1651 2046 1694; x_wconf 81' lang='lat' dir='ltr'><strong>se-</strong></span> 
     </span>
    </p>
   </div>
   <div class='ocr_carea' id='block_1_33' title="bbox 2148 1632 3732 1712">
    <p class='ocr_par' dir='ltr' id='par_1_33' title="bbox 2161 1635 3732 1712">
     <span class='ocr_line' id='line_1_33' title="bbox 2161 1635 3732 1712; baseline 0.002 -22"><span class='ocrx_word' id='word_1_223' title='bbox 2161 1635 2303 1700; x_wconf 85' lang='grc' dir='ltr'>στὼς</span> <span class='ocrx_word' id='word_1_224' title='bbox 2331 1637 2390 1691; x_wconf 67' lang='grc' dir='ltr'>ἐν</span> <span class='ocrx_word' id='word_1_225' title='bbox 2416 1636 2600 1710; x_wconf 82' lang='grc' dir='ltr'><strong>κύκλῳ</strong></span> <span class='ocrx_word' id='word_1_226' title='bbox 2621 1638 2958 1712; x_wconf 79' lang='grc' dir='ltr'>περιαθρεῖν,</span> <span class='ocrx_word' id='word_1_227' title='bbox 2981 1639 3158 1695; x_wconf 87' lang='grc' dir='ltr'>πάντα</span> <span class='ocrx_word' id='word_1_228' title='bbox 3179 1640 3237 1696; x_wconf 82' lang='grc' dir='ltr'>δὲ</span> <span class='ocrx_word' id='word_1_229' title='bbox 3265 1639 3406 1696; x_wconf 81' lang='grc' dir='ltr'>κατὰ</span> <span class='ocrx_word' id='word_1_230' title='bbox 3432 1641 3626 1694; x_wconf 85' lang='grc' dir='ltr'>ταύτδν</span> <span class='ocrx_word' id='word_1_231' title='bbox 3651 1643 3732 1694; x_wconf 63' lang='grc' dir='ltr'><strong>ὲν.</strong></span> 
     </span>
    </p>
   </div>
   <div class='ocr_carea' id='block_1_34' title="bbox 474 1711 2046 1806">
    <p class='ocr_par' dir='ltr' id='par_1_34' title="bbox 474 1723 2046 1799">
     <span class='ocr_line' id='line_1_34' title="bbox 474 1723 2046 1799; baseline 0.006 -23"><span class='ocrx_word' id='word_1_232' title='bbox 474 1725 680 1779; x_wconf 84' lang='lat' dir='ltr'><strong>vcritas</strong></span> <span class='ocrx_word' id='word_1_233' title='bbox 724 1723 1218 1782; x_wconf 82' lang='lat' dir='ltr'><strong>animadvertatur.</strong></span> <span class='ocrx_word' id='word_1_234' title='bbox 1281 1726 1439 1783; x_wconf 81' lang='lat' dir='ltr'><strong>Alius</strong></span> <span class='ocrx_word' id='word_1_235' title='bbox 1489 1729 1606 1784; x_wconf 71' lang='lat' dir='ltr'><strong>ha&#39;c</strong></span> <span class='ocrx_word' id='word_1_236' title='bbox 1663 1739 1938 1799; x_wconf 82' lang='lat' dir='ltr'><strong>exponat,</strong></span> <span class='ocrx_word' id='word_1_237' title='bbox 1993 1737 2046 1786; x_wconf 84' lang='lat' dir='ltr'><strong>et</strong></span> 
     </span>
    </p>
   </div>
   <div class='ocr_carea' id='block_1_35' title="bbox 2148 1711 3731 1806">
    <p class='ocr_par' dir='ltr' id='par_1_35' title="bbox 2157 1711 3731 1806">
     <span class='ocr_line' id='line_1_35' title="bbox 2157 1711 3731 1806; baseline 0.001 -20"><span class='ocrx_word' id='word_1_238' title='bbox 2157 1731 2342 1804; x_wconf 81' lang='grc' dir='ltr'>εργεῖν</span> <span class='ocrx_word' id='word_1_239' title='bbox 2372 1711 2703 1802; x_wconf 72' lang='grc' dir='ltr'>ἀσυγχύτως</span> <span class='ocrx_word' id='word_1_240' title='bbox 2746 1732 2951 1797; x_wconf 82' lang='grc' dir='ltr'>πάσαις</span> <span class='ocrx_word' id='word_1_241' title='bbox 2980 1735 3100 1797; x_wconf 89' lang='grc' dir='ltr'>ταῖς</span> <span class='ocrx_word' id='word_1_242' title='bbox 3126 1732 3408 1797; x_wconf 86' lang='grc' dir='ltr'>τοιαύταις</span> <span class='ocrx_word' id='word_1_243' title='bbox 3436 1733 3731 1806; x_wconf 71' lang='grc' dir='ltr'>ἐνεργείαις</span> 
     </span>
    </p>
   </div>
   <div class='ocr_carea' id='block_1_36' title="bbox 473 1815 2046 1896">
    <p class='ocr_par' dir='ltr' id='par_1_36' title="bbox 473 1815 2046 1892">
     <span class='ocr_line' id='line_1_36' title="bbox 473 1815 2046 1892; baseline 0.006 -25"><span class='ocrx_word' id='word_1_244' title='bbox 473 1815 718 1869; x_wconf 88' lang='lat' dir='ltr'><strong>animum</strong></span> <span class='ocrx_word' id='word_1_245' title='bbox 778 1817 944 1871; x_wconf 89' lang='lat' dir='ltr'><strong>istum</strong></span> <span class='ocrx_word' id='word_1_246' title='bbox 997 1818 1375 1887; x_wconf 77' lang='lat' dir='ltr'><strong>c0mplurilius</strong></span> <span class='ocrx_word' id='word_1_247' title='bbox 1441 1821 1618 1876; x_wconf 85' lang='lat' dir='ltr'><strong>oculis</strong></span> <span class='ocrx_word' id='word_1_248' title='bbox 1679 1822 2046 1892; x_wconf 84' lang='lat' dir='ltr'><strong>insignitum,</strong></span> 
     </span>
    </p>
   </div>
   <div class='ocr_carea' id='block_1_37' title="bbox 2148 1815 3220 1896">
    <p class='ocr_par' dir='ltr' id='par_1_37' title="bbox 2158 1816 3220 1896">
     <span class='ocr_line' id='line_1_37' title="bbox 2158 1816 3220 1896; baseline 0.003 -19"><span class='ocrx_word' id='word_1_249' title='bbox 2158 1816 2250 1877; x_wconf 70' lang='grc' dir='ltr'><strong>τὸν</strong></span> <span class='ocrx_word' id='word_1_250' title='bbox 2278 1821 2401 1876; x_wconf 86' lang='grc' dir='ltr'>νοῦν</span> <span class='ocrx_word' id='word_1_251' title='bbox 2432 1821 2781 1894; x_wconf 84' lang='grc' dir='ltr'>καταλλήλως</span> <span class='ocrx_word' id='word_1_252' title='bbox 2810 1823 3220 1896; x_wconf 73' lang='grc' dir='ltr'>ὲπιμερίζοντα.</span> 
     </span>
    </p>
   </div>
   <div class='ocr_carea' id='block_1_38' title="bbox 473 1906 3728 1991">
    <p class='ocr_par' dir='ltr' id='par_1_38' title="bbox 473 1906 3728 1991">
     <span class='ocr_line' id='line_1_38' title="bbox 473 1906 3728 1991; baseline 0.004 -33"><span class='ocrx_word' id='word_1_253' title='bbox 473 1906 731 1962; x_wconf 79' lang='lat' dir='ltr'><strong>laudibus</strong></span> <span class='ocrx_word' id='word_1_254' title='bbox 758 1917 1144 1978; x_wconf 88' lang='lat' dir='ltr'><strong>prosequatur.</strong></span> <span class='ocrx_word' id='word_1_255' title='bbox 1191 1910 1442 1966; x_wconf 86' lang='lat' dir='ltr'><strong>Forsitan</strong></span> <span class='ocrx_word' id='word_1_256' title='bbox 1483 1914 1628 1968; x_wconf 90' lang='lat' dir='ltr'><strong>enim</strong></span> <span class='ocrx_word' id='word_1_257' title='bbox 1668 1914 1809 1984; x_wconf 91' lang='lat' dir='ltr'><strong>pilos</strong></span> <span class='ocrx_word' id='word_1_258' title='bbox 1844 1916 2044 1987; x_wconf 85' lang='lat' dir='ltr'><strong>capitis</strong></span> <span class='ocrx_word' id='word_1_259' title='bbox 2083 1929 2316 1972; x_wconf 90' lang='lat' dir='ltr'><strong>numero</strong></span> <span class='ocrx_word' id='word_1_260' title='bbox 2341 1923 2560 1986; x_wconf 82' lang='lat' dir='ltr'><strong>aequant</strong></span> <span class='ocrx_word' id='word_1_261' title='bbox 2593 1916 2763 1970; x_wconf 89' lang='lat' dir='ltr'><strong>animi</strong></span> <span class='ocrx_word' id='word_1_262' title='bbox 2797 1917 2966 1983; x_wconf 90' lang='lat' dir='ltr'><strong>oculi,</strong></span> <span class='ocrx_word' id='word_1_263' title='bbox 2999 1918 3254 1988; x_wconf 89' lang='lat' dir='ltr'><strong>undique</strong></span> <span class='ocrx_word' id='word_1_264' title='bbox 3321 1919 3531 1991; x_wconf 88' lang='lat' dir='ltr'><strong>pariter</strong></span> <span class='ocrx_word' id='word_1_265' title='bbox 3555 1926 3608 1976; x_wconf 89' lang='lat' dir='ltr'><strong>et</strong></span> <span class='ocrx_word' id='word_1_266' title='bbox 3663 1927 3728 1974; x_wconf 82' lang='lat' dir='ltr'><strong>ex</strong></span> 
     </span>
    </p>
   </div>
   <div class='ocr_carea' id='block_1_39' title="bbox 473 2009 3733 2084">
    <p class='ocr_par' dir='ltr' id='par_1_39' title="bbox 473 2009 3733 2084">
     <span class='ocr_line' id='line_1_39' title="bbox 473 2009 3733 2084; baseline 0.003 -28"><span class='ocrx_word' id='word_1_267' title='bbox 473 2015 632 2071; x_wconf 71' lang='lat' dir='ltr'><strong>aequo</strong></span> <span class='ocrx_word' id='word_1_268' title='bbox 677 2009 890 2057; x_wconf 87' lang='lat' dir='ltr'><strong>certum</strong></span> <span class='ocrx_word' id='word_1_269' title='bbox 925 2012 984 2060; x_wconf 86' lang='lat' dir='ltr'><strong>et</strong></span> <span class='ocrx_word' id='word_1_270' title='bbox 1013 2013 1239 2059; x_wconf 86' lang='lat' dir='ltr'><strong>acutum</strong></span> <span class='ocrx_word' id='word_1_271' title='bbox 1279 2017 1613 2071; x_wconf 80' lang='lat' dir='ltr'><strong>cernentes.</strong></span> <span class='ocrx_word' id='word_1_272' title='bbox 1670 2017 1731 2063; x_wconf 93' lang='lat' dir='ltr'><strong>ut</strong></span> <span class='ocrx_word' id='word_1_273' title='bbox 1768 2019 1821 2065; x_wconf 91' lang='lat' dir='ltr'><strong>et</strong></span> <span class='ocrx_word' id='word_1_274' title='bbox 1854 2025 1918 2065; x_wconf 90' lang='lat' dir='ltr'><strong>ex</strong></span> <span class='ocrx_word' id='word_1_275' title='bbox 1959 2011 2259 2082; x_wconf 83' lang='lat' dir='ltr'><strong>longinquo</strong></span> <span class='ocrx_word' id='word_1_276' title='bbox 2341 2009 2707 2080; x_wconf 72' lang='lat' dir='ltr'><strong>prospiciunt,</strong></span> <span class='ocrx_word' id='word_1_277' title='bbox 2763 2011 3016 2082; x_wconf 87' lang='lat' dir='ltr'><strong>nihilque</strong></span> <span class='ocrx_word' id='word_1_278' title='bbox 3055 2011 3235 2084; x_wconf 87' lang='lat' dir='ltr'><strong>fugiat</strong></span> <span class='ocrx_word' id='word_1_279' title='bbox 3292 2026 3359 2068; x_wconf 90' lang='lat' dir='ltr'><strong>ac</strong></span> <span class='ocrx_word' id='word_1_280' title='bbox 3423 2012 3586 2069; x_wconf 83' lang='lat' dir='ltr'><strong>lateat</strong></span> <span class='ocrx_word' id='word_1_281' title='bbox 3636 2027 3733 2068; x_wconf 83' lang='lat' dir='ltr'><strong>eos</strong></span> 
     </span>
    </p>
   </div>
   <div class='ocr_carea' id='block_1_40' title="bbox 479 2095 3734 2175">
    <p class='ocr_par' dir='ltr' id='par_1_40' title="bbox 479 2095 3734 2175">
     <span class='ocr_line' id='line_1_40' title="bbox 479 2095 3734 2175; baseline 0.002 -23"><span class='ocrx_word' id='word_1_282' title='bbox 479 2111 548 2152; x_wconf 92' lang='lat' dir='ltr'><strong>ex</strong></span> <span class='ocrx_word' id='word_1_283' title='bbox 586 2095 918 2166; x_wconf 86' lang='lat' dir='ltr'><strong>propinquo,</strong></span> <span class='ocrx_word' id='word_1_284' title='bbox 974 2114 1075 2153; x_wconf 91' lang='lat' dir='ltr'><strong>nec</strong></span> <span class='ocrx_word' id='word_1_285' title='bbox 1109 2099 1500 2168; x_wconf 82' lang='lat' dir='ltr'><strong>experientiam</strong></span> <span class='ocrx_word' id='word_1_286' title='bbox 1556 2101 1810 2157; x_wconf 88' lang='lat' dir='ltr'><strong>utilitatis</strong></span> <span class='ocrx_word' id='word_1_287' title='bbox 1853 2109 1905 2158; x_wconf 72' lang='lat' dir='ltr'><strong>et</strong></span> <span class='ocrx_word' id='word_1_288' title='bbox 1983 2103 2251 2159; x_wconf 86' lang='lat' dir='ltr'><strong>commodi</strong></span> <span class='ocrx_word' id='word_1_289' title='bbox 2303 2103 2623 2174; x_wconf 84' lang='lat' dir='ltr'><strong>magistram</strong></span> <span class='ocrx_word' id='word_1_290' title='bbox 2685 2111 3039 2175; x_wconf 81' lang='lat' dir='ltr'><strong>exspectent;</strong></span> <span class='ocrx_word' id='word_1_291' title='bbox 3100 2103 3199 2160; x_wconf 86' lang='lat' dir='ltr'><strong>sed</strong></span> <span class='ocrx_word' id='word_1_292' title='bbox 3285 2103 3434 2159; x_wconf 87' lang='lat' dir='ltr'><strong>aliud</strong></span> <span class='ocrx_word' id='word_1_293' title='bbox 3512 2103 3734 2174; x_wconf 82' lang='lat' dir='ltr'><strong>quidem</strong></span> 
     </span>
    </p>
   </div>
   <div class='ocr_carea' id='block_1_41' title="bbox 465 2187 3733 2268">
    <p class='ocr_par' dir='ltr' id='par_1_41' title="bbox 465 2187 3733 2268">
     <span class='ocr_line' id='line_1_41' title="bbox 465 2187 3733 2268; baseline 0.002 -26"><span class='ocrx_word' id='word_1_294' title='bbox 465 2188 648 2242; x_wconf 83' lang='lat' dir='ltr'><strong>oculis</strong></span> <span class='ocrx_word' id='word_1_295' title='bbox 685 2187 804 2257; x_wconf 91' lang='lat' dir='ltr'><strong>spei</strong></span> <span class='ocrx_word' id='word_1_296' title='bbox 855 2189 1196 2258; x_wconf 85' lang='lat' dir='ltr'><strong>provideant,</strong></span> <span class='ocrx_word' id='word_1_297' title='bbox 1248 2191 1395 2246; x_wconf 89' lang='lat' dir='ltr'><strong>aliud</strong></span> <span class='ocrx_word' id='word_1_298' title='bbox 1427 2207 1556 2248; x_wconf 89' lang='lat' dir='ltr'><strong>vero</strong></span> <span class='ocrx_word' id='word_1_299' title='bbox 1583 2209 1678 2262; x_wconf 90' lang='lat' dir='ltr'><strong>per</strong></span> <span class='ocrx_word' id='word_1_300' title='bbox 1717 2193 2038 2249; x_wconf 89' lang='lat' dir='ltr'><strong>memoriam</strong></span> <span class='ocrx_word' id='word_1_301' title='bbox 2081 2205 2336 2260; x_wconf 85' lang='lat' dir='ltr'><strong>cernant,</strong></span> <span class='ocrx_word' id='word_1_302' title='bbox 2381 2193 2530 2250; x_wconf 85' lang='lat' dir='ltr'><strong>aliud</strong></span> <span class='ocrx_word' id='word_1_303' title='bbox 2560 2196 2693 2252; x_wconf 85' lang='lat' dir='ltr'><strong>item</strong></span> <span class='ocrx_word' id='word_1_304' title='bbox 2743 2196 2798 2250; x_wconf 92' lang='lat' dir='ltr'><strong>in</strong></span> <span class='ocrx_word' id='word_1_305' title='bbox 2837 2197 3129 2268; x_wconf 69' lang='lat' dir='ltr'><strong>praesentia</strong></span> <span class='ocrx_word' id='word_1_306' title='bbox 3192 2196 3435 2268; x_wconf 84' lang='lat' dir='ltr'><strong>undique</strong></span> <span class='ocrx_word' id='word_1_307' title='bbox 3492 2197 3733 2253; x_wconf 80' lang='lat' dir='ltr'><strong>circum-</strong></span> 
     </span>
    </p>
   </div>
   <div class='ocr_carea' id='block_1_42' title="bbox 483 2284 3726 2362">
    <p class='ocr_par' dir='ltr' id='par_1_42' title="bbox 483 2284 3726 2362">
     <span class='ocr_line' id='line_1_42' title="bbox 483 2284 3726 2362; baseline 0.003 -26"><span class='ocrx_word' id='word_1_308' title='bbox 483 2298 594 2354; x_wconf 87' lang='lat' dir='ltr'><strong>que</strong></span> <span class='ocrx_word' id='word_1_309' title='bbox 629 2284 777 2337; x_wconf 89' lang='lat' dir='ltr'><strong>circa</strong></span> <span class='ocrx_word' id='word_1_310' title='bbox 809 2284 1276 2352; x_wconf 78' lang='lat' dir='ltr'><strong>animadvertant,</strong></span> <span class='ocrx_word' id='word_1_311' title='bbox 1310 2288 1498 2342; x_wconf 90' lang='lat' dir='ltr'><strong>omnia</strong></span> <span class='ocrx_word' id='word_1_312' title='bbox 1528 2304 1658 2345; x_wconf 88' lang='lat' dir='ltr'><strong>vero</strong></span> <span class='ocrx_word' id='word_1_313' title='bbox 1698 2290 1862 2344; x_wconf 88' lang='lat' dir='ltr'><strong>simul</strong></span> <span class='ocrx_word' id='word_1_314' title='bbox 1894 2298 1948 2346; x_wconf 93' lang='lat' dir='ltr'><strong>ct</strong></span> <span class='ocrx_word' id='word_1_315' title='bbox 1980 2291 2173 2347; x_wconf 79' lang='lat' dir='ltr'><strong>eodem</strong></span> <span class='ocrx_word' id='word_1_316' title='bbox 2235 2301 2484 2362; x_wconf 85' lang='lat' dir='ltr'><strong>tempore</strong></span> <span class='ocrx_word' id='word_1_317' title='bbox 2517 2291 2772 2357; x_wconf 83' lang='lat' dir='ltr'><strong>omnibus</strong></span> <span class='ocrx_word' id='word_1_318' title='bbox 2845 2291 3159 2362; x_wconf 82' lang='lat' dir='ltr'><strong>bujusmodi</strong></span> <span class='ocrx_word' id='word_1_319' title='bbox 3224 2293 3532 2349; x_wconf 87' lang='lat' dir='ltr'><strong>actionibus</strong></span> <span class='ocrx_word' id='word_1_320' title='bbox 3607 2294 3726 2348; x_wconf 82' lang='lat' dir='ltr'><strong>abs-</strong></span> 
     </span>
    </p>
   </div>
   <div class='ocr_carea' id='block_1_43' title="bbox 474 2373 3732 2452">
    <p class='ocr_par' dir='ltr' id='par_1_43' title="bbox 474 2373 3732 2452">
     <span class='ocr_line' id='line_1_43' title="bbox 474 2373 3732 2452; baseline 0.002 -24"><span class='ocrx_word' id='word_1_321' title='bbox 474 2389 585 2446; x_wconf 85' lang='lat' dir='ltr'><strong>que</strong></span> <span class='ocrx_word' id='word_1_322' title='bbox 633 2373 960 2428; x_wconf 85' lang='lat' dir='ltr'><strong>confusione</strong></span> <span class='ocrx_word' id='word_1_323' title='bbox 1013 2377 1406 2431; x_wconf 85' lang='lat' dir='ltr'><strong>convenienter</strong></span> <span class='ocrx_word' id='word_1_324' title='bbox 1456 2384 1512 2431; x_wconf 92' lang='lat' dir='ltr'><strong>et</strong></span> <span class='ocrx_word' id='word_1_325' title='bbox 1556 2387 1682 2447; x_wconf 90' lang='lat' dir='ltr'><strong>apte</strong></span> <span class='ocrx_word' id='word_1_326' title='bbox 1737 2394 1890 2432; x_wconf 90' lang='lat' dir='ltr'><strong>mens</strong></span> <span class='ocrx_word' id='word_1_327' title='bbox 1932 2394 2056 2436; x_wconf 84' lang='lat' dir='ltr'><strong>sese</strong></span> <span class='ocrx_word' id='word_1_328' title='bbox 2101 2379 2441 2436; x_wconf 83' lang='lat' dir='ltr'><strong>distribuens</strong></span> <span class='ocrx_word' id='word_1_329' title='bbox 2483 2379 3017 2451; x_wconf 82' lang='lat' dir='ltr'><strong>aceommodansque</strong></span> <span class='ocrx_word' id='word_1_330' title='bbox 3084 2379 3283 2436; x_wconf 77' lang='lat' dir='ltr'><strong>cﬂiciat</strong></span> <span class='ocrx_word' id='word_1_331' title='bbox 3324 2391 3380 2436; x_wconf 92' lang='lat' dir='ltr'><strong>et</strong></span> <span class='ocrx_word' id='word_1_332' title='bbox 3455 2389 3732 2452; x_wconf 84' lang='lat' dir='ltr'><strong>operetur.</strong></span> 
     </span>
    </p>
   </div>
   <div class='ocr_carea' id='block_1_44' title="bbox 540 2469 2046 2548">
    <p class='ocr_par' dir='ltr' id='par_1_44' title="bbox 540 2469 2046 2542">
     <span class='ocr_line' id='line_1_44' title="bbox 540 2469 2046 2542; baseline 0.004 -18"><span class='ocrx_word' id='word_1_333' title='bbox 540 2469 900 2525; x_wconf 82' lang='lat' dir='ltr'><strong>Venerandas</strong></span> <span class='ocrx_word' id='word_1_334' title='bbox 964 2471 1092 2526; x_wconf 87' lang='lat' dir='ltr'><strong>item</strong></span> <span class='ocrx_word' id='word_1_335' title='bbox 1159 2472 1500 2542; x_wconf 87' lang='lat' dir='ltr'><strong>paupertatis</strong></span> <span class='ocrx_word' id='word_1_336' title='bbox 1552 2473 1774 2530; x_wconf 87' lang='lat' dir='ltr'><strong>divitias</strong></span> <span class='ocrx_word' id='word_1_337' title='bbox 1823 2475 2046 2530; x_wconf 87' lang='lat' dir='ltr'><strong>admire-</strong></span> 
     </span>
    </p>
   </div>
   <div class='ocr_carea' id='block_1_45' title="bbox 2148 2469 3726 2548">
    <p class='ocr_par' dir='ltr' id='par_1_45' title="bbox 2228 2473 3726 2548">
     <span class='ocr_line' id='line_1_45' title="bbox 2228 2473 3726 2548; baseline -0.001 -19"><span class='ocrx_word' id='word_1_338' title='bbox 2228 2473 2333 2530; x_wconf 86' lang='grc' dir='ltr'>Τόν</span> <span class='ocrx_word' id='word_1_339' title='bbox 2365 2491 2425 2529; x_wconf 89' lang='grc' dir='ltr'><strong>τε</strong></span> <span class='ocrx_word' id='word_1_340' title='bbox 2460 2475 2654 2546; x_wconf 85' lang='grc' dir='ltr'>σεμνὸν</span> <span class='ocrx_word' id='word_1_341' title='bbox 2676 2474 2776 2546; x_wconf 86' lang='grc' dir='ltr'>τῆς</span> <span class='ocrx_word' id='word_1_342' title='bbox 2797 2475 2987 2539; x_wconf 86' lang='grc' dir='ltr'>πενίας</span> <span class='ocrx_word' id='word_1_343' title='bbox 3020 2475 3250 2529; x_wconf 89' lang='grc' dir='ltr'>πλοῦτον</span> <span class='ocrx_word' id='word_1_344' title='bbox 3277 2473 3599 2548; x_wconf 78' lang='grc' dir='ltr'>θαυμαζέτω</span> <span class='ocrx_word' id='word_1_345' title='bbox 3627 2477 3726 2528; x_wconf 58' lang='grc' dir='ltr'>πάι</span> 
     </span>
    </p>
   </div>
   <div class='ocr_carea' id='block_1_46' title="bbox 471 2561 2046 2640">
    <p class='ocr_par' dir='ltr' id='par_1_46' title="bbox 471 2561 2046 2634">
     <span class='ocr_line' id='line_1_46' title="bbox 471 2561 2046 2634; baseline 0.004 -20"><span class='ocrx_word' id='word_1_346' title='bbox 471 2571 582 2626; x_wconf 91' lang='lat' dir='ltr'><strong>tur,</strong></span> <span class='ocrx_word' id='word_1_347' title='bbox 615 2561 661 2616; x_wconf 91' lang='lat' dir='ltr'><strong>si</strong></span> <span class='ocrx_word' id='word_1_348' title='bbox 686 2561 810 2632; x_wconf 91' lang='lat' dir='ltr'><strong>quis</strong></span> <span class='ocrx_word' id='word_1_349' title='bbox 843 2569 1032 2616; x_wconf 86' lang='lat' dir='ltr'><strong>nostra</strong></span> <span class='ocrx_word' id='word_1_350' title='bbox 1063 2570 1224 2618; x_wconf 61' lang='lat' dir='ltr'><strong>artato</strong></span> <span class='ocrx_word' id='word_1_351' title='bbox 1249 2569 1333 2618; x_wconf 89' lang='lat' dir='ltr'><strong>est</strong></span> <span class='ocrx_word' id='word_1_352' title='bbox 1361 2563 1454 2634; x_wconf 92' lang='lat' dir='ltr'><strong>qui</strong></span> <span class='ocrx_word' id='word_1_353' title='bbox 1483 2563 1755 2634; x_wconf 78' lang='lat' dir='ltr'><strong>ejusmodi</strong></span> <span class='ocrx_word' id='word_1_354' title='bbox 1787 2579 1901 2620; x_wconf 90' lang='lat' dir='ltr'><strong>rem</strong></span> <span class='ocrx_word' id='word_1_355' title='bbox 1929 2579 2046 2620; x_wconf 86' lang='lat' dir='ltr'><strong>cum</strong></span> 
     </span>
    </p>
   </div>
   <div class='ocr_carea' id='block_1_47' title="bbox 2148 2561 3732 2640">
    <p class='ocr_par' dir='ltr' id='par_1_47' title="bbox 2156 2568 3732 2640">
     <span class='ocr_line' id='line_1_47' title="bbox 2156 2568 3732 2640; baseline -0.003 -16"><span class='ocrx_word' id='word_1_356' title='bbox 2156 2569 2239 2624; x_wconf 90' lang='grc' dir='ltr'><strong>λιν</strong></span> <span class='ocrx_word' id='word_1_357' title='bbox 2267 2572 2490 2637; x_wconf 82' lang='grc' dir='ltr'>ἐκεῖνος,</span> <span class='ocrx_word' id='word_1_358' title='bbox 2539 2569 2594 2623; x_wconf 73' lang='grc' dir='ltr'><strong>εἴ</strong></span> <span class='ocrx_word' id='word_1_359' title='bbox 2616 2569 2700 2633; x_wconf 88' lang='grc' dir='ltr'><strong>τίς</strong></span> <span class='ocrx_word' id='word_1_360' title='bbox 2733 2569 2880 2624; x_wconf 73' lang='grc' dir='ltr'>ἐστιν</span> <span class='ocrx_word' id='word_1_361' title='bbox 2905 2571 2964 2623; x_wconf 80' lang='grc' dir='ltr'>ὲν</span> <span class='ocrx_word' id='word_1_362' title='bbox 3004 2568 3082 2640; x_wconf 83' lang='grc' dir='ltr'>τῷ</span> <span class='ocrx_word' id='word_1_363' title='bbox 3115 2568 3236 2623; x_wconf 78' lang='grc' dir='ltr'>καθ’</span> <span class='ocrx_word' id='word_1_364' title='bbox 3267 2570 3414 2640; x_wconf 75' lang='grc' dir='ltr'>ἡμᾶς</span> <span class='ocrx_word' id='word_1_365' title='bbox 3451 2569 3549 2640; x_wconf 81' lang='grc' dir='ltr'>βίῳ</span> <span class='ocrx_word' id='word_1_366' title='bbox 3577 2568 3732 2631; x_wconf 70' lang='grc' dir='ltr'>εἰδὼς</span> 
     </span>
    </p>
   </div>
   <div class='ocr_carea' id='block_1_48' title="bbox 467 2645 2046 2742">
    <p class='ocr_par' dir='ltr' id='par_1_48' title="bbox 467 2645 2046 2742">
     <span class='ocr_line' id='line_1_48' title="bbox 467 2645 2046 2742; baseline -0.001 -34"><span class='ocrx_word' id='word_1_367' title='bbox 467 2645 632 2709; x_wconf 84' lang='lat' dir='ltr'><strong>laude</strong></span> <span class='ocrx_word' id='word_1_368' title='bbox 659 2661 715 2708; x_wconf 89' lang='lat' dir='ltr'><strong>et</strong></span> <span class='ocrx_word' id='word_1_369' title='bbox 748 2652 1115 2707; x_wconf 88' lang='lat' dir='ltr'><strong>admiratione</strong></span> <span class='ocrx_word' id='word_1_370' title='bbox 1162 2653 1444 2709; x_wconf 87' lang='lat' dir='ltr'><strong>celebrare</strong></span> <span class='ocrx_word' id='word_1_371' title='bbox 1488 2654 1649 2708; x_wconf 89' lang='lat' dir='ltr'><strong>sciat.</strong></span> <span class='ocrx_word' id='word_1_372' title='bbox 1697 2653 1778 2708; x_wconf 84' lang='lat' dir='ltr'><strong>Ac</strong></span> <span class='ocrx_word' id='word_1_373' title='bbox 1817 2653 2046 2742; x_wconf 61' lang='lat' dir='ltr'><strong>forsitan</strong></span> 
     </span>
    </p>
   </div>
   <div class='ocr_carea' id='block_1_49' title="bbox 2148 2645 3730 2742">
    <p class='ocr_par' dir='ltr' id='par_1_49' title="bbox 2155 2657 3730 2730">
     <span class='ocr_line' id='line_1_49' title="bbox 2155 2657 3730 2730; baseline -0.002 -17"><span class='ocrx_word' id='word_1_374' title='bbox 2155 2658 2216 2713; x_wconf 73' lang='grc' dir='ltr'>τὸ</span> <span class='ocrx_word' id='word_1_375' title='bbox 2243 2657 2485 2713; x_wconf 85' lang='grc' dir='ltr'>τοιοῦτον</span> <span class='ocrx_word' id='word_1_376' title='bbox 2513 2659 2570 2714; x_wconf 87' lang='grc' dir='ltr'>ὲν</span> <span class='ocrx_word' id='word_1_377' title='bbox 2601 2658 2808 2730; x_wconf 77' lang='grc' dir='ltr'>ἐπαίνῳ</span> <span class='ocrx_word' id='word_1_378' title='bbox 2845 2657 3114 2713; x_wconf 87' lang='grc' dir='ltr'>ποιεῖσθαι</span> <span class='ocrx_word' id='word_1_379' title='bbox 3145 2660 3240 2712; x_wconf 80' lang='grc' dir='ltr'><strong>καὶ</strong></span> <span class='ocrx_word' id='word_1_380' title='bbox 3284 2658 3542 2729; x_wconf 83' lang='grc' dir='ltr'>θαύματι.</span> <span class='ocrx_word' id='word_1_381' title='bbox 3579 2659 3730 2727; x_wconf 63' lang='grc' dir='ltr'>Τάχα</span> 
     </span>
    </p>
   </div>
   <div class='ocr_carea' id='block_1_50' title="bbox 469 2746 2056 2816">
    <p class='ocr_par' dir='ltr' id='par_1_50' title="bbox 469 2746 2056 2816">
     <span class='ocr_line' id='line_1_50' title="bbox 469 2746 2056 2816; baseline -0.001 -15"><span class='ocrx_word' id='word_1_382' title='bbox 469 2746 696 2802; x_wconf 82' lang='lat' dir='ltr'><strong>etiamsi</strong></span> <span class='ocrx_word' id='word_1_383' title='bbox 728 2746 884 2816; x_wconf 92' lang='lat' dir='ltr'><strong>prius</strong></span> <span class='ocrx_word' id='word_1_384' title='bbox 914 2759 1024 2800; x_wconf 89' lang='lat' dir='ltr'><strong>non</strong></span> <span class='ocrx_word' id='word_1_385' title='bbox 1041 2755 1180 2810; x_wconf 90' lang='lat' dir='ltr'><strong>erat,</strong></span> <span class='ocrx_word' id='word_1_386' title='bbox 1219 2753 1276 2799; x_wconf 92' lang='lat' dir='ltr'><strong>at</strong></span> <span class='ocrx_word' id='word_1_387' title='bbox 1302 2760 1452 2800; x_wconf 90' lang='lat' dir='ltr'><strong>nunc</strong></span> <span class='ocrx_word' id='word_1_388' title='bbox 1482 2755 1704 2816; x_wconf 85' lang='lat' dir='ltr'><strong>propter</strong></span> <span class='ocrx_word' id='word_1_389' title='bbox 1735 2752 1790 2800; x_wconf 93' lang='lat' dir='ltr'><strong>te</strong></span> <span class='ocrx_word' id='word_1_390' title='bbox 1818 2759 2056 2816; x_wconf 84' lang='lat' dir='ltr'><strong>pauper-</strong></span> 
     </span>
    </p>
   </div>
   <div class='ocr_carea' id='block_1_51' title="bbox 471 2835 2052 2910">
    <p class='ocr_par' dir='ltr' id='par_1_51' title="bbox 471 2835 2052 2910">
     <span class='ocr_line' id='line_1_51' title="bbox 471 2835 2052 2910; baseline -0.003 -14"><span class='ocrx_word' id='word_1_391' title='bbox 471 2841 600 2896; x_wconf 88' lang='lat' dir='ltr'><strong>tatis</strong></span> <span class='ocrx_word' id='word_1_392' title='bbox 645 2853 864 2910; x_wconf 89' lang='lat' dir='ltr'><strong>quoque</strong></span> <span class='ocrx_word' id='word_1_393' title='bbox 919 2838 1260 2894; x_wconf 80' lang='lat' dir='ltr'><strong>desiderium</strong></span> <span class='ocrx_word' id='word_1_394' title='bbox 1305 2837 1559 2904; x_wconf 80' lang='lat' dir='ltr'><strong>florebit,</strong></span> <span class='ocrx_word' id='word_1_395' title='bbox 1619 2847 1823 2909; x_wconf 90' lang='lat' dir='ltr'><strong>tuaque</strong></span> <span class='ocrx_word' id='word_1_396' title='bbox 1875 2835 2052 2894; x_wconf 84' lang='lat' dir='ltr'><strong>tenui-</strong></span> 
     </span>
    </p>
   </div>
   <div class='ocr_carea' id='block_1_52' title="bbox 470 2929 2048 3004">
    <p class='ocr_par' dir='ltr' id='par_1_52' title="bbox 470 2929 2048 3004">
     <span class='ocr_line' id='line_1_52' title="bbox 470 2929 2048 3004; baseline -0.001 -16"><span class='ocrx_word' id='word_1_397' title='bbox 470 2944 558 2989; x_wconf 91' lang='lat' dir='ltr'><strong>tas</strong></span> <span class='ocrx_word' id='word_1_398' title='bbox 585 2941 752 3004; x_wconf 88' lang='lat' dir='ltr'><strong>atque</strong></span> <span class='ocrx_word' id='word_1_399' title='bbox 786 2929 1076 3003; x_wconf 81' lang='lat' dir='ltr'><strong>frugalitas</strong></span> <span class='ocrx_word' id='word_1_400' title='bbox 1114 2930 1432 3003; x_wconf 89' lang='lat' dir='ltr'><strong>ingentibus</strong></span> <span class='ocrx_word' id='word_1_401' title='bbox 1463 2929 1644 2986; x_wconf 69' lang='grc' dir='ltr'><strong>(Ζτωεί</strong></span> <span class='ocrx_word' id='word_1_402' title='bbox 1681 2930 1802 2984; x_wconf 89' lang='lat' dir='ltr'><strong>auri</strong></span> <span class='ocrx_word' id='word_1_403' title='bbox 1837 2930 2048 3002; x_wconf 88' lang='lat' dir='ltr'><strong>ponde-</strong></span> 
     </span>
    </p>
   </div>
   <div class='ocr_carea' id='block_1_53' title="bbox 469 3022 2050 3089">
    <p class='ocr_par' dir='ltr' id='par_1_53' title="bbox 469 3022 2050 3089">
     <span class='ocr_line' id='line_1_53' title="bbox 469 3022 2050 3089; baseline -0.001 -9"><span class='ocrx_word' id='word_1_404' title='bbox 469 3023 624 3081; x_wconf 85' lang='lat' dir='ltr'><strong>ribus</strong></span> <span class='ocrx_word' id='word_1_405' title='bbox 665 3023 875 3080; x_wconf 88' lang='lat' dir='ltr'><strong>bcatior</strong></span> <span class='ocrx_word' id='word_1_406' title='bbox 913 3022 1224 3078; x_wconf 90' lang='lat' dir='ltr'><strong>habebitur.</strong></span> <span class='ocrx_word' id='word_1_407' title='bbox 1263 3022 1570 3089; x_wconf 84' lang='lat' dir='ltr'><strong>Quemnam</strong></span> <span class='ocrx_word' id='word_1_408' title='bbox 1600 3023 1746 3077; x_wconf 91' lang='lat' dir='ltr'><strong>enim</strong></span> <span class='ocrx_word' id='word_1_409' title='bbox 1775 3023 1860 3079; x_wconf 85' lang='lat' dir='ltr'><strong>vel</strong></span> <span class='ocrx_word' id='word_1_410' title='bbox 1903 3031 2050 3078; x_wconf 87' lang='lat' dir='ltr'><strong>terra</strong></span> 
     </span>
    </p>
   </div>
   <div class='ocr_carea' id='block_1_54' title="bbox 469 3112 2052 3185">
    <p class='ocr_par' dir='ltr' id='par_1_54' title="bbox 469 3112 2052 3185">
     <span class='ocr_line' id='line_1_54' title="bbox 469 3112 2052 3185; baseline -0.002 -15"><span class='ocrx_word' id='word_1_411' title='bbox 469 3116 557 3173; x_wconf 85' lang='lat' dir='ltr'><strong>vel</strong></span> <span class='ocrx_word' id='word_1_412' title='bbox 592 3130 744 3171; x_wconf 90' lang='lat' dir='ltr'><strong>mare</strong></span> <span class='ocrx_word' id='word_1_413' title='bbox 775 3114 936 3170; x_wconf 87' lang='lat' dir='ltr'><strong>ambo</strong></span> <span class='ocrx_word' id='word_1_414' title='bbox 966 3129 1098 3171; x_wconf 89' lang='lat' dir='ltr'><strong>suos</strong></span> <span class='ocrx_word' id='word_1_415' title='bbox 1132 3121 1430 3185; x_wconf 87' lang='lat' dir='ltr'><strong>proventus</strong></span> <span class='ocrx_word' id='word_1_416' title='bbox 1467 3114 1700 3185; x_wconf 81' lang='lat' dir='ltr'><strong>benigne</strong></span> <span class='ocrx_word' id='word_1_417' title='bbox 1730 3112 2052 3184; x_wconf 85' lang='lat' dir='ltr'><strong>impartien-</strong></span> 
     </span>
    </p>
   </div>
   <div class='ocr_carea' id='block_1_55' title="bbox 471 3203 2050 3270">
    <p class='ocr_par' dir='ltr' id='par_1_55' title="bbox 471 3203 2050 3270">
     <span class='ocr_line' id='line_1_55' title="bbox 471 3203 2050 3270; baseline -0.002 -10"><span class='ocrx_word' id='word_1_418' title='bbox 471 3217 555 3262; x_wconf 91' lang='lat' dir='ltr'><strong>tcs</strong></span> <span class='ocrx_word' id='word_1_419' title='bbox 582 3207 654 3261; x_wconf 90' lang='lat' dir='ltr'><strong>ita</strong></span> <span class='ocrx_word' id='word_1_420' title='bbox 685 3207 903 3262; x_wconf 91' lang='lat' dir='ltr'><strong>beatum</strong></span> <span class='ocrx_word' id='word_1_421' title='bbox 933 3205 1315 3270; x_wconf 84' lang='lat' dir='ltr'><strong>reddiderunt,</strong></span> <span class='ocrx_word' id='word_1_422' title='bbox 1362 3211 1421 3258; x_wconf 95' lang='lat' dir='ltr'><strong>ut</strong></span> <span class='ocrx_word' id='word_1_423' title='bbox 1449 3212 1598 3258; x_wconf 90' lang='lat' dir='ltr'><strong>tuam</strong></span> <span class='ocrx_word' id='word_1_424' title='bbox 1631 3203 1797 3258; x_wconf 90' lang='lat' dir='ltr'><strong>vitam</strong></span> <span class='ocrx_word' id='word_1_425' title='bbox 1836 3203 2050 3257; x_wconf 87' lang='lat' dir='ltr'><strong>animus</strong></span> 
     </span>
    </p>
   </div>
   <div class='ocr_carea' id='block_1_56' title="bbox 470 3292 2050 3362">
    <p class='ocr_par' dir='ltr' id='par_1_56' title="bbox 470 3292 2050 3362">
     <span class='ocr_line' id='line_1_56' title="bbox 470 3292 2050 3362; baseline -0.004 -12"><span class='ocrx_word' id='word_1_426' title='bbox 470 3299 575 3352; x_wconf 83' lang='lat' dir='ltr'><strong>iste</strong></span> <span class='ocrx_word' id='word_1_427' title='bbox 604 3295 966 3351; x_wconf 89' lang='lat' dir='ltr'><strong>materialium</strong></span> <span class='ocrx_word' id='word_1_428' title='bbox 1000 3293 1321 3350; x_wconf 86' lang='lat' dir='ltr'><strong>facultatum</strong></span> <span class='ocrx_word' id='word_1_429' title='bbox 1356 3302 1410 3350; x_wconf 90' lang='lat' dir='ltr'><strong>et</strong></span> <span class='ocrx_word' id='word_1_430' title='bbox 1440 3292 1848 3348; x_wconf 89' lang='lat' dir='ltr'><strong>mundanarum</strong></span> <span class='ocrx_word' id='word_1_431' title='bbox 1884 3305 2050 3362; x_wconf 90' lang='lat' dir='ltr'><strong>opum</strong></span> 
     </span>
    </p>
   </div>
   <div class='ocr_carea' id='block_1_57' title="bbox 467 3388 2050 3461">
    <p class='ocr_par' dir='ltr' id='par_1_57' title="bbox 467 3388 2050 3461">
     <span class='ocr_line' id='line_1_57' title="bbox 467 3388 2050 3461; baseline -0.001 -16"><span class='ocrx_word' id='word_1_432' title='bbox 467 3392 852 3460; x_wconf 82' lang='lat' dir='ltr'><strong>contemptor?</strong></span> <span class='ocrx_word' id='word_1_433' title='bbox 899 3391 972 3446; x_wconf 90' lang='lat' dir='ltr'><strong>Ut</strong></span> <span class='ocrx_word' id='word_1_434' title='bbox 1021 3391 1166 3445; x_wconf 88' lang='lat' dir='ltr'><strong>enim</strong></span> <span class='ocrx_word' id='word_1_435' title='bbox 1217 3391 1296 3445; x_wconf 91' lang='lat' dir='ltr'><strong>illi</strong></span> <span class='ocrx_word' id='word_1_436' title='bbox 1330 3390 1423 3461; x_wconf 91' lang='lat' dir='ltr'><strong>qui</strong></span> <span class='ocrx_word' id='word_1_437' title='bbox 1465 3404 1495 3444; x_wconf 91' lang='lat' dir='ltr'><strong>a</strong></span> <span class='ocrx_word' id='word_1_438' title='bbox 1550 3389 1698 3444; x_wconf 81' lang='lat' dir='ltr'><strong>ferro</strong></span> <span class='ocrx_word' id='word_1_439' title='bbox 1742 3388 2050 3460; x_wconf 86' lang='lat' dir='ltr'><strong>rubiginem</strong></span> 
     </span>
    </p>
   </div>
   <div class='ocr_carea' id='block_1_58' title="bbox 471 3479 2048 3554">
    <p class='ocr_par' dir='ltr' id='par_1_58' title="bbox 471 3479 2048 3554">
     <span class='ocr_line' id='line_1_58' title="bbox 471 3479 2048 3554; baseline -0.001 -18"><span class='ocrx_word' id='word_1_440' title='bbox 471 3483 800 3554; x_wconf 88' lang='lat' dir='ltr'><strong>abstergunt</strong></span> <span class='ocrx_word' id='word_1_441' title='bbox 831 3491 886 3538; x_wconf 85' lang='lat' dir='ltr'><strong>et</strong></span> <span class='ocrx_word' id='word_1_442' title='bbox 936 3482 1233 3550; x_wconf 87' lang='lat' dir='ltr'><strong>abradunt,</strong></span> <span class='ocrx_word' id='word_1_443' title='bbox 1283 3482 1627 3552; x_wconf 87' lang='lat' dir='ltr'><strong>splendidum</strong></span> <span class='ocrx_word' id='word_1_444' title='bbox 1671 3481 1723 3535; x_wconf 91' lang='lat' dir='ltr'><strong>id</strong></span> <span class='ocrx_word' id='word_1_445' title='bbox 1754 3489 1808 3536; x_wconf 91' lang='lat' dir='ltr'><strong>et</strong></span> <span class='ocrx_word' id='word_1_446' title='bbox 1849 3479 1918 3535; x_wconf 86' lang='lat' dir='ltr'><strong>ad</strong></span> <span class='ocrx_word' id='word_1_447' title='bbox 1959 3495 2048 3534; x_wconf 84' lang='lat' dir='ltr'><strong>ar-</strong></span> 
     </span>
    </p>
   </div>
   <div class='ocr_carea' id='block_1_59' title="bbox 468 3571 2050 3649">
    <p class='ocr_par' dir='ltr' id='par_1_59' title="bbox 468 3571 2050 3649">
     <span class='ocr_line' id='line_1_59' title="bbox 468 3571 2050 3649; baseline -0.005 -17"><span class='ocrx_word' id='word_1_448' title='bbox 468 3576 619 3649; x_wconf 74' lang='lat' dir='ltr'><strong>genti</strong></span> <span class='ocrx_word' id='word_1_449' title='bbox 673 3576 844 3632; x_wconf 90' lang='lat' dir='ltr'><strong>decus</strong></span> <span class='ocrx_word' id='word_1_450' title='bbox 891 3573 1162 3630; x_wconf 87' lang='lat' dir='ltr'><strong>accedens</strong></span> <span class='ocrx_word' id='word_1_451' title='bbox 1202 3572 1465 3638; x_wconf 85' lang='lat' dir='ltr'><strong>alIiciunt,</strong></span> <span class='ocrx_word' id='word_1_452' title='bbox 1522 3574 1597 3628; x_wconf 88' lang='lat' dir='ltr'><strong>ita</strong></span> <span class='ocrx_word' id='word_1_453' title='bbox 1645 3573 1744 3628; x_wconf 90' lang='lat' dir='ltr'><strong>tibi</strong></span> <span class='ocrx_word' id='word_1_454' title='bbox 1795 3571 1917 3626; x_wconf 73' lang='lat' dir='ltr'><strong>vita:</strong></span> <span class='ocrx_word' id='word_1_455' title='bbox 1961 3585 2050 3625; x_wconf 89' lang='lat' dir='ltr'><strong>ra-</strong></span> 
     </span>
    </p>
   </div>
   <div class='ocr_carea' id='block_1_60' title="bbox 467 3664 2050 3739">
    <p class='ocr_par' dir='ltr' id='par_1_60' title="bbox 467 3664 2050 3739">
     <span class='ocr_line' id='line_1_60' title="bbox 467 3664 2050 3739; baseline -0.004 -15"><span class='ocrx_word' id='word_1_456' title='bbox 467 3669 614 3735; x_wconf 89' lang='lat' dir='ltr'><strong>dltts,</strong></span> <span class='ocrx_word' id='word_1_457' title='bbox 647 3669 777 3724; x_wconf 92' lang='lat' dir='ltr'><strong>dum</strong></span> <span class='ocrx_word' id='word_1_458' title='bbox 811 3683 1031 3739; x_wconf 87' lang='lat' dir='ltr'><strong>semper</strong></span> <span class='ocrx_word' id='word_1_459' title='bbox 1067 3681 1100 3722; x_wconf 86' lang='lat' dir='ltr'><strong>a</strong></span> <span class='ocrx_word' id='word_1_460' title='bbox 1135 3667 1388 3737; x_wconf 88' lang='lat' dir='ltr'><strong>rubigine</strong></span> <span class='ocrx_word' id='word_1_461' title='bbox 1426 3666 1785 3736; x_wconf 89' lang='lat' dir='ltr'><strong>pecuniarum</strong></span> <span class='ocrx_word' id='word_1_462' title='bbox 1818 3664 2050 3734; x_wconf 83' lang='lat' dir='ltr'><strong>diligen-</strong></span> 
     </span>
    </p>
   </div>
   <div class='ocr_carea' id='block_1_61' title="bbox 469 3756 2050 3831">
    <p class='ocr_par' dir='ltr' id='par_1_61' title="bbox 469 3756 2050 3831">
     <span class='ocr_line' id='line_1_61' title="bbox 469 3756 2050 3831; baseline -0.003 -17"><span class='ocrx_word' id='word_1_463' title='bbox 469 3768 554 3816; x_wconf 88' lang='lat' dir='ltr'><strong>ter</strong></span> <span class='ocrx_word' id='word_1_464' title='bbox 589 3769 948 3831; x_wconf 76' lang='lat' dir='ltr'><strong>expurgatur,</strong></span> <span class='ocrx_word' id='word_1_465' title='bbox 997 3759 1204 3814; x_wconf 86' lang='lat' dir='ltr'><strong>clarior</strong></span> <span class='ocrx_word' id='word_1_466' title='bbox 1255 3758 1452 3814; x_wconf 85' lang='lat' dir='ltr'><strong>evasit.</strong></span> <span class='ocrx_word' id='word_1_467' title='bbox 1515 3756 1640 3812; x_wconf 72' lang='lat' dir='ltr'><strong>Iizcc</strong></span> <span class='ocrx_word' id='word_1_468' title='bbox 1667 3771 1886 3829; x_wconf 89' lang='lat' dir='ltr'><strong>quoque</strong></span> <span class='ocrx_word' id='word_1_469' title='bbox 1933 3756 2050 3811; x_wconf 74' lang='lat' dir='ltr'><strong>elo~</strong></span> 
     </span>
    </p>
   </div>
   <div class='ocr_carea' id='block_1_62' title="bbox 470 3847 2046 3924">
    <p class='ocr_par' dir='ltr' id='par_1_62' title="bbox 470 3847 2046 3924">
     <span class='ocr_line' id='line_1_62' title="bbox 470 3847 2046 3924; baseline -0.004 -17"><span class='ocrx_word' id='word_1_470' title='bbox 470 3852 770 3924; x_wconf 87' lang='lat' dir='ltr'><strong>quentibus</strong></span> <span class='ocrx_word' id='word_1_471' title='bbox 801 3866 866 3906; x_wconf 87' lang='lat' dir='ltr'><strong>ac</strong></span> <span class='ocrx_word' id='word_1_472' title='bbox 901 3850 1120 3906; x_wconf 88' lang='lat' dir='ltr'><strong>dicendi</strong></span> <span class='ocrx_word' id='word_1_473' title='bbox 1160 3849 1422 3905; x_wconf 88' lang='lat' dir='ltr'><strong>facultate</strong></span> <span class='ocrx_word' id='word_1_474' title='bbox 1453 3847 1694 3919; x_wconf 65' lang='lat' dir='ltr'><strong>prmditis</strong></span> <span class='ocrx_word' id='word_1_475' title='bbox 1729 3848 2046 3918; x_wconf 88' lang='lat' dir='ltr'><strong>relinquan-</strong></span> 
     </span>
    </p>
   </div>
   <div class='ocr_carea' id='block_1_63' title="bbox 481 3940 2044 4014">
    <p class='ocr_par' dir='ltr' id='par_1_63' title="bbox 481 3940 2044 4014">
     <span class='ocr_line' id='line_1_63' title="bbox 481 3940 2044 4014; baseline -0.002 -15"><span class='ocrx_word' id='word_1_476' title='bbox 481 3954 607 4010; x_wconf 89' lang='lat' dir='ltr'><strong>tur;</strong></span> <span class='ocrx_word' id='word_1_477' title='bbox 658 3952 714 3999; x_wconf 91' lang='lat' dir='ltr'><strong>et</strong></span> <span class='ocrx_word' id='word_1_478' title='bbox 753 3942 898 4014; x_wconf 91' lang='lat' dir='ltr'><strong>quod</strong></span> <span class='ocrx_word' id='word_1_479' title='bbox 933 3942 1160 4014; x_wconf 88' lang='lat' dir='ltr'><strong>pulchre</strong></span> <span class='ocrx_word' id='word_1_480' title='bbox 1211 3942 1401 4008; x_wconf 86' lang='lat' dir='ltr'><strong>calles,</strong></span> <span class='ocrx_word' id='word_1_481' title='bbox 1446 3942 1500 3996; x_wconf 91' lang='lat' dir='ltr'><strong>in</strong></span> <span class='ocrx_word' id='word_1_482' title='bbox 1535 3940 1737 4012; x_wconf 90' lang='lat' dir='ltr'><strong>quibus</strong></span> <span class='ocrx_word' id='word_1_483' title='bbox 1788 3941 1951 3996; x_wconf 89' lang='lat' dir='ltr'><strong>rebus</strong></span> <span class='ocrx_word' id='word_1_484' title='bbox 1979 3955 2044 3996; x_wconf 88' lang='lat' dir='ltr'><strong>ex</strong></span> 
     </span>
    </p>
   </div>
   <div class='ocr_carea' id='block_1_64' title="bbox 470 4033 2046 4106">
    <p class='ocr_par' dir='ltr' id='par_1_64' title="bbox 470 4033 2046 4106">
     <span class='ocr_line' id='line_1_64' title="bbox 470 4033 2046 4106; baseline -0.004 -14"><span class='ocrx_word' id='word_1_485' title='bbox 470 4034 787 4106; x_wconf 88' lang='lat' dir='ltr'><strong>sumptione</strong></span> <span class='ocrx_word' id='word_1_486' title='bbox 842 4043 896 4090; x_wconf 89' lang='lat' dir='ltr'><strong>et</strong></span> <span class='ocrx_word' id='word_1_487' title='bbox 951 4034 1308 4105; x_wconf 88' lang='lat' dir='ltr'><strong>acceptione,</strong></span> <span class='ocrx_word' id='word_1_488' title='bbox 1369 4049 1534 4105; x_wconf 89' lang='lat' dir='ltr'><strong>quam</strong></span> <span class='ocrx_word' id='word_1_489' title='bbox 1583 4049 1651 4088; x_wconf 87' lang='lat' dir='ltr'><strong>ex</strong></span> <span class='ocrx_word' id='word_1_490' title='bbox 1710 4033 2046 4088; x_wconf 83' lang='lat' dir='ltr'><strong>abstinentia</strong></span> 
     </span>
    </p>
   </div>
   <div class='ocr_carea' id='block_1_65' title="bbox 467 4123 2047 4198">
    <p class='ocr_par' dir='ltr' id='par_1_65' title="bbox 467 4123 2047 4198">
     <span class='ocr_line' id='line_1_65' title="bbox 467 4123 2047 4198; baseline -0.002 -16"><span class='ocrx_word' id='word_1_491' title='bbox 467 4126 609 4183; x_wconf 90' lang='lat' dir='ltr'><strong>lucri</strong></span> <span class='ocrx_word' id='word_1_492' title='bbox 656 4128 784 4198; x_wconf 88' lang='lat' dir='ltr'><strong>plus</strong></span> <span class='ocrx_word' id='word_1_493' title='bbox 817 4126 998 4182; x_wconf 90' lang='lat' dir='ltr'><strong>laudis</strong></span> <span class='ocrx_word' id='word_1_494' title='bbox 1046 4140 1112 4182; x_wconf 86' lang='lat' dir='ltr'><strong>ac</strong></span> <span class='ocrx_word' id='word_1_495' title='bbox 1143 4125 1329 4198; x_wconf 71' lang='lat' dir='ltr'><strong>gloriae</strong></span> <span class='ocrx_word' id='word_1_496' title='bbox 1355 4126 1481 4197; x_wconf 89' lang='lat' dir='ltr'><strong>quis</strong></span> <span class='ocrx_word' id='word_1_497' title='bbox 1525 4124 1669 4182; x_wconf 89' lang='lat' dir='ltr'><strong>ferre</strong></span> <span class='ocrx_word' id='word_1_498' title='bbox 1716 4125 1915 4196; x_wconf 91' lang='lat' dir='ltr'><strong>possit.</strong></span> <span class='ocrx_word' id='word_1_499' title='bbox 1955 4123 2047 4179; x_wconf 84' lang='lat' dir='ltr'><strong>Li-</strong></span> 
     </span>
    </p>
   </div>
   <div class='ocr_carea' id='block_1_66' title="bbox 2152 2746 3730 2823">
    <p class='ocr_par' dir='ltr' id='par_1_66' title="bbox 2152 2746 3730 2823">
     <span class='ocr_line' id='line_1_66' title="bbox 2152 2746 3730 2823; baseline -0.001 -18"><span class='ocrx_word' id='word_1_500' title='bbox 2152 2749 2211 2805; x_wconf 85' lang='grc' dir='ltr'>δὲ</span> <span class='ocrx_word' id='word_1_501' title='bbox 2239 2751 2288 2804; x_wconf 83' lang='grc' dir='ltr'><strong>εί</strong></span> <span class='ocrx_word' id='word_1_502' title='bbox 2322 2749 2509 2822; x_wconf 76' lang='grc' dir='ltr'>καὶμὴ</span> <span class='ocrx_word' id='word_1_503' title='bbox 2539 2751 2802 2823; x_wconf 88' lang='grc' dir='ltr'>πρότερον</span> <span class='ocrx_word' id='word_1_504' title='bbox 2827 2746 2916 2822; x_wconf 82' lang='grc' dir='ltr'>ἦν,</span> <span class='ocrx_word' id='word_1_505' title='bbox 2951 2750 3089 2805; x_wconf 89' lang='grc' dir='ltr'><strong>ἀλλά</strong></span> <span class='ocrx_word' id='word_1_506' title='bbox 3118 2751 3211 2804; x_wconf 86' lang='grc' dir='ltr'><strong>νῦν</strong></span> <span class='ocrx_word' id='word_1_507' title='bbox 3231 2750 3316 2805; x_wconf 77' lang='grc' dir='ltr'><strong>διὰ</strong></span> <span class='ocrx_word' id='word_1_508' title='bbox 3344 2752 3402 2805; x_wconf 76' lang='grc' dir='ltr'>σὲ</span> <span class='ocrx_word' id='word_1_509' title='bbox 3428 2749 3519 2805; x_wconf 73' lang='grc' dir='ltr'><strong>καὶ</strong></span> <span class='ocrx_word' id='word_1_510' title='bbox 3547 2752 3730 2814; x_wconf 72' lang='grc' dir='ltr'>πενίας</span> 
     </span>
    </p>
   </div>
   <div class='ocr_carea' id='block_1_67' title="bbox 2153 2841 3720 2916">
    <p class='ocr_par' dir='ltr' id='par_1_67' title="bbox 2153 2841 3720 2916">
     <span class='ocr_line' id='line_1_67' title="bbox 2153 2841 3720 2916; baseline 0 -19"><span class='ocrx_word' id='word_1_511' title='bbox 2153 2841 2378 2915; x_wconf 84' lang='grc' dir='ltr'>ἀνθήσει</span> <span class='ocrx_word' id='word_1_512' title='bbox 2400 2842 2584 2911; x_wconf 82' lang='grc' dir='ltr'>πόθος,</span> <span class='ocrx_word' id='word_1_513' title='bbox 2615 2845 2705 2897; x_wconf 58' lang='grc' dir='ltr'><strong>καὶ</strong></span> <span class='ocrx_word' id='word_1_514' title='bbox 2735 2843 2842 2915; x_wconf 86' lang='grc' dir='ltr'>πρὸ</span> <span class='ocrx_word' id='word_1_515' title='bbox 2865 2843 2976 2898; x_wconf 85' lang='grc' dir='ltr'><strong>τῶν</strong></span> <span class='ocrx_word' id='word_1_516' title='bbox 3004 2843 3422 2902; x_wconf 81' lang='grc' dir='ltr'>πολυταλάντων</span> <span class='ocrx_word' id='word_1_517' title='bbox 3456 2842 3548 2898; x_wconf 89' lang='grc' dir='ltr'><strong>τοῦ</strong></span> <span class='ocrx_word' id='word_1_518' title='bbox 3567 2845 3720 2916; x_wconf 80' lang='grc' dir='ltr'>Κροίο</span> 
     </span>
    </p>
   </div>
   <div class='ocr_carea' id='block_1_68' title="bbox 2153 2932 3730 3005">
    <p class='ocr_par' dir='ltr' id='par_1_68' title="bbox 2153 2932 3730 3005">
     <span class='ocr_line' id='line_1_68' title="bbox 2153 2932 3730 3005; baseline 0.001 -19"><span class='ocrx_word' id='word_1_519' title='bbox 2153 2949 2248 2986; x_wconf 90' lang='grc' dir='ltr'><strong>σου</strong></span> <span class='ocrx_word' id='word_1_520' title='bbox 2277 2932 2534 3002; x_wconf 82' lang='grc' dir='ltr'>πλίνθων,</span> <span class='ocrx_word' id='word_1_521' title='bbox 2568 2933 2602 3004; x_wconf 81' lang='grc' dir='ltr'>ὴ</span> <span class='ocrx_word' id='word_1_522' title='bbox 2649 2933 2716 3004; x_wconf 85' lang='grc' dir='ltr'>σὴ</span> <span class='ocrx_word' id='word_1_523' title='bbox 2746 2932 3038 3005; x_wconf 87' lang='grc' dir='ltr'>πλινθότης</span> <span class='ocrx_word' id='word_1_524' title='bbox 3067 2933 3558 3005; x_wconf 79' lang='grc' dir='ltr'>μακαρισθήσεται.</span> <span class='ocrx_word' id='word_1_525' title='bbox 3595 2934 3730 2987; x_wconf 75' lang='grc' dir='ltr'>Τίνα</span> 
     </span>
    </p>
   </div>
   <div class='ocr_carea' id='block_1_69' title="bbox 2151 3021 3731 3095">
    <p class='ocr_par' dir='ltr' id='par_1_69' title="bbox 2151 3021 3731 3095">
     <span class='ocr_line' id='line_1_69' title="bbox 2151 3021 3731 3095; baseline 0.001 -21"><span class='ocrx_word' id='word_1_526' title='bbox 2151 3021 2260 3094; x_wconf 87' lang='grc' dir='ltr'>γὰρ</span> <span class='ocrx_word' id='word_1_527' title='bbox 2287 3022 2624 3095; x_wconf 76' lang='grc' dir='ltr'>μακαριστὸν</span> <span class='ocrx_word' id='word_1_528' title='bbox 2660 3021 2834 3088; x_wconf 76' lang='grc' dir='ltr'>οὕτως</span> <span class='ocrx_word' id='word_1_529' title='bbox 2861 3022 3108 3089; x_wconf 78' lang='grc' dir='ltr'>ἀπέδειξε</span> <span class='ocrx_word' id='word_1_530' title='bbox 3138 3023 3208 3095; x_wconf 83' lang='grc' dir='ltr'>γῆ</span> <span class='ocrx_word' id='word_1_531' title='bbox 3241 3040 3301 3076; x_wconf 89' lang='grc' dir='ltr'><strong>τε</strong></span> <span class='ocrx_word' id='word_1_532' title='bbox 3338 3022 3434 3076; x_wconf 81' lang='grc' dir='ltr'><strong>καὶ</strong></span> <span class='ocrx_word' id='word_1_533' title='bbox 3466 3022 3731 3086; x_wconf 83' lang='grc' dir='ltr'>θάλασσα,</span> 
     </span>
    </p>
   </div>
   <div class='ocr_carea' id='block_1_70' title="bbox 2150 3114 3733 3188">
    <p class='ocr_par' dir='ltr' id='par_1_70' title="bbox 2150 3114 3733 3188">
     <span class='ocr_line' id='line_1_70' title="bbox 2150 3114 3733 3188; baseline -0.001 -20"><span class='ocrx_word' id='word_1_534' title='bbox 2150 3117 2270 3180; x_wconf 86' lang='grc' dir='ltr'>ταῖς</span> <span class='ocrx_word' id='word_1_535' title='bbox 2305 3115 2462 3181; x_wconf 80' lang='grc' dir='ltr'>ἰδίαις</span> <span class='ocrx_word' id='word_1_536' title='bbox 2495 3115 2731 3187; x_wconf 80' lang='grc' dir='ltr'>ἑκατέρα</span> <span class='ocrx_word' id='word_1_537' title='bbox 2768 3115 3049 3188; x_wconf 87' lang='grc' dir='ltr'>προσόδοις</span> <span class='ocrx_word' id='word_1_538' title='bbox 3091 3114 3431 3186; x_wconf 80' lang='grc' dir='ltr'>δεξιουμένη,</span> <span class='ocrx_word' id='word_1_539' title='bbox 3472 3114 3505 3185; x_wconf 77' lang='grc' dir='ltr'>ἢ</span> <span class='ocrx_word' id='word_1_540' title='bbox 3534 3115 3608 3178; x_wconf 85' lang='grc' dir='ltr'>ὡς</span> <span class='ocrx_word' id='word_1_541' title='bbox 3638 3114 3733 3166; x_wconf 77' lang='grc' dir='ltr'><strong>τὸν</strong></span> 
     </span>
    </p>
   </div>
   <div class='ocr_carea' id='block_1_71' title="bbox 2153 3204 3731 3279">
    <p class='ocr_par' dir='ltr' id='par_1_71' title="bbox 2153 3204 3731 3279">
     <span class='ocr_line' id='line_1_71' title="bbox 2153 3204 3731 3279; baseline -0.001 -19"><span class='ocrx_word' id='word_1_542' title='bbox 2153 3206 2243 3260; x_wconf 85' lang='grc' dir='ltr'><strong>σὺν</strong></span> <span class='ocrx_word' id='word_1_543' title='bbox 2274 3207 2389 3277; x_wconf 84' lang='grc' dir='ltr'>βίον</span> <span class='ocrx_word' id='word_1_544' title='bbox 2420 3209 2454 3279; x_wconf 82' lang='grc' dir='ltr'><strong>ή</strong></span> <span class='ocrx_word' id='word_1_545' title='bbox 2487 3207 2625 3278; x_wconf 78' lang='grc' dir='ltr'>πρὸς</span> <span class='ocrx_word' id='word_1_546' title='bbox 2651 3207 2749 3279; x_wconf 83' lang='grc' dir='ltr'>τὴν</span> <span class='ocrx_word' id='word_1_547' title='bbox 2788 3206 2978 3279; x_wconf 73' lang='grc' dir='ltr'>ύλικὴν</span> <span class='ocrx_word' id='word_1_548' title='bbox 3003 3207 3322 3279; x_wconf 88' lang='grc' dir='ltr'>περιουσίαν</span> <span class='ocrx_word' id='word_1_549' title='bbox 3351 3204 3731 3269; x_wconf 77' lang='grc' dir='ltr'>ἀποδιάθεσιςς</span> 
     </span>
    </p>
   </div>
   <div class='ocr_carea' id='block_1_72' title="bbox 2163 3296 3733 3372">
    <p class='ocr_par' dir='ltr' id='par_1_72' title="bbox 2163 3296 3733 3372">
     <span class='ocr_line' id='line_1_72' title="bbox 2163 3296 3733 3372; baseline -0.003 -20"><span class='ocrx_word' id='word_1_550' title='bbox 2163 3299 2249 3364; x_wconf 75' lang='grc' dir='ltr'>Ὠς</span> <span class='ocrx_word' id='word_1_551' title='bbox 2298 3298 2406 3372; x_wconf 84' lang='grc' dir='ltr'><strong>γάρ</strong></span> <span class='ocrx_word' id='word_1_552' title='bbox 2451 3301 2499 3352; x_wconf 87' lang='grc' dir='ltr'>οἱ</span> <span class='ocrx_word' id='word_1_553' title='bbox 2546 3298 2642 3352; x_wconf 87' lang='grc' dir='ltr'><strong>τοῦ</strong></span> <span class='ocrx_word' id='word_1_554' title='bbox 2689 3299 2908 3372; x_wconf 87' lang='grc' dir='ltr'>σιδήρου</span> <span class='ocrx_word' id='word_1_555' title='bbox 2947 3299 3038 3353; x_wconf 86' lang='grc' dir='ltr'>τὸν</span> <span class='ocrx_word' id='word_1_556' title='bbox 3090 3298 3167 3352; x_wconf 76' lang='grc' dir='ltr'><strong>ἱὸν</strong></span> <span class='ocrx_word' id='word_1_557' title='bbox 3205 3296 3545 3363; x_wconf 82' lang='grc' dir='ltr'>ἀποξέοντες,</span> <span class='ocrx_word' id='word_1_558' title='bbox 3582 3296 3733 3349; x_wconf 80' lang='grc' dir='ltr'><strong>στιλ-⁸</strong></span> 
     </span>
    </p>
   </div>
   <div class='ocr_carea' id='block_1_73' title="bbox 2150 3387 3734 3462">
    <p class='ocr_par' dir='ltr' id='par_1_73' title="bbox 2150 3387 3734 3462">
     <span class='ocr_line' id='line_1_73' title="bbox 2150 3387 3734 3462; baseline -0.001 -18"><span class='ocrx_word' id='word_1_559' title='bbox 2150 3389 2282 3444; x_wconf 72' lang='grc' dir='ltr'>πνὸν</span> <span class='ocrx_word' id='word_1_560' title='bbox 2307 3389 2467 3443; x_wconf 80' lang='grc' dir='ltr'>αὐτὸν</span> <span class='ocrx_word' id='word_1_561' title='bbox 2493 3390 2588 3444; x_wconf 74' lang='grc' dir='ltr'><strong>καὶ</strong></span> <span class='ocrx_word' id='word_1_562' title='bbox 2609 3389 2938 3462; x_wconf 79' lang='grc' dir='ltr'>ἀργυροειδῆ</span> <span class='ocrx_word' id='word_1_563' title='bbox 2965 3389 3422 3461; x_wconf 79' lang='grc' dir='ltr'>κατεργάζονται,</span> <span class='ocrx_word' id='word_1_564' title='bbox 3451 3387 3624 3451; x_wconf 78' lang='grc' dir='ltr'>οὕτως</span> <span class='ocrx_word' id='word_1_565' title='bbox 3648 3389 3734 3442; x_wconf 70' lang='grc' dir='ltr'>σοὶ</span> 
     </span>
    </p>
   </div>
   <div class='ocr_carea' id='block_1_74' title="bbox 2151 3481 3729 3555">
    <p class='ocr_par' dir='ltr' id='par_1_74' title="bbox 2151 3481 3729 3555">
     <span class='ocr_line' id='line_1_74' title="bbox 2151 3481 3729 3555; baseline -0.003 -18"><span class='ocrx_word' id='word_1_566' title='bbox 2151 3483 2500 3555; x_wconf 82' lang='grc' dir='ltr'>φανερωτέρα</span> <span class='ocrx_word' id='word_1_567' title='bbox 2532 3483 2754 3552; x_wconf 80' lang='grc' dir='ltr'>γέγονεν</span> <span class='ocrx_word' id='word_1_568' title='bbox 2785 3485 2819 3555; x_wconf 81' lang='grc' dir='ltr'>ἡ</span> <span class='ocrx_word' id='word_1_569' title='bbox 2850 3482 2944 3536; x_wconf 87' lang='grc' dir='ltr'><strong>τοῦ</strong></span> <span class='ocrx_word' id='word_1_570' title='bbox 2975 3481 3092 3553; x_wconf 85' lang='grc' dir='ltr'>βίου</span> <span class='ocrx_word' id='word_1_571' title='bbox 3120 3483 3298 3547; x_wconf 72' lang='grc' dir='ltr'>ἀκτὶς,</span> <span class='ocrx_word' id='word_1_572' title='bbox 3332 3482 3421 3536; x_wconf 84' lang='grc' dir='ltr'>ἀεὶ</span> <span class='ocrx_word' id='word_1_573' title='bbox 3442 3481 3508 3535; x_wconf 75' lang='grc' dir='ltr'><strong>δι’</strong></span> <span class='ocrx_word' id='word_1_574' title='bbox 3537 3482 3729 3552; x_wconf 74' lang='grc' dir='ltr'>ἐπιμε-</span> 
     </span>
    </p>
   </div>
   <div class='ocr_carea' id='block_1_75' title="bbox 2148 3572 3733 3646">
    <p class='ocr_par' dir='ltr' id='par_1_75' title="bbox 2148 3572 3733 3646">
     <span class='ocr_line' id='line_1_75' title="bbox 2148 3572 3733 3646; baseline 0.001 -20"><span class='ocrx_word' id='word_1_575' title='bbox 2148 3572 2295 3637; x_wconf 86' lang='grc' dir='ltr'>λείας</span> <span class='ocrx_word' id='word_1_576' title='bbox 2317 3572 2410 3626; x_wconf 90' lang='grc' dir='ltr'><strong>τοῦ</strong></span> <span class='ocrx_word' id='word_1_577' title='bbox 2442 3573 2520 3626; x_wconf 81' lang='grc' dir='ltr'><strong>ἰοῦ</strong></span> <span class='ocrx_word' id='word_1_578' title='bbox 2544 3573 2651 3628; x_wconf 82' lang='grc' dir='ltr'><strong>τῶν</strong></span> <span class='ocrx_word' id='word_1_579' title='bbox 2680 3575 2976 3646; x_wconf 81' lang='grc' dir='ltr'>χρημάτων</span> <span class='ocrx_word' id='word_1_580' title='bbox 3005 3573 3396 3645; x_wconf 81' lang='grc' dir='ltr'>καθαιρομένη.</span> <span class='ocrx_word' id='word_1_581' title='bbox 3427 3574 3534 3627; x_wconf 73' lang='grc' dir='ltr'>Καὶ</span> <span class='ocrx_word' id='word_1_582' title='bbox 3555 3573 3733 3627; x_wconf 85' lang='grc' dir='ltr'>ταῦτα</span> 
     </span>
    </p>
   </div>
   <div class='ocr_carea' id='block_1_76' title="bbox 2149 3665 3727 3738">
    <p class='ocr_par' dir='ltr' id='par_1_76' title="bbox 2149 3665 3727 3738">
     <span class='ocr_line' id='line_1_76' title="bbox 2149 3665 3727 3738; baseline -0.001 -20"><span class='ocrx_word' id='word_1_583' title='bbox 2149 3665 2428 3738; x_wconf 85' lang='grc' dir='ltr'>παρείσθω</span> <span class='ocrx_word' id='word_1_584' title='bbox 2451 3668 2564 3730; x_wconf 88' lang='grc' dir='ltr'>τοῖς</span> <span class='ocrx_word' id='word_1_585' title='bbox 2588 3667 2760 3719; x_wconf 80' lang='grc' dir='ltr'>εἰπεῖν</span> <span class='ocrx_word' id='word_1_586' title='bbox 2792 3666 3130 3738; x_wconf 79' lang='grc' dir='ltr'>δυναμένοις,</span> <span class='ocrx_word' id='word_1_587' title='bbox 3157 3667 3252 3720; x_wconf 77' lang='grc' dir='ltr'><strong>καὶ</strong></span> <span class='ocrx_word' id='word_1_588' title='bbox 3283 3667 3364 3720; x_wconf 80' lang='grc' dir='ltr'>ὅτι</span> <span class='ocrx_word' id='word_1_589' title='bbox 3400 3665 3577 3730; x_wconf 79' lang='grc' dir='ltr'>καλῶς</span> <span class='ocrx_word' id='word_1_590' title='bbox 3599 3666 3727 3718; x_wconf 80' lang='grc' dir='ltr'>ὲπῐ-</span> 
     </span>
    </p>
   </div>
   <div class='ocr_carea' id='block_1_77' title="bbox 2150 3754 3732 3831">
    <p class='ocr_par' dir='ltr' id='par_1_77' title="bbox 2150 3754 3732 3831">
     <span class='ocr_line' id='line_1_77' title="bbox 2150 3754 3732 3831; baseline -0.001 -23"><span class='ocrx_word' id='word_1_591' title='bbox 2150 3771 2344 3808; x_wconf 82' lang='grc' dir='ltr'>στασαι</span> <span class='ocrx_word' id='word_1_592' title='bbox 2375 3754 2433 3807; x_wconf 81' lang='grc' dir='ltr'>ἐν</span> <span class='ocrx_word' id='word_1_593' title='bbox 2469 3755 2610 3808; x_wconf 85' lang='grc' dir='ltr'>τίσιν</span> <span class='ocrx_word' id='word_1_594' title='bbox 2633 3755 2748 3808; x_wconf 79' lang='grc' dir='ltr'>ἐστὶ</span> <span class='ocrx_word' id='word_1_595' title='bbox 2786 3755 2844 3808; x_wconf 86' lang='grc' dir='ltr'>τὸ</span> <span class='ocrx_word' id='word_1_596' title='bbox 2870 3755 3051 3810; x_wconf 89' lang='grc' dir='ltr'>λαϐεῖν</span> <span class='ocrx_word' id='word_1_597' title='bbox 3089 3755 3184 3809; x_wconf 88' lang='grc' dir='ltr'><strong>τοῦ</strong></span> <span class='ocrx_word' id='word_1_598' title='bbox 3221 3755 3554 3831; x_wconf 79' lang='grc' dir='ltr'>καθαρεῦσαι</span> <span class='ocrx_word' id='word_1_599' title='bbox 3585 3755 3732 3826; x_wconf 73' lang='grc' dir='ltr'>λήμε»</span> 
     </span>
    </p>
   </div>
   <div class='ocr_carea' id='block_1_78' title="bbox 2152 3845 3728 3919">
    <p class='ocr_par' dir='ltr' id='par_1_78' title="bbox 2152 3845 3728 3919">
     <span class='ocr_line' id='line_1_78' title="bbox 2152 3845 3728 3919; baseline -0.001 -20"><span class='ocrx_word' id='word_1_600' title='bbox 2152 3863 2322 3917; x_wconf 86' lang='grc' dir='ltr'>ματος</span> <span class='ocrx_word' id='word_1_601' title='bbox 2341 3845 2697 3918; x_wconf 79' lang='grc' dir='ltr'>ἐνδοξότερον.</span> <span class='ocrx_word' id='word_1_602' title='bbox 2745 3845 2843 3910; x_wconf 82' lang='grc' dir='ltr'><strong>Δὸς</strong></span> <span class='ocrx_word' id='word_1_603' title='bbox 2875 3846 2982 3919; x_wconf 89' lang='grc' dir='ltr'><strong>γάρ</strong></span> <span class='ocrx_word' id='word_1_604' title='bbox 3014 3865 3101 3918; x_wconf 90' lang='grc' dir='ltr'><strong>μοι</strong></span> <span class='ocrx_word' id='word_1_605' title='bbox 3134 3847 3273 3918; x_wconf 86' lang='grc' dir='ltr'><strong>μετά</strong></span> <span class='ocrx_word' id='word_1_606' title='bbox 3313 3849 3623 3919; x_wconf 75' lang='grc' dir='ltr'>παρρησίας</span> <span class='ocrx_word' id='word_1_607' title='bbox 3651 3850 3728 3899; x_wconf 80' lang='grc' dir='ltr'>εί-</span> 
     </span>
    </p>
   </div>
   <div class='ocr_carea' id='block_1_79' title="bbox 2149 3938 3728 4012">
    <p class='ocr_par' dir='ltr' id='par_1_79' title="bbox 2149 3938 3728 4012">
     <span class='ocr_line' id='line_1_79' title="bbox 2149 3938 3728 4012; baseline 0 -22"><span class='ocrx_word' id='word_1_608' title='bbox 2149 3941 2291 4001; x_wconf 84' lang='grc' dir='ltr'>πεῖν,</span> <span class='ocrx_word' id='word_1_609' title='bbox 2319 3938 2400 3992; x_wconf 81' lang='grc' dir='ltr'>ὅτι</span> <span class='ocrx_word' id='word_1_610' title='bbox 2431 3939 2492 3990; x_wconf 85' lang='grc' dir='ltr'><strong>ού</strong></span> <span class='ocrx_word' id='word_1_611' title='bbox 2535 3938 2750 3992; x_wconf 82' lang='grc' dir='ltr'>πάντων</span> <span class='ocrx_word' id='word_1_612' title='bbox 2781 3939 3053 4011; x_wconf 80' lang='grc' dir='ltr'>ὑπερορᾷς</span> <span class='ocrx_word' id='word_1_613' title='bbox 3099 3940 3206 3993; x_wconf 84' lang='grc' dir='ltr'><strong>τῶν</strong></span> <span class='ocrx_word' id='word_1_614' title='bbox 3240 3939 3561 4012; x_wconf 79' lang='grc' dir='ltr'>λημμάτων,</span> <span class='ocrx_word' id='word_1_615' title='bbox 3611 3939 3728 3993; x_wconf 76' lang='grc' dir='ltr'>ἀλλ’</span> 
     </span>
    </p>
   </div>
   <div class='ocr_carea' id='block_1_80' title="bbox 2147 4021 3730 4102">
    <p class='ocr_par' dir='ltr' id='par_1_80' title="bbox 2147 4021 3730 4102">
     <span class='ocr_line' id='line_1_80' title="bbox 2147 4021 3730 4102; baseline 0.001 -19"><span class='ocrx_word' id='word_1_616' title='bbox 2147 4021 2221 4083; x_wconf 84' lang='grc' dir='ltr'>ὧν</span> <span class='ocrx_word' id='word_1_617' title='bbox 2247 4027 2399 4083; x_wconf 68' lang='lat' dir='ltr'><strong>obrue</strong></span> <span class='ocrx_word' id='word_1_618' title='bbox 2425 4045 2510 4092; x_wconf 86' lang='grc' dir='ltr'><strong>τις</strong></span> <span class='ocrx_word' id='word_1_619' title='bbox 2555 4028 2793 4098; x_wconf 71' lang='grc' dir='ltr'>ἅψασθαι</span> <span class='ocrx_word' id='word_1_620' title='bbox 2841 4029 2949 4084; x_wconf 87' lang='grc' dir='ltr'><strong>τῶν</strong></span> <span class='ocrx_word' id='word_1_621' title='bbox 2999 4030 3376 4102; x_wconf 78' lang='grc' dir='ltr'>προλαϐόντων</span> <span class='ocrx_word' id='word_1_622' title='bbox 3421 4030 3730 4102; x_wconf 75' lang='grc' dir='ltr'>δεδύνηται,</span> 
     </span>
    </p>
   </div>
   <div class='ocr_carea' id='block_1_81' title="bbox 2151 4114 3733 4194">
    <p class='ocr_par' dir='ltr' id='par_1_81' title="bbox 2151 4114 3733 4194">
     <span class='ocr_line' id='line_1_81' title="bbox 2151 4114 3733 4194; baseline 0.001 -20"><span class='ocrx_word' id='word_1_623' title='bbox 2151 4121 2310 4192; x_wconf 86' lang='grc' dir='ltr'>μόνος</span> <span class='ocrx_word' id='word_1_624' title='bbox 2335 4114 2672 4192; x_wconf 85' lang='grc' dir='ltr'>περιεδράξω</span> <span class='ocrx_word' id='word_1_625' title='bbox 2707 4121 2868 4192; x_wconf 75' lang='grc' dir='ltr'>διπλῇ</span> <span class='ocrx_word' id='word_1_626' title='bbox 2897 4125 2962 4193; x_wconf 79' lang='grc' dir='ltr'><strong>τῇ</strong></span> <span class='ocrx_word' id='word_1_627' title='bbox 2992 4123 3153 4194; x_wconf 77' lang='grc' dir='ltr'>χειρί.</span> <span class='ocrx_word' id='word_1_628' title='bbox 3193 4122 3337 4174; x_wconf 80' lang='grc' dir='ltr'>Ἀντὶ</span> <span class='ocrx_word' id='word_1_629' title='bbox 3364 4121 3472 4190; x_wconf 85' lang='grc' dir='ltr'><strong>γάρ</strong></span> <span class='ocrx_word' id='word_1_630' title='bbox 3493 4121 3733 4192; x_wconf 81' lang='grc' dir='ltr'>ἐσθῆτός</span> 
     </span>
    </p>
   </div>
   <div class='ocr_carea' id='block_1_82' title="bbox 467 4204 2046 4287">
    <p class='ocr_par' dir='ltr' id='par_1_82' title="bbox 467 4215 2043 4287">
     <span class='ocr_line' id='line_1_82' title="bbox 467 4215 2043 4287; baseline -0.004 -11"><span class='ocrx_word' id='word_1_631' title='bbox 467 4228 594 4277; x_wconf 88' lang='lat' dir='ltr'><strong>ceat</strong></span> <span class='ocrx_word' id='word_1_632' title='bbox 636 4221 783 4277; x_wconf 87' lang='lat' dir='ltr'><strong>enim</strong></span> <span class='ocrx_word' id='word_1_633' title='bbox 818 4219 952 4275; x_wconf 87' lang='lat' dir='ltr'><strong>mihi</strong></span> <span class='ocrx_word' id='word_1_634' title='bbox 987 4234 1113 4276; x_wconf 89' lang='lat' dir='ltr'><strong>cum</strong></span> <span class='ocrx_word' id='word_1_635' title='bbox 1153 4219 1299 4276; x_wconf 91' lang='lat' dir='ltr'><strong>bona</strong></span> <span class='ocrx_word' id='word_1_636' title='bbox 1337 4221 1495 4276; x_wconf 86' lang='lat' dir='ltr'><strong>venia</strong></span> <span class='ocrx_word' id='word_1_637' title='bbox 1526 4228 1621 4274; x_wconf 90' lang='lat' dir='ltr'><strong>tua</strong></span> <span class='ocrx_word' id='word_1_638' title='bbox 1662 4219 1868 4285; x_wconf 89' lang='lat' dir='ltr'><strong>dicere,</strong></span> <span class='ocrx_word' id='word_1_639' title='bbox 1895 4215 2043 4287; x_wconf 86' lang='lat' dir='ltr'><strong>quod</strong></span> 
     </span>
    </p>
   </div>
   <div class='ocr_carea' id='block_1_83' title="bbox 2148 4204 3732 4287">
    <p class='ocr_par' dir='ltr' id='par_1_83' title="bbox 2148 4204 3732 4286">
     <span class='ocr_line' id='line_1_83' title="bbox 2148 4204 3732 4286; baseline -0.001 -20"><span class='ocrx_word' id='word_1_640' title='bbox 2148 4204 2291 4276; x_wconf 81' lang='grc' dir='ltr'>τινος</span> <span class='ocrx_word' id='word_1_641' title='bbox 2317 4211 2350 4284; x_wconf 77' lang='grc' dir='ltr'>ἢ</span> <span class='ocrx_word' id='word_1_642' title='bbox 2390 4213 2734 4286; x_wconf 87' lang='grc' dir='ltr'>ἀνδραπόδων</span> <span class='ocrx_word' id='word_1_643' title='bbox 2763 4213 2796 4285; x_wconf 80' lang='grc' dir='ltr'>ἣ</span> <span class='ocrx_word' id='word_1_644' title='bbox 2825 4216 3136 4286; x_wconf 83' lang='grc' dir='ltr'>χρημάτων,</span> <span class='ocrx_word' id='word_1_645' title='bbox 3167 4207 3336 4276; x_wconf 79' lang='grc' dir='ltr'>αὐτὰς</span> <span class='ocrx_word' id='word_1_646' title='bbox 3362 4212 3469 4265; x_wconf 84' lang='grc' dir='ltr'><strong>τῶν</strong></span> <span class='ocrx_word' id='word_1_647' title='bbox 3509 4213 3732 4285; x_wconf 58' lang='grc' dir='ltr'>ἀνθρώδ</span> 
     </span>
    </p>
   </div>
   <div class='ocr_carea' id='block_1_84' title="bbox 467 4309 2043 4383">
    <p class='ocr_par' dir='ltr' id='par_1_84' title="bbox 467 4309 2043 4383">
     <span class='ocr_line' id='line_1_84' title="bbox 467 4309 2043 4383; baseline -0.003 -15"><span class='ocrx_word' id='word_1_648' title='bbox 467 4323 578 4368; x_wconf 87' lang='lat' dir='ltr'><strong>non</strong></span> <span class='ocrx_word' id='word_1_649' title='bbox 608 4313 794 4368; x_wconf 89' lang='lat' dir='ltr'><strong>omnia</strong></span> <span class='ocrx_word' id='word_1_650' title='bbox 821 4314 975 4368; x_wconf 90' lang='lat' dir='ltr'><strong>lucra</strong></span> <span class='ocrx_word' id='word_1_651' title='bbox 1002 4312 1241 4383; x_wconf 85' lang='lat' dir='ltr'><strong>despicis</strong></span> <span class='ocrx_word' id='word_1_652' title='bbox 1265 4321 1428 4382; x_wconf 88' lang='lat' dir='ltr'><strong>atque</strong></span> <span class='ocrx_word' id='word_1_653' title='bbox 1450 4311 1780 4377; x_wconf 87' lang='lat' dir='ltr'><strong>contemnis,</strong></span> <span class='ocrx_word' id='word_1_654' title='bbox 1800 4309 1894 4366; x_wconf 88' lang='lat' dir='ltr'><strong>sed</strong></span> <span class='ocrx_word' id='word_1_655' title='bbox 1922 4325 2043 4380; x_wconf 83' lang='lat' dir='ltr'><strong>quae</strong></span> 
     </span>
    </p>
   </div>
   <div class='ocr_carea' id='block_1_85' title="bbox 466 4402 2042 4476">
    <p class='ocr_par' dir='ltr' id='par_1_85' title="bbox 466 4402 2042 4476">
     <span class='ocr_line' id='line_1_85' title="bbox 466 4402 2042 4476; baseline -0.001 -18"><span class='ocrx_word' id='word_1_656' title='bbox 466 4411 629 4461; x_wconf 82' lang='lat' dir='ltr'><strong>nemo</strong></span> <span class='ocrx_word' id='word_1_657' title='bbox 679 4405 1031 4476; x_wconf 90' lang='lat' dir='ltr'><strong>superiorum</strong></span> <span class='ocrx_word' id='word_1_658' title='bbox 1064 4402 1245 4458; x_wconf 89' lang='lat' dir='ltr'><strong>adhuc</strong></span> <span class='ocrx_word' id='word_1_659' title='bbox 1291 4405 1560 4476; x_wconf 88' lang='lat' dir='ltr'><strong>attingere</strong></span> <span class='ocrx_word' id='word_1_660' title='bbox 1600 4411 1657 4458; x_wconf 91' lang='lat' dir='ltr'><strong>et</strong></span> <span class='ocrx_word' id='word_1_661' title='bbox 1699 4402 1919 4474; x_wconf 88' lang='lat' dir='ltr'><strong>assequi</strong></span> <span class='ocrx_word' id='word_1_662' title='bbox 1948 4417 2042 4472; x_wconf 86' lang='lat' dir='ltr'><strong>po-</strong></span> 
     </span>
    </p>
   </div>
   <div class='ocr_carea' id='block_1_86' title="bbox 465 4494 2042 4565">
    <p class='ocr_par' dir='ltr' id='par_1_86' title="bbox 465 4494 2042 4565">
     <span class='ocr_line' id='line_1_86' title="bbox 465 4494 2042 4565; baseline 0 -16"><span class='ocrx_word' id='word_1_663' title='bbox 465 4494 591 4562; x_wconf 84' lang='lat' dir='ltr'><strong>tuit,</strong></span> <span class='ocrx_word' id='word_1_664' title='bbox 622 4510 685 4551; x_wconf 91' lang='lat' dir='ltr'><strong>ea</strong></span> <span class='ocrx_word' id='word_1_665' title='bbox 719 4495 989 4550; x_wconf 88' lang='lat' dir='ltr'><strong>ambabus</strong></span> <span class='ocrx_word' id='word_1_666' title='bbox 1011 4496 1270 4551; x_wconf 88' lang='lat' dir='ltr'><strong>manibus</strong></span> <span class='ocrx_word' id='word_1_667' title='bbox 1299 4497 1452 4552; x_wconf 89' lang='lat' dir='ltr'><strong>solus</strong></span> <span class='ocrx_word' id='word_1_668' title='bbox 1480 4497 1798 4565; x_wconf 85' lang='lat' dir='ltr'><strong>complexus</strong></span> <span class='ocrx_word' id='word_1_669' title='bbox 1824 4510 1904 4550; x_wconf 87' lang='lat' dir='ltr'><strong>es.</strong></span> <span class='ocrx_word' id='word_1_670' title='bbox 1935 4495 2042 4549; x_wconf 88' lang='lat' dir='ltr'><strong>Pro</strong></span> 
     </span>
    </p>
   </div>
   <div class='ocr_carea' id='block_1_87' title="bbox 465 4586 2040 4660">
    <p class='ocr_par' dir='ltr' id='par_1_87' title="bbox 465 4586 2040 4660">
     <span class='ocr_line' id='line_1_87' title="bbox 465 4586 2040 4660; baseline 0 -19"><span class='ocrx_word' id='word_1_671' title='bbox 465 4597 617 4645; x_wconf 86' lang='lat' dir='ltr'><strong>veste</strong></span> <span class='ocrx_word' id='word_1_672' title='bbox 666 4589 816 4644; x_wconf 89' lang='lat' dir='ltr'><strong>enim</strong></span> <span class='ocrx_word' id='word_1_673' title='bbox 865 4588 1050 4659; x_wconf 82' lang='lat' dir='ltr'><strong>aliqua</strong></span> <span class='ocrx_word' id='word_1_674' title='bbox 1103 4588 1371 4660; x_wconf 84' lang='lat' dir='ltr'><strong>pretiosa,</strong></span> <span class='ocrx_word' id='word_1_675' title='bbox 1426 4601 1527 4657; x_wconf 89' lang='lat' dir='ltr'><strong>pro</strong></span> <span class='ocrx_word' id='word_1_676' title='bbox 1575 4586 1886 4656; x_wconf 87' lang='lat' dir='ltr'><strong>mancipiis,</strong></span> <span class='ocrx_word' id='word_1_677' title='bbox 1939 4600 2040 4657; x_wconf 90' lang='lat' dir='ltr'><strong>pro</strong></span> 
     </span>
    </p>
   </div>
   <div class='ocr_carea' id='block_1_88' title="bbox 464 4677 2041 4748">
    <p class='ocr_par' dir='ltr' id='par_1_88' title="bbox 464 4677 2041 4748">
     <span class='ocr_line' id='line_1_88' title="bbox 464 4677 2041 4748; baseline 0.001 -15"><span class='ocrx_word' id='word_1_678' title='bbox 464 4678 717 4747; x_wconf 82' lang='lat' dir='ltr'><strong>pecuniis</strong></span> <span class='ocrx_word' id='word_1_679' title='bbox 764 4677 915 4748; x_wconf 86' lang='lat' dir='ltr'><strong>ipsas</strong></span> <span class='ocrx_word' id='word_1_680' title='bbox 955 4677 1239 4733; x_wconf 87' lang='lat' dir='ltr'><strong>hominum</strong></span> <span class='ocrx_word' id='word_1_681' title='bbox 1280 4679 1492 4734; x_wconf 89' lang='lat' dir='ltr'><strong>animas</strong></span> <span class='ocrx_word' id='word_1_682' title='bbox 1536 4687 1746 4747; x_wconf 87' lang='lat' dir='ltr'><strong>captas,</strong></span> <span class='ocrx_word' id='word_1_683' title='bbox 1794 4687 1848 4733; x_wconf 92' lang='lat' dir='ltr'><strong>et</strong></span> <span class='ocrx_word' id='word_1_684' title='bbox 1882 4679 1935 4732; x_wconf 94' lang='lat' dir='ltr'><strong>in</strong></span> <span class='ocrx_word' id='word_1_685' title='bbox 1963 4678 2041 4734; x_wconf 87' lang='lat' dir='ltr'><strong>di-</strong></span> 
     </span>
    </p>
   </div>
   <div class='ocr_carea' id='block_1_89' title="bbox 463 4763 2038 4838">
    <p class='ocr_par' dir='ltr' id='par_1_89' title="bbox 463 4763 2038 4838">
     <span class='ocr_line' id='line_1_89' title="bbox 463 4763 2038 4838; baseline 0.001 -18"><span class='ocrx_word' id='word_1_686' title='bbox 463 4763 716 4822; x_wconf 74' lang='lat' dir='ltr'><strong>lectionis</strong></span> <span class='ocrx_word' id='word_1_687' title='bbox 748 4767 1008 4823; x_wconf 84' lang='lat' dir='ltr'><strong>thesauro</strong></span> <span class='ocrx_word' id='word_1_688' title='bbox 1047 4765 1327 4838; x_wconf 90' lang='lat' dir='ltr'><strong>depositas</strong></span> <span class='ocrx_word' id='word_1_689' title='bbox 1358 4775 1528 4820; x_wconf 89' lang='lat' dir='ltr'><strong>tcnes.</strong></span> <span class='ocrx_word' id='word_1_690' title='bbox 1581 4764 1708 4820; x_wconf 71' lang='lat' dir='ltr'><strong>llaec</strong></span> <span class='ocrx_word' id='word_1_691' title='bbox 1741 4765 2038 4834; x_wconf 88' lang='lat' dir='ltr'><strong>scriptores</strong></span> 
     </span>
    </p>
   </div>
   <div class='ocr_carea' id='block_1_90' title="bbox 461 4857 2036 4931">
    <p class='ocr_par' dir='ltr' id='par_1_90' title="bbox 461 4857 2036 4931">
     <span class='ocr_line' id='line_1_90' title="bbox 461 4857 2036 4931; baseline -0.002 -18"><span class='ocrx_word' id='word_1_692' title='bbox 461 4866 518 4913; x_wconf 88' lang='lat' dir='ltr'><strong>ct</strong></span> <span class='ocrx_word' id='word_1_693' title='bbox 578 4867 848 4926; x_wconf 87' lang='lat' dir='ltr'><strong>oratores,</strong></span> <span class='ocrx_word' id='word_1_694' title='bbox 903 4860 1106 4931; x_wconf 87' lang='lat' dir='ltr'><strong>quibus</strong></span> <span class='ocrx_word' id='word_1_695' title='bbox 1159 4858 1474 4928; x_wconf 89' lang='lat' dir='ltr'><strong>bujusmodi</strong></span> <span class='ocrx_word' id='word_1_696' title='bbox 1527 4871 1617 4912; x_wconf 90' lang='lat' dir='ltr'><strong>res</strong></span> <span class='ocrx_word' id='word_1_697' title='bbox 1667 4857 1889 4926; x_wconf 87' lang='lat' dir='ltr'><strong>pulchre</strong></span> <span class='ocrx_word' id='word_1_698' title='bbox 1941 4858 2036 4910; x_wconf 84' lang='lat' dir='ltr'><strong>de-</strong></span> 
     </span>
    </p>
   </div>
   <div class='ocr_carea' id='block_1_91' title="bbox 461 4948 2034 5018">
    <p class='ocr_par' dir='ltr' id='par_1_91' title="bbox 461 4948 2034 5018">
     <span class='ocr_line' id='line_1_91' title="bbox 461 4948 2034 5018; baseline -0.004 -13"><span class='ocrx_word' id='word_1_699' title='bbox 461 4948 706 5005; x_wconf 84' lang='lat' dir='ltr'><strong>scribere</strong></span> <span class='ocrx_word' id='word_1_700' title='bbox 748 4958 1075 5006; x_wconf 87' lang='lat' dir='ltr'><strong>ornamcnto</strong></span> <span class='ocrx_word' id='word_1_701' title='bbox 1117 4957 1224 5014; x_wconf 86' lang='lat' dir='ltr'><strong>est,</strong></span> <span class='ocrx_word' id='word_1_702' title='bbox 1269 4959 1577 5018; x_wconf 79' lang='lat' dir='ltr'><strong>exponant;</strong></span> <span class='ocrx_word' id='word_1_703' title='bbox 1621 4959 1808 5002; x_wconf 87' lang='lat' dir='ltr'><strong>nostra</strong></span> <span class='ocrx_word' id='word_1_704' title='bbox 1853 4952 2034 5001; x_wconf 85' lang='lat' dir='ltr'><strong>autem</strong></span> 
     </span>
    </p>
   </div>
   <div class='ocr_carea' id='block_1_92' title="bbox 460 5039 2036 5102">
    <p class='ocr_par' dir='ltr' id='par_1_92' title="bbox 460 5039 2036 5102">
     <span class='ocr_line' id='line_1_92' title="bbox 460 5039 2036 5102; baseline -0.003 -6"><span class='ocrx_word' id='word_1_705' title='bbox 460 5042 650 5097; x_wconf 89' lang='lat' dir='ltr'><strong>senilis</strong></span> <span class='ocrx_word' id='word_1_706' title='bbox 693 5041 872 5096; x_wconf 84' lang='lat' dir='ltr'><strong>oratio</strong></span> <span class='ocrx_word' id='word_1_707' title='bbox 911 5050 1121 5097; x_wconf 85' lang='lat' dir='ltr'><strong>tantum</strong></span> <span class='ocrx_word' id='word_1_708' title='bbox 1175 5057 1302 5099; x_wconf 88' lang='lat' dir='ltr'><strong>sese</strong></span> <span class='ocrx_word' id='word_1_709' title='bbox 1354 5048 1570 5097; x_wconf 88' lang='lat' dir='ltr'><strong>moveat</strong></span> <span class='ocrx_word' id='word_1_710' title='bbox 1617 5048 1672 5096; x_wconf 88' lang='lat' dir='ltr'><strong>et</strong></span> <span class='ocrx_word' id='word_1_711' title='bbox 1711 5039 1933 5102; x_wconf 82' lang='lat' dir='ltr'><strong>excitet,</strong></span> <span class='ocrx_word' id='word_1_712' title='bbox 1976 5045 2036 5092; x_wconf 92' lang='lat' dir='ltr'><strong>ut</strong></span> 
     </span>
    </p>
   </div>
   <div class='ocr_carea' id='block_1_93' title="bbox 460 5131 2035 5205">
    <p class='ocr_par' dir='ltr' id='par_1_93' title="bbox 460 5131 2035 5205">
     <span class='ocr_line' id='line_1_93' title="bbox 460 5131 2035 5205; baseline -0.001 -20"><span class='ocrx_word' id='word_1_713' title='bbox 460 5135 790 5205; x_wconf 83' lang='lat' dir='ltr'><strong>pedetentim</strong></span> <span class='ocrx_word' id='word_1_714' title='bbox 832 5144 1198 5204; x_wconf 84' lang='lat' dir='ltr'><strong>persequatur</strong></span> <span class='ocrx_word' id='word_1_715' title='bbox 1224 5149 1254 5187; x_wconf 87' lang='lat' dir='ltr'><strong>a</strong></span> <span class='ocrx_word' id='word_1_716' title='bbox 1290 5143 1384 5188; x_wconf 89' lang='lat' dir='ltr'><strong>tua</strong></span> <span class='ocrx_word' id='word_1_717' title='bbox 1419 5132 1687 5203; x_wconf 84' lang='lat' dir='ltr'><strong>sapientia</strong></span> <span class='ocrx_word' id='word_1_718' title='bbox 1719 5131 1879 5186; x_wconf 89' lang='lat' dir='ltr'><strong>nobis</strong></span> <span class='ocrx_word' id='word_1_719' title='bbox 1908 5144 2035 5199; x_wconf 87' lang='lat' dir='ltr'><strong>pro-</strong></span> 
     </span>
    </p>
   </div>
   <div class='ocr_carea' id='block_1_94' title="bbox 459 5220 2034 5296">
    <p class='ocr_par' dir='ltr' id='par_1_94' title="bbox 459 5220 2034 5296">
     <span class='ocr_line' id='line_1_94' title="bbox 459 5220 2034 5296; baseline -0.004 -16"><span class='ocrx_word' id='word_1_720' title='bbox 459 5225 693 5294; x_wconf 88' lang='lat' dir='ltr'><strong>positam</strong></span> <span class='ocrx_word' id='word_1_721' title='bbox 730 5227 1113 5296; x_wconf 73' lang='lat' dir='ltr'><strong>quaestionem,</strong></span> <span class='ocrx_word' id='word_1_722' title='bbox 1150 5240 1345 5294; x_wconf 90' lang='lat' dir='ltr'><strong>nempe</strong></span> <span class='ocrx_word' id='word_1_723' title='bbox 1371 5223 1501 5293; x_wconf 88' lang='lat' dir='ltr'><strong>quid</strong></span> <span class='ocrx_word' id='word_1_724' title='bbox 1532 5232 1773 5279; x_wconf 83' lang='lat' dir='ltr'><strong>statuere</strong></span> <span class='ocrx_word' id='word_1_725' title='bbox 1805 5228 1860 5277; x_wconf 90' lang='lat' dir='ltr'><strong>et</strong></span> <span class='ocrx_word' id='word_1_726' title='bbox 1882 5220 2034 5290; x_wconf 78' lang='lat' dir='ltr'><strong>judi-</strong></span> 
     </span>
    </p>
   </div>
   <div class='ocr_carea' id='block_1_95' title="bbox 454 5315 2028 5388">
    <p class='ocr_par' dir='ltr' id='par_1_95' title="bbox 454 5315 2028 5388">
     <span class='ocr_line' id='line_1_95' title="bbox 454 5315 2028 5388; baseline 0 -20"><span class='ocrx_word' id='word_1_727' title='bbox 454 5332 583 5372; x_wconf 78' lang='lat' dir='ltr'><strong>care</strong></span> <span class='ocrx_word' id='word_1_728' title='bbox 615 5325 864 5388; x_wconf 81' lang='lat' dir='ltr'><strong>Oporteat</strong></span> <span class='ocrx_word' id='word_1_729' title='bbox 895 5317 962 5372; x_wconf 89' lang='lat' dir='ltr'><strong>de</strong></span> <span class='ocrx_word' id='word_1_730' title='bbox 994 5316 1062 5372; x_wconf 89' lang='lat' dir='ltr'><strong>iis</strong></span> <span class='ocrx_word' id='word_1_731' title='bbox 1093 5318 1185 5388; x_wconf 89' lang='lat' dir='ltr'><strong>qui</strong></span> <span class='ocrx_word' id='word_1_732' title='bbox 1218 5324 1540 5387; x_wconf 80' lang='lat' dir='ltr'><strong>pra-mature</strong></span> <span class='ocrx_word' id='word_1_733' title='bbox 1571 5316 1940 5385; x_wconf 85' lang='lat' dir='ltr'><strong>abripiuntur,</strong></span> <span class='ocrx_word' id='word_1_734' title='bbox 1975 5315 2028 5368; x_wconf 90' lang='lat' dir='ltr'><strong>in</strong></span> 
     </span>
    </p>
   </div>
   <div class='ocr_carea' id='block_1_96' title="bbox 457 5406 2028 5479">
    <p class='ocr_par' dir='ltr' id='par_1_96' title="bbox 457 5406 2028 5479">
     <span class='ocr_line' id='line_1_96' title="bbox 457 5406 2028 5479; baseline -0.001 -19"><span class='ocrx_word' id='word_1_735' title='bbox 457 5407 656 5475; x_wconf 86' lang='lat' dir='ltr'><strong>quibus</strong></span> <span class='ocrx_word' id='word_1_736' title='bbox 703 5408 965 5463; x_wconf 87' lang='lat' dir='ltr'><strong>nativitas</strong></span> <span class='ocrx_word' id='word_1_737' title='bbox 1011 5408 1173 5463; x_wconf 91' lang='lat' dir='ltr'><strong>morti</strong></span> <span class='ocrx_word' id='word_1_738' title='bbox 1225 5407 1617 5479; x_wconf 74' lang='lat' dir='ltr'><strong>propemodum</strong></span> <span class='ocrx_word' id='word_1_739' title='bbox 1653 5406 2028 5476; x_wconf 86' lang='lat' dir='ltr'><strong>conjungitur.</strong></span> 
     </span>
    </p>
   </div>
   <div class='ocr_carea' id='block_1_97' title="bbox 457 5495 2027 5570">
    <p class='ocr_par' dir='ltr' id='par_1_97' title="bbox 457 5495 2027 5570">
     <span class='ocr_line' id='line_1_97' title="bbox 457 5495 2027 5570; baseline 0.003 -22"><span class='ocrx_word' id='word_1_740' title='bbox 457 5495 606 5560; x_wconf 82' lang='lat' dir='ltr'><strong>Quas</strong></span> <span class='ocrx_word' id='word_1_741' title='bbox 640 5512 726 5552; x_wconf 89' lang='lat' dir='ltr'><strong>res</strong></span> <span class='ocrx_word' id='word_1_742' title='bbox 774 5498 940 5553; x_wconf 90' lang='lat' dir='ltr'><strong>etiam</strong></span> <span class='ocrx_word' id='word_1_743' title='bbox 989 5500 1212 5570; x_wconf 89' lang='lat' dir='ltr'><strong>sapiens</strong></span> <span class='ocrx_word' id='word_1_744' title='bbox 1246 5500 1335 5559; x_wconf 89' lang='lat' dir='ltr'><strong>ille</strong></span> <span class='ocrx_word' id='word_1_745' title='bbox 1387 5499 1529 5555; x_wconf 91' lang='lat' dir='ltr'><strong>inter</strong></span> <span class='ocrx_word' id='word_1_746' title='bbox 1555 5505 1813 5554; x_wconf 87' lang='lat' dir='ltr'><strong>externos</strong></span> <span class='ocrx_word' id='word_1_747' title='bbox 1851 5496 2027 5563; x_wconf 83' lang='lat' dir='ltr'><strong>Plato,</strong></span> 
     </span>
    </p>
   </div>
   <div class='ocr_carea' id='block_1_98' title="bbox 459 5588 2026 5663">
    <p class='ocr_par' dir='ltr' id='par_1_98' title="bbox 459 5588 2026 5663">
     <span class='ocr_line' id='line_1_98' title="bbox 459 5588 2026 5663; baseline 0.001 -23"><span class='ocrx_word' id='word_1_748' title='bbox 459 5602 582 5640; x_wconf 85' lang='lat' dir='ltr'><strong>cum</strong></span> <span class='ocrx_word' id='word_1_749' title='bbox 630 5588 800 5641; x_wconf 86' lang='lat' dir='ltr'><strong>multa</strong></span> <span class='ocrx_word' id='word_1_750' title='bbox 831 5605 898 5644; x_wconf 81' lang='lat' dir='ltr'><strong>ex</strong></span> <span class='ocrx_word' id='word_1_751' title='bbox 933 5606 1166 5660; x_wconf 80' lang='lat' dir='ltr'><strong>persona</strong></span> <span class='ocrx_word' id='word_1_752' title='bbox 1197 5591 1336 5662; x_wconf 86' lang='lat' dir='ltr'><strong>ejus,</strong></span> <span class='ocrx_word' id='word_1_753' title='bbox 1369 5593 1462 5663; x_wconf 91' lang='lat' dir='ltr'><strong>qui</strong></span> <span class='ocrx_word' id='word_1_754' title='bbox 1513 5589 1824 5654; x_wconf 80' lang='lat' dir='ltr'><strong>revixisset,</strong></span> <span class='ocrx_word' id='word_1_755' title='bbox 1856 5588 2026 5659; x_wconf 83' lang='lat' dir='ltr'><strong>deju-</strong></span> 
     </span>
    </p>
   </div>
   <div class='ocr_carea' id='block_1_99' title="bbox 456 5677 2021 5753">
    <p class='ocr_par' dir='ltr' id='par_1_99' title="bbox 456 5677 2021 5753">
     <span class='ocr_line' id='line_1_99' title="bbox 456 5677 2021 5753; baseline 0.003 -21"><span class='ocrx_word' id='word_1_756' title='bbox 456 5677 614 5732; x_wconf 87' lang='lat' dir='ltr'><strong>tliciis</strong></span> <span class='ocrx_word' id='word_1_757' title='bbox 643 5695 763 5748; x_wconf 73' lang='lat' dir='ltr'><strong>qum</strong></span> <span class='ocrx_word' id='word_1_758' title='bbox 792 5681 902 5736; x_wconf 90' lang='lat' dir='ltr'><strong>illic</strong></span> <span class='ocrx_word' id='word_1_759' title='bbox 933 5683 1075 5750; x_wconf 86' lang='lat' dir='ltr'><strong>apud</strong></span> <span class='ocrx_word' id='word_1_760' title='bbox 1119 5684 1328 5739; x_wconf 78' lang='lat' dir='ltr'><strong>inferos</strong></span> <span class='ocrx_word' id='word_1_761' title='bbox 1367 5691 1747 5749; x_wconf 72' lang='lat' dir='ltr'><strong>exerceantur,</strong></span> <span class='ocrx_word' id='word_1_762' title='bbox 1787 5681 2021 5753; x_wconf 83' lang='lat' dir='ltr'><strong>philoso-</strong></span> 
     </span>
    </p>
   </div>
   <div class='ocr_carea' id='block_1_100' title="bbox 2147 4303 3731 4377">
    <p class='ocr_par' dir='ltr' id='par_1_100' title="bbox 2147 4303 3731 4377">
     <span class='ocr_line' id='line_1_100' title="bbox 2147 4303 3731 4377; baseline -0.001 -18"><span class='ocrx_word' id='word_1_763' title='bbox 2147 4321 2264 4359; x_wconf 89' lang='grc' dir='ltr'><strong>πων</strong></span> <span class='ocrx_word' id='word_1_764' title='bbox 2285 4306 2386 4369; x_wconf 82' lang='grc' dir='ltr'>τὰς</span> <span class='ocrx_word' id='word_1_765' title='bbox 2403 4305 2582 4376; x_wconf 79' lang='grc' dir='ltr'>ψυχὰς</span> <span class='ocrx_word' id='word_1_766' title='bbox 2611 4304 2789 4360; x_wconf 86' lang='grc' dir='ltr'>λαϐὼν</span> <span class='ocrx_word' id='word_1_767' title='bbox 2812 4304 2976 4376; x_wconf 76' lang='grc' dir='ltr'>ἔχεις,</span> <span class='ocrx_word' id='word_1_768' title='bbox 3003 4306 3079 4376; x_wconf 81' lang='grc' dir='ltr'>τῷ</span> <span class='ocrx_word' id='word_1_769' title='bbox 3104 4303 3358 4377; x_wconf 78' lang='grc' dir='ltr'>θησαυρῷ</span> <span class='ocrx_word' id='word_1_770' title='bbox 3374 4306 3472 4375; x_wconf 72' lang='grc' dir='ltr'>τῆς</span> <span class='ocrx_word' id='word_1_771' title='bbox 3497 4305 3731 4374; x_wconf 81' lang='grc' dir='ltr'>ἀγάπης</span> 
     </span>
    </p>
   </div>
   <div class='ocr_carea' id='block_1_101' title="bbox 2143 4394 3730 4470">
    <p class='ocr_par' dir='ltr' id='par_1_101' title="bbox 2143 4394 3730 4470">
     <span class='ocr_line' id='line_1_101' title="bbox 2143 4394 3730 4470; baseline 0 -20"><span class='ocrx_word' id='word_1_772' title='bbox 2143 4396 2559 4468; x_wconf 83' lang='grc' dir='ltr'>ὲναποθέμενος.</span> <span class='ocrx_word' id='word_1_773' title='bbox 2597 4395 2783 4452; x_wconf 87' lang='grc' dir='ltr'>Ταῦτα</span> <span class='ocrx_word' id='word_1_774' title='bbox 2803 4397 3131 4470; x_wconf 61' lang='grc' dir='ltr'>λογογράφοι</span> <span class='ocrx_word' id='word_1_775' title='bbox 3162 4398 3254 4450; x_wconf 75' lang='grc' dir='ltr'><strong>καὶ</strong></span> <span class='ocrx_word' id='word_1_776' title='bbox 3276 4397 3528 4466; x_wconf 71' lang='grc' dir='ltr'>σοφισταὶ</span> <span class='ocrx_word' id='word_1_777' title='bbox 3561 4394 3730 4462; x_wconf 82' lang='grc' dir='ltr'>διεξί-</span> 
     </span>
    </p>
   </div>
   <div class='ocr_carea' id='block_1_102' title="bbox 2143 4477 3728 4560">
    <p class='ocr_par' dir='ltr' id='par_1_102' title="bbox 2143 4477 3728 4560">
     <span class='ocr_line' id='line_1_102' title="bbox 2143 4477 3728 4560; baseline -0.001 -19"><span class='ocrx_word' id='word_1_778' title='bbox 2143 4503 2344 4554; x_wconf 88' lang='grc' dir='ltr'>τωσαν,</span> <span class='ocrx_word' id='word_1_779' title='bbox 2375 4477 2458 4552; x_wconf 71' lang='grc' dir='ltr'>οἷς</span> <span class='ocrx_word' id='word_1_780' title='bbox 2493 4489 2696 4558; x_wconf 82' lang='grc' dir='ltr'>κόσμος</span> <span class='ocrx_word' id='word_1_781' title='bbox 2725 4487 2907 4552; x_wconf 80' lang='grc' dir='ltr'>καλῶς</span> <span class='ocrx_word' id='word_1_782' title='bbox 2947 4488 3014 4542; x_wconf 83' lang='grc' dir='ltr'><strong>τά</strong></span> <span class='ocrx_word' id='word_1_783' title='bbox 3046 4487 3268 4541; x_wconf 88' lang='grc' dir='ltr'>τοιαῦτα</span> <span class='ocrx_word' id='word_1_784' title='bbox 3300 4487 3562 4560; x_wconf 80' lang='grc' dir='ltr'>γράφειν’</span> <span class='ocrx_word' id='word_1_785' title='bbox 3607 4487 3638 4540; x_wconf 83' lang='grc' dir='ltr'>ὁ</span> <span class='ocrx_word' id='word_1_786' title='bbox 3668 4486 3728 4540; x_wconf 83' lang='grc' dir='ltr'>δὲ</span> 
     </span>
    </p>
   </div>
   <div class='ocr_carea' id='block_1_103' title="bbox 2141 4578 3725 4650">
    <p class='ocr_par' dir='ltr' id='par_1_103' title="bbox 2141 4578 3725 4650">
     <span class='ocr_line' id='line_1_103' title="bbox 2141 4578 3725 4650; baseline -0.002 -16"><span class='ocrx_word' id='word_1_787' title='bbox 2141 4579 2364 4650; x_wconf 86' lang='grc' dir='ltr'>γήρειος</span> <span class='ocrx_word' id='word_1_788' title='bbox 2407 4579 2564 4650; x_wconf 80' lang='grc' dir='ltr'>ἡμῶν</span> <span class='ocrx_word' id='word_1_789' title='bbox 2609 4579 2798 4648; x_wconf 88' lang='grc' dir='ltr'>λόγος,</span> <span class='ocrx_word' id='word_1_790' title='bbox 2849 4580 3101 4634; x_wconf 90' lang='grc' dir='ltr'>τοσοῦτον</span> <span class='ocrx_word' id='word_1_791' title='bbox 3143 4578 3332 4632; x_wconf 80' lang='grc' dir='ltr'>ἑαυτὸν</span> <span class='ocrx_word' id='word_1_792' title='bbox 3375 4579 3725 4642; x_wconf 82' lang='grc' dir='ltr'>ύποκινείτω,</span> 
     </span>
    </p>
   </div>
   <div class='ocr_carea' id='block_1_104' title="bbox 2140 4668 3729 4742">
    <p class='ocr_par' dir='ltr' id='par_1_104' title="bbox 2140 4668 3729 4742">
     <span class='ocr_line' id='line_1_104' title="bbox 2140 4668 3729 4742; baseline -0.001 -18"><span class='ocrx_word' id='word_1_793' title='bbox 2140 4670 2262 4724; x_wconf 83' lang='grc' dir='ltr'>ὅσον</span> <span class='ocrx_word' id='word_1_794' title='bbox 2296 4669 2461 4742; x_wconf 88' lang='grc' dir='ltr'>βάδην</span> <span class='ocrx_word' id='word_1_795' title='bbox 2489 4670 2796 4736; x_wconf 79' lang='grc' dir='ltr'>ἐπεξελθεῖν</span> <span class='ocrx_word' id='word_1_796' title='bbox 2827 4671 2904 4742; x_wconf 84' lang='grc' dir='ltr'><strong>τῷ</strong></span> <span class='ocrx_word' id='word_1_797' title='bbox 2928 4671 3240 4742; x_wconf 77' lang='grc' dir='ltr'>προτεθέντι</span> <span class='ocrx_word' id='word_1_798' title='bbox 3274 4671 3407 4742; x_wconf 85' lang='grc' dir='ltr'>ἡμῖν</span> <span class='ocrx_word' id='word_1_799' title='bbox 3441 4668 3595 4741; x_wconf 76' lang='grc' dir='ltr'>παρὰ</span> <span class='ocrx_word' id='word_1_800' title='bbox 3623 4672 3729 4741; x_wconf 74' lang='grc' dir='ltr'>τῆς</span> 
     </span>
    </p>
   </div>
   <div class='ocr_carea' id='block_1_105' title="bbox 2141 4761 3729 4835">
    <p class='ocr_par' dir='ltr' id='par_1_105' title="bbox 2141 4761 3729 4835">
     <span class='ocr_line' id='line_1_105' title="bbox 2141 4761 3729 4835; baseline -0.001 -20"><span class='ocrx_word' id='word_1_801' title='bbox 2141 4761 2240 4833; x_wconf 84' lang='grc' dir='ltr'><strong>σῆς</strong></span> <span class='ocrx_word' id='word_1_802' title='bbox 2288 4762 2480 4831; x_wconf 77' lang='grc' dir='ltr'>σοφίας</span> <span class='ocrx_word' id='word_1_803' title='bbox 2512 4761 2880 4834; x_wconf 81' lang='grc' dir='ltr'>προϐλήματι,</span> <span class='ocrx_word' id='word_1_804' title='bbox 2915 4763 2969 4816; x_wconf 90' lang='grc' dir='ltr'><strong>τί</strong></span> <span class='ocrx_word' id='word_1_805' title='bbox 3005 4762 3112 4835; x_wconf 83' lang='grc' dir='ltr'>χρὴ</span> <span class='ocrx_word' id='word_1_806' title='bbox 3136 4763 3426 4832; x_wconf 84' lang='grc' dir='ltr'>γινώσκειν</span> <span class='ocrx_word' id='word_1_807' title='bbox 3457 4761 3729 4833; x_wconf 77' lang='grc' dir='ltr'>περὶτῶν</span> 
     </span>
    </p>
   </div>
   <div class='ocr_carea' id='block_1_106' title="bbox 2139 4849 3730 4926">
    <p class='ocr_par' dir='ltr' id='par_1_106' title="bbox 2139 4849 3730 4926">
     <span class='ocr_line' id='line_1_106' title="bbox 2139 4849 3730 4926; baseline -0.001 -20"><span class='ocrx_word' id='word_1_808' title='bbox 2139 4853 2246 4924; x_wconf 82' lang='grc' dir='ltr'>πρὸ</span> <span class='ocrx_word' id='word_1_809' title='bbox 2271 4853 2418 4924; x_wconf 84' lang='grc' dir='ltr'>ὥρας</span> <span class='ocrx_word' id='word_1_810' title='bbox 2451 4853 2936 4925; x_wconf 77' lang='grc' dir='ltr'>ἀναρπαζομένων,</span> <span class='ocrx_word' id='word_1_811' title='bbox 2975 4855 3059 4924; x_wconf 74' lang='grc' dir='ltr'><strong>ἐφ’</strong></span> <span class='ocrx_word' id='word_1_812' title='bbox 3090 4849 3166 4909; x_wconf 79' lang='grc' dir='ltr'>ὧν</span> <span class='ocrx_word' id='word_1_813' title='bbox 3202 4852 3400 4926; x_wconf 85' lang='grc' dir='ltr'>μικροῦ</span> <span class='ocrx_word' id='word_1_814' title='bbox 3427 4853 3536 4907; x_wconf 88' lang='grc' dir='ltr'>δεῖν</span> <span class='ocrx_word' id='word_1_815' title='bbox 3566 4854 3600 4923; x_wconf 77' lang='grc' dir='ltr'>ἡ</span> <span class='ocrx_word' id='word_1_816' title='bbox 3630 4853 3730 4922; x_wconf 55' lang='grc' dir='ltr'>γέά</span> 
     </span>
    </p>
   </div>
   <div class='ocr_carea' id='block_1_107' title="bbox 2137 4946 3731 5018">
    <p class='ocr_par' dir='ltr' id='par_1_107' title="bbox 2137 4946 3731 5018">
     <span class='ocr_line' id='line_1_107' title="bbox 2137 4946 3731 5018; baseline -0.001 -19"><span class='ocrx_word' id='word_1_817' title='bbox 2137 4963 2282 5010; x_wconf 86' lang='grc' dir='ltr'>νεσις</span> <span class='ocrx_word' id='word_1_818' title='bbox 2324 4947 2403 5018; x_wconf 81' lang='grc' dir='ltr'><strong>τῷ</strong></span> <span class='ocrx_word' id='word_1_819' title='bbox 2433 4948 2646 5016; x_wconf 84' lang='grc' dir='ltr'>θανάτῳ</span> <span class='ocrx_word' id='word_1_820' title='bbox 2693 4949 3056 5002; x_wconf 84' lang='grc' dir='ltr'>συνάπτεται·</span> <span class='ocrx_word' id='word_1_821' title='bbox 3106 4949 3200 5002; x_wconf 76' lang='grc' dir='ltr'><strong>καὶ</strong></span> <span class='ocrx_word' id='word_1_822' title='bbox 3241 4949 3271 5001; x_wconf 87' lang='grc' dir='ltr'><strong>ὁ</strong></span> <span class='ocrx_word' id='word_1_823' title='bbox 3319 4947 3479 5015; x_wconf 74' lang='grc' dir='ltr'>σοφὸς</span> <span class='ocrx_word' id='word_1_824' title='bbox 3513 4946 3573 4998; x_wconf 86' lang='grc' dir='ltr'>ὲν</span> <span class='ocrx_word' id='word_1_825' title='bbox 3609 4948 3731 5008; x_wconf 83' lang='grc' dir='ltr'>τοῖς</span> 
     </span>
    </p>
   </div>
   <div class='ocr_carea' id='block_1_108' title="bbox 2136 5037 3730 5114">
    <p class='ocr_par' dir='ltr' id='par_1_108' title="bbox 2136 5037 3730 5114">
     <span class='ocr_line' id='line_1_108' title="bbox 2136 5037 3730 5114; baseline 0.001 -24"><span class='ocrx_word' id='word_1_826' title='bbox 2136 5037 2240 5104; x_wconf 80' lang='grc' dir='ltr'>ἔξω</span> <span class='ocrx_word' id='word_1_827' title='bbox 2290 5039 2514 5093; x_wconf 85' lang='grc' dir='ltr'>Πλάτων</span> <span class='ocrx_word' id='word_1_828' title='bbox 2567 5039 2766 5104; x_wconf 80' lang='grc' dir='ltr'>πολλάς</span> <span class='ocrx_word' id='word_1_829' title='bbox 2809 5042 2874 5095; x_wconf 82' lang='grc' dir='ltr'><strong>ἐκ</strong></span> <span class='ocrx_word' id='word_1_830' title='bbox 2935 5041 3228 5114; x_wconf 83' lang='grc' dir='ltr'>προσώπου</span> <span class='ocrx_word' id='word_1_831' title='bbox 3288 5037 3730 5102; x_wconf 77' lang='grc' dir='ltr'>ἀναϐεϐιωκότος</span> 
     </span>
    </p>
   </div>
   <div class='ocr_carea' id='block_1_109' title="bbox 2135 5129 3731 5206">
    <p class='ocr_par' dir='ltr' id='par_1_109' title="bbox 2135 5129 3731 5206">
     <span class='ocr_line' id='line_1_109' title="bbox 2135 5129 3731 5206; baseline 0.001 -22"><span class='ocrx_word' id='word_1_832' title='bbox 2135 5132 2264 5203; x_wconf 71' lang='grc' dir='ltr'>περὶ</span> <span class='ocrx_word' id='word_1_833' title='bbox 2288 5133 2395 5185; x_wconf 86' lang='grc' dir='ltr'>τῶν</span> <span class='ocrx_word' id='word_1_834' title='bbox 2422 5134 2628 5186; x_wconf 79' lang='grc' dir='ltr'>ἐκεῖθεν</span> <span class='ocrx_word' id='word_1_835' title='bbox 2670 5133 3035 5206; x_wconf 80' lang='grc' dir='ltr'>δικαστηρίων</span> <span class='ocrx_word' id='word_1_836' title='bbox 3065 5134 3452 5206; x_wconf 78' lang='grc' dir='ltr'>φιλοσοφήσας,</span> <span class='ocrx_word' id='word_1_837' title='bbox 3499 5129 3731 5203; x_wconf 76' lang='grc' dir='ltr'>ἀφῆκεν</span> 
     </span>
    </p>
   </div>
   <div class='ocr_carea' id='block_1_110' title="bbox 2133 5220 3730 5296">
    <p class='ocr_par' dir='ltr' id='par_1_110' title="bbox 2133 5220 3730 5296">
     <span class='ocr_line' id='line_1_110' title="bbox 2133 5220 3730 5296; baseline -0.003 -18"><span class='ocrx_word' id='word_1_838' title='bbox 2133 5223 2440 5296; x_wconf 70' lang='grc' dir='ltr'>ἀπόρρητα,</span> <span class='ocrx_word' id='word_1_839' title='bbox 2471 5223 2546 5288; x_wconf 84' lang='grc' dir='ltr'>ὡς</span> <span class='ocrx_word' id='word_1_840' title='bbox 2591 5225 2877 5296; x_wconf 86' lang='grc' dir='ltr'>κρείττονα</span> <span class='ocrx_word' id='word_1_841' title='bbox 2921 5225 3050 5280; x_wconf 76' lang='grc' dir='ltr'>ὄντα</span> <span class='ocrx_word' id='word_1_842' title='bbox 3094 5224 3315 5296; x_wconf 81' lang='grc' dir='ltr'>δηλαδὴ,</span> <span class='ocrx_word' id='word_1_843' title='bbox 3361 5224 3394 5294; x_wconf 76' lang='grc' dir='ltr'>ἦ</span> <span class='ocrx_word' id='word_1_844' title='bbox 3429 5220 3575 5276; x_wconf 83' lang='grc' dir='ltr'>ὥστε</span> <span class='ocrx_word' id='word_1_845' title='bbox 3615 5220 3730 5275; x_wconf 76' lang='grc' dir='ltr'>ὑπὸ</span> 
     </span>
    </p>
   </div>
   <div class='ocr_carea' id='block_1_111' title="bbox 2132 5309 3729 5386">
    <p class='ocr_par' dir='ltr' id='par_1_111' title="bbox 2132 5309 3729 5386">
     <span class='ocr_line' id='line_1_111' title="bbox 2132 5309 3729 5386; baseline -0.001 -20"><span class='ocrx_word' id='word_1_846' title='bbox 2132 5311 2390 5385; x_wconf 82' lang='grc' dir='ltr'>λογισμὸν</span> <span class='ocrx_word' id='word_1_847' title='bbox 2416 5312 2757 5386; x_wconf 83' lang='grc' dir='ltr'>ἀνθρώπινον</span> <span class='ocrx_word' id='word_1_848' title='bbox 2797 5313 2992 5370; x_wconf 79' lang='grc' dir='ltr'>ἐλθεῖν.</span> <span class='ocrx_word' id='word_1_849' title='bbox 3043 5315 3110 5369; x_wconf 81' lang='grc' dir='ltr'><strong>Εἰ</strong></span> <span class='ocrx_word' id='word_1_850' title='bbox 3144 5313 3246 5386; x_wconf 81' lang='grc' dir='ltr'>μὲν</span> <span class='ocrx_word' id='word_1_851' title='bbox 3273 5309 3366 5367; x_wconf 78' lang='grc' dir='ltr'>οὖν</span> <span class='ocrx_word' id='word_1_852' title='bbox 3391 5330 3442 5366; x_wconf 78' lang='grc' dir='ltr'><strong>τι</strong></span> <span class='ocrx_word' id='word_1_853' title='bbox 3473 5311 3729 5365; x_wconf 88' lang='grc' dir='ltr'>τοιοῦτον</span> 
     </span>
    </p>
   </div>
   <div class='ocr_carea' id='block_1_112' title="bbox 2131 5402 3729 5477">
    <p class='ocr_par' dir='ltr' id='par_1_112' title="bbox 2131 5402 3729 5477">
     <span class='ocr_line' id='line_1_112' title="bbox 2131 5402 3729 5477; baseline 0 -21"><span class='ocrx_word' id='word_1_854' title='bbox 2131 5403 2190 5457; x_wconf 79' lang='grc' dir='ltr'>ἐν</span> <span class='ocrx_word' id='word_1_855' title='bbox 2215 5407 2327 5469; x_wconf 81' lang='grc' dir='ltr'>τοῖς</span> <span class='ocrx_word' id='word_1_856' title='bbox 2346 5404 2733 5477; x_wconf 76' lang='grc' dir='ltr'>ἐξητασμένοις</span> <span class='ocrx_word' id='word_1_857' title='bbox 2757 5406 3018 5472; x_wconf 75' lang='grc' dir='ltr'>ἐστὶν,ὼς</span> <span class='ocrx_word' id='word_1_858' title='bbox 3048 5406 3198 5461; x_wconf 90' lang='grc' dir='ltr'>λύειν</span> <span class='ocrx_word' id='word_1_859' title='bbox 3227 5405 3325 5469; x_wconf 76' lang='grc' dir='ltr'><strong>τὰς</strong></span> <span class='ocrx_word' id='word_1_860' title='bbox 3349 5403 3443 5459; x_wconf 90' lang='grc' dir='ltr'><strong>τοῦ</strong></span> <span class='ocrx_word' id='word_1_861' title='bbox 3473 5402 3729 5474; x_wconf 56' lang='grc' dir='ltr'>προϐλήέ</span> 
     </span>
    </p>
   </div>
   <div class='ocr_carea' id='block_1_113' title="bbox 2133 5496 3722 5572">
    <p class='ocr_par' dir='ltr' id='par_1_113' title="bbox 2133 5496 3722 5572">
     <span class='ocr_line' id='line_1_113' title="bbox 2133 5496 3722 5572; baseline -0.002 -21"><span class='ocrx_word' id='word_1_862' title='bbox 2133 5513 2303 5566; x_wconf 82' lang='grc' dir='ltr'>ματος</span> <span class='ocrx_word' id='word_1_863' title='bbox 2331 5497 2680 5569; x_wconf 79' lang='grc' dir='ltr'>ἀμφιϐολίας,</span> <span class='ocrx_word' id='word_1_864' title='bbox 2705 5499 2832 5572; x_wconf 82' lang='grc' dir='ltr'>δέξῃ</span> <span class='ocrx_word' id='word_1_865' title='bbox 2864 5500 3066 5571; x_wconf 84' lang='grc' dir='ltr'>δηλαδὴ</span> <span class='ocrx_word' id='word_1_866' title='bbox 3093 5501 3184 5554; x_wconf 84' lang='grc' dir='ltr'>τὸν</span> <span class='ocrx_word' id='word_1_867' title='bbox 3209 5499 3502 5572; x_wconf 82' lang='grc' dir='ltr'>εὑρεθέντα</span> <span class='ocrx_word' id='word_1_868' title='bbox 3523 5496 3688 5566; x_wconf 87' lang='grc' dir='ltr'>λόγον</span> <span class='ocrx_word' id='word_1_869' title='bbox 3706 5513 3722 5529; x_wconf 87' lang='grc'><strong>·</strong></span> 
     </span>
    </p>
   </div>
   <div class='ocr_carea' id='block_1_114' title="bbox 2132 5587 3727 5665">
    <p class='ocr_par' dir='ltr' id='par_1_114' title="bbox 2132 5587 3727 5665">
     <span class='ocr_line' id='line_1_114' title="bbox 2132 5587 3727 5665; baseline -0.002 -23"><span class='ocrx_word' id='word_1_870' title='bbox 2132 5589 2182 5642; x_wconf 88' lang='grc' dir='ltr'><strong>εί</strong></span> <span class='ocrx_word' id='word_1_871' title='bbox 2199 5589 2256 5643; x_wconf 83' lang='grc' dir='ltr'>δὲ</span> <span class='ocrx_word' id='word_1_872' title='bbox 2278 5589 2374 5662; x_wconf 85' lang='grc' dir='ltr'>μὴ,</span> <span class='ocrx_word' id='word_1_873' title='bbox 2389 5590 2679 5663; x_wconf 80' lang='grc' dir='ltr'>συγγνώσῃ</span> <span class='ocrx_word' id='word_1_874' title='bbox 2698 5592 2918 5657; x_wconf 87' lang='grc' dir='ltr'>πάντως</span> <span class='ocrx_word' id='word_1_875' title='bbox 2934 5591 3014 5664; x_wconf 82' lang='grc' dir='ltr'>τῷ</span> <span class='ocrx_word' id='word_1_876' title='bbox 3026 5593 3195 5665; x_wconf 77' lang='grc' dir='ltr'>γήρα,</span> <span class='ocrx_word' id='word_1_877' title='bbox 3211 5592 3378 5663; x_wconf 80' lang='grc' dir='ltr'>μόνην</span> <span class='ocrx_word' id='word_1_878' title='bbox 3396 5589 3494 5660; x_wconf 69' lang='grc' dir='ltr'>τὴν</span> <span class='ocrx_word' id='word_1_879' title='bbox 3510 5587 3727 5660; x_wconf 82' lang='grc' dir='ltr'>προθυ-</span> 
     </span>
    </p>
   </div>
   <div class='ocr_carea' id='block_1_115' title="bbox 2133 5679 3728 5755">
    <p class='ocr_par' dir='ltr' id='par_1_115' title="bbox 2133 5679 3728 5755">
     <span class='ocr_line' id='line_1_115' title="bbox 2133 5679 3728 5755; baseline -0.001 -21"><span class='ocrx_word' id='word_1_880' title='bbox 2133 5682 2261 5751; x_wconf 80' lang='grc' dir='ltr'>μίαν</span> <span class='ocrx_word' id='word_1_881' title='bbox 2285 5682 2440 5754; x_wconf 75' lang='grc' dir='ltr'>ἡμῶν</span> <span class='ocrx_word' id='word_1_882' title='bbox 2467 5686 2543 5746; x_wconf 83' lang='grc' dir='ltr'><strong>είς</strong></span> <span class='ocrx_word' id='word_1_883' title='bbox 2571 5684 2633 5737; x_wconf 75' lang='grc' dir='ltr'><strong>τὸ</strong></span> <span class='ocrx_word' id='word_1_884' title='bbox 2661 5688 2964 5755; x_wconf 86' lang='grc' dir='ltr'>παρασχεῖν</span> <span class='ocrx_word' id='word_1_885' title='bbox 2986 5687 3038 5739; x_wconf 85' lang='grc' dir='ltr'><strong>τί</strong></span> <span class='ocrx_word' id='word_1_886' title='bbox 3061 5703 3142 5739; x_wconf 88' lang='grc' dir='ltr'><strong>σοι</strong></span> <span class='ocrx_word' id='word_1_887' title='bbox 3163 5685 3270 5738; x_wconf 75' lang='grc' dir='ltr'>τῶν</span> <span class='ocrx_word' id='word_1_888' title='bbox 3302 5679 3728 5752; x_wconf 79' lang='grc' dir='ltr'>κεχαρισμένων</span> 
     </span>
    </p>
   </div>
  </div>
