3896 6208
358 160 467 220 ωε.
1042 155 1137 213 ne
1193 149 1617 214 mammas
1671 127 1793 224 Qui
1837 148 2295 216 numnunc
2341 151 2837 223 ABRIPIUNTUB.
3508 162 3616 228 tas

352 276 776 346 ἀποδεξάμενος.
803 275 916 329 Καὶ
944 275 1055 347 γὰρ
1072 274 1169 329 ’τὸν
1187 273 1392 346 Ξέρξην
1413 273 1619 328 ἐκεῖνον
1644 272 1736 326 τὸν
1759 274 1890 327 πᾶσι

2079 273 2203 329 hico
2251 290 2403 331 more
2446 275 2824 344 disseruisset,
2865 278 3090 349 reliquit
3129 279 3515 353 inexplicatas,
3551 294 3614 342 ut

361 370 462 441 τὴν
476 372 563 438 ὑφ’
583 368 720 440 ἡλίῳ
743 366 944 441 μικροῦ
962 367 1076 422 δεῖν
1097 368 1158 421 ἐν
1179 364 1535 436 στρατόπεδον
1554 365 1899 435 ποιησάμενοι

2078 380 2162 420 u.'e
2206 366 2447 436 majores
2491 366 2746 422 videlicet
2786 374 2994 434 essent,
3024 383 3191 440 quam
3223 386 3348 441 quae
3377 375 3483 429 sub
3524 389 3615 429 ra-

364 463 461 516 καὶ
509 461 683 515 πᾶσαν
711 458 891 531 ἐαυτῷ
930 459 1286 529 συγκινοῦντα
1323 458 1424 528 τὴν
1466 455 1808 527 οἰκουμένην,
1849 457 1902 509 ὅτ

2076 455 2446 512 ociuationem
2513 464 2568 512 et
2620 456 2992 525 conjecturam
3055 460 3353 517 humanam
3418 465 3614 520 cadere

365 552 501 605 κατὰ
520 551 627 603 τῶν
654 549 926 621 Ἐλλήνων
952 550 1301 621 ἐστράτευσε,
1327 545 1445 619 μεθ’
1470 547 1663 619 ἡδονῆς
1691 545 1903 611 δέξασθε

2075 555 2284 604 ossent.
2331 548 2389 602 Si
2442 548 2614 619 igitur
2652 548 2859 619 aliquid
2893 550 3113 620 quidem
3148 553 3257 609 tale
3305 566 3390 610 est
3446 556 3504 611 in
3544 557 3613 613 iis

362 658 524 713 φησιν
544 641 747 708 όλόγος
770 639 1002 710 πένητος
1022 657 1167 706 τινος
1184 638 1376 710 δῶρον.
1401 637 1586 709 ’Ύδωρ
1611 636 1666 689 δὲ
1687 637 1749 689 τὸ
1770 635 1900 701 ξένιε

2077 652 2160 693 uae
2192 639 2579 709 perpendimus
2614 647 2779 710 atque
2809 641 3039 696 scrutati
3064 658 3279 711 sumus,
3312 647 3462 716 quod
3496 650 3614 702 sol-

356 729 446 804 ἧν.
476 733 572 787 καὶ
600 731 759 788 τοῦτο
791 732 895 787 οὑκ
924 733 983 786 ἐν
1011 730 1241 803 κεράμῳ
1277 731 1597 802 φερόμενον,
1634 724 1749 782 ἀλλ’
1777 728 1836 780 ἐν
1859 744 1894 779 τι

2073 738 2126 783 at
2158 730 2450 800 propositae
2494 732 2821 802 quaestionis
2866 734 3274 805 ambiguitates,
3317 738 3611 807 amplecte-

355 824 521 896 κοίλῳ
550 826 652 896 τῆς
680 823 791 876 τῶν
810 822 1010 895 χειρῶν
1032 820 1289 891 παλάμης
1312 818 1717 891 περιεχόμενον.
1751 815 1893 872 Οὑτο

2073 821 2115 877 is
2163 832 2216 877 et
2267 819 2635 893 approbabis,
2669 824 2931 879 nimirum
2988 825 3263 880 inventam
3301 827 3611 885 rationem:

352 912 450 970 οὖν
498 916 595 970 καὶ
644 915 710 969 σὺ
754 914 896 968 κατὰ
951 914 1051 985 τὴν
1099 912 1407 985 προσοῦσάν
1446 928 1528 965 σοι
1569 910 1890 982 μεγαλοφυῖσ

2073 913 2122 969 in
2166 912 2372 977 minus,
2432 916 2699 970 senectuti
2741 929 2970 985 prorsus
3005 916 3281 985 ignosces,
3330 917 3611 988 solamque

356 1006 577 1078 μιμὴσῃ
606 1004 823 1067 πάντως
851 1004 1078 1066 ἐκεῖνον,
1104 994 1150 1070 ᾧ
1170 1001 1343 1072 δῶρον
1372 1001 1589 1069 ἐγένετο
1616 1001 1651 1072 ἡ
1680 999 1894 1072 προαίρε

2073 1006 2203 1061 nimi
2234 1005 2408 1062 nostri
2434 1007 2884 1076 propensionem,
2916 1022 3025 1077 qua
3052 1008 3153 1061 tibi
3182 1015 3398 1079 gratum
3430 1007 3611 1065 facere

357 1114 467 1161 σις,
498 1095 654 1167 εἴπερ
680 1092 838 1166 ἡμῶν
867 1092 1041 1165 βραχύ
1069 1110 1130 1146 τε
1169 1092 1263 1146 καὶ
1287 1090 1554 1155 ὑδατῶδες
1585 1089 1837 1164 εὑρεθείη
1873 1108 1895 1144 1

2073 1096 2307 1165 upimus,
2359 1096 2713 1167 approbabis.
2763 1097 2979 1153 Etenim
3020 1097 3255 1154 Xerxem
3299 1099 3479 1167 illum,
3512 1104 3611 1172 qui

355 1187 550 1260 δῶρον.
585 1186 796 1257 Ὥσπερ
828 1185 921 1239 ἐπὶ
957 1183 1065 1238 τῶν
1088 1183 1360 1256 οὐρανίων
1394 1182 1686 1253 θαυμάτων
1703 1183 1807 1254 όρᾷ
1835 1182 1893 1254 μὲ

2076 1186 2348 1242 niversam
2397 1186 2788 1258 propemodum
2820 1203 2942 1256 quae
2973 1189 3080 1245 sub
3118 1189 3237 1244 sole
3268 1197 3357 1246 est
3401 1198 3608 1246 terram

352 1277 552 1348 ἐπίσης
570 1275 641 1329 τὰ
669 1275 966 1346 φαινόμενα
998 1272 1189 1344 κάλλη,
1220 1272 1324 1326 κᾶν
1352 1273 1803 1344 πεπαιδευμένος,
1829 1273 1890 1329 κδ

2069 1291 2146 1333 una
2190 1284 2378 1334 castra
2414 1277 2564 1343 fecit,
2609 1284 2666 1333 et
2714 1292 2933 1334 omnem
2981 1286 3257 1335 terrarum
3290 1281 3485 1337 orbem
3519 1297 3607 1338 se-

364 1365 580 1438 ίδιώτης
609 1365 749 1438 τύχῃ
777 1382 860 1428 τις
885 1362 961 1419 ὢν
994 1363 1025 1415 ὁ
1054 1362 1191 1435 πρὸς
1223 1362 1314 1420 τὸν
1338 1362 1566 1436 οὐρανὸν
1589 1362 1902 1417 ἀναϐλέπων

2069 1383 2158 1423 um
2210 1369 2401 1434 movit,
2457 1383 2582 1424 cum
2627 1367 2892 1425 adversus
2933 1367 3157 1426 Graecos
3198 1370 3606 1441 expeditionem

353 1462 640 1514 διανοεῖται
680 1458 737 1511 δὲ
778 1457 850 1511 τά
888 1457 1019 1528 περὶ
1065 1455 1244 1510 αὐτῶν
1286 1455 1385 1526 οὑχ
1431 1453 1666 1526 ὁμοίως,
1699 1455 1782 1508 ὅτι
1824 1455 1891 1508 ἀπ

2069 1457 2182 1521 scit,
2216 1464 2365 1513 tenet
2410 1456 2554 1512 fama
2603 1459 2861 1527 pauperis
2896 1457 3185 1528 cujusdam
3234 1474 3438 1515 munus
3480 1475 3607 1516 eum

355 1550 671 1619 φιλοσοφίας
709 1548 1029 1621 ὁρμώμενος
1049 1586 1065 1612 ,
1095 1547 1190 1602 καὶ
1229 1549 1259 1601 δ
1287 1548 1477 1619 μόναις
1496 1548 1618 1611 ταῖς
1647 1546 1893 1617 αἰσθήσει

2068 1548 2308 1616 oluptate
2354 1548 2656 1616 accepisse.
2711 1548 2766 1602 Id
2805 1559 2984 1604 autem
3015 1549 3218 1604 donum
3274 1565 3416 1621 aqua
3463 1561 3606 1615 erat.

351 1643 414 1694 τὸ
462 1640 784 1711 φαινόμενον
831 1638 1163 1710 ἐπιτρέπων.
1218 1630 1386 1703 Οὗτος
1439 1637 1536 1709 μὲν
1572 1636 1681 1708 γὰρ
1731 1637 1765 1709 ἢ
1813 1639 1889 1691 ταῑ

2070 1651 2205 1707 aque
2237 1651 2347 1691 non
2396 1637 2451 1690 in
2510 1636 2659 1692 fictili
2692 1653 2820 1693 vase
2869 1638 3166 1701 ferebatur,
3214 1641 3310 1695 sed
3364 1641 3420 1696 in
3472 1657 3608 1697 cava

355 1734 579 1785 ἀκτῖσιν
608 1732 791 1802 ἥδεται
830 1729 925 1784 τοῦ
970 1731 1146 1801 ἡλίου,
1184 1730 1220 1805 ἢ
1255 1730 1317 1784 τὸ
1348 1729 1545 1793 κάλλος
1586 1728 1692 1783 τῶν
1718 1730 1893 1801 ἄστρω

2072 1743 2299 1781 ιιιηιιιιηι
2338 1729 2514 1797 palma
2546 1728 2932 1784 continebatur
2961 1747 2976 1786 :
3009 1730 3090 1785 sic
3124 1745 3255 1802 ergo
3286 1739 3345 1786 tu
3388 1747 3610 1803 quoque

352 1823 636 1893 θαύματος
657 1820 809 1887 ἄξιον
830 1822 1025 1894 κρίνει,
1059 1820 1207 1893 ἢτὸν
1236 1820 1468 1893 ἀριθμὸν
1499 1819 1593 1874 τοῦ
1624 1818 1890 1890 σεληνιαίο

2076 1834 2137 1874 ro
2164 1834 2251 1886 ea,
2286 1834 2394 1889 qua
2423 1820 2685 1890 praeditus
2713 1834 2775 1875 es
2798 1820 2985 1875 'auimi
3030 1822 3431 1893 magnitudine,
3453 1839 3611 1894 prora

354 1912 556 1985 δρόμου
578 1913 670 1965 ἐπὶ
693 1909 789 1965 τοῦ
824 1911 997 1983 μηνὸς
1025 1911 1427 1984 παρετήρησεν.

2067 1924 2127 1967 us
2150 1910 2301 1965 illum
2334 1910 2660 1974 imitaberis,
2692 1910 2781 1965 cui
2815 1926 2913 1981 pro
2944 1927 3172 1967 munere
3198 1914 3451 1971 voluntas
3477 1914 3605 1981 fuit,

355 2010 402 2065 si
454 2016 704 2064 nostrum
738 2010 943 2065 donum
991 2018 1046 2062 et
1092 2008 1349 2078 exiguum
1387 2013 1444 2061 et
1480 2019 1718 2077 aqueum
1764 2004 1934 2060 fuerit
1992 2004 2298 2061 inventum.
2332 2002 2801 2071 Quemadmodum
2848 2005 2905 2061 in
2943 2006 3264 2063 cmlestibus
3328 2009 3609 2067 miraculis

355 2109 683 2170 apparentes
719 2099 1162 2172 pulchritudines
1199 2114 1267 2155 ex
1295 2111 1453 2168 aequo
1489 2097 1709 2168 quidem
1761 2097 1931 2164 videt,
2006 2097 2122 2154 sive
2150 2096 2424 2161 eruditus,
2458 2098 2575 2154 sive
2604 2098 2760 2154 rudis
2797 2104 2853 2153 et
2881 2097 3052 2155 idiota
3081 2098 3284 2165 fuerit,
3328 2101 3379 2157 is
3406 2103 3501 2173 qui
3552 2104 3608 2159 in

340 2194 559 2250 caelum
608 2195 846 2269 suspicit
875 2212 891 2249 :
924 2193 1020 2249 sed
1062 2194 1218 2247 aliter
1243 2192 1312 2247 de
1340 2191 1451 2248 illis
1494 2192 1770 2262 cogitatis,
1800 2192 1894 2262 qui
1936 2205 1966 2246 a
1996 2191 2342 2262 philosophia
2373 2190 2441 2245 ad
2490 2191 3001 2261 contemplationem
3031 2205 3219 2247 earum
3274 2194 3444 2259 venit,
3502 2194 3609 2250 ali-

358 2295 443 2341 ter
470 2278 601 2341 item
646 2287 698 2341 is
720 2286 812 2356 qui
855 2285 991 2342 solis
1026 2285 1285 2341 sensibus
1310 2284 1364 2339 id
1389 2282 1537 2355 quod
1567 2292 1793 2354 apparet
1819 2284 2106 2354 permittit.
2159 2284 2260 2339 llic
2347 2284 2497 2340 enim
2548 2284 2635 2339 vel
2723 2298 2782 2338 ra
2807 2283 2915 2339 diis
2958 2283 3094 2339 solis
3139 2283 3461 2350 delectatur,
3524 2286 3609 2342 vel

357 2376 838 2447 pulchritudinem
871 2375 1113 2432 siderum
1162 2374 1428 2446 miraculo
1457 2373 1675 2444 dignam
1710 2371 1941 2443 judicat,
1965 2373 2051 2430 vel
2086 2387 2373 2428 numerum
2408 2372 2622 2429 lunaris
2648 2386 2848 2427 cursus
2882 2372 2937 2426 in
2970 2372 3464 2437 menseobservat.

435 2474 497 2526 ὐ
527 2472 585 2527 δέ
614 2473 920 2543 διορατικὸς
959 2470 1060 2543 τὴν
1104 2470 1303 2542 ψυχὴν,
1349 2470 1445 2524 καὶ
1485 2469 1571 2523 διὰ
1600 2469 1933 2534 παιδεύσεως

2109 2470 2179 2524 At
2209 2470 2257 2526 is
2283 2469 2377 2540 qui
2406 2469 2591 2525 animo
2622 2469 2915 2539 perspicax
2945 2479 3001 2525 et
3021 2484 3121 2540 per
3146 2470 3508 2527 eruditionem
3535 2468 3606 2527 ad

347 2562 492 2634 πρὸς
516 2561 616 2631 τὴν
658 2560 983 2632 κατανόησιν
1031 2560 1139 2614 τῶν
1184 2558 1451 2630 οὑρανίων
1502 2558 1885 2631 κεκαθαρμένο

2070 2561 2549 2631 ontemplationem
2599 2560 2905 2616 caelestium
2952 2569 3218 2632 purgatus
3264 2571 3320 2617 et
3351 2563 3608 2621 excultus

348 2649 669 2706 καταλιπὼν
693 2649 867 2704 ταῦτα
886 2650 953 2705 δι’
972 2645 1046 2706 ὧν
1068 2651 1419 2722 εὐφραίνεται
1447 2649 1557 2703 τῶν
1578 2649 1886 2720 ἀλογωτέριι

2068 2660 2142 2717 st,
2194 2653 2418 2708 omissis
2462 2651 2550 2708 his
2606 2652 2810 2723 quibus
2856 2652 3068 2709 ratione
3114 2653 3298 2709 minus
3336 2655 3606 2711 utentium

349 2744 388 2811 η
415 2740 686 2813 αἴσθησις,
734 2740 873 2813 πρὸς
917 2742 1016 2813 τὴν
1056 2742 1150 2796 τοῦ
1192 2741 1391 2806 παντὸς
1419 2739 1684 2812 ἁρμονίαν
1726 2739 1885 2811 βλέπε

2066 2756 2234 2798 ensus
2262 2741 2586 2807 delectatur,
2617 2751 2800 2796 rerum
2826 2740 3209 2797 universarum
3239 2743 3604 2811 harmoniam,

346 2832 451 2888 καὶ
479 2835 544 2886 ἐκ
565 2833 665 2905 τῆς
696 2833 983 2903 ἐγκυκλίου
1017 2833 1284 2904 κινήσεως
1309 2831 1409 2903 τὴν
1436 2831 1501 2885 ἐκ
1524 2830 1634 2885 τῶν
1672 2830 1884 2884 ἐναντία

2066 2851 2141 2891 ιοο
2167 2842 2252 2891 est
2293 2835 2726 2890 consentientem
2755 2843 2811 2891 et
2831 2826 3004 2905 'quasi
3055 2836 3434 2893 concinentem
3470 2852 3604 2894 con-

347 2923 723 2996 εύαρμοστίαν
745 2925 1052 2989 ἐπισκοπεῖ,
1077 2923 1194 2987 πῶς
1228 2925 1294 2995 τῇ
1322 2921 1551 2977 ἀπλανεῖ
1579 2922 1847 2993 περιφορᾷ
1876 2940 1885 2972 ι

2068 2927 2410 2998 piratienem,
2444 2927 2847 2998 copulationem
2883 2935 3046 2999 atque
3076 2931 3606 3000 coagmentationem

346 3014 504 3079 ἐντὸς
530 3015 722 3070 κύκλοι
755 3015 891 3088 πρὸς
916 3016 978 3069 τὸ
1012 3014 1249 3087 ἔμπαλιν
1289 3015 1659 3069 ἀνελίσσονται
1678 3029 1693 3044 ·
1724 3013 1840 3076 πῶς
1860 3031 1884 3066 τ

2068 3027 2297 3084 atuelur,
2335 3028 2391 3075 et
2420 3034 2487 3075 ex
2522 3019 2780 3074 circulari
2810 3028 2977 3091 atque
3015 3020 3070 3075 in
3104 3022 3291 3077 orbem
3336 3022 3606 3079 redeunte

346 3107 413 3160 ἐν
442 3106 624 3171 αὑτοῑς
656 3094 999 3178 θεωρούμενα
1018 3106 1125 3161 τῶν
1152 3106 1369 3178 ἄστρων
1400 3107 1697 3174 πολυειδῶς
1724 3125 1884 3180 σχημε

2072 3120 2183 3165 ιοιιι
2227 3125 2350 3166 eam
2400 3126 2523 3180 quae
2561 3126 2628 3166 ex
2662 3112 2961 3167 contrariis
3009 3110 3089 3179 fit,
3146 3114 3508 3183 aptitndinem
3553 3121 3610 3170 et

344 3196 561 3261 τίζεται
585 3198 643 3253 ἐν
664 3199 1090 3270 προσεγγισμοῖς
1118 3216 1179 3253 τε
1210 3199 1304 3253 καὶ
1322 3194 1675 3267 ἀποστάσεσι,
1694 3201 1788 3254 καὶ
1806 3200 1882 3254 ὑπ

2069 3201 2446 3273 ongrucutiam
2476 3203 2881 3272 contemplatur
2914 3222 2929 3258 :
2956 3218 3067 3274 quo
3088 3211 3246 3273 pacto
3270 3205 3433 3261 orbes
3465 3206 3607 3261 inte-

345 3286 582 3360 8901117.;
605 3305 665 3341 τε
693 3288 787 3342 καὶ
806 3288 1099 3359 ἐκλείψεσι,
1124 3289 1218 3342 καὶ
1238 3291 1357 3353 ταῖς
1381 3290 1472 3343 ἐπὶ
1495 3290 1563 3345 τὰ
1592 3291 1798 3360 πλάγια
1825 3309 1883 3344 πι

2067 3293 2208 3347 iores
2245 3291 2589 3347 revolutione
2615 3300 2878 3362 motuque
2919 3293 3217 3359 contrario,
3252 3301 3417 3363 atque
3462 3295 3605 3349 iuer-

350 3378 656 3450 ραδρομαῖς
678 3419 694 3443 ,
743 3378 841 3451 τὴν
888 3378 1227 3433 ἀδιάλειπτον
1277 3379 1492 3452 ἐκείνην
1539 3381 1802 3453 ἁρμονίαν
1842 3381 1888 3435 ἀι

2070 3382 2276 3436 nntium
2323 3382 2576 3453 caeloque
2622 3382 3005 3439 inhaerentium
3045 3391 3100 3440 et
3147 3384 3437 3440 iuiixarnm
3473 3387 3608 3442 stel-

348 3471 495 3525 κατὰ
521 3472 589 3525 τὰ
630 3470 770 3525 αὐτὰ
808 3471 903 3525 καὶ
937 3470 1197 3537 ὡσαύτως
1240 3473 1663 3544 ἐξεργαζόμενα,
1697 3469 1778 3539 οἷς
1808 3473 1886 3527 οὑί

2068 3484 2207 3524 trum
2267 3468 2507 3525 ambitus
2557 3471 2846 3539 rotundus,
2902 3480 3051 3528 retro
3108 3477 3606 3545 versentur‘atque

349 3562 451 3618 τοῦ
479 3563 815 3636 βραχυτάτου
841 3563 950 3617 τῶν
971 3563 1184 3634 ἄστρων
1213 3563 1247 3636 ἠ
1269 3564 1418 3628 θέσις
1445 3563 1755 3637 ἀθεώρητος
1774 3581 1887 3635 περς

2068 3568 2326 3629 arantur;
2370 3562 2650 3631 quomodo
2684 3562 2866 3619 sidera
2894 3579 3017 3637 qua:
3063 3565 3117 3620 in
3152 3564 3219 3620 iis
3248 3566 3606 3636 conspiciun-

349 3657 571 3726 ορᾶται,
602 3654 738 3709 ἀλλὰ
769 3654 948 3709 πάντα
976 3655 1077 3726 τὴν
1117 3655 1241 3726 ῐοην
1269 3654 1495 3727 παρέχει
1539 3652 1791 3727 φροντίδα
1816 3657 1887 3708 τοῖ

2066 3670 2146 3716 nr,
2178 3654 2596 3709 multiformiter
2624 3653 2945 3725 ﬁgurentur,
2976 3663 3090 3712 tum
3113 3657 3168 3712 in
3199 3658 3604 3728 appropinqua-

355 3748 457 3802 διὰ
482 3747 580 3817 τῆς
604 3746 793 3816 σοφίας
823 3747 917 3801 ἐπὶ
942 3749 1011 3802 τὰ
1031 3748 1144 3802 ἄνω
1170 3748 1264 3801 τὸν
1294 3748 1417 3803 νοῦν
1442 3747 1800 3819 μετοικίσασι.
1823 3744 1893 3801 Τό

2068 3745 2299 3808 ionibus,
2339 3747 2679 3810 accessibus.
2711 3748 3187 3819 congressibusve,
3217 3756 3334 3804 tum
3374 3751 3606 3807 recessi-

356 3837 530 3892 αὑτὸν
562 3839 759 3907 τρόπον
787 3839 880 3892 καὶ
915 3839 1003 3904 σὺ,
1041 3832 1087 3893 ὦ
1132 3838 1291 3910 τιμία
1339 3856 1430 3910 μοι
1463 3839 1692 3911 κεφαλὴ,
1734 3839 1833 3912 τὴν
1870 3837 1894 3890 ἐ

2065 3852 2160 3899 ns,
2183 3836 2540 3907 digressibus,
2571 3837 2872 3905 distantiis,
2919 3839 3445 3911 elongationibusre,
3489 3849 3603 3895 tum

351 3928 479 3991 τοῖς
506 3922 625 3980 οὖσι
650 3926 741 3980 τοῦ
774 3927 906 3984 Θεοῦ
944 3928 1255 4000 οἰκονομίαν
1295 3926 1526 3999 βλέπων,
1560 3929 1718 4000 ἀφεὶς
1747 3929 1889 3982 ἐκείν

2067 3927 2473 3999 ubjectionibus
2509 3935 2674 4001 atque
2706 3929 3032 3997 defectibus,
3062 3939 3117 3989 et
3156 3931 3396 4004 obliquis
3428 3944 3605 3988 trans-

349 4017 492 4089 περὶ
516 4016 554 4072 ἃ
580 4015 686 4071 τῶν
717 4018 923 4072 πολλῶν
952 4019 1177 4090 ᾶσχολός
1203 4021 1350 4074 ἐστιν
1370 4023 1404 4091 ἡ
1427 4020 1633 4075 διάνοια
1666 4020 1887 4091 (πλοῦτι

2063 4019 2292 4076 :ursibus
2357 4017 2783 4086 indeﬁcientem,
2847 4022 3270 4087 indesinentem,
3327 4024 3601 4085 stabilem,

356 4109 509 4178 uno
529 4109 620 4162 καὶ
638 4108 826 4180 τύφον,
853 4111 947 4165 καὶ
971 4109 1127 4182 δόξης
1154 4111 1448 4183 ἐπιθυμίαν
1470 4111 1653 4184 κενῆς,
1680 4112 1824 4183 άπερ
1843 4112 1894 4167 ᾶη

2067 4116 2460 4180 erpetuamque
2499 4108 2651 4163 illam
2682 4110 3132 4166 concordantiam
3178 4120 3233 4167 et
3262 4111 3605 4165 harmoniam

349 4215 551 4273 τικρυς
577 4201 813 4256 ἀκτίνων
842 4201 997 4274 δίκην
1035 4203 1544 4275 ⁸ιτεριαιιτριίιπτοντα
1569 4205 1697 4268 τοὺς
1722 4203 1887 4274 ἁλογο

2069 4217 2247 4274 smper
2270 4200 2555 4272 aequaliter
2585 4206 2641 4256 et
2666 4199 2856 4256 eodem
2891 4200 3055 4256 modo
3084 4200 3393 4267 eﬂlcientia,
3418 4216 3449 4256 a
3485 4204 3607 4272 qni-

350 4291 549 4363 τιρους
561 4294 882 4366 ἐκπλήττειν
896 4292 1105 4356 εἴωθεν)
1114 4335 1130 4359 ,
1141 4293 1260 4348 οὐδὲ
1273 4294 1340 4348 τὰ
1356 4294 1613 4349 δοκοῦντα
1634 4295 1888 4367 μικρότερ

2068 4310 2133 4349 us
2162 4309 2231 4350 ne
2260 4292 2473 4349 minimi
2498 4291 2718 4364 quidem
2755 4291 2956 4350 sideris
2986 4292 3127 4349 situs
3148 4308 3309 4364 quem
3333 4308 3444 4347 non
3471 4308 3606 4347 con-

353 4380 470 4434 τῶν
497 4383 556 4436 ἐν
588 4386 699 4447 τοῖς
729 4377 851 4437 ὦσι
882 4382 1270 4455 θεωρουμένων
1319 4383 1647 4449 ἀνεξέταστα
1675 4383 1891 4439 καταλεΙ

2068 4385 2321 4457 :mpletur
2369 4384 2827 4454 praetermittitur,
2882 4383 2980 4440 sed
3031 4383 3217 4440 omnia
3265 4399 3452 4454 parem
3507 4400 3606 4438 σιμ

352 4487 502 4538 πεις,
517 4474 819 4548 ἁνερευνῶν
831 4492 891 4529 τε
912 4475 1003 4530 καὶ
1021 4474 1479 4547 διασκοπούμενος
1496 4475 1597 4547 τὴν
1612 4476 1890 4548 ἀνωμαλία

2069 4490 2145 4530 am
2199 4475 2444 4548 praebent
2510 4476 2579 4532 iis
2622 4474 2716 4547 qui
2773 4491 2872 4548 per
2909 4476 3234 4548 sapientiam
3286 4476 3354 4531 ad
3406 4491 3607 4547 supera

356 4564 459 4635 τῆς
485 4564 833 4637 ἀνθρωπίνης
878 4566 1025 4638 ζωῆς
1044 4580 1059 4595 ⁸
1093 4566 1155 4621 οὑ
1189 4566 1348 4639 μόνον
1374 4566 1473 4637 τὴν
1516 4566 1656 4620 κατὰ
1698 4564 1894 4621 πλοῦτο

2069 4575 2269 4622 lentem
2318 4566 2683 4623 traduxerunt
2725 4586 2741 4623 :
2777 4566 2967 4624 eodem
3021 4567 3186 4623 modo
3232 4577 3289 4622 tu
3348 4583 3607 4638 quoque,

353 4656 456 4709 καὶ
481 4658 670 4712 πενίαν
694 4655 1141 4729 θεωρουμένην,ἢ
1160 4657 1261 4722 τὰς
1279 4656 1421 4711 κατὰ
1438 4655 1509 4710 τὰ
1525 4655 1809 4727 ἀξιώματα
1835 4676 1891 4712 κο

2090 4656 2320 4712 charum
2354 4656 2487 4711 mihi
2528 4665 2840 4727 caput,cum
2871 4655 3398 4712 administrationem
3429 4655 3519 4712 Dei
3549 4657 3607 4713 iri

354 4746 428 4799 τὰ
447 4747 580 4818 τένη
604 4746 869 4821 διαφορὰς
890 4742 1072 4816 (οἶδας
1094 4747 1203 4822 γὰρ
1224 4746 1338 4802 ἀντ’
1352 4746 1565 4812 οὑδενδς
1591 4740 1729 4800 εῖναι
1750 4747 1892 4803 τοῦτ.

2072 4746 2198 4804 chus
2233 4746 2507 4805 universis
2544 4747 2862 4803 consideras
2922 4747 3146 4804 omissis
3182 4747 3292 4804 illis
3313 4748 3457 4804 circa
3484 4762 3610 4819 ψειεν

352 4833 443 4902 οἷς
469 4837 536 4892 τδ
563 4834 703 4894 εἶναι
731 4840 792 4893 ού
814 4838 938 4893 καθ’
967 4839 1264 4893 ὑπόστασιν
1290 4838 1496 4894 οἰκείαν
1528 4837 1695 4906 ἐστὶν,
1721 4837 1837 4893 ἀλλ’
1868 4839 1890 4892 ἐ

2070 4838 2179 4911 ulgi
2206 4852 2363 4895 mens
2395 4848 2661 4910 occupata
2681 4847 2766 4893 est
2786 4837 2875 4908 (de
2907 4837 3112 4893 divitiis
3134 4837 3347 4909 loquor.
3381 4847 3436 4895 et
3467 4838 3604 4896 dcli‘

348 4928 426 4998 τῇ
463 4928 663 5001 ματαίᾳ
690 4928 952 5002 ὑπολήψει
978 4929 1090 4983 τῶν
1120 4932 1234 4993 τοῖς
1271 4931 1346 5003 μὴ
1367 4925 1517 4985 οὖσιν
1544 4928 1622 4995 ὡς
1654 4930 1886 5001 ὑφεστῶι

2066 4930 2159 4995 iis,
2198 4938 2254 4986 et
2287 4945 2441 4987 vanze
2469 4930 2656 5002 gloria:
2692 4930 3013 5001 cupiditate,
3049 4947 3172 5002 qua:
3208 4948 3298 4989 res
3330 4932 3488 5002 plane
3515 4947 3604 4987 ra-

352 5021 810 5092 προσκεχηνότων
834 5037 848 5051 ⁸
881 5020 931 5075 εἰ
973 5016 1068 5075 οὖν
1101 5039 1187 5085 τις
1216 5021 1465 5092 ἀφέλοιτο
1490 5019 1586 5076 τοῦ
1612 5021 1890 5094 λαμπρυνο

2068 5020 2249 5074 ,iorum
2274 5018 2330 5074 in
2352 5019 2573 5075 modum
2600 5019 2757 5091 quasi
2781 5019 2995 5090 fulgure
3027 5022 3467 5093 praestringentes
3506 5030 3606 5076 eos

353 5109 527 5182 μένου
570 5114 641 5182 τῇ
666 5111 794 5187 δόξῃ
822 5110 932 5165 τῶν
960 5112 1037 5175 είς
1080 5112 1220 5165 αὑτὰ
1250 5111 1550 5183 βλεπόντων
1582 5112 1680 5185 τὴν
1707 5112 1891 5184 μύησιι

2074 5109 2128 5165 ui
2149 5110 2359 5166 ratione
2382 5110 2562 5167 minus
2586 5119 2835 5178 utuntur,
2851 5112 3282 5184 obstupefacere,
3302 5123 3464 5183 atque
3484 5126 3606 5182 per-

348 5198 512 5257 οὒδδν
534 5201 987 5274 ὑπολειφθήσεται
1005 5202 1085 5274 τῷ
1108 5202 1594 5275 μεγαλοφρονοῦντι
1617 5204 1709 5259 ἐπὶ
1726 5203 1805 5276 τῷ
1823 5203 1886 5259 διε

2072 5200 2244 5261 ulsos.
2296 5199 2556 5255 attonitos
2583 5207 2640 5254 et
2691 5207 3072 5257 consternatos
3127 5197 3353 5255 reddere
3383 5198 3608 5271 solent),

350 5290 505 5363 κεκρ
550 5293 854 5366 φυσήματι,
901 5293 1006 5349 κᾶν
1050 5295 1218 5350 πᾶσα.
1249 5295 1546 5367 χρημάτων
1594 5296 1631 5367 ἠ
1668 5292 1767 5368 ὑλη
1795 5312 1888 5365 παι

2075 5303 2139 5347 cc
2164 5304 2227 5345 ca
2272 5289 2514 5361 quidem,
2563 5305 2686 5361 qua:
2714 5291 2940 5346 minima
2986 5291 3264 5358 videntur,
3294 5307 3359 5347 ex
3391 5290 3460 5348 iis
3486 5307 3608 5364 quae

349 5382 512 5453 αύτῷ
539 5385 997 5459 κατορωρυγμένη
1024 5385 1165 5459 τύχῃ
1181 5384 1225 5456 ),
1256 5383 1397 5441 ἀλλά
1424 5402 1506 5439 σοι
1532 5384 1621 5440 διὰ
1649 5385 1887 5458 φροντίδι

2071 5398 2091 5438 ι
2120 5381 2286 5439 rebus
2333 5381 2607 5439 universis
2635 5381 3074 5449 considerantur,
3107 5383 3397 5439 inexcussa
3440 5385 3609 5441 rcliua

346 5475 479 5529 ἐστὶ
496 5474 698 5545 γνῶναι
722 5476 793 5531 τά
816 5494 876 5531 τε
914 5477 1047 5534 ἄλλα
1085 5479 1189 5551 τῆς
1216 5476 1367 5544 θείας
1397 5465 1705 5549 οἰκονομίας
1737 5480 1875 5552 πρὸς

2075 5472 2185 5539 uis,
2218 5472 2597 5538 considerans,
2633 5472 2932 5544 dispiciens
2953 5481 3009 5529 et
3039 5483 3297 5533 scrutans
3327 5476 3612 5548 inmqtinli-

347 5579 409 5619 τι
446 5564 557 5619 τῶν
575 5566 871 5635 γινομένων
895 5567 1128 5627 ἐκαστον
1153 5567 1361 5641 βλέπει,
1388 5568 1483 5623 καὶ
1503 5567 1646 5633 τίνος
1673 5567 1830 5639 χάριν
1853 5584 1879 5620 τ

2078 5573 2209 5623 Item
2232 5567 2488 5623 humana!
2518 5567 2641 5621 vita:
2665 5582 2683 5619 :
2703 5581 2812 5622 non
2850 5580 2970 5620 eam
3003 5566 3291 5635 duntaxat,
3315 5583 3437 5640 quin
3464 5570 3616 5627 circa
