3896 6208
436 289 535 347 167

1678 280 1737 337 s.
1781 264 2109 338 cnbooan
2149 272 2445 335 nvssam

3600 278 3716 333 168

431 404 654 463 divitias
681 411 738 461 et
770 408 1152 475 paupertatem
1183 400 1595 468 consideratur,
1627 401 1715 457 vel
1770 400 2016 471 dignita-

2126 400 2222 473 μὲν
2249 401 2330 465 εἰς
2357 399 2537 471 γῆρας
2564 396 2776 473 μακρὸν
2807 396 3193 470 παρατεῐνεται
3224 397 3258 470 ἡ
3293 394 3426 467 ζωὴ,
3456 396 3488 449 ὁ
3524 394 3588 449 ss
3614 412 3719 451 τοο

434 505 552 551 tum
582 502 639 549 et
668 509 936 563 generum
982 491 1322 548 diﬂ‘erentias
1352 491 1522 563 (nosti
1564 490 1711 546 enim
1766 491 1883 545 haec
1914 504 2018 561 pro

431 588 607 643 nihilo
629 601 774 652 esse,
798 584 1000 656 quibus
1031 585 1276 641 essentia
1302 598 1416 638 non
1446 592 1531 640 est
1559 582 1861 640 secundum
1892 596 2019 653 pro-

429 679 606 749 priam
629 676 1070 743 subsistentiam,
1108 675 1208 732 sed
1267 675 1324 731 in
1361 691 1503 731 vana
1536 676 1794 745 Opinione
1826 688 2018 729 eorum

427 771 525 841 qui
556 771 719 826 rebus
744 784 856 824 non
868 769 1111 835 cutibus,
1132 769 1292 840 quasi
1312 767 1748 825 subsistentibus
1766 763 2014 820 inhiant:

431 877 558 918 nam
591 863 639 919 si
664 863 795 933 quis
824 862 1035 918 adimat
1060 863 1113 918 ei
1144 862 1241 933 qui
1266 862 1455 933 gloria:
1474 857 1770 932 splendore
1795 857 2019 914 inﬂatus

427 964 535 1022 est,
581 956 899 1027 opinionem
952 963 1008 1011 et
1040 944 1502 1010 existimationem
1542 965 1737 1007 eorum
1788 952 1882 1021 qui
1918 950 2018 1006 has

431 1047 755 1105 rescintueri
792 1047 996 1112 solent,
1022 1045 1160 1100 nihil
1204 1045 1555 1115 relinquetur
1583 1041 1634 1097 ei
1665 1041 1763 1113 qui
1788 1055 2018 1113 magnos

428 1139 538 1195 sibi
557 1139 630 1195 ob
660 1155 751 1195 res
778 1152 948 1193 vanas
979 1137 1211 1207 spiritus
1250 1137 1441 1201 sumit,
1468 1145 1523 1190 et
1550 1135 1735 1205 inepte
1796 1134 2018 1190 inﬂatus

427 1240 551 1298 est,
617 1232 833 1288 etiamsi
900 1231 984 1287 vel
1051 1231 1307 1285 universa
1366 1229 1725 1300 pecuniarum
1790 1229 2018 1284 materia

430 1339 598 1395 penes
667 1339 793 1380 eum
883 1320 1102 1377 defossa
1173 1320 1302 1392 sit).
1368 1318 1478 1375 Sed
1560 1320 1661 1375 tibi
1720 1333 1870 1374 cura!
1933 1325 2019 1375 est

426 1401 593 1483 scire,
627 1431 753 1472 cum
823 1416 1039 1486 reliqua
1071 1414 1271 1470 divine
1318 1412 1844 1477 administrationis,
1905 1426 2018 1482 quo

424 1508 673 1580 quidque
697 1517 906 1579 spectet
930 1522 1121 1565 eorum
1148 1521 1270 1578 quae
1299 1506 1457 1570 liunt,
1478 1514 1595 1560 tum
1620 1521 1728 1574 qua
1756 1504 1824 1560 de
1850 1517 2018 1559 causa

427 1606 521 1663 alii
542 1603 764 1675 quidem
790 1602 845 1657 in
873 1601 1089 1671 longam
1142 1606 1479 1656 senectutem
1511 1599 1620 1653 vita
1673 1602 2017 1668 pr'orogetur,

425 1697 569 1751 alius
587 1706 719 1751 vero
754 1694 1033 1762 hactenus
1069 1692 1198 1746 vita:
1260 1691 1536 1763 particeps
1589 1693 1681 1752 sit,
1749 1696 2019 1759 quatenus

2121 492 2310 547 σοῦτον
2343 491 2559 564 μετέχει
2589 489 2683 545 τοῦ
2714 490 2835 563 ζῇν,
2875 491 3003 546 ὅσον
3034 490 3105 544 δι’
3137 489 3414 559 ἀναπνοῆς
3442 488 3538 541 τὸν
3567 489 3721 559 ἀέρα

2120 585 2350 651 σπᾶσαι,
2377 582 2476 639 καὶ
2506 581 2670 649 εὐθὺς
2702 582 3005 654 καταλῆξαι
3026 583 3118 637 τὸν
3154 582 3288 654 βίον.
3317 582 3383 634 Ei
3413 580 3525 651 γὰρ
3554 580 3724 636 οὐδὲν

2118 679 2271 733 ἀθεεὶ
2292 677 2403 733 τῶν
2430 678 2490 732 ἐν
2517 676 2865 749 κόσμῳὲστὶ,
2892 675 3070 730 πάντα
3095 674 3151 728 δὲ
3169 674 3268 743 τῆς
3296 672 3450 736 θείας
3471 672 3723 741 ἐξῆπται

2118 770 2448 842 βουλήσεως,
2475 768 2638 839 σοφὸν
2673 768 2733 823 δὲ
2764 767 2862 823 καὶ
2891 766 3246 839 προνοητικὸν
3272 764 3336 820 τδ
3366 766 3533 831 θετον,
3566 764 3725 819 πάν-

2118 880 2228 928 τως
2254 879 2341 928 τις
2386 862 2574 917 ἔπεστι
2604 861 2702 916 καὶ
2748 859 2960 924 τούτοις
2986 859 3165 929 λόγος,
3202 859 3304 931 τῆς
3349 858 3541 929 σοφίας
3590 858 3723 929 ἅμα

2117 955 2213 1010 τοῦ
2243 954 2381 1009 Θεοῦ
2421 952 2646 1026 καὶτῆς
2695 952 3060 1025 προνοητικῆς
3106 950 3422 1024 ἐπιμελείας
3458 951 3530 1005 τά
3562 957 3715 1020 γνω-

2122 1047 2367 1121 ρίσματα
2392 1046 2594 1119 φέρων.
2608 1043 2684 1099 Τὸ
2702 1043 2814 1117 γάρ
2834 1044 3031 1116 εικῆτε
3048 1045 3144 1100 καὶ
3157 1043 3370 1114 ἀλόγως
3396 1041 3553 1114 γινόμ
3564 1048 3719 1106 ενον,

2118 1140 2219 1194 οὐκ
2247 1139 2315 1193 ἀν
2336 1137 2496 1210 ἔργον
2528 1133 2615 1207 εἴη
2646 1134 2804 1188 Θεοῦ.
2830 1132 2967 1189 Θεοῦ
2997 1133 3106 1207 γὰρ
3148 1134 3302 1198 ἴδιον,
3328 1131 3513 1198 καθώς
3536 1138 3723 1203 φησιν

2118 1234 2153 1305 ἡ
2187 1229 2401 1305 Γραφὴ,
2432 1228 2494 1283 τὸ
2518 1228 2698 1284 πάντά
2725 1226 2782 1280 ὲν
2814 1226 2978 1299 σοφίᾳ
3003 1227 3197 1282 ποιεῖν.
3232 1225 3300 1280 Ti
3330 1221 3425 1281 οὖν
3449 1224 3514 1279 τὸ
3540 1223 3719 1295 σοφὸν

2119 1324 2178 1378 ὲν
2223 1320 2459 1392 ἐξιείνφς
2507 1318 2761 1393 Παρῆλθε
2792 1319 2882 1374 διά
2920 1320 3229 1391 γεννήσεως
3271 1317 3354 1382 εἰς
3393 1317 3487 1372 τὸν
3533 1315 3655 1388 βίον
3685 1317 3720 1369 ὁ

2119 1414 2428 1485 ἄνθρωπος,
2477 1412 2683 1468 ἔσπασε
2724 1411 2815 1467 τὸν
2852 1413 3027 1485 ἀέρα,
3081 1410 3191 1466 ἀπὸ
3224 1409 3472 1482 οἰμωγῆς
3504 1408 3569 1463 τδ
3607 1407 3717 1479 ζῇν

2120 1506 2345 1581 ἢρξατο,
2372 1509 2756 1582 ἐλειτούργησε
2782 1510 2848 1581 τῇ
2873 1507 3033 1579 φύσει
3058 1508 3120 1562 τὸ
3142 1507 3397 1577 δάκρυον,
3419 1504 3718 1576 ἀπήρξατο

2118 1596 2200 1670 τῷ
2225 1598 2326 1671 βίῳ
2352 1599 2460 1653 τῶν
2493 1598 2729 1672 θρήνων,
2768 1599 2898 1671 πρίν
2922 1614 3068 1662 τινος
3095 1597 3385 1669 μετασχεῖν
3423 1595 3533 1650 τῶν
3560 1594 3713 1648 κατά

2120 1690 2212 1745 τὸν
2254 1690 2367 1762 βίον
2398 1682 2591 1763 ἡδέων,
2636 1691 2767 1764 πρὶν
2813 1689 3115 1761 τονωθῆναι
3159 1689 3258 1760 τὴν
3290 1686 3574 1758 «αῐσθησιν,
3628 1685 3715 1739 ἔτι

426 1799 527 1857 per
570 1757 992 1854 respirationem
1028 1796 1211 1837 aerem
1250 1745 1515 1846 hauriat‘,
1546 1790 1601 1834 et
1647 1778 1901 1850 protinus
1933 1778 2018 1833 vi-

2126 1745 2696 1853 λελυμένοςιτάῐςντῶν
2733 1745 2910 1855 μελῶν
2944 1745 3250 1852 ἀρ’μονίαις.
3279 1745 3485 1843 ἁπαλός
3515 1745 3575 1831 τε
3610 1779 3713 1831 καὶ

425 1889 538 1934 tam
568 1878 741 1933 ﬁniat.
770 1874 906 1931 Nam
929 1874 976 1930 si
1002 1872 1142 1928 nihil
1172 1886 1363 1942 eorum
1390 1883 1510 1942 qua:
1539 1870 1592 1924 in
1626 1869 1833 1925 mundo
1864 1876 2016 1937 sunt,

425 1988 541 2028 non
570 1987 602 2025 a
632 1969 744 2026 Deo
767 1979 872 2031 est,
902 1965 998 2023 sed
1031 1941 1282 2020 omnia‘a
1314 1941 1499 2019 divina
1545 1962 1825 2018 voluntate
1882 1975 2018 2030 pcn-

424 2064 582 2132 dent,
623 2077 688 2117 ac
732 2060 1001 2131 sapientia
1038 2057 1471 2130 providendique
1498 2055 1698 2111 virtute
1731 2052 2017 2126 praeditum

430 2171 635 2214 numen
667 2154 917 2210 divinum
942 2144 1049 2212 est.
1075 2164 1306 2222 prorsus
1336 2149 1501 2206 etiam
1534 2148 1624 2203 his
1663 2147 1849 2217 aliqua
1877 2147 2021 2201 ratio

427 2243 643 2307 subest,
676 2256 797 2312 qme
831 2240 1118 2310 sapientiae
1141 2235 1236 2294 Dei
1270 2237 1431 2295 simul
1464 2242 1520 2293 et
1547 2237 1669 2309 ejus
1712 2251 1879 2301 curae,
1913 2250 2021 2307 qua

426 2334 764 2406 prospicitur
801 2345 867 2387 ac
898 2331 1221 2402 providetur
1253 2332 1422 2387 rebus
1442 2330 1720 2386 universis
1742 2370 1756 2393 ,
1782 2327 2020 2400 insignia

428 2428 588 2483 ferat.
623 2424 781 2493 Quod
807 2424 955 2479 enim
1014 2431 1219 2479 temere
1242 2436 1307 2478 ac
1346 2424 1467 2479 sine
1521 2422 1736 2478 ratione
1761 2421 1843 2486 ﬁt,
1880 2437 2022 2492 opus

430 2518 525 2574 Dei
557 2532 668 2573 non
700 2515 886 2572 fuerit.
914 2514 1007 2570 Dei
1038 2528 1277 2585 namque
1305 2514 1583 2586 proprium
1614 2522 1721 2580 est,
1756 2518 2022 2585 quemad-

427 2610 650 2667 modum
700 2606 881 2678 inquit
939 2604 1248 2676 Scriptura,
1312 2605 1499 2661 omnia
1559 2619 1686 2661 cum
1748 2604 2020 2677 sapientia

428 2704 633 2759 facere.
671 2698 833 2768 Quod
882 2698 1051 2770 igitur
1080 2698 1358 2769 sapienter
1402 2697 1611 2753 factum
1644 2699 1702 2753 in
1729 2697 2022 2754 illoiPro-

429 2794 534 2851 diit
566 2794 732 2848 homo
762 2806 859 2862 per
893 2789 1235 2845 nativitatem
1276 2787 1332 2843 in
1364 2789 1567 2857 vitam;
1608 2789 1792 2848 hausit
1818 2806 2019 2859 aerem,

429 2905 463 2945 ο
482 2888 688 2959 gemitu
715 2886 880 2940 vitam
911 2883 1212 2950 inchoavit,
1248 2882 1523 2954 laerymas
1544 2891 1756 2939 natura:
1780 2884 2025 2943 muneris

428 2982 552 3038 vice
608 2970 902 3050 impendit,
963 2975 1238 3047 primitias
1266 2975 1391 3030 vitae
1439 2974 1605 3034 solvit
1658 2982 1713 3031 et
1760 2976 2025 3033 libamina

2121 1875 2532 1948 διακεχυμένος,
2572 1876 2668 1931 καὶ⁵
2711 1875 3097 1950 ἀδιάρθρωτος,
3139 1874 3233 1927 καὶ
3268 1871 3328 1927 τὸ
3351 1872 3470 1927 ὅλον
3508 1871 3708 1932 εἰπεῖν,

2124 1971 2255 2043 πρὶν
2298 1968 2549 2038 γενέσθαι
2582 1969 2867 2042 ἄνθρωπος
2923 1966 3120 2037 (εἴπερ
3163 1963 3449 2037 ἀνθρώπου
3491 1963 3626 2017 ἴδιον
3672 1964 3709 2033 ἡ

2122 2060 2314 2132 λογικὴ
2352 2060 2513 2133 χάρις
2558 2059 2739 2115 ἐστιν’
2770 2049 2917 2115 ’ὅδὲ
2946 2058 3099 2113 οὔπω
3136 2059 3195 2112 ὲν
3225 2056 3402 2129 ἑαυτῷ
3429 2044 3522 2111 τὸν
3544 2046 3709 2126 λόγον

2125 2152 2451 2225 ἐχώρησεν),
2476 2145 2630 2216 οὗτος
2661 2151 2691 2205 ὀ
2726 2151 2891 2225 μηδὲν
2921 2150 3080 2206 πλέον
3109 2148 3269 2221 εχων,
3296 2147 3389 2203 τοῦ
3416 2149 3473 2202 ὲν
3498 2149 3565 2219 τῇ
3600 2148 3711 2219 μὴ-

2126 2244 2278 2317 τρώᾳ
2301 2243 2454 2314 νηδΰι
2482 2242 2859 2314 συνεχομένου,
2893 2241 3031 2314 πλὴν
3057 2242 3117 2296 τὸ
3164 2243 3221 2296 ὲν
3270 2241 3392 2304 ἀέρι
3428 2238 3707 2309 γενέσθαι,

2126 2336 2185 2389 ὲν
2213 2336 2388 2407 τούτῳ
2419 2335 2520 2405 τῆς
2549 2333 2766 2406 ἡλικίας
2797 2333 2894 2399 ὢν,
2936 2333 3024 2388 διά
3059 2333 3287 2387 θανάτου
3314 2331 3517 2396 λύεται,
3542 2332 3580 2403 ἢ
3608 2334 3709 2385 εδι-

2125 2423 2323 2492 τεθεὶς,
2357 2424 2389 2497 ἢ
2422 2424 2799 2493 καταπνιγεὶς,
2834 2424 2867 2495 ἢ
2908 2423 3052 2478 κατά
3085 2423 3146 2478 τὸ
3178 2423 3479 2494 αὐτόματον
3512 2421 3579 2476 δι’
3604 2424 3714 2494 ἀρ-

2128 2514 2361 2588 ρωστίας
2408 2514 2501 2569 τοῦ
2535 2515 2636 2587 ζῇν
2684 2514 3065 2585 παυσάμενος,
3120 2514 3174 2567 τί
3223 2513 3329 2586 χρὴ
3382 2512 3509 2585 περὶ
3538 2512 3711 2566 αὑτοῦ

2127 2609 2328 2672 ἐννοεῖν
2353 2624 2367 2673 ;
2402 2605 2528 2671 Πῶς
2557 2605 2687 2678 περὶ⁸
2720 2607 2826 2661 τῶν
2852 2606 2995 2661 οὕτω
3039 2605 3499 2676 τετελευτηκότων
3523 2604 3709 2676 ἐχεινς

2130 2701 2357 2772 Ὀψεται
2385 2695 2746 2772 ἆρακάκείνη
2768 2698 2967 2771 ἡψυχὴ
2998 2699 3088 2754 τὸν
3115 2698 3329 2771 κριτὴν,
3358 2695 3713 2770 ’παραστήσὲ-

2129 2811 2218 2848 ται
2256 2791 2396 2864 μετὰ
2420 2789 2529 2845 τῶν
2557 2790 2732 2847 ἀλλων
2758 2791 2837 2862 τῷ
2877 2791 3103 2863 βήματι,
3153 2790 3338 2860 ὑφέξει
3362 2789 3469 2845 τῶν
3510 2788 3710 2860 βεόιω-

2133 2883 2309 2956 μένων
2335 2883 2433 2955 τὴν
2464 2883 2665 2956 κρίσιν,
2695 2882 2927 2955 λήψεται
2964 2884 3062 2955 τὴν
3084 2885 3207 2937 κατ’
3232 2882 3390 2947 ἀξίαν
3419 2882 3709 2948 ἀντίδοσιν,

2129 2975 2164 3047 ἢ
2193 2974 2326 3046 πυρὶ
2355 2973 2760 3046 καθαιρουμένη
2792 2972 2935 3028 κατά
2964 2974 3064 3037 τάς
3101 2971 3195 3027 τοῦ
3233 2974 3564 3043 Εὑαγγελὶου
3593 2991 3710 3043 φωσ-

430 3072 639 3132 l'ecitde
664 3069 1151 3142 ﬂetu,priusquam
1182 3067 1417 3139 alicujus
1435 3067 1515 3125 rei
1547 3068 1601 3124 in
1630 3069 1739 3126 vita
1764 3069 2021 3141 jucunda:

2126 3068 2245 3134 νάς,
2280 3067 2314 3139 ἢ
2338 3070 2405 3140 τῇ
2428 3067 2605 3139 δρόσῳ
2638 3067 2736 3138 τῆς
2760 3066 3009 3136 εὐλογίας
3037 3066 3480 3138 ὲναποψύχουσας

428 3167 711 3239 particeps
742 3164 961 3230 fuisset,
1000 3164 1322 3238 priusquam
1362 3161 1619 3220 sensibus
1649 3174 1931 3237 vegetatus
1964 3176 2018 3224 ct
2053 3168 2304 3223 ﬁrmatus
2333 3172 2482 3221 esset
2520 3182 2533 3219 :
2569 3162 2734 3219 etiam
2798 3178 2947 3218 nunc
3019 3163 3389 3220 membrorum
3451 3162 3716 3233 cempage

429 3269 598 3333 atque
667 3256 1140 3332 coagmentatione
1199 3254 1437 3323 solutus,
1489 3263 1648 3313 tener
1677 3268 1744 3313 ac
1798 3257 2055 3327 dimisus,
2132 3256 2544 3322 inarticulatus,
2592 3256 2824 3312 artubus
2876 3255 3121 3311 nondum
3182 3257 3497 3328 compositis
3549 3266 3711 3327 atque

430 3355 704 3422 formatis,
730 3362 860 3426 etut
886 3351 1200 3410 summatim
1221 3350 1758 3425 dicam,priusquam
1789 3346 1953 3409 homo
1974 3351 2152 3417 factus
2169 3361 2336 3419 esset,
2370 3352 2640 3423 siquidem
2665 3350 2906 3407 hominis
2937 3352 3220 3423 proprium
3239 3351 3442 3407 dOuum
3483 3350 3711 3409 rationis

430 3453 551 3515 est;
581 3452 638 3500 at
696 3444 786 3500 hic
838 3442 1073 3499 rationis
1110 3442 1352 3498 nandum
1398 3454 1573 3513 capax
1604 3452 1744 3511 erat,
1773 3443 1863 3500 hic
1916 3446 2010 3515 qui
2051 3444 2222 3501 nihilo
2244 3444 2369 3515 plus
2398 3445 2631 3499 habebat
2654 3446 2817 3514 quam
2846 3443 2893 3499 is'
2920 3444 3013 3513 qni
3037 3454 3290 3499 materno
3359 3451 3513 3501 utero
3577 3460 3710 3502 con-

431 3543 660 3603 tinetur,
700 3542 1063 3608 prteterquam
1090 3533 1239 3605 quod
1269 3534 1325 3589 in
1365 3542 1491 3591 aere
1532 3534 1654 3603 fuit,
1682 3536 1737 3591 in
1764 3548 1828 3593 ea
1856 3544 2016 3594 aetate
2044 3552 2169 3592 cum
2210 3536 2285 3593 sit
2332 3551 2430 3608 per
2486 3546 2719 3592 mortem
2771 3538 3028 3599 solvitur,
3106 3534 3196 3592 vel
3256 3536 3561 3608 expositus,
3627 3543 3713 3597 vel

433 3637 756 3700 suﬂocatus,
791 3631 877 3688 vel
909 3636 1105 3703 sponte
1125 3643 1223 3701 per
1262 3629 1636 3687 inﬁrmitatem
1661 3632 1846 3690 vivere
1876 3632 2162 3707 desinens,
2207 3633 2339 3706 quid
2376 3632 2446 3689 de
2490 3644 2558 3690 eo
2609 3636 2853 3706 cogitare
2907 3622 3165 3703 oportet?
3230 3632 3516 3699 Quomodo
3580 3635 3707 3690 item

434 3733 502 3786 de
534 3730 605 3785 iis
622 3728 718 3798 qui
747 3726 896 3781 hunc
923 3724 1131 3780 exitum
1165 3722 1290 3778 vitae
1320 3722 1631 3778 habuerunt
1657 3723 1906 3781 sentire?
1929 3727 2015 3780 An
2079 3725 2171 3780 illa
2220 3740 2437 3796 quoque
2472 3725 2654 3780 anima
2710 3725 2948 3796 judicent
2983 3715 3207 3793 videbit,
3264 3727 3521 3782 tribunali
3580 3730 3708 3782 cum

431 3821 557 3877 aliis
587 3820 835 3883 sistetur,
864 3814 1071 3872 subibit
1116 3822 1253 3871 actas
1290 3816 1413 3870 vitae
1462 3814 1759 3885 judicium,
1805 3816 2039 3887 accipiet
2065 3828 2165 3888 pro
2194 3816 2391 3872 merito
2413 3818 2832 3873 retributionem
2856 3826 2910 3873 et
2934 3820 3459 3887 Compensationem,
3485 3820 3565 3876 vel
3596 3820 3705 3893 igni

434 3918 690 3986 purgata,
728 3910 885 3981 juxta
915 3907 1197 3979 Evangelii
1227 3909 1416 3971 verba,
1439 3909 1527 3965 vel
1565 3908 1622 3964 in
1642 3924 1767 3967 rore
1790 3910 2194 3968 benedictionis
2212 3909 2535 3983 refrigerata
2564 3924 2727 3983 atque
2754 3913 3059 3968 rclocillata
3083 3912 3106 3966 ἲ

1000 3999 1436 4057 EXPLICATIO.

2216 4001 2532 4061 Ἐντεῦθεν
2574 3990 2768 4076 δῆλον
2812 4006 3061 4075 τρανῶς,
3100 4009 3192 4062 ὅτι
3240 4008 3564 4077 καθάρσιον
3589 4009 3706 4078 πΐρ

514 4095 653 4150 Hinc
683 4093 839 4163 plane
853 4092 1193 4162 manifestum
1214 4094 1444 4164 estquod
1458 4096 1824 4165 purgatorium
1857 4097 2021 4167 ignem

2135 4100 2168 4153 ό
2197 4086 2422 4166 Πατὴρ,
2465 4088 2575 4165 τὰς
2602 4098 2750 4168 μετὰ
2787 4098 2902 4168 τὴν
2948 4099 3243 4169 τελευτὴν
3283 4100 3542 4155 ἑκάστου
3588 4101 3708 4155 τῶν

438 4183 603 4242 Pater
623 4185 706 4240 hic
752 4194 1012 4275 tormenta
1057 4186 1428 4265 cruciatusque
1465 4183 1615 4251 dicit,
1672 4187 1861 4258 quibus
1912 4200 2021 4255 post

2129 4180 2578 4260 ἡμαρτηκότων,
2610 4190 2710 4274 καὶ
2731 4175 2818 4261 μὴ
2853 4180 3355 4262 μετανοησάντων
3383 4192 3565 4258 ἀξίως
3589 4193 3704 4261 πρὸ

437 4288 659 4336 mortem
687 4269 1123 4351 quisque'eorum
1153 4279 1243 4350 qui
1281 4289 1623 4349 peccaverunt
1659 4290 1707 4335 et
1737 4290 1859 4337 ante
1884 4299 2021 4338 mor-

2129 4279 2436 4351 τελευτῆς,
2461 4282 2532 4335 ἐν
2562 4269 2741 4351 φλογὶ
2761 4282 3078 4351 βασάνους
3100 4284 3253 4353 φησι
3275 4298 3289 4313 ’
3317 4281 3468 4336 κατὰ
3504 4282 3619 4350 τὴν
3636 4283 3707 4337 ἐν

439 4383 563 4437 tem,
600 4388 705 4427 non
736 4380 793 4424 ut
849 4370 1071 4442 dignum
1123 4380 1172 4426 et
1211 4386 1311 4440 par
1349 4382 1489 4435 erat,
1523 4373 2021 4446 ptenitentiamege-

2128 4372 2211 4438 τῷ
2235 4374 2579 4444 Εὑαγγελίῳ
2604 4374 2981 4443 παραϐολὴν,
3001 4377 3137 4444 περι
3164 4391 3227 4428 τε
3252 4373 3358 4429 τοῦ
3381 4375 3702 4441 πλουσίου,

439 4475 563 4522 runt
596 4467 647 4521 in
678 4465 901 4535 ﬂamma
931 4464 1265 4535 afﬁciuntur,
1284 4464 1447 4533 juxta
1468 4464 1779 4532 parabolam
1799 4465 2021 4538 Evange-

2132 4465 2357 4520 καὶτοῦ
2378 4465 2663 4535 Λαζάρου.
2689 4464 2887 4535 Δῆλον
2904 4467 3015 4537 γὰρ
3036 4467 3125 4522 ὅτι
3146 4462 3335 4523 ταῦτα
3353 4462 3469 4521 ὧδε
3494 4466 3707 4536 μέμνη-

441 4550 601 4613 licam
628 4559 692 4611 de
713 4556 875 4610 divite
930 4563 981 4609 et
1036 4551 1249 4608 Lazaro
1309 4554 1350 4607 ι.
1408 4552 1758 4623 Perspicuum
1780 4564 1858 4609 est
1886 4557 2021 4612 enim

2130 4573 2224 4609 ται
2245 4553 2354 4624 τῆς
2377 4555 2722 4624 παραϐολῆς
2744 4555 2824 4622 τῷ
2851 4557 3061 4621 ειπεῖν,
3078 4557 3115 4627 ἢ
3147 4558 3287 4627 πυρὶ
3319 4559 3705 4628 καθαιρομένη

439 4654 577 4723 quod
599 4648 757 4719 hujus
776 4647 860 4700 hic
887 4645 1159 4716 parabola:
1189 4645 1426 4700 meminit
1466 4646 1591 4700 dum
1622 4648 1776 4712 dicit,
1805 4649 1883 4703 vel
1910 4650 2021 4721 igne

2135 4647 2332 4718 (τοῦτο
2366 4647 2463 4703 διὰ
2494 4647 2602 4701 τὸν
2635 4650 2978 4719 πλούσιον),
3006 4650 3047 4720 ἢ
3075 4648 3150 4719 τῇ
3185 4650 3385 4719 δρόσῳ
3408 4649 3517 4719 τῆς
3536 4651 3708 4706 εὐλοσ

314 4737 323 4749 ’
440 4750 663 4814 purgata
690 4740 806 4813 (hoc
819 4738 1030 4808 propter
1046 4736 1304 4809 divitem),
1331 4737 1406 4793 vel
1435 4738 1490 4791 in
1506 4755 1623 4794 rore
1651 4739 2021 4798 benedictionis

2135 4740 2269 4811 τείας
2316 4740 2798 4810 ἐναποψύχουσα
2841 4740 3054 4813 (τοῦτο
3101 4742 3200 4798 διὰ
3246 4743 3357 4798 τὸν
3398 4743 3700 4814 Λάζαρον).

442 4835 780 4905 refrigerata,
803 4830 921 4903 (hoc
941 4840 1152 4900 propter
1166 4827 1476 4900 Lazarum).
1494 4831 1559 4885 At
1578 4832 1673 4886 illa
1686 4833 1822 4901 justi
1832 4832 2021 4902 judicii

2146 4831 2209 4886 Ἠ
2233 4830 2301 4884 δὲ
2322 4831 2630 4901 ἀπόφασις
2649 4830 2755 4887 τοῦ
2775 4831 3009 4889 δικαίου
3025 4834 3250 4902 κριτοῦ,
3284 4853 3304 4887 t
3328 4835 3707 4889 Ἀπελεύσον-

442 4924 722 4987 sententia,
760 4939 779 4973 ι
814 4919 1043 4974 Abibunt
1101 4918 1394 4990 Mquidem
1449 4920 1518 4973 ad
1549 4933 1802 4976 internum
1828 4923 2032 4992 suppli-

440 5016 604 5077 cium,
626 5012 761 5080 justi
783 5022 899 5065 vero
922 5009 989 5063 ad
1018 5010 1177 5064 vitam
1204 5018 1458 5065 aternam
1486 5025 1505 5066 :
1546 5012 1598 5065 ἰ
1646 5006 1879 5067 nondum
1907 5024 2032 5071 ante

430 5098 700 5177 judicium
733 5102 904 5156 locum
929 5101 1081 5155 habet
1113 5101 1167 5154 in
1203 5099 1311 5154 his.

516 5190 620 5251 Sed
669 5194 814 5249 haud
845 5193 962 5249 scio
1004 5192 1280 5263 quomodo
1309 5192 1424 5247 haec
1447 5192 1515 5248 de
1566 5192 1882 5265 hujusmodi
1913 5198 2030 5254 ani-

443 5300 529 5342 ma
562 5287 807 5359 cogitare
836 5293 1111 5357 oporteat.
1146 5282 1354 5340 Nomen
1379 5285 1524 5341 enim
1562 5284 1944 5345 retributionis
1977 5296 2033 5346 et

446 5377 911 5434 remunerationis
960 5376 1167 5447 aliquid
1205 5383 1459 5447 oportere
1487 5391 1715 5449 prorsus
1748 5388 1875 5435 ante
1901 5395 2033 5451 prae-

445 5468 1147 5542 bitumessesigniﬁcatwt
1178 5467 1227 5524 ei
1255 5470 1349 5540 qui
1374 5470 1597 5525 omnino
1617 5486 1725 5526 non
1759 5471 1893 5527 vixit
1922 5487 2031 5526 ma-

448 5557 798 5634 teriaaliqu’id
822 5560 1094 5633 praebendi
1130 5562 1394 5633 praerepta
1411 5555 1523 5620 est.
1546 5563 1605 5621 In
1622 5563 1823 5635 quibus
1846 5574 2026 5621 autem

521 5734 542 5770 ¹
574 5734 703 5791 Luc,
741 5750 851 5798 ινι,
897 5735 960 5790 19
996 5750 1115 5806 ειμι.
1196 5740 1213 5769 ¹
1256 5735 1440 5790 Matth.
1485 5753 1606 5799 xxv,
1644 5737 1728 5791 Mi.

2135 4940 2230 4977 ται
2254 4918 2421 4980 οὗτοι
2443 4922 2563 4992 μὲν
2582 4924 2670 4989 εις
2698 4922 2938 4979 αἰώνιον
2954 4926 3237 4992 κόλασιν,
3290 4930 3345 4981 οἱ
3391 4926 3461 4979 δὲ
3497 4924 3707 4981 δίκαιοι

2130 5017 2219 5083 εὶς
2249 5013 2403 5085 ζωὴν
2426 5015 2668 5070 αὶώνιον
2683 5031 2697 5046 ·
2727 5034 2747 5070 ι
2769 5017 2934 5072 οὔπω
2954 5018 3068 5087 apd
3096 5017 3209 5087 τῆς
3242 5019 3499 5088 κρίσεως
3518 5018 3712 5089 χώραν

2130 5105 2259 5176 ἔχει
2287 5106 2358 5160 ἐν
2394 5107 2651 5175 τούτοις.

2215 5196 2356 5251 Ἀλλ’
2389 5198 2491 5253 οὐκ
2524 5194 2641 5254 οἶδα
2665 5200 2784 5266 πῶς
2830 5199 2938 5273 χρὴ
2961 5199 3133 5255 ταῦτα
3166 5201 3296 5274 περὶ⁹
3337 5199 3440 5270 τῆς
3464 5200 3711 5268 τοιαύτης

2131 5276 2386 5360 ἐννοῆσαι
2426 5289 2627 5362 ψυχῆς.
2663 5292 2737 5346 Τὸ
2776 5292 2886 5365 γὰρ
2926 5293 3028 5363 τῆς
3049 5291 3371 5356 ἀντιδόσεως
3418 5292 3605 5362 ὄνομα,
3653 5292 3711 5342 ea

2129 5381 2327 5453 κρῆναί
2354 5399 2406 5435 τι
2435 5383 2653 5448 πάντως
2673 5383 3192 5457 προπαρασχεθῆναι
3221 5382 3498 5455 σημαίνει,
3524 5380 3619 5435 τοῦ
3652 5380 3710 5435 δὲ

2130 5471 2207 5543 μὴ
2224 5469 2549 5542 βεϐιωκότος
2565 5472 2723 5537 ὅλως,
2743 5472 2778 5545 ἡ
2798 5472 2897 5543 ὕλη
2918 5473 3014 5528 τοῦ
3044 5491 3097 5529 τι
3127 5475 3431 5547 παρασχεῖν
3457 5472 3707 5544 παραφή-

2132 5581 2309 5636 ρηται.
2327 5562 2444 5635 Ἐφ’
2460 5557 2537 5621 ὧν
2551 5564 2608 5619 δὲ
2622 5564 2767 5629 δόσις
2786 5566 2885 5620 οὐκ
2900 5564 3067 5633 ἐστιν,
3086 5566 3208 5621 οὐδὲ
3229 5554 3497 5631 ἀντίδοσις
3513 5565 3709 5638 κυρίως
