3896 6208
226 248 332 311 Ιϐθ

969 242 1076 310 ’ΒΕ
1111 258 1523 316 INFANTIBUS
1570 260 1690 327 QUI
1726 258 2184 316 rnmuuuaa
2231 258 2720 315 ABRIPIUNTUR.

3378 259 3479 316 170

225 370 679 440 ονομασθήσεται.
705 370 797 441 Μὴ
812 369 978 441 οὔσης
995 372 1051 424 δὲ
1067 374 1165 442 τῆς
1180 373 1517 438 ἀντιδόσεως,
1536 374 1657 428 οὗτε
1675 377 1811 442 ἀγα-

1935 373 2063 428 latio
2100 387 2208 427 non
2246 379 2350 437 est,
2385 387 2483 427 nec
2504 378 2877 442 compenSatio
2906 371 3127 441 quidem
3163 380 3217 429 et
3247 372 3484 428 retribu-

227 465 327 516 θόν
361 463 510 515 ἐστιν
530 461 650 517 οὔτε
674 461 844 515 κακὸν
868 462 930 516 τὸ
953 466 1072 518 κατ’
1103 465 1294 521 ἐλπίδα
1322 466 1699 536 προκείμενον.
1740 465 1813 517 Τὸ

231 554 348 627 γὰρ
379 555 547 625 ὄνομα
578 553 756 618 τοῦτο,
792 555 900 609 τῶν
940 555 1063 610 καθ’
1090 558 1347 628 ἑκάτερον
1370 558 1671 627 νοουμένων
1718 557 1812 627 τὴν

234 644 471 717 ἀμοιϐὴν
507 644 897 714 ἐπαγγέλλεται
916 663 929 676 ·
962 645 1025 700 τὸ
1056 646 1111 700 δὲ
1142 649 1277 719 μήτε
1305 650 1363 701 ὲν
1390 646 1578 716 ἁγαθῷ
1601 648 1735 717 μήτε
1756 648 1814 698 ἐν

236 738 396 809 κακῷ
426 737 834 810 εὑρισκόμενον,
865 740 924 793 έν
957 739 1132 793 οὐδενὶ
1153 741 1370 804 πάντως
1403 740 1550 793 ἐστίν
1570 756 1585 771 ’
1613 740 1814 808 ἄμεσος

235 827 347 897 γὰρ
369 828 513 899 ήτῆς
529 825 789 897 τοιαύτης
807 827 1133 891 ἀντιθέσεως
1153 830 1483 899 ἐναντιότης,
1507 830 1541 899 ἡ
1566 827 1658 880 τοῦ
1678 828 1816 895 ἀγα-

237 917 333 971 θοῦ
365 916 573 971 καὶτοῦ
600 916 793 979 κακοῦ,
821 917 984 986 λέγω,
1017 911 1092 972 ὧν
1115 919 1397 992 οὐθέτερον
1426 920 1574 973 ἔσται
1594 960 1608 986 ,
1636 918 1712 989 τῷ
1741 919 1815 990 μὴ

237 1010 469 1080 θατέρου
490 1010 920 1080 accipiant.“
935 1008 1100 1079 οὖνζὲν
1122 1012 1310 1083 μηδενὶ
1329 1012 1387 1065 ὃν
1413 1012 1561 1066 οὐδὲν
1578 1007 1712 1066 εἷναί
1735 1029 1817 1074 τις

237 1102 383 1153 εἴποι
416 1100 577 1164 ὅλως.
606 1100 668 1155 El
696 1101 753 1155 δέ
780 1119 865 1164 τις
896 1103 958 1154 τὸ
984 1103 1221 1157 τοιοῦτον
1251 1105 1345 1157 καὶ
1366 1099 1504 1156 εἶναι
1535 1102 1701 1170 λέγοι,
1725 1101 1818 1154 καὶ

237 1194 298 1240 εν
330 1189 557 1257 ἀγαθοῖς
587 1186 747 1254 εἶναι,
780 1191 1033 1257 διδόντος,
1066 1193 1164 1246 οὐκ
1206 1193 1541 1255 ἀποδιδόντος
1562 1190 1656 1244 τοῦ
1682 1188 1817 1244 Θεοῦ

202 1286 213 1295 ⁸
242 1264 315 1333 τὲ
340 1280 522 1350 ἀγαθὰ
543 1284 655 1346 τοῖς
679 1282 963 1347 τοιούτοις,
1006 1284 1164 1338 ποίαν
1188 1284 1335 1352 λέγει
1366 1284 1464 1354 τῆς
1495 1279 1820 1353 ἀποκληριῦ-

245 1390 390 1437 σεως
437 1371 641 1443 ταύτης
694 1373 919 1441 αἱτίαν;
976 1374 1088 1428 Ποῦ
1134 1375 1196 1428 τὸ
1218 1375 1420 1428 δίκαιον
1455 1373 1822 1437 συναποδείξει

242 1468 324 1538 τῷ
347 1467 489 1537 λόγῳ
511 1485 526 1531 ;
560 1467 684 1530 Πῶς
706 1467 764 1521 δὲ
795 1470 915 1532 ταῖς
938 1466 1332 1536 Εύαγγελικαῖς
1359 1470 1562 1536 φωναῖς
1601 1466 1824 1536 σύμφω-

246 1576 338 1610 νον
367 1557 529 1622 δείξει
552 1558 614 1611 τὸ
642 1558 852 1629 νόημα;
884 1559 1030 1612 Ἐκεῖ
1054 1558 1561 1628 συναλλαγματικήν
1583 1572 1705 1610 τινα
1724 1555 1823 1626 τῆς

245 1647 531 1716 βασιλείας
542 1646 642 1716 τὴν
662 1647 929 1719 ἐμπορίαν
947 1649 1061 1711 τοῖς
1084 1646 1422 1717 ἀξιουμένοις
1435 1644 1823 1718 προσγίνεσθαι

244 1737 421 1804 λέγει.
466 1737 687 1808 Ἐπειδὴ
706 1718 897 1808 γὰρτὸ
922 1738 1018 1791 καὶ
1042 1736 1122 1802 τὸ,
1154 1738 1306 1807 φησὶ,
1335 1736 1692 1805 πεποιήκατε,
1723 1732 1821 1804 τὴν
1855 1718 1897 1776 Β

246 1828 539 1900 βασιλειαν
562 1828 861 1883 ἁντιλαόεῖν
888 1830 1010 1882 ἐστε
1034 1828 1250 1883 δίκαιοι.
1295 1826 1554 1882 Ἐνταῦθα
1582 1827 1638 1880 δὲ
1664 1826 1825 1897 μηδε-

245 1922 414 1990 μιᾶς,
435 1922 566 1989 μήτε
587 1920 857 1991 πράξεως,
884 1919 1021 1991 μήτε
1038 1919 1404 1991 προαιρέσεως
1427 1917 1687 1989 ὑπούσης,
1707 1918 1825 1970 τίνα

244 2012 451 2082 καιρὸν
476 2011 586 2082 ἔχει
616 2013 710 2064 καὶ
746 2010 956 2074 τούτοις
986 2011 1137 2083 παρὰ
1165 2008 1259 2064 τοῦ
1289 2010 1423 2063 Θεοῦ
1462 2008 1707 2078 γίνεσθαι
1735 2007 1828 2059 λέ-

242 2114 375 2163 γειν
408 2095 469 2148 τὸ
508 2096 566 2159 ἐξ
594 2096 830 2167 ἀμοιϐῆς
860 2096 1248 2166 ὲλπιζόμενον;
1292 2096 1341 2147 ει
1378 2094 1436 2147 δέ
1465 2112 1545 2157 τις
1569 2093 1829 2148 ἀϐασανίο

244 2204 399 2251 me;
423 2185 513 2240 τδν
541 2186 781 2239 τοιοῦτον
810 2185 1020 2253 δέξεται
1048 2185 1226 2253 λόγον,
1250 2185 1327 2249 ὡς
1363 2186 1578 2249 πάντως
1605 2186 1663 2237 έν
1692 2184 1829 2251 ἁγα-

245 2277 371 2339 θοίς
417 2275 678 2345 ἐσομένου
711 2276 804 2328 τοῦ
850 2275 1210 2347 παρελθόντος
1251 2274 1422 2339 οὕτως
1450 2276 1542 2328 ἐπὶ
1574 2274 1665 2328 τὸν
1693 2272 1827 2342 βίον,

246 2370 319 2420 ἐκ
367 2367 556 2419 τούτου
594 2366 1056 2437 μακαριστότερον
1105 2367 1506 2438 ἀναφανήσεται
1549 2366 1651 2436 τῆς
1687 2364 1831 2436 ζωῆς

249 2460 315 2512 τὸ
346 2460 420 2528 μὴ
454 2458 704 2529 μετέχειν
731 2457 896 2530 ζωῆς,
934 2460 1090 2528 εῐπερ
1118 2459 1311 2528 ἐκείνῳ
1345 2458 1443 2529 μὲν
1467 2456 1831 2529 ἀναμφίὸολος

246 2549 288 2619 ἡ
316 2548 431 2602 τῶν
458 2547 679 2617 ἀγαθῶν
700 2549 980 2619 μετουσία,
1007 2548 1108 2603 κᾶν
1132 2548 1420 2620 βαρϐάρων
1436 2546 1572 2619 τύχῃ
1607 2546 1831 2616 γονέων,

251 2642 357 2695 καὶ
398 2641 475 2713 μὴ
503 2640 876 2713 νενομισμένῳ
909 2641 1084 2714 κυηθῇ
1128 2641 1326 2715 γάμῳ·
1356 2640 1432 2712 τῷ
1458 2641 1514 2694 δὲ
1548 2640 1835 2712 βεϐιωκότι

249 2732 356 2786 τὸν
382 2733 625 2804 χωρητόν
673 2750 734 2786 τε
777 2734 871 2786 καὶ
898 2733 1129 2805 νόμιμον
1166 2737 1233 2806 τῇ
1266 2734 1424 2804 φύσει
1457 2735 1667 2807 χρόνον,
1703 2735 1837 2790 πάν-ι

250 2841 374 2887 τως
414 2824 450 2895 ἢ
474 2824 634 2877 πλέον
670 2825 704 2896 ἢ
751 2824 975 2878 ἔλασσον
1006 2826 1035 2878 ὁ
1064 2826 1165 2896 τῆς
1208 2827 1405 2891 κακίας
1462 2826 1737 2898 μολυσμὸς
1767 2830 1835 2898 τῇ

254 2916 381 2987 ζωῇ
410 2916 810 2986 καταμίγνυται
833 2934 847 2946 ·
877 2917 934 2988 ἢ,
964 2917 1012 2970 εἰ
1040 2917 1225 2987 μέλλοι
1260 2918 1537 2983 παντελῶς
1575 2919 1673 2990 τῆς
1702 2919 1838 2991 πρὸς

253 3004 323 3060 τὸ
374 3007 543 3061 κακὸν
576 3008 859 3072 κοινωνίας
892 3008 1047 3073 ἐκτὸς
1084 3005 1243 3072 εἶναι,
1268 3009 1477 3064 πολλῶν
1509 3010 1657 3081 αὐτῷ
1682 3008 1837 3082 δεῖ[ν]

257 3096 509 3170 ἱδρώτων
535 3099 674 3171 πρὸς
701 3098 834 3152 αὐτὸ
860 3099 1018 3154 τοῦτο
1049 3100 1144 3155 καὶ
1169 3100 1364 3157 πόνων.
1393 3100 1470 3156 Οὐ
1496 3101 1604 3170 γὰρ
1634 3100 1842 3171 ἀκμητι

257 3190 626 3261 κατορθοῦται
647 3192 760 3255 τοῖς
784 3190 1056 3262 μετιοῦσιν
1075 3192 1245 3264 ἀρετὴ
1253 3190 1353 3265 [ν],
1369 3192 1491 3245 οὐδὲ
1510 3191 1705 3255 ἄπονός
1726 3193 1843 3244 ἐστι

256 3286 381 3346 τοῖς
393 3281 699 3351 ἀνθρώποις
711 3284 746 3353 ὴ
761 3282 869 3337 τῶν
886 3282 1204 3354 καθ’ήδονὴν
1219 3283 1588 3354 ἀλλοτρίωσις,
1606 3284 1747 3336 ὥστε
1764 3282 1844 3335 ἐνὶ

257 3373 378 3426 τῶν
399 3372 637 3443 ἀνιαρῶν
658 3372 719 3437 ἐξ
741 3373 1066 3445 ἀμφοτέρων
1089 3373 1470 3446 συνενεχθῆναι
1494 3374 1602 3428 δεῖν
1630 3373 1845 3437 πάντως

258 3467 360 3519 τὸν
380 3465 714 3535 μετασχόντα
722 3465 815 3519 τοῦ
830 3466 1186 3538 χρονιωτέρου
1205 3466 1390 3537 βίου,ἢ
1405 3465 1498 3519 νῦν
1514 3464 1592 3537 τῷ
1604 3463 1847 3535 ἒπιπόνῳ

259 3557 368 3625 τῆς
399 3555 598 3627 ἀρετῆς
622 3555 966 3620 έναθλοῦντα,
991 3556 1024 3625 ἢ
1050 3556 1171 3609 τότε
1198 3555 1285 3609 διὰ
1304 3556 1402 3626 τὴν
1421 3555 1479 3609 ὲν
1504 3554 1677 3625 κακίᾳ
1701 3552 1844 3624 ζωὴν

260 3650 333 3718 τῇ
369 3647 635 3700 ἁντιδόσει
678 3647 787 3701 τῶν
814 3645 1078 3715 ἀλγεινῶν
1106 3645 1437 3716 ὀδυνώμενον
1460 3661 1474 3675 ·
1530 3647 1626 3699 ἐπὶ
1652 3645 1710 3699 δὲ
1738 3645 1847 3699 τῶν

260 3738 472 3807 ἀώρων
510 3737 745 3791 τοιοῦτόν
780 3738 927 3791 ἐστιν
968 3736 1155 3791 οὐδέν’
1208 3737 1323 3791 ἀλλ’
1355 3736 1555 3801 εὐθέως
1597 3738 1632 3807 ἡ
1668 3737 1847 3808 ἀγαθὴ

260 3830 431 3901 λῆξις
475 3829 599 3891 τοὺς
626 3830 683 3881 ὲν
721 3829 897 3901 ἁωρίᾳ
940 3831 1310 3900 μεταστάντας
1334 3829 1640 3899 ἐκδέχεται,
1694 3829 1851 3900 εἴπερ

261 3917 537 3992 ἀληθεύει
560 3918 667 3972 τῶν
692 3919 855 3986 οὓτως
880 3920 1252 3991 ὑπειληφότων
1278 3922 1306 3974 ό
1348 3920 1523 3989 λόγος.
1554 3920 1762 3975 Οὐκοῦν
1787 3922 1853 3974 ἐκ

264 4014 377 4069 τοῦ
406 4012 699 4067 ἀκολούθου
742 4015 833 4067 καὶ
864 4013 959 4067 τοῦ
990 4011 1149 4082 λόγου
1176 4011 1544 4084 προτιμοτέρα
1577 4010 1853 4083 δειχθήσε-

264 4127 365 4162 ται
403 4111 438 4179 ἡ
475 4106 685 4175 ἀλογία,
735 4107 828 4160 xui.
857 4108 891 4177 ὴ
928 4103 1097 4177 ἀρετὴ
1134 4104 1345 4168 οὐδενὸς
1374 4102 1502 4171 ἀξία
1532 4103 1619 4158 διὰ
1648 4102 1852 4157 τούτων

268 4203 703 4269 ἀναφανήσεται.
760 4199 822 4251 Ei
861 4198 970 4269 γὰρ
1011 4197 1249 4268 μηδεμία
1287 4196 1477 4265 γέγονε
1507 4195 1680 4266 ζημία
1716 4195 1853 4266 πρὸς

268 4295 375 4361 τὴν
411 4291 521 4344 τῶν
561 4289 783 4359 ἀγαθῶν
818 4288 1106 4360 μετουσίαν
1148 4286 1242 4358 τῷ·
1274 4286 1350 4359 μὴ
1400 4288 1722 4358 μετασχόντι
1756 4289 1854 4358 τῆς

270 4384 479 4455 ἀρετῆς
500 4424 512 4442 .
570 4384 800 4454 μάταιον
844 4381 910 4434 ἂν
942 4380 1025 4453 εἴη
1055 4380 1117 4433 τὸ
1152 4380 1279 4449 περὶ⁹
1317 4378 1520 4449 ταύτην
1553 4382 1733 4432 πονεῖν
1761 4377 1852 4431 καὶ

270 4475 555 4545 ἀνόνητον,
590 4476 685 4545 τῆς
727 4472 925 4541 ἀλόγου
961 4471 1345 4534 καταστάσεως
1377 4472 1435 4524 ἐν
1478 4472 1544 4542 τῇ
1589 4470 1684 4524 τοῦ
1717 4469 1853 4524 Θεοῦ

1915 467 1991 521 tio
2020 467 2239 536 praprie
2286 464 2676 521 nominabitur.
2711 462 2813 518 Ubi
2838 474 3017 521 autem
3046 465 3336 520 retributio
3374 480 3481 519 non

1914 564 2019 620 est,
2054 570 2230 627 neque
2256 555 2460 609 bonum
2512 570 2690 621 neque
2730 555 2952 618 malum,
3003 556 3148 625 quod
3185 558 3268 610 vel
3301 571 3486 625 spere-

1916 654 2024 712 tur,
2062 647 2148 701 vel
2176 654 2471 708 metuatur,
2505 648 2845 716 propositum
2881 654 2985 702 est.
3019 646 3078 701 ld
3099 648 3244 703 enim
3285 663 3484 703 nomen

1915 752 2125 801 eorum,
2148 752 2267 807 quae
2290 737 2343 791 in
2365 736 2678 790 alterutram
2698 743 2901 806 partem
2926 736 3321 807 intelliguntur,
3342 753 3487 792 com-

1915 822 2291 891 pensationem
2319 828 2375 877 et
2406 822 2819 878 retributionem
2867 825 3174 895 promittit;
3206 826 3350 894 quod
3388 841 3488 879 au-

1918 922 2026 970 tem
2045 929 2221 984 neque
2245 915 2298 967 in
2327 915 2469 969 bono
2494 930 2669 985 neque
2691 916 2745 969 in
2774 916 3226 982 maloinvenitur,
3258 918 3313 972 in
3342 919 3488 972 nulla

1919 1021 1978 1062 re
2004 1006 2234 1075 prorsus
2255 1016 2337 1061 est
2365 1025 2377 1059 :
2410 1005 2533 1060 sine
2570 1007 2747 1062 medio
2773 1017 2854 1063 est
2875 1008 3016 1063 enim
3035 1009 3300 1077 ejusmodi
3318 1024 3488 1078 oppo-

1919 1096 2135 1153 sitionis
2162 1098 2541 1162 contrarietas,
2580 1098 2708 1153 boni
2738 1111 2791 1153 et
2823 1099 2949 1153 mali
2989 1099 3229 1169 inquam,
3261 1115 3491 1169 quorum

1921 1192 2176 1240 neutrum
2245 1184 2526 1254 continget
2555 1185 2601 1240 ei
2658 1186 2750 1255 qui
2781 1201 2890 1240 non
2928 1187 3157 1242 alterius
3182 1188 3491 1257 exemplum

1921 1282 1974 1329 et
2019 1276 2292 1345 specimen
2312 1275 2621 1345 praebuerit.
2651 1274 2808 1340 Quod
2840 1276 3005 1345 igitur
3032 1276 3084 1330 in
3118 1278 3266 1330 nulla
3296 1292 3354 1332 re
3386 1287 3492 1335 est.

1923 1382 1992 1422 ne
2010 1383 2132 1423 esse
2161 1368 2380 1438 quidem
2410 1382 2637 1437 prorsus
2658 1367 2859 1436 aliquis
2883 1367 3104 1421 dixerit.
3126 1367 3279 1433 Quod
3301 1369 3346 1421 si
3370 1370 3496 1437 quis

1925 1459 2034 1513 tale
2060 1467 2115 1513 et
2149 1474 2272 1514 esse
2297 1468 2352 1513 et
2378 1458 2434 1512 in
2483 1459 2643 1514 bonis
2672 1474 2796 1514 esse
2841 1456 3009 1522 dicat,
3044 1459 3155 1514 Deo
3204 1461 3344 1513 bona
3372 1461 3495 1513 tali-

1924 1550 2028 1607 bus
2058 1550 2241 1617 daute,
2278 1566 2387 1605 non
2421 1552 2699 1616 reddente,
2730 1567 2893 1622 quam
2930 1552 3096 1621 hujus
3120 1552 3496 1607 attributionis

1926 1656 2151 1696 causam
2205 1640 2439 1697 atteret?
2470 1643 2558 1698 ubi
2609 1643 2877 1713 justitiam
2914 1645 2968 1699 in
2994 1644 3098 1699 bac
3143 1644 3497 1699 attributione

1926 1731 2089 1786 simul
2122 1731 2302 1787 inesse
2332 1733 2581 1787 oratione
2625 1733 3061 1791 demonstrabit?
3090 1734 3373 1800 Quomodo
3401 1749 3499 1788 au-

1925 1833 2030 1877 tem
2061 1824 2200 1878 hanc
2240 1823 2552 1893 opinionem
2583 1840 2707 1880 cum
2746 1825 3087 1898 Evangelicis
3119 1828 3346 1883 vocibus
3368 1843 3499 1883 con-

1926 1914 2240 1970 cordantem
2272 1917 2557 1972 ostendet?
2583 1915 2699 1973 lllic
2725 1918 2945 1988 quidem
2970 1928 3224 1989 tanquam
3250 1935 3314 1975 ex
3337 1935 3500 1990 nego-

1928 2007 2009 2061 tio
2040 2015 2326 2063 contracto
2357 2024 2581 2080 regnum
2620 2025 2717 2067 eos
2741 2011 2834 2081 qui
2889 2010 3036 2081 digni
3064 2011 3336 2067 habentur
3367 2029 3499 2066 con-

1929 2106 2220 2155 secuturos
2241 2114 2363 2155 esse
2386 2100 2538 2156 dicit.
2571 2101 2842 2167 Quoniam
2864 2103 3013 2158 enim
3039 2104 3142 2159 hoc
3179 2117 3232 2160 et
3257 2105 3380 2171 hoc,
3412 2106 3500 2160 in-

1928 2189 2068 2258 quit.
2094 2188 2323 2256 fecistis,
2350 2207 2564 2263 tequum
2593 2201 2700 2258 est,
2753 2202 2811 2248 ut
2839 2210 3064 2265 regnum
3098 2196 3219 2250 loco
3257 2212 3503 2252 remune-

1930 2280 2160 2338 rationis
2187 2283 2492 2355 accipiatis.
2525 2283 2625 2340 Hic
2647 2300 2776 2341 vero
2820 2301 2944 2341 cum
2980 2288 3187 2341 nullum
3214 2303 3390 2357 neque
3420 2289 3503 2342 fa.

1932 2380 2082 2428 ctum
2110 2389 2287 2444 neque
2341 2376 2594 2432 voluntas
2628 2377 2824 2442 subsit,
2855 2393 2961 2448 qua
3008 2379 3222 2435 ratione
3266 2388 3320 2434 et
3345 2395 3504 2435 occa-

1934 2466 2089 2522 sione
2117 2466 2241 2536 quis
2266 2466 2410 2524 dicet
2434 2469 2599 2524 etiam
2628 2469 2713 2523 bis
2735 2485 2766 2523 a
2795 2469 2905 2525 Deo
2930 2470 3247 2541 contingere
3277 2472 3329 2525 id
3360 2473 3505 2541 quod

1935 2571 2002 2611 ex
2063 2557 2423 2613 retributione
2447 2566 2500 2613 et
2529 2560 2975 2629 compensatione
3031 2562 3318 2631 speratur?
3349 2562 3505 2625 Quod

1937 2648 1987 2703 si
2007 2649 2131 2718 quis
2159 2649 2277 2704 sine
2305 2649 2412 2704 ulla
2438 2651 2761 2705 exeussione
2793 2659 2847 2704 et
2871 2652 3272 2706 examinatione
3319 2653 3509 2722 hujus—

1936 2736 2085 2793 modi
2136 2724 2455 2809 opinionem'
2476 2738 2855 2808 amplectetur,
2892 2740 3050 2810 quasi
3079 2756 3305 2810 prorsus
3334 2743 3389 2795 in
3420 2743 3510 2797 bo-

1939 2831 2027 2885 nis
2055 2827 2272 2884 futurus
2307 2830 2378 2883 sit
2408 2830 2455 2883 is
2485 2829 2578 2898 qui
2605 2828 2705 2884 hoc
2730 2832 2893 2885 modo
2920 2831 3182 2901 prodierit
3234 2833 3291 2885 in
3322 2832 3510 2899 vitam,

1940 2932 2006 2973 ex
2023 2917 2127 2971 hac
2160 2916 2420 2986 opinione
2448 2918 2673 2973 meliore
2702 2918 3016 2974 conditione
3045 2919 3365 2990 lpeatiorque
3393 2936 3516 2977 esse

1941 3006 2220 3063 videbitur
2253 3010 2344 3079 qui
2368 3009 2491 3064 vitae
2516 3010 2790 3081 particeps
2820 3013 3047 3066 omnino
3079 3028 3189 3067 non
3214 3020 3321 3078 est,
3350 3028 3515 3083 quam

1947 3098 2042 3169 qui
2076 3100 2227 3165 vivit,
2261 3100 2306 3155 si
2338 3100 2553 3170 quidem
2584 3100 2674 3155 ille
2690 3102 3062 3173 proculdubio
3092 3103 3356 3159 bonorum
3388 3120 3516 3174 paro

1947 3191 2122 3262 ticeps
2149 3192 2275 3256 erit,
2336 3194 2500 3247 etiam
2535 3194 2581 3248 si
2611 3192 2883 3249 Barbaros
2935 3203 3189 3264 parentes
3216 3195 3415 3250 habeat
3463 3207 3519 3251 et

1944 3280 2114 3351 justis
2137 3282 2504 3353 legitimisque
2524 3284 2732 3353 nuptiis
2758 3294 3057 3354 conceptus
3088 3301 3200 3340 non
3235 3267 3343 3351 sit;
3373 3286 3519 3340 illius

1951 3384 2132 3429 autem
2161 3374 2309 3439 vitae,
2341 3376 2436 3445 qui
2470 3374 2524 3429 id
2574 3375 2720 3445 quod
2770 3384 2966 3431 natura
3011 3379 3156 3448 capit
3199 3387 3361 3449 atque
3389 3394 3522 3433 cou-

1951 3469 2148 3534 suevit,
2172 3469 2404 3523 vivendo
2438 3479 2651 3538 tempus
2693 3470 2955 3540 exegerit,
2981 3485 3208 3540 prorsus
3239 3471 3321 3527 vel
3347 3472 3523 3541 major

1949 3556 2037 3611 vel
2093 3557 2274 3610 minor
2318 3557 2696 3628 coinquinatio
2747 3557 3063 3614 vitiositatis
3101 3560 3522 3626 admiscebitur;

1952 3654 2049 3703 aut
2067 3648 2114 3704 si
2130 3649 2346 3717 penitus
2369 3664 2399 3702 a
2425 3650 2947 3704 communionemali
2981 3665 3186 3705 vacuus
3214 3651 3339 3715 erit,
3383 3651 3526 3705 mule

1956 3742 2029 3797 tis
2067 3742 2116 3797 ei
2178 3742 2247 3797 ad
2275 3743 2379 3796 hoc
2435 3742 2612 3811 ipsum
2657 3742 2951 3798 sudoribus
2973 3749 3027 3797 et
3058 3743 3339 3797 laboribus
3388 3758 3527 3812 opus

1953 3834 2074 3888 erit.
2105 3832 2222 3887 Non
2254 3834 2399 3888 enim
2426 3833 2634 3902 absque
2682 3834 2899 3905 negotio
2948 3834 3040 3904 qui
3089 3834 3275 3889 virtuti
3307 3833 3530 3891 student

1955 3940 2075 3980 eam
2107 3933 2512 3994 assequuntur;
2556 3939 2732 3995 neque
2763 3925 2971 3995 absque
2992 3925 3180 3981 labore
3213 3925 3529 3981 hominibus

1956 4016 2248 4084 contingit,
2286 4024 2345 4070 ut
2373 4031 2402 4068 a
2431 4015 2588 4071 malis
2640 4016 3014 4085 voluptatibus
3048 4015 3208 4071 alieni
3231 4017 3362 4081 sint,
3395 4017 3531 4070 adeo

1957 4116 2017 4159 ut
2047 4120 2273 4175 prorsus
2302 4113 2551 4174 Oporteat
2583 4120 2706 4161 eum
2736 4107 2830 4174 qui
2856 4106 3062 4160 diutius
3092 4108 3144 4159 in
3174 4107 3285 4160 vita
3313 4107 3531 4160 futurus

1956 4197 2049 4262 sit,
2080 4196 2250 4251 altero
2276 4212 2343 4250 ex
2410 4196 2622 4250 duobus
2672 4195 2917 4249 molestis
2956 4195 3298 4264 implicatum
3335 4195 3531 4249 conﬂi~

1957 4289 2112 4351 ctari,
2147 4287 2228 4342 vel
2263 4301 2409 4340 nunc
2442 4287 2497 4340 in
2522 4287 2793 4341 laborioso
2811 4286 3072 4341 exercitio
3101 4288 3319 4343 virtutis
3345 4287 3534 4343 decer-

1961 4378 2292 4445 tantem,vel
2317 4386 2445 4432 tunc
2472 4389 2692 4447 propter
2722 4375 2884 4430 vitam
2916 4392 3011 4446 per
3042 4378 3306 4432 malitiam
3345 4388 3400 4434 et
3436 4395 3535 4434 ne-

1960 4470 2191 4541 quitiam
2254 4477 2610 4533 transactam,
2674 4469 2728 4521 in
2779 4469 3141 4524 retributione
3196 4470 3434 4525 tristium
3483 4479 3535 4526 ct

271 4568 461 4638 κρίσει
492 4565 944 4639 προτερευούσης.

1954 4562 2275 4618 acerbarum
2312 4576 2496 4617 rerum
2526 4560 2811 4615 cruciatus
2833 4568 2888 4615 et
2905 4561 3123 4617 dolores
3164 4562 3483 4617 tolerantem
3521 4580 3533 4616 :

273 4659 334 4713 in
378 4660 727 4729 praematuris
751 4666 934 4714 autem
964 4657 1103 4713 nihil
1126 4664 1214 4713 est
1242 4655 1536 4727 ejusmodi.
1564 4654 1670 4711 Sed
1702 4655 1956 4729 prolixius
1973 4669 2090 4719 eos,
2125 4655 2219 4723 qui
2251 4654 2538 4708 immatura
2565 4660 2724 4708 aetate
2750 4668 2817 4707 ex
2847 4652 2953 4707 hac
2975 4654 3085 4707 vita
3109 4653 3360 4709 translati
3386 4667 3534 4714 sunt.

270 4758 323 4813 si
383 4757 547 4814 modo
588 4772 719 4812 vera
752 4771 947 4812 eorum
1000 4756 1093 4827 qui
1153 4756 1229 4809 ita
1282 4754 1637 4825 suspicantur
1686 4760 1740 4835 et
1769 4752 2021 4819 credunt,
2053 4751 2238 4821 opinio
2270 4760 2386 4815 est,
2422 4748 2565 4804 bona
2613 4764 2736 4803 sors
2784 4756 2947 4818 atque
2995 4748 3237 4803 conditio
3306 4750 3531 4820 excipit.

271 4845 426 4919 Ergo
474 4862 541 4901 ex
592 4845 955 4915 consequenti
1018 4844 1252 4900 rationis
1318 4841 1566 4898 carentia
1607 4840 1771 4896 etiam
1817 4842 1937 4911 ipsa
1972 4840 2183 4895 ratione
2218 4856 2343 4896 esse
2385 4838 2732 4910 praestantior
2761 4845 2815 4893 et
2854 4838 3149 4908 optabilior
3185 4842 3536 4906 ostendetur,

264 4954 331 4996 et
366 4942 546 4997 virtus
574 4941 783 4996 nullius
812 4940 974 5011 pretii
1033 4955 1133 5010 per
1170 4939 1288 4995 haec
1345 4936 1651 5009 apparebit.
1706 4936 1840 4992 Nam
1878 4939 1922 4992 si
1973 4938 2185 4993 nullum
2221 4936 2484 4991 damnum
2550 4926 2617 4991 ac
2669 4934 3082 5000 detrimentum,
3133 4942 3398 5004 quantum
3475 4938 3540 4990 ad
3596 4996 3603 5017 |

266 5047 444 5089 nsum
466 5039 521 5085 et
554 5030 1028 5103 participationem
1070 5029 1339 5084 bonorum
1384 5029 1603 5093 attinet,
1651 5027 1853 5083 accidit
1878 5028 1930 5082 ei
1965 5029 2058 5100 qui
2095 5027 2370 5098 particeps
2400 5026 2619 5081 virtutis
2675 5040 2785 5079 non
2837 5023 2960 5090 fuit,
3000 5038 3203 5079 vanum
3256 5035 3311 5081 et
3354 5027 3544 5081 inutile

258 5125 403 5193 ejus
430 5122 672 5178 studium
700 5120 884 5181 fuerit,
928 5134 1051 5173 cum
1086 5128 1264 5175 status
1321 5129 1376 5173 et
1434 5119 1570 5173 ordo
1597 5118 1832 5174 rationis
1867 5133 2063 5189 expers
2093 5119 2307 5189 priores
2329 5124 2514 5187 partes
2546 5117 2600 5171 in
2624 5113 2832 5186 judicio
2862 5113 2955 5169 Dei
2997 5114 3264 5172 obtineat.

342 5221 538 5275 Ταῦτα
592 5222 656 5274 σὺ
712 5219 890 5273 πάντα
942 5219 1039 5272 καὶ
1084 5216 1156 5271 τὰ
1199 5216 1425 5272 τοιαῦτα
1459 5217 1833 5287 διανοούμενος

2039 5216 2166 5272 llaec
2197 5226 2252 5271 et
2291 5214 2562 5285 ejusmodi
2596 5214 2803 5293 omnia,
2854 5227 2978 5268 cum
3040 5213 3224 5267 animo
3289 5218 3543 5279 agitares,

249 5315 527 5380 ἐξετάσαι
566 5314 658 5367 τὸν
690 5315 821 5385 περὶ
871 5312 1058 5367 τούτου
1091 5311 1249 5380 λόγον
1296 5309 1638 5374 διεκελεύσω,
1668 5309 1744 5372 ὼς
1797 5308 1833 5363 ἂ

1966 5306 2223 5361 hortatus
2251 5320 2310 5358 es
2329 5318 2434 5367 me,
2470 5312 2530 5356 ut
2558 5304 2721 5371 hujus
2744 5303 2823 5357 rei
2858 5302 3123 5356 rationem
3156 5305 3453 5365 scrutarer,
3488 5307 3548 5353 ut

247 5410 413 5480 ἡμῖν
452 5405 545 5459 διὰ
572 5406 671 5475 τῆς
703 5404 997 5459 ἀκολούθου
1032 5404 1309 5474 ζητήσεως
1335 5400 1427 5453 ὲπί
1464 5416 1609 5463 τινος
1649 5398 1833 5469 βεϐαίο

1967 5411 2068 5468 per
2103 5403 2531 5462 consequentem
2562 5400 2617 5447 et
2637 5400 3063 5446 consentaneam
3095 5389 3454 5460 quaestionem
3484 5404 3549 5442 ac

246 5477 550 5569 έὸήματος
590 5499 625 5568 ἡ
659 5498 789 5568 περὶ
822 5495 987 5549 αὑτοῦ
1039 5493 1308 5567 ίδρυνθείη
1350 5491 1575 5546 διάνοια.
1622 5488 1764 5558 Ἐγὼ
1808 5490 1833 5543 δ

1970 5484 2400 5557 disputationem
2428 5482 2588 5538 nobis
2613 5481 2667 5536 iu
2690 5482 2868 5552 aliqua
2891 5481 3048 5535 ﬁrma
3066 5478 3323 5549 opinione
3352 5477 3420 5533 de
3453 5479 3555 5534 hac

244 5592 416 5663 πρὸς
446 5589 509 5642 τὺ
531 5588 899 5660 δυσθεώρητον
929 5587 1022 5643 τοῦ
1056 5586 1409 5659 προτεθέντος
1439 5584 1568 5654 ἡμῖν
1612 5581 1833 5651 σκέμμα

1975 5595 2033 5636 re
2054 5594 2209 5633 mens
2230 5584 2581 5633 statueretur.
2609 5573 2721 5646 Ego
2734 5589 2862 5629 vero
2889 5572 3332 5630 animadvertcns
3352 5586 3560 5642 quanta

238 5701 359 5747 τος
406 5681 643 5753 βλέπων,
688 5681 943 5753 ἁρμόζειν
993 5684 1094 5754 μὲν
1145 5675 1296 5751 οἴμαι
1334 5678 1427 5733 καὶ
1450 5675 1549 5748 τὴν
1580 5675 1675 5730 τοῦ
1709 5676 1833 5729 Ἀπί

1975 5668 2266 5729 difficultas
2295 5687 2358 5728 ac
2391 5668 2725 5742 perplexitate
2764 5666 2927 5726 insit‘
2954 5668 3108 5725 inca
3143 5682 3264 5738 quae
3301 5664 3469 5726 nobis
3503 5665 3569 5725 ad

518 5776 787 5839 Ριτιιοι..
826 5779 938 5839 Gn.
983 5775 1204 5843 XLVI.

3165 5766 3203 5826 θ
