3896 6208
516 327 611 409 tri

1742 335 1800 390 S.
1841 327 2100 389 CREGOI

2206 327 2499 383 NYSSEN!
3024 295 3029 301 ’
3559 374 3563 377 τ
3685 314 3784 369 ιτς

513 460 966 521 considerandum
1019 465 1074 514 et
1122 451 1601 525 contemplandum
1633 448 1910 521 proposita
1932 461 2080 517 qum-

2202 442 2369 496 πτόλου
2404 439 2585 511 φωνὴν
2630 437 2709 509 τῷ
2743 437 2965 509 παρόντι
2997 435 3159 504 λόγῳ,
3198 433 3263 503 ἢν
3292 430 3385 484 ἐπὶ
3414 429 3550 525 Δτῶν
3585 427 3784 525 Δἄνευρα

514 557 621 611 stio
649 562 754 617 est,
790 550 1078 607 convenire
1127 546 1348 619 quidem
1380 545 1575 616 opinor
1633 542 1799 598 etiam
1827 537 2082 610 praesenti

514 642 961 703 commentationi
1004 640 1361 712 apostolicam
1395 650 1608 699 vocem,
1648 649 1756 704 qua
1803 632 1894 686 ille
1948 645 2084 686 usus

515 747 596 793 est
621 740 675 792 in
704 736 892 790 arduis
925 741 980 789 et
1011 732 1211 789 mentis
1249 726 1566 800 cegitationi
1597 723 1894 781 inaccessis
1918 730 1973 776 et
1998 722 2084 775 in-

513 828 1102 900 comprehensibilibus
1155 821 1568 895 quaestionibus.
1600 836 1619 869 ι
1675 815 1999 875 Oallitudo,
2062 833 2082 866 ι

515 922 790 992 inquiens,
827 937 845 970 ι
883 918 1197 974 divitiarum
1252 924 1305 971 et
1346 910 1627 984 sapientia:
1661 917 1715 965 et
1759 905 2090 980 cognitionis

516 1014 608 1069 Dei
637 1015 650 1068 l
686 1012 858 1078 Quam
893 1007 1271 1066 inscrntabilia
1327 1003 1533 1075 judicia
1563 1002 1703 1071 ejus,
1735 1011 1789 1057 et
1809 999 2089 1075 investiga-

514 1103 655 1159 biles
680 1103 781 1157 viae
814 1101 934 1171 ejus
980 1102 993 1154 ι
1040 1098 1176 1166 Quis
1228 1096 1373 1153 enim
1412 1092 1667 1165 cognovit
1698 1092 1959 1148 mentem‘
1983 1088 2090 1145 Do-

517 1196 651 1250 mini
683 1196 746 1249 '?
779 1214 799 1247 ι
826 1193 931 1248 Sed
956 1195 1213 1263 quoniam
1241 1204 1434 1246 rursus
1459 1186 1755 1259 Apostolus
1784 1185 1859 1239 ait
1890 1184 1933 1249 ⁸,
1962 1197 2092 1255 pro-

518 1289 697 1359 prium
749 1285 1048 1357 spiritualis
1080 1300 1203 1340 esse
1251 1282 1432 1337 omnia
1495 1280 1754 1343 scrutari,
1802 1277 2086 1345 indagare,

517 1378 805 1449 exquirere
827 1384 881 1432 et
909 1376 1219 1431 examinare
1235 1414 1250 1440 ,
1278 1380 1438 1443 atque
1461 1369 1807 1427 commendat
1821 1384 1916 1424 eos
1945 1368 2037 1437 qui
2060 1382 2090 1421 a

518 1467 702 1522 divina
742 1465 915 1536 gratia
944 1464 1000 1519 in
1059 1466 1206 1520 omni
1258 1463 1470 1517 ratione
1500 1460 1761 1531 omnique
1782 1459 2094 1528 cognitione

521 1558 678 1612 ditati
742 1564 894 1620 sunt,
924 1564 1070 1611 recte
1132 1570 1219 1609 me
1263 1552 1538 1607 facturum
1583 1566 1707 1606 esse
1772 1563 1991 1613 censeo,
2023 1549 2090 1610 si,

516 1648 696 1719 quoad
727 1647 847 1716 ejus
894 1645 1009 1701 ﬁeri
1048 1645 1271 1716 poterit,
1319 1642 1728 1713 inquisitionem
1783 1647 1838 1695 et
1871 1638 2094 1695 investi-

518 1739 788 1810 gationem
842 1752 955 1816 non
984 1735 1275 1807 negligam,
1334 1749 1511 1805 neque
1547 1732 1689 1803 quod
1723 1732 1777 1786 in
1814 1731 1917 1786 his.
1945 1745 2093 1801 quaa-

2189 535 2348 587 ίκτων
2386 534 2591 595 ἐκεῖνος
2629 527 2919 598 πεποίηται
2953 526 3169 594 λέγων’·
3189 543 3207 574 ι
3230 523 3295 577 Ὢ
3341 519 3504 591 βάθος
3538 519 3784 574 πλούτοι

2186 628 2280 681 καὶ
2307 625 2497 696 σοφίας
2521 623 2613 676 καὶ
2643 620 2896 690 γνώσεως
2927 616 3062 671 Θεοῦ
3088 618 3102 670 l
3151 615 3239 678 Ὠς
3270 612 3687 684 ἀνεξερεύνητα
3720 612 3784 663 τό

2186 718 2428 791 κρίματα
2457 713 2640 778 αὑτοῦ,
2674 714 2767 786 κα).
2794 709 3183 779 ἀνεξιχνίαστοι
3207 707 3264 759 αἱ
3292 705 3399 759 ὁδοὶ
3431 701 3608 757 αὑτοῦ
3633 704 3647 756 ι
3692 700 3784 764 Τίς

2186 813 2295 883 γὰρ
2322 810 2460 879 έγνω
2505 807 2628 862 νοῦν
2654 803 2895 876 Κυρίου;
2941 820 2959 853 ι
3008 798 3227 870 Ἐπειδὴ
3254 797 3311 851 δὲ
3344 795 3511 850 πάλιν
3540 797 3573 848 ὁ
3621 793 3784 846 Ἀπό-

2189 902 2373 966 στολος
2402 900 2533 954 ἴδιον
2564 896 2657 951 τοῦ
2692 890 3063 965 πνευματικοῦ
3091 906 3223 959 φησι
3267 887 3329 940 τὸ
3359 884 3690 957 ἀνακρίνειν
3722 884 3784 935 τό

2188 988 2386 1053 πάντα,
2422 987 2516 1041 καὶ
2543 983 2861 1054 ἀποδέχεται
2887 981 3013 1042 τοὺς
3044 979 3194 1048 παρά
3220 976 3318 1046 τῆς
3360 974 3515 1038 θείας
3548 974 3784 1045 χάριτος

2190 1079 2607 1141 πλουτισθέντας
2638 1078 2697 1130 ὲν
2726 1072 2889 1127 παντὶ
2923 1071 3066 1141 λόγῳ
3091 1069 3186 1123 καὶ
3214 1066 3361 1137 πάσῃ
3386 1064 3594 1134 γνώσει
3615 1079 3629 1094 ·
3676 1081 3784 1118 κα-

2188 1173 2296 1237 λῶς
2341 1172 2483 1243 ἔχειν
2528 1171 2670 1239 φημὶ
2704 1165 2779 1237 μὴ
2811 1160 3248 1232 κατολιγωρῆσαι
3281 1159 3381 1226 τῆς
3412 1157 3655 1226 δυνατῆς
3698 1157 3784 1222 ἐξ·

2190 1266 2446 1328 ετάσεως,
2502 1261 2636 1333 μηδὲ
2682 1256 2943 1330 περιιδεῖν
2968 1254 3028 1307 τδ
3072 1250 3401 1323 ζητούμενον
3448 1251 3507 1303 ὲν
3563 1247 3784 1310 τούτοις

2190 1352 2544 1428 ἀνερεύνητόν
2600 1369 2657 1405 τε
2709 1350 2802 1404 καὶ
2867 1344 3209 1416 ἀθεώρητον,
3267 1341 3343 1405 ὡς
3389 1342 3456 1394 ἀν
3511 1340 3591 1411 μὴ
3659 1338 3784 1392 καθ’

2191 1447 2481 1517 ὁμοιότητα
2525 1442 2624 1512 τῆς
2668 1438 2761 1492 τοῦ
2809 1435 3192 1509 προϐλήματος
3235 1432 3568 1494 ὑποθέσεως,
3607 1432 3710 1484 καὶ
3761 1432 3784 1481 ό

2194 1536 2321 1608 περὶ
2366 1531 2529 1586 αὑτοῦ
2577 1531 2731 1598 λόγος
2761 1527 2956 1599 ἀτελὴς
2987 1524 3332 1595 ἀφανισθείη,
3372 1524 3405 1592 ἢ
3442 1524 3541 1577 καὶ
3570 1524 3784 1595 ἄωρος.

2193 1625 2445 1696 καθάπερ
2485 1641 2537 1677 τι
2577 1624 2768 1693 νήπιον
2819 1619 2930 1672 τῶν
2987 1617 3287 1688 ἀρτιτόκων
3333 1617 3463 1688 πρὶν
3518 1617 3606 1678 είς
3664 1614 3784 1683 φῶς

2196 1718 2476 1791 προελθεῖν
2519 1716 2614 1770 καὶ
2647 1712 2992 1784 ἀδρυνθῆναι,
3022 1704 3134 1763 οἷόν
3158 1724 3264 1763 τινι
3310 1707 3526 1777 θανάτῳ
3562 1709 3632 1778 τῇ
3680 1709 3784 1775 ῥα·-

520 1795 679 1892 ritur,
714 1829 789 1883 ita
820 1795 1114 1897 despiciam
1134 1795 1307 1897 atque
1332 1795 1697 1888 contemnam,
1723 1830 1781 1876 ut
1809 1821 1862 1877 id
1885 1823 2094 1891 absque

2202 1810 2365 1881 θυμία
2396 1808 2503 1862 τῶν
2535 1805 2670 1878 πρὸς
2698 1804 2795 1876 τὴν
2829 1802 3054 1875 ζήτησιν
3080 1800 3180 1871 τῆς
3220 1799 3477 1897 ἀληθείας
3505 1798 3784 1897 ’ἀτονούνς-

522 1922 855 1976 scrutatione
916 1928 1078 1989 atque
1147 1917 1604 1987 contemplatione
1654 1914 2090 1986 praetermittatur;

521 2027 592 2066 ne
622 2011 688 2066 ad
733 2009 1142 2065 similitudinem
1177 2007 1478 2079 argumenti
1521 2006 1812 2078 propositae
1842 2006 2095 2076 quaestio—

524 2102 634 2164 nis,
671 2102 847 2155 oratio
872 2115 1089 2171 quoque
1126 2099 1193 2154 de
1219 2114 1282 2155 ea
1311 2114 1370 2154 re
1413 2097 1728 2165 imperfecta
1782 2106 2093 2159 evanescat,

524 2193 609 2248 vel
640 2192 804 2247 etiam
832 2199 956 2247 ante
1007 2200 1221 2262 tempus
1254 2191 1421 2245 veluti
1464 2189 1647 2245 infans
1679 2190 1879 2260 aliQuis
1933 2189 2097 2243 modo

528 2292 708 2347 natus,
772 2285 1088 2354 priusquam
1142 2282 1196 2336 in
1230 2283 1404 2337 lucem
1459 2282 1685 2353 prodeat
1726 2292 1781 2339 et
1815 2292 2094 2355 augescat,

524 2383 781 2444 tanquam
841 2382 1014 2429 morte
1070 2374 1328 2444 quadam,
1390 2375 1444 2429 in
1489 2376 1792 2445 quaestione
1852 2377 2098 2433 veritatis

525 2464 894 2519 deﬁcientiqu
937 2465 1151 2535 ignavia
1201 2473 1365 2537 atque
1420 2466 1672 2521 socordia
1727 2467 1959 2523 intereat
2012 2474 2096 2520 at-

524 2571 631 2624 que
660 2562 1061 2624 corrumpatur.
1094 2553 1243 2608 Haud
1278 2554 1441 2625 igitur
1468 2555 1874 2610 incommodum
1905 2555 2097 2610 existi-

526 2661 635 2707 mo,
668 2660 775 2698 non
826 2646 1010 2699 statim
1047 2659 1076 2698 a
1135 2643 1284 2701 fonte
1344 2653 1399 2700 et
1452 2645 1611 2700 initio
1639 2661 1790 2701 more
1817 2653 2097 2701 oratorum

528 2735 580 2789 iu
609 2735 837 2804 judiciis
871 2736 1266 2790 decertantium
1296 2751 1419 2790 cum
1453 2737 1888 2806 Oppositionibus
1918 2737 2099 2807 impli-

526 2828 640 2881 ea’ri
674 2837 837 2896 atque
866 2825 1177 2897 conﬂigere,
1194 2827 1289 2882 sed
1325 2828 1558 2897 quodam
1581 2828 1811 2883 orationi
1846 2829 2101 2898 imposito

527 2917 740 2982 ordine,
778 2934 873 2988 per
925 2919 1371 2989 consequentiam
1435 2920 1728 2990 propositae
1785 2921 2102 2990 quaestionis

529 3008 831 3079 producere
856 3008 1388 3063 commentationem.
1415 3007 1675 3074 Quisnam
1708 3010 1872 3081 igitur
1897 3019 1982 3064 est
2015 3011 2102 3066 ille

528 3101 665 3155 ordo
685 3100 707 3153 ?
727 3098 902 3155 Nosse
925 3100 1160 3169 primum
1184 3099 1329 3155 unde
1359 3110 1552 3155 natura
1579 3100 1837 3165 humana,
1870 3109 1924 3155 et
1943 3100 2101 3171 cujus
2128 3123 2171 3181 ο

529 3191 608 3248 rei
642 3193 819 3261 gratia
854 3199 1141 3262 procreata
1193 3192 1285 3248 sit.
1317 3190 1374 3246 Si
1406 3192 1550 3247 enim
1583 3192 1696 3246 haec
1744 3208 1845 3247 nos
1884 3208 1991 3246 non
2022 3191 2104 3246 fu-

529 3284 729 3353 gerint,
755 3298 854 3337 nec
880 3298 909 3336 a
929 3283 1204 3353 pr0posita
1222 3283 1442 3353 quidem
1466 3283 1626 3339 nobis
1645 3284 2105 3339 commentatione

488 3370 494 3376 ’
529 3372 987 3428 aberraverimus.
1020 3371 1138 3427 Jam
1172 3388 1303 3427 vero
1363 3388 1757 3443 supervacuum
1793 3373 1955 3429 fuerit
1985 3387 2105 3427 ora-

529 3465 675 3519 tione
706 3464 956 3533 probare,
1006 3464 1150 3533 quod
1187 3464 1451 3534 quidquid
1499 3465 1799 3519 secundum
1832 3463 2000 3519 Deum
2050 3465 2105 3519 in

528 3569 712 3610 rerum
744 3562 963 3616 natura,
996 3561 1109 3606 tum
1166 3562 1350 3608 mente
1379 3556 1699 3625 percipitur,
1732 3564 1843 3609 tum
1868 3555 2105 3623 videtur,

526 3658 595 3699 ex
620 3643 740 3713 ipso
776 3641 886 3696 Deo
913 3641 1210 3697 essentiam
1246 3640 1442 3697 habeat
1476 3660 1489 3694 :
1520 3656 1644 3697 cum
1676 3658 1858 3711 nemo,
1888 3643 2106 3715 opinor.

527 3748 718 3789 eorum
750 3731 846 3802 qui
879 3739 1160 3800 utcunque
1206 3745 1391 3785 rerum
1420 3731 1705 3787 veritatem
1753 3731 2108 3800 contemplati

532 3824 759 3888 fuerint,
817 3820 1131 3892 hujusmodi
1191 3822 1503 3892 Opinionem
1549 3832 1965 3895 oppugnaturus
2015 3825 2107 3880 sit.

529 3912 758 3968 Constat
795 3912 939 3966 enim
974 3911 1115 3965 inter
1158 3926 1351 3966 omnes
1411 3928 1476 3967 ex
1526 3927 1632 3967 una
1679 3929 1845 3970 causa
1876 3914 2112 3985 pendere

530 4018 622 4059 res
654 4003 965 4067 universas,
999 4004 1314 4073 nullamque
1342 4018 1455 4058 rem
1479 4004 1651 4074 ipsam
1688 4020 1752 4059 ex
1785 4020 1905 4061 sese
1920 4020 2110 4061 essen-

532 4095 665 4149 tiam
720 4094 940 4157 habere,
973 4109 1149 4164 neque
1200 4093 1286 4149 sui
1318 4093 1493 4164 ipsius
1527 4095 1853 4166 principium
1888 4104 1942 4150 et
1989 4110 2113 4150 eau-

532 4199 649 4241 sam
674 4200 830 4249 esse,
879 4183 973 4240 sed
1003 4200 1166 4240 unam
1213 4185 1432 4256 quidem
1501 4200 1625 4241 esse
1686 4195 1934 4240 naturam
2002 4203 2111 4242 non

534 4283 771 4333 creatam
846 4283 901 4332 et
972 4277 1386 4348 sempiternam,
1438 4292 1560 4347 quae
1594 4292 1811 4349 semper
1861 4278 2112 4333 similiter

534 4375 590 4423 et
622 4366 812 4423 eodem
847 4366 1010 4423 modo
1064 4383 1187 4423 sese
1212 4367 1433 4432 habeat,
1474 4368 1621 4422 omni
1657 4368 1992 4424 intervallari
2026 4368 2113 4423 in-

2195 1918 2303 1955 των
2353 1897 2813 1968 διαφθειρόμενος.
2859 1893 3005 1965 Φημὶ
3054 1890 3234 1945 τοίνυν
3279 1889 3462 1953 καλῶς
3502 1887 3657 1958 ἔχειν
3708 1888 3784 1959 μὴ

2198 1988 2501 2064 ῥητορικῶς
2547 2005 2604 2041 τε
2653 1980 2749 2042 καὶ
2783 1982 3157 2054 ἀγωνιστικῶς
3206 1980 3366 2043 εὐθὺς
3414 1979 3557 2033 κατά
3601 1979 3784 2048 στόμα

2199 2085 2333 2158 πρὸς
2391 2082 2687 2145 ἀντιθέσεις
2748 2076 3188 2150 συμπλέκεσθαι,
3242 2073 3380 2128 ἀλλά
3438 2089 3559 2127 τινα
3622 2071 3781 2135 τάξιν

2197 2173 2483 2237 ἐπιθέντας
2510 2171 2587 2243 τῷ
2622 2170 2785 2241 λόγῳ,
2813 2169 2879 2223 δι’
2909 2165 3201 2221 ἀκολούθου
3230 2163 3492 2234 προάγειν
3517 2161 3621 2233 τὴν
3649 2179 3717 2214 πε
3729 2162 3781 2230 pi

2197 2262 2290 2317 τοῦ
2318 2249 2720 2334 ’προϐλήματος
2773 2256 3026 2329 θεωρίαν.
3080 2247 3176 2319 Τίς
3226 2250 3320 2309 οὖν
3371 2256 3404 2324 ἡ
3458 2253 3649 2318 τάξιςς
3704 2253 3780 2304 Τὸ

2199 2354 2400 2424 γνῶναι
2446 2351 2660 2423 πρῶτον
2701 2350 2822 2404 ὅθεν
2867 2351 2902 2421 ἡ
2949 2346 3261 2419 ἀνθρωπίνη
3301 2345 3478 2413 φύσις,
3516 2348 3612 2397 καὶ
3651 2345 3780 2397 ὅτου

2201 2448 2359 2518 χάριν
2388 2441 2551 2517 ἦλθεν
2577 2445 2658 2506 είς
2686 2441 2917 2511 γένεσιν.
2951 2440 3011 2493 Εἰ
3045 2435 3152 2510 γάρ
3189 2436 3393 2490 τούτων
3425 2436 3498 2507 μὴ
3536 2435 3779 2508 διαμάρ-

2199 2555 2405 2608 τοιμεν,
2448 2535 2568 2589 οὐδὲ
2603 2534 2700 2603 τῆς
2740 2530 3107 2603 προκειμένης
3152 2530 3284 2599 ἡμῖν
3330 2527 3561 2599 θεωρίας
3587 2530 3777 2597 ἡμαρ-

2200 2629 2424 2699 τηκότες
2471 2625 2726 2695 ἐσόμεθα.
2756 2624 2829 2676 Τὸ
2868 2623 2965 2693 μὲν
2997 2616 3089 2675 οὖν
3121 2621 3183 2673 ἐκ
3208 2619 3342 2672 Θεοῦ
3371 2620 3478 2671 πᾶν
3508 2619 3536 2672 ὅ
3575 2618 3627 2671 τί
3668 2619 3780 2688 πέρ

2202 2721 2315 2773 ἑστι
2351 2716 2468 2789 μετ’
2501 2716 2660 2769 αὑτὸν
2690 2717 2746 2767 ἐν
2776 2717 2885 2776 τοῖς
2920 2709 3069 2766 οὖσιν
3103 2712 3161 2766 έν
3188 2714 3253 2782 τῇ
3288 2709 3444 2780 φύσει
3484 2709 3780 2780 νοούμενόν

2201 2828 2261 2863 τε
2306 2808 2402 2863 καὶ
2453 2807 2724 2879 ὁρώμενον
2779 2804 2840 2858 τὸ
2872 2802 3009 2857 εἶναι
3060 2803 3223 2873 ἔχειν,
3275 2799 3635 2872 περιττὺννᾶν
3683 2798 3777 2871 εἴη

2202 2903 2344 2972 λόγῳ
2372 2896 2896 2962 κατασκευάζεσθαι,
2926 2894 3159 2959 οὐδενὸς,
3190 2890 3362 2964 οἶμαι,
3393 2892 3502 2945 τῶν
3527 2892 3778 2946 ὁπωσοῦν

2203 2989 2629 3062 ὲπεσκεμμένων
2678 2987 2777 3059 τὴν
2826 2986 2932 3040 τῶν
2969 2984 3137 3039 ὄντων
3187 2984 3447 3055 ἀλήθειαν
3495 2982 3632 3053 πρὸς
3674 2982 3779 3053 τὴν

2203 3083 2458 3153 τοιαύτην
2505 3079 2770 3149 ὑπόληψιν
2812 3075 3178 3148 ἐνισταμένου.
3244 3075 3607 3146 Ὁμολογεῖται
3666 3073 3777 3142 γὰρ

2206 3173 2358 3245 παρά
2401 3172 2637 3234 πάντων,
2693 3170 2828 3240 μιᾶς
2853 3165 3028 3230 αἰτίας
3058 3164 3283 3235 ὲξῆφθαι
3315 3165 3375 3217 τὸ
3406 3166 3532 3228 πᾶν,
3564 3164 3653 3215 καὶ
3683 3164 3779 3214 οὑ-

2205 3264 2294 3318 δὲν
2325 3263 2430 3317 τῶν
2454 3262 2619 3315 ὄντων
2653 3258 2817 3313 αὑτοῦ
2846 3257 2906 3323 ἐξ
2936 3256 3129 3312 ἑαυτοῦ
3171 3256 3235 3310 τὸ
3281 3251 3422 3309 εἶναι
3450 3255 3611 3327 ἔχειν,
3652 3254 3777 3308 οὑδὲ

2207 3355 2401 3408 ἑαυτοῦ
2429 3350 2566 3406 εἶναι
2607 3352 2781 3423 ἀρχὴν
2806 3352 2901 3405 καὶ
2942 3349 3138 3414 αἰτίαν,
3172 3347 3307 3402 ἀλλά
3335 3348 3462 3420 μίαν
3492 3347 3588 3417 μὲν
3615 3347 3780 3415 φύσιν

2208 3442 2347 3500 εἶναι
2387 3446 2636 3500 ἀκτιστον
2690 3443 2781 3497 καὶ
2830 3440 3016 3504 ἀΐδιον,
3048 3440 3134 3494 ἀεὶ
3189 3439 3330 3494 κατά
3380 3438 3447 3491 τὰ
3501 3436 3635 3491 αὒτά
3680 3439 3781 3489 καὶ

2207 3537 2466 3600 ὡσαύτως
2497 3536 2744 3605 ἔχουσαν,
2794 3533 2994 3596 παντὸς
3036 3527 3464 3603 διαστηματικοῦ
3511 3528 3779 3597 νοήματος

2211 3627 2630 3701 ὑπερκειμένην,
2676 3623 2879 3695 ἀναυξῆ
2909 3641 3030 3677 τινα
3071 3623 3166 3677 καὶ
3196 3621 3483 3692 ἀμείωτον,
3510 3620 3601 3674 καὶ
3637 3637 3779 3671 παν-

2210 3721 2301 3785 τὸς
2331 3722 2457 3792 ὅρου
2488 3718 2738 3772 ἐπέκεινα
2772 3708 3181 3789 θεωρουμένηνό
3220 3708 3290 3786 ἧς
3320 3713 3500 3785 ἔργον,
3535 3712 3623 3766 καὶ
3650 3712 3783 3781 χρό-

2211 3829 2320 3875 νος,
2354 3811 2449 3864 καὶ⁵
2480 3810 2661 3873 τόπος,
2693 3809 2786 3862 καὶ
2813 3807 2882 3861 τά
2924 3807 3017 3861 ἐπὶ
3048 3805 3259 3869 τούτοις
3288 3805 3480 3869 πάντα,
3526 3803 3617 3856 καὶ
3642 3804 3692 3855 εί
3719 3819 3775 3855 τι

2214 3904 2318 3975 πρὸ
2364 3902 2565 3957 τούτων
2599 3899 3003 3969 καταλαμϐάνει
3046 3899 3078 3969 ἠ
3122 3897 3297 3951 ἔννοια
3342 3896 3529 3968 νοητόν
3557 3890 3631 3947 ’τε
3679 3895 3775 3947 καὶ

2214 3995 2599 4067 ὑπερκόσμιον.
2643 3994 2737 4046 Ἒν
2763 3993 2819 4046 δὲ
2861 3991 2967 4044 τῶν
2995 3989 3295 4059 γεγονότων
3329 3990 3423 4042 καὶ
3452 3987 3546 4058 τὴν
3571 3986 3777 4055 ἀνθρω-

2214 4089 2375 4158 πίνην
2404 4086 2562 4154 φύσιν
2588 4079 2727 4138 εἷναί
2754 4100 2957 4154 φαμεν,
2984 4081 3126 4153 λόγῳ
3158 4083 3264 4143 τινὶ
3287 4082 3385 4151 τῆς
3423 4080 3773 4160 θεοπνεύστου

2212 4178 2556 4241 διδασκαλίας
2577 4176 2753 4247 ὁδηγῷ
2781 4176 2916 4249 πρὸς
2943 4174 3100 4228 τοῦτο
3131 4173 3500 4243 συγχρώμενα
3518 4187 3532 4202 ο
3560 4172 3617 4234 ὃς
3640 4189 3775 4240 φησι

2214 4273 2434 4325 πάντων
2456 4269 2605 4337 παρά
2629 4268 2722 4322 τοῦ
2746 4266 2879 4321 Θεοῦ
2907 4265 3293 4339 παραχθέντων
3321 4264 3400 4326 είς
3425 4261 3653 4330 γένεσιν,
3680 4262 3775 4313 καὶ

2213 4364 2303 4417 τὸν
2335 4361 2614 4433 ἄνθρωπον
2647 4359 2739 4412 ἐπὶ
2770 4359 2866 4429 τῆς
2910 4358 3014 4429 γῆς
3067 4353 3464 4426 ἀναδειχθῆναι,
3496 4353 3552 4420 ἐξ
3592 4340 3772 4423 ἑτερο-

536 4456 757 4514 tellectu
809 4457 1081 4526 superior,
1133 4455 1453 4510 incrementi
1498 4454 1986 4525 diminutionisque
2013 4470 2100 4511 ex-

2214 4455 2388 4525 γενῶν
2438 4451 2881 4523 συγκεκραμένον
2926 4451 3025 4521 τὴν
3060 4448 3240 4518 φύσιν,
3274 4446 3374 4517 τῆς
3403 4445 3551 4509 θείας
3594 4463 3648 4498 τε
3680 4448 3771 4498 καὶ

537 4563 687 4618 pers,
714 4561 835 4617 quae
861 4547 1004 4601 ultra
1028 4560 1242 4600 omnem
1277 4546 1568 4599 terminum
1589 4559 1713 4599 esse
1742 4545 2113 4616 conspiciatur

536 4646 594 4694 et
638 4639 972 4708 intelligatur
1006 4655 1021 4691 :
1053 4636 1211 4704 cujus
1256 4652 1394 4706 opus
1429 4635 1500 4691 sit
1531 4646 1584 4691 et
1611 4644 1823 4705 tempus
1867 4646 1923 4692 et
1960 4637 2112 4693 locus

537 4739 595 4787 et
633 4731 720 4787 his
750 4728 1141 4799 consequentia
1169 4728 1374 4794 omnia,
1422 4742 1486 4782 ae
1511 4729 1556 4783 si
1588 4727 1718 4797 quid
1741 4737 1865 4783 ante
1883 4728 1996 4784 haec
2018 4744 2113 4784 co-

538 4822 729 4892 gitatio
767 4818 1199 4891 comprehendit,
1232 4826 1348 4873 tum
1395 4819 1510 4874 sola
1545 4826 1726 4874 mente
1751 4821 2112 4890 comprehen-

539 4910 715 4977 sibile,
750 4920 866 4966 tum
910 4908 1433 4981 supramundanum.
1492 4908 1667 4964 Unum
1716 4922 1896 4967 autem
1945 4927 2009 4967 er
2042 4912 2111 4969 iis

537 5017 658 5073 quae
708 5002 853 5058 facta
884 5010 1034 5067 sunt,
1072 5010 1321 5058 naturam
1379 5017 1599 5073 quoque
1644 5002 1935 5058 humanam
1984 5021 2108 5061 esse

535 5093 793 5160 dicimus,
849 5095 1098 5150 oratione
1144 5093 1382 5166 quadam
1441 5094 1640 5151 divinae
1668 5095 1931 5151 doctrinae
1970 5094 2109 5152 duce

536 5187 605 5242 ad
627 5187 730 5242 hoc
750 5184 1003 5242 utentes:
1029 5203 1150 5258 qua:
1177 5190 1273 5253 ait,
1297 5188 1553 5244 omnibus
1583 5204 1612 5243 a
1652 5188 1759 5245 Deo
1782 5187 1847 5243 ad
1876 5203 2108 5259 genera-

537 5280 738 5336 tionem
785 5278 1091 5351 productis,
1141 5280 1416 5341 hominem
1447 5296 1665 5352 quoque
1708 5294 1874 5351 super
1905 5287 2109 5336 terram

535 5380 779 5426 creatum
818 5386 961 5432 esse.
988 5371 1148 5442 cujus
1169 5380 1367 5427 natura
1389 5388 1453 5427 ex
1471 5371 1670 5428 diversi
1691 5372 1907 5443 generis
1940 5371 2108 5428 rebus

536 5470 940 5530 eontemperata
970 5462 1062 5527 sit,
1104 5460 1283 5518 divina
1316 5462 1780 5534 intellectualique
1808 5470 2002 5519 natura
2037 5462 2107 5518 ad

538 5562 653 5607 eam
696 5566 817 5622 qua:
844 5552 1112 5625 cujusque
1138 5554 1390 5611 elementi
1429 5554 1480 5608 ei
1507 5554 1818 5611 contributa
1846 5563 1950 5621 est,
1981 5567 2108 5633 por-

612 5723 635 5753 ³
665 5721 827 5784 Rom.
856 5742 947 5794 ιι,
979 5728 1066 5785 35.
1141 5737 1164 5760 '
1201 5730 1221 5785 Ι
1250 5730 1376 5786 Cor.
1410 5746 1485 5797 ιι,
1522 5731 1617 5785 10.

2213 4549 2405 4619 νοερᾶς
2432 4546 2637 4610 οὐσίας,
2658 4545 2792 4616 πρὸς
2818 4543 2914 4615 τὴν
2948 4544 3175 4621 ἑκάστου
3199 4540 3307 4594 τῶν
3342 4539 3608 4609 στοιχείων
3628 4538 3771 4605 αὐτῷ

2214 4641 2686 4712 συνερανισθεῖσαν
2718 4638 2910 4708 μοῖραν
2949 4632 3409 4703 καταμιχθείσης·
3449 4628 3683 4705 γενέσθαι
3712 4628 3768 4681 δὲ

2212 4732 2399 4787 τοῦτον
2448 4729 2598 4803 παρά
2641 4728 2733 4782 τοῦ
2780 4724 3177 4796 πεποιηκότος,
3224 4723 3309 4792 ἐφ’
3361 4716 3465 4789 ᾧτε
3514 4716 3639 4773 εἶναι
3675 4720 3770 4788 τῆς

2212 4823 2359 4889 θείας
2408 4840 2466 4876 τε
2516 4821 2613 4876 καὶ
2656 4817 3056 4890 ὑπερκειμένης
3113 4813 3394 4884 δυνάμεως
3445 4810 3668 4882 ἔμψυχόν
3714 4825 3769 4861 τι

2211 4916 2477 4986 ὁμοίωμα.
2524 4913 2740 4987 Βέλτιον
2785 4910 2829 4964 δ’
2879 4909 2946 4963 ἂν
2994 4908 3077 4980 εἴη
3117 4906 3212 4960 καὶ
3250 4905 3421 4975 αὐτὴν
3449 4897 3767 4968 παραθέσθαι

2209 5004 2309 5077 τὴν
2352 5001 2494 5071 λέξιν
2523 5002 2750 5074 ἔχουσαν
2790 4998 3000 5061 οὕτως’
3036 5015 3055 5048 ι
3103 4997 3213 5049 Καὶ
3260 4994 3503 5062 ἐποίησε,
3542 5009 3560 5041 ι
3592 4989 3767 5058 φησίν,

2218 5114 2235 5147 ι
2272 5096 2301 5148 ὁ
2336 5094 2467 5160 Θεὸς
2509 5095 2601 5148 τὸν
2647 5091 2932 5164 ἄνθρωπον
2957 5106 2972 5121 ο
3016 5089 3134 5143 κατ’
3160 5086 3341 5141 είκόνα
3366 5082 3500 5137 Θεοῦ
3530 5081 3771 5149 ἐποίησεν

2212 5190 2394 5244 αὑτόν.
2433 5208 2452 5240 ι
2488 5188 2598 5260 Τὴν
2639 5187 2697 5241 δὲ
2733 5185 2911 5241 αἰτίαν
2954 5184 3054 5253 τῆς
3083 5181 3178 5236 τοῦ
3221 5178 3363 5244 ζὼου
3393 5176 3574 5230 τούτου
3615 5190 3771 5227 κατα·

2216 5283 2433 5353 σκευῆς,
2466 5280 2577 5335 τῶν
2605 5280 2712 5352 πρὸ
2758 5278 2914 5351 ἡμῶν
2942 5292 3084 5339 τινες
3118 5274 3322 5344 ταύτην
3363 5266 3765 5324 ἀποδεδώκασιν.

2213 5375 2295 5428 ὃτι
2337 5372 2460 5443 διχῆ
2512 5372 2845 5443 διῃρημένης
2893 5368 2994 5438 τῆς
3046 5366 3279 5428 κτίσεως
3340 5362 3546 5430 πάσης,
3597 5355 3769 5420 καθώς

2214 5482 2378 5536 φησιν
2398 5467 2428 5518 ό
2458 5464 2802 5528 Ἀπόστολος,
2835 5464 2915 5526 εἰς
2941 5460 3002 5515 τὸ
3043 5459 3236 5532 ὁρατόν
3278 5473 3339 5509 τε
3382 5452 3477 5507 καὶ
3521 5450 3731 5520 ἀόρατον
3750 5465 3766 5479 ο

2216 5556 2537 5628 σημαίνεται
2549 5554 2639 5610 διὰ
2664 5558 2761 5627 μὲν
2785 5552 2876 5608 τοῦ
2890 5551 3146 5624 ἀοράτου,
3160 5562 3224 5603 το
3240 5546 3428 5619 νοητὸν
3451 5544 3541 5598 καὶ
3555 5538 3766 5612 ἀσώμα-
