3896 6208
338 270 449 329 ηδ
1117 260 1204 315 DE
1241 258 1650 318 INFANTIBUS
1686 258 1806 324 QUI
1839 256 2290 313 PRAEMATURE
2320 256 2812 313 ABRIPIUNTUR.
3142 217 3153 225 .
3332 320 3343 329 ι
3489 259 3585 316 in

339 400 458 442 τον⁸
475 385 562 439 διὰ
588 382 644 437 δὲ
667 380 759 434 τοῦ
787 377 1071 451 ὁρατοῦ,τὸ
1090 377 1346 449 αἰσθητόν
1371 394 1430 429 τε
1464 376 1555 430 καὶ
1586 375 1931 445 σωματῶδες.

2039 377 2237 430 tionem
2294 370 2524 425 admista
2561 391 2573 426 :
2610 372 2756 426 hunc
2789 381 2967 426 autem
3018 369 3221 425 idcirco
3248 371 3446 425 factum
3472 387 3596 429 esse

347 498 379 537 ε
410 481 690 540 Creatore,
738 484 799 529 ut
841 484 995 531 esset
1042 473 1243 529 divinae
1274 482 1437 543 atque
1476 471 1695 543 'superae
1727 475 1949 529 virtutis
1981 472 2283 538 animatum
2311 465 2583 537 quoddam
2630 465 3005 520 simulacrum.
3031 463 3388 521 Commodius
3413 474 3593 520 autem

349 575 515 631 fuerit
539 573 701 629 etiam
727 571 905 641 ipsam
929 570 985 625 in
1014 569 1252 625 medium
1279 568 1474 625 alierre
1492 569 1809 636 dictionem,
1845 584 1931 640 qu:

2039 567 2122 622 dis
2150 571 2235 621 est
2269 583 2282 619 :
2313 581 2333 614 ε
2367 562 2432 617 Ει
2462 561 2609 627 fecit,
2651 580 2670 613 ι
2710 561 2909 631 inquit,
2951 580 2969 613 ι
3004 560 3145 617 Deus
3182 562 3478 629 hominem,
3511 576 3597 617 se-

345 665 585 724 cundum
616 662 911 734 imaginem
944 659 1039 716 Dei
1072 661 1199 716 fecit
1219 675 1343 715 eum
1377 660 1419 715 ⁸.
1455 680 1474 713 ι
1514 659 1688 716 Porro
1709 675 1930 717 causam
1971 657 2266 714 creationis
2300 654 2464 724 hujus
2499 652 2772 720 animalis,
2811 652 3029 721 quidam
3074 667 3260 707 eorum
3311 655 3406 724 qui
3467 660 3597 707 ante

346 772 450 814 nos
482 755 724 818 fuerunt,
760 754 901 808 hanc
928 751 1307 817 reddiderunt,
1341 753 1487 824 quod
1520 768 1644 809 cum
1685 751 1940 809 bifariam
2002 750 2178 806 divisa
2229 748 2300 804 sit
2344 745 2525 801 omnis
2578 751 2851 807 creatura,
2901 743 3356 815 quemadmodum
3418 745 3597 817 inquit

341 848 671 919 Apostolus,
702 847 759 900 in
793 844 1009 901 visibile
1035 844 1248 901 scilicet
1271 854 1325 901 et
1368 846 1645 902 invisibile
1676 862 1690 898 :
1730 861 1827 916 per
1849 842 2127 901 invisibile
2173 841 2415 912 quidem,
2449 837 2502 893 id
2576 837 2721 907 quod
2791 844 2970 893 mente
2993 837 3196 909 percipi
3270 846 3468 910 potest,
3538 846 3596 893 et

346 942 777 1008 incorporeum;
811 950 907 1006 per
931 937 1146 992 visibile
1174 945 1354 994 autem
1379 938 1642 993 sensibile
1666 945 1720 994 et
1746 951 2073 1007 corporeum
2113 934 2472 1005 signiﬁcatur.

413 1036 511 1099 Εἰς
536 1033 631 1089 δύο
656 1033 833 1087 τοίνυν
859 1030 1031 1087 ταῦτα
1057 1032 1401 1105 διῃρημένων
1443 1034 1663 1090 πάντων
1694 1037 1802 1089 τῶν
1829 1036 1920 1090 ὅν·-

341 1142 476 1184 1των.
504 1123 583 1186 εἷς
604 1140 664 1176 τε
688 1122 749 1175 τὸ
775 1120 1051 1192 αἰσθητὸν.
1071 1122 1234 1191 λέγω,
1263 1124 1358 1177 καὶ
1380 1125 1460 1188 είς
1482 1127 1544 1178 τὸ
1569 1127 1686 1179 κατ’
1715 1125 1922 1180 ἔννοιαν

344 1214 747 1285 θεωρούμενον·
776 1212 873 1266 καὶ
899 1211 998 1281 τῆς
1028 1212 1127 1288 μὲν
1156 1213 1450 1285 άγγελικῆς
1480 1232 1540 1269 τε
1570 1216 1664 1272 καὶ
1697 1218 1922 1288 ἀσωμά-

343 1323 439 1359 του
474 1305 706 1376 φύσεως,
736 1305 858 1376 ἥτις
882 1304 990 1359 τῶν
1014 1304 1279 1376 ἀοράτων,
1311 1308 1370 1359 tv
1396 1310 1507 1371 τοῖς
1532 1308 1922 1383 ύπερκοσμίοις

343 1414 407 1451 τε
432 1399 527 1451 καὶ
552 1398 964 1469 ύπερουρανίοις
991 1397 1371 1469 διαιτωμένης,
1393 1400 1480 1455 διὰ
1506 1400 1566 1453 τὸ
1592 1401 1924 1473 κατάλληλον

346 1482 491 1541 εἶναι
525 1490 592 1559 τῇ
620 1487 781 1558 φύσει
809 1486 872 1541 τὸ
899 1487 1215 1558 ἐνδιαίτημα
1246 1488 1302 1559 (ἦ
1340 1505 1401 1542 τε
1429 1488 1539 1561 γὰρ
1569 1490 1729 1561 νοερὰ
1766 1490 1925 1558 φύσις

2100 1032 2233 1087 Cum
2276 1031 2441 1101 igitur
2486 1028 2540 1082 in
2585 1028 2697 1082 haac
2742 1027 2852 1082 duo
2884 1026 3058 1082 divisa
3101 1030 3214 1082 sint
3259 1027 3440 1081 omnia
3479 1043 3601 1099 qua:

2031 1133 2180 1191 sunt,
2238 1123 2290 1177 in
2350 1121 2630 1187 sensibile,
2685 1121 2929 1191 inquam,
2991 1128 3046 1174 et
3094 1120 3149 1174 in
3197 1120 3252 1175 id
3302 1120 3448 1191 quod
3503 1137 3601 1192 per

2031 1212 2234 1268 mentis
2294 1211 2647 1283 agitationem
2684 1219 2739 1266 et
2793 1210 3183 1281 cogitationem
3215 1212 3602 1268 consideratur

2030 1310 2084 1357 et
2109 1301 2458 1372 intelligitur,
2496 1308 2661 1371 atque
2700 1301 2943 1370 angelica
2984 1300 3203 1371 quidem
3252 1308 3308 1357 et
3341 1302 3603 1374 incorpo-

2032 1408 2124 1448 rea
2166 1400 2397 1456 natura,
2438 1405 2560 1461 quae
2606 1405 2697 1446 er
2725 1389 3096 1445 invisibilibus
3144 1400 3249 1455 est,
3303 1390 3361 1445 in
3410 1406 3605 1461 supra-

2033 1481 2329 1538 mundanis
2357 1490 2414 1537 et
2443 1479 2932 1552 supercmlestihus
2962 1480 3210 1550 partibus
3264 1480 3602 1537 domicilium

344 1579 520 1649 λεπτή
568 1597 652 1643 τις
684 1580 778 1634 καὶ
813 1579 1030 1650 καθαρὰ
1084 1580 1179 1634 καί¹
1225 1580 1437 1654 άϐαρὴς
1482 1582 1576 1635 καὶ
1621 1583 1923 1655 εὐκίνητος,

2039 1576 2253 1640 haheat,
2297 1582 2585 1645 propterea
2628 1571 2775 1643 quod
2805 1587 2870 1627 ea
2906 1571 3067 1628 sedes
3094 1573 3172 1626 illi
3231 1581 3443 1630 naturae
3469 1589 3604 1631 con-

343 1672 411 1724 τό
455 1687 517 1724 τε
550 1671 795 1741 οὐράνιον
837 1670 999 1741 σῶμα
1040 1670 1236 1725 λεπτόν
1262 1688 1320 1725 τε
1350 1671 1445 1725 καὶ
1468 1672 1668 1741 κοῦφον
1700 1674 1795 1728 καὶ
1816 1674 1931 1729 άει-

347 1762 600 1831 κίνητον)
624 1779 639 1793 ο
671 1761 763 1833 τῆς
796 1762 853 1816 δὲ
878 1763 1003 1831 γῆς,
1028 1761 1057 1814 ὃ
1080 1761 1143 1833 δὴ
1159 1761 1268 1815 τῶν
1294 1762 1565 1833 αἰσθητῶν
1590 1765 1736 1818 ἐστιν
1765 1748 1927 1836 ἐσχα-

348 1868 471 1915 τον,
501 1850 708 1912 οἰκείως
736 1868 794 1904 τε
814 1851 910 1905 καὶ
945 1850 1291 1922 καταλλήλως
1315 1852 1451 1921 πρὸς
1475 1853 1572 1925 τὴν
1597 1854 1705 1908 τῶν
1724 1854 1928 1925 νοητῶν

351 1943 417 1995 ὲν
450 1943 585 2013 αὐτῇ
608 1942 881 2013 διαγωγὴν
909 1941 1011 1996 ούκ
1040 1941 1298 2013 ἑχούσης”
1332 1942 1436 2013 (τίς
1472 1945 1581 2017 γὰρ
1610 1945 1676 2000 ἂν
1721 1946 1929 2016 γένοιτο

345 2032 448 2087 τοῦ
485 2032 794 2103 ἀνωφεροῦς
826 2050 885 2087 τε
925 2035 1019 2088 καὶ
1066 2033 1270 2104 κούφου
1319 2036 1455 2106 πρὸς
1483 2036 1546 2089 τὸ
1574 2035 1714 2108 βαρύ
1746 2055 1806 2091 τε
1835 2039 1930 2092 καὶ

345 2121 610 2193 ἐμϐριθὲς
645 2123 963 2191 κοινωνία;)
1004 2124 1080 2187 ὼς
1118 2123 1184 2178 ἂν
1226 2124 1300 2196 μὴ
1340 2126 1561 2190 τελείως
1600 2129 1825 2200 ἄμοιρός
1869 2147 1929 2184 τε

348 2214 449 2269 καὶ
477 2214 783 2285 άπῧκληρος
811 2216 845 2285 ἡ
878 2215 952 2285 γῆ
979 2214 1080 2285 τῆς
1107 2217 1299 2286 νοερᾶς
1323 2234 1382 2270 τε
1412 2218 1507 2272 καὶ
1534 2219 1822 2290 ἀσωμάτου
1853 2221 1931 2276 δι-

353 2304 583 2374 αγωγῆς
616 2305 723 2375 εἴη,
751 2305 941 2359 τούτου
987 2305 1144 2376 χάριν
1184 2306 1494 2379 προμηθείᾳ
1535 2308 1802 2379 κρείττονι
1831 2311 1931 2384 τὴν

348 2395 702 2466 ἀνθρωπίνην
732 2395 989 2467 συστῆναι
1022 2398 1263 2464 γένεσιν,
1297 2399 1363 2468 τῇ
1400 2398 1560 2469 νοερᾷ
1595 2415 1653 2452 τε
1688 2400 1782 2453 καὶ⁵
1813 2399 1933 2473 θείᾳ

344 2488 452 2557 τῆς
484 2487 660 2559 ψυχῆς
685 2486 840 2559 οὐσίᾳ
863 2487 964 2555 τῆς
987 2489 1182 2559 γηῖνης
1210 2489 1404 2560 μοίρας
1448 2489 1928 2560 περιπλασθείσης,

346 2578 429 2642 ὡς
451 2578 520 2632 ἂν
539 2581 606 2648 τῇ
639 2578 775 2650 πρὸς
794 2577 854 2631 τὸ
886 2577 1142 2649 ἐμϐριθές
1153 2594 1212 2631 τε
1227 2579 1317 2632 καὶ
1346 2578 1669 2650 σωματῶδες
1688 2580 1934 2652 συμφυῖᾳ

349 2669 705 2740 καταλλήλως
734 2668 931 2740 ἡψυχὴ
961 2667 1038 2740 τῷ
1061 2669 1305 2741 στοιχείῳ
1342 2670 1441 2741 τῆς
1473 2670 1575 2742 γῆς
1607 2670 1930 2741 ὲμϐιοτεύοι,

353 2759 588 2831 ἐχούσης
628 2777 681 2813 τι
741 2760 878 2831 πρὸς
919 2759 1017 2831 τὴν
1066 2760 1165 2831 τῆς
1202 2760 1400 2830 σαρκὸς
1446 2761 1634 2816 ούσίαν
1673 2763 1932 2831 συγγενὲς

351 2852 455 2906 καὶ
485 2851 773 2922 ὁμόφυλον.
807 2852 1016 2915 Σκοπὸς
1057 2852 1114 2906 δὲ
1140 2852 1249 2907 τῶν
1281 2853 1576 2923 γινομένων
1616 2855 1752 2918 ἐστὶ,
1791 2854 1852 2908 τὸ
1875 2857 1933 2908 tv

351 2944 510 3015 πάσῃ
555 2948 622 3016 τῇ
669 2944 842 2999 κτίσει
894 2945 982 3000 διὰ
1032 2947 1130 3017 τῆς
1176 2948 1368 3017 νοερᾶς
1413 2947 1628 3016 φύσεως
1692 2949 1793 3020 τὴν
1838 2948 1933 3003 τοῦ
1962 2973 2005 3031 c

350 3035 559 3100 παντὸς
606 3037 1007 3109 ὑπερκειμένην
1057 3036 1371 3105 δοξάζεσθαι
1426 3038 1672 3111 δύναμιν,
1716 3040 1825 3095 τῶν
1868 3058 1929 3094 τε

348 3129 694 3201 ἐπουρανίων
722 3130 814 3184 καί
862 3129 972 3184 τῶν
997 3130 1317 3202 ἐπιχθονίων
1341 3131 1429 3187 διὰ
1460 3131 1559 3203 τῆς
1583 3130 1752 3205 αὐτῆς
1781 3134 1933 3204 ἐνερ-

350 3220 514 3289 γείας
540 3219 703 3291 (λέγω
729 3221 786 3274 δὲ
810 3220 899 3275 διὰ
928 3219 1025 3276 τοῦ
1058 3223 1195 3293 πρὸς
1225 3221 1315 3277 τὸν
1339 3221 1470 3276 Θεδν
1500 3222 1739 3298 βλέπειν)
1767 3224 1930 3295 ἀλλή-

348 3311 472 3376 λοις
521 3311 656 3383 πρὸς
695 3310 788 3365 τὸν
820 3312 983 3368 αύτδν
1032 3312 1234 3367 σκοπὸν
1270 3313 1705 3385 συναπτομένων.
1760 3314 1826 3368 Ἥ
1874 3315 1931 3369 δὲ

345 3401 451 3455 τοῦ
511 3401 724 3471 βλέπειν
772 3402 910 3473 πρὸς
957 3403 1049 3457 τὸν
1106 3404 1238 3458 Θεὸν
1310 3405 1560 3477 ενέργεια
1611 3405 1761 3461 οὐδὲν
1804 3406 1932 3461 ἄλλο

350 3493 530 3554 ἐστὶν,
559 3492 592 3562 ἤ
623 3492 737 3562 ζωὴ
768 3494 835 3564 τῇ
878 3495 1039 3565 νοερᾷ
1070 3494 1229 3563 φύσει
1270 3496 1478 3550 ὲοικυῖά
1520 3513 1581 3550 τε
1607 3497 1703 3551 καὶ
1733 3497 1929 3552 κατάλ-

352 3582 539 3653 ληλος.
593 3584 807 3656 Ὠσπερ
853 3584 960 3655 γὰρ
1006 3584 1075 3639 τὰ
1122 3585 1350 3656 σώματα
1397 3588 1562 3659 γήϊνα
1607 3588 1754 3654 ὅντα,
1810 3592 1932 3653 ταῖς

352 3674 575 3742 γητναις
633 3675 1003 3746 διακρατεῖται
1049 3680 1311 3748 τροφαῖς,
1363 3679 1455 3733 καί
1509 3696 1560 3733 τι
1609 3680 1933 3752 σωματῶδες

352 3763 513 3833 ζωῆς
556 3760 687 3828 εἶδος
725 3766 783 3817 ὲν
829 3765 1041 3831 τούτοις
1084 3767 1594 3840 καταλαμϐάνομεν,
1627 3772 1828 3841 ὁμοίως
1876 3773 1932 3826 tv

354 3850 583 3921 ἀλόγοις
626 3871 687 3909 τε
731 3858 822 3911 uel.
859 3856 1095 3926 λογικοῖς
1141 3859 1528 3931 ὲνεργούμενον
1548 3879 1562 3891 ·
1596 3860 1767 3926 οὕτως
1795 3859 1933 3916 εἷναί

352 3944 626 4016 τιναχρὴ
648 3948 747 4001 καὶ
767 3948 955 4021 νοητὴν
997 3949 1140 4021 ζωὴν
1170 3950 1538 4016 ὑποτίθεσθαι,
1561 3952 1630 4007 δι’
1675 3948 1742 4026 ἧς
1771 3955 1829 4007 tv
1856 3952 1934 4023 τῷ

349 4036 477 4088 ὄντι
510 4037 844 4107 συντηρεῖται
872 4040 908 4107 ὴ
937 4037 1115 4108 φύσις.
1148 4036 1212 4090 Εἰ
1243 4039 1298 4092 δὲ
1322 4041 1355 4111 ἡ
1379 4040 1479 4109 τῆς
1522 4041 1721 4112 σαρκὸς
1740 4042 1932 4112 τροφὴ,

350 4127 652 4200 ἑπίρῤυτός
683 4145 767 4191 τις
791 4124 927 4183 οὖσα
963 4130 1056 4183 καὶ
1086 4131 1449 4203 ἀπορρέουσα,
1488 4132 1555 4184 δι’
1592 4131 1760 4203 αὐτῆς
1791 4149 1933 4203 παρ-

351 4218 481 4272 όδου
504 4217 733 4289 δύναμίν
756 4236 877 4273 τινα
899 4219 1134 4292 ζωτικὴν
1172 4222 1544 4276 ἐναποτίθεται
1575 4218 1656 4288 οἷς
1684 4223 1749 4277 ἂν
1778 4225 1936 4295 γένηο

2034 1668 2261 1723 veniens
2309 1672 2365 1722 et
2414 1658 2829 1719 accommodata
2872 1662 2946 1719 sit
3002 1662 3169 1728 (nam
3218 1664 3358 1719 sicut
3410 1673 3603 1722 natura

2035 1756 2420 1814 intellectualis
2449 1756 2630 1812 tenuis
2655 1754 2925 1825 quaedam,
2955 1768 3110 1824 pura,
3135 1755 3393 1824 ponderis
3413 1771 3607 1828 expers

2034 1858 2089 1906 et
2140 1850 2298 1921 agilis
2347 1856 2451 1915 est,
2505 1848 2584 1903 ita
2635 1861 2839 1918 corpus
2884 1861 3103 1916 quoque
3136 1848 3379 1915 caeleste,
3423 1857 3603 1906 tenue.

2035 1943 2151 1999 leve
2183 1951 2237 1999 et
2269 1955 2484 2011 semper
2513 1938 2714 1995 mobile
2752 1939 2858 2008 est)
2892 1955 2907 1991 :
2942 1946 3089 1993 terra
3123 1946 3326 2005 autem,
3367 1955 3489 2011 quae
3514 1956 3609 1997 cx-

2038 2044 2270 2089 tremnm
2304 2033 2565 2087 nimirum
2603 2045 2670 2085 ex
2707 2029 3064 2085 sensibilihus
3095 2040 3200 2095 est,
3249 2046 3375 2086 cum
3406 2031 3473 2085 ad
3506 2033 3609 2086 hoc

2036 2136 2164 2196 apta
2216 2127 2380 2194 atque
2409 2115 2824 2178 accommodata
2856 2135 2965 2175 non
3009 2120 3101 2183 sit,
3136 2130 3194 2176 ut
3233 2123 3286 2176 in
3318 2138 3379 2178 ea
3410 2124 3610 2195 degant

2036 2232 2100 2271 ea
2128 2231 2249 2288 quae
2276 2215 2390 2271 sola
2430 2222 2612 2269 mente
2640 2211 3221 2283 comprehenduntur:
3254 2214 3435 2284 (quam
3462 2216 3609 2272 enim

2037 2305 2476 2361 communionem
2509 2304 2709 2359 habeat
2738 2301 2792 2356 id
2823 2301 2969 2373 quod
3020 2302 3136 2357 leve
3173 2311 3259 2358 est
3298 2318 3366 2358 ac
3385 2319 3606 2361 sursum

2038 2396 2229 2461 fertur,
2276 2410 2401 2450 cum
2449 2409 2516 2450 eo
2552 2394 2696 2465 quod
2748 2408 2913 2466 grave
2948 2407 3012 2449 ac
3051 2393 3418 2464 ponderosum
3448 2398 3608 2467 est?)

2039 2501 2108 2542 ne
2148 2493 2294 2540 terra
2354 2485 2574 2555 penitus
2626 2500 2824 2556 expers
2872 2502 2939 2543 ac
2979 2505 3151 2546 vacua
3202 2502 3350 2547 esset
3401 2492 3470 2561 ab
3522 2493 3608 2548 in-

2041 2576 2329 2633 tellectuali
2391 2584 2446 2632 et
2515 2577 2838 2647 incorporea
2893 2581 3345 2647 conversatione,
3402 2584 3609 2639 idcirco

2039 2667 2376 2738 providentia
2431 2668 2665 2729 meliori,
2715 2683 2840 2723 cum
2893 2669 3252 2727 intellectuali
3304 2674 3613 2745 divinaeque

2039 2760 2235 2814 anima
2280 2765 2489 2813 natura:
2535 2766 2750 2813 terrena
2797 2761 2977 2829 portio
3028 2762 3365 2819 circumdata
3409 2774 3463 2821 et
3512 2767 3613 2823 ob-

2039 2850 2203 2905 ducta
2248 2841 2425 2916 esset;
2466 2849 2620 2904 aiunt
2662 2852 2954 2905 humanam
2999 2852 3293 2909 conﬂatam
3347 2870 3472 2914 esse
3512 2873 3612 2913 na-

2041 2949 2244 3007 turam,
2311 2947 2368 2995 ut
2428 2955 2525 3010 per
2575 2955 2694 2995 eam
2751 2956 2859 3012 qua
2896 2958 3021 2999 cum
3076 2946 3317 3016 pondere
3363 2950 3613 3019 corporis

2041 3032 2250 3087 coaluit
2299 3031 2766 3101 coniunctionem,
2809 3042 2936 3105 apte
2986 3043 3151 3107 atque
3202 3041 3614 3096 accommodate

2036 3126 2243 3181 viveret
2287 3124 2470 3179 anima
2533 3124 2589 3179 in
2648 3126 2922 3182 elemento
2965 3140 3145 3195 terrae,
3197 3147 3319 3201 quae
3363 3134 3613 3189 nonnihil

2036 3217 2383 3286 cegnationis
2414 3228 2468 3270 et
2500 3214 2779 3272 allmitatis
2808 3218 2974 3274 habet
3002 3236 3126 3275 eum
3173 3231 3373 3279 natura
3404 3226 3611 3280 carnis.

2037 3306 2162 3363 llaec
2201 3318 2382 3362 autem
2432 3308 2619 3361 omnia
2667 3307 2773 3362 huc
2818 3318 3104 3378 spectant,
3156 3323 3212 3367 ut
3257 3314 3515 3370 nimirum
3557 3318 3611 3371 in

2037 3399 2185 3454 omni
2225 3407 2480 3455 creatura
2525 3413 2622 3469 per
2663 3399 3088 3457 intellectualem
3128 3411 3381 3459 naturam
3440 3407 3612 3478 glori-

2038 3492 2295 3548 ﬁcaretur
2338 3498 2392 3547 et
2436 3491 2809 3547 celebraretur
2841 3508 2906 3549 ea
2935 3495 3113 3551 virtus
3143 3505 3197 3552 et
3223 3506 3465 3567 potestas
3492 3515 3614 3569 qua:

2038 3596 2205 3651 supra
2256 3578 2514 3652 praesidet
2548 3581 2714 3638 rebus
2752 3582 3046 3648 universis,
3102 3592 3215 3639 tum
3274 3587 3610 3657 crelestihus,

2037 3684 2152 3731 tum
2198 3676 2572 3742 terrestribus,
2632 3690 2730 3746 per
2774 3677 3022 3732 eamdem
3078 3676 3421 3734 etiicientiam
3468 3681 3615 3751 (dico

2039 3776 2215 3822 autem
2256 3783 2354 3836 per
2390 3768 2514 3833 hoc,
2568 3775 2628 3822 ut
2666 3767 2736 3823 ad
2787 3766 2955 3823 Deum
2993 3770 3312 3841 respiciant)
3375 3772 3444 3827 ad
3472 3787 3617 3828 eam-

2037 3860 2159 3915 dem
2195 3860 2553 3915 intentionem
2597 3859 2739 3916 inter
2774 3875 2896 3917 sese
2934 3861 3262 3931 conjunctis.
3297 3861 3469 3918 Porro
3502 3863 3617 3919 elli-

2038 3954 2240 4009 cientia
2288 3953 2616 4023 respiciendi
2646 3954 2713 4008 ad
2750 3952 2941 4019 Deum,
2974 3954 3113 4008 nihil
3154 3962 3239 4011 est
3269 3956 3415 4010 aliud
3451 3972 3613 4027 quam

2038 4044 2151 4097 vita
2202 4044 2556 4099 intellectuali
2606 4052 2816 4098 naturae
2848 4045 3179 4100 conveniens
3220 4054 3273 4099 et
3304 4061 3615 4101 accommo-

2039 4134 2186 4190 data.
2209 4134 2677 4201 Quemadmodum
2701 4135 2847 4189 enim
2880 4142 3095 4188 terrena
3124 4149 3353 4203 corpora
3384 4138 3616 4193 terrenis

2042 4232 2446 4280 conservantur
2474 4224 2635 4288 cibis,
2660 4238 2727 4277 ac
2751 4236 3072 4293 corpoream
3120 4223 3411 4294 quamdam
3440 4227 3497 4281 in
3528 4227 3613 4283 his

352 4323 484 4361 ται·
522 4308 902 4380 πόσῳ-μᾶλλον
932 4314 964 4383 ἡ
1015 4312 1273 4383 μετουσία
1315 4310 1409 4367 τοῦ
1442 4313 1608 4377 ὅντως
1643 4314 1814 4380 ὄντος,
1844 4313 1931 4368 τοῦ

2042 4315 2164 4371 vitae
2191 4315 2428 4385 speciem
2451 4313 2930 4382 deprehendimus,
2961 4327 3084 4383 qua
3113 4312 3168 4369 in
3200 4314 3377 4372 brutis
3409 4317 3615 4387 pariter

357 4400 452 4453 ἀεὶ
486 4400 736 4469 μένοντος
779 4402 872 4456 καὶ
917 4403 1145 4457 πάντοτε
1187 4405 1449 4470 ὡσαύτως
1492 4407 1725 4478 ἔχοντος,
1760 4408 1817 4461 tv
1858 4407 1938 4478 τῷ

353 4484 499 4543 εἶναι
535 4490 795 4559 φυλάσσει
826 4492 917 4545 τὸν
960 4497 1326 4566 μετασχόνται
1379 4497 1442 4550 Εἰ
1478 4493 1571 4552 οὖν
1609 4496 1746 4570 αὕτη
1792 4498 1937 4551 ἐστὶν

359 4581 399 4649 ἡ
430 4580 601 4633 οἰκεία
630 4597 692 4634 τε
726 4582 818 4635 καὶ
846 4583 1176 4653 κατάλληλος
1218 4590 1284 4658 τῇ
1320 4589 1479 4658 νοερᾷ
1511 4588 1670 4657 φύσει
1699 4589 1835 4660 ζωὴ,
1879 4588 1939 4643 τὸ

352 4669 460 4723 τοῦ
486 4670 618 4725 Θεοῦ
661 4674 931 4745 μετέχειν,
971 4677 1071 4730 οὐκ
1094 4677 1160 4735 ἂν
1184 4678 1273 4732 διὰ
1298 4678 1407 4733 τῶν
1432 4681 1687 4735 ἐναντίων
1727 4681 1938 4749 γένοιτο

353 4762 392 4830 η
429 4763 704 4829 μετουσία,
739 4767 787 4818 εί
833 4766 909 4838 μὴ
933 4768 1129 4839 τρόπον
1159 4769 1279 4823 τινὰ
1314 4772 1569 4839 συγγενὲς
1600 4774 1686 4843 εἴη
1716 4772 1795 4843 τῷ
1815 4773 1939 4843 ὀρεο

353 4852 577 4923 ’ξομένῳ
606 4853 667 4907 τὸ
711 4858 1089 4927 μετεχόμενον.
1150 4860 1235 4924 Ὠς
1274 4862 1380 4933 γὰρ
1427 4860 1690 4932 ὀφθαλμῷ
1729 4861 1936 4930 γίνεται

350 4946 462 5012 τῆς
500 4944 672 5017 αὐτῆς
700 4948 734 5018 ἡ
764 4948 1061 5014 ἀπόλαυσις
1085 4951 1163 5021 τῷ
1190 4954 1424 5024 φυσικὴν
1459 4952 1632 5025 αὐγὴν
1659 4956 1717 5007 tv
1761 4954 1939 5025 ἑαυτῷ

351 5034 498 5103 πρὸς
542 5036 641 5108 τὴν
681 5038 776 5092 τοῦ
821 5040 1116 5110 ὁμογενοῦς
1148 5043 1426 5116 ἀντίληψιν
1470 5044 1634 5116 ἐχειν,
1680 5045 1775 5100 καὶ
1815 5043 1938 5100 οὔτε

346 5121 640 5190 δάκτυλος,
690 5127 814 5183 οὕτε
879 5130 1007 5184 ἄλλο
1050 5148 1109 5183 τι
1156 5131 1264 5185 τῶν
1317 5132 1493 5203 μελῶν
1538 5133 1632 5188 τοῦ
1688 5132 1939 5205 σώματος

344 5216 571 5285 ἀνεργεὶ
603 5220 701 5290 τὴν
737 5221 949 5291 ὅρασιν,
990 5222 1078 5278 διὰ
1110 5224 1171 5277 τὸ
1199 5225 1469 5296 μηδεμίαν
1496 5228 1561 5280 ὲκ
1594 5226 1807 5296 φύσεως
1836 5228 1937 5281 αύ-

345 5305 464 5377 γὴν
492 5309 552 5360 tv
578 5308 723 5381 ἄλλῳ
763 5313 871 5366 τινὶ
896 5313 1005 5372 τῶν
1036 5315 1217 5389 μελῶν
1258 5318 1687 5373 κατεσκευάσθαι
1707 5336 1720 5350 ·
1766 5318 1938 5384 οὕτως

2040 4416 2096 4464 ει
2138 4408 2348 4463 ratione
2390 4405 2633 4476 praeditis
2670 4415 2957 4461 exercetur
2992 4426 3005 4461 :
3058 4407 3129 4460 ita
3170 4420 3373 4477 ponere
3402 4416 3615 4478 oportet

2042 4514 2165 4556 esse
2191 4497 2485 4569 quamdam
2519 4495 2682 4551 etiam
2728 4497 2930 4553 mentis
2955 4498 3232 4552 intellectu
3259 4498 3615 4569 comprehen-

2043 4589 2258 4645 sibilem
2316 4595 2371 4642 et
2406 4586 2736 4643 invisibilem
2780 4587 2969 4653 vitam,
3021 4604 3123 4659 per
3170 4604 3335 4660 quam
3396 4591 3452 4645 in
3514 4606 3613 4647 sua

2042 4681 2283 4736 essentia
2325 4687 2520 4734 natura
2566 4687 2947 4736 conservatur.
2978 4680 3136 4747 Quod
3173 4682 3219 4737 si
3268 4675 3452 4740 c'arnis
3509 4684 3613 4739 ali-

2042 4778 2289 4826 mentum
2333 4768 2556 4827 aﬁluere
2590 4785 2656 4825 ac
2689 4771 2932 4829 deﬂuere
2982 4773 3225 4839 solitum,
3274 4789 3372 4845 per
3412 4777 3616 4832 transi-

2045 4869 2161 4917 tum
2213 4862 2398 4932 ipsum
2444 4864 2548 4918 vim
2613 4865 2906 4934 quamdam
2966 4863 3183 4919 vitalem
3230 4866 3615 4924 subministrat

2045 4953 2251 5024 quibus
2298 4955 2571 5025 ingestum
2614 4954 2801 5020 fuerit,
2847 4962 3057 5025 quanto
3100 4959 3277 5028 magis
3322 4959 3616 5029 participa-

2047 5047 2125 5101 tio
2175 5045 2296 5116 ejus
2344 5046 2442 5117 qui
2485 5061 2676 5101 revera
2717 5055 2822 5113 est,
2855 5046 2949 5116 qui
2999 5060 3215 5117 semper
3241 5058 3425 5103 manet
3451 5055 3614 5117 atque

2047 5135 2240 5191 eodem
2287 5136 2453 5191 modo
2506 5151 2726 5207 semper
2776 5151 2837 5192 se
2895 5136 3075 5203 habet,
3124 5137 3180 5191 in
3228 5152 3327 5192 sua
3373 5136 3612 5192 essentia

2047 5234 2337 5282 conservat
2376 5243 2499 5282 eum
2530 5226 2623 5297 qui
2654 5228 2927 5299 particeps
2959 5228 3078 5297 ejus
3109 5228 3308 5282 fuerit!
3355 5227 3412 5281 Si
3448 5226 3613 5297 igitur

2045 5318 2162 5374 haec
2189 5319 2411 5390 propria
2432 5319 2876 5390 conveniensque
2898 5319 3247 5375 intellectuali
3266 5325 3482 5374 natura:
3502 5318 3615 5374 vita

345 5398 575 5470 ἀνάγκη
609 5404 758 5457 πᾶσα
787 5405 879 5460 καὶ
920 5409 1010 5465 ἐπὶ
1052 5411 1155 5483 τῆς
1194 5408 1289 5464 τοῦ
1315 5408 1450 5463 Θεοῦ
1481 5412 1768 5481 μετουσίας
1795 5407 1931 5466 εἷναί

2042 5419 2147 5477 εει,
2178 5411 2227 5468 sl
2256 5408 2349 5465 Dei
2393 5409 2664 5481 particeps
2692 5411 2785 5473 sit,
2841 5425 3182 5489 neqqaquam
3216 5426 3312 5481 per
3337 5412 3617 5465 contraria

340 5507 404 5545 τι
452 5494 709 5563 συγγενὲς
750 5498 881 5568 πρὸς
917 5503 977 5561 τὸ
1016 5502 1387 5580 μετεχόμενον
1424 5504 1482 5556 tv
1519 5506 1584 5575 τῇ
1635 5504 1794 5573 φύσει
1838 5504 1931 5559 τοῦ

2039 5504 2389 5578 participatio
2437 5503 2753 5575 contigerit,
2796 5502 2906 5561 nisi
2951 5504 3137 5567 aliaue
3179 5504 3343 5562 modo
3370 5502 3426 5559 id
3457 5503 3620 5576 cujus

436 5672 462 5704 ³
500 5674 639 5732 Cen.
673 5692 729 5745 ι,
759 5677 841 5737 9.7.
