3896 6208
437 261 541 318 175

1707 259 1763 316 S.
1800 259 2126 317 GREGURH
2157 260 2446 317 NYSSENI

3594 255 3715 315 {76

432 377 780 451 participatio
827 386 910 432 est
962 389 1257 448 cognattnn
1303 385 1467 434 luerit
1505 384 1555 434 ci
1593 379 1740 449 quod
1793 381 2000 450 appetit

2104 381 2483 444 ἀπολαύοντος.
2518 383 2612 432 Διά
2643 377 2799 431 τοῦτό
2837 393 2999 450 φησιν
3034 379 3066 447 ἡ
3097 375 3307 447 Γραφῆ,
3348 376 3469 428 κατ’
3505 374 3713 428 εἰκόνα

431 481 486 525 et
531 471 806 540 particeps
837 485 959 525 esse
992 469 1164 538 cupit.
1201 467 1272 523 Ut
1306 471 1450 526 enim
1481 470 1641 525 oculo
1672 485 1806 526 usus
1848 480 2013 540 atque

432 559 621 615 fruitio
679 560 990 630 splendoris
1039 561 1309 632 contingit
1359 577 1426 616 ex
1488 576 1553 616 eo
1598 561 1746 631 quod
1789 569 2013 615 natura-

429 655 535 708 lem
570 654 624 707 in
678 668 800 708 sese
839 653 1182 724 splendorem
1230 655 1392 710 habet
1422 652 1486 707 ad
1519 654 2008 724 apprehensionem

429 762 493 802 ac
543 747 951 817 perceptionem
994 747 1116 817 ejus
1171 745 1318 816 quod
1355 746 1602 814 ejusdem
1649 747 1865 815 generis
1895 753 2009 811 est;

430 853 494 894 ac
554 854 733 909 neque
791 839 1025 909 digitus,
1084 853 1262 909 neque
1327 837 1470 890 aliud
1531 836 1703 891 ullum
1755 837 2006 907 corporis

430 929 740 984 membrum
793 930 976 986 visum
1017 937 1256 992 exercet,
1309 934 1592 998 propterea
1628 929 1774 998 quod
1818 929 2006 984 nullus

432 1023 488 1075 in
534 1021 643 1074 alio
672 1020 928 1091 quopiam
959 1020 1328 1074 membrorum
1375 1033 1406 1071 a
1455 1026 1650 1073 natura
1694 1019 1901 1075 inditus
1935 1020 2007 1075 sit

432 1113 692 1182 splendor
728 1132 740 1166 :
775 1113 851 1166 ita
892 1111 1050 1182 plane
1093 1127 1320 1167 necesse
1361 1119 1445 1166 est
1483 1113 1647 1166 etiam
1695 1113 1749 1166 in
1781 1113 2006 1181 partici-

432 1204 648 1272 patione
692 1203 782 1258 Dei
834 1203 1091 1272 quiddam
1133 1218 1255 1257 cum
1309 1216 1374 1256 eo
1419 1201 1584 1272 cujus
1625 1201 1814 1256 fruitio
1843 1211 2005 1274 atque

431 1295 776 1363 participatio
811 1300 896 1347 est
921 1299 1211 1362 cognatum
1255 1307 1378 1348 esse
1410 1293 1463 1347 in
1505 1301 1704 1352 natura
1743 1293 2000 1351 fruentis.

431 1385 638 1438 Idcirco
689 1382 973 1452 Scriptura
1009 1381 1167 1447 dicit,
1210 1383 1513 1437 secundum
1570 1383 1863 1454 imaginem
1902 1383 2001 1440 Dei

429 1476 702 1530 hominem
745 1489 870 1530 esse
897 1473 1130 1538 factum,
1167 1483 1228 1528 ut
1268 1491 1365 1544 per
1406 1475 1461 1529 id
1499 1475 1646 1544 quod
1681 1476 1862 1532 simile
1893 1485 1997 1542 est,

426 1568 628 1632 simile,
671 1566 888 1638 opinor,
917 1565 1162 1621 videret.
1213 1565 1384 1622 Deum
1417 1577 1598 1622 autem
1634 1568 1843 1632 videre,
1888 1569 2001 1625 vita

2114 473 2248 526 Θεοῦ
2281 471 2607 542 γεγενῆσθαι
2654 471 2744 524 τὸν
2797 470 3118 540 ἄνθρωπον·
3148 467 3224 530 ὡς
3269 467 3356 530 ἄν,
3392 462 3576 533 οἷμαι,
3626 466 3714 535 τῷ

2112 567 2282 637 ὁμοίῳ
2329 565 2547 636 βλέπειν
2584 565 2645 616 τὸ
2691 565 2893 633 ὅμοιον.
2929 561 3002 614 Τδ
3044 561 3102 614 δὲ
3142 560 3356 630 βλέπειν
3397 559 3488 612 τὸν
3539 558 3713 621 Θεὸν,

2113 659 2258 710 ἐστὶν
2299 659 2332 726 ἡ
2384 655 2496 726 ζωὴ
2545 655 2644 725 τῆς
2677 654 2876 724 ψυχῆς,
2911 651 3092 716 καθὼς
3147 653 3206 705 ἐν
3251 655 3364 716 τοῖς
3419 651 3714 720 φθάσασιν

2111 750 2342 818 εἴρηται.
2387 746 2538 800 Ἐπεὶ
2566 746 2622 798 δέ
2649 762 2763 809 πως
2809 746 2842 815 ἡ
2887 741 2980 797 τοῦ
3007 743 3220 813 ἀληθῶς
3266 742 3469 811 ἀγαθοῦ
3499 743 3714 810 ἄγνοια

2112 839 2362 910 καθάπερ
2407 856 2492 902 τις
2531 836 2727 908 ὁμίχλη
2771 836 2850 906 τῷ
2894 835 3188 907 διορατικῷ
3232 837 3332 901 τῆς
3371 833 3558 904 ψυχῆς
3604 837 3714 888 ἐπ-

2108 930 2423 1001 εσκότησεν,
2463 929 2797 1000 παχυνθεῖσα
2837 928 2893 982 δέ
2933 930 2966 999 ὴ
3015 927 3209 997 ὁμίχλη
3255 926 3412 995 νέφος
3450 925 3708 994 ἐγένετο,

2107 1022 2249 1076 ὥστε
2288 1020 2377 1075 διὰ
2421 1021 2514 1074 τοῦ
2563 1019 2759 1090 βάθους
2799 1019 2897 1090 τῆς
2944 1018 3188 1086 ἀγνοίας,
3231 1017 3328 1088 τὴν
3355 1019 3552 1071 ἀκτῖνα
3595 1018 3710 1085 τῆς

2107 1113 2364 1184 ἀληθείας
2396 1111 2470 1183 μὴ
2499 1109 2808 1166 διαδύεσθαι
2827 1126 2841 1140 ο
2875 1108 3183 1177 ἀναγκαίως
3207 1108 3284 1179 τῷ
3311 1107 3580 1179 χωρισμῷ
3602 1108 3707 1186 τοῦ

2108 1203 2286 1272 φωτὸς
2329 1204 2424 1256 καὶ
2469 1205 2502 1273 ή
2551 1202 2664 1272 ζωὴ
2699 1200 2870 1271 αὐτῆς
2905 1199 3263 1265 συνεξέλιπεν.
3315 1200 3549 1270 Εἴρηται
3584 1199 3709 1268 γὰρ

2105 1295 2205 1366 τὴν
2233 1293 2408 1365 ἀληθῆ
2437 1293 2582 1363 ζωὴν
2608 1293 2706 1362 τῆς
2737 1291 2915 1362 ψυχῆς
2954 1292 3011 1344 ἐν
3040 1294 3106 1362 τῇ
3141 1289 3398 1360 μετουσία
3424 1288 3516 1342 τοῦ
3557 1290 3707 1357 ἀγα-

2109 1384 2202 1438 θοῦ
2259 1384 2630 1456 ἐνεργεῖσθαι,
2677 1383 2778 1453 τῆς
2825 1383 2880 1436 δὲ
2927 1383 3148 1451 ἀγνοίας
3194 1381 3330 1451 πρὸς
3381 1381 3480 1451 τὴν
3542 1381 3707 1434 θείαν

2109 1477 2436 1548 κατανόησιν
2483 1475 2879 1546 ἐμποδιζούσης
2941 1474 3192 1526 ἐκπεσεῖν
3242 1473 3338 1542 τῆς
3395 1471 3542 1541 ζωῆς
3595 1471 3705 1542 τὴν

2107 1570 2285 1640 ψυχὴν
2339 1568 2436 1641 τὴν
2465 1568 2558 1622 τοῦ
2589 1567 2721 1621 Θεοῦ
2755 1566 2829 1638 μὴ
2861 1565 3209 1637 μετέχουσαν.

425 1663 623 1714 anima:
656 1665 762 1724 est,
800 1656 1264 1728 quemadmodum
1316 1656 1371 1710 in
1419 1657 1857 1727 praecedentibus
1915 1659 2124 1714 dictum
2174 1670 2258 1714 est
2311 1658 2582 1724 Quoniam
2659 1664 2842 1711 autem
2908 1655 3048 1724 ejus.
3102 1651 3252 1724 quod
3306 1664 3435 1706 vere
3481 1650 3699 1704 bonum

427 1761 530 1815 est,
584 1750 915 1822 ignorantia,
943 1747 1108 1803 veluti
1136 1747 1335 1803 nebula
1356 1749 1602 1818 quaedam
1644 1751 1999 1821 perspectivze
2038 1753 2237 1806 animae
2281 1750 2529 1806 facultati
2562 1749 2818 1804 tenebras
2843 1745 3070 1811 offudit;
3136 1745 3337 1799 nebula
3384 1757 3515 1797 vero
3556 1742 3697 1797 den—

429 1857 548 1900 sata
600 1843 777 1897 nttbes
815 1841 958 1897 facta
999 1850 1104 1904 est,
1148 1841 1283 1895 adeo
1325 1849 1384 1894 ut
1441 1857 1538 1912 per
1575 1842 2002 1912 profunditatem
2043 1844 2366 1914 ignorantiae
2416 1841 2609 1896 radius
2677 1839 3256 1907 veritatispenetrare
3308 1850 3417 1890 non
3489 1837 3693 1905 possit,

429 1935 742 1992 necessario
798 1947 907 1986 una
988 1947 1110 1987 cum
1162 1932 1469 2001 privatione
1545 1933 1686 1988 lucis
1731 1934 1894 1988 etiam
1952 1936 2066 1988 vita
2117 1934 2294 2004 ipsius
2348 1931 2573 1987 defecit.
2639 1929 2852 1985 Dietunt
2915 1936 3000 1984 est
3055 1928 3200 1983 enim
3258 1942 3439 1981 veram
3491 1925 3695 1979 anima:

428 2027 599 2080 vitam
634 2040 732 2096 per
757 2023 885 2078 boni
922 2023 1400 2094 participationem
1440 2027 1711 2091 exerceri,
1749 2028 2060 2097 ignorantia
2138 2042 2269 2082 vero
2331 2025 2429 2082 Dei
2488 2022 2940 2095 contemplationi
2987 2028 3154 2091 atque
3226 2019 3526 2092 cognitioni
3599 2019 3691 2074 of-

433 2120 649 2172 ficiente
680 2117 788 2171 vita
837 2117 1112 2171 excidisse
1156 2119 1396 2171 animam
1441 2134 1561 2188 qua:
1593 2117 1688 2172 Dei
1737 2121 2012 2190 particeps
2049 2136 2158 2174 non
2210 2119 2302 2176 sit.

499 2207 672 2262 Porro
696 2221 856 2260 nemo
878 2207 1035 2260 nobis
1062 2208 1446 2262 necessitatem
1477 2210 1720 2277 imponat
1743 2210 2001 2280 originem

2200 2210 2406 2282 Μηδεὶς
2463 2209 2520 2263 δέ
2573 2207 2912 2277 γενεαλογεῖν
2977 2205 3126 2276 ἡμᾶς
3176 2201 3529 2272 ἀναγκαζέτω
3585 2204 3690 2274 τὴν

430 2299 752 2371 ignorantiae
768 2297 1103 2368 exponendi,
1128 2299 1274 2353 unde
1297 2298 1412 2354 haec
1439 2299 1714 2368 inquiens,
1737 2307 1791 2355 et
1807 2316 1836 2353 a
1860 2317 2000 2370 ([lIO;

431 2393 527 2446 sed
559 2408 625 2448 ex
672 2393 789 2462 ipsa
837 2390 1242 2460 signiﬁcatione
1282 2391 1520 2447 nominis
1563 2393 1828 2462 intelligat
1859 2391 2005 2462 quod

431 2484 662 2539 scientia
700 2493 864 2554 atque
908 2483 1219 2552 ignorantia
1267 2483 1510 2539 indicent
1549 2485 1786 2539 animam
1821 2486 2005 2555 aliquo

431 2577 594 2632 modo
647 2592 770 2632 sese
811 2576 876 2630 ad
918 2575 1124 2645 aliquid
1173 2576 1395 2631 habere.
1426 2575 1570 2631 Nihil
1602 2588 1782 2632 autem
1814 2593 2002 2632 eorum

431 2683 552 2738 quze
598 2667 664 2721 ad
717 2666 926 2736 aliquid
958 2674 1013 2721 et
1047 2666 1425 2736 intelliguntur
1463 2675 1516 2722 et
1559 2668 1841 2734 dicuntur,
1873 2669 2004 2724 sub-

431 2759 695 2814 stantiam
711 2757 966 2826 exprimit
1008 2765 1172 2827 atque
1201 2757 1564 2813 demonstrat.
1596 2760 1714 2813 Alia
1747 2761 1890 2814 enim
1920 2767 2004 2815 est

430 2853 552 2920 ejus
592 2848 736 2918 quod
781 2849 849 2904 ad
899 2848 1103 2918 aliquid
1156 2850 1378 2912 dicitur,
1433 2859 1488 2903 ct
1545 2851 1651 2903 alia
1684 2852 2004 2907 substantia:

432 2942 595 2995 ratio.
633 2940 690 2994 Si
738 2940 905 3008 igitur
955 2941 1182 2996 scientia
1235 2942 1542 2997 substantia
1598 2958 1704 2996 non
1756 2950 1861 3007 est,
1907 2943 2002 2998 sed

433 3034 634 3089 mentis
653 3034 800 3087 circa
833 3033 1071 3103 aliquam
1092 3049 1204 3087 rem
1226 3033 1388 3098 actio,
1407 3034 1577 3088 multo
1603 3036 1776 3105 magis
1792 3042 2002 3090 certum

430 3133 590 3195 atque
605 3131 759 3180 extra
785 3125 1218 3179 controversiam
1233 3133 1316 3178 est
1347 3125 1714 3195 ignorantiam
1732 3125 1890 3196 longe
1909 3127 2004 3180 ab-

430 3231 553 3271 esse
585 3215 655 3270 ab
675 3229 740 3270 eo
771 3214 1154 3269 utsuhstantia
1174 3214 1264 3268 sit.
1301 3212 1456 3278 Quod
1490 3222 1671 3269 autem
1701 3214 2002 3270 secundum

431 3308 791 3365 substantiam
812 3322 919 3361 non
934 3315 1039 3369 est,
1056 3321 1156 3360 nec
1179 3306 1405 3360 omnino
1433 3306 1650 3375 quidem
1675 3305 2006 3362 cst.Absur-

428 3400 560 3457 dum
601 3401 767 3472 igitur
819 3407 873 3454 et
925 3413 1123 3452 vanum
1164 3398 1328 3451 fuerit
1367 3397 1434 3453 de
1463 3413 1527 3453 eo
1560 3397 1708 3468 quod
1755 3413 1864 3453 non
1891 3405 2001 3465 est,

2106 2303 2348 2372 ἄγνοιαν,
2385 2300 2546 2354 πόθεν
2585 2299 2722 2371 αὕτη
2767 2300 2939 2367 λέγων
2967 2298 3062 2352 καὶ
3105 2297 3212 2351 ἀπὸ
3241 2297 3386 2359 τίνος
3414 2313 3426 2324 ·
3477 2295 3590 2348 ἀλλ’
3625 2295 3688 2361 ἐξ

2105 2397 2276 2467 αὐτῆς
2300 2394 2486 2449 νοείτω
2512 2393 2610 2464 τῆς
2634 2392 2725 2446 τοῦ
2755 2391 3016 2462 ὀνόματος
3048 2389 3340 2460 σημασίας,
3370 2388 3450 2441 ὅτι
3476 2389 3509 2458 ἡ
3538 2387 3688 2455 γνῶ-

2107 2505 2188 2551 σις
2215 2490 2308 2541 καὶ
2350 2489 2383 2559 ἡ
2426 2488 2617 2556 ἄγνοια
2647 2485 2754 2538 τῶν
2797 2483 2934 2554 πρός
2965 2483 3017 2535 τί
3063 2500 3178 2546 πως
3210 2481 3350 2551 ἔχειν
3380 2481 3477 2552 τὴν
3504 2480 3687 2550 ψυχὴν

2104 2578 2450 2632 ἐνδείκνυται.
2500 2577 2665 2630 Οὐδὲν
2703 2576 2761 2629 δὲ
2790 2575 2897 2629 τῶν
2930 2574 3063 2646 πρός
3095 2592 3146 2627 τι
3171 2573 3474 2643 νοουμένων
3500 2590 3557 2624 τε
3588 2572 3685 2624 καὶ

2104 2664 2429 2736 λεγομένων,
2453 2665 2638 2718 οὐσίαν
2669 2665 3014 2736 παρίστησιν.
3039 2664 3228 2726 ’Ἄλλος
3246 2663 3353 2735 γὰρ
3377 2664 3404 2716 6
3427 2661 3518 2716 τοῦ
3547 2664 3686 2734 πρός

2103 2773 2177 2820 τι,
2219 2757 2312 2810 καὶ
2341 2756 2528 2828 ἕτερος
2555 2759 2583 2809 6
2616 2756 2714 2826 τῆς
2742 2757 2930 2820 οὐσίας
2972 2756 3149 2824 λόγος.
3202 2756 3266 2808 Ei
3294 2751 3387 2809 οῦν
3420 2756 3451 2825 ἡ
3482 2755 3684 2823 γνῶσις

2103 2848 2260 2902 οὐσία
2283 2849 2382 2900 οὐκ
2405 2846 2570 2910 ἐστιν,
2597 2847 2730 2901 ἀλλά
2765 2847 2988 2919 περιττὴ
3015 2848 3114 2916 τῆς
3135 2847 3372 2910 διανοίας
3399 2847 3648 2919 ἐνέργεια
3666 2862 3680 2874 ⁸

2106 2939 2238 2994 πολὺ
2281 2940 2480 3011 μᾶλλον
2520 2943 2552 3011 ἡ
2600 2941 2788 3008 ἄγνοια
2819 2941 3006 3012 πόρῤω
3043 2939 3138 2992 τοῦ
3181 2940 3301 2994 κατ’
3326 2941 3513 2993 οὐσίαν
3542 2935 3683 2992 εἶναι

2105 3030 2467 3102 ὡμολόγηται.
2523 3029 2595 3083 Τὸ
2627 3031 2681 3084 δέ
2733 3031 2806 3102 μὴ
2847 3031 2965 3083 κατ’
2993 3029 3180 3083 οὐσίαν
3231 3029 3322 3093 ὂν,
3371 3029 3491 3082 οὐδὲ
3533 3029 3682 3081 ἐστιν

2104 3123 2260 3186 ὅλως.
2311 3121 2552 3175 Μάταιον
2590 3120 2769 3174 τοίνυν
2796 3121 2862 3174 ἂν
2893 3119 2977 3190 εἴη
3012 3119 3139 3190 περὶ
3169 3119 3262 3172 τοῦ
3299 3120 3371 3190 μὴ
3415 3119 3584 3183 ὄντος,
3620 3118 3683 3171 τὸ

2107 3212 2231 3266 ὅθεν
2263 3212 2380 3265 ἐστὶ
2411 3211 2885 3283 περιεργάζεσθαι.
2933 3209 3151 3280 Ἐπειδὴ
3193 3209 3370 3263 τοίνυν
3405 3209 3546 3280 ζωὴν
3581 3210 3683 3280 μὲν

2069 3287 2080 3294 ’
2105 3303 2281 3374 ψυχῆς
2313 3303 2410 3375 τὴν
2437 3303 2531 3356 τοῦ
2574 3303 2708 3356 Θεοῦ
2763 3302 3049 3374 μετουσίαν
3089 3303 3116 3354 6
3152 3302 3307 3370 λόγος
3339 3297 3476 3353 εἷναί
3524 3319 3678 3371 φησι,

2106 3395 2305 3465 γνῶσις
2331 3395 2388 3448 δὲ
2422 3393 2562 3448 κατά
2586 3394 2645 3446 τὸ
2671 3391 2948 3464 ἐγχωροῦν
2980 3393 3129 3445 ἐστιν
3160 3393 3193 3460 ἡ
3227 3391 3484 3461 μετουσία
3510 3407 3523 3419 ο
3566 3391 3681 3462 ἡδὲ

428 3493 578 3547 unde
627 3491 721 3557 sit,
750 3489 969 3544 curiose
1000 3487 1299 3558 inquirere.
1339 3486 1607 3552 Quoniam
1637 3488 1803 3558 igitur
1836 3490 2001 3545 vitam

2106 3489 2299 3557 ἄγνοια
2325 3485 2445 3556 ούχί
2484 3487 2627 3549 τινός
2668 3487 2814 3538 ἐστιν
2843 3483 3094 3556 ὓπαρξις,
3129 3483 3262 3538 ἀλλά
3283 3483 3384 3554 τῆς
3413 3483 3548 3538 κατά
3578 3484 3679 3554 τὴν

430 3584 653 3654 quidem
705 3581 903 3636 anima:
947 3579 1041 3637 Dei
1078 3557 1572 3648 participationem
1633 3557 1756 3635 esse
1814 3595 2000 3636 sermo

2104 3581 2304 3651 γνῶσιν
2359 3581 2635 3650 ἐνεργείας
2671 3579 2947 3650 ἀναίρεσις
2975 3597 2988 3612 ο
3028 3579 3106 3650 τῷ
3141 3577 3198 3631 δέ
3235 3577 3308 3651 μὴ
3341 3577 3676 3650 ἐνεργεῖσθαι

429 3675 587 3738 dicit,
638 3688 811 3743 eaque
850 3670 1197 3744 participatio
1226 3669 1282 3724 in
1309 3685 1376 3724 eo
1417 3677 1692 3738 versatur,
1733 3679 1790 3724 ut
1826 3685 2000 3741 quan-

432 3777 546 3820 tum
593 3763 644 3818 ei
683 3763 815 3817 licet
853 3772 907 3821 et
941 3762 1110 3832 capit,
1159 3760 1390 3815 scientia
1435 3760 1661 3830 praedita
1707 3761 1808 3828 sit;
1845 3763 2002 3833 igno-

431 3855 609 3910 rantia
643 3861 825 3908 autem
861 3867 970 3908 non
996 3851 1230 3921 alicujus
1255 3850 1588 3915 substantia,
1617 3851 1712 3906 sed
1739 3853 1860 3922 ejus
1881 3868 2001 3923 quae

432 3960 528 4014 per
575 3942 862 3998 scientiam
897 3941 975 4008 fit,
1027 3940 1261 3996 actionis
1301 3940 1556 3996 interitus
1597 3951 1758 4011 atque
1790 3957 2002 4011 perem-

431 4036 547 4104 ptio
593 4041 705 4101 est;
759 4047 825 4087 ac
864 4032 1177 4088 necessario
1223 4032 1605 4102 consequitur,
1653 4042 1710 4087 ut
1748 4034 1834 4087 ubi
1879 4047 2004 4102 par-

433 4127 677 4198 ticipatio
727 4124 823 4180 Dm'
860 4139 970 4178 non
1023 4117 1338 4191 exercetur:
1382 4124 1614 4194 privatio
1659 4135 1710 4180 et
1742 4124 2003 4179 alienatio

433 4220 554 4274 vita).
598 4206 668 4275 Sit
692 4218 770 4289 (id
824 4224 1005 4272 autem
1064 4217 1332 4271 malorum
1381 4216 1544 4272 fuerit
1600 4217 1930 4286 extremum)
1983 4233 1998 4270 :

432 4320 837 4382 consequenter
884 4308 1064 4382 omnis
1105 4309 1233 4363 boni
1280 4308 1456 4363 factor
1492 4310 1837 4364 curationem
1874 4310 2002 4363 mali

431 4406 485 4457 in
529 4403 688 4457 nobis
730 4411 1006 4470 operatur.
1058 4398 1205 4452 Bona
1253 4400 1396 4453 enim
1428 4415 1516 4454 res
1550 4402 1765 4454 curatio
1799 4410 1912 4465 est;
1949 4411 2003 4454 at

431 4493 652 4548 modum
687 4492 991 4547 curationis
1023 4506 1250 4560 prorsus
1284 4491 1519 4560 ignorat,
1556 4493 1650 4561 qui
1683 4509 1792 4547 non
1827 4494 2004 4564 respi-

431 4585 504 4640 cit
539 4584 607 4639 ad
633 4583 954 4654 mysterium
995 4582 1399 4651 Evangelicum.
1431 4580 1567 4636 Cum
1607 4583 1771 4652 igitur
1800 4583 2000 4637 malum

429 4691 550 4732 esse
597 4677 1037 4731 demenstratum
1087 4672 1177 4738 sit,
1221 4673 1267 4727 si
1309 4687 1338 4726 a
1398 4671 1529 4738 Deo,
1590 4675 1681 4743 qui
1733 4682 1816 4729 est
1865 4676 2000 4740 vita,

429 4768 648 4822 alienati
676 4768 870 4831 simus,
899 4767 1112 4822 curatio
1135 4765 1469 4834 ejuscemodi
1496 4765 1834 4824 infirmitatis
1859 4773 1997 4830 erat,

2099 3671 2193 3726 τοῦ
2243 3671 2377 3725 Θεοῦ
2415 3671 2511 3743 τὴν
2562 3670 2851 3743 μετουσίαν
2905 3673 2936 3742 ἡ
2985 3670 3084 3740 τῆς
3138 3667 3286 3739 ζωῆς
3331 3668 3676 3737 ἀλλοτρίωσις

2101 3764 2411 3832 ἀναγκαίως
2440 3762 2869 3834 ἐπηκολούθησεν
2896 3763 3069 3836 (τοῦτο
3098 3763 3141 3816 δ’
3167 3762 3232 3817 ἂν
3257 3762 3341 3835 εἴη
3367 3762 3472 3815 τῶν
3494 3761 3675 3816 κακῶν

2101 3853 2162 3906 τὸ
2195 3852 2436 3923 ἔσχατον)
2452 3869 2465 3882 ⁸
2491 3853 2797 3917 ἀκολούθως
2818 3856 2846 3908 ὁ
2869 3853 2962 3907 τοῦ
2993 3855 3191 3919 παντὸς
3216 3856 3421 3925 ἀγαθοῦ
3451 3859 3675 3930 ποιητὴς

2101 3945 2200 4016 τὴν
2249 3944 2341 3996 τοῦ
2390 3945 2557 3998 κακοῦ
2609 3943 2900 4015 θεραπείαν
2957 3949 3014 4000 ἐν
3077 3948 3208 4018 ἡμῖν
3263 3950 3670 4020 κατεργάζεται.

2115 4036 2339 4103 Ἀγαθὸν
2385 4035 2490 4106 γὰρ
2585 4035 2867 4105 θεραπεία,
2913 4037 3004 4090 τὸν
3053 4039 3110 4091 δὲ
3151 4039 3348 4110 τρόπον
3389 4041 3486 4108 τῆς
3518 4041 3676 4111 θερα-

2105 4126 2262 4189 πείας
2297 4128 2479 4194 ἀγνοεῖ
2525 4129 2738 4190 πάντως
2763 4130 2790 4181 6
2816 4128 2890 4199 μὴ
2921 4129 3056 4198 πρὸς
3083 4129 3142 4182 τὸ
3167 4130 3527 4198 Εὑαγγελικὸν
3557 4133 3676 4202 βλέ-

2105 4235 2219 4272 πων
2257 4221 2570 4290 μυστήριον.
2596 4219 2780 4272 Κακοῦ
2811 4220 2990 4275 τοίνυν
3025 4221 3424 4292 ἀποδειχθέντος
3451 4225 3545 4277 τοῦ
3575 4227 3672 4278 ἀλ-

2103 4306 2458 4380 λοτριωθῆναι
2497 4308 2818 4374 Θεοῦ,ὃστις
2848 4312 2996 4365 ἐστὶν
3023 4315 3055 4383 ἡ
3085 4313 3216 4384 ζωὴ,
3249 4315 3280 4384 ὴ
3305 4312 3562 4384 θεραπεία
3580 4317 3670 4370 τοῦ

2102 4399 2340 4453 τοιούτου
2416 4403 2846 4473 ἀρῤωστὴματος
2896 4399 2962 4474 ἦν
3029 4405 3089 4457 τὸ
3129 4405 3286 4459 πάλιν
3332 4409 3670 4478 οίκειωθῆναι

2103 4490 2242 4560 Θεῷ,
2275 4491 2369 4544 καὶ
2399 4494 2454 4544 ἐν
2497 4496 2560 4563 τῇ
2593 4493 2704 4564 ζωῇ
2732 4493 3004 4562 γενέσθαι,
3047 4496 3261 4566 Ταύτης
3289 4493 3380 4550 οῦν
3407 4499 3503 4568 τῆς
3531 4499 3668 4570 ζωῆς

2104 4583 2226 4634 κατ’
2273 4582 2461 4634 ἐλπίδα
2505 4585 2870 4655 προκειμένης
2916 4588 2980 4656 τῇ
3017 4587 3328 4658 ἀνθρωπίνῃ
3370 4590 3544 4657 φύσει,
3573 4592 3667 4644 ούκ

2104 4673 2249 4726 ἐστιν
2284 4675 2455 4727 εἰπεῖν
2504 4677 2707 4745 κυρίως
2759 4677 3021 4730 ἀντίδοσιν
3076 4679 3181 4731 τῶν
3235 4677 3293 4732 εὖ
3343 4681 3667 4750 βεϐιωκότων

2104 4765 2355 4833 γενέσθαι
2393 4767 2491 4836 τὴν
2517 4767 2614 4836 τῆς
2657 4766 2802 4836 ζωῆς
2835 4770 3144 4838 μετουσίαν,
3193 4773 3285 4824 καί
3317 4773 3580 4843 τιμωρίαν
3611 4773 3668 4825 τὸ

429 4860 543 4913 Deo
588 4875 778 4915 rursus
823 4859 1078 4928 conjungi
1128 4868 1291 4928 atque
1335 4858 1642 4922 conciliari,
1693 4866 1746 4913 ct
1799 4857 1852 4912 in
1887 4859 1997 4912 vita

2104 4858 2358 4929 ἔμπαλιν.
2401 4860 2542 4913 Ἀλλ’
2570 4861 2753 4931 ὅμοιόν
2787 4863 2900 4914 ἐστι
2932 4862 3009 4932 τῷ
3034 4863 3172 4916 κατὰ
3212 4865 3338 4926 τοὺς
3368 4865 3666 4935 ὀφθαλμοὺς

428 4947 658 5003 versari.
719 4947 850 5002 Cum
893 4964 1024 5018 ergo
1069 4948 1186 5003 haec
1230 4947 1342 5002 vita
1390 4962 1487 5018 per
1540 4963 1690 5017 spem
1748 4947 1999 5002 humanae

427 5051 641 5096 naturae
684 5040 959 5110 praposita
1004 5043 1094 5103 sit,
1146 5055 1255 5095 non
1303 5039 1524 5110 proprie
1567 5038 1677 5092 dici
1702 5045 1880 5109 potest
1915 5054 1999 5093 re-

427 5132 858 5189 ntuncrationem
905 5147 1093 5186 eorum
1132 5133 1223 5201 qni
1274 5132 1410 5186 bene
1450 5131 1720 5196 vixerunt,
1768 5130 1993 5200 partici-

426 5226 701 5289 pationem
749 5232 802 5278 et
849 5237 1008 5276 usum
1060 5223 1186 5276 vita:
1231 5221 1368 5288 fore,
1401 5230 1456 5277 et
1501 5222 1827 5292 supplicium
1875 5222 1996 5275 vice

425 5332 602 5368 versa.
653 5313 759 5369 Sed
811 5315 954 5384 quod
1005 5315 1207 5368 dicitur
1250 5313 1432 5369 simile
1477 5323 1562 5369 est
1617 5316 1666 5370 ei
1719 5329 1880 5384 quam
1926 5313 1993 5368 de

424 5407 598 5460 oculis
643 5407 699 5460 in
738 5407 978 5461 medium
1039 5405 1314 5462 afferimus
1377 5405 1746 5461 similitudini.
1811 5405 1992 5474 Neque

422 5498 564 5550 enim
602 5497 648 5552 ei
680 5498 770 5566 qui
795 5498 982 5552 oculos
1009 5505 1266 5568 purgatos
1290 5498 1473 5561 habet,
1502 5498 1778 5566 praemium
1814 5497 1989 5566 quod-

421 5590 544 5642 tlzun
581 5598 636 5644 et
676 5589 1024 5643 honorarium
1055 5604 1176 5644 esse
1205 5589 1440 5644 dicimus
1463 5604 1652 5644 eorum
1685 5605 1805 5658 quae
1839 5590 1989 5644 cerni

421 5693 650 5753 possunt
669 5683 1189 5740 animadversionem
1217 5703 1228 5738 :
1257 5692 1352 5741 aut
1374 5685 1549 5742 oculis
1568 5686 1834 5741 laboranti
1856 5701 1987 5740 con-

2105 4952 2459 5021 ὑποδείγματι
2484 4952 2543 5004 τὸ
2562 4951 2864 5023 λεγόμενον.
2893 4955 3027 5008 Οὐδὲ
3051 4957 3160 5026 γὰρ
3185 4955 3261 5026 τῷ
3286 4956 3667 5029 κεκαθαρμένῳ

2105 5042 2200 5106 τὰς
2226 5044 2375 5112 ὄψεις
2407 5043 2640 5098 ἐπαθλόν
2687 5045 2740 5097 τί
2771 5062 2949 5116 φαμεν
2980 5043 3113 5099 εἶναι
3142 5048 3234 5100 καὶ
3266 5047 3546 5118 πρεσϐεῖον
3572 5049 3664 5119 τὴν

2102 5137 2210 5188 τῶν
2237 5136 2444 5206 ὁρατῶν
2473 5138 2814 5209 κατανόησιν,
2845 5138 2879 5209 ἢ
2911 5138 2986 5209 τῷ
3029 5140 3288 5204 νοσοῦντι,
3328 5141 3389 5192 τὸ
3420 5139 3660 5209 ἔμπαλιν,

2104 5228 2399 5296 καταδίκην
2446 5229 2567 5280 τινὰ
2625 5231 2717 5282 καὶ
2767 5233 3144 5301 τιμωρητικὴν
3195 5231 3463 5284 ἀπόϐασιν
3502 5232 3554 5284 τὸ
3592 5233 3660 5304 μὴ

2107 5320 2353 5390 μετέχειν
2373 5319 2470 5389 τῆς
2493 5322 2745 5392 ὁρατικῆς
2776 5322 3072 5391 ἐνεργείας.
3109 5321 3246 5375 Ἀλλ’
3270 5323 3345 5385 ὼς
3369 5323 3662 5391 ἀναγκαίως

2098 5408 2288 5462 ἕπεται
2320 5409 2398 5478 τῷ
2427 5411 2566 5465 κατά
2598 5412 2756 5481 φύσιν
2787 5412 3112 5483 διακειμένῳ
3142 5414 3201 5466 τὸ
3231 5413 3467 5482 βλέπειν,
3500 5412 3571 5482 τῷ
3605 5431 3659 5464 τε

2099 5500 2206 5552 ἀπὸ
2243 5499 2446 5562 πάθους
2477 5501 2860 5570 παρενεχθέντι
2891 5501 2991 5569 τῆς
3031 5501 3264 5570 φύσεως,
3301 5503 3360 5555 τὸ
3403 5501 3476 5572 μὴ
3521 5504 3660 5572 ἐνερ-

2099 5592 2215 5658 γεῖν
2242 5589 2340 5661 τὴν
2384 5592 2606 5661 ὃρασιν“
2654 5592 2744 5645 τὸν
2791 5593 2951 5647 αὑτὸν
2993 5595 3191 5664 τρόπον
3233 5595 3386 5664 καὶὴ
3432 5595 3660 5666 μακαρία

2100 5683 2210 5756 ζωὴ
2247 5688 2494 5758 συμφυής
2522 5687 2636 5740 ἐστι
2669 5688 2763 5740 καὶ
2791 5688 2963 5742 οίκεία
2993 5691 3105 5752 τοῖς
3138 5687 3564 5759 κεκαθαρμένοις
3597 5685 3659 5744 τά
