3896 6208
275 282 382 338 ΓΠ
1093 284 1180 340 DE
1210 285 1626 347 INFANTIBUS
1655 290 1772 357 QUI
1795 289 2249 350 PRAEMATURE
2268 294 2757 376 ABRIPIUNTUR.
3428 293 3540 348 178'

273 397 376 464 τῆς
404 395 582 467 ψυχῆς
615 396 944 469 αίσθητήρια
971 414 985 431 ·
1020 399 1106 470 ἐφ’
1140 394 1216 456 ὧν
1241 403 1297 456 δὲ
1320 405 1568 477 καθάπερ
1597 424 1677 471 τις
1707 407 1854 478 λήμη

1985 423 2064 467 ra.
2113 401 2618 469 cbndemnationem
2654 411 2947 483 quamdam
2996 419 3048 465 et
3094 409 3362 480 pmualem
3408 425 3533 466 sen-

273 487 341 538 τδ
369 488 509 539 κατά
535 488 630 556 τὴν
656 487 877 556 ἀγνοιαν
905 489 1076 554 πάθος
1102 493 1354 562 ἐμπόδιον
1377 495 1511 566 πρὸς
1545 497 1643 566 τὴν
1674 513 1857 566 μετου-

1987 503 2210 567 entiam,
2251 504 2397 573 quod
2430 521 2537 560 non
2569 519 2793 575 compos
2839 512 2923 560 est
2957 503 3258 559 efficientia:
3291 501 3532 557 videndi.

279 579 408 632 σίαν
430 578 522 631 τοῦ
556 578 808 647 ἀληθινοῦ
846 580 1024 664 φωτὸς
1050 582 1297 650 γίνεται..
1315 586 1628 654 ἀναγκαίως
1665 588 1856 642 ἕπεται

1983 589 2073 645 Sed
2101 600 2160 645 ut
2181 596 2492 650 necessario
2523 596 2897 666 consequitur,
2923 602 2980 648 ut
3017 595 3063 650 is
3092 595 3186 663 qui
3229 593 3532 650 secundum

279 670 346 722 τὸ
369 669 444 741 μὴ
473 670 717 740 μετέχειν
741 671 973 738 ἐκείνου,
1005 667 1066 726 οὗ
1095 672 1195 745 τὴν
1230 678 1517 746 μετουσίαν
1545 678 1689 748 ζωὴν
1719 674 1856 734 εἶναί

1983 689 2216 736 laturam
2250 685 2549 754 dispositus
2592 696 2678 742 est
2721 687 2920 750 videat,
2976 687 3023 741 is
3074 701 3205 740 vero
3248 685 3409 754 cujus
3465 699 3530 738 ex

282 779 462 832 φαμεν
487 761 578 814 τοῦ
601 764 940 834 μετέχοντος.

1983 774 2162 827 norbo
2209 783 2402 829 natura
2453 778 2642 832 vitiata
2677 791 2742 834 ac
2790 777 3084 847 depravata
3118 785 3224 844 est,
3262 777 3532 831 visionem

283 870 393 908 non
441 866 692 912 exerceat
736 877 749 912 :
801 859 992 914 eodem
1061 858 1226 915 modo
1280 862 1435 916 beata
1477 879 1697 934 quoque
1749 864 1860 918 vita
1899 874 2131 934 cognata
2164 883 2228 923 ac
2260 871 2484 940 prepria
2539 887 2729 926 eorum
2797 879 2882 928 est
2912 870 3110 942 quibus
3173 871 3369 924 animae
3408 884 3548 923 sen-

280 948 431 1001 soria
485 956 720 1020 purgata
762 957 892 1004 sunt
937 951 1040 1005 :in
1075 953 1278 1022 quibus
1321 963 1500 1010 autem
1543 957 1868 1027 ignorantiae
1901 956 2298 1030 vitium,quasi
2333 961 2584 1030 quaedam
2616 963 2882 1034 lippitudo
2946 962 3353 1034 participationi
3422 959 3548 1015 veri-

280 1041 510 1118 luminis
563 1039 765 1109 officit,
811 1045 1130 1099 necessario
1177 1045 1458 1114 sequitur,
1506 1055 1567 1101 ut
1614 1064 1722 1102 non
1779 1047 2076 1118 participes
2141 1052 2252 1106 sint
2314 1053 2438 1122 eius
2488 1054 2650 1123 cujus
2702 1055 3182 1126 participationem
3254 1061 3330 1108 et~
3376 1066 3536 1106 usum

279 1133 452 1188 vitam
485 1148 608 1188 esse
629 1134 865 1192 dicimus
898 1139 1299 1209 participantis.

356 1224 576 1277 Τούτων
602 1227 778 1280 τοίνυν
801 1227 975 1290 οὕτως
1000 1232 1132 1302 ἡμῖν
1159 1229 1536 1304 διῃρημένων,
1582 1237 1773 1308 καιρὸς
1799 1238 1864 1290 ἂν

2041 1236 2136 1291 llis
2163 1237 2328 1307 igitur
2371 1253 2400 1291 a
2432 1237 2591 1294 nobis
2634 1238 2740 1296 hoc
2773 1240 2935 1298 modo
2963 1239 3240 1296 distinctis
3274 1245 3328 1294 et
3363 1237 3539 1306 expli-

284 1317 372 1386 εἴη
407 1316 708 1382 δωξετάσαι
737 1319 815 1390 τῷ
846 1320 990 1392 λόγῳ
1007 1323 1068 1375 τὸ
1091 1324 1350 1393 προτεθὲν
1371 1329 1504 1396 ἡμῖν
1535 1327 1741 1399 πρόϐλη
1753 1346 1828 1398 μα
1850 1347 1864 1360 ·

1983 1329 2124 1391 :atis,
2151 1331 2528 1399 tempestivum
2555 1330 2715 1387 fuerit
2738 1333 3071 1402 propositam
3107 1333 3264 1386 nobis
3293 1332 3546 1385 oratione

283 1407 526 1460 τοιοῦτον
553 1409 608 1461 δέ
636 1426 690 1462 τι
720 1409 1011 1482 λεγόμενον
1043 1409 1129 1483 ἦν’
1166 1415 1228 1468 Εἰ
1272 1417 1413 1470 κατά
1442 1417 1504 1471 τὸ
1543 1418 1749 1472 δίκαιον
1780 1418 1865 1487 γίη

1983 1430 2206 1474 .ractare
2250 1429 2413 1488 atque
2464 1420 2742 1477 discutere
2790 1422 3144 1492 quaestionem
3186 1420 3542 1492 :bujusmodi

286 1514 442 1550 νεται
470 1499 576 1552 τῶν
602 1500 826 1567 ἀγαθῶν
853 1504 885 1573 ἡ
910 1504 1284 1570 ἀνταπόδοσις,
1317 1509 1374 1560 ὲν
1410 1508 1547 1562 τίσιν
1575 1509 1727 1563 ἔσται
1756 1512 1784 1563 6
1811 1513 1868 1564 ἐν

1983 1514 2150 1561 autem
2196 1507 2454 1578 quiddam
2505 1518 2625 1564 erat
2659 1512 2804 1580 quod
2843 1513 3293 1582 pr0ponebatur:
3336 1511 3393 1565 Si
3443 1526 3541 1580 pro

287 1589 470 1693 νηπίῳ
511 1591 843 1662 τελευτήσας
886 1594 974 1646 τὸν
1018 1595 1152 1666 βίον,
1199 1598 1334 1669 μήτε
1369 1600 1537 1653 κακὸν
1562 1602 1619 1654 ὲν
1647 1603 1712 1672 τῇ
1753 1602 1864 1672 ζωῇ

1983 1612 2036 1652 ao
2069 1598 2215 1668 quod
2258 1599 2468 1669 justum
2513 1609 2618 1664 est,
2654 1602 2921 1657 bonorum
2967 1604 3337 1658 renumeratio
3378 1613 3547 1672 atque

286 1680 464 1753 ταύτῃ
491 1682 950 1753 καταϐαλόμενος,
983 1688 1117 1757 μήτε
1141 1689 1363 1757 ἀγαθὸν,
1397 1691 1537 1745 ὥστε
1561 1693 1650 1746 διά
1668 1693 1869 1747 τούτων

286 1773 550 1840 γενέσθαι
584 1774 732 1844 αὐτῷ
772 1775 870 1846 τὴν
918 1780 1037 1830 κατ’
1071 1779 1230 1846 ἀξίαν
1274 1781 1570 1850 ἀντίδοσιν;
1622 1779 1693 1856 ᾯ
1737 1785 1871 1855 πρὸς

287 1863 398 1934 τὴν
419 1863 733 1918 ἀκολουθίαν
749 1866 856 1919 τῶν
885 1867 1267 1940 ἐξητασμένων
1291 1873 1525 1942 ὁρῶντες
1551 1875 1874 1946 ἀποκρινούο

296 1953 444 2024 μεθα
471 1955 551 2007 ὅτι
575 1955 634 2007 τὸ
664 1957 1106 2028 προσδοκώμενον
1132 1961 1356 2029 ἀγαθὸν,
1385 1965 1584 2018 οἰκεῖον
1619 1966 1718 2036 μέν
1756 1968 1871 2020 ἐστι

291 2045 437 2097 κατὰ
473 2045 635 2112 φύσιν
663 2047 742 2118 τῷ
769 2048 1094 2122 ἀνθρωπίνῳ
1135 2052 1322 2120 γένει,
1375 2053 1592 2124 λέγεται
1639 2057 1695 2109 δὲ
1731 2059 1873 2111 κατά

287 2155 418 2191 τινα
462 2137 695 2192 διάνοιαν
741 2140 802 2192 τὸ
851 2142 982 2195 αύτδ
1031 2143 1124 2196 καὶ
1169 2146 1469 2210 ἀντίδοσις⁸
1520 2147 1598 2218 τῷ
1629 2147 1683 2201 δὲ
1725 2149 1873 2220 αύτῷ

287 2227 650 2298 ὑποδείγματι
687 2229 850 2284 πάλιν
891 2232 952 2284 τὸ
983 2231 1159 2303 νόημα
1191 2234 1348 2288 τοῦτο
1391 2237 1870 2307 σαφηνισθήσεται.

287 2320 398 2374 Δύο
438 2323 546 2392 γάρ
591 2340 734 2388 τινες
764 2324 1172 2378 ὑποκείσθωσαν
1201 2326 1278 2398 τῷ
1306 2327 1450 2398 λόγῳ
1482 2329 1874 2400 ἀρρωστήματί

287 2429 397 2467 τινι
430 2413 573 2467 κατά
603 2414 701 2477 τάς
726 2415 878 2484 ὄψεις
927 2418 1352 2488 συνενεχθέντες.
1397 2419 1602 2474 τούτων
1632 2421 1689 2474 δὲ
1719 2424 1747 2474 6
1776 2422 1874 2492 μὲν

291 2505 712 2576 σπουδαιότερον
739 2507 928 2560 ἑαυτὸν
958 2508 1240 2562 ὲπιδιδότω
1266 2513 1332 2581 τῇ
1381 2510 1671 2584 θεραπείᾳ,
1701 2514 1875 2566 πάντα

286 2595 583 2665 ὑπομένων
611 2597 679 2650 τὰ
711 2598 860 2668 παρά
907 2600 1006 2669 τῆς
1048 2601 1298 2672 ἰατρικῆς
1333 2603 1737 2674 προσαγόμενα,
1775 2605 1876 2659 κᾶν

289 2688 528 2742 ἐπίπονα
625 2703 639 2718 °
685 2693 714 2743 6
761 2691 818 2742 δὲ
851 2692 988 2762 πρὸς
1034 2692 1236 2764 λουτρά
1277 2711 1342 2765 ,τε
1389 2695 1484 2749 καὶ
1529 2697 1876 2766 οἰνοφλυγίας

289 2781 696 2853 ἀκρατέστερον
737 2782 1045 2847 διακείσθω,
1098 2785 1368 2856 μηδεμίαν
1405 2786 1500 2840 τοῦ
1539 2787 1877 2859 ἰατρεύοντος

293 2874 607 2946 ωμῦουλὴν
657 2875 792 2946 πρὸς
838 2876 935 2948 τὴν
967 2877 1074 2930 τῶν
1117 2879 1406 2952 ὀφθαλμῶν
1441 2883 1651 2951 ὑγίειαν
1700 2902 1876 2956 παρα-

1972 1690 2259 1745 retributio
2298 1691 2377 1755 fit,
2429 1692 2484 1746 in
2543 1693 2742 1764 quibus
2791 1695 3099 1750 versabitur
3134 1695 3180 1750 is
3214 1696 3308 1766 qui
3360 1694 3542 1749 infans

1972 1779 2028 1834 in
2071 1788 2257 1836 tenera
2303 1789 2461 1836 aetate
2505 1783 2674 1836 vitam
2723 1783 2916 1846 finivit,
2961 1798 3138 1853 neque
3184 1783 3312 1839 boni
3357 1783 3410 1837 in
3442 1782 3544 1837 hac

1971 1869 2082 1924 vita
2128 1885 2306 1941 neque
2334 1871 2461 1926 mali
2501 1872 2795 1943 quidquam
2837 1880 3068 1929 conatus
3095 1881 3149 1928 et
3183 1889 3435 1940 exorsus,
3483 1880 3544 1928 ut

1971 1976 2070 2031 per
2103 1965 2218 2016 haec
2250 1963 2298 2018 ei
2336 1978 2434 2033 pro
2472 1963 2669 2019 merito
2705 1965 2990 2020 retributio
3021 1965 3146 2018 fiat?
3187 1963 3287 2020 Cui
3324 1965 3390 2019 ad
3421 1980 3546 2020 con-

1974 2055 2319 2124 sequentiam
2349 2070 2541 2112 eorum
2565 2071 2687 2126 qua:
2707 2057 3016 2111 examinata
3040 2063 3169 2112 sunt
3186 2056 3545 2128 respicientes

1973 2145 2429 2216 respondebimus
2481 2147 2626 2218 quod
2689 2147 2914 2211 bonum,
2974 2147 3122 2217 quod
3178 2155 3544 2218 exspectatur,

1975 2238 2274 2294 secundum
2331 2246 2581 2294 naturam
2630 2238 2850 2310 quidem
2896 2239 3120 2294 humani
3159 2239 3374 2311 generis
3421 2254 3547 2310 pro:

1973 2329 2154 2398 prium
2200 2338 2336 2386 est:
2395 2330 2598 2386 dicitur
2657 2338 2836 2386 autem
2889 2330 3193 2386 secundum
3255 2331 3544 2401 quemdam

1974 2421 2336 2485 intellectum,
2382 2422 2524 2478 idem
2570 2423 2733 2478 etiam
2790 2422 3077 2478 retributio
3111 2440 3124 2475 :
3157 2430 3321 2492 atque
3357 2423 3550 2478 eadem

1976 2528 2172 2568 rursus
2221 2513 2583 2568 similitudine
2632 2529 2829 2569 sensus
2871 2514 2960 2568 hic
2995 2513 3381 2584 explicabitur.
3443 2513 3548 2569 Po-

1976 2614 2181 2658 nantur
2223 2605 2366 2658 enim
2399 2606 2454 2658 in
2500 2605 2748 2660 oratione
2803 2614 2993 2661 nostra
3037 2605 3148 2661 duo
3179 2607 3420 2676 quidam,
3453 2607 3546 2675 qui

1977 2695 2032 2748 in
2052 2695 2300 2750 morbum
2330 2696 2618 2765 quemdam
2648 2695 2940 2752 inciderint
2972 2696 3280 2759 oculorum,
3312 2711 3547 2766 quorum

1977 2801 2122 2839 unus
2170 2785 2368 2855 majori
2430 2800 2554 2840 cum
2609 2785 2792 2841 studio
2844 2785 3128 2855 magisque
3175 2785 3368 2841 sedulo
3425 2801 3550 2841 sese

1979 2874 2251 2929 curationi
2307 2875 2607 2944 permittat,
2658 2875 2842 2930 omnia
2882 2889 3004 2946 quae
3065 2875 3134 2933 ab
3182 2885 3300 2932 arte
3339 2877 3550 2931 medica

289 2964 606 3036 δεξάμενος.
657 2967 842 3037 Φαμὲν
889 2967 1086 3036 τοίνυν,
1131 2971 1268 3042 πρὸς
1312 2972 1372 3026 τὸ
1408 2974 1577 3044 πέρας
1622 2978 1876 3048 ἑκατέρου

1985 2968 2373 3032 adhibeantur,
2405 2969 2757 3038 quantumvis
2793 2969 2958 3024 etiam
2996 2969 3238 3024 dolorem
3273 2968 3547 3027 facientia.

295 3057 607 3127 βλέποντες,
640 3059 804 3124 ἀξίως
847 3062 1152 3117 ἀντιλαϐεῖν
1197 3063 1456 3134 ἑκάτερον
1487 3066 1586 3137 τῆς
1620 3069 1879 3140 προαιρέ-

295 3165 438 3210 σεως
485 3149 650 3202 αὑτοῦ
692 3151 819 3213 τοὺς
866 3152 1148 3224 καρπούς·
1199 3153 1292 3209 τὸν
1348 3155 1446 3225 μὲν
1478 3157 1578 3228 τὴν
1625 3158 1882 3230 στέρησιν

293 3235 394 3288 τοῦ
431 3237 632 3304 φωτὸς,
661 3238 752 3291 τὸν
780 3240 838 3293 δὲ
861 3241 960 3312 τὴν
982 3241 1300 3298 ἀπόλαυσιν.
1330 3246 1404 3298 T6
1431 3247 1538 3317 γὰρ
1567 3248 1882 3316 ἀναγκαίως

294 3325 564 3397 ἑπόμενον
592 3369 606 3392 ,
665 3330 930 3385 ἀντίδοσιν
976 3333 1040 3386 ὲκ
1089 3337 1478 3406 καταχρήσεως
1522 3339 1877 3411 ὀνομάζομεν.

294 3418 486 3472 Ταῦτα
513 3420 606 3473 καὶ
633 3422 726 3474 ἐπὶ
752 3423 859 3478 τῶν
883 3424 1090 3494 νηπίων
1123 3423 1469 3497 ζητουμένων
1497 3429 1644 3483 ἐστιν
1683 3433 1878 3496 εἰπεῖν,

295 3511 381 3562 ὅτι
407 3511 440 3580 ἡ
473 3513 572 3580 τῆς
591 3512 736 3582 ζωῆς
759 3515 974 3586 ἐκείνης
1003 3519 1319 3584 ἀπόλαυσις,
1345 3520 1520 3574 οἰκεία
1547 3522 1644 3591 μέν
1675 3523 1788 3576 ἐστι
1815 3527 1880 3596 τῇ

295 3603 618 3674 ἀνθρωπίνῃ
667 3605 865 3672 φύσει·
902 3608 999 3676 τῆς
1032 3609 1088 3661 δὲ
1132 3611 1274 3664 κατά
1318 3613 1415 3681 τὴν
1449 3613 1670 3681 ἄγνοιαν
1703 3615 1880 3678 νόσου,

297 3694 518 3747 πάντων
549 3695 730 3765 σχεδὸν
759 3697 864 3750 τῶν
892 3700 950 3752 ἐν
992 3701 1056 3770 τῇ
1091 3703 1254 3771 σαρκὶ
1299 3701 1516 3766 ζώντων
1548 3707 1881 3778 ἐπικρατού-

298 3803 408 3854 σης
431 3826 446 3849 ,
495 3788 524 3839 6
561 3789 656 3857 μὲν
687 3791 805 3852 ταῖς
833 3790 1202 3861 καθηκούσαις
1235 3795 1551 3867 θεραπείαις
1581 3799 1769 3852 ἑαυτὸν
1795 3801 1883 3851 ὲκ-

301 3876 585 3946 καθάρας,
628 3881 721 3932 καὶ
767 3874 879 3933 οἷόν
925 3899 1045 3936 τινα
1089 3883 1272 3955 λήμην
1312 3885 1404 3939 τοῦ
1435 3886 1740 3958 διορατικοῦ
1786 3890 1884 3958 τῆς

299 3966 494 4062 ψυχῆς
539 3968 842 4062 ἀποκλύσας
882 3973 982 4042 τὴν
1027 3973 1267 4042 ἄγνοιαν,
1318 3977 1468 4043 ἀξιον
1511 3979 1609 4048 τῆς
1648 3981 1885 4052 σπουδῆς

299 4060 421 4127 ἔχει
447 4058 508 4110 τὺ
536 4057 734 4128 κέρδος,
760 4063 815 4114 ὲν
837 4064 900 4132 τῇ
936 4064 1048 4134 ζωῇ
1073 4069 1138 4136 τῇ
1166 4067 1305 4120 κατά
1329 4067 1489 4136 φύσιν
1518 4070 1824 4140 γενόμενος’
1857 4075 1885 4126 ὀ

298 4153 360 4204 δὲ
383 4150 455 4203 τά
479 4150 566 4204 διὰ
596 4154 695 4223 τῆς
721 4153 921 4224 ἀρετῆς
944 4154 1160 4224 φεύγων
1189 4157 1481 4229 καθάρσια,
1511 4160 1606 4213 καὶ
1635 4160 1884 4216 δυσίατον

301 4241 484 4312 ἑαυτῷ
512 4243 601 4296 διά
645 4243 753 4296 τῶν
781 4244 1072 4316 ἀπατηλῶν
1101 4247 1299 4318 ἡδονῶν
1332 4251 1756 4316 κατασκευάζων
1785 4252 1884 4323 τῆς

301 4333 527 4399 ἀγνοίας
555 4334 655 4404 τὴν
685 4335 861 4398 νόσον,
906 4336 1058 4408 παρά
1086 4337 1248 4406 φύσιν
1273 4340 1556 4405 διατεθεὶς,
1586 4342 1882 4414 ἠλλοτρίω-

302 4438 394 4474 ται
414 4421 510 4474 τοῦ
538 4424 678 4476 κατά
699 4423 878 4491 φύσιν,
910 4428 1005 4479 κα)⁸
1031 4427 1293 4498 ἀμέτοχος
1320 4429 1526 4498 γίνεται
1552 4432 1652 4501 τῆς
1680 4434 1883 4496 οἰκείας

305 4515 439 4584 ἡμῖν
463 4516 556 4567 καὶ
583 4518 919 4588 καταλλήλου
949 4521 1112 4592 ζωῆς.
1140 4523 1214 4574 Τὸ
1233 4521 1287 4574 δὲ
1310 4524 1672 4594 ἀπειρόκακον
1693 4526 1883 4595 νήπιον

310 4605 582 4674 μηδεμιᾶς
612 4608 769 4660 νόσου
799 4609 906 4662 τῶν
949 4610 1048 4679 τῆς
1097 4610 1274 4681 ψυχῆς
1317 4612 1579 4682 ὀμμάτων
1623 4615 1759 4683 πρὸς
1785 4615 1882 4686 τὴν

305 4695 405 4749 τού
452 4699 630 4766 φωτὸς
677 4701 964 4770 μετουσίαν
1006 4702 1440 4772 ἐπιπροσθούσης
1466 4743 1479 4765 ,
1535 4707 1590 4756 ὲν
1629 4705 1707 4775 τῷ
1744 4708 1882 4758 κατά

305 4786 474 4854 φύσιν
502 4789 731 4856 γίνεται,
772 4789 846 4859 μὴ
893 4789 1144 4860 δεόμενον
1185 4790 1286 4860 τῆς
1317 4793 1381 4844 ὲκ
1416 4791 1510 4845 τοῦ
1545 4791 1882 4864 καθαρθῆναι

304 4879 538 4945 ὑγιείας.
563 4880 645 4933 δτι
674 4880 809 4952 μηδὲ
837 4880 935 4951 τὴν
961 4881 1132 4951 ἀρχὴν
1161 4881 1257 4953 τὴν
1283 4882 1434 4936 νόσον
1473 4885 1540 4952 τῇ
1566 4882 1709 4954 ψυχῇ
1744 4901 1883 4954 παρ-

303 4968 545 5035 εδέξατο.

1983 3059 2268 3120 sustinens
2310 3079 2323 3116 :
2369 3061 2507 3116 alter
2539 3076 2669 3116 vero
2708 3077 2738 3116 a
2776 3061 2988 3117 balneis
3020 3068 3073 3116 et
3105 3061 3277 3116 nimio
3306 3060 3415 3116 vini
3449 3077 3551 3116 usu

1984 3167 2105 3208 sese
2143 3152 2326 3206 minus
2353 3153 2628 3208 abstinere
2663 3153 2858 3222 possit,
2909 3153 3121 3206 nullum
3178 3151 3373 3207 medici
3423 3167 3554 3207 con-

1984 3243 2170 3299 silium
2230 3243 2372 3313 quod
2445 3244 2512 3298 ad
2569 3244 2857 3300 sanitatem
2927 3245 3212 3300 oculorum
3284 3244 3554 3313 pertineat

1983 3335 2302 3388 admittens.
2349 3333 2594 3389 Dicimus
2642 3335 2806 3402 igitur
2858 3337 2924 3388 ad
2978 3335 3140 3389 finem
3195 3343 3248 3390 et
3297 3345 3552 3390 eventum

1984 3425 2272 3497 utriusque
2339 3435 2671 3496 spectantes,
2725 3435 3020 3497 utrumque
3073 3442 3188 3482 suae
3248 3427 3553 3482 voluntatis

1983 3515 2178 3585 dignos
2212 3515 2454 3586 recipere
2484 3515 2730 3584 fructus;
2759 3517 2904 3573 hunc
2926 3519 3147 3589 quidem
3168 3518 3550 3590 privationem,

1982 3607 2135 3661 illum
2179 3622 2308 3662 vero
2351 3623 2512 3664 usum
2555 3615 2609 3663 et
2655 3608 2968 3665 fruitionem
3015 3610 3176 3664 lucis.
3209 3609 3365 3676 Quod
3407 3609 3554 3665 enim

1984 3697 2301 3752 necessario
2357 3698 2628 3767 sequitur,
2679 3697 2733 3752 id
2776 3713 2873 3768 per
2925 3699 3270 3766 abusionem,
3322 3699 3556 3754 retribu-

1983 3789 2186 3844 tionem
2215 3799 2269 3844 et
2296 3791 2796 3860 compensationem
2826 3791 3195 3846 nominamus.
3233 3789 3358 3846 [hec
3385 3791 3553 3846 etiam

1985 3881 2054 3935 ad
2103 3898 2163 3938 ea
2211 3898 2333 3951 quae
2361 3882 2428 3938 de
2462 3882 2764 3939 infantibus
2797 3893 3116 3953 qumruntur
3149 3883 3257 3940 dici
3303 3892 3555 3954 possunt,

1983 3975 2131 4044 quod
2178 3975 2324 4030 illius
2358 3974 2482 4030 vitae
2541 3991 2677 4030 usus
2728 3983 2890 4045 atque
2937 3974 3148 4040 fruitio,
3185 3975 3403 4048 propria
3432 3975 3557 4045 qui-

1984 4065 2106 4121 dem
2163 4066 2418 4121 bumana:
2477 4074 2686 4121 natura:
2741 4067 2843 4130 sit.
2907 4066 3004 4123 sed
3050 4083 3174 4122 cum
3237 4066 3558 4138 ignorantia:

1986 4147 2176 4211 morbo
2211 4172 2406 4212 omnes
2447 4158 2839 4228 propemodum
2891 4159 2983 4228 qui
3041 4160 3095 4212 in
3148 4173 3316 4213 carne
3362 4158 3557 4212 vivunt

1986 4248 2222 4319 correpti
2253 4251 2395 4303 sint:
2421 4249 2514 4318 qui
2543 4248 2760 4318 quidem
2793 4249 3006 4302 idoneis
3037 4257 3090 4303 et
3121 4251 3558 4318 competentibus

1986 4339 2364 4394 curationibus
2399 4354 2520 4394 sese
2547 4339 2952 4408 expurgaverit,
2986 4346 3039 4392 et
3071 4339 3238 4392 veluti
3277 4339 3557 4409 lippitudi-

1983 4445 2106 4485 nem
2155 4427 2443 4500 quamdam
2489 4443 2518 4481 a
2566 4429 2902 4498 perspectiva
2950 4428 3000 4481 vi
3055 4429 3249 4484 anima:
3299 4429 3557 4501 ignoran-

1983 4520 2114 4573 tiam
2153 4519 2310 4588 quasi
2355 4516 2704 4581 derivaverit,
2755 4517 2990 4573 abfuerit
3037 4525 3202 4588 atque
3251 4517 3557 4579 sustulerit,

1983 4609 2205 4680 dignum
2247 4608 2431 4664 studio
2464 4608 2678 4663 lucrum
2730 4617 3062 4665 consecutus
3099 4609 3155 4663 in
3208 4623 3272 4664 ea
3314 4625 3435 4679 quae
3471 4625 3558 4665 se-

1983 4703 2224 4756 cundum
2267 4707 2522 4754 naturam
2577 4708 2681 4764 est,
2737 4701 2846 4754 vita
2895 4709 3180 4764 versatur;
3248 4699 3341 4768 qui
3377 4707 3558 4754 autem

1988 4808 2051 4848 ea
2102 4807 2224 4862 quae
2257 4806 2352 4860 per
2382 4791 2642 4845 virtutem
2680 4791 3028 4852 adhibentur,
3070 4791 3382 4861 purgatoria
3423 4788 3560 4861 fugit

1991 4883 2251 4943 remedia,
2288 4888 2592 4950 curatuque
2618 4879 2890 4935 difﬁcilem
2938 4880 3040 4936 sibi
3070 4895 3164 4949 per
3207 4877 3432 4934 fallaces
3460 4893 3559 4932 vo-

1992 4975 2230 5044 luptates
2276 4972 2599 5042 ignorantiaa
2639 4973 2889 5027 morbum
2936 4969 3117 5032 eflicit,
3167 4979 3364 5041 praeter
3395 4978 3558 5024 natu-

303 5076 423 5114 ram
471 5061 775 5132 dispositus
808 5070 863 5117 et
896 5062 1125 5118 allectus
1165 5064 1378 5120 alienus
1408 5073 1493 5120 est
1526 5063 1596 5118 ab
1642 5079 1708 5119 eo
1737 5065 1884 5135 quod
1937 5064 2239 5121 secundum
2299 5069 2553 5116 naturam
2613 5069 2720 5125 est.
2779 5069 2834 5116 et
2892 5075 3088 5131 expers
3151 5059 3213 5114 fit
3266 5060 3388 5129 ejus
3435 5058 3560 5111 vitae

298 5169 428 5221 quae
463 5156 623 5210 nobis
658 5155 876 5226 proprie
910 5156 1166 5211 convenit
1204 5165 1259 5210 et
1284 5157 1697 5212 accommodata
1745 5167 1847 5212 est.
1899 5157 1971 5212 At
2020 5157 2234 5226 puellus
2278 5155 2462 5211 infans
2513 5155 2746 5225 simplex
2811 5154 3102 5224 omnisque
3169 5153 3391 5206 malitiae
3461 5162 3558 5206 ex-

293 5262 453 5320 pera,
506 5247 658 5302 nullo
706 5249 870 5301 etiam
903 5263 1050 5302 nunc
1098 5248 1383 5303 oculorum
1450 5247 1619 5302 animi
1683 5247 1876 5304 morbo
1930 5248 2337 5319 participationi
2385 5248 2526 5301 lucis
2559 5246 2852 5310 ofﬁciente,
2882 5246 2938 5300 in
2982 5263 3048 5302 eo
3105 5248 3249 5318 quod
3307 5241 3560 5298 naturale

291 5350 391 5398 est
446 5353 724 5407 versatur,
795 5345 1032 5398 sanitate
1093 5358 1216 5412 qua:
1286 5357 1382 5412 per
1434 5342 1813 5412 purgationem
1876 5343 2168 5414 contingit,
2223 5357 2332 5396 non
2388 5342 2661 5412 indigens,
2715 5343 2919 5412 quippe
2968 5341 3060 5412 qui
3115 5355 3217 5395 nec
3278 5341 3347 5395 ab
3401 5337 3561 5392 initio

289 5438 525 5508 quidem
575 5453 803 5508 prorsus
844 5439 896 5492 in
942 5441 1187 5493 animum
1232 5437 1486 5492 morbum
1535 5437 1777 5493 admisit.

372 5529 490 5582 Kal
518 5546 607 5600 μοι
637 5530 781 5583 δοκεί
809 5530 896 5584 διά
933 5548 1075 5594 τινος
1107 5529 1400 5598 ἀναλογίας
1427 5529 1640 5594 οἰκείως
1682 5529 1826 5600 ἔχειν
1853 5529 1883 5582 6

288 5620 497 5692 παρὼν
519 5621 612 5675 τοῦ
648 5621 762 5692 βίου
787 5623 980 5694 τρόπος
1013 5627 1078 5698 τῇ
1122 5621 1544 5695 προσδοκωμένη
1575 5622 1707 5694 ζωῇ.
1732 5620 1879 5676 Καθ-

293 5715 451 5783 άπερ
481 5712 590 5783 γὰρ
628 5713 766 5785 θηλῇ
822 5718 911 5772 καὶ
939 5720 1171 5788 γάλακτι
1215 5717 1247 5785 ἡ
1283 5714 1470 5787 πρώτη
1517 5715 1623 5769 τῶν
1671 5713 1879 5785 νηπίων

2058 5524 2137 5578 Ac
2167 5522 2298 5576 mihi
2338 5535 2583 5590 praesens
2615 5521 2741 5576 vitae
2780 5519 2921 5574 ratio
2969 5534 3065 5589 per
3102 5533 3393 5588 quamnam
3424 5534 3560 5576 cono

1987 5613 2317 5670 venientiam
2342 5622 2503 5683 atque
2525 5611 2932 5681 proportionem
2961 5609 3142 5665 affinis
3167 5618 3220 5666 et
3254 5609 3561 5680 propinqua

1989 5721 2113 5763 esse
2150 5705 2365 5763 videtur
2407 5704 2453 5761 ei
2489 5703 2610 5758 vita:
2643 5719 2807 5776 quam
2849 5713 3253 5772 exspectamus.
3283 5701 3564 5768 Quemad-
