3896 6208
421 274 528 334 179

1690 279 1746 335 S.
1773 279 2102 338 GREGORII
2141 282 2435 338 NYSSENI

3564 290 3675 345 180

421 396 641 451 modum
663 395 807 448 enim
839 396 1014 463 prima
1039 391 1325 447 infantium
1349 400 1479 448 artas
1505 407 1737 448 mamma
1767 409 1829 448 ac
1851 395 1987 451 lacte

2092 398 2271 468 ἡλικία
2295 398 2650 469 τιθηνουμένη
2673 398 2993 470 ἐκτρέφεται
3021 413 3033 428 ·
3067 395 3183 452 εἶτα
3211 399 3507 470 διαδέχεται
3534 403 3673 457 ταύ-

423 487 628 540 nutritn
675 485 974 550 educatur;
1011 483 1206 539 deinde
1247 485 1389 540 alius
1437 485 1768 540 conveniens
1816 485 1865 540 ei
1903 489 1988 540 cui

424 578 714 632 adhibetur
747 576 945 645 excipit
994 576 1171 639 cibus,
1224 579 1320 646 qui
1365 577 1595 632 idoneus
1639 593 1701 630 ac
1738 577 1991 646 proprius

425 670 496 723 sit
534 670 652 738 ejus
681 669 776 738 qui
808 668 1102 734 enutritur,
1142 669 1320 722 donec
1358 667 1422 721 ad
1458 660 1753 738 perfectam
1797 683 1992 738 perve-

424 762 565 815 nerit
594 767 840 814 aetatem:
871 759 945 812 ita
971 758 1167 828 opinor
1191 759 1358 813 etiam
1383 759 1620 813 animam
1661 772 1756 828 per
1779 773 1840 813 ea
1872 772 1992 828 quae

425 862 638 916 semper
663 845 1026 916 competentia
1063 846 1168 901 sibi
1207 855 1372 916 atque
1413 847 1825 902 accommodata
1859 848 1990 913 sint,

425 939 616 996 ordine
649 947 810 1010 atque
843 942 1231 1012 consequentia
1262 939 1497 1012 quadam
1529 941 1844 1012 participem
1876 941 1990 998 ﬁeri

425 1033 544 1103 ejus
578 1033 726 1098 vitae,
765 1048 886 1104 qua:
929 1033 1232 1090 secundum
1280 1045 1532 1088 naturam
1567 1041 1671 1098 est,
1729 1041 1990 1104 quantam

425 1126 572 1195 capit
605 1141 669 1181 ac
693 1134 893 1196 potest,
923 1127 992 1182 de
1027 1126 1096 1182 iis
1123 1141 1244 1196 quae
1267 1126 1320 1180 in
1354 1124 1688 1181 beatitudine
1709 1125 1992 1196 proposita

426 1223 576 1278 sunt,
629 1222 836 1286 partem
873 1217 1199 1287 capientem,
1231 1215 1690 1287 quemadmodum
1737 1218 1900 1271 etiam
1938 1216 1991 1270 id

426 1320 457 1358 a
486 1305 654 1361 Paulo
693 1306 1002 1372 didicimus,
1057 1308 1219 1362 aliter
1248 1307 1526 1362 nutriente
1569 1321 1693 1362 eum
1741 1307 1834 1376 qui
1877 1307 1990 1376 jam

425 1411 522 1464 per
555 1398 810 1452 virtutem
839 1397 1096 1461 creverit,
1143 1397 1304 1452 aliter
1334 1397 1598 1452 infantem
1642 1405 1696 1452 et
1736 1395 1991 1466 imperfe-

422 1487 647 1542 ctiorem
676 1505 689 1542 :
721 1502 846 1541 nam
872 1488 939 1543 ad
963 1487 1516 1559 hujusmodiquidem
1549 1487 1685 1543 dicit
1711 1504 1722 1540 :
1761 1505 1779 1540 ι
1808 1485 1992 1542 Laetis

423 1585 548 1646 potu
583 1594 680 1633 vos
715 1579 847 1645 alui,
880 1587 935 1636 et
965 1594 1074 1635 non
1109 1580 1272 1647 cibo;
1312 1579 1556 1634 nondum
1593 1578 1738 1633 enim
1775 1587 1990 1648 potera-

422 1669 495 1723 tis
515 1670 554 1723 ⁸.
583 1690 601 1723 ι
637 1669 718 1724 Ad
742 1686 836 1726 eos
851 1680 1031 1726 autem
1053 1671 1146 1742 qui
1175 1671 1288 1741 jam
1307 1671 1661 1741 impleverant
1679 1685 1990 1727 mensuram

2091 507 2188 559 την
2217 489 2544 562 κατάλληλος
2573 491 2732 562 ἑτέρα
2757 492 2833 562 τῷ
2862 492 3201 562 ὑποκειμένῳ
3224 493 3416 564 τροφὴ,
3447 495 3672 560 οἰκείως

2089 596 2149 632 τε
2178 580 2270 633 καὶ
2315 579 2630 651 ἐπιτηδείως
2659 581 2794 652 πρὸς
2824 579 2886 632 τὸ
2916 581 3249 652 τρεφόμενον
3294 581 3510 651 ἔχουσα,
3559 584 3672 646 ἕως

2089 669 2154 724 ἂν
2182 672 2275 725 ἐπὶ
2298 671 2359 725 τὸ
2384 672 2583 726 τέλειον
2613 672 2794 746 φθάσῃ
2817 689 2830 705 ·
2865 673 3035 738 οὕτως
3065 667 3219 743 οἶμαι
3246 674 3338 727 καὶ
3364 675 3462 745 τὴν
3485 675 3674 747 ψυχὴν

2091 763 2177 817 διὰ
2208 764 2314 817 τῶν
2359 763 2445 817 ἀεὶ
2493 764 2840 836 καταλλήλων
2874 763 3026 829 τάξει
3074 766 3182 818 τινὶ
3229 767 3321 818 καὶ
3372 767 3672 836 ἀκολουθίᾳ

2095 854 2340 926 μετέχειν
2367 856 2465 927 τῆς
2490 855 2631 910 κατὰ
2661 855 2820 925 φύσιν
2850 855 3014 926 ζωῆς.
3038 855 3112 919 ὡς
3139 859 3306 927 χωρεί
3325 857 3418 910 καὶ
3440 857 3673 911 δύναται

2090 944 2198 999 τῶν
2225 948 2282 1000 ἐν
2320 949 2386 1018 τῇ
2424 946 2784 1018 μακαριότητι
2813 947 3184 1018 προκειμένων
3217 947 3674 1018 μεταλαμϐάνου-

2093 1056 2182 1106 σα,
2217 1037 2398 1102 καθὼς
2426 1041 2519 1092 καὶ
2547 1038 2696 1109 παρὰ
2721 1038 2816 1092 τοῦ
2861 1038 3070 1093 Παύλου
3115 1038 3176 1092 τὸ
3202 1037 3437 1092 τοιοῦτον
3464 1040 3672 1109 ἐμάθο-ι-

2095 1146 2213 1198 μεν,
2247 1128 2418 1193 ἄλλως
2442 1129 2732 1198 τρέφοντος
2757 1130 2846 1183 τὸν
2879 1131 2979 1200 ἥδη
3020 1130 3110 1184 διὰ
3137 1130 3238 1201 τῆς
3268 1131 3466 1201 ἀρετῆς
3497 1131 3675 1201 αὺεη-

2093 1220 2272 1285 θέντα,
2305 1223 2400 1276 καὶ
2450 1221 2649 1293 ἑτέρως
2675 1221 2734 1275 τὸ
2767 1225 2958 1293 νήπιον
2986 1223 3079 1275 καὶ
3111 1222 3481 1293 ἀτελέστερον.
3518 1223 3672 1293 Πρὸς

2095 1310 2193 1381 μὲν
2248 1311 2356 1383 γὰρ
2401 1314 2525 1375 τοὺς
2583 1312 2854 1377 τοιούτους
2905 1314 3087 1383 φησὶν,
3144 1313 3226 1366 ὅτι
3277 1331 3296 1364 ι
3324 1313 3471 1367 Γάλα
3518 1315 3673 1384 ὑμᾶς

2094 1403 2339 1469 ἐπότισα,
2370 1404 2430 1456 οὐ
2462 1403 2654 1476 βρῶμα
2678 1422 2693 1436 ⁸
2729 1405 2878 1458 οὔπω
2910 1403 3019 1476 γὰρ
3043 1404 3302 1473 ἠδύνασθε
3325 1422 3337 1434 ·
3373 1423 3390 1455 ι
3445 1406 3586 1476 πρὸς
3608 1407 3670 1459 δὲ

2093 1495 2217 1558 τοὺς
2259 1494 2685 1567 πεπληρωκότας
2715 1497 2775 1550 τὸ
2823 1498 3016 1568 μέτρον
3057 1499 3154 1568 τῆς
3198 1497 3392 1566 νοητῆς
3419 1496 3667 1567 ἡλικίας,

2099 1603 2118 1637 ι
2146 1585 2374 1640 Τελείων
2396 1587 2453 1639 δέ
2480 1590 2616 1651 ἑστι,
2648 1607 2665 1638 ι
2708 1589 2892 1658 φησὶν,
2951 1608 2968 1640 ι
3000 1590 3032 1658 ἡ
3060 1589 3254 1660 στερεὰ
3282 1589 3476 1659 τροφὴ,
3506 1607 3524 1640 ι
3553 1589 3669 1642 τῶν

2093 1675 2180 1731 διὰ
2203 1676 2299 1747 τὴν
2329 1676 2441 1744 ἕξιν
2481 1679 2552 1731 τὰ
2597 1679 2921 1751 αἰσθητήρια
2953 1681 3376 1751 γεγυμνασμένα
3405 1681 3663 1750 ἑχόντων.

421 1759 616 1825 atatis,
657 1775 780 1831 qua:
814 1762 1023 1816 ratione
1053 1776 1115 1816 ac
1160 1768 1341 1832 mente
1383 1760 1718 1831 percipitur:
1761 1780 1780 1812 ι
1809 1761 1987 1816 Perfe-

2093 1767 2355 1839 Καθάπερ
2383 1770 2560 1824 τοίνυν
2579 1771 2678 1823 οὐκ
2707 1769 2850 1824 ἐστιν
2867 1772 2932 1836 ,ἐν
2959 1773 3069 1833 τοῖς
3098 1769 3301 1841 ὁμοίοις
3324 1772 3496 1824 εἰπεῖν
3520 1767 3666 1824 εἶναι

424 1859 636 1904 ctorum
678 1858 860 1907 autem
890 1861 994 1916 est,
1022 1871 1040 1904 ι
1079 1853 1276 1922 inquit,
1315 1852 1561 1908 «solidus
1600 1852 1759 1909 cibus
1779 1853 1864 1918 ⁷,»
1899 1853 1991 1922 qui

424 1956 520 2010 per
563 1943 806 1998 habitum
843 1946 1087 1999 sensoria
1126 1945 1328 2000 habent
1371 1946 1690 2000 exercitata.
1723 1943 1993 2011 Quemad-

425 2033 643 2086 modum
695 2034 861 2104 igitur
896 2035 1004 2090 dici
1058 2051 1165 2090 non
1207 2044 1405 2106 potest,
1457 2037 1513 2091 in
1551 2037 1826 2095 similibus
1872 2053 1992 2094 esse

421 2126 597 2177 virum
627 2132 682 2180 et
729 2125 1011 2192 infantem,
1061 2127 1274 2183 etiamsi
1324 2136 1517 2184 neuter
1559 2143 1749 2184 eorum
1800 2131 1993 2184 morbo

424 2214 606 2284 aliquo
635 2217 942 2285 implicetur
967 2236 980 2271 :
1011 2217 1142 2288 (quo
1174 2225 1335 2288 pacto
1360 2219 1505 2273 enim
1539 2219 1590 2273 in
1618 2219 1844 2289 paribus
1864 2236 1988 2275 ver-

423 2307 533 2362 sari
571 2309 784 2365 deliciis
815 2311 1047 2379 possint,
1082 2311 1177 2381 qui
1203 2313 1515 2369 earumdem
1547 2329 1729 2369 rerum
1763 2313 1991 2384 partici-

421 2415 516 2467 pes
559 2415 666 2454 non
696 2402 890 2468 sunt?)
921 2402 1016 2458 sed
1057 2403 1250 2459 morbo
1277 2403 1495 2474 quidem
1534 2405 1688 2460 nullo
1727 2405 1911 2476 amigi,
1939 2415 1993 2460 et

419 2487 474 2541 in
513 2487 616 2544 hoc
642 2499 696 2544 et
729 2489 784 2543 in
815 2489 908 2544 illo
937 2491 1190 2547 similiter
1223 2491 1445 2557 dicitur,
1481 2493 1724 2562 quandiu
1779 2495 1992 2564 passio-

420 2579 505 2632 nis
539 2587 593 2633 et
639 2579 949 2636 amictionis
1001 2589 1229 2652 uterque
1266 2598 1460 2652 expers
1500 2591 1604 2650 est,
1652 2584 1747 2640 sed
1778 2583 1990 2640 fructus

418 2669 738 2725 deliciarum
779 2687 890 2726 non
935 2663 1169 2740 amplius
1199 2673 1267 2728 ab
1305 2673 1496 2730 iisdem
1530 2675 1780 2730 similiter
1810 2675 1990 2745 perci-

418 2760 563 2829 pitur
591 2760 750 2821 (nam
785 2763 912 2818 huic
939 2763 1156 2834 quidem
1200 2764 1324 2819 licet
1357 2765 1441 2820 vel
1475 2765 1815 2822 orationibus
1842 2766 1990 2821 dele-

419 2858 576 2921 ctari,
612 2857 694 2910 vel
746 2856 910 2914 rebus
940 2873 1195 2926 praeesse,
1229 2859 1312 2912 vel
1351 2874 1476 2913 cum
1515 2858 1679 2914 laude
1721 2873 1786 2913 ac
1815 2859 1988 2929 gloria

419 2947 770 3017 magistratus
824 2964 1030 3018 gerere,
1083 2949 1168 3005 vel
1219 2947 1612 3018 benefaciendo
1670 2949 1988 3006 hominibus

2091 1859 2182 1914 τδν
2233 1860 2398 1930 ἄνδρα
2453 1877 2512 1913 τε
2566 1861 2658 1914 καὶ
2706 1861 2767 1912 τὸ
2811 1861 3020 1930 νήπιον,
3071 1861 3172 1915 κᾶν
3217 1861 3451 1932 μηδεμία
3507 1861 3665 1924 νόσος

2092 1953 2332 2024 ἑκατέρῳ
2376 1954 2581 2007 τούτων
2633 1953 3044 2022 προσάπτηται·
3082 1952 3235 2023 (πῶς
3262 1953 3368 2023 γὰρ
3400 1953 3465 2005 ἂν
3499 1955 3556 2005 ἐν
3583 1954 3664 2022 τῷ

2093 2046 2192 2116 ἴσῳ
2232 2046 2332 2116 τῆς
2377 2045 2587 2116 τρυφῆς
2631 2043 2905 2113 γένοιντο,
2942 2044 2991 2096 οἱ
3021 2042 3130 2096 τῶν
3178 2043 3354 2096 αὐτῶν
3404 2042 3477 2113 μὴ
3526 2061 3658 2113 μετ-

2091 2135 2362 2207 έχοντες;)
2389 2135 2522 2190 ἀλλὰ
2560 2136 2621 2190 τὸ
2667 2136 2764 2204 μὲν
2801 2134 2876 2205 μὴ
2917 2133 3210 2187 κακοῦσθαι
3238 2134 3378 2205 νόσῳ
3406 2134 3531 2196 τινὶ,
3567 2136 3660 2187 καὶ

2091 2229 2184 2282 ἐπὶ
2229 2229 2418 2282 τούτου
2466 2229 2562 2282 καὶ
2604 2230 2689 2282 ἐπ’
2721 2229 2924 2282 ἐκείνου
2975 2227 3188 2296 λέγεται
3241 2225 3655 2296 παραπλησίως,

2091 2320 2196 2384 ἓως
2228 2320 2294 2374 ἂν
2317 2320 2421 2384 ἔξω
2447 2320 2652 2384 πάθους
2676 2317 2982 2391 ἑκάτεροςῇ
3011 2334 3024 2346 °
3056 2317 3164 2372 τῶν
3183 2318 3239 2371 δὲ
3272 2317 3413 2370 κατὰ
3451 2315 3660 2386 τρυφὴν

2093 2411 2126 2479 ἡ
2158 2409 2455 2471 ἀπόλαυσις
2503 2409 2682 2462 οὐκέτι
2739 2408 2938 2479 ὁμοίως
2975 2408 3119 2479 παρὰ
3145 2407 3252 2460 τῶν
3296 2405 3474 2460 αὐτῶν
3501 2407 3656 2475 ἐνερε-

2094 2502 2272 2567 τεῖται
2327 2498 2426 2569 (τῷ
2477 2499 2572 2569 μὲν
2629 2498 2738 2569 γὰρ
2787 2498 3023 2568 ὑπάρχει
3072 2496 3165 2549 καὶ
3217 2493 3304 2547 διὰ
3352 2493 3524 2562 λόγων
3568 2494 3658 2545 εύ-
3732 2486 3742 2495 ’

2091 2591 2432 2662 φραίνεσθαι,
2475 2591 2569 2644 καὶ
2600 2589 2936 2660 πραγμάτων
2968 2589 3296 2650 ἐπιστατεῖν,
3338 2585 3429 2639 καὶ
3453 2586 3658 2638 εὐδοκί-

2095 2700 2208 2753 μως
2233 2682 2406 2754 ἀρχὰς
2438 2681 2698 2752 μετιέναι,
2733 2680 2827 2734 καὶ
2859 2682 2977 2742 ταῖς
3000 2677 3109 2733 τῶν
3139 2677 3407 2747 δεομένων
3437 2677 3658 2745 εὐεργε-

2092 2775 2233 2838 σίαις
2266 2772 2696 2845 λαμπρύνεσθαι,
2743 2773 2957 2842 γαμετῇ
2994 2787 3052 2824 τε
3097 2770 3384 2830 συνοικεῖν,
3417 2766 3482 2820 ἂν
3515 2765 3658 2820 οὕτω

2089 2865 2226 2937 τύχῃ
2271 2865 2605 2935 καταθυμία,
2654 2863 2748 2918 καὶ
2790 2862 2939 2916 οἴκου
2985 2848 3206 2932 ἄρχειν,
3260 2859 3352 2913 καὶ
3385 2860 3484 2912 ὅσα
3517 2858 3657 2911 κατὰ

2089 2959 2276 3013 τοῦτον
2302 2959 2448 3012 ἑστιν
2476 2957 2606 3028 ἡδέα
2629 2957 2719 3010 τὸν
2744 2954 3057 3026 παραϐατὸν
3091 2953 3202 3023 βίον
3232 2952 3428 3022 εὑρεῖν,
3456 2949 3656 3019 ἀκροά-

417 3040 703 3110 egentibus
753 3041 1080 3107 clarescere,
1117 3042 1198 3096 vel
1252 3042 1298 3096 si
1353 3057 1442 3098 res
1488 3042 1561 3096 ita
1613 3043 1816 3111 tulerit,
1863 3058 1985 3099 cum

2095 3051 2241 3121 ματά
2267 3066 2326 3102 τε
2352 3050 2446 3102 καὶ
2469 3049 2735 3118 θεάματα,
2762 3047 2925 3118 θῆραι
2960 3046 3053 3099 καὶ
3081 3043 3302 3115 λουτρά,
3331 3043 3425 3095 καὶ
3448 3043 3655 3111 γυμνά-

418 3147 608 3196 uxore,
641 3148 760 3202 qua:
797 3133 950 3188 cordi
1009 3133 1100 3200 sit,
1156 3133 1505 3188 matrimonio
1545 3133 1795 3203 junctum
1842 3151 1984 3201 esse,

418 3237 481 3276 ac
514 3223 699 3278 domui
748 3239 1014 3293 praeesse;
1048 3238 1112 3278 ac
1145 3224 1193 3278 si
1235 3239 1341 3293 qua
1380 3223 1485 3278 alia
1514 3239 1612 3294 per
1653 3225 1792 3280 hanc
1818 3227 1986 3281 vitam

419 3327 523 3368 una
547 3330 669 3369 cum
689 3315 775 3370 bis
795 3315 1039 3385 jucunda
1065 3316 1192 3371 licet
1212 3316 1477 3379 invenire,
1511 3325 1624 3370 tum
1653 3327 1985 3386 acroamata,

419 3414 530 3460 tum
593 3408 923 3477 spectacula,
975 3408 1315 3472 venationes,
1386 3409 1624 3470 lavacra,
1680 3414 1985 3480 gymnasia,

416 3500 728 3554 convivales
767 3500 936 3555 animi
975 3501 1388 3566 delectationes,
1448 3517 1513 3556 ac
1559 3503 1606 3557 si
1659 3503 1790 3571 quid
1839 3503 1986 3560 aliud

415 3591 683 3661 ejusmodi
725 3599 843 3646 est:
875 3603 929 3646 at
973 3591 1166 3649 infanti
1201 3592 1413 3647 delicia:
1455 3602 1582 3648 sunt
1614 3595 1718 3659 lac,
1756 3595 1987 3651 nutricis

416 3683 577 3745 ulnae,
607 3682 790 3752 quieta
821 3697 885 3738 ac
906 3683 1119 3752 placida
1148 3682 1337 3748 motio,
1372 3699 1493 3754 quae
1515 3698 1766 3740 somnum
1795 3684 1988 3742 invitet

416 3782 470 3828 et
495 3774 837 3841 demulceat;
871 3789 995 3828 nam
1015 3771 1347 3844 imperfectae
1366 3775 1542 3830 aetatis
1565 3790 1630 3832 ea
1661 3783 1857 3830 natura
1879 3785 1986 3844 est,

418 3873 476 3918 ut
512 3879 634 3933 quae
677 3874 896 3934 superet
937 3865 1079 3920 hanc
1119 3864 1543 3921 oblectationem
1595 3881 1705 3920 non
1747 3867 1985 3938 capiat):

416 3954 605 4010 eodem
639 3955 819 4019 modo,
853 3956 945 4024 qui
979 3971 1075 4026 per
1105 3957 1360 4011 virtutem
1394 3957 1449 4011 in
1489 3957 1591 4012 hac
1619 3958 1731 4014 vita
1773 3960 1988 4015 animas

417 4047 782 4114 nutriverunt,
824 4056 896 4113 et,
946 4059 1004 4103 ut
1045 4049 1225 4119 inquit
1270 4049 1586 4118 Apostolus,
1643 4050 1840 4106 mentis
1875 4066 1990 4107 sua:

416 4155 678 4196 sensuum
725 4140 1087 4197 instrumenta
1127 4150 1512 4206 exercuerunt,
1549 4142 1594 4197 si
1633 4140 1701 4196 ad
1727 4141 1986 4214 incorpo-

417 4247 565 4289 ream
596 4233 744 4288 illam
771 4233 936 4288 vitam
969 4233 1352 4300 traducantur,
1397 4249 1497 4305 pro
1525 4235 1736 4290 ratione
1765 4235 1988 4292 habitus

417 4338 482 4380 ac
514 4326 787 4395 potentiae,
821 4340 945 4396 quae
973 4325 1026 4380 in
1067 4325 1204 4396 ipsis
1231 4326 1383 4392 insit,
1425 4325 1734 4381 divinarum
1765 4326 1988 4382 delicia-

2092 3159 2202 3206 σια,
2231 3141 2324 3194 καὶ
2360 3140 2654 3211 συμπόσια,
2703 3137 2797 3191 καὶ
2823 3137 3102 3208 θυμηδίαι,
3144 3136 3235 3189 καὶ
3264 3135 3316 3187 εἴ
3341 3151 3392 3187 τι
3420 3131 3658 3185 τοιούτου

2089 3235 2303 3304 ἕτερον·
2335 3231 2412 3301 τῷ
2439 3231 2495 3285 δὲ
2518 3231 2696 3301 νηπίῳ
2734 3231 2768 3300 ἡ
2807 3228 3006 3300 τρυφὴ,
3037 3229 3100 3281 τὸ
3132 3227 3271 3296 γάλα
3320 3227 3455 3289 ἐστὶ,
3499 3224 3592 3277 καὶ
3622 3225 3656 3292 ἡ

2087 3325 2184 3395 τῆς
2212 3323 2433 3396 τιθήνης
2461 3322 2704 3392 ἀγκάλη,
2748 3323 2840 3374 καὶ
2870 3320 3110 3392 ὴρεμαία
3138 3320 3349 3389 κίνησις
3376 3317 3464 3370 τὸν
3491 3315 3656 3369 ὕπνον

2087 3395 2421 3486 ἐφελκομένη
2467 3430 2526 3467 τε
2573 3413 2668 3467 καὶ
2713 3411 2977 3482 ἡδύνουσα
3003 3395 3156 3480 (τὴν
3181 3408 3286 3480 γάρ
3316 3408 3453 3477 ὑπὲρ
3501 3405 3656 3458 τοῦτο

2087 3505 2422 3576 εὐφροσύνην
2446 3543 2461 3567 ,
2512 3503 2572 3556 τὸ
2601 3502 2788 3565 ἀτελὲς
2817 3501 2918 3571 τῆς
2963 3499 3177 3570 ἡλικίας
3204 3497 3448 3568 χωρῆσαι
3495 3494 3656 3564 φύσιν

2086 3598 2185 3651 οὐκ
2213 3597 2345 3666 ἔχει)
2371 3612 2384 3624 ⁸
2416 3595 2505 3649 τὸν
2534 3595 2697 3648 αὐτὸν
2729 3593 2926 3664 τρόπον
2954 3592 3002 3644 οἱ
3028 3591 3116 3644 διὰ
3143 3591 3241 3660 τῆς
3276 3588 3473 3660 ἀρετῆς
3499 3587 3553 3638 ἐν
3578 3584 3654 3653 τῷ

2086 3686 2211 3757 τῇδε
2243 3685 2342 3756 βίῳ
2377 3685 2474 3747 τὰς
2513 3683 2688 3753 ψυχὰς
2732 3681 3046 3753 θρέψαντες,
3086 3680 3201 3742 καὶ,
3230 3676 3410 3741 καθώς
3440 3693 3598 3745 φησιν
3624 3674 3654 3726 ὁ

2100 3778 2438 3840 Ἀπόστολος,
2485 3774 3002 3844 καταγυμνάσαντες
3033 3770 3240 3825 ἑαυτῶν
3277 3769 3345 3822 τὰ
3376 3767 3537 3838 νοητὰ
3568 3769 3653 3820 al-

2089 3868 2390 3940 σθητήρια,
2435 3869 2483 3920 εί
2529 3867 2665 3937 πρὸς
2713 3865 2809 3935 τὴν
2856 3863 3142 3935 ἀσώματον
3173 3861 3386 3930 ἐκείνην
3422 3874 3656 3930 μετοικι-

2092 3961 2263 4023 σθεῖεν
2299 3959 2441 4030 ζωὴν
2465 3999 2480 4022 ,
2527 3960 2659 4029 πρὸς
2701 3959 2856 4026 λόγον
2889 3961 2988 4028 τῆς
3022 3954 3429 4026 ἐνυπαρχούσης
3475 3954 3654 4016 αὐτοῖς

2087 4048 2252 4115 ἓξεώς
2284 4065 2344 4102 τε
2389 4049 2483 4102 καὶ
2512 4047 2824 4118 δυνάμεως,
2859 4049 2957 4117 τῆς
3005 4045 3153 4108 θείας
3183 4044 3394 4116 τρυφῆς
3423 4042 3654 4113 μεταλήο

2086 4141 2295 4210 ψονται,
2318 4139 2362 4210 ἢ
2391 4139 2653 4204 πλείονος,
2682 4138 2715 4207 ἢ
2746 4137 3046 4202 ἐλάττονος,
3075 4135 3216 4190 κατὰ
3244 4135 3343 4205 τὴν
3372 4132 3654 4204 παροῦσαν

2087 4229 2314 4282 ἑκάστου
2341 4228 2568 4299 δύναμιν
2601 4227 2709 4281 τῶν
2737 4226 3110 4296 προκειμένων
3139 4223 3466 4294 μετέχοντες.
3507 4224 3570 4275 Ἡ
3595 4222 3650 4276 δὲ

2088 4321 2348 4388 ἄγευστος
2397 4320 2494 4389 τῆς
2537 4318 2737 4390 ἀρετῆς
2767 4316 2932 4388 ψυχὴ,
2981 4315 3090 4369 τῶν
3141 4315 3236 4385 μὲν
3283 4315 3347 4367 ἐκ
3391 4313 3651 4382 πονηρίας

415 4429 537 4469 rum
585 4416 879 4485 participes
925 4425 1104 4479 erunt,
1155 4416 1241 4472 vel
1274 4417 1535 4485 majorem
1585 4416 1670 4471 vel
1717 4417 1983 4472 minorem

2092 4408 2294 4477 κακῶν,
2317 4411 2412 4464 άτε
2449 4411 2585 4480 μήτε
2609 4409 2707 4480 τὴν
2739 4407 2910 4480 ἀρχὴν
2940 4405 3312 4476 συνενεχθεῖσα
3339 4406 3404 4474 τῇ
3429 4404 3526 4474 τῆς
3556 4421 3652 4456 καρ

417 4504 722 4560 secundum
761 4514 1082 4574 prmsentem
1107 4504 1376 4575 cujusque
1405 4507 1702 4575 potentiam
1733 4509 1985 4578 proposi-

415 4601 597 4648 torum
635 4600 844 4664 partem
893 4593 1192 4663 capientes.
1229 4594 1298 4648 At
1350 4595 1533 4648 anima
1575 4610 1696 4665 qua:
1723 4597 1982 4653 virtutem

420 4685 659 4741 nondum
691 4688 946 4756 gustavit.
986 4700 1175 4740 eorum
1203 4685 1423 4756 quidem
1462 4686 1732 4742 malorum
1765 4704 1888 4759 qua:
1915 4705 1983 4744 ex

417 4776 763 4846 improbitate
787 4791 851 4831 ac
880 4777 1122 4846 nequitia
1159 4778 1434 4843 oriuntur,
1466 4787 1524 4832 ut
1562 4793 1684 4849 quae
1720 4779 1791 4835 ab
1827 4780 1984 4837 initio

416 4883 643 4937 prorsus
673 4869 728 4924 in
764 4869 983 4924 malitiae
1015 4868 1264 4924 morbum
1313 4883 1422 4924 non
1467 4869 1744 4937 inciderit,
1787 4887 1982 4943 expers

418 4967 638 5025 manet;
670 4960 817 5016 illius
849 4971 1026 5016 autem
1062 4959 1202 5026 vitae,
1251 4975 1415 5030 quam
1441 4959 1538 5016 Dei
1571 4970 1687 5016 tum
1718 4964 1982 5034 cognitio-

415 5067 539 5107 nem
581 5060 694 5105 tum
732 5052 1205 5122 participationem
1245 5067 1371 5108 esse
1396 5053 1573 5109 oratio
1603 5056 1856 5126 superior
1886 5057 1981 5113 de-

2087 4503 2211 4566 κίας
2237 4501 2396 4572 νόσῳ,
2423 4501 2665 4572 διαμένει
2707 4501 2972 4572 ἀμέτοχος
3015 4500 3114 4570 τῆς
3141 4498 3286 4568 ζωῆς
3314 4497 3546 4567 ἐκείνης,
3587 4499 3650 4567 ἢν

2086 4593 2220 4646 Θεοῦ
2255 4592 2451 4662 γνῶσίν
2484 4609 2544 4645 τε
2593 4593 2690 4651 καὶ
2737 4591 3024 4663 μετουσίαν
3054 4592 3083 4643 ό
3117 4589 3222 4660 πρὸ
3251 4588 3454 4641 τούτων
3499 4587 3651 4654 λόγος

2086 4684 2339 4756 ὡρίσατο,
2373 4681 2624 4737 τοσοῦτον
2659 4684 2873 4754 μετέχει
2914 4682 3065 4755 παρὰ
3109 4681 3208 4752 τὴν
3241 4683 3492 4753 πρώτην,
3532 4682 3651 4734 ὅσον

2089 4780 2257 4847 χωρεῖ
2301 4775 2361 4829 τὸ
2405 4775 2756 4845 τρεφόμενον,
2798 4775 2901 4839 ἓως
2944 4774 3032 4837 ἂν,
3064 4773 3315 4844 καθάπερ
3349 4774 3453 4825 τινὶ
3481 4774 3648 4842 τροφῇ

2088 4867 2410 4938 καταλλήλῳ
2433 4869 2498 4937 τῇ
2529 4865 2728 4936 θεωρίᾳ
2751 4865 2842 4918 τοῦ
2866 4866 3015 4929 ὄντος
3042 4864 3442 4935 ἐναδρυνθεῖσα,
3469 4880 3648 4934 χωρη-

2088 4959 2213 5030 τικὴ
2246 4959 2340 5012 τοῦ
2389 4957 2632 5021 πλείονος
2674 4956 2917 5026 γένηται,
2966 4958 3024 5010 ἐν
3065 4956 3312 5025 δαψιλείᾳ
3351 4953 3443 5007 τοῦ
3485 4953 3652 5017 ὅντως

2088 5056 2238 5118 ὄντος
2271 5051 2390 5106 κατ’
2421 5048 2669 5114 ἐξουσίαν
2701 5050 3020 5118 μετέχουσα.

418 5145 614 5209 ﬁnivit,
644 5153 848 5199 tantam
876 5146 930 5199 in
958 5145 1114 5200 initio
1139 5154 1346 5215 partem
1377 5148 1543 5218 capit,
1574 5158 1794 5218 quanta:
1810 5167 1979 5223 capax
2012 5161 2097 5208 est
2129 5151 2185 5206 id
2215 5147 2362 5220 quod
2403 5145 2700 5208 enutritur,
2741 5145 2920 5214 quoad
2969 5152 3227 5213 tanquam
3260 5143 3387 5198 cibo
3420 5140 3648 5212 quodam

419 5235 766 5291 convenicnti
812 5245 866 5290 et
901 5233 1312 5293 accommodato
1355 5237 1420 5293 ad
1469 5241 1984 5311 contemplationem
2023 5241 2164 5311 ejus,
2194 5237 2289 5309 qui
2328 5249 2520 5292 revera
2549 5243 2653 5299 est,
2683 5233 2907 5306 grandis
2949 5232 3140 5288 eﬂ‘ecta
3193 5232 3419 5304 majoris
3478 5232 3648 5300 partis

379 5361 382 5364 ~
418 5345 588 5400 capax
634 5329 924 5396 efﬁciatur,
980 5330 1202 5399 largiter
1252 5339 1306 5384 et
1351 5332 1567 5389 abunde
1608 5350 1706 5404 pro
1749 5336 1980 5392 arbitrio
2029 5343 2238 5408 partem
2269 5333 2493 5403 capiens
2515 5331 2634 5400 ejus
2664 5331 2760 5400 qui
2790 5344 2979 5384 revera
3012 5337 3116 5384 est.

488 5421 567 5473 Ad
612 5422 724 5475 haec
777 5421 1132 5491 respicientes
1167 5425 1432 5480 malorum
1476 5427 1718 5496 quidem,
1755 5445 1875 5500 qua:
1911 5445 1976 5484 ex

420 5508 769 5580 improbitate
791 5531 853 5567 ac
883 5513 1124 5583 nequitia
1147 5515 1443 5574 exsistunt.
1475 5518 1679 5575 pariter
1701 5527 1978 5581 expertem

498 5705 521 5738 ‘
560 5705 580 5760 Ι
616 5705 744 5761 Cor.
773 5722 872 5773 ιιι,
901 5709 957 5764 2.
1032 5713 1050 5742 "
1076 5710 1236 5768 Hebr.
1274 5730 1326 5778 τ,
1357 5715 1443 5768 Η.

2158 5427 2298 5497 Πρὸς
2343 5425 2512 5478 ταῦτα
2544 5424 2844 5494 βλέποντες,
2879 5421 2983 5488 ἔξω
3015 5421 3113 5492 μὲν
3142 5421 3248 5474 τῶν
3288 5423 3352 5474 ἑκ
3393 5417 3650 5490 πονηρίας

2095 5517 2280 5573 κακῶν
2314 5517 2512 5588 ὁμοίως
2565 5512 2701 5572 εἶναί
2736 5531 2912 5585 φαμεν
2943 5513 3040 5585 τὴν
3084 5512 3258 5584 ψυχὴν
3283 5554 3296 5579 ,
3342 5511 3435 5566 τοῦ
3468 5527 3525 5563 τε
3566 5506 3653 5562 διὰ
