3896 6208
187 335 193 339 .
235 272 338 334 181

1022 267 1110 325 DE
1149 269 1562 330 INFANTIBUS
1590 274 1709 342 QUI
1750 272 2202 331 PRIEMATURE
2232 270 2728 330 ABRIPIUNTUR.

3397 276 3507 332 18⁸1·

236 392 418 461 πάσης
446 386 646 457 ἀρετῆς
672 385 919 457 ἥκοντος,
967 388 1061 441 καὶ
1091 387 1186 441 τοῦ
1219 389 1354 460 μηδὲ
1382 390 1517 455 ὅλως
1544 409 1810 464 μετεσχη-

1930 394 2155 448 ιηὶιηοιῐι
2212 407 2338 449 esse
2385 390 2623 447 dicimus
2675 400 2788 444 tum
2841 386 2962 459 ejus
3006 387 3098 459 qui
3153 402 3249 459 per
3278 404 3498 446 omnem

236 482 400 543 κότος
423 478 519 532 τοῦ
553 476 685 548 βίον.
740 475 815 530 Οὐ
870 477 978 547 μὴν
1024 479 1083 532 ἐν
1109 479 1187 550 τῷ
1232 481 1403 553 ὁμοίῳ
1428 482 1525 554 τὴν
1559 484 1818 556 ἐκατέρου

238 572 448 626 τούτων
491 568 764 639 διαγωγὴν
813 568 1123 640 ἐννοοῦμεν.
1186 570 1245 624 ’0
1300 572 1397 643 μὲν
1444 574 1550 644 γάρ
1598 575 1818 645 ἢκουσε,

240 661 428 725 καθὼς
457 663 486 714 ὁ
510 660 801 731 Προφήτης
827 659 984 731 φησὶ,
1010 660 1119 715 τῶν
1151 661 1415 732 οὐρανίων
1444 664 1817 736 διηγημάτων,

237 753 311 807 δι’
344 746 418 807 ὧν
448 753 481 823 ή
511 751 639 816 δόξα
677 751 770 804 τοῦ
794 749 931 804 Θεοῦ
963 752 1409 821 καταγγέλλεται,
1451 757 1544 809 καὶ
1590 757 1680 810 διά
1720 758 1821 829 τῆς

242 845 473 908 κτίσεως
499 843 639 914 πρὸς
663 843 765 914 τὴν
791 842 1119 914 κατανόησιν
1145 844 1400 917 ὼδηγήθη
1430 847 1525 899 τοῦ
1549 848 1820 902 Δεσπότου

238 936 338 1007 τῆς
364 935 594 999 κτίσεως
615 973 633 998 ,
678 936 774 989 καὶ
815 934 1121 1006 διδασκάλῳ
1164 939 1229 1007 τῇ
1260 936 1429 1001 ὅντως
1458 939 1620 1011 σοφίᾳ
1657 941 1823 1011 ἐχρή-

241 1042 392 1089 σατο,
427 1028 494 1098 τῇ
544 1027 603 1079 ἐν
633 1028 748 1089 τοῖς
778 1020 896 1079 οὖσι
938 1026 1289 1100 θεωρουμένῃ
1335 1029 1514 1101 σοφίᾳ,
1549 1030 1609 1082 τό
1638 1048 1698 1083 τε
1725 1030 1819 1084 τοῦ

241 1118 421 1188 φωτὸς
449 1116 639 1171 τούτου
667 1116 861 1182 κάλλος
888 1119 1249 1188 κατανοήσας,
1279 1119 1613 1188 ἀναλογικώς
1641 1121 1701 1174 τὸ
1724 1120 1820 1175 τοῦ

242 1209 505 1281 ἀληθινοῦ
530 1208 702 1277 φωτὸς
735 1208 930 1272 κάλλος
962 1210 1173 1280 ἐνόησε,
1206 1211 1300 1265 καὶ
1327 1213 1383 1265 ἐν
1409 1212 1485 1282 τῷ
1513 1214 1695 1283 παγίῳ
1722 1217 1819 1286 τῆς

239 1302 349 1372 γῆς
367 1302 430 1355 τὸ
448 1301 540 1355 τοῦ
562 1301 920 1372 πεποιηκότος
942 1302 1110 1375 αὐτὴν
1133 1302 1463 1374 ἀμετάθετον
1486 1305 1776 1376 ἐπαιδεύθη
1803 1324 1816 1338 ·

242 1395 341 1448 καὶ
369 1394 431 1447 τὸ
462 1392 769 1464 ἀμέτρητον
808 1392 901 1445 τοῦ
933 1392 1162 1464 οὐρανοῦ
1199 1393 1430 1464 μέγεθος
1461 1395 1820 1466 κατανοήσας,

241 1486 382 1558 πρὸς
408 1486 470 1539 τὺ
500 1485 726 1557 ἄπειρόν
752 1503 813 1538 τε
844 1485 939 1538 καὶ
979 1485 1229 1556 ἀόριστον
1256 1488 1356 1557 τῆς
1388 1486 1824 1559 ἐμπεριεχοῦσης

239 1578 304 1631 τὸ
331 1579 441 1631 πᾶν
470 1577 752 1647 δυνάμεως
792 1574 1074 1646 ὠδηγήθη,
1101 1576 1201 1640 τάς
1230 1593 1289 1629 τε
1321 1577 1543 1641 ἀκτῖνας
1574 1576 1697 1631 ἰδὼν
1728 1578 1821 1631 τοῦ

242 1668 396 1738 ἡλίου
451 1668 519 1722 ἐκ
565 1668 675 1721 τῶν
719 1666 987 1721 τοσούτων
1038 1666 1347 1737 ὑψωμάτων
1414 1667 1607 1747 μέχρις
1667 1667 1823 1740 ἡμῶν

1922 487 2179 543 virtutem
2211 497 2535 556 progressus
2588 481 2741 548 facit,
2797 488 2913 535 tum
2945 480 3065 551 ejus
3111 481 3205 550 qui
3254 496 3324 537 ne
3374 481 3499 537 vita:

1922 575 2140 647 quidem
2165 575 2385 646 penitus
2412 573 2692 645 particeps
2722 571 2846 639 fuit,
2871 587 2979 627 non
3006 582 3190 628 tamen
3225 571 3285 628 in
3303 573 3497 629 eodem

1922 677 2066 725 Statu
2095 675 2261 739 atque
2300 666 2617 722 conditione
2650 663 2768 735 pari
2800 658 3097 736 utriusque
3116 664 3311 722 horum
3364 680 3500 720 con-

1922 759 2286 816 versationem
2336 759 2570 828 vitaeque
2610 756 3012 813 traductionem
3061 773 3185 814 esse
3237 757 3499 830 intelligi-

1923 844 2064 906 mus.
2094 849 2195 906 llic
2221 850 2366 906 enim
2397 850 2673 912 ctelesles,
2707 856 2765 903 ut
2796 847 2872 902 ait
2897 846 3188 918 Propheta,
3220 848 3498 903 narratio-

1922 958 2040 1004 nes,
2080 956 2176 1011 per
2221 954 2359 1010 quas
2405 939 2579 1010 gloria
2616 938 2711 994 Dei
2751 939 3132 1002 annuntiatur,
3170 938 3400 1004 audivit,
3444 949 3501 995 et

1922 1047 2019 1102 per
2048 1040 2356 1086 creaturam
2385 1030 2450 1084 ad
2478 1029 2972 1086 considerationem
2998 1027 3211 1087 Domini
3236 1036 3501 1085 creatura:

1922 1120 2187 1176 deductus
2231 1127 2335 1184 est,
2387 1127 2442 1174 et
2481 1119 2549 1173 ad
2580 1118 3021 1190 cognoscendam
3055 1133 3174 1174 eam
3213 1133 3337 1190 qua:
3374 1133 3503 1174 vere

1923 1213 2187 1284 sapientia
2219 1221 2324 1277 est,
2377 1211 2638 1282 magistra
2672 1228 2810 1268 usus
2841 1218 2929 1267 est
2963 1226 3027 1266 ea
3062 1211 3334 1282 sapientia
3379 1226 3504 1283 qua:

1923 1307 1977 1360 in
2014 1308 2178 1361 rebus
2206 1298 2478 1359 universis
2521 1303 2936 1378 consideratur,_
2985 1311 3040 1357 et
3074 1303 3256 1358 inesse
3295 1303 3501 1358 intelli-

1923 1396 2087 1465 gitur,
2123 1403 2288 1463 atque
2309 1393 2475 1463 hujus
2499 1393 2639 1450 lucis
2659 1391 3073 1464 pulchritudine
3094 1392 3500 1461 animadversa,

1925 1502 2019 1557 per
2050 1487 2463 1542 convenientem
2507 1483 2922 1541 similitudinem
2969 1470 3031 1538 ac
3061 1482 3501 1554 proportionem.

1923 1593 2066 1632 verae
2113 1577 2253 1632 lucis
2282 1575 2748 1647 pulchritudinem
2782 1574 3157 1631 consideravit
3197 1584 3252 1632 et
3285 1576 3501 1632 intelle-

1926 1670 2005 1724 xit
2033 1685 2048 1735 ;
2077 1677 2132 1723 et
2162 1684 2257 1739 per
2289 1666 2624 1724 soliditatem
2659 1680 2723 1721 ac
2749 1665 3141 1723 ﬁrmitudinem
3174 1674 3355 1731 terrae,
3377 1668 3501 1738 ejus

236 1758 559 1830 διηκούσαις,
593 1759 656 1814 τδ
695 1759 767 1831 μὴ
794 1760 1003 1814 ἀτονεῖν
1034 1757 1130 1824 τὰς
1164 1758 1415 1829 νοητικάς
1445 1759 1539 1813 τοῦ
1565 1760 1699 1814 Θεοῦ
1739 1763 1823 1814 ἐν-

1930 1761 2018 1831 qui
2046 1760 2335 1824 feciteam,
2354 1758 2547 1814 didicit
2573 1758 3005 1814 immobilitatem
3030 1774 3097 1813 ac
3120 1758 3498 1815 stabilitatem.

239 1850 475 1922 εργείας
505 1850 641 1923 πρὸς
678 1851 906 1906 ἕκαστον
948 1850 1107 1922 ήμῶν
1150 1849 1260 1904 ἀπὸ
1303 1849 1396 1903 τοῦ
1436 1851 1536 1922 τῆς
1568 1850 1822 1923 θεότητος

238 1941 427 2012 ὕψους
456 1943 690 1997 κατιέναι
715 1941 806 1996 διὰ
833 1942 942 1996 τῶν
989 1941 1327 2012 φαινομένων
1372 1941 1714 1996 ἐπίστευσεν.
1762 1943 1823 1996 Εἰ

239 2036 363 2106 γάρ
386 2029 465 2099 εἷς
489 2033 564 2089 ὣν
588 2035 814 2106 φωστὴρ
839 2036 990 2105 κοινῇ
1018 2050 1078 2087 τε
1107 2033 1165 2087 τὸ
1198 2033 1552 2103 ὑποκείμενον
1585 2032 1729 2087 ἅπαν
1755 2036 1821 2104 τῇ

237 2129 549 2197 φωτιστικῇ
583 2125 808 2195 δυνάμει
857 2123 1231 2194 διαλαμϐάνει,
1265 2123 1358 2177 καὶ¹
1389 2124 1523 2177 πᾶσι
1554 2126 1665 2188 τοῖς
1698 2142 1826 2195 μετ-

235 2220 465 2290 έχουσιν
490 2216 679 2272 ἑαυτὸν
705 2216 999 2286 ἐπινέμων,
1029 2214 1148 2279 ὅλος
1170 2215 1384 2285 ἑκάστῳ
1409 2215 1502 2268 καὶ
1523 2214 1824 2287 ἀδιαίρετος

239 2307 514 2377 πάρεστι·
557 2305 709 2375 πόσῳ
742 2305 941 2375 μᾶλλον
969 2305 999 2357 ὁ
1028 2303 1120 2357 τοῦ
1151 2305 1435 2375 φωστῆρος
1475 2305 1824 2377 δημιουργὸς,

240 2398 348 2453 καὶ
396 2399 576 2452 πάντα
627 2399 686 2450 ἐν
734 2398 868 2451 πᾶσι
918 2395 1146 2465 γίνεται,
1182 2394 1363 2459 καθώς
1394 2412 1557 2465 φησιν
1591 2396 1620 2448 ό
1663 2396 1824 2449 Ἀπό-

241 2490 459 2552 στολος,
488 2489 581 2543 καὶ
606 2488 819 2559 ἑκάστῳ
852 2487 1102 2558 πάρεστι,
1130 2485 1381 2540 τοσοῦτον
1411 2485 1600 2540 ἑαυτὸν
1629 2485 1824 2552 διδοὺς,

239 2584 376 2635 ὅσον
402 2582 466 2635 τὸ
492 2582 849 2653 ὑποκείμενον
875 2580 1089 2651 δέχεται
1112 2580 1126 2632 ι
1170 2579 1330 2643 Ἀλλὰ
1357 2580 1453 2632 καὶ
1499 2580 1699 2650 στάχυν
1742 2597 1827 2644 τις

242 2671 381 2724 ἰδὼν
407 2673 499 2725 ἐπὶ
526 2672 650 2741 γῆς,
681 2672 777 2725 καὶ
804 2672 904 2742 τὴν
931 2671 997 2723 ἐκ
1023 2668 1189 2739 φυτοῦ
1222 2668 1478 2740 βλάστην,
1507 2669 1601 2722 καὶ
1631 2667 1826 2739 βότρυν

239 2764 479 2833 ὥριμον,
526 2763 622 2816 καὶ
648 2762 708 2816 τὸ
732 2762 832 2833 τῆς
854 2762 1076 2834 ὀπώρας
1106 2756 1320 2825 κάλλός,
1352 2760 1385 2831 ἢ
1416 2761 1474 2814 ὲν
1501 2763 1754 2833 καρποῖς,
1790 2761 1823 2831 ἢ

243 2855 308 2906 ἐν
340 2852 545 2914 ἄνθεσι,
576 2853 671 2906 καὶ
694 2852 792 2922 τὴν
819 2852 1124 2923 αὐτόματον
1156 2852 1314 2915 πόαν,
1353 2852 1448 2905 καὶ⁹
1492 2850 1616 2923 ὅρος
1647 2852 1740 2905 ἐπὶ
1767 2850 1829 2904 τὸ

240 2945 491 3016 αἰθέριον
519 2944 654 3015 ὓψος
685 2944 793 2998 ἀπὸ
820 2946 917 3016 τῆς
947 2945 1122 3016 άκρας
1153 2944 1584 3015 ἀνατεινόμενον,
1613 2944 1829 3009 καὶτὰς

241 3037 309 3088 ἐν
352 3034 645 3105 ὑπωρείαις
687 3034 889 3103 πηγάς,
927 3033 1115 3105 μαζῶν
1146 3034 1301 3104 δίκην
1342 3034 1407 3086 ἐκ
1442 3034 1551 3088 τῶν
1587 3033 1829 3104 λαγόνων

241 3123 349 3177 τοῦ
385 3124 544 3193 ὅρους
577 3123 958 3194 ἐπιρρεούσας,
990 3123 1266 3195 ποταμούς
1292 3140 1351 3176 τε
1377 3122 1464 3177 διὰ
1497 3124 1604 3179 τῶν
1636 3124 1829 3178 κοίλων

242 3215 497 3285 ῥέοντας,
533 3214 627 3268 καὶ
656 3214 929 3269 θάλασσαν
960 3214 1361 3286 ὑποδεχομένην
1391 3214 1462 3268 τὰ
1497 3215 1831 3286 πανταχόθεν

246 3305 522 3377 ῥεύματα,
550 3308 644 3360 καὶ
672 3308 729 3360 ἐν
758 3305 835 3377 τῷ
860 3306 1043 3377 μέτρῳ
1074 3306 1359 3376 μένουσαν,
1388 3306 1609 3377 κύματά
1636 3324 1696 3360 τε
1717 3308 1829 3370 τοῖς

242 3398 521 3467 αἰγιαλοῖς
552 3397 864 3471 ὁριζόμενα,
893 3400 989 3452 καὶ
1027 3398 1128 3452 οὐκ
1157 3398 1479 3466 ὲπεξιοῦσαν
1528 3398 1669 3471 ὑπὲρ
1704 3400 1831 3462 τοὺς

244 3492 622 3564 τεταγμένους
653 3492 814 3563 ὅρους
846 3491 987 3546 κατά
1013 3492 1111 3562 τῆς
1137 3492 1366 3565 ἠπείρου
1393 3492 1492 3562 τὴν
1517 3491 1788 3545 θάλασσαν
1811 3506 1827 3522 ο

241 3583 427 3638 ταῦτα
465 3584 560 3637 καὶ
584 3583 656 3637 τά
681 3583 907 3637 τοιαῦτα
935 3583 1165 3654 βλέπων,
1203 3584 1320 3645 πῶς
1349 3584 1447 3653 οὐχ
1476 3582 1693 3636 ἅπαντα
1718 3580 1832 3634 δια-

248 3675 414 3730 λάϐοι
434 3675 512 3746 τῷ
532 3675 698 3746 λόγῳ,
718 3674 785 3728 δι’
805 3667 882 3729 ὧν
911 3674 1118 3743 γίνεται
1139 3675 1173 3745 ἡ
1201 3674 1518 3728 διδασκαλία
1542 3671 1635 3727 τοῦ
1658 3671 1829 3738 ὄντος,

246 3769 304 3821 εί
352 3767 550 3837 μικρὰν
592 3764 770 3837 ἐαυτῷ
815 3765 1044 3836 δύναμιν
1089 3765 1225 3837 πρὸς
1271 3764 1371 3835 τὴν
1417 3762 1703 3835 μετουσίαν
1730 3761 1833 3833 τῆς

240 3857 474 3930 τρυφῆς
522 3859 729 3929 ἐκείνης
777 3858 1253 3931 παρεσκευάσατος
1290 3858 1409 3911 Ἵνα
1452 3857 1510 3931 δὲ
1559 3856 1720 3929 παρῶ
1765 3856 1833 3910 τὰ

248 3947 586 4021 μαθήματα,
606 3950 723 4003 ὃθεν
749 3930 974 4021 θήγεται
1004 3950 1138 4021 πρὸς
1158 3950 1357 4021 ἀρετὴν
1382 3950 1415 4020 ή
1446 3930 1674 4016 διάνοια,
1700 3964 1834 4017 γεω-

246 4041 496 4113 μετρίαν
512 4056 571 4094 te
600 4042 691 4095 καὶ
714 4041 1092 4114 ἀστρονομίαν,
1118 4041 1213 4095 καὶ
1237 4040 1336 4113 τὴν
1357 4041 1447 4096 διὰ
1475 4039 1569 4095 τοῦ
1597 4038 1830 4114 ἀριθμοῦ

244 4118 587 4203 κατανόησιν
618 4133 717 4204 τῆς
740 4132 1018 4205 ἀληθείας,
1053 4131 1235 4186 πᾶσάν
1268 4149 1330 4185 τε
1365 4132 1588 4203 μέθοδον
1616 4130 1833 4186 ἀποδει-

244 4222 449 4293 κτικὴν
473 4221 583 4276 τῶν
605 4224 984 4296 ἀγνοουμένων
1009 4225 1103 4279 καὶ
1133 4224 1492 4295 βεϐαιωτικὴν
1514 4223 1622 4278 τῶν
1644 4239 1776 4276 κατε
1784 4239 1831 4273 ι-

244 4315 571 4385 λημμένων,
613 4316 710 4369 καὶ
735 4315 842 4386 πρό
864 4332 930 4385 γε
959 4316 1182 4384 τούτων,
1213 4315 1312 4387 τὴν
1338 4316 1438 4386 τῆς
1471 4312 1832 4368 θεοπνεύστου

1924 1857 2195 1909 immensa
2243 1868 2465 1923 quoque
2509 1851 2633 1907 coeli
2678 1850 3057 1923 magnitudine
3095 1853 3500 1915 animadversa,

1924 1943 1993 1999 ad
2029 1941 2298 1998 inﬁnitam
2334 1951 2389 1998 et
2422 1941 2897 1997 indeterminatam
2933 1943 3231 2011 potentiam
3263 1957 3352 1998 res
3382 1944 3504 1998 uni-

1924 2050 2115 2091 versas
2146 2035 2201 2088 iu
2231 2047 2292 2088 se
2312 2032 2683 2111 continentem
2712 2030 2984 2087 deductus
3013 2038 3139 2097 est;
3172 2033 3506 2102 conspectis-

1925 2138 2033 2194 que
2062 2122 2234 2178 radiis
2258 2120 2394 2178 solis
2416 2138 2446 2177 e
2482 2121 2651 2176 tantis
2681 2120 3063 2176 altitudinibus
3090 2120 3154 2175 ad
3193 2135 3295 2175 nos
3331 2136 3505 2192 usque

1927 2216 2352 2287 pertinentibus,
2401 2230 2499 2286 per
2545 2230 2608 2276 ea
2640 2228 2764 2284 qua:
2810 2220 3096 2283 apparent,
3147 2212 3507 2282 providentiae

1927 2307 2126 2363 divinae
2161 2306 2464 2363 eﬁicientiis
2498 2305 2810 2361 facultatem
2846 2318 2957 2358 non
3006 2305 3199 2359 deesse
3251 2304 3502 2365 credidit.

1927 2407 1987 2455 ut
2021 2399 2090 2454 ab
2121 2399 2409 2454 altitudine
2437 2398 2656 2455 deitatis
2678 2397 2748 2452 ad
2783 2409 3229 2465 unumquemque
3250 2402 3502 2450 nostrum

1926 2491 2244 2547 descendat.
2273 2490 2408 2544 Nam
2447 2491 2494 2545 si
2530 2504 2698 2544 unum
2729 2488 3002 2544 luminare
3032 2495 3090 2542 et
3136 2486 3503 2543 communiter

1928 2579 2193 2651 quidquid
2221 2578 2531 2665 subjectum
2561 2586 2645 2633 est
2672 2576 3060 2633 illuminatrice
3091 2576 3145 2631 vi
3184 2583 3418 2647 occupat
3448 2583 3504 2632 et

1929 2661 2373 2734 comprehendit,
2404 2671 2460 2719 et
2503 2664 2759 2718 omnibus
2803 2664 3088 2719 utentibus
3119 2661 3282 2734 atque
3314 2662 3503 2719 frucn«

1931 2756 2077 2813 tibus
2120 2756 2365 2825 seipsum
2407 2755 2749 2824 impertiens,
2796 2761 2947 2810 totus
2987 2754 3288 2825 unicuique
3324 2762 3382 2809 et
3419 2754 3507 2808 in-

1929 2849 2139 2906 dvisus
2181 2850 2358 2912 adest,
2407 2856 2616 2919 quanto
2648 2845 2823 2916 magis
2854 2846 3141 2901 luminaris
3188 2845 3504 2910 fabricator,

1929 2947 1985 2995 et
2014 2941 2198 2997 omnia
2246 2940 2301 2994 in
2331 2938 2610 3002 omnibus,
2647 2945 2707 2991 ut
2739 2936 3036 3007 Apostolus
3079 2937 3257 3007 inquit
3277 2936 3320 3002 ⁸,
3361 2938 3507 2994 exsi-

1932 3033 2028 3089 stit
2085 3041 2142 3088 et
2192 3031 2489 3101 unicuique
2540 3029 2715 3093 adest,
2778 3037 2989 3084 tantum
3047 3043 3170 3085 sese
3217 3028 3505 3095 exhibens,

1932 3133 2199 3195 quantum
2245 3122 2551 3193 subjectum
2583 3122 2768 3193 capit!
2809 3121 3123 3189 Quinetiam
3173 3123 3218 3177 si
3250 3122 3375 3192 quis
3423 3120 3507 3178 vel

1931 3216 2140 3286 spicam
2192 3230 2360 3285 super
2388 3222 2590 3270 terram
2643 3212 3011 3283 conspexerit,
3067 3212 3155 3267 vel
3209 3227 3273 3267 ex
3321 3213 3509 3284 planta

1902 3321 2158 3387 .germen
2202 3314 2447 3371 enatum,
2494 3304 2579 3361 vel
2625 3318 2904 3358 racemum
2950 3311 3248 3369 maturum,
3280 3305 3366 3358 vel
3406 3318 3508 3360 au-

1931 3398 2107 3453 tumni
2158 3394 2643 3468 pulchritudinem,
2696 3402 2810 3449 tum
2861 3394 2921 3449 in
2975 3392 3245 3450 fructibus
3284 3403 3397 3449 tum
3451 3399 3508 3451 in

1932 3489 2184 3553 ﬂoribus,
2249 3487 2337 3544 vel
2397 3496 2595 3558 sponte
2656 3486 3065 3558 provenientem
3122 3485 3370 3552 herbam,
3422 3488 3508 3543 vel

1935 3587 2172 3637 montem
2201 3579 2270 3635 ad
2298 3578 2587 3635 aetheream
2618 3577 2963 3634 altitudinem
3000 3592 3032 3631 a
3070 3577 3357 3632 cacumine
3386 3592 3509 3648 per-

1933 3674 2217 3739 tinentem,
2264 3679 2319 3728 et
2360 3671 2542 3727 fontes
2592 3670 2648 3726 in
2692 3671 2829 3728 locis
2873 3669 3150 3740 depressis
3186 3669 3412 3725 uberum
3451 3670 3507 3724 in

1934 3761 2156 3818 modum
2200 3777 2267 3817 ex
2296 3761 2565 3817 lateribus
2595 3768 2652 3817 et
2680 3759 2923 3815 hiatibus
2957 3759 3159 3814 montis
3202 3757 3506 3821 alﬁuentcs,

1934 3861 2049 3907 tum
2106 3867 2295 3909 amnes
2345 3867 2442 3924 per
2475 3866 2717 3909 concava
2759 3852 2879 3907 loca
2920 3850 3176 3920 ﬂuentes,
3208 3859 3326 3908 tum
3358 3866 3509 3907 mare

1933 3944 2080 4018 quod
2111 3952 2166 4001 et
2209 3946 2395 4000 omnia
2424 3944 2667 4015 undique
2694 3942 2918 3999 ﬂumina
2952 3944 3173 4015 excipit,
3214 3954 3270 4001 et
3318 3944 3375 3999 in
3409 3959 3508 4002 sua

1935 4053 2191 4097 mensura
2237 4046 2442 4103 manet,
2489 4037 2800 4109 ﬂuctusque
2834 4037 3111 4094 littoribus
3144 4038 3425 4101 terminat.
3455 4047 3509 4093 et

1933 4146 2047 4187 non
2089 4132 2232 4187 ultra
2282 4131 2615 4187 constitutos
2660 4130 2795 4185 ﬁnes
2840 4129 2899 4185 in
2937 4129 3308 4184 continentem
3362 4143 3512 4183 mare

1934 4237 2270 4294 erumpens:
2321 4222 2438 4277 haec
2470 4229 2526 4277 et
2560 4220 2873 4290 hujusmodi
2927 4220 2977 4276 si
3004 4221 3129 4289 quis
3174 4219 3509 4281 consideret.

1934 4330 2045 4387 quo
2078 4322 2241 4386 pacto
2281 4327 2393 4368 non
2439 4312 2624 4368 omnia
2666 4311 2877 4365 ratione
2907 4308 3356 4382 comprehendat,
3414 4325 3512 4380 per

246 4407 480 4478 Γραφῆς
500 4409 840 4479 φιλοσοφίαν,
866 4408 1079 4463 τελείαν
1105 4408 1415 4478 ἐπάγουσαν
1435 4407 1703 4476 κάθαρσιν
1723 4407 1825 4470 τοῖς

1939 4420 2062 4476 quae
2096 4403 2368 4476 theologis
2408 4401 2650 4475 cognitio
2680 4400 2897 4458 exsistit
2926 4400 3047 4469 ejus
3075 4400 3170 4471 qui
3209 4399 3331 4456 est?
3362 4398 3513 4453 Nun-

242 4497 321 4551 δι’
352 4499 523 4570 αὐτῆς
549 4499 619 4553 τὰ
649 4500 769 4554 θεῖα
803 4500 1250 4572 πεπαιδευμένοις
1278 4500 1572 4571 μυστήρια.

1940 4497 2069 4568 quid
2106 4511 2326 4569 parvam
2379 4495 2485 4552 sibi
2515 4494 2623 4549 vim
2655 4493 2721 4548 ad
2774 4492 3252 4564 participationem
3292 4491 3512 4547 illarum

242 4592 577 4649 deliciarum
607 4596 992 4666 comparavit?
1022 4594 1092 4650 Ut
1125 4597 1382 4652 omittam
1418 4594 1636 4650 interim
1668 4593 2024 4665 disciplinas,
2058 4592 2261 4664 quibus
2330 4607 2487 4649 mens
2544 4590 2613 4647 ad
2658 4590 2919 4644 virtutem
2988 4586 3227 4651 acuitur.
3297 4597 3516 4656 Βεοηιθ·

246 4688 443 4747 uiam.
469 4689 995 4758 astronomiamque,
1030 4692 1085 4742 et
1113 4702 1234 4742 eam
1264 4701 1385 4756 quae
1417 4700 1514 4756 per
1545 4700 1836 4741 numerum
1872 4684 2141 4755 contingit
2166 4682 2534 4754 cognitionem
2563 4678 2830 4744 veritatis,
2860 4686 3025 4748 atque
3084 4690 3300 4732 omnem
3345 4673 3515 4729 ratio-

219 4798 384 4839 -nem
414 4797 480 4837 ac
509 4783 653 4836 viam
680 4781 1165 4839 demonstrativam
1196 4797 1387 4838 eorum
1437 4796 1560 4852 qua:
1598 4782 1949 4852 ignorantur,
2003 4790 2059 4837 et
2104 4781 2543 4838 conﬁrmativam
2597 4794 2788 4836 eorum
2838 4792 2959 4849 qua)
3022 4770 3415 4844 comprehensa
3460 4775 3517 4821 ει

246 4875 538 4929 intellecta
596 4884 767 4929 sunt:
820 4875 885 4929 ad
952 4874 1070 4929 haec
1118 4874 1245 4929 item
1292 4873 1493 4929 divinae
1540 4872 1839 4943 Scriptum
1876 4871 2305 4944 philosophiam,
2356 4887 2479 4943 quae
2511 4870 2811 4943 perfectam
2854 4868 2923 4925 iis
2949 4866 3041 4939 qui
3114 4875 3217 4935 per
3258 4873 3382 4917 eam
3433 4856 3517 4913 di-

244 4968 383 5021 vina
412 4966 618 5021 fuerint
642 4967 821 5023 edocti
859 4968 1142 5040 mysteria,
1172 4966 1327 5023 aﬂ‘ert
1357 4966 1760 5039 purgationem.

335 5062 398 5115 '0
426 5061 484 5115 δέ
515 5060 741 5131 μηδενὸς
768 5059 974 5113 τούτων
1014 5059 1072 5111 ἐν
1104 5057 1302 5128 γνώσει
1348 5058 1659 5128 γενόμενος,
1699 5054 1835 5128 μηδὲ

238 5152 690 5224 χειραγωγηθεὶς
733 5152 823 5205 διὰ
849 5150 945 5205 τοῦ
975 5150 1182 5222 κόσμου
1226 5151 1363 5215 πρὸς
1392 5151 1491 5222 τὴν
1527 5149 1637 5204 τῶν
1663 5149 1837 5220 ὑπερ-

236 5245 503 5314 κοσμίων
523 5243 744 5312 ἀγαθῶν
764 5243 1113 5315 κατανόησιν,
1140 5244 1347 5308 ἀπαλός
1370 5260 1454 5307 τις
1479 5243 1572 5297 καὶ
1598 5241 1840 5312 ἀγύμνα-

239 5350 383 5397 στος
431 5334 526 5387 καὶ
572 5334 802 5406 ἀτριϐὴς
841 5334 941 5406 τήν
984 5335 1224 5389 διάνοιαν
1268 5334 1553 5406 παρελθὼν
1582 5334 1675 5387 τὸν
1703 5332 1836 5405 βίον,

236 5428 465 5489 ἐκεῖνος
490 5426 592 5480 οὐκ
636 5428 701 5481 ἂν
730 5428 788 5479 ὲν
825 5430 937 5492 τοῖς
962 5429 1146 5494 αὐτοῖς
1183 5429 1289 5500 είη,
1317 5429 1377 5482 ἐν
1400 5425 1479 5491 οἷς
1512 5429 1540 5481 ὁ
1566 5427 1722 5494 λόγος
1749 5426 1841 5481 τὸν

236 5517 602 5591 προλαϐόντα
627 5520 927 5591 ἀπέδειξεν,
962 5523 1038 5583 ὡς
1072 5522 1270 5595 μηκέτι
1297 5521 1385 5576 διὰ
1415 5520 1570 5575 τοῦτο
1606 5534 1833 5591 μακάρι’

322 5695 353 5726 ⁸
394 5694 415 5748 ι
447 5693 578 5749 Cor.
616 5711 703 5758 xv,
738 5695 822 5752 ‘33.

2013 5056 2084 5104 At
2115 5066 2161 5105 ιε
2193 5049 2289 5121 qui
2316 5049 2510 5103 harum
2545 5059 2728 5102 rerum
2761 5042 2965 5098 nullius
2990 5038 3357 5109 ceguittonem
3387 5034 3517 5090 ade-

1942 5152 2070 5215 ptus
2092 5151 2198 5210 est,
2230 5156 2408 5212 neque
2429 5122 2526 5211 per
2545 5136 2808 5193 mundum
2832 5132 2900 5188 ad
2929 5129 3299 5201 cognitionem
3324 5138 3518 5195 supra-

1943 5235 2349 5293 mundanarum
2395 5246 2575 5288 rerum
2616 5228 2773 5300 quasi
2818 5240 2982 5281 manu
3020 5225 3216 5279 ductus
3244 5228 3348 5285 est,
3387 5216 3519 5271 sim-

1944 5331 2066 5402 plex
2096 5329 2254 5392 adeo,
2292 5336 2445 5381 tener
2465 5332 2518 5380 et
2544 5320 2936 5378 inexercitatus
2965 5322 3255 5384 menteque
3278 5309 3519 5402 incultus

1946 5400 2112 5475 vitam
2144 5418 2442 5478 transiens,
2467 5429 2577 5471 non
2611 5414 2664 5467 in
2698 5411 2893 5466 iisdem
2931 5413 3198 5470 versetur,
3230 5403 3285 5458 in
3317 5400 3522 5472 quibus

1947 5508 2285 5579 superiorem
2332 5506 2483 5560 illum
2518 5510 2861 5557 versaturum
2892 5495 3071 5553 oratio
3103 5490 3521 5555 demonstravit,
