3896 6208
472 222 573 286 483
1694 247 1747 302 S.
1786 244 2029 307 GREGO]

2152 257 2198 312 Ν
2204 256 2443 317 YSSENI
3606 279 3707 337 188

466 358 525 401 ιιι
580 348 786 405 idcirco
834 367 943 409 non
990 356 1222 425 amplius
1269 358 1421 427 juxta
1477 366 1740 431 prolatam
1791 384 1819 422 a
1874 371 2029 428 nobis

466 443 861 467 ΛηιιιιΑζίζΑμρ-αΑ
917 446 1124 467 L--.!,_
1170 465 1215 467 εγ
1389 461 1400 467 -
1500 454 1512 467 ι
1556 463 1566 467 -
1684 458 1695 467 .
1856 460 1868 467 .
1945 463 1955 467 -

2139 377 2389 450 στότερον
2405 381 2838 446 ἀποδείκνυσθαι,
2862 385 3001 439 κατὰ
3021 386 3118 457 τὴν
3144 393 3557 461 προενεχθεϊσαν
3579 398 3707 467 ἡμῖν

464 443 863 510 oppositionem
916 446 1125 501 beatior
1160 465 1283 504 esse
1320 454 1642 509 ostendatur
1683 458 1729 511 is
1776 460 1871 529 qui
1905 463 2029 518 vita!

2138 443 2428 535 ἀντίθεσιν,
2450 471 2541 525 τὸν
2574 473 2651 543 μὴ
2682 443 3015 545 μετασχόντα
3041 443 3134 532 τοῦ
3158 443 3272 549 βίου
3302 443 3394 534 τζό

465 537 739 607 particeps
770 540 1028 606 nonfuit,
1068 556 1134 596 eo
1162 544 1254 612 qui
1297 548 1552 613 praeclare
1602 552 1873 621 particeps
1912 554 2029 624 ejus

2137 575 2227 623 τος
2249 559 2445 623 καλῶς.
2482 537 2586 614 Τού
2618 537 2719 632 μὲν
2746 537 3051 635 γὰρ’-κακίᾳ
3081 537 3433 639 πνεζηκὸτος
3459 572 3519 625 οὐ
3548 537 3706 642 μόνον

467 626 588 679 fuit.
624 626 756 682 Nam
811 643 876 682 eo
917 631 1136 700 quidem
1189 636 1280 704 qui
1340 652 1464 691 cum
1509 639 1643 694 vitio
1681 645 2029 716 nequitiaque

2138 652 2167 703 ὁ
2209 651 2573 723 ἀπειρόκακος
2617 626 2683 707 ἀν
2733 626 2831 725 atq.
2862 626 3341 729 paxaptndze'p'oq,
3388 626 3524 717 ἀλλὰ
3548 626 3650 716 καὶ
3682 666 3707 715 δ

466 717 619 782 vixit,
655 732 764 772 non
796 720 957 774 modo
979 721 1232 795 simplex,
1254 726 1476 798 vitiique
1498 743 1561 783 ac
1583 732 1803 788 malitiae
1816 750 2030 805 expers,

465 807 821 862 verumetiam
850 809 897 879 is
928 810 1154 868 forsitan
1179 880 1185 886 .
1228 817 1317 886 qui
1349 834 1449 874 nec
1474 835 1700 889 prorsus
1729 826 1947 895 quidem
1966 828 2034 882 ab

465 895 620 950 initio
644 900 848 967 prodiit
874 901 927 955 in
956 904 1145 971 vitam,
1177 906 1392 963 beatior
1418 909 1603 966 fuerit.
1640 912 1770 970 Tale
1794 917 1938 970 enim
1968 917 2038 972 de

462 982 602 1038 Juda
634 1002 853 1058 quoque
897 1006 993 1061 per
1022 994 1405 1066 Evangelicam
1443 1015 1632 1056 vocem
1670 1002 1967 1061 didicimus
1991 1007 2034 1073 ⁸,

465 1078 610 1143 quod
646 1080 699 1133 in
732 1082 933 1137 talibus
956 1084 1002 1140 is
1030 1087 1122 1155 qui
1154 1090 1371 1157 penitus
1406 1090 1461 1146 in
1485 1108 1667 1147 rerum
1700 1103 1896 1150 natura
1927 1113 2034 1153 non

465 1177 570 1231 est,
602 1186 669 1225 eo
698 1176 938 1241 quicum
969 1178 1267 1236 vitiositate
1296 1184 1540 1250 pervenit
1577 1185 1633 1239 in
1664 1201 1844 1241 rerum
1874 1196 2039 1244 natu-

466 1276 604 1325 ram,
645 1265 870 1321 meliore
913 1270 1226 1327 conditione
1277 1274 1373 1331 sit.
1406 1272 1542 1329 Nam
1580 1276 1657 1330 illi
1702 1270 1920 1349 Quidet’u
1959 1281 2030 1335 ob

2143 738 2276 809 μηδὲ
2305 739 2403 811 τὴν
2423 742 2597 813 ἀρχὴν
2626 743 2911 812 παρελθὼν
2942 746 3022 809 είς
3049 747 3140 801 τὸν
3170 747 3300 818 βίον.
3328 748 3578 805 Τοιοῦτον
3597 754 3707 826 γὰρ

2138 828 2232 880 καὶ⁴
2254 829 2382 900 περὶ
2402 829 2496 883 τοῦ
2531 831 2700 885 Ἰούδα
2717 831 2804 886 διὰ
2828 834 2928 903 τῆς
2947 836 3318 908 Εὑαγγελικῆς
3339 839 3521 909 φωνῆς
3542 840 3709 893 ὲδιδά·

2136 918 2365 989 χθημεν,
2411 921 2492 974 ὅτι
2541 920 2632 976 ἐπὶ
2677 923 2787 978 τῶν
2832 925 3085 979 τοιούτων
3116 930 3360 998 κρεῖττον
3404 928 3499 982 τοῦ
3565 932 3706 984 κατά

2134 1009 2331 1064 κακίαν
2386 1011 2692 1082 ὑφεστῶτός
2738 1017 2850 1069 ὲστι
2891 1017 2951 1069 τὸ
2995 1017 3272 1082 παντελῶς
3316 1019 3705 1074 ἀνυπόστατον.

2134 1097 2225 1169 Τῷ
2256 1099 2355 1171 μὲν
2388 1102 2496 1174 γὰρ
2523 1102 2612 1158 διὰ
2639 1104 2700 1157 τὸ
2734 1104 2897 1175 βάθος
2939 1108 3040 1178 τῆς
3068 1110 3371 1179 ὲμιρυείσης
3403 1110 3597 1174 κακίας
3625 1113 3708 1172 είς

2134 1188 2356 1261 ἄπειρον
2388 1193 2771 1264 παρατείνεται
2797 1197 2830 1268 ἡ
2858 1196 2944 1250 διὰ
2973 1199 3072 1268 τῆς
3107 1199 3427 1272 καθάρσεως
3461 1199 3703 1267 κόλασις,

2134 1281 2229 1335 τοῦ
2256 1282 2313 1335 δὲ
2348 1283 2423 1354 μὴ
2451 1285 2602 1350 ὄντος
2643 1286 2759 1351 πῶς
2789 1286 2856 1343 ἂν
2885 1289 3044 1362 ὀδύνη
3077 1291 3408 1361 καθάψοιτος

464 1353 893 1420 profunditatem
930 1360 1131 1418 innatae
1153 1364 1471 1424 vitiositatis
1511 1369 1565 1422 in
1606 1368 1878 1425 infinitum
1912 1381 2243 1443 prorogatur
2284 1390 2349 1429 ea
2377 1353 2498 1446 quae
2535 1393 2630 1448 per
2669 1353 3044 1451 purgationem
3090 1381 3149 1436 fit
3190 1397 3374 1453 paena,
3403 1397 3528 1438 eum
3578 1397 3710 1439 vero

464 1445 556 1512 qui
594 1461 699 1500 non
744 1458 847 1512 est,
889 1455 1168 1520 quomodo
1218 1458 1376 1514 dolor
1421 1461 1691 1532 attingere
1736 1464 1955 1532 possit?

531 1535 687 1601 Quod
739 1539 788 1595 si
837 1542 960 1610 quis
1007 1558 1290 1616 comparat
1343 1550 1691 1606 immaturam
1742 1553 2029 1609 infantium

2209 1560 2271 1613 El
2299 1560 2357 1614 δέ
2381 1578 2465 1626 τις
2497 1562 2633 1634 πρὸς
2656 1563 2747 1619 τὸν
2775 1564 2896 1619 κατ’
2920 1564 3121 1637 ἀρετὴν
3151 1564 3264 1636 βίον
3289 1566 3462 1637 κρίνοι
3494 1566 3589 1620 τὸν
3613 1583 3707 1637 νη-

462 1628 629 1682 vitam
672 1646 796 1684 cum
849 1647 911 1685 ea
945 1648 1067 1704 qua:
1105 1639 1408 1694 secundum
1444 1643 1699 1699 virtutem
1747 1647 1950 1716 agitur,
1988 1648 2037 1704 is

464 1732 649 1772 revera
702 1719 882 1778 infans
926 1736 976 1777 et
1021 1725 1368 1796 importunus
1417 1741 1524 1795 est.
1581 1735 1673 1805 qui
1721 1737 2037 1807 huiusmodi

457 1807 670 1874 judicio
696 1811 765 1866 de
797 1815 964 1870 rebus
1010 1827 1216 1873 utatur.
1256 1821 1564 1896 Interrogas
1604 1841 1736 1897 ergo
1766 1828 1924 1897 cujus
1956 1829 2034 1884 rei

463 1904 636 1970 gratia
667 1905 720 1959 in
751 1922 817 1961 ea
849 1917 1008 1966 aetate
1032 1914 1157 1982 quis
1186 1929 1218 1969 e
1246 1917 1354 1972 vita
1389 1920 1735 1986 subducitur,
1783 1923 1913 1993 quid
1942 1939 2038 1993 per

465 1993 569 2048 hoc
600 1994 783 2051 divina
808 1999 1075 2069 sapientia
1112 2007 1449 2075 providendo
1478 2011 1675 2066 cavet?
1700 2012 1853 2079 Quod
1886 2014 1932 2069 si
1969 2013 2037 2071 de

467 2083 552 2139 his
575 2086 794 2157 quidem
822 2089 974 2147 dicas
1006 2109 1126 2163 quae
1158 2095 1502 2168 illegitimum
1534 2110 1751 2172 partum
1773 2115 2033 2175 arguunt,

463 2186 521 2232 ct
553 2180 758 2237 idcirco
801 2198 831 2236 a
880 2188 1199 2254 parentibus
1239 2191 1307 2246 de
1362 2193 1540 2248 medio
1579 2195 1870 2262 tolluntur,
1934 2197 2038 2252 im-

463 2271 658 2326 merito
697 2273 915 2330 malitim
963 2291 1191 2347 operum
1234 2295 1267 2335 a
1321 2281 1432 2338 Deo
1459 2285 1725 2342 rationem
1752 2301 2033 2357 reposcas.

461 2360 556 2431 qui
586 2376 650 2417 ea
679 2377 800 2434 qua:
851 2365 905 2419 in
944 2367 1048 2422 hac
1090 2380 1243 2439 parte
1279 2387 1391 2428 non
1422 2382 1569 2432 recte
1606 2376 1750 2433 facta
1797 2379 2035 2443 sunt,.in

457 2451 725 2521 judicium
756 2456 995 2514 adducit.
1029 2458 1123 2515 Sin
1170 2471 1352 2519 autem
1388 2466 1607 2537 aliquis,
1647 2470 1864 2527 etiamsi
1911 2470 2030 2526 dili-

459 2553 651 2613 genter
673 2546 940 2603 edtrcetur
966 2559 1021 2605 et
1048 2562 1272 2609 curetur
1296 2570 1325 2609 a
1353 2558 1693 2626 parentibus,
1718 2570 1952 2630 votaque
1967 2561 2036 2616 ab

461 2636 657 2692 iisdem
713 2654 812 2708 pro
858 2656 924 2696 eo
978 2644 1221 2700 studiose
1261 2648 1654 2718 suscipiantur,
1697 2652 1825 2707 vitae
1853 2659 2036 2708 tamen

461 2729 736 2800 particeps
776 2748 886 2787 non
931 2743 1038 2794 est.
1087 2737 1277 2793 morbo
1309 2739 1375 2794 ad
1415 2749 1645 2796 mortem
1675 2758 1851 2814 usque
1883 2745 2036 2799 inva-

462 2820 700 2876 lcscente
732 2822 898 2892 (quod
935 2826 1107 2882 solius
1143 2827 1288 2884 haud
1319 2829 1484 2886 dubie
1520 2846 1703 2889 causa:
1732 2835 1860 2905 est),
1892 2835 2035 2889 hanc

2142 1649 2310 1721 πιώδη
2340 1652 2432 1704 καὶ
2461 1652 2656 1725 ἄωρον,
2684 1654 2862 1726 ἄωρος
2889 1657 2918 1709 ὁ
2936 1655 3174 1718 τοιοῦτός
3197 1658 3313 1710 ἐστι
3335 1655 3557 1729 τοιαύτῃ
3581 1658 3707 1728 κρί-

2139 1758 2221 1794 σει
2271 1744 2398 1815 περὶ
2440 1742 2550 1797 τῶν
2597 1744 2764 1798 ὅντων
2810 1745 3109 1819 χρώμενος.
3138 1748 3382 1817 Ἐρωτᾷς
3437 1743 3532 1801 οὖν
3580 1748 3707 1800 ὅτου

2137 1829 2294 1901 χάριν
2327 1833 2386 1884 ὲν
2419 1831 2593 1902 τούτῳ
2625 1834 2725 1904 τῆς
2768 1833 2983 1905 ἡλικίας
3010 1834 3088 1889 ῶν
3121 1836 3222 1906 τῆς
3254 1833 3401 1907 ζωῆς
3435 1834 3703 1905 ὑπεξάγε-

2136 1937 2255 1989 ται,
2286 1921 2338 1974 τί
2367 1922 2454 1976 διὰ
2481 1923 2669 1977 τούτου
2695 1924 2793 1995 τῆς
2816 1925 2966 1987 Θείας
2997 1927 3190 1996 σοφίας
3230 1926 3698 1998 προμηθουμένης.

2150 2011 2287 2064 Ἀλλ’
2312 2014 2361 2066 εί
2393 2013 2490 2084 μὲν
2523 2014 2652 2086 περὶ
2676 2015 2878 2068 τούτων
2899 2014 3097 2085 λέγοις,
3131 2017 3231 2070 ὅσα
3260 2017 3358 2088 τῆς
3386 2019 3701 2089 παρανόμου

2138 2106 2383 2176 κυήσεως
2414 2104 2632 2176 ἔλεγχος
2673 2106 2919 2174 γίνεται,
2965 2108 3058 2162 καὶ
3099 2108 3186 2162 διὰ
3225 2108 3382 2164 τοῦτο
3423 2111 3572 2180 παρά
3598 2112 3702 2166 τῶν

2137 2194 2552 2266 γεννησαμένων
2580 2194 2984 2266 ὲξαφανίζεται,
3009 2197 3111 2250 οὐκ
3134 2198 3362 2262 είκότως
3384 2198 3449 2254 ἂν
3475 2200 3585 2254 τῶν
3605 2201 3699 2271 τῆς

2137 2285 2337 2349 κακίας
2363 2285 2539 2356 ἔργων
2571 2285 2662 2340 τὸν
2692 2285 2824 2341 Θεὸν
2858 2288 3146 2360 ἀπαιτοίης
3181 2284 3273 2342 τὸν
3304 2289 3481 2359 λόγον,
3511 2291 3600 2345 τὺν
3631 2292 3697 2345 τὰ

2140 2376 2216 2449 μὴ
2244 2374 2424 2441 καλῶς
2459 2377 2554 2431 ἐπὶ
2593 2376 2765 2449 τούτῳ
2800 2380 3143 2451 γεγενημένα
3170 2380 3251 2444 είς
3278 2381 3458 2449 κρίσιν
3485 2381 3698 2451 ἄγοντα.

2138 2470 2201 2522 Et
2225 2467 2283 2523 δέ
2299 2486 2384 2533 τις
2410 2469 2504 2523 καὶ
2522 2469 2974 2541 ἀνατρεφομένων
2998 2470 3108 2523 τῶν
3134 2472 3487 2544 γεννητόρων,
3518 2474 3611 2528 καὶ
3635 2476 3701 2527 δι’

2138 2558 2453 2629 ἐπιμελείας
2494 2558 2926 2628 θεραπευόντων,
2969 2561 3064 2615 καὶ
3095 2561 3162 2615 δι’
3189 2562 3355 2633 εὐχῆς
3380 2564 3702 2629 σπουδαζόν-

2135 2666 2263 2715 των,
2296 2649 2446 2720 ὅμως
2476 2650 2538 2703 οὐ
2575 2649 2791 2720 μετέχει
2811 2651 2905 2705 τοῦ
2938 2651 3075 2721 βίου,
3105 2654 3576 2725 κατακρατοῦντος
3605 2656 3698 2726 μέ-

2136 2758 2226 2813 χρι
2254 2741 2488 2796 θανάτου
2516 2742 3070 2814 τοῢ’ἀρρωστήματος
3103 2744 3169 2816 (δ
3209 2746 3375 2817 μόνης
3407 2749 3506 2817 τῆς
3527 2748 3703 2810 αἰτίας

2136 2832 2516 2904 ἀναμφιϐόλως
2546 2835 2718 2904 ἐστὶ).
2747 2835 2918 2888 ταῦτα
2964 2836 3091 2907 περὶ
3127 2836 3236 2891 τῶν
3266 2837 3520 2892 τοιούτων
3559 2841 3701 2893 etauio

461 2905 527 2959 de
572 2909 773 2965 talibus
834 2913 1207 2983 conjecturam
1261 2918 1530 2987 facimus,
1584 2924 1729 2992 quod
1780 2895 2029 2994 perfecta:

2138 2895 2322 2996 ξομεν,
2354 2925 2436 2979 ὅτι
2471 2895 2689 2988 τελείας.
2709 2895 2826 2978 ἐστὶ
2854 2895 3126 2998 προνοίας,
3162 2928 3222 2980 οὐ
3261 2928 3420 2998 μόνον
3446 2931 3703 2998 γεγονότα

462 2998 820 3067 providentiae
847 3003 940 3066 sit,
985 3020 1097 3059 nou
1130 3007 1289 3062 modo
1320 3010 1546 3064 morbos
1575 3019 1886 3069 contractos
1932 3028 2033 3069 cu—

461 3103 605 3151 rare,
633 3106 822 3147 verum
853 3095 1016 3150 etiam
1048 3113 1116 3153 ne
1145 3100 1213 3154 ab
1241 3101 1395 3155 initio
1420 3102 1640 3173 quidem
1675 3120 1906 3175 prorsus
1935 3108 2034 3160 ali-

459 3179 585 3247 quis
618 3180 674 3236 in
706 3184 871 3240 rebus
892 3188 1078 3244 vetitis
1101 3198 1370 3256 versetur,
1400 3194 1710 3263 providere.
1730 3195 2037 3254 Verisimile

459 3271 601 3326 enim
633 3282 717 3330 est
742 3292 865 3332 eum
895 3280 987 3347 qui
1026 3280 1077 3335 id
1114 3285 1258 3352 quod
1289 3283 1531 3340 futurum
1577 3295 1662 3343 est
1688 3303 1843 3360 aeque
1872 3297 2037 3361 atque

458 3367 792 3428 praeteritum
834 3372 1111 3440 cognovit,
1147 3388 1501 3445 progressum
1545 3378 1669 3433 vitae
1708 3379 1935 3437 infantis
1967 3382 2034 3437 ad

457 3455 849 3522 perfectionem
879 3464 1191 3531 prohibere,
1222 3481 1293 3521 ne
1316 3468 1460 3535 quod
1488 3469 1537 3521 vi
1573 3471 1803 3540 praescia
1831 3473 2034 3528 malum

459 3548 900 3605 animadversum
945 3560 1030 3607 est
1082 3553 1136 3607 in
1168 3570 1234 3609 eo
1279 3557 1372 3625 qui
1413 3558 1487 3612 ita
1526 3561 1771 3619 victurus
1820 3564 2033 3633 fuisset,

455 3639 795 3706 perficiatur,
838 3653 1002 3714 atque
1034 3645 1082 3698 ei
1112 3646 1204 3715 qui
1239 3661 1301 3702 ea
1340 3648 1625 3706 voluntate
1678 3654 2024 3726 arbitrioque

456 3729 708 3788 victurus
735 3731 1084 3800 fuisset,vitii
1114 3738 1485 3811 nequitiaeque
1514 3744 1743 3798 materia
1776 3746 1887 3800 vita
1917 3747 2030 3802 fiat.

456 3822 636 3890 Atque
665 3822 814 3880 hunc
842 3818 1183 3883 intellectum
1220 3830 1585 3889 similitudine
1603 3833 1840 3905 quadam
1875 3836 2033 3895 facile

459 3914 625 3970 fuerit
663 3918 971 3986 exprimere
1025 3929 1190 3992 atque
1243 3934 1664 3995 repraesentare.
1729 3928 1813 3983 Sit
1860 3931 2029 3995 enim,

456 4004 693 4072 exempli
731 4006 928 4074 gratia,
960 4024 1024 4063 ex
1055 4012 1205 4066 omni
1241 4028 1440 4082 genere
1461 4015 1713 4070 ciborum
1744 4018 2028 4088 opiparum

456 4094 732 4161 quoddam
772 4111 837 4151 ac
864 4098 1091 4155 dubium
1123 4106 1372 4161 convivis
1402 4107 1622 4177 epulum
1654 4112 2028 4181 propositum;

2137 3015 2461 3088 θεραπεύειν
2491 3016 2560 3071 τὰ
2597 3017 2763 3088 πάθη,
2791 3017 2904 3071 ἀλλ’
2936 3019 3084 3082 ὅπως
3121 3019 3188 3072 ἂν
3224 3020 3359 3090 μηδὲ
3405 3020 3505 3091 τὴν
3531 3022 3703 3092 ἀρχήν

2134 3126 2216 3173 τις
2246 3110 2358 3172 τοῖς
2378 3108 2841 3180 ἀπηγορευμένοις
2867 3108 3139 3178 ἐγγένοιτο
3169 3113 3433 3182 προνοεῖν.
3469 3113 3572 3165 Τὸν
3597 3115 3704 3183 γὰρ

2134 3201 2411 3271 ἐγνωκότα
2461 3201 2655 3270 ἐπίσης
2686 3200 2765 3270 τῷ
2807 3201 3204 3272 παρεληλυθότι
3226 3202 3289 3255 τὸ
3325 3202 3542 3272 μέλλον,
3588 3205 3706 3257 ἐπιο

2135 3293 2363 3348 κωλύειν
2379 3292 2520 3358 είκὸς
2550 3293 2649 3364 τὴν
2674 3292 2765 3346 ἐπὶ
2786 3292 2845 3346 τὸ
2866 3292 3070 3346 τέλειον
3098 3293 3198 3363 τῆς
3218 3292 3363 3364 ζωῆς
3390 3293 3485 3346 τοῦ
3512 3294 3705 3364 νηπίου

2137 3385 2378 3456 πρόοδον,
2412 3385 2486 3448 ὡς
2505 3383 2570 3438 ἂν
2604 3383 2678 3454 μὴ
2702 3386 2767 3454 τῇ
2791 3385 3170 3455 προγνωστικῇ
3194 3383 3420 3454 δυνάμει
3447 3383 3508 3435 τὸ
3539 3400 3708 3436 καταο

2136 3475 2325 3547 νοηθὲν
2371 3474 2539 3529 κακὸν
2580 3474 2672 3528 ἐπὶ
2720 3473 2815 3527 τοῦ
2870 3475 3151 3545 μέλλοντος
3192 3473 3365 3537 οὕτως
3414 3474 3705 3543 βιώσεσθαι

2132 3565 2443 3636 τελειωθείη
2462 3605 2476 3627 ,
2522 3567 2618 3619 καὶ
2667 3565 2892 3636 γένηται
2924 3565 3002 3636 τῷ
3042 3568 3109 3636 τῇ
3137 3565 3362 3639 τοιαύτῃ
3392 3565 3705 3636 προαιρέσει

2137 3655 2463 3722 συζήσεσθαι
2495 3656 2737 3725 μέλλοντι
2758 3655 2855 3726 ύλη
2891 3657 3086 3721 κακίας
3108 3657 3137 3709 ὁ
3158 3655 3290 3726 βίος.
3323 3657 3703 3727 Ὑποδείγματι

2134 3748 2189 3801 δέ
2209 3765 2315 3802 τινι
2336 3748 2514 3822 ῥᾴδιον
2538 3746 2603 3802 ἂν
2620 3747 2706 3817 εἴη
2725 3749 3071 3819 παραστῆσαι
3090 3749 3151 3802 τὸ
3179 3750 3378 3822 νόημα.
3398 3751 3575 3803 Ἔστω
3592 3749 3703 3818 γὰρ

2136 3840 2255 3895 καθ’
2289 3840 2539 3894 ὑπόθεσιν
2572 3840 2885 3910 παντοδαπή
2916 3857 2999 3904 τις
3037 3841 3243 3911 εὐωχία
3267 3840 3596 3914 προκειμένη
3625 3842 3701 3910 τῷ

2137 3930 2441 4002 συμποσίῳ,
2472 3930 2828 3984 ὲπιστατείτω
2857 3930 2913 3983 δέ
2939 3948 3021 3994 τις
3051 3931 3292 3995 τοιοῦτος
3317 3931 3425 3985 τῶν
3448 3931 3701 4001 δαιτυμόο

2133 4038 2260 4090 νων,
2311 4014 2422 4085 οἷος
2459 4020 2701 4091 ἀκριϐῶς
2742 4019 2937 4073 εἰδέναι
2969 4019 3037 4073 τὰ
3074 4021 3170 4091 τῆς
3213 4021 3442 4075 ἑκάστου
3490 4019 3703 4090 φύσεως

2137 4108 2418 4180 ἰδιώματα,
2448 4109 2543 4162 καὶ
2576 4107 2627 4161 τί
2656 4108 2757 4178 μὲν
2781 4107 3112 4179 κατάλληλον
3136 4110 3199 4178 τῇ
3228 4107 3448 4181 τοιαύτῃ
3485 4109 3705 4179 κράσει.

456 4180 586 4235 huic
624 4185 808 4251 prtesit
846 4199 915 4241 ex
963 4190 1209 4246 convivis
1254 4192 1302 4247 is
1360 4194 1456 4264 qui
1514 4206 1708 4254 exacte
1758 4180 2029 4272 cujusque

2134 4197 2185 4251 τί
2214 4197 2271 4250 δὲ
2300 4196 2590 4260 ὲπιὸλαϐὲς
2621 4200 2716 4250 καὶ
2737 4196 3002 4250 ἀνοίκειον
3024 4214 3038 4229 ο
3080 4180 3429 4268 προσκείσθω
3448 4197 3505 4251 δὲ
3527 4197 3708 4270 τούτῳ

455 4280 667 4329 natura:
728 4280 1115 4347 proprietatem
1177 4286 1412 4351 noverit,
1462 4288 1594 4358 quid
1656 4291 1749 4346 tali
1806 4293 2026 4364 quidem

452 4375 883 4435 temperamento
916 4378 1078 4441 atque
1103 4377 1467 4445 eomplexioni
1498 4383 1871 4452 commodum,
1898 4386 2029 4455 quid

452 4457 583 4511 item
612 4459 833 4513 noxium
864 4468 918 4516 et
965 4462 1373 4520 incommodum
1405 4469 1497 4534 sit,
1552 4470 1739 4526 addita
1779 4472 1852 4529 sit
1902 4475 2029 4530 item

452 4548 583 4603 huic
608 4564 733 4605 cum
762 4554 1088 4609 auctoritate
1128 4563 1373 4625 potestas
1398 4568 1452 4613 et
1469 4560 1704 4617 cilicium
1733 4566 2028 4634 quoddam,

453 4649 512 4694 ut
562 4642 629 4696 ad
660 4657 819 4698 suum
851 4644 1137 4699 arbitrium
1204 4650 1371 4704 alium
1412 4650 1633 4719 quidem
1683 4654 1763 4709 uti
1803 4664 1859 4711 et
1918 4658 2028 4713 frui

450 4733 719 4802 appositis
748 4734 914 4800 sinat,
959 4737 1125 4791 alium
1186 4755 1318 4796 vero
1384 4743 1691 4813 prohibeat,
1732 4756 1787 4803 et
1838 4754 2023 4807 omnia

450 4821 614 4876 faciat
665 4824 732 4880 ad
794 4826 918 4889 hoc,
980 4842 1090 4898 quo
1147 4833 1382 4901 quisque
1432 4851 1534 4892 suo
1592 4844 2023 4909 temperamento

448 4920 613 4980 atque
654 4917 1019 4985 complcxioni
1050 4924 1336 4978 commoda
1387 4930 1883 5004 convenientiaque
1938 4946 2022 4991 at-

449 5006 645 5076 tingat,
679 5023 747 5061 ne
773 5009 856 5062 vel
889 5013 1078 5067 morbo
1110 5015 1379 5071 obnoxius
1412 5034 1508 5088 per
1539 5023 1818 5078 esculenta
1851 5036 2023 5083 mate-

446 5098 586 5151 riam
648 5100 840 5154 morbo
895 5090 1160 5172 atljiciens
1214 5108 1561 5177 conficiatur,
1602 5116 1685 5170 vel
1741 5117 2023 5175 robustior

448 5191 797 5248 incommodo
828 5194 952 5250 cibo
984 5199 1287 5255 molestiam
1313 5217 1377 5257 ex
1410 5203 1696 5261 humorqu
1735 5209 2021 5265 abundan-

449 5284 523 5336 tia
552 5285 842 5340 contrahat
868 5296 1030 5358 atque
1066 5290 1310 5361 laboret;
1347 5295 1401 5349 in
1436 5295 1522 5351 his
1549 5298 1748 5368 aliquis
1776 5299 2023 5357 vinolen-

450 5374 538 5429 tia:
570 5374 843 5441 addictus,
877 5380 957 5433 vel
996 5395 1063 5435 ex
1096 5382 1276 5439 medio
1318 5388 1572 5443 convivio
1610 5390 1900 5456 educatur,
1937 5394 2021 5447 vel

451 5480 573 5519 cum
607 5468 837 5539 incipiat
874 5472 1155 5540 inebriari,
1183 5478 1266 5533 vel
1307 5478 1361 5535 in
1399 5479 1557 5536 linem
1594 5498 1767 5553 usque
1803 5498 2019 5553 perina—

521 5641 542 5673 ¹
582 5641 769 5703 Matth.
813 5663 934 5701 ιιιιί
959 5689 971 5711 ,
1008 5648 1095 5704 Ἡ.

2134 4290 2227 4342 καὶ
2250 4288 2539 4360 αὐθεντική
2561 4306 2645 4352 τις
2668 4285 2905 4353 ἐξουσία,
2928 4287 3020 4342 τοῦ
3042 4289 3184 4343 κατὰ
3212 4288 3273 4341 τὸ
3294 4288 3427 4342 ῐδιον
3457 4288 3705 4361 βούλημα

2132 4383 2222 4436 τὸν
2267 4381 2365 4453 μέν
2391 4398 2513 4434 τινα
2566 4380 2812 4451 μετέχειν
2845 4379 2954 4435 τῶν
2986 4380 3355 4452 προκειμένων
3382 4382 3499 4453 egw,
3525 4381 3616 4435 τὸν
3644 4383 3702 4435 δὲ

2132 4475 2481 4547 ἀποτρέπειν,
2513 4474 2607 4527 καὶ
2640 4474 2817 4527 πάντα
2851 4474 3044 4535 ποιεῖν,
3067 4473 3143 4537 ὡς
3175 4473 3240 4526 ἂν
3272 4474 3413 4526 κατά
3446 4474 3542 4544 τὴν
3570 4475 3702 4528 ἐαυ-

2132 4566 2223 4619 τοῦ
2263 4565 2481 4635 κρᾶσινν
2504 4563 2732 4625 ἕκαστος
2780 4560 2887 4614 τῶν
2920 4560 3270 4633 καταλλήλων
3316 4562 3701 4633 προσάπτοιτο,

2133 4659 2221 4710 ἵνα
2250 4658 2383 4727 μήτε
2416 4658 2445 4709 ὁ
2473 4652 2710 4723 νοσώδης
2755 4651 3086 4723 ὲπιτριόείη,
3132 4652 3388 4724 προσθεὶς
3434 4652 3567 4722 ὓλην
3614 4651 3704 4707 διὰ

2130 4746 2239 4800 τῶν
2266 4742 2540 4815 ἐδωδίμων
2571 4745 2638 4813 τῇ
2664 4740 2823 4809 νόσῳ,
2861 4740 2997 4809 μήτε
3022 4741 3051 4793 ὁ
3081 4740 3480 4811 εὐρωστότερος
3511 4742 3710 4810 κάμοι,

2130 4840 2210 4902 εἰς
2233 4834 2583 4907 πληθωρικὴν
2610 4832 2799 4902 ἀηδίαν
2829 4829 3108 4884 ἐκπίπτων
3141 4831 3206 4900 τῇ
3234 4829 3551 4900 καταλλήλῳ
3580 4848 3705 4900 τρο-

2131 4935 2227 5003 φῇο
2271 4931 2329 4983 ὲν
2378 4929 2586 4991 τούτοις
2619 4928 2652 4997 ἢ
2690 4925 2983 4996 μεσοῦντος
3021 4923 3114 4977 τοῦ
3150 4923 3453 4992 συμποσίου
3483 4939 3566 4985 τις
3595 4923 3706 4974 τῶν

2128 5026 2194 5094 τῇ
2223 5020 2537 5091 οἰνοφλυγία
2561 5019 2969 5090 προσκειμένων
2995 5016 3278 5086 ὲξάγηται,
3307 5014 3339 5086 ἢ
3366 5016 3423 5067 ἐν
3454 5015 3595 5084 ἀρχῇ
3625 5012 3706 5067 ὢν

2127 5117 2228 5187 τῆς
2271 5114 2462 5185 μέθης,
2516 5112 2549 5181 ἢ
2603 5112 2764 5182 μέχρι
2802 5110 2987 5173 τέλους
3032 5106 3324 5179 παραμένῃ
3359 5105 3436 5177 τῷ
3478 5105 3701 5176 δείπνῳ,

2123 5210 2294 5265 ταῦτα
2316 5207 2409 5262 τοῦ
2440 5205 2733 5259 ἐπιστάτου
2761 5201 3190 5272 οίκονομοῦντος,
3220 5200 3298 5263 ὼς
3328 5198 3395 5253 ἂν
3426 5199 3699 5268 εὐσχημο-

2123 5301 2237 5373 νοίη
2261 5299 2497 5371 διαρκῶς
2530 5299 2563 5369 ἡ
2595 5296 2844 5368 τράπεζα
2870 5294 2978 5346 τῶν
2997 5294 3063 5394 ἐκ
3088 5291 3380 5394 πληθῶρας
3402 5291 3496 5343 καὶ
3512 5288 3701 5394 ’μέθης

2124 5394 2214 5446 καὶ
2247 5389 2570 5461 παραφορᾶς
2595 5386 2781 5440 κακῶν
2809 5382 3206 5455 καθαρεύουσα.
3234 5384 3444 5451 Ὥσπερ
3479 5381 3572 5439 οὖν
3598 5381 3700 5448 τῆς

2124 5484 2230 5537 τῶν
2259 5480 2584 5551 ἡδυσμάτων
2629 5480 2820 5546 κνίσης
2850 5473 3245 5547 ἀποσπώμενος
3296 5471 3395 5525 οὐκ
3436 5471 3493 5524 ὲν
3534 5470 3700 5539 ἡδονῇ
