  <div class='ocr_page' id='page_1' title='image "/cluster/home/n/w/nwhite01/storage/ocr_20150623/46/hvd.32044054112198/108.png"; bbox 0 0 3896 6208; ppageno 0'>
   <div class='ocr_carea' id='block_1_1' title="bbox 306 325 416 386">
    <p class='ocr_par' dir='ltr' id='par_1_1' title="bbox 306 325 416 386">
     <span class='ocr_line' id='line_1_1' title="bbox 306 325 416 386; baseline 0.027 -3"><span class='ocrx_word' id='word_1_1' title='bbox 306 325 416 386; x_wconf 71' lang='grc'><strong>185</strong></span> 
     </span>
    </p>
   </div>
   <div class='ocr_carea' id='block_1_2' title="bbox 1131 324 2858 400">
    <p class='ocr_par' dir='ltr' id='par_1_2' title="bbox 1131 324 2858 400">
     <span class='ocr_line' id='line_1_2' title="bbox 1131 324 2858 400; baseline 0.003 -17"><span class='ocrx_word' id='word_1_2' title='bbox 1131 326 1219 384; x_wconf 88' lang='lat' dir='ltr'><strong>DE</strong></span> <span class='ocrx_word' id='word_1_3' title='bbox 1265 324 1682 388; x_wconf 51' lang='lat' dir='ltr'><strong>INFARTIBUS</strong></span> <span class='ocrx_word' id='word_1_4' title='bbox 1718 331 1837 400; x_wconf 92' lang='lat' dir='ltr'><strong>QUl</strong></span> <span class='ocrx_word' id='word_1_5' title='bbox 1882 326 2333 389; x_wconf 54' lang='lat' dir='ltr'><strong>PRIEMATURE</strong></span> <span class='ocrx_word' id='word_1_6' title='bbox 2367 328 2858 390; x_wconf 78' lang='lat' dir='ltr'><strong>ABRIPIUNTUR.</strong></span> 
     </span>
    </p>
   </div>
   <div class='ocr_carea' id='block_1_3' title="bbox 3458 326 3562 390">
    <p class='ocr_par' dir='ltr' id='par_1_3' title="bbox 3458 326 3562 390">
     <span class='ocr_line' id='line_1_3' title="bbox 3458 326 3562 390; baseline 0.048 -4"><span class='ocrx_word' id='word_1_7' title='bbox 3458 326 3562 390; x_wconf 77' lang='lat' dir='ltr'><strong>I86</strong></span> 
     </span>
    </p>
   </div>
   <div class='ocr_carea' id='block_1_4' title="bbox 266 441 1884 520">
    <p class='ocr_par' dir='ltr' id='par_1_4' title="bbox 266 441 1884 520">
     <span class='ocr_line' id='line_1_4' title="bbox 266 441 1884 520; baseline 0.002 -22"><span class='ocrx_word' id='word_1_8' title='bbox 266 514 270 518; x_wconf 90' lang='lat'><em>_</em></span> <span class='ocrx_word' id='word_1_9' title='bbox 299 444 546 498; x_wconf 78' lang='grc' dir='ltr'>ποιεῖται</span> <span class='ocrx_word' id='word_1_10' title='bbox 567 441 674 497; x_wconf 81' lang='grc' dir='ltr'><strong>τῶν</strong></span> <span class='ocrx_word' id='word_1_11' title='bbox 702 441 1056 515; x_wconf 86' lang='grc' dir='ltr'>καταθυμίων</span> <span class='ocrx_word' id='word_1_12' title='bbox 1077 444 1175 516; x_wconf 77' lang='grc' dir='ltr'>τὴν</span> <span class='ocrx_word' id='word_1_13' title='bbox 1196 446 1471 519; x_wconf 83' lang='grc' dir='ltr'><strong>στέρησιν,</strong></span> <span class='ocrx_word' id='word_1_14' title='bbox 1500 448 1615 502; x_wconf 83' lang='grc' dir='ltr'>άλλ’</span> <span class='ocrx_word' id='word_1_15' title='bbox 1631 448 1884 520; x_wconf 83' lang='grc' dir='ltr'>ἀκρισίαν</span> 
     </span>
    </p>
   </div>
   <div class='ocr_carea' id='block_1_5' title="bbox 1985 441 3563 520">
    <p class='ocr_par' dir='ltr' id='par_1_5' title="bbox 1989 441 3563 516">
     <span class='ocr_line' id='line_1_5' title="bbox 1989 441 3563 516; baseline -0.001 -13"><span class='ocrx_word' id='word_1_16' title='bbox 1989 457 2115 503; x_wconf 88' lang='lat' dir='ltr'><strong>neat</strong></span> <span class='ocrx_word' id='word_1_17' title='bbox 2148 448 2204 503; x_wconf 92' lang='lat' dir='ltr'><strong>in</strong></span> <span class='ocrx_word' id='word_1_18' title='bbox 2244 462 2426 513; x_wconf 77' lang='lat' dir='ltr'><strong>omna,</strong></span> <span class='ocrx_word' id='word_1_19' title='bbox 2455 447 2570 502; x_wconf 76' lang='lat' dir='ltr'><strong>haec</strong></span> <span class='ocrx_word' id='word_1_20' title='bbox 2609 448 2686 501; x_wconf 89' lang='lat' dir='ltr'><strong>ita</strong></span> <span class='ocrx_word' id='word_1_21' title='bbox 2720 443 2976 516; x_wconf 63' lang='lat' dir='ltr'><strong>praefecto</strong></span> <span class='ocrx_word' id='word_1_22' title='bbox 3007 441 3446 508; x_wconf 87' lang='lat' dir='ltr'><strong>administrante,</strong></span> <span class='ocrx_word' id='word_1_23' title='bbox 3499 451 3563 501; x_wconf 87' lang='lat' dir='ltr'><strong>ut</strong></span> 
     </span>
    </p>
   </div>
   <div class='ocr_carea' id='block_1_6' title="bbox 299 533 1889 608">
    <p class='ocr_par' dir='ltr' id='par_1_6' title="bbox 299 533 1889 608">
     <span class='ocr_line' id='line_1_6' title="bbox 299 533 1889 608; baseline 0 -19"><span class='ocrx_word' id='word_1_24' title='bbox 299 536 433 591; x_wconf 83' lang='grc' dir='ltr'>τινά</span> <span class='ocrx_word' id='word_1_25' title='bbox 469 534 563 590; x_wconf 88' lang='grc' dir='ltr'><strong>τοῦ</strong></span> <span class='ocrx_word' id='word_1_26' title='bbox 590 533 1006 599; x_wconf 74' lang='grc' dir='ltr'><strong>ἐπιστατοῦντος</strong></span> <span class='ocrx_word' id='word_1_27' title='bbox 1032 536 1451 606; x_wconf 77' lang='grc' dir='ltr'>καταγινώσκει,</span> <span class='ocrx_word' id='word_1_28' title='bbox 1476 538 1551 601; x_wconf 80' lang='grc' dir='ltr'>ὡς</span> <span class='ocrx_word' id='word_1_29' title='bbox 1574 538 1752 608; x_wconf 80' lang='grc' dir='ltr'>φθόνῳ</span> <span class='ocrx_word' id='word_1_30' title='bbox 1782 539 1889 591; x_wconf 58' lang='grc' dir='ltr'><strong>τινὶ⁵</strong></span> 
     </span>
    </p>
   </div>
   <div class='ocr_carea' id='block_1_7' title="bbox 304 622 1887 697">
    <p class='ocr_par' dir='ltr' id='par_1_7' title="bbox 304 622 1887 697">
     <span class='ocr_line' id='line_1_7' title="bbox 304 622 1887 697; baseline -0.001 -18"><span class='ocrx_word' id='word_1_31' title='bbox 304 627 408 679; x_wconf 74' lang='grc' dir='ltr'>καὶ</span> <span class='ocrx_word' id='word_1_32' title='bbox 432 625 494 679; x_wconf 87' lang='grc' dir='ltr'><strong>ού</strong></span> <span class='ocrx_word' id='word_1_33' title='bbox 524 624 745 696; x_wconf 77' lang='grc' dir='ltr'><strong>προνοίᾳ</strong></span> <span class='ocrx_word' id='word_1_34' title='bbox 772 622 883 676; x_wconf 84' lang='grc' dir='ltr'><strong>τῶν</strong></span> <span class='ocrx_word' id='word_1_35' title='bbox 914 625 1293 695; x_wconf 79' lang='grc' dir='ltr'><strong>προκειμένων</strong></span> <span class='ocrx_word' id='word_1_36' title='bbox 1320 625 1692 697; x_wconf 78' lang='grc' dir='ltr'><strong>ἀπείργοντος.</strong></span> <span class='ocrx_word' id='word_1_37' title='bbox 1742 625 1804 678; x_wconf 87' lang='grc' dir='ltr'>Εί</span> <span class='ocrx_word' id='word_1_38' title='bbox 1830 624 1887 677; x_wconf 80' lang='grc' dir='ltr'>δὲ</span> 
     </span>
    </p>
   </div>
   <div class='ocr_carea' id='block_1_8' title="bbox 305 715 1887 861">
    <p class='ocr_par' dir='ltr' id='par_1_8' title="bbox 305 715 1887 861">
     <span class='ocr_line' id='line_1_8' title="bbox 305 715 1887 790; baseline -0.001 -19"><span class='ocrx_word' id='word_1_39' title='bbox 305 718 449 788; x_wconf 81' lang='grc' dir='ltr'>πρὸς</span> <span class='ocrx_word' id='word_1_40' title='bbox 469 718 591 781; x_wconf 71' lang='grc' dir='ltr'>τοὺς</span> <span class='ocrx_word' id='word_1_41' title='bbox 603 715 683 770; x_wconf 75' lang='grc' dir='ltr'><strong>ἔτι</strong></span> <span class='ocrx_word' id='word_1_42' title='bbox 700 715 1117 787; x_wconf 85' lang='grc' dir='ltr'>ἀσχημονοῦντα</span> <span class='ocrx_word' id='word_1_43' title='bbox 1172 720 1240 788; x_wconf 77' lang='grc' dir='ltr'>τῇ</span> <span class='ocrx_word' id='word_1_44' title='bbox 1279 719 1696 790; x_wconf 84' lang='grc' dir='ltr'>παρατάσειτῆς</span> <span class='ocrx_word' id='word_1_45' title='bbox 1717 717 1887 788; x_wconf 80' lang='grc' dir='ltr'>μέθης</span> 
     </span>
     <span class='ocr_line' id='line_1_9' title="bbox 307 734 1887 861; baseline 0 0"><span class='ocrx_word' id='word_1_46' title='bbox 307 808 494 861; x_wconf 64' lang='lat' dir='ltr'><strong>sum</strong></span> <span class='ocrx_word' id='word_1_47' title='bbox 513 811 571 861; x_wconf 82' lang='grc' dir='ltr'>ὲν</span> <span class='ocrx_word' id='word_1_48' title='bbox 598 809 815 861; x_wconf 75' lang='grc' dir='ltr'>ἐμέτοις</span> <span class='ocrx_word' id='word_1_49' title='bbox 840 810 932 861; x_wconf 76' lang='grc' dir='ltr'><strong>καὶ</strong></span> <span class='ocrx_word' id='word_1_50' title='bbox 960 734 1328 861; x_wconf 59' lang='grc' dir='ltr'>καοηὲαοίαις</span> <span class='ocrx_word' id='word_1_51' title='bbox 1351 811 1446 861; x_wconf 60' lang='grc' dir='ltr'><strong>καὶ¹</strong></span> <span class='ocrx_word' id='word_1_52' title='bbox 1463 811 1541 861; x_wconf 87' lang='grc' dir='ltr'>τῶ</span> <span class='ocrx_word' id='word_1_53' title='bbox 1569 810 1887 861; x_wconf 79' lang='grc' dir='ltr'>παραφθέγ-</span> 
     </span>
    </p>
   </div>
   <div class='ocr_carea' id='block_1_9' title="bbox 305 808 1889 882">
    <p class='ocr_par' dir='ltr' id='par_1_9' title="bbox 305 808 1889 882">
     <span class='ocr_line' id='line_1_10' title="bbox 305 808 1889 882; baseline 0 -20"><span class='ocrx_word' id='word_1_54' title='bbox 305 808 494 879; x_wconf 78' lang='grc' dir='ltr'>βλὲποι</span> <span class='ocrx_word' id='word_1_55' title='bbox 513 811 571 862; x_wconf 86' lang='grc' dir='ltr'>ὲν</span> <span class='ocrx_word' id='word_1_56' title='bbox 598 809 815 880; x_wconf 77' lang='grc' dir='ltr'><strong>ἐμέτοις</strong></span> <span class='ocrx_word' id='word_1_57' title='bbox 840 810 932 863; x_wconf 75' lang='grc' dir='ltr'><strong>καὶ</strong></span> <span class='ocrx_word' id='word_1_58' title='bbox 960 808 1328 881; x_wconf 75' lang='grc' dir='ltr'>καρηϐαρίαις</span> <span class='ocrx_word' id='word_1_59' title='bbox 1351 811 1446 865; x_wconf 77' lang='grc' dir='ltr'>καὶ</span> <span class='ocrx_word' id='word_1_60' title='bbox 1463 811 1541 882; x_wconf 84' lang='grc' dir='ltr'><strong>τῷ</strong></span> <span class='ocrx_word' id='word_1_61' title='bbox 1569 810 1889 882; x_wconf 83' lang='grc' dir='ltr'>παραφθέγ-</span> 
     </span>
    </p>
   </div>
   <div class='ocr_carea' id='block_1_10' title="bbox 300 899 1885 973">
    <p class='ocr_par' dir='ltr' id='par_1_10' title="bbox 300 899 1885 973">
     <span class='ocr_line' id='line_1_11' title="bbox 300 899 1885 973; baseline 0.002 -21"><span class='ocrx_word' id='word_1_62' title='bbox 300 899 497 968; x_wconf 86' lang='grc' dir='ltr'>γεσθαί</span> <span class='ocrx_word' id='word_1_63' title='bbox 519 918 573 953; x_wconf 91' lang='grc' dir='ltr'><strong>τι</strong></span> <span class='ocrx_word' id='word_1_64' title='bbox 597 899 709 953; x_wconf 83' lang='grc' dir='ltr'><strong>τῶν</strong></span> <span class='ocrx_word' id='word_1_65' title='bbox 736 900 798 953; x_wconf 87' lang='grc' dir='ltr'>οὐ</span> <span class='ocrx_word' id='word_1_66' title='bbox 830 900 1078 964; x_wconf 79' lang='grc' dir='ltr'><strong>δεόντων,</strong></span> <span class='ocrx_word' id='word_1_67' title='bbox 1108 900 1268 973; x_wconf 85' lang='grc' dir='ltr'>χάριν</span> <span class='ocrx_word' id='word_1_68' title='bbox 1292 902 1544 973; x_wconf 86' lang='grc' dir='ltr'>ὁμολογεῖ</span> <span class='ocrx_word' id='word_1_69' title='bbox 1568 902 1646 973; x_wconf 86' lang='grc' dir='ltr'>τῷ</span> <span class='ocrx_word' id='word_1_70' title='bbox 1666 902 1772 973; x_wconf 75' lang='grc' dir='ltr'>πρὸ</span> <span class='ocrx_word' id='word_1_71' title='bbox 1790 901 1885 955; x_wconf 86' lang='grc' dir='ltr'><strong>τοῦ</strong></span> 
     </span>
    </p>
   </div>
   <div class='ocr_carea' id='block_1_11' title="bbox 301 990 1887 1066">
    <p class='ocr_par' dir='ltr' id='par_1_11' title="bbox 301 990 1887 1066">
     <span class='ocr_line' id='line_1_12' title="bbox 301 990 1887 1066; baseline 0.001 -21"><span class='ocrx_word' id='word_1_72' title='bbox 301 990 546 1046; x_wconf 86' lang='grc' dir='ltr'>τοιούτου</span> <span class='ocrx_word' id='word_1_73' title='bbox 593 991 800 1056; x_wconf 78' lang='grc' dir='ltr'><strong>πάθους</strong></span> <span class='ocrx_word' id='word_1_74' title='bbox 845 991 947 1062; x_wconf 88' lang='grc' dir='ltr'><strong>τῆς</strong></span> <span class='ocrx_word' id='word_1_75' title='bbox 998 993 1239 1066; x_wconf 79' lang='grc' dir='ltr'><strong>ἀμέτρου</strong></span> <span class='ocrx_word' id='word_1_76' title='bbox 1286 993 1604 1065; x_wconf 76' lang='grc' dir='ltr'><strong>πλησμονῆς</strong></span> <span class='ocrx_word' id='word_1_77' title='bbox 1649 994 1887 1064; x_wconf 78' lang='grc' dir='ltr'>ἀποστή-</span> 
     </span>
    </p>
   </div>
   <div class='ocr_carea' id='block_1_12' title="bbox 305 1080 1886 1157">
    <p class='ocr_par' dir='ltr' id='par_1_12' title="bbox 305 1080 1886 1157">
     <span class='ocr_line' id='line_1_13' title="bbox 305 1080 1886 1157; baseline 0.001 -20"><span class='ocrx_word' id='word_1_78' title='bbox 305 1096 484 1140; x_wconf 86' lang='grc' dir='ltr'>σαντι.</span> <span class='ocrx_word' id='word_1_79' title='bbox 529 1085 595 1138; x_wconf 79' lang='grc' dir='ltr'>Εί</span> <span class='ocrx_word' id='word_1_80' title='bbox 627 1084 691 1157; x_wconf 83' lang='grc' dir='ltr'>δὴ</span> <span class='ocrx_word' id='word_1_81' title='bbox 721 1083 970 1154; x_wconf 82' lang='grc' dir='ltr'><strong>νενόηται</strong></span> <span class='ocrx_word' id='word_1_82' title='bbox 1002 1085 1136 1155; x_wconf 78' lang='grc' dir='ltr'>ἡμῖν</span> <span class='ocrx_word' id='word_1_83' title='bbox 1170 1084 1229 1139; x_wconf 83' lang='grc' dir='ltr'>τὸ</span> <span class='ocrx_word' id='word_1_84' title='bbox 1258 1084 1583 1156; x_wconf 81' lang='grc' dir='ltr'><strong>ὑπόδειγμα,</strong></span> <span class='ocrx_word' id='word_1_85' title='bbox 1616 1085 1795 1157; x_wconf 80' lang='grc' dir='ltr'>ῥᾴδιον</span> <span class='ocrx_word' id='word_1_86' title='bbox 1819 1080 1886 1138; x_wconf 77' lang='grc' dir='ltr'>ἂν</span> 
     </span>
    </p>
   </div>
   <div class='ocr_carea' id='block_1_13' title="bbox 303 1175 1886 1249">
    <p class='ocr_par' dir='ltr' id='par_1_13' title="bbox 303 1175 1886 1249">
     <span class='ocr_line' id='line_1_14' title="bbox 303 1175 1886 1249; baseline 0 -19"><span class='ocrx_word' id='word_1_87' title='bbox 303 1177 395 1246; x_wconf 83' lang='grc' dir='ltr'><strong>εῖη</strong></span> <span class='ocrx_word' id='word_1_88' title='bbox 431 1176 800 1248; x_wconf 75' lang='grc' dir='ltr'>προσαγαγεῖν</span> <span class='ocrx_word' id='word_1_89' title='bbox 824 1175 884 1230; x_wconf 76' lang='grc' dir='ltr'>τὸ</span> <span class='ocrx_word' id='word_1_90' title='bbox 912 1178 971 1229; x_wconf 70' lang='grc' dir='ltr'>ὲν</span> <span class='ocrx_word' id='word_1_91' title='bbox 997 1176 1172 1248; x_wconf 82' lang='grc' dir='ltr'>τούτῳ</span> <span class='ocrx_word' id='word_1_92' title='bbox 1202 1176 1546 1248; x_wconf 68' lang='grc' dir='ltr'><strong>καταληφθὲν</strong></span> <span class='ocrx_word' id='word_1_93' title='bbox 1588 1180 1719 1249; x_wconf 78' lang='grc' dir='ltr'>ἡμῖν</span> <span class='ocrx_word' id='word_1_94' title='bbox 1749 1176 1886 1230; x_wconf 85' lang='grc' dir='ltr'>θεώ-</span> 
     </span>
    </p>
   </div>
   <div class='ocr_carea' id='block_1_14' title="bbox 308 1268 1885 1341">
    <p class='ocr_par' dir='ltr' id='par_1_14' title="bbox 308 1268 1885 1341">
     <span class='ocr_line' id='line_1_15' title="bbox 308 1268 1885 1341; baseline 0.001 -19"><span class='ocrx_word' id='word_1_95' title='bbox 308 1287 463 1341; x_wconf 86' lang='grc' dir='ltr'>ρημα</span> <span class='ocrx_word' id='word_1_96' title='bbox 481 1269 560 1341; x_wconf 80' lang='grc' dir='ltr'><strong>τῷ</strong></span> <span class='ocrx_word' id='word_1_97' title='bbox 583 1270 923 1341; x_wconf 81' lang='grc' dir='ltr'>προκειμένῳ</span> <span class='ocrx_word' id='word_1_98' title='bbox 948 1268 1199 1340; x_wconf 82' lang='grc' dir='ltr'>νοήματι.</span> <span class='ocrx_word' id='word_1_99' title='bbox 1234 1268 1297 1322; x_wconf 88' lang='grc' dir='ltr'>Τί</span> <span class='ocrx_word' id='word_1_100' title='bbox 1316 1269 1424 1340; x_wconf 82' lang='grc' dir='ltr'>γὰρ</span> <span class='ocrx_word' id='word_1_101' title='bbox 1445 1268 1506 1322; x_wconf 82' lang='grc' dir='ltr'>τὸ</span> <span class='ocrx_word' id='word_1_102' title='bbox 1529 1268 1885 1340; x_wconf 88' lang='grc' dir='ltr'>προκείμενον</span> 
     </span>
    </p>
   </div>
   <div class='ocr_carea' id='block_1_15' title="bbox 301 1357 1884 1433">
    <p class='ocr_par' dir='ltr' id='par_1_15' title="bbox 301 1357 1884 1433">
     <span class='ocr_line' id='line_1_16' title="bbox 301 1357 1884 1433; baseline -0.001 -17"><span class='ocrx_word' id='word_1_103' title='bbox 301 1357 408 1433; x_wconf 77' lang='grc' dir='ltr'><strong>ῆνς</strong></span> <span class='ocrx_word' id='word_1_104' title='bbox 446 1362 611 1416; x_wconf 87' lang='grc' dir='ltr'>Ὀτου</span> <span class='ocrx_word' id='word_1_105' title='bbox 648 1361 806 1433; x_wconf 82' lang='grc' dir='ltr'>χάριν</span> <span class='ocrx_word' id='word_1_106' title='bbox 832 1361 860 1415; x_wconf 98' lang='lat'><strong>6</strong></span> <span class='ocrx_word' id='word_1_107' title='bbox 888 1360 1043 1428; x_wconf 77' lang='grc' dir='ltr'>Θεὸς,</span> <span class='ocrx_word' id='word_1_108' title='bbox 1074 1360 1275 1431; x_wconf 86' lang='grc' dir='ltr'>πολλῆς</span> <span class='ocrx_word' id='word_1_109' title='bbox 1300 1360 1467 1433; x_wconf 79' lang='grc' dir='ltr'>οῦσης</span> <span class='ocrx_word' id='word_1_110' title='bbox 1497 1364 1607 1424; x_wconf 85' lang='grc' dir='ltr'>τοῖς</span> <span class='ocrx_word' id='word_1_111' title='bbox 1646 1360 1884 1431; x_wconf 81' lang='grc' dir='ltr'>πατράσι</span> 
     </span>
    </p>
   </div>
   <div class='ocr_carea' id='block_1_16' title="bbox 306 1451 1881 1524">
    <p class='ocr_par' dir='ltr' id='par_1_16' title="bbox 306 1451 1881 1524">
     <span class='ocr_line' id='line_1_17' title="bbox 306 1451 1881 1524; baseline 0 -19"><span class='ocrx_word' id='word_1_112' title='bbox 306 1453 547 1523; x_wconf 83' lang='grc' dir='ltr'>σπουδῆς</span> <span class='ocrx_word' id='word_1_113' title='bbox 589 1451 924 1524; x_wconf 84' lang='grc' dir='ltr'>φυλαχθῆναι</span> <span class='ocrx_word' id='word_1_114' title='bbox 960 1453 1175 1517; x_wconf 79' lang='grc' dir='ltr'>ἑαυτοῖς</span> <span class='ocrx_word' id='word_1_115' title='bbox 1207 1452 1297 1506; x_wconf 84' lang='grc' dir='ltr'>τὸν</span> <span class='ocrx_word' id='word_1_116' title='bbox 1337 1452 1430 1506; x_wconf 92' lang='grc' dir='ltr'><strong>τοῦ</strong></span> <span class='ocrx_word' id='word_1_117' title='bbox 1475 1452 1589 1524; x_wconf 87' lang='grc' dir='ltr'>βίου</span> <span class='ocrx_word' id='word_1_118' title='bbox 1619 1452 1881 1523; x_wconf 82' lang='grc' dir='ltr'>διάδοχον,</span> 
     </span>
    </p>
   </div>
   <div class='ocr_carea' id='block_1_17' title="bbox 301 1545 1884 1618">
    <p class='ocr_par' dir='ltr' id='par_1_17' title="bbox 301 1545 1884 1618">
     <span class='ocr_line' id='line_1_18' title="bbox 301 1545 1884 1618; baseline -0.002 -17"><span class='ocrx_word' id='word_1_119' title='bbox 301 1545 487 1617; x_wconf 75' lang='grc' dir='ltr'>ἄωρον</span> <span class='ocrx_word' id='word_1_120' title='bbox 514 1545 775 1610; x_wconf 79' lang='grc' dir='ltr'>πολλάκις</span> <span class='ocrx_word' id='word_1_121' title='bbox 802 1547 860 1599; x_wconf 82' lang='grc' dir='ltr'>ὲν</span> <span class='ocrx_word' id='word_1_122' title='bbox 884 1545 963 1617; x_wconf 83' lang='grc' dir='ltr'>τῷ</span> <span class='ocrx_word' id='word_1_123' title='bbox 993 1546 1138 1599; x_wconf 86' lang='grc' dir='ltr'>τέλει</span> <span class='ocrx_word' id='word_1_124' title='bbox 1159 1547 1259 1615; x_wconf 83' lang='grc' dir='ltr'><strong>τῆς</strong></span> <span class='ocrx_word' id='word_1_125' title='bbox 1287 1546 1501 1618; x_wconf 80' lang='grc' dir='ltr'>ἡλικίας</span> <span class='ocrx_word' id='word_1_126' title='bbox 1528 1548 1593 1618; x_wconf 78' lang='grc' dir='ltr'><strong>ἑᾷ</strong></span> <span class='ocrx_word' id='word_1_127' title='bbox 1614 1546 1674 1599; x_wconf 83' lang='grc' dir='ltr'>τὸ</span> <span class='ocrx_word' id='word_1_128' title='bbox 1695 1545 1884 1617; x_wconf 81' lang='grc' dir='ltr'>τεχθὲν</span> 
     </span>
    </p>
   </div>
   <div class='ocr_carea' id='block_1_18' title="bbox 303 1636 1885 1710">
    <p class='ocr_par' dir='ltr' id='par_1_18' title="bbox 303 1636 1885 1710">
     <span class='ocr_line' id='line_1_19' title="bbox 303 1636 1885 1710; baseline 0 -19"><span class='ocrx_word' id='word_1_129' title='bbox 303 1637 757 1708; x_wconf 77' lang='grc' dir='ltr'>ἀναρπάζεσθαι;</span> <span class='ocrx_word' id='word_1_130' title='bbox 812 1638 958 1709; x_wconf 80' lang='grc' dir='ltr'>Πρὸς</span> <span class='ocrx_word' id='word_1_131' title='bbox 1000 1636 1095 1703; x_wconf 77' lang='grc' dir='ltr'>οὓς</span> <span class='ocrx_word' id='word_1_132' title='bbox 1141 1638 1374 1710; x_wconf 79' lang='grc' dir='ltr'>ἐροῦμεν</span> <span class='ocrx_word' id='word_1_133' title='bbox 1428 1637 1490 1692; x_wconf 83' lang='grc' dir='ltr'><strong>τὸ</strong></span> <span class='ocrx_word' id='word_1_134' title='bbox 1548 1638 1885 1710; x_wconf 84' lang='grc' dir='ltr'>συμποτικὸν</span> 
     </span>
    </p>
   </div>
   <div class='ocr_carea' id='block_1_19' title="bbox 297 1731 1881 1806">
    <p class='ocr_par' dir='ltr' id='par_1_19' title="bbox 297 1731 1881 1806">
     <span class='ocr_line' id='line_1_20' title="bbox 297 1731 1881 1806; baseline 0.001 -21"><span class='ocrx_word' id='word_1_135' title='bbox 297 1732 482 1785; x_wconf 70' lang='grc' dir='ltr'>ἐκεῖνο</span> <span class='ocrx_word' id='word_1_136' title='bbox 500 1732 821 1802; x_wconf 81' lang='grc' dir='ltr'>ὑπόδειγμα,</span> <span class='ocrx_word' id='word_1_137' title='bbox 841 1733 923 1786; x_wconf 84' lang='grc' dir='ltr'>ὅτι</span> <span class='ocrx_word' id='word_1_138' title='bbox 938 1733 1033 1805; x_wconf 87' lang='grc' dir='ltr'><strong>τῆς</strong></span> <span class='ocrx_word' id='word_1_139' title='bbox 1057 1731 1151 1787; x_wconf 90' lang='grc' dir='ltr'><strong>τοῦ</strong></span> <span class='ocrx_word' id='word_1_140' title='bbox 1174 1732 1290 1804; x_wconf 88' lang='grc' dir='ltr'>βίου</span> <span class='ocrx_word' id='word_1_141' title='bbox 1308 1732 1587 1806; x_wconf 79' lang='grc' dir='ltr'>τραπέζης</span> <span class='ocrx_word' id='word_1_142' title='bbox 1608 1732 1807 1805; x_wconf 77' lang='grc' dir='ltr'>πολλήν</span> <span class='ocrx_word' id='word_1_143' title='bbox 1824 1751 1881 1786; x_wconf 89' lang='grc' dir='ltr'><strong>τε</strong></span> 
     </span>
    </p>
   </div>
   <div class='ocr_carea' id='block_1_20' title="bbox 1991 535 3564 607">
    <p class='ocr_par' dir='ltr' id='par_1_20' title="bbox 1991 535 3564 607">
     <span class='ocr_line' id='line_1_21' title="bbox 1991 535 3564 607; baseline -0.001 -14"><span class='ocrx_word' id='word_1_144' title='bbox 1991 539 2201 593; x_wconf 90' lang='lat' dir='ltr'><strong>nullum</strong></span> <span class='ocrx_word' id='word_1_145' title='bbox 2232 555 2294 593; x_wconf 81' lang='lat' dir='ltr'><strong>ex</strong></span> <span class='ocrx_word' id='word_1_146' title='bbox 2333 538 2670 593; x_wconf 79' lang='lat' dir='ltr'><strong>abundantia</strong></span> <span class='ocrx_word' id='word_1_147' title='bbox 2715 544 2878 607; x_wconf 89' lang='lat' dir='ltr'><strong>atque</strong></span> <span class='ocrx_word' id='word_1_148' title='bbox 2936 535 3202 591; x_wconf 74' lang='lat' dir='ltr'><strong>ebrietate</strong></span> <span class='ocrx_word' id='word_1_149' title='bbox 3255 535 3564 606; x_wconf 87' lang='lat' dir='ltr'><strong>mentisque</strong></span> 
     </span>
    </p>
   </div>
   <div class='ocr_carea' id='block_1_21' title="bbox 1989 627 3565 704">
    <p class='ocr_par' dir='ltr' id='par_1_21' title="bbox 1989 627 3565 704">
     <span class='ocr_line' id='line_1_22' title="bbox 1989 627 3565 704; baseline -0.003 -17"><span class='ocrx_word' id='word_1_150' title='bbox 1989 631 2381 704; x_wconf 76' lang='lat' dir='ltr'><strong>depravatione</strong></span> <span class='ocrx_word' id='word_1_151' title='bbox 2410 632 2612 687; x_wconf 92' lang='lat' dir='ltr'><strong>malum</strong></span> <span class='ocrx_word' id='word_1_152' title='bbox 2645 630 2927 685; x_wconf 82' lang='lat' dir='ltr'><strong>exsistens</strong></span> <span class='ocrx_word' id='word_1_153' title='bbox 2950 629 3003 683; x_wconf 90' lang='lat' dir='ltr'><strong>in</strong></span> <span class='ocrx_word' id='word_1_154' title='bbox 3054 627 3234 703; x_wconf 81' lang='lat' dir='ltr'><strong>medio</strong></span> <span class='ocrx_word' id='word_1_155' title='bbox 3286 628 3565 699; x_wconf 83' lang='lat' dir='ltr'><strong>relinqua-</strong></span> 
     </span>
    </p>
   </div>
   <div class='ocr_carea' id='block_1_22' title="bbox 1989 718 3562 794">
    <p class='ocr_par' dir='ltr' id='par_1_22' title="bbox 1989 718 3562 794">
     <span class='ocr_line' id='line_1_23' title="bbox 1989 718 3562 794; baseline -0.003 -16"><span class='ocrx_word' id='word_1_156' title='bbox 1989 733 2099 790; x_wconf 93' lang='lat' dir='ltr'><strong>tur,</strong></span> <span class='ocrx_word' id='word_1_157' title='bbox 2132 724 2227 779; x_wconf 91' lang='lat' dir='ltr'><strong>sed</strong></span> <span class='ocrx_word' id='word_1_158' title='bbox 2279 731 2577 794; x_wconf 89' lang='lat' dir='ltr'><strong>perpetuus</strong></span> <span class='ocrx_word' id='word_1_159' title='bbox 2638 720 2803 776; x_wconf 82' lang='lat' dir='ltr'><strong>decor</strong></span> <span class='ocrx_word' id='word_1_160' title='bbox 2833 730 2889 776; x_wconf 90' lang='lat' dir='ltr'><strong>et</strong></span> <span class='ocrx_word' id='word_1_161' title='bbox 2950 720 3209 774; x_wconf 88' lang='lat' dir='ltr'><strong>honestas</strong></span> <span class='ocrx_word' id='word_1_162' title='bbox 3265 718 3321 773; x_wconf 92' lang='lat' dir='ltr'><strong>in</strong></span> <span class='ocrx_word' id='word_1_163' title='bbox 3376 733 3562 774; x_wconf 84' lang='lat' dir='ltr'><strong>mensa</strong></span> 
     </span>
    </p>
   </div>
   <div class='ocr_carea' id='block_1_23' title="bbox 1988 807 3564 881">
    <p class='ocr_par' dir='ltr' id='par_1_23' title="bbox 1988 807 3564 881">
     <span class='ocr_line' id='line_1_24' title="bbox 1988 807 3564 881; baseline -0.006 -10"><span class='ocrx_word' id='word_1_164' title='bbox 1988 824 2253 871; x_wconf 82' lang='lat' dir='ltr'><strong>servetur.</strong></span> <span class='ocrx_word' id='word_1_165' title='bbox 2293 812 2763 881; x_wconf 78' lang='lat' dir='ltr'><strong>Quemadmodum</strong></span> <span class='ocrx_word' id='word_1_166' title='bbox 2820 811 2986 881; x_wconf 78' lang='lat' dir='ltr'><strong>igitur</strong></span> <span class='ocrx_word' id='word_1_167' title='bbox 3030 808 3082 863; x_wconf 91' lang='lat' dir='ltr'><strong>ei</strong></span> <span class='ocrx_word' id='word_1_168' title='bbox 3134 808 3227 879; x_wconf 85' lang='lat' dir='ltr'><strong>qui</strong></span> <span class='ocrx_word' id='word_1_169' title='bbox 3283 822 3315 862; x_wconf 83' lang='lat' dir='ltr'><strong>a</strong></span> <span class='ocrx_word' id='word_1_170' title='bbox 3370 807 3564 862; x_wconf 87' lang='lat' dir='ltr'><strong>nidore</strong></span> 
     </span>
    </p>
   </div>
   <div class='ocr_carea' id='block_1_24' title="bbox 1987 896 3561 972">
    <p class='ocr_par' dir='ltr' id='par_1_24' title="bbox 1987 896 3561 972">
     <span class='ocr_line' id='line_1_25' title="bbox 1987 896 3561 972; baseline -0.006 -12"><span class='ocrx_word' id='word_1_171' title='bbox 1987 907 2459 961; x_wconf 78' lang='lat' dir='ltr'><strong>eondimentoruui</strong></span> <span class='ocrx_word' id='word_1_172' title='bbox 2482 904 2758 967; x_wconf 85' lang='lat' dir='ltr'><strong>avellitur,</strong></span> <span class='ocrx_word' id='word_1_173' title='bbox 2784 902 3019 972; x_wconf 85' lang='lat' dir='ltr'><strong>privatio</strong></span> <span class='ocrx_word' id='word_1_174' title='bbox 3039 915 3227 956; x_wconf 89' lang='lat' dir='ltr'><strong>eorum</strong></span> <span class='ocrx_word' id='word_1_175' title='bbox 3256 913 3379 970; x_wconf 79' lang='lat' dir='ltr'><strong>qua:</strong></span> <span class='ocrx_word' id='word_1_176' title='bbox 3406 896 3561 952; x_wconf 89' lang='lat' dir='ltr'><strong>cordi</strong></span> 
     </span>
    </p>
   </div>
   <div class='ocr_carea' id='block_1_25' title="bbox 1988 990 3562 1066">
    <p class='ocr_par' dir='ltr' id='par_1_25' title="bbox 1988 990 3562 1066">
     <span class='ocr_line' id='line_1_26' title="bbox 1988 990 3562 1066; baseline -0.005 -16"><span class='ocrx_word' id='word_1_177' title='bbox 1988 1003 2140 1061; x_wconf 73' lang='lat' dir='ltr'><strong>sunt,</strong></span> <span class='ocrx_word' id='word_1_178' title='bbox 2177 996 2389 1066; x_wconf 87' lang='lat' dir='ltr'><strong>ingrata</strong></span> <span class='ocrx_word' id='word_1_179' title='bbox 2425 1005 2587 1065; x_wconf 89' lang='lat' dir='ltr'><strong>atque</strong></span> <span class='ocrx_word' id='word_1_180' title='bbox 2618 992 2916 1062; x_wconf 85' lang='lat' dir='ltr'><strong>injucunda</strong></span> <span class='ocrx_word' id='word_1_181' title='bbox 2947 999 3054 1057; x_wconf 90' lang='lat' dir='ltr'><strong>est,</strong></span> <span class='ocrx_word' id='word_1_182' title='bbox 3093 997 3258 1060; x_wconf 88' lang='lat' dir='ltr'><strong>atque</strong></span> <span class='ocrx_word' id='word_1_183' title='bbox 3292 990 3562 1059; x_wconf 58' lang='lat' dir='ltr'><strong>importu.</strong></span> 
     </span>
    </p>
   </div>
   <div class='ocr_carea' id='block_1_26' title="bbox 1987 1080 3563 1154">
    <p class='ocr_par' dir='ltr' id='par_1_26' title="bbox 1987 1080 3563 1154">
     <span class='ocr_line' id='line_1_27' title="bbox 1987 1080 3563 1154; baseline -0.005 -12"><span class='ocrx_word' id='word_1_184' title='bbox 1987 1087 2175 1143; x_wconf 86' lang='lat' dir='ltr'><strong>uitatis</strong></span> <span class='ocrx_word' id='word_1_185' title='bbox 2208 1102 2271 1142; x_wconf 88' lang='lat' dir='ltr'><strong>ac</strong></span> <span class='ocrx_word' id='word_1_186' title='bbox 2302 1086 2625 1142; x_wconf 83' lang='lat' dir='ltr'><strong>temeritatis</strong></span> <span class='ocrx_word' id='word_1_187' title='bbox 2657 1084 2945 1154; x_wconf 88' lang='lat' dir='ltr'><strong>cujusdam</strong></span> <span class='ocrx_word' id='word_1_188' title='bbox 2970 1081 3283 1153; x_wconf 68' lang='lat' dir='ltr'><strong>praefectum</strong></span> <span class='ocrx_word' id='word_1_189' title='bbox 3303 1080 3563 1136; x_wconf 84' lang='lat' dir='ltr'><strong>condem-</strong></span> 
     </span>
    </p>
   </div>
   <div class='ocr_carea' id='block_1_27' title="bbox 1986 1170 3563 1251">
    <p class='ocr_par' dir='ltr' id='par_1_27' title="bbox 1986 1170 3563 1251">
     <span class='ocr_line' id='line_1_28' title="bbox 1986 1170 3563 1251; baseline -0.004 -17"><span class='ocrx_word' id='word_1_190' title='bbox 1986 1187 2105 1245; x_wconf 86' lang='lat' dir='ltr'><strong>nat,</strong></span> <span class='ocrx_word' id='word_1_191' title='bbox 2139 1179 2296 1251; x_wconf 88' lang='lat' dir='ltr'><strong>quasi</strong></span> <span class='ocrx_word' id='word_1_192' title='bbox 2348 1177 2549 1232; x_wconf 84' lang='lat' dir='ltr'><strong>invidia</strong></span> <span class='ocrx_word' id='word_1_193' title='bbox 2578 1177 2813 1247; x_wconf 89' lang='lat' dir='ltr'><strong>quadam</strong></span> <span class='ocrx_word' id='word_1_194' title='bbox 2848 1185 2904 1231; x_wconf 90' lang='lat' dir='ltr'><strong>et</strong></span> <span class='ocrx_word' id='word_1_195' title='bbox 2951 1190 3060 1230; x_wconf 74' lang='lat' dir='ltr'><strong>non</strong></span> <span class='ocrx_word' id='word_1_196' title='bbox 3103 1171 3443 1243; x_wconf 84' lang='lat' dir='ltr'><strong>providentia</strong></span> <span class='ocrx_word' id='word_1_197' title='bbox 3493 1170 3563 1227; x_wconf 89' lang='lat' dir='ltr'><strong>ab</strong></span> 
     </span>
    </p>
   </div>
   <div class='ocr_carea' id='block_1_28' title="bbox 1985 1262 3562 1342">
    <p class='ocr_par' dir='ltr' id='par_1_28' title="bbox 1985 1262 3562 1342">
     <span class='ocr_line' id='line_1_29' title="bbox 1985 1262 3562 1342; baseline -0.005 -16"><span class='ocrx_word' id='word_1_198' title='bbox 1985 1270 2251 1342; x_wconf 83' lang='lat' dir='ltr'><strong>appositis</strong></span> <span class='ocrx_word' id='word_1_199' title='bbox 2290 1277 2586 1323; x_wconf 89' lang='lat' dir='ltr'><strong>arcentem.</strong></span> <span class='ocrx_word' id='word_1_200' title='bbox 2625 1266 2731 1323; x_wconf 90' lang='lat' dir='ltr'><strong>Sed</strong></span> <span class='ocrx_word' id='word_1_201' title='bbox 2760 1267 2808 1324; x_wconf 91' lang='lat' dir='ltr'><strong>si</strong></span> <span class='ocrx_word' id='word_1_202' title='bbox 2845 1266 2913 1322; x_wconf 89' lang='lat' dir='ltr'><strong>ad</strong></span> <span class='ocrx_word' id='word_1_203' title='bbox 2948 1283 3043 1323; x_wconf 89' lang='lat' dir='ltr'><strong>eos</strong></span> <span class='ocrx_word' id='word_1_204' title='bbox 3077 1268 3167 1338; x_wconf 93' lang='lat' dir='ltr'><strong>qui</strong></span> <span class='ocrx_word' id='word_1_205' title='bbox 3218 1262 3562 1337; x_wconf 52' lang='lat' dir='ltr'><strong>prorogatio.</strong></span> 
     </span>
    </p>
   </div>
   <div class='ocr_carea' id='block_1_29' title="bbox 1984 1357 3564 1429">
    <p class='ocr_par' dir='ltr' id='par_1_29' title="bbox 1984 1357 3564 1429">
     <span class='ocr_line' id='line_1_30' title="bbox 1984 1357 3564 1429; baseline -0.006 -9"><span class='ocrx_word' id='word_1_206' title='bbox 1984 1379 2055 1420; x_wconf 89' lang='lat' dir='ltr'><strong>ne</strong></span> <span class='ocrx_word' id='word_1_207' title='bbox 2084 1360 2367 1418; x_wconf 87' lang='lat' dir='ltr'><strong>ebrietatis</strong></span> <span class='ocrx_word' id='word_1_208' title='bbox 2398 1358 2686 1423; x_wconf 87' lang='lat' dir='ltr'><strong>vomendo,</strong></span> <span class='ocrx_word' id='word_1_209' title='bbox 2722 1368 2997 1429; x_wconf 86' lang='lat' dir='ltr'><strong>caputque</strong></span> <span class='ocrx_word' id='word_1_210' title='bbox 3040 1367 3319 1429; x_wconf 88' lang='lat' dir='ltr'><strong>gravatum</strong></span> <span class='ocrx_word' id='word_1_211' title='bbox 3350 1357 3564 1427; x_wconf 87' lang='lat' dir='ltr'><strong>jactan-</strong></span> 
     </span>
    </p>
   </div>
   <div class='ocr_carea' id='block_1_30' title="bbox 1984 1447 3561 1521">
    <p class='ocr_par' dir='ltr' id='par_1_30' title="bbox 1984 1447 3561 1521">
     <span class='ocr_line' id='line_1_31' title="bbox 1984 1447 3561 1521; baseline -0.006 -10"><span class='ocrx_word' id='word_1_212' title='bbox 1984 1456 2077 1519; x_wconf 94' lang='lat' dir='ltr'><strong>do,</strong></span> <span class='ocrx_word' id='word_1_213' title='bbox 2115 1469 2180 1509; x_wconf 90' lang='lat' dir='ltr'><strong>ac</strong></span> <span class='ocrx_word' id='word_1_214' title='bbox 2206 1460 2409 1507; x_wconf 89' lang='lat' dir='ltr'><strong>temere</strong></span> <span class='ocrx_word' id='word_1_215' title='bbox 2436 1466 2558 1521; x_wconf 81' lang='lat' dir='ltr'><strong>qua:</strong></span> <span class='ocrx_word' id='word_1_216' title='bbox 2604 1465 2714 1505; x_wconf 90' lang='lat' dir='ltr'><strong>non</strong></span> <span class='ocrx_word' id='word_1_217' title='bbox 2768 1449 2927 1506; x_wconf 86' lang='lat' dir='ltr'><strong>decet</strong></span> <span class='ocrx_word' id='word_1_218' title='bbox 2983 1448 3335 1520; x_wconf 86' lang='lat' dir='ltr'><strong>proferendo,</strong></span> <span class='ocrx_word' id='word_1_219' title='bbox 3393 1447 3561 1503; x_wconf 88' lang='lat' dir='ltr'><strong>etiam</strong></span> 
     </span>
    </p>
   </div>
   <div class='ocr_carea' id='block_1_31' title="bbox 1984 1537 3564 1610">
    <p class='ocr_par' dir='ltr' id='par_1_31' title="bbox 1984 1537 3564 1610">
     <span class='ocr_line' id='line_1_32' title="bbox 1984 1537 3564 1610; baseline -0.004 -12"><span class='ocrx_word' id='word_1_220' title='bbox 1984 1557 2133 1598; x_wconf 86' lang='lat' dir='ltr'><strong>nunc</strong></span> <span class='ocrx_word' id='word_1_221' title='bbox 2164 1558 2223 1597; x_wconf 90' lang='lat' dir='ltr'><strong>se</strong></span> <span class='ocrx_word' id='word_1_222' title='bbox 2253 1542 2486 1610; x_wconf 89' lang='lat' dir='ltr'><strong>turpiter</strong></span> <span class='ocrx_word' id='word_1_223' title='bbox 2516 1548 2767 1610; x_wconf 80' lang='lat' dir='ltr'><strong>gerentes</strong></span> <span class='ocrx_word' id='word_1_224' title='bbox 2816 1540 3097 1610; x_wconf 82' lang='lat' dir='ltr'><strong>respiciat,</strong></span> <span class='ocrx_word' id='word_1_225' title='bbox 3131 1538 3361 1610; x_wconf 79' lang='lat' dir='ltr'><strong>gratiam</strong></span> <span class='ocrx_word' id='word_1_226' title='bbox 3398 1537 3564 1593; x_wconf 90' lang='lat' dir='ltr'><strong>habet</strong></span> 
     </span>
    </p>
   </div>
   <div class='ocr_carea' id='block_1_32' title="bbox 1984 1629 3563 1703">
    <p class='ocr_par' dir='ltr' id='par_1_32' title="bbox 1984 1629 3563 1703">
     <span class='ocr_line' id='line_1_33' title="bbox 1984 1629 3563 1703; baseline -0.002 -14"><span class='ocrx_word' id='word_1_227' title='bbox 1984 1635 2032 1689; x_wconf 90' lang='lat' dir='ltr'><strong>ei</strong></span> <span class='ocrx_word' id='word_1_228' title='bbox 2058 1633 2172 1703; x_wconf 88' lang='lat' dir='ltr'><strong>qui,</strong></span> <span class='ocrx_word' id='word_1_229' title='bbox 2199 1640 2493 1701; x_wconf 88' lang='lat' dir='ltr'><strong>antequam</strong></span> <span class='ocrx_word' id='word_1_230' title='bbox 2526 1630 2655 1685; x_wconf 91' lang='lat' dir='ltr'><strong>talia</strong></span> <span class='ocrx_word' id='word_1_231' title='bbox 2685 1630 2790 1684; x_wconf 86' lang='lat' dir='ltr'><strong>sibi</strong></span> <span class='ocrx_word' id='word_1_232' title='bbox 2825 1629 3156 1695; x_wconf 90' lang='lat' dir='ltr'><strong>acciderent,</strong></span> <span class='ocrx_word' id='word_1_233' title='bbox 3185 1630 3257 1685; x_wconf 89' lang='lat' dir='ltr'><strong>ab</strong></span> <span class='ocrx_word' id='word_1_234' title='bbox 3298 1629 3563 1686; x_wconf 84' lang='lat' dir='ltr'><strong>immode-</strong></span> 
     </span>
    </p>
   </div>
   <div class='ocr_carea' id='block_1_33' title="bbox 1985 1721 3563 1795">
    <p class='ocr_par' dir='ltr' id='par_1_33' title="bbox 1985 1721 3563 1795">
     <span class='ocr_line' id='line_1_34' title="bbox 1985 1721 3563 1795; baseline -0.001 -15"><span class='ocrx_word' id='word_1_235' title='bbox 1985 1735 2106 1780; x_wconf 89' lang='lat' dir='ltr'><strong>rata</strong></span> <span class='ocrx_word' id='word_1_236' title='bbox 2139 1724 2438 1795; x_wconf 87' lang='lat' dir='ltr'><strong>repletione</strong></span> <span class='ocrx_word' id='word_1_237' title='bbox 2473 1738 2597 1779; x_wconf 90' lang='lat' dir='ltr'><strong>eum</strong></span> <span class='ocrx_word' id='word_1_238' title='bbox 2631 1721 2995 1794; x_wconf 87' lang='lat' dir='ltr'><strong>prohibuerit.</strong></span> <span class='ocrx_word' id='word_1_239' title='bbox 3032 1721 3090 1777; x_wconf 91' lang='lat' dir='ltr'><strong>Si</strong></span> <span class='ocrx_word' id='word_1_240' title='bbox 3149 1723 3317 1793; x_wconf 81' lang='lat' dir='ltr'><strong>igitur</strong></span> <span class='ocrx_word' id='word_1_241' title='bbox 3374 1722 3563 1779; x_wconf 87' lang='lat' dir='ltr'><strong>simili-</strong></span> 
     </span>
    </p>
   </div>
   <div class='ocr_carea' id='block_1_34' title="bbox 300 1796 1884 1896">
    <p class='ocr_par' dir='ltr' id='par_1_34' title="bbox 300 1796 1884 1896">
     <span class='ocr_line' id='line_1_35' title="bbox 300 1796 1884 1896; baseline 0 -19"><span class='ocrx_word' id='word_1_242' title='bbox 300 1824 406 1877; x_wconf 74' lang='lat' dir='ltr'><strong>xal.</strong></span> <span class='ocrx_word' id='word_1_243' title='bbox 426 1796 771 1886; x_wconf 58' lang='grc' dir='ltr'>παντοδαπῆν</span> <span class='ocrx_word' id='word_1_244' title='bbox 794 1823 904 1877; x_wconf 84' lang='grc' dir='ltr'><strong>τῶν</strong></span> <span class='ocrx_word' id='word_1_245' title='bbox 939 1796 1212 1894; x_wconf 74' lang='grc' dir='ltr'>ἐδωδίμων</span> <span class='ocrx_word' id='word_1_246' title='bbox 1233 1796 1714 1896; x_wconf 39' lang='grc' dir='ltr'>τὴίπαράσ-κευὴν</span> <span class='ocrx_word' id='word_1_247' title='bbox 1735 1796 1884 1894; x_wconf 74' lang='grc' dir='ltr'>ἑχού-</span> 
     </span>
    </p>
   </div>
   <div class='ocr_carea' id='block_1_35' title="bbox 1985 1796 3563 1896">
    <p class='ocr_par' dir='ltr' id='par_1_35' title="bbox 1990 1812 3563 1880">
     <span class='ocr_line' id='line_1_36' title="bbox 1990 1812 3563 1880; baseline 0.001 -11"><span class='ocrx_word' id='word_1_248' title='bbox 1990 1817 2125 1870; x_wconf 88' lang='lat' dir='ltr'><strong>tudo</strong></span> <span class='ocrx_word' id='word_1_249' title='bbox 2154 1830 2183 1868; x_wconf 91' lang='lat' dir='ltr'><strong>a</strong></span> <span class='ocrx_word' id='word_1_250' title='bbox 2209 1815 2369 1870; x_wconf 89' lang='lat' dir='ltr'><strong>nobis</strong></span> <span class='ocrx_word' id='word_1_251' title='bbox 2400 1814 2681 1869; x_wconf 85' lang='lat' dir='ltr'><strong>intellecta</strong></span> <span class='ocrx_word' id='word_1_252' title='bbox 2706 1824 2810 1880; x_wconf 90' lang='lat' dir='ltr'><strong>est,</strong></span> <span class='ocrx_word' id='word_1_253' title='bbox 2843 1812 3005 1870; x_wconf 82' lang='lat' dir='ltr'><strong>facile</strong></span> <span class='ocrx_word' id='word_1_254' title='bbox 3028 1813 3194 1870; x_wconf 89' lang='lat' dir='ltr'><strong>fuerit</strong></span> <span class='ocrx_word' id='word_1_255' title='bbox 3225 1815 3280 1869; x_wconf 93' lang='lat' dir='ltr'><strong>in</strong></span> <span class='ocrx_word' id='word_1_256' title='bbox 3309 1830 3372 1871; x_wconf 89' lang='lat' dir='ltr'><strong>ea</strong></span> <span class='ocrx_word' id='word_1_257' title='bbox 3406 1830 3563 1871; x_wconf 85' lang='lat' dir='ltr'><strong>com-</strong></span> 
     </span>
    </p>
   </div>
   <div class='ocr_carea' id='block_1_36' title="bbox 301 1911 1886 1985">
    <p class='ocr_par' dir='ltr' id='par_1_36' title="bbox 301 1911 1886 1985">
     <span class='ocr_line' id='line_1_37' title="bbox 301 1911 1886 1985; baseline 0.001 -20"><span class='ocrx_word' id='word_1_258' title='bbox 301 1928 413 1982; x_wconf 84' lang='grc' dir='ltr'><strong>σης</strong></span> <span class='ocrx_word' id='word_1_259' title='bbox 438 1911 566 1981; x_wconf 85' lang='grc' dir='ltr'>(νόει</span> <span class='ocrx_word' id='word_1_260' title='bbox 596 1912 652 1965; x_wconf 84' lang='grc' dir='ltr'><strong>δέ</strong></span> <span class='ocrx_word' id='word_1_261' title='bbox 690 1929 778 1983; x_wconf 89' lang='grc' dir='ltr'><strong>μοι</strong></span> <span class='ocrx_word' id='word_1_262' title='bbox 798 1913 941 1967; x_wconf 80' lang='grc' dir='ltr'>κατὰ</span> <span class='ocrx_word' id='word_1_263' title='bbox 967 1913 1065 1984; x_wconf 81' lang='grc' dir='ltr'>τὴν</span> <span class='ocrx_word' id='word_1_264' title='bbox 1093 1913 1461 1985; x_wconf 76' lang='grc' dir='ltr'>όψαρτυτικὴν</span> <span class='ocrx_word' id='word_1_265' title='bbox 1491 1914 1782 1985; x_wconf 78' lang='grc' dir='ltr'>ἐμπειρίαν</span> <span class='ocrx_word' id='word_1_266' title='bbox 1811 1912 1886 1985; x_wconf 77' lang='grc' dir='ltr'>μὴ</span> 
     </span>
    </p>
   </div>
   <div class='ocr_carea' id='block_1_37' title="bbox 300 2001 1886 2074">
    <p class='ocr_par' dir='ltr' id='par_1_37' title="bbox 300 2001 1886 2074">
     <span class='ocr_line' id='line_1_38' title="bbox 300 2001 1886 2074; baseline 0 -19"><span class='ocrx_word' id='word_1_267' title='bbox 300 2001 485 2055; x_wconf 76' lang='grc' dir='ltr'>πάντα</span> <span class='ocrx_word' id='word_1_268' title='bbox 514 2002 591 2073; x_wconf 84' lang='grc' dir='ltr'>τῷ</span> <span class='ocrx_word' id='word_1_269' title='bbox 614 2003 710 2073; x_wconf 86' lang='grc' dir='ltr'><strong>τῆς</strong></span> <span class='ocrx_word' id='word_1_270' title='bbox 741 2002 934 2073; x_wconf 73' lang='grc' dir='ltr'>ἡδονῆς</span> <span class='ocrx_word' id='word_1_271' title='bbox 957 2002 1222 2072; x_wconf 83' lang='grc' dir='ltr'>μέλιτιτὰ</span> <span class='ocrx_word' id='word_1_272' title='bbox 1246 2002 1340 2058; x_wconf 89' lang='grc' dir='ltr'><strong>τοῦ</strong></span> <span class='ocrx_word' id='word_1_273' title='bbox 1366 2003 1481 2074; x_wconf 83' lang='grc' dir='ltr'>βίου</span> <span class='ocrx_word' id='word_1_274' title='bbox 1511 2003 1886 2073; x_wconf 88' lang='grc' dir='ltr'>καταγλυκαί-</span> 
     </span>
    </p>
   </div>
   <div class='ocr_carea' id='block_1_38' title="bbox 294 2093 1887 2167">
    <p class='ocr_par' dir='ltr' id='par_1_38' title="bbox 294 2093 1887 2167">
     <span class='ocr_line' id='line_1_39' title="bbox 294 2093 1887 2167; baseline -0.001 -20"><span class='ocrx_word' id='word_1_275' title='bbox 294 2094 494 2148; x_wconf 81' lang='grc' dir='ltr'>νεσθαί</span> <span class='ocrx_word' id='word_1_276' title='bbox 511 2134 526 2158; x_wconf 92' lang='grc'><strong>,</strong></span> <span class='ocrx_word' id='word_1_277' title='bbox 575 2093 689 2149; x_wconf 82' lang='grc' dir='ltr'>ἀλλ’</span> <span class='ocrx_word' id='word_1_278' title='bbox 717 2094 865 2147; x_wconf 76' lang='grc' dir='ltr'>ἔστιν</span> <span class='ocrx_word' id='word_1_279' title='bbox 899 2095 1034 2148; x_wconf 82' lang='grc' dir='ltr'>ὅπου</span> <span class='ocrx_word' id='word_1_280' title='bbox 1059 2095 1155 2149; x_wconf 82' lang='grc' dir='ltr'>καὶ</span> <span class='ocrx_word' id='word_1_281' title='bbox 1184 2097 1293 2159; x_wconf 81' lang='grc' dir='ltr'>τοῖς</span> <span class='ocrx_word' id='word_1_282' title='bbox 1321 2095 1740 2167; x_wconf 79' lang='grc' dir='ltr'>αὐστηροτέροις</span> <span class='ocrx_word' id='word_1_283' title='bbox 1775 2094 1887 2147; x_wconf 86' lang='grc' dir='ltr'><strong>τῶν</strong></span> 
     </span>
    </p>
   </div>
   <div class='ocr_carea' id='block_1_39' title="bbox 293 2181 1888 2264">
    <p class='ocr_par' dir='ltr' id='par_1_39' title="bbox 293 2181 1888 2264">
     <span class='ocr_line' id='line_1_40' title="bbox 293 2181 1888 2264; baseline -0.001 -24"><span class='ocrx_word' id='word_1_284' title='bbox 293 2186 678 2257; x_wconf 85' lang='grc' dir='ltr'>συμπομὰτων</span> <span class='ocrx_word' id='word_1_285' title='bbox 692 2185 791 2257; x_wconf 79' lang='grc' dir='ltr'><strong>τὴν</strong></span> <span class='ocrx_word' id='word_1_286' title='bbox 810 2185 954 2264; x_wconf 43' lang='lat' dir='ltr'><strong>{tum</strong></span> <span class='ocrx_word' id='word_1_287' title='bbox 968 2185 1333 2258; x_wconf 78' lang='grc' dir='ltr'>ὲπαρτύεσθαι</span> <span class='ocrx_word' id='word_1_288' title='bbox 1344 2227 1361 2254; x_wconf 82' lang='grc'><strong>,</strong></span> <span class='ocrx_word' id='word_1_289' title='bbox 1374 2181 1461 2240; x_wconf 74' lang='grc' dir='ltr'>οἷα</span> <span class='ocrx_word' id='word_1_290' title='bbox 1473 2185 1538 2259; x_wconf 83' lang='grc' dir='ltr'>δὴ</span> <span class='ocrx_word' id='word_1_291' title='bbox 1554 2182 1888 2255; x_wconf 83' lang='grc' dir='ltr'>φιλοτεχνοῦ-</span> 
     </span>
    </p>
   </div>
   <div class='ocr_carea' id='block_1_40' title="bbox 293 2274 1883 2348">
    <p class='ocr_par' dir='ltr' id='par_1_40' title="bbox 293 2274 1883 2348">
     <span class='ocr_line' id='line_1_41' title="bbox 293 2274 1883 2348; baseline -0.001 -18"><span class='ocrx_word' id='word_1_292' title='bbox 293 2292 391 2330; x_wconf 86' lang='grc' dir='ltr'><strong>σιν</strong></span> <span class='ocrx_word' id='word_1_293' title='bbox 413 2278 461 2330; x_wconf 84' lang='grc' dir='ltr'><strong>οῖ</strong></span> <span class='ocrx_word' id='word_1_294' title='bbox 487 2275 595 2329; x_wconf 83' lang='grc' dir='ltr'><strong>τῶν</strong></span> <span class='ocrx_word' id='word_1_295' title='bbox 617 2277 747 2348; x_wconf 78' lang='grc' dir='ltr'>περὶ</span> <span class='ocrx_word' id='word_1_296' title='bbox 778 2275 1025 2345; x_wconf 85' lang='grc' dir='ltr'>γαστέρα</span> <span class='ocrx_word' id='word_1_297' title='bbox 1053 2276 1149 2330; x_wconf 79' lang='grc' dir='ltr'>καὶ</span> <span class='ocrx_word' id='word_1_298' title='bbox 1182 2274 1365 2347; x_wconf 79' lang='grc' dir='ltr'>θοίνην</span> <span class='ocrx_word' id='word_1_299' title='bbox 1394 2275 1598 2346; x_wconf 74' lang='grc' dir='ltr'>ἡδονῶν</span> <span class='ocrx_word' id='word_1_300' title='bbox 1624 2278 1883 2346; x_wconf 85' lang='grc' dir='ltr'>τεχνῖται,</span> 
     </span>
    </p>
   </div>
   <div class='ocr_carea' id='block_1_41' title="bbox 290 2365 1885 2440">
    <p class='ocr_par' dir='ltr' id='par_1_41' title="bbox 290 2365 1885 2440">
     <span class='ocr_line' id='line_1_42' title="bbox 290 2365 1885 2440; baseline -0.001 -20"><span class='ocrx_word' id='word_1_301' title='bbox 290 2370 414 2432; x_wconf 86' lang='grc' dir='ltr'>τοῖς</span> <span class='ocrx_word' id='word_1_302' title='bbox 446 2367 829 2439; x_wconf 79' lang='grc' dir='ltr'>δριμυτέροις,</span> <span class='ocrx_word' id='word_1_303' title='bbox 864 2366 898 2437; x_wconf 84' lang='grc' dir='ltr'>ἦ</span> <span class='ocrx_word' id='word_1_304' title='bbox 939 2366 1202 2437; x_wconf 68' lang='grc' dir='ltr'>άλμιῖισιν,</span> <span class='ocrx_word' id='word_1_305' title='bbox 1240 2366 1745 2440; x_wconf 75' lang='grc' dir='ltr'>ἢπαραστύφουσιν</span> <span class='ocrx_word' id='word_1_306' title='bbox 1786 2365 1885 2431; x_wconf 82' lang='grc' dir='ltr'>τὰς</span> 
     </span>
    </p>
   </div>
   <div class='ocr_carea' id='block_1_42' title="bbox 288 2450 1884 2528">
    <p class='ocr_par' dir='ltr' id='par_1_42' title="bbox 288 2450 1884 2528">
     <span class='ocr_line' id='line_1_43' title="bbox 288 2450 1884 2528; baseline 0.001 -21"><span class='ocrx_word' id='word_1_307' title='bbox 288 2456 510 2526; x_wconf 74' lang='grc' dir='ltr'>ὀρέξεις</span> <span class='ocrx_word' id='word_1_308' title='bbox 530 2456 638 2511; x_wconf 84' lang='grc' dir='ltr'><strong>τῶν</strong></span> <span class='ocrx_word' id='word_1_309' title='bbox 664 2457 1000 2528; x_wconf 80' lang='grc' dir='ltr'>δαιτυμόνων</span> <span class='ocrx_word' id='word_1_310' title='bbox 1031 2456 1530 2528; x_wconf 79' lang='grc' dir='ltr'>άναρῤιπίζοντες)·</span> <span class='ocrx_word' id='word_1_311' title='bbox 1554 2456 1676 2510; x_wconf 79' lang='grc' dir='ltr'>ἐπεὶ</span> <span class='ocrx_word' id='word_1_312' title='bbox 1703 2450 1796 2509; x_wconf 85' lang='grc' dir='ltr'><strong>οῦν</strong></span> <span class='ocrx_word' id='word_1_313' title='bbox 1822 2457 1884 2509; x_wconf 89' lang='grc' dir='ltr'><strong>ού</strong></span> 
     </span>
    </p>
   </div>
   <div class='ocr_carea' id='block_1_43' title="bbox 289 2544 1886 2618">
    <p class='ocr_par' dir='ltr' id='par_1_43' title="bbox 289 2544 1886 2618">
     <span class='ocr_line' id='line_1_44' title="bbox 289 2544 1886 2618; baseline -0.001 -16"><span class='ocrx_word' id='word_1_314' title='bbox 289 2547 391 2602; x_wconf 78' lang='grc' dir='ltr'><strong>διὰ</strong></span> <span class='ocrx_word' id='word_1_315' title='bbox 413 2548 631 2603; x_wconf 87' lang='grc' dir='ltr'>πάντων</span> <span class='ocrx_word' id='word_1_316' title='bbox 649 2547 891 2601; x_wconf 76' lang='grc' dir='ltr'>ἐπὶτῶν</span> <span class='ocrx_word' id='word_1_317' title='bbox 912 2546 1249 2618; x_wconf 84' lang='grc' dir='ltr'>πραγμάτων</span> <span class='ocrx_word' id='word_1_318' title='bbox 1273 2546 1543 2618; x_wconf 80' lang='grc' dir='ltr'>μελιειδὴς</span> <span class='ocrx_word' id='word_1_319' title='bbox 1562 2548 1591 2600; x_wconf 88' lang='lat'><strong>6</strong></span> <span class='ocrx_word' id='word_1_320' title='bbox 1617 2545 1749 2616; x_wconf 86' lang='grc' dir='ltr'>βίος,</span> <span class='ocrx_word' id='word_1_321' title='bbox 1770 2544 1886 2600; x_wconf 84' lang='grc' dir='ltr'>ἀλλ’</span> 
     </span>
    </p>
   </div>
   <div class='ocr_carea' id='block_1_44' title="bbox 293 2633 1883 2711">
    <p class='ocr_par' dir='ltr' id='par_1_44' title="bbox 293 2633 1883 2711">
     <span class='ocr_line' id='line_1_45' title="bbox 293 2633 1883 2711; baseline 0 -18"><span class='ocrx_word' id='word_1_322' title='bbox 293 2643 448 2694; x_wconf 69' lang='grc' dir='ltr'>ἔστιν</span> <span class='ocrx_word' id='word_1_323' title='bbox 474 2641 533 2694; x_wconf 82' lang='grc' dir='ltr'>ὲν</span> <span class='ocrx_word' id='word_1_324' title='bbox 562 2633 645 2703; x_wconf 73' lang='grc' dir='ltr'><strong>οἷς</strong></span> <span class='ocrx_word' id='word_1_325' title='bbox 670 2638 818 2710; x_wconf 81' lang='grc' dir='ltr'>άλμη</span> <span class='ocrx_word' id='word_1_326' title='bbox 847 2641 908 2692; x_wconf 79' lang='grc' dir='ltr'>τὸ</span> <span class='ocrx_word' id='word_1_327' title='bbox 933 2639 1062 2709; x_wconf 79' lang='grc' dir='ltr'>δψον</span> <span class='ocrx_word' id='word_1_328' title='bbox 1105 2639 1333 2711; x_wconf 74' lang='grc' dir='ltr'>ὲστὶν.ἢ</span> <span class='ocrx_word' id='word_1_329' title='bbox 1362 2637 1629 2711; x_wconf 79' lang='grc' dir='ltr'>στύψις,ἤ</span> <span class='ocrx_word' id='word_1_330' title='bbox 1660 2638 1883 2710; x_wconf 83' lang='grc' dir='ltr'>όξώδης,</span> 
     </span>
    </p>
   </div>
   <div class='ocr_carea' id='block_1_45' title="bbox 294 2729 1886 2803">
    <p class='ocr_par' dir='ltr' id='par_1_45' title="bbox 294 2729 1886 2803">
     <span class='ocr_line' id='line_1_46' title="bbox 294 2729 1886 2803; baseline -0.002 -17"><span class='ocrx_word' id='word_1_331' title='bbox 294 2734 332 2803; x_wconf 72' lang='grc' dir='ltr'>ἦ</span> <span class='ocrx_word' id='word_1_332' title='bbox 371 2731 600 2802; x_wconf 82' lang='grc' dir='ltr'>δηκτική</span> <span class='ocrx_word' id='word_1_333' title='bbox 647 2748 732 2795; x_wconf 91' lang='grc' dir='ltr'><strong>τις</strong></span> <span class='ocrx_word' id='word_1_334' title='bbox 778 2730 872 2784; x_wconf 79' lang='grc' dir='ltr'>καὶ</span> <span class='ocrx_word' id='word_1_335' title='bbox 914 2730 1132 2803; x_wconf 84' lang='grc' dir='ltr'>δριμεῖα</span> <span class='ocrx_word' id='word_1_336' title='bbox 1186 2730 1407 2799; x_wconf 86' lang='grc' dir='ltr'>ποιότης</span> <span class='ocrx_word' id='word_1_337' title='bbox 1442 2729 1747 2800; x_wconf 78' lang='grc' dir='ltr'>ἑντριὸεἴσα</span> <span class='ocrx_word' id='word_1_338' title='bbox 1774 2732 1886 2793; x_wconf 88' lang='grc' dir='ltr'>τοῖς</span> 
     </span>
    </p>
   </div>
   <div class='ocr_carea' id='block_1_46' title="bbox 300 2820 1883 2894">
    <p class='ocr_par' dir='ltr' id='par_1_46' title="bbox 300 2820 1883 2894">
     <span class='ocr_line' id='line_1_47' title="bbox 300 2820 1883 2894; baseline -0.001 -18"><span class='ocrx_word' id='word_1_339' title='bbox 300 2822 635 2894; x_wconf 78' lang='grc' dir='ltr'>πράγμασι,</span> <span class='ocrx_word' id='word_1_340' title='bbox 668 2820 972 2892; x_wconf 82' lang='grc' dir='ltr'>δύσληπτον</span> <span class='ocrx_word' id='word_1_341' title='bbox 1005 2824 1152 2875; x_wconf 88' lang='grc' dir='ltr'>ποιεῖ</span> <span class='ocrx_word' id='word_1_342' title='bbox 1174 2821 1271 2892; x_wconf 81' lang='grc' dir='ltr'>τὴν</span> <span class='ocrx_word' id='word_1_343' title='bbox 1301 2822 1597 2893; x_wconf 88' lang='grc' dir='ltr'>καρυκείαν</span> <span class='ocrx_word' id='word_1_344' title='bbox 1624 2821 1718 2875; x_wconf 88' lang='grc' dir='ltr'><strong>τοῦ</strong></span> <span class='ocrx_word' id='word_1_345' title='bbox 1746 2820 1883 2892; x_wconf 85' lang='grc' dir='ltr'>βίου,</span> 
     </span>
    </p>
   </div>
   <div class='ocr_carea' id='block_1_47' title="bbox 297 2912 1889 2986">
    <p class='ocr_par' dir='ltr' id='par_1_47' title="bbox 297 2912 1889 2986">
     <span class='ocr_line' id='line_1_48' title="bbox 297 2912 1889 2986; baseline 0 -19"><span class='ocrx_word' id='word_1_346' title='bbox 297 2915 532 2986; x_wconf 77' lang='grc' dir='ltr'>πλήρεις</span> <span class='ocrx_word' id='word_1_347' title='bbox 554 2913 612 2967; x_wconf 80' lang='grc' dir='ltr'>δὲ</span> <span class='ocrx_word' id='word_1_348' title='bbox 642 2914 692 2967; x_wconf 80' lang='grc' dir='ltr'><strong>οῖ</strong></span> <span class='ocrx_word' id='word_1_349' title='bbox 719 2912 821 2983; x_wconf 85' lang='grc' dir='ltr'><strong>τῆς</strong></span> <span class='ocrx_word' id='word_1_350' title='bbox 850 2913 1064 2984; x_wconf 81' lang='grc' dir='ltr'>ἀπάτης</span> <span class='ocrx_word' id='word_1_351' title='bbox 1094 2914 1365 2984; x_wconf 84' lang='grc' dir='ltr'>κρατῆρες</span> <span class='ocrx_word' id='word_1_352' title='bbox 1393 2912 1730 2967; x_wconf 81' lang='grc' dir='ltr'>παντοδαποῦ</span> <span class='ocrx_word' id='word_1_353' title='bbox 1753 2913 1889 2985; x_wconf 67' lang='grc' dir='ltr'>κράι</span> 
     </span>
    </p>
   </div>
   <div class='ocr_carea' id='block_1_48' title="bbox 298 2999 1888 3078">
    <p class='ocr_par' dir='ltr' id='par_1_48' title="bbox 298 2999 1888 3078">
     <span class='ocr_line' id='line_1_49' title="bbox 298 2999 1888 3078; baseline -0.001 -17"><span class='ocrx_word' id='word_1_354' title='bbox 298 3023 496 3078; x_wconf 80' lang='grc' dir='ltr'>ματος·</span> <span class='ocrx_word' id='word_1_355' title='bbox 518 2999 594 3060; x_wconf 79' lang='grc' dir='ltr'>ὧν</span> <span class='ocrx_word' id='word_1_356' title='bbox 608 3007 658 3059; x_wconf 79' lang='grc' dir='ltr'>οἱ</span> <span class='ocrx_word' id='word_1_357' title='bbox 683 3006 783 3077; x_wconf 80' lang='grc' dir='ltr'>μὲν</span> <span class='ocrx_word' id='word_1_358' title='bbox 797 3004 860 3059; x_wconf 79' lang='grc' dir='ltr'>τὸ</span> <span class='ocrx_word' id='word_1_359' title='bbox 880 3005 1123 3074; x_wconf 80' lang='grc' dir='ltr'>φυσῶδες</span> <span class='ocrx_word' id='word_1_360' title='bbox 1145 3005 1315 3069; x_wconf 84' lang='grc' dir='ltr'>πάθος</span> <span class='ocrx_word' id='word_1_361' title='bbox 1336 3004 1424 3059; x_wconf 83' lang='grc' dir='ltr'><strong>διὰ</strong></span> <span class='ocrx_word' id='word_1_362' title='bbox 1451 3005 1545 3059; x_wconf 90' lang='grc' dir='ltr'><strong>τοῦ</strong></span> <span class='ocrx_word' id='word_1_363' title='bbox 1570 3005 1770 3074; x_wconf 90' lang='grc' dir='ltr'>στύφου</span> <span class='ocrx_word' id='word_1_364' title='bbox 1791 3008 1888 3078; x_wconf 83' lang='grc' dir='ltr'><strong>τῆς</strong></span> 
     </span>
    </p>
   </div>
   <div class='ocr_carea' id='block_1_49' title="bbox 1988 1906 3561 1979">
    <p class='ocr_par' dir='ltr' id='par_1_49' title="bbox 1988 1906 3561 1979">
     <span class='ocr_line' id='line_1_50' title="bbox 1988 1906 3561 1979; baseline 0 -17"><span class='ocrx_word' id='word_1_365' title='bbox 1988 1908 2317 1979; x_wconf 90' lang='lat' dir='ltr'><strong>prchensam</strong></span> <span class='ocrx_word' id='word_1_366' title='bbox 2348 1922 2377 1960; x_wconf 93' lang='lat' dir='ltr'><strong>a</strong></span> <span class='ocrx_word' id='word_1_367' title='bbox 2417 1906 2580 1961; x_wconf 90' lang='lat' dir='ltr'><strong>nobis</strong></span> <span class='ocrx_word' id='word_1_368' title='bbox 2629 1906 3058 1976; x_wconf 88' lang='lat' dir='ltr'><strong>speculationem</strong></span> <span class='ocrx_word' id='word_1_369' title='bbox 3116 1907 3183 1961; x_wconf 92' lang='lat' dir='ltr'><strong>ad</strong></span> <span class='ocrx_word' id='word_1_370' title='bbox 3219 1908 3561 1977; x_wconf 85' lang='lat' dir='ltr'><strong>propositum</strong></span> 
     </span>
    </p>
   </div>
   <div class='ocr_carea' id='block_1_50' title="bbox 1987 1996 3564 2068">
    <p class='ocr_par' dir='ltr' id='par_1_50' title="bbox 1987 1996 3564 2068">
     <span class='ocr_line' id='line_1_51' title="bbox 1987 1996 3564 2068; baseline -0.001 -13"><span class='ocrx_word' id='word_1_371' title='bbox 1987 2013 2210 2055; x_wconf 89' lang='lat' dir='ltr'><strong>sensum</strong></span> <span class='ocrx_word' id='word_1_372' title='bbox 2245 1997 2679 2053; x_wconf 86' lang='lat' dir='ltr'><strong>accommodare.</strong></span> <span class='ocrx_word' id='word_1_373' title='bbox 2701 1996 2845 2064; x_wconf 86' lang='lat' dir='ltr'><strong>Quid</strong></span> <span class='ocrx_word' id='word_1_374' title='bbox 2875 1999 3019 2053; x_wconf 92' lang='lat' dir='ltr'><strong>enim</strong></span> <span class='ocrx_word' id='word_1_375' title='bbox 3054 1998 3564 2068; x_wconf 74' lang='lat' dir='ltr'><strong>eratpropositum?</strong></span> 
     </span>
    </p>
   </div>
   <div class='ocr_carea' id='block_1_51' title="bbox 1984 2090 3561 2163">
    <p class='ocr_par' dir='ltr' id='par_1_51' title="bbox 1984 2090 3561 2163">
     <span class='ocr_line' id='line_1_52' title="bbox 1984 2090 3561 2163; baseline -0.001 -16"><span class='ocrx_word' id='word_1_376' title='bbox 1984 2092 2158 2161; x_wconf 85' lang='lat' dir='ltr'><strong>Cujus</strong></span> <span class='ocrx_word' id='word_1_377' title='bbox 2193 2090 2270 2147; x_wconf 90' lang='lat' dir='ltr'><strong>rei</strong></span> <span class='ocrx_word' id='word_1_378' title='bbox 2294 2091 2490 2163; x_wconf 88' lang='lat' dir='ltr'><strong>gratia,</strong></span> <span class='ocrx_word' id='word_1_379' title='bbox 2521 2106 2647 2146; x_wconf 91' lang='lat' dir='ltr'><strong>cum</strong></span> <span class='ocrx_word' id='word_1_380' title='bbox 2679 2090 2975 2162; x_wconf 91' lang='lat' dir='ltr'><strong>plurimum</strong></span> <span class='ocrx_word' id='word_1_381' title='bbox 3013 2091 3182 2145; x_wconf 89' lang='lat' dir='ltr'><strong>studii</strong></span> <span class='ocrx_word' id='word_1_382' title='bbox 3216 2098 3472 2161; x_wconf 87' lang='lat' dir='ltr'><strong>parentes</strong></span> <span class='ocrx_word' id='word_1_383' title='bbox 3505 2091 3561 2146; x_wconf 92' lang='lat' dir='ltr'><strong>in</strong></span> 
     </span>
    </p>
   </div>
   <div class='ocr_carea' id='block_1_52' title="bbox 1986 2182 3565 2254">
    <p class='ocr_par' dir='ltr' id='par_1_52' title="bbox 1986 2182 3565 2254">
     <span class='ocr_line' id='line_1_53' title="bbox 1986 2182 3565 2254; baseline 0.001 -17"><span class='ocrx_word' id='word_1_384' title='bbox 1986 2183 2091 2237; x_wconf 85' lang='lat' dir='ltr'><strong>hoc</strong></span> <span class='ocrx_word' id='word_1_385' title='bbox 2115 2191 2338 2254; x_wconf 91' lang='lat' dir='ltr'><strong>ponant,</strong></span> <span class='ocrx_word' id='word_1_386' title='bbox 2374 2191 2434 2237; x_wconf 92' lang='lat' dir='ltr'><strong>ut</strong></span> <span class='ocrx_word' id='word_1_387' title='bbox 2462 2198 2688 2239; x_wconf 89' lang='lat' dir='ltr'><strong>suarum</strong></span> <span class='ocrx_word' id='word_1_388' title='bbox 2736 2182 2842 2238; x_wconf 86' lang='lat' dir='ltr'><strong>sibi</strong></span> <span class='ocrx_word' id='word_1_389' title='bbox 2891 2183 3216 2238; x_wconf 82' lang='lat' dir='ltr'><strong>facultatum</strong></span> <span class='ocrx_word' id='word_1_390' title='bbox 3272 2198 3565 2239; x_wconf 79' lang='lat' dir='ltr'><strong>successor</strong></span> 
     </span>
    </p>
   </div>
   <div class='ocr_carea' id='block_1_53' title="bbox 1986 2274 3565 2345">
    <p class='ocr_par' dir='ltr' id='par_1_53' title="bbox 1986 2274 3565 2345">
     <span class='ocr_line' id='line_1_54' title="bbox 1986 2274 3565 2345; baseline -0.001 -13"><span class='ocrx_word' id='word_1_391' title='bbox 1986 2284 2316 2340; x_wconf 88' lang='lat' dir='ltr'><strong>reservetur,</strong></span> <span class='ocrx_word' id='word_1_392' title='bbox 2350 2274 2492 2331; x_wconf 88' lang='lat' dir='ltr'><strong>Deus</strong></span> <span class='ocrx_word' id='word_1_393' title='bbox 2527 2289 2672 2345; x_wconf 67' lang='lat' dir='ltr'><strong>saepe</strong></span> <span class='ocrx_word' id='word_1_394' title='bbox 2706 2284 2831 2330; x_wconf 89' lang='lat' dir='ltr'><strong>ante</strong></span> <span class='ocrx_word' id='word_1_395' title='bbox 2864 2283 3077 2345; x_wconf 89' lang='lat' dir='ltr'><strong>tempus</strong></span> <span class='ocrx_word' id='word_1_396' title='bbox 3116 2290 3181 2330; x_wconf 89' lang='lat' dir='ltr'><strong>ac</strong></span> <span class='ocrx_word' id='word_1_397' title='bbox 3238 2284 3565 2344; x_wconf 66' lang='lat' dir='ltr'><strong>praemature</strong></span> 
     </span>
    </p>
   </div>
   <div class='ocr_carea' id='block_1_54' title="bbox 1985 2363 3566 2437">
    <p class='ocr_par' dir='ltr' id='par_1_54' title="bbox 1985 2363 3566 2437">
     <span class='ocr_line' id='line_1_55' title="bbox 1985 2363 3566 2437; baseline -0.003 -14"><span class='ocrx_word' id='word_1_398' title='bbox 1985 2366 2043 2423; x_wconf 90' lang='lat' dir='ltr'><strong>in</strong></span> <span class='ocrx_word' id='word_1_399' title='bbox 2069 2366 2386 2437; x_wconf 85' lang='lat' dir='ltr'><strong>imperfecta</strong></span> <span class='ocrx_word' id='word_1_400' title='bbox 2403 2373 2562 2421; x_wconf 68' lang='lat' dir='ltr'><strong>aetate</strong></span> <span class='ocrx_word' id='word_1_401' title='bbox 2590 2364 2767 2435; x_wconf 89' lang='lat' dir='ltr'><strong>abripi</strong></span> <span class='ocrx_word' id='word_1_402' title='bbox 2798 2365 2933 2420; x_wconf 88' lang='lat' dir='ltr'><strong>sinit</strong></span> <span class='ocrx_word' id='word_1_403' title='bbox 2963 2365 3014 2419; x_wconf 92' lang='lat' dir='ltr'><strong>id</strong></span> <span class='ocrx_word' id='word_1_404' title='bbox 3049 2363 3195 2434; x_wconf 89' lang='lat' dir='ltr'><strong>quod</strong></span> <span class='ocrx_word' id='word_1_405' title='bbox 3224 2374 3410 2419; x_wconf 90' lang='lat' dir='ltr'><strong>natum</strong></span> <span class='ocrx_word' id='word_1_406' title='bbox 3432 2366 3566 2420; x_wconf 85' lang='lat' dir='ltr'><strong>est?</strong></span> 
     </span>
    </p>
   </div>
   <div class='ocr_carea' id='block_1_55' title="bbox 1985 2454 3562 2529">
    <p class='ocr_par' dir='ltr' id='par_1_55' title="bbox 1985 2454 3562 2529">
     <span class='ocr_line' id='line_1_56' title="bbox 1985 2454 3562 2529; baseline -0.003 -16"><span class='ocrx_word' id='word_1_407' title='bbox 1985 2456 2085 2514; x_wconf 84' lang='lat' dir='ltr'><strong>His</strong></span> <span class='ocrx_word' id='word_1_408' title='bbox 2114 2456 2205 2529; x_wconf 91' lang='lat' dir='ltr'><strong>qui</strong></span> <span class='ocrx_word' id='word_1_409' title='bbox 2243 2457 2318 2511; x_wconf 90' lang='lat' dir='ltr'><strong>ita</strong></span> <span class='ocrx_word' id='word_1_410' title='bbox 2372 2460 2733 2527; x_wconf 86' lang='lat' dir='ltr'><strong>interrogant,</strong></span> <span class='ocrx_word' id='word_1_411' title='bbox 2781 2454 3084 2511; x_wconf 78' lang='lat' dir='ltr'><strong>referemus</strong></span> <span class='ocrx_word' id='word_1_412' title='bbox 3117 2455 3454 2510; x_wconf 89' lang='lat' dir='ltr'><strong>convivalem</strong></span> <span class='ocrx_word' id='word_1_413' title='bbox 3494 2455 3562 2509; x_wconf 89' lang='lat' dir='ltr'><strong>il-</strong></span> 
     </span>
    </p>
   </div>
   <div class='ocr_carea' id='block_1_56' title="bbox 1985 2548 3562 2619">
    <p class='ocr_par' dir='ltr' id='par_1_56' title="bbox 1985 2548 3562 2619">
     <span class='ocr_line' id='line_1_57' title="bbox 1985 2548 3562 2619; baseline -0.001 -14"><span class='ocrx_word' id='word_1_414' title='bbox 1985 2551 2093 2605; x_wconf 89' lang='lat' dir='ltr'><strong>lam</strong></span> <span class='ocrx_word' id='word_1_415' title='bbox 2130 2548 2563 2613; x_wconf 88' lang='lat' dir='ltr'><strong>similitudinem,</strong></span> <span class='ocrx_word' id='word_1_416' title='bbox 2590 2549 2735 2619; x_wconf 92' lang='lat' dir='ltr'><strong>quod</strong></span> <span class='ocrx_word' id='word_1_417' title='bbox 2765 2564 2890 2603; x_wconf 91' lang='lat' dir='ltr'><strong>cum</strong></span> <span class='ocrx_word' id='word_1_418' title='bbox 2944 2549 3175 2603; x_wconf 88' lang='lat' dir='ltr'><strong>multum</strong></span> <span class='ocrx_word' id='word_1_419' title='bbox 3227 2564 3291 2602; x_wconf 90' lang='lat' dir='ltr'><strong>ac</strong></span> <span class='ocrx_word' id='word_1_420' title='bbox 3347 2548 3562 2604; x_wconf 86' lang='lat' dir='ltr'><strong>varium</strong></span> 
     </span>
    </p>
   </div>
   <div class='ocr_carea' id='block_1_57' title="bbox 1985 2640 3564 2711">
    <p class='ocr_par' dir='ltr' id='par_1_57' title="bbox 1985 2640 3564 2711">
     <span class='ocr_line' id='line_1_58' title="bbox 1985 2640 3564 2711; baseline -0.002 -13"><span class='ocrx_word' id='word_1_421' title='bbox 1985 2641 2388 2698; x_wconf 88' lang='lat' dir='ltr'><strong>esculentorum</strong></span> <span class='ocrx_word' id='word_1_422' title='bbox 2423 2649 2741 2711; x_wconf 90' lang='lat' dir='ltr'><strong>apparatum</strong></span> <span class='ocrx_word' id='word_1_423' title='bbox 2783 2641 2907 2696; x_wconf 70' lang='lat' dir='ltr'><strong>vita:</strong></span> <span class='ocrx_word' id='word_1_424' title='bbox 2965 2656 3154 2696; x_wconf 88' lang='lat' dir='ltr'><strong>mensa</strong></span> <span class='ocrx_word' id='word_1_425' title='bbox 3204 2640 3402 2696; x_wconf 85' lang='lat' dir='ltr'><strong>habeat</strong></span> <span class='ocrx_word' id='word_1_426' title='bbox 3439 2641 3564 2711; x_wconf 84' lang='lat' dir='ltr'><strong>(in-</strong></span> 
     </span>
    </p>
   </div>
   <div class='ocr_carea' id='block_1_58' title="bbox 1986 2731 3565 2804">
    <p class='ocr_par' dir='ltr' id='par_1_58' title="bbox 1986 2731 3565 2804">
     <span class='ocr_line' id='line_1_59' title="bbox 1986 2731 3565 2804; baseline -0.001 -15"><span class='ocrx_word' id='word_1_427' title='bbox 1986 2732 2357 2804; x_wconf 84' lang='lat' dir='ltr'><strong>telligeautem</strong></span> <span class='ocrx_word' id='word_1_428' title='bbox 2390 2732 2522 2786; x_wconf 90' lang='lat' dir='ltr'><strong>mihi</strong></span> <span class='ocrx_word' id='word_1_429' title='bbox 2558 2731 2860 2787; x_wconf 84' lang='lat' dir='ltr'><strong>secundum</strong></span> <span class='ocrx_word' id='word_1_430' title='bbox 2888 2733 3137 2803; x_wconf 87' lang='lat' dir='ltr'><strong>peritiam</strong></span> <span class='ocrx_word' id='word_1_431' title='bbox 3171 2733 3246 2788; x_wconf 84' lang='lat' dir='ltr'><strong>rei</strong></span> <span class='ocrx_word' id='word_1_432' title='bbox 3275 2733 3565 2788; x_wconf 64' lang='lat' dir='ltr'><strong>culinaria</strong></span> 
     </span>
    </p>
   </div>
   <div class='ocr_carea' id='block_1_59' title="bbox 1986 2822 3563 2894">
    <p class='ocr_par' dir='ltr' id='par_1_59' title="bbox 1986 2822 3563 2894">
     <span class='ocr_line' id='line_1_60' title="bbox 1986 2822 3563 2894; baseline -0.002 -15"><span class='ocrx_word' id='word_1_433' title='bbox 1986 2826 2230 2894; x_wconf 89' lang='lat' dir='ltr'><strong>artisque</strong></span> <span class='ocrx_word' id='word_1_434' title='bbox 2271 2822 2700 2879; x_wconf 67' lang='lat' dir='ltr'><strong>condiendorum</strong></span> <span class='ocrx_word' id='word_1_435' title='bbox 2734 2823 3005 2888; x_wconf 87' lang='lat' dir='ltr'><strong>ciborum,</strong></span> <span class='ocrx_word' id='word_1_436' title='bbox 3059 2839 3169 2878; x_wconf 92' lang='lat' dir='ltr'><strong>non</strong></span> <span class='ocrx_word' id='word_1_437' title='bbox 3218 2839 3411 2879; x_wconf 89' lang='lat' dir='ltr'><strong>omnes</strong></span> <span class='ocrx_word' id='word_1_438' title='bbox 3440 2824 3563 2877; x_wconf 65' lang='lat' dir='ltr'><strong>vitm</strong></span> 
     </span>
    </p>
   </div>
   <div class='ocr_carea' id='block_1_60' title="bbox 1986 2913 3563 2987">
    <p class='ocr_par' dir='ltr' id='par_1_60' title="bbox 1986 2913 3563 2987">
     <span class='ocr_line' id='line_1_61' title="bbox 1986 2913 3563 2987; baseline -0.002 -16"><span class='ocrx_word' id='word_1_439' title='bbox 1986 2923 2173 2987; x_wconf 88' lang='lat' dir='ltr'><strong>partes</strong></span> <span class='ocrx_word' id='word_1_440' title='bbox 2237 2913 2535 2984; x_wconf 89' lang='lat' dir='ltr'><strong>voluptatis</strong></span> <span class='ocrx_word' id='word_1_441' title='bbox 2595 2915 2754 2970; x_wconf 87' lang='lat' dir='ltr'><strong>melle</strong></span> <span class='ocrx_word' id='word_1_442' title='bbox 2794 2915 3144 2980; x_wconf 85' lang='lat' dir='ltr'><strong>dulcescere,</strong></span> <span class='ocrx_word' id='word_1_443' title='bbox 3205 2914 3299 2971; x_wconf 82' lang='lat' dir='ltr'><strong>sed</strong></span> <span class='ocrx_word' id='word_1_444' title='bbox 3362 2913 3563 2969; x_wconf 88' lang='lat' dir='ltr'><strong>alicubi</strong></span> 
     </span>
    </p>
   </div>
   <div class='ocr_carea' id='block_1_61' title="bbox 1986 3006 3564 3077">
    <p class='ocr_par' dir='ltr' id='par_1_61' title="bbox 1986 3006 3564 3077">
     <span class='ocr_line' id='line_1_62' title="bbox 1986 3006 3564 3077; baseline -0.001 -14"><span class='ocrx_word' id='word_1_445' title='bbox 1986 3007 2150 3063; x_wconf 85' lang='lat' dir='ltr'><strong>etiam</strong></span> <span class='ocrx_word' id='word_1_446' title='bbox 2185 3007 2569 3063; x_wconf 89' lang='lat' dir='ltr'><strong>acerbioribus</strong></span> <span class='ocrx_word' id='word_1_447' title='bbox 2601 3006 2825 3062; x_wconf 85' lang='lat' dir='ltr'><strong>casibus</strong></span> <span class='ocrx_word' id='word_1_448' title='bbox 2874 3006 3044 3061; x_wconf 90' lang='lat' dir='ltr'><strong>vitam</strong></span> <span class='ocrx_word' id='word_1_449' title='bbox 3090 3007 3326 3069; x_wconf 87' lang='lat' dir='ltr'><strong>condiri,</strong></span> <span class='ocrx_word' id='word_1_450' title='bbox 3379 3006 3564 3077; x_wconf 78' lang='lat' dir='ltr'><strong>qualia</strong></span> 
     </span>
    </p>
   </div>
   <div class='ocr_carea' id='block_1_62' title="bbox 297 3096 1884 3196">
    <p class='ocr_par' dir='ltr' id='par_1_62' title="bbox 297 3096 1884 3169">
     <span class='ocr_line' id='line_1_63' title="bbox 297 3096 1884 3169; baseline -0.001 -15"><span class='ocrx_word' id='word_1_451' title='bbox 297 3099 526 3168; x_wconf 79' lang='grc' dir='ltr'>ἀπάτης</span> <span class='ocrx_word' id='word_1_452' title='bbox 544 3096 887 3169; x_wconf 75' lang='grc' dir='ltr'>ἐμποιοῦσιν,</span> <span class='ocrx_word' id='word_1_453' title='bbox 913 3098 963 3151; x_wconf 85' lang='grc' dir='ltr'>οἱ</span> <span class='ocrx_word' id='word_1_454' title='bbox 983 3097 1041 3151; x_wconf 80' lang='grc' dir='ltr'>δὲ</span> <span class='ocrx_word' id='word_1_455' title='bbox 1063 3098 1143 3161; x_wconf 88' lang='grc' dir='ltr'><strong>είς</strong></span> <span class='ocrx_word' id='word_1_456' title='bbox 1162 3097 1483 3169; x_wconf 83' lang='grc' dir='ltr'>παραφορὰν</span> <span class='ocrx_word' id='word_1_457' title='bbox 1503 3097 1629 3161; x_wconf 81' lang='grc' dir='ltr'>τοὺς</span> <span class='ocrx_word' id='word_1_458' title='bbox 1663 3097 1884 3168; x_wconf 75' lang='grc' dir='ltr'>ἐμπιόν-</span> 
     </span>
    </p>
   </div>
   <div class='ocr_carea' id='block_1_63' title="bbox 1985 3096 3563 3196">
    <p class='ocr_par' dir='ltr' id='par_1_63' title="bbox 1989 3097 3563 3169">
     <span class='ocr_line' id='line_1_64' title="bbox 1989 3097 3563 3169; baseline -0.003 -13"><span class='ocrx_word' id='word_1_459' title='bbox 1989 3101 2248 3156; x_wconf 86' lang='lat' dir='ltr'><strong>nimirum</strong></span> <span class='ocrx_word' id='word_1_460' title='bbox 2274 3099 2516 3156; x_wconf 73' lang='lat' dir='ltr'><strong>artifices</strong></span> <span class='ocrx_word' id='word_1_461' title='bbox 2548 3100 2889 3169; x_wconf 88' lang='lat' dir='ltr'><strong>voluptatum</strong></span> <span class='ocrx_word' id='word_1_462' title='bbox 2919 3097 2986 3152; x_wconf 86' lang='lat' dir='ltr'><strong>ad</strong></span> <span class='ocrx_word' id='word_1_463' title='bbox 3015 3099 3207 3169; x_wconf 85' lang='lat' dir='ltr'><strong>epulas</strong></span> <span class='ocrx_word' id='word_1_464' title='bbox 3230 3105 3285 3153; x_wconf 89' lang='lat' dir='ltr'><strong>et</strong></span> <span class='ocrx_word' id='word_1_465' title='bbox 3314 3105 3563 3153; x_wconf 87' lang='lat' dir='ltr'><strong>ventrem</strong></span> 
     </span>
    </p>
   </div>
   <div class='ocr_carea' id='block_1_64' title="bbox 294 3188 1884 3265">
    <p class='ocr_par' dir='ltr' id='par_1_64' title="bbox 294 3188 1884 3260">
     <span class='ocr_line' id='line_1_65' title="bbox 294 3188 1884 3260; baseline 0 -15"><span class='ocrx_word' id='word_1_466' title='bbox 294 3209 403 3255; x_wconf 71' lang='grc' dir='ltr'>τις</span> <span class='ocrx_word' id='word_1_467' title='bbox 434 3189 840 3255; x_wconf 78' lang='grc' dir='ltr'>ἐξεκαλέσαντο,</span> <span class='ocrx_word' id='word_1_468' title='bbox 865 3189 1042 3253; x_wconf 76' lang='grc' dir='ltr'>ἄλλοις</span> <span class='ocrx_word' id='word_1_469' title='bbox 1069 3189 1127 3243; x_wconf 82' lang='grc' dir='ltr'>δὲ</span> <span class='ocrx_word' id='word_1_470' title='bbox 1158 3189 1267 3243; x_wconf 82' lang='grc' dir='ltr'><strong>τῶν</strong></span> <span class='ocrx_word' id='word_1_471' title='bbox 1305 3188 1555 3260; x_wconf 82' lang='grc' dir='ltr'>πονηρῶς</span> <span class='ocrx_word' id='word_1_472' title='bbox 1579 3189 1884 3260; x_wconf 79' lang='grc' dir='ltr'>κτηθέντων</span> 
     </span>
    </p>
   </div>
   <div class='ocr_carea' id='block_1_65' title="bbox 1985 3188 3565 3265">
    <p class='ocr_par' dir='ltr' id='par_1_65' title="bbox 1990 3189 3565 3265">
     <span class='ocr_line' id='line_1_66' title="bbox 1990 3189 3565 3265; baseline -0.002 -16"><span class='ocrx_word' id='word_1_473' title='bbox 1990 3193 2380 3265; x_wconf 88' lang='lat' dir='ltr'><strong>pertinentium</strong></span> <span class='ocrx_word' id='word_1_474' title='bbox 2408 3191 2726 3262; x_wconf 81' lang='lat' dir='ltr'><strong>excogitant</strong></span> <span class='ocrx_word' id='word_1_475' title='bbox 2752 3198 2807 3245; x_wconf 90' lang='lat' dir='ltr'><strong>et</strong></span> <span class='ocrx_word' id='word_1_476' title='bbox 2838 3197 3101 3253; x_wconf 90' lang='lat' dir='ltr'><strong>tractant,</strong></span> <span class='ocrx_word' id='word_1_477' title='bbox 3126 3190 3208 3244; x_wconf 84' lang='lat' dir='ltr'><strong>vel</strong></span> <span class='ocrx_word' id='word_1_478' title='bbox 3231 3189 3565 3255; x_wconf 79' lang='lat' dir='ltr'><strong>acrioribus.</strong></span> 
     </span>
    </p>
   </div>
   <div class='ocr_carea' id='block_1_66' title="bbox 296 3281 1882 3355">
    <p class='ocr_par' dir='ltr' id='par_1_66' title="bbox 296 3281 1882 3355">
     <span class='ocr_line' id='line_1_67' title="bbox 296 3281 1882 3355; baseline 0.001 -18"><span class='ocrx_word' id='word_1_479' title='bbox 296 3284 399 3339; x_wconf 79' lang='grc' dir='ltr'><strong>τὸν</strong></span> <span class='ocrx_word' id='word_1_480' title='bbox 437 3283 631 3355; x_wconf 73' lang='grc' dir='ltr'>ἔμετον</span> <span class='ocrx_word' id='word_1_481' title='bbox 652 3281 744 3336; x_wconf 83' lang='grc' dir='ltr'><strong>διὰ</strong></span> <span class='ocrx_word' id='word_1_482' title='bbox 772 3282 873 3353; x_wconf 87' lang='grc' dir='ltr'><strong>τῆς</strong></span> <span class='ocrx_word' id='word_1_483' title='bbox 914 3282 1148 3354; x_wconf 73' lang='grc' dir='ltr'>αἰσχρᾶς</span> <span class='ocrx_word' id='word_1_484' title='bbox 1190 3281 1493 3346; x_wconf 85' lang='grc' dir='ltr'>ἀποτίσεως</span> <span class='ocrx_word' id='word_1_485' title='bbox 1539 3281 1882 3353; x_wconf 88' lang='grc' dir='ltr'>ἀνεκίνησαν.</span> 
     </span>
    </p>
   </div>
   <div class='ocr_carea' id='block_1_67' title="bbox 313 3369 1885 3446">
    <p class='ocr_par' dir='ltr' id='par_1_67' title="bbox 313 3369 1885 3446">
     <span class='ocr_line' id='line_1_68' title="bbox 313 3369 1885 3446; baseline -0.008 -16"><span class='ocrx_word' id='word_1_486' title='bbox 313 3377 406 3439; x_wconf 81' lang='grc' dir='ltr'>Ὠς</span> <span class='ocrx_word' id='word_1_487' title='bbox 442 3374 510 3429; x_wconf 81' lang='grc' dir='ltr'>ἂν</span> <span class='ocrx_word' id='word_1_488' title='bbox 553 3369 647 3428; x_wconf 80' lang='grc' dir='ltr'><strong>οῦν</strong></span> <span class='ocrx_word' id='word_1_489' title='bbox 690 3373 766 3445; x_wconf 81' lang='grc' dir='ltr'>μὴ</span> <span class='ocrx_word' id='word_1_490' title='bbox 810 3372 1142 3445; x_wconf 78' lang='grc' dir='ltr'>ὲπιχρονίζοι</span> <span class='ocrx_word' id='word_1_491' title='bbox 1179 3374 1245 3445; x_wconf 81' lang='grc' dir='ltr'><strong>τῇ</strong></span> <span class='ocrx_word' id='word_1_492' title='bbox 1284 3371 1505 3444; x_wconf 80' lang='grc' dir='ltr'>τοιαύτῃ</span> <span class='ocrx_word' id='word_1_493' title='bbox 1541 3372 1643 3444; x_wconf 88' lang='grc' dir='ltr'><strong>τῆς</strong></span> <span class='ocrx_word' id='word_1_494' title='bbox 1678 3374 1885 3446; x_wconf 70' lang='grc' dir='ltr'>τραπέ..</span> 
     </span>
    </p>
   </div>
   <div class='ocr_carea' id='block_1_68' title="bbox 301 3462 1882 3539">
    <p class='ocr_par' dir='ltr' id='par_1_68' title="bbox 301 3462 1882 3539">
     <span class='ocr_line' id='line_1_69' title="bbox 301 3462 1882 3539; baseline -0.01 -15"><span class='ocrx_word' id='word_1_495' title='bbox 301 3471 407 3539; x_wconf 72' lang='grc' dir='ltr'>ζης</span> <span class='ocrx_word' id='word_1_496' title='bbox 438 3469 760 3538; x_wconf 77' lang='grc' dir='ltr'>παρασκευῇ</span> <span class='ocrx_word' id='word_1_497' title='bbox 792 3468 822 3520; x_wconf 87' lang='grc' dir='ltr'><strong>ό</strong></span> <span class='ocrx_word' id='word_1_498' title='bbox 862 3465 937 3536; x_wconf 80' lang='grc' dir='ltr'>μὴ</span> <span class='ocrx_word' id='word_1_499' title='bbox 982 3464 1212 3527; x_wconf 90' lang='grc' dir='ltr'>δεόντως</span> <span class='ocrx_word' id='word_1_500' title='bbox 1261 3462 1341 3534; x_wconf 81' lang='grc' dir='ltr'><strong>τῷ</strong></span> <span class='ocrx_word' id='word_1_501' title='bbox 1364 3464 1647 3535; x_wconf 84' lang='grc' dir='ltr'>συμποσίῳ</span> <span class='ocrx_word' id='word_1_502' title='bbox 1679 3465 1882 3536; x_wconf 85' lang='grc' dir='ltr'>χρησά.</span> 
     </span>
    </p>
   </div>
   <div class='ocr_carea' id='block_1_69' title="bbox 296 3554 1883 3628">
    <p class='ocr_par' dir='ltr' id='par_1_69' title="bbox 296 3554 1883 3628">
     <span class='ocr_line' id='line_1_70' title="bbox 296 3554 1883 3628; baseline -0.003 -16"><span class='ocrx_word' id='word_1_503' title='bbox 296 3575 487 3628; x_wconf 78' lang='grc' dir='ltr'>μενος.</span> <span class='ocrx_word' id='word_1_504' title='bbox 520 3557 714 3612; x_wconf 78' lang='grc' dir='ltr'>θᾶττον</span> <span class='ocrx_word' id='word_1_505' title='bbox 757 3557 1010 3625; x_wconf 71' lang='grc' dir='ltr'>ἐξάγεται</span> <span class='ocrx_word' id='word_1_506' title='bbox 1030 3555 1126 3608; x_wconf 88' lang='grc' dir='ltr'><strong>τοῦ</strong></span> <span class='ocrx_word' id='word_1_507' title='bbox 1154 3555 1263 3608; x_wconf 84' lang='grc' dir='ltr'><strong>τῶν</strong></span> <span class='ocrx_word' id='word_1_508' title='bbox 1291 3554 1628 3625; x_wconf 87' lang='grc' dir='ltr'>δαιτυμόνων</span> <span class='ocrx_word' id='word_1_509' title='bbox 1662 3555 1883 3627; x_wconf 82' lang='grc' dir='ltr'>πληρώ-</span> 
     </span>
    </p>
   </div>
   <div class='ocr_carea' id='block_1_70' title="bbox 298 3640 1882 3719">
    <p class='ocr_par' dir='ltr' id='par_1_70' title="bbox 298 3640 1882 3719">
     <span class='ocr_line' id='line_1_71' title="bbox 298 3640 1882 3719; baseline 0.011 -34"><span class='ocrx_word' id='word_1_510' title='bbox 298 3664 498 3718; x_wconf 72' lang='grc' dir='ltr'>ματος,</span> <span class='ocrx_word' id='word_1_511' title='bbox 527 3647 822 3717; x_wconf 80' lang='grc' dir='ltr'>κερδαίνων</span> <span class='ocrx_word' id='word_1_512' title='bbox 853 3646 916 3701; x_wconf 84' lang='grc' dir='ltr'><strong>τδ</strong></span> <span class='ocrx_word' id='word_1_513' title='bbox 960 3647 1036 3718; x_wconf 82' lang='grc' dir='ltr'>μὴ</span> <span class='ocrx_word' id='word_1_514' title='bbox 1075 3647 1134 3700; x_wconf 75' lang='grc' dir='ltr'><strong>έν</strong></span> <span class='ocrx_word' id='word_1_515' title='bbox 1161 3646 1388 3711; x_wconf 75' lang='grc' dir='ltr'>ἐκείνοις</span> <span class='ocrx_word' id='word_1_516' title='bbox 1428 3646 1701 3715; x_wconf 82' lang='grc' dir='ltr'>γενέσθαι,</span> <span class='ocrx_word' id='word_1_517' title='bbox 1745 3640 1882 3719; x_wconf 65' lang='grc' dir='ltr'>ὧνεή</span> 
     </span>
    </p>
   </div>
   <div class='ocr_carea' id='block_1_71' title="bbox 292 3736 1885 3809">
    <p class='ocr_par' dir='ltr' id='par_1_71' title="bbox 292 3736 1885 3809">
     <span class='ocr_line' id='line_1_72' title="bbox 292 3736 1885 3809; baseline -0.001 -17"><span class='ocrx_word' id='word_1_518' title='bbox 292 3738 540 3809; x_wconf 80' lang='grc' dir='ltr'>ἀμετρία</span> <span class='ocrx_word' id='word_1_519' title='bbox 567 3737 668 3808; x_wconf 87' lang='grc' dir='ltr'><strong>τῆς</strong></span> <span class='ocrx_word' id='word_1_520' title='bbox 708 3737 1061 3801; x_wconf 79' lang='grc' dir='ltr'>ἀπολαύσεως</span> <span class='ocrx_word' id='word_1_521' title='bbox 1088 3739 1203 3800; x_wconf 86' lang='grc' dir='ltr'>τοῖς</span> <span class='ocrx_word' id='word_1_522' title='bbox 1231 3736 1595 3809; x_wconf 88' lang='grc' dir='ltr'>λαιμαργοῦσι</span> <span class='ocrx_word' id='word_1_523' title='bbox 1629 3737 1885 3809; x_wconf 84' lang='grc' dir='ltr'>πρόξενος</span> 
     </span>
    </p>
   </div>
   <div class='ocr_carea' id='block_1_72' title="bbox 296 3826 1884 3903">
    <p class='ocr_par' dir='ltr' id='par_1_72' title="bbox 296 3826 1884 3903">
     <span class='ocr_line' id='line_1_73' title="bbox 296 3826 1884 3903; baseline 0.002 -22"><span class='ocrx_word' id='word_1_524' title='bbox 296 3829 538 3897; x_wconf 75' lang='grc' dir='ltr'>γίνεται.</span> <span class='ocrx_word' id='word_1_525' title='bbox 588 3829 757 3884; x_wconf 83' lang='grc' dir='ltr'>Τοῦτό</span> <span class='ocrx_word' id='word_1_526' title='bbox 810 3832 960 3885; x_wconf 77' lang='grc' dir='ltr'>ἐστιν</span> <span class='ocrx_word' id='word_1_527' title='bbox 984 3831 1013 3884; x_wconf 84' lang='grc' dir='ltr'><strong>ὅ</strong></span> <span class='ocrx_word' id='word_1_528' title='bbox 1044 3848 1187 3901; x_wconf 87' lang='grc' dir='ltr'>φημι</span> <span class='ocrx_word' id='word_1_529' title='bbox 1208 3831 1421 3895; x_wconf 86' lang='grc' dir='ltr'>τελείας</span> <span class='ocrx_word' id='word_1_530' title='bbox 1452 3826 1592 3886; x_wconf 83' lang='grc' dir='ltr'>εἶναι</span> <span class='ocrx_word' id='word_1_531' title='bbox 1628 3832 1884 3903; x_wconf 84' lang='grc' dir='ltr'>προνοίας</span> 
     </span>
    </p>
   </div>
   <div class='ocr_carea' id='block_1_73' title="bbox 298 3921 1884 3995">
    <p class='ocr_par' dir='ltr' id='par_1_73' title="bbox 298 3921 1884 3995">
     <span class='ocr_line' id='line_1_74' title="bbox 298 3921 1884 3995; baseline -0.001 -17"><span class='ocrx_word' id='word_1_532' title='bbox 298 3921 662 3992; x_wconf 72' lang='grc' dir='ltr'>κατόρθωμα,</span> <span class='ocrx_word' id='word_1_533' title='bbox 709 3923 768 3975; x_wconf 82' lang='grc' dir='ltr'><strong>τὺ</strong></span> <span class='ocrx_word' id='word_1_534' title='bbox 801 3922 876 3994; x_wconf 84' lang='grc' dir='ltr'>μὴ</span> <span class='ocrx_word' id='word_1_535' title='bbox 909 3923 1069 3992; x_wconf 86' lang='grc' dir='ltr'>μόνον</span> <span class='ocrx_word' id='word_1_536' title='bbox 1128 3923 1400 3977; x_wconf 86' lang='grc' dir='ltr'>συστάντα</span> <span class='ocrx_word' id='word_1_537' title='bbox 1444 3921 1772 3995; x_wconf 80' lang='grc' dir='ltr'>θεραπεύειν</span> <span class='ocrx_word' id='word_1_538' title='bbox 1814 3923 1884 3977; x_wconf 86' lang='grc' dir='ltr'><strong>τά</strong></span> 
     </span>
    </p>
   </div>
   <div class='ocr_carea' id='block_1_74' title="bbox 293 4012 1882 4087">
    <p class='ocr_par' dir='ltr' id='par_1_74' title="bbox 293 4012 1882 4087">
     <span class='ocr_line' id='line_1_75' title="bbox 293 4012 1882 4087; baseline 0.002 -22"><span class='ocrx_word' id='word_1_539' title='bbox 293 4012 484 4083; x_wconf 73' lang='grc' dir='ltr'>πάθη,</span> <span class='ocrx_word' id='word_1_540' title='bbox 515 4012 651 4066; x_wconf 77' lang='grc' dir='ltr'>ἀλλὰ</span> <span class='ocrx_word' id='word_1_541' title='bbox 693 4016 782 4066; x_wconf 77' lang='grc' dir='ltr'>καὶ</span> <span class='ocrx_word' id='word_1_542' title='bbox 806 4013 1036 4068; x_wconf 89' lang='grc' dir='ltr'>κωλύειν</span> <span class='ocrx_word' id='word_1_543' title='bbox 1078 4016 1184 4086; x_wconf 85' lang='grc' dir='ltr'>πρὸ</span> <span class='ocrx_word' id='word_1_544' title='bbox 1229 4017 1326 4087; x_wconf 86' lang='grc' dir='ltr'><strong>τῆς</strong></span> <span class='ocrx_word' id='word_1_545' title='bbox 1356 4017 1688 4080; x_wconf 81' lang='grc' dir='ltr'>συστάσεως.</span> <span class='ocrx_word' id='word_1_546' title='bbox 1723 4016 1790 4070; x_wconf 85' lang='grc' dir='ltr'>Ὀ</span> <span class='ocrx_word' id='word_1_547' title='bbox 1817 4014 1882 4087; x_wconf 80' lang='grc' dir='ltr'>δὴ</span> 
     </span>
    </p>
   </div>
   <div class='ocr_carea' id='block_1_75' title="bbox 294 4104 1880 4179">
    <p class='ocr_par' dir='ltr' id='par_1_75' title="bbox 294 4104 1880 4179">
     <span class='ocr_line' id='line_1_76' title="bbox 294 4104 1880 4179; baseline 0.001 -19"><span class='ocrx_word' id='word_1_548' title='bbox 294 4105 402 4160; x_wconf 78' lang='grc' dir='ltr'>καὶ</span> <span class='ocrx_word' id='word_1_549' title='bbox 429 4104 558 4176; x_wconf 71' lang='grc' dir='ltr'>περὶ</span> <span class='ocrx_word' id='word_1_550' title='bbox 598 4104 690 4157; x_wconf 89' lang='grc' dir='ltr'><strong>τοῦ</strong></span> <span class='ocrx_word' id='word_1_551' title='bbox 728 4104 957 4160; x_wconf 88' lang='grc' dir='ltr'>θανάτου</span> <span class='ocrx_word' id='word_1_552' title='bbox 990 4105 1098 4162; x_wconf 82' lang='grc' dir='ltr'>τῶν</span> <span class='ocrx_word' id='word_1_553' title='bbox 1128 4108 1430 4175; x_wconf 85' lang='grc' dir='ltr'>ἀρτιτόκων</span> <span class='ocrx_word' id='word_1_554' title='bbox 1475 4108 1880 4179; x_wconf 82' lang='grc' dir='ltr'>ύπενοήσαμεν,</span> 
     </span>
    </p>
   </div>
   <div class='ocr_carea' id='block_1_76' title="bbox 292 4196 1883 4269">
    <p class='ocr_par' dir='ltr' id='par_1_76' title="bbox 292 4196 1883 4269">
     <span class='ocr_line' id='line_1_77' title="bbox 292 4196 1883 4269; baseline 0.002 -18"><span class='ocrx_word' id='word_1_555' title='bbox 292 4201 386 4251; x_wconf 75' lang='grc' dir='ltr'>ὅτι</span> <span class='ocrx_word' id='word_1_556' title='bbox 430 4200 462 4250; x_wconf 88' lang='lat'><strong>6</strong></span> <span class='ocrx_word' id='word_1_557' title='bbox 503 4196 644 4266; x_wconf 85' lang='grc' dir='ltr'>λόγῳ</span> <span class='ocrx_word' id='word_1_558' title='bbox 670 4196 740 4251; x_wconf 82' lang='grc' dir='ltr'><strong>τά</strong></span> <span class='ocrx_word' id='word_1_559' title='bbox 779 4197 957 4252; x_wconf 88' lang='grc' dir='ltr'>πάντα</span> <span class='ocrx_word' id='word_1_560' title='bbox 1001 4196 1171 4251; x_wconf 83' lang='grc' dir='ltr'>ποιῶν</span> <span class='ocrx_word' id='word_1_561' title='bbox 1204 4198 1310 4252; x_wconf 84' lang='grc' dir='ltr'><strong>ὑπὸ</strong></span> <span class='ocrx_word' id='word_1_562' title='bbox 1340 4198 1748 4269; x_wconf 83' lang='grc' dir='ltr'>φιλανθρωπίας</span> <span class='ocrx_word' id='word_1_563' title='bbox 1778 4200 1883 4269; x_wconf 82' lang='grc' dir='ltr'>ἀφ-</span> 
     </span>
    </p>
   </div>
   <div class='ocr_carea' id='block_1_77' title="bbox 294 4286 1878 4361">
    <p class='ocr_par' dir='ltr' id='par_1_77' title="bbox 294 4286 1878 4361">
     <span class='ocr_line' id='line_1_78' title="bbox 294 4286 1878 4361; baseline 0 -20"><span class='ocrx_word' id='word_1_564' title='bbox 294 4287 536 4356; x_wconf 73' lang='grc' dir='ltr'>αιρεῖται</span> <span class='ocrx_word' id='word_1_565' title='bbox 585 4287 684 4357; x_wconf 87' lang='grc' dir='ltr'><strong>τῆς</strong></span> <span class='ocrx_word' id='word_1_566' title='bbox 717 4286 917 4350; x_wconf 90' lang='grc' dir='ltr'>κακίας</span> <span class='ocrx_word' id='word_1_567' title='bbox 952 4286 1050 4358; x_wconf 81' lang='grc' dir='ltr'>τὴν</span> <span class='ocrx_word' id='word_1_568' title='bbox 1080 4286 1232 4351; x_wconf 78' lang='grc' dir='ltr'>ὓλην,</span> <span class='ocrx_word' id='word_1_569' title='bbox 1286 4287 1361 4360; x_wconf 83' lang='grc' dir='ltr'>μὴ</span> <span class='ocrx_word' id='word_1_570' title='bbox 1393 4288 1565 4353; x_wconf 80' lang='grc' dir='ltr'>διδοὺς</span> <span class='ocrx_word' id='word_1_571' title='bbox 1598 4290 1785 4361; x_wconf 79' lang='grc' dir='ltr'>καιρὸν</span> <span class='ocrx_word' id='word_1_572' title='bbox 1812 4291 1878 4361; x_wconf 77' lang='grc' dir='ltr'>τῇ</span> 
     </span>
    </p>
   </div>
   <div class='ocr_carea' id='block_1_78' title="bbox 296 4377 1880 4450">
    <p class='ocr_par' dir='ltr' id='par_1_78' title="bbox 296 4377 1880 4450">
     <span class='ocr_line' id='line_1_79' title="bbox 296 4377 1880 4450; baseline 0.003 -21"><span class='ocrx_word' id='word_1_573' title='bbox 296 4377 620 4449; x_wconf 76' lang='grc' dir='ltr'>προαιρέσει</span> <span class='ocrx_word' id='word_1_574' title='bbox 648 4380 716 4449; x_wconf 75' lang='grc' dir='ltr'>τῇ</span> <span class='ocrx_word' id='word_1_575' title='bbox 738 4377 828 4431; x_wconf 78' lang='grc' dir='ltr'><strong>διὰ</strong></span> <span class='ocrx_word' id='word_1_576' title='bbox 854 4377 955 4447; x_wconf 90' lang='grc' dir='ltr'><strong>τῆς</strong></span> <span class='ocrx_word' id='word_1_577' title='bbox 983 4378 1402 4449; x_wconf 71' lang='grc' dir='ltr'>προγνωπικῆς</span> <span class='ocrx_word' id='word_1_578' title='bbox 1437 4380 1715 4450; x_wconf 88' lang='grc' dir='ltr'>δυνάμεως</span> <span class='ocrx_word' id='word_1_579' title='bbox 1740 4396 1880 4448; x_wconf 81' lang='grc' dir='ltr'>γνω-</span> 
     </span>
    </p>
   </div>
   <div class='ocr_carea' id='block_1_79' title="bbox 1947 3927 3091 3998">
    <p class='ocr_par' dir='ltr' id='par_1_79' title="bbox 1947 3927 3091 3998">
     <span class='ocr_line' id='line_1_80' title="bbox 1947 3927 3091 3998; baseline -0.004 -15"><span class='ocrx_word' id='word_1_580' title='bbox 1947 3929 2228 3998; x_wconf 62' lang='grc' dir='ltr'>,ιιιίειιιιτε</span> <span class='ocrx_word' id='word_1_581' title='bbox 2291 3927 2505 3982; x_wconf 79' lang='lat' dir='ltr'><strong>fraudis</strong></span> <span class='ocrx_word' id='word_1_582' title='bbox 2571 3933 2815 3982; x_wconf 91' lang='lat' dir='ltr'><strong>crateres</strong></span> <span class='ocrx_word' id='word_1_583' title='bbox 2884 3932 3017 3981; x_wconf 90' lang='lat' dir='ltr'><strong>sunt</strong></span> <span class='ocrx_word' id='word_1_584' title='bbox 3078 3944 3091 3979; x_wconf 90' lang='lat'><strong>:</strong></span> 
     </span>
    </p>
   </div>
   <div class='ocr_carea' id='block_1_80' title="bbox 1988 3288 3563 3362">
    <p class='ocr_par' dir='ltr' id='par_1_80' title="bbox 1988 3288 3563 3362">
     <span class='ocr_line' id='line_1_81' title="bbox 1988 3288 3563 3362; baseline -0.002 -16"><span class='ocrx_word' id='word_1_585' title='bbox 1988 3291 2074 3346; x_wconf 87' lang='lat' dir='ltr'><strong>vel</strong></span> <span class='ocrx_word' id='word_1_586' title='bbox 2103 3289 2490 3362; x_wconf 84' lang='lat' dir='ltr'><strong>salsuginosis,</strong></span> <span class='ocrx_word' id='word_1_587' title='bbox 2519 3288 2605 3344; x_wconf 92' lang='lat' dir='ltr'><strong>vel</strong></span> <span class='ocrx_word' id='word_1_588' title='bbox 2638 3288 3074 3357; x_wconf 86' lang='lat' dir='ltr'><strong>astringentibus</strong></span> <span class='ocrx_word' id='word_1_589' title='bbox 3104 3289 3382 3358; x_wconf 89' lang='lat' dir='ltr'><strong>appetitus</strong></span> <span class='ocrx_word' id='word_1_590' title='bbox 3425 3304 3563 3344; x_wconf 83' lang='lat' dir='ltr'><strong>con-</strong></span> 
     </span>
    </p>
   </div>
   <div class='ocr_carea' id='block_1_81' title="bbox 1988 3363 3563 3450">
    <p class='ocr_par' dir='ltr' id='par_1_81' title="bbox 1988 3363 3563 3450">
     <span class='ocr_line' id='line_1_82' title="bbox 1988 3363 3563 3450; baseline -0.001 -14"><span class='ocrx_word' id='word_1_591' title='bbox 1988 3382 2234 3436; x_wconf 87' lang='lat' dir='ltr'><strong>vivarum</strong></span> <span class='ocrx_word' id='word_1_592' title='bbox 2262 3378 2588 3450; x_wconf 82' lang='lat' dir='ltr'><strong>excitantes)</strong></span> <span class='ocrx_word' id='word_1_593' title='bbox 2622 3398 2636 3433; x_wconf 91' lang='lat'><strong>:</strong></span> <span class='ocrx_word' id='word_1_594' title='bbox 2673 3363 2933 3448; x_wconf 84' lang='lat' dir='ltr'><strong>quoniam</strong></span> <span class='ocrx_word' id='word_1_595' title='bbox 2960 3393 3092 3448; x_wconf 89' lang='lat' dir='ltr'><strong>ergo</strong></span> <span class='ocrx_word' id='word_1_596' title='bbox 3124 3394 3232 3433; x_wconf 89' lang='lat' dir='ltr'><strong>non</strong></span> <span class='ocrx_word' id='word_1_597' title='bbox 3266 3395 3363 3449; x_wconf 82' lang='lat' dir='ltr'><strong>per</strong></span> <span class='ocrx_word' id='word_1_598' title='bbox 3380 3380 3563 3434; x_wconf 86' lang='lat' dir='ltr'><strong>omnia</strong></span> 
     </span>
    </p>
   </div>
   <div class='ocr_carea' id='block_1_82' title="bbox 1985 3466 3563 3542">
    <p class='ocr_par' dir='ltr' id='par_1_82' title="bbox 1985 3466 3563 3542">
     <span class='ocr_line' id='line_1_83' title="bbox 1985 3466 3563 3542; baseline -0.004 -15"><span class='ocrx_word' id='word_1_599' title='bbox 1985 3472 2199 3542; x_wconf 83' lang='lat' dir='ltr'><strong>negotia</strong></span> <span class='ocrx_word' id='word_1_600' title='bbox 2232 3470 2517 3541; x_wconf 76' lang='lat' dir='ltr'><strong>ofﬁciaque</strong></span> <span class='ocrx_word' id='word_1_601' title='bbox 2556 3469 2667 3524; x_wconf 88' lang='lat' dir='ltr'><strong>vita</strong></span> <span class='ocrx_word' id='word_1_602' title='bbox 2701 3467 2886 3525; x_wconf 87' lang='lat' dir='ltr'><strong>suavis</strong></span> <span class='ocrx_word' id='word_1_603' title='bbox 2931 3477 2986 3523; x_wconf 90' lang='lat' dir='ltr'><strong>et</strong></span> <span class='ocrx_word' id='word_1_604' title='bbox 3026 3466 3271 3537; x_wconf 90' lang='lat' dir='ltr'><strong>jucunda</strong></span> <span class='ocrx_word' id='word_1_605' title='bbox 3303 3476 3409 3534; x_wconf 91' lang='lat' dir='ltr'><strong>est,</strong></span> <span class='ocrx_word' id='word_1_606' title='bbox 3466 3468 3563 3524; x_wconf 87' lang='lat' dir='ltr'><strong>sed</strong></span> 
     </span>
    </p>
   </div>
   <div class='ocr_carea' id='block_1_83' title="bbox 1986 3560 3565 3632">
    <p class='ocr_par' dir='ltr' id='par_1_83' title="bbox 1986 3560 3565 3632">
     <span class='ocr_line' id='line_1_84' title="bbox 1986 3560 3565 3632; baseline 0 -15"><span class='ocrx_word' id='word_1_607' title='bbox 1986 3563 2042 3617; x_wconf 91' lang='lat' dir='ltr'><strong>in</strong></span> <span class='ocrx_word' id='word_1_608' title='bbox 2075 3562 2344 3632; x_wconf 88' lang='lat' dir='ltr'><strong>aliquibus</strong></span> <span class='ocrx_word' id='word_1_609' title='bbox 2369 3562 2530 3617; x_wconf 88' lang='lat' dir='ltr'><strong>etiam</strong></span> <span class='ocrx_word' id='word_1_610' title='bbox 2586 3562 2976 3617; x_wconf 87' lang='lat' dir='ltr'><strong>salsamentum</strong></span> <span class='ocrx_word' id='word_1_611' title='bbox 3021 3560 3312 3617; x_wconf 88' lang='lat' dir='ltr'><strong>obsonium</strong></span> <span class='ocrx_word' id='word_1_612' title='bbox 3343 3569 3447 3626; x_wconf 90' lang='lat' dir='ltr'><strong>est,</strong></span> <span class='ocrx_word' id='word_1_613' title='bbox 3480 3563 3565 3617; x_wconf 89' lang='lat' dir='ltr'><strong>vel</strong></span> 
     </span>
    </p>
   </div>
   <div class='ocr_carea' id='block_1_84' title="bbox 1985 3651 3566 3722">
    <p class='ocr_par' dir='ltr' id='par_1_84' title="bbox 1985 3651 3566 3722">
     <span class='ocr_line' id='line_1_85' title="bbox 1985 3651 3566 3722; baseline -0.001 -11"><span class='ocrx_word' id='word_1_614' title='bbox 1985 3655 2286 3720; x_wconf 89' lang='lat' dir='ltr'><strong>astrictiva,</strong></span> <span class='ocrx_word' id='word_1_615' title='bbox 2308 3654 2393 3709; x_wconf 92' lang='lat' dir='ltr'><strong>vel</strong></span> <span class='ocrx_word' id='word_1_616' title='bbox 2420 3661 2660 3718; x_wconf 88' lang='lat' dir='ltr'><strong>acetosa,</strong></span> <span class='ocrx_word' id='word_1_617' title='bbox 2694 3652 2778 3707; x_wconf 88' lang='lat' dir='ltr'><strong>vel</strong></span> <span class='ocrx_word' id='word_1_618' title='bbox 2812 3651 3038 3707; x_wconf 80' lang='lat' dir='ltr'><strong>mordax</strong></span> <span class='ocrx_word' id='word_1_619' title='bbox 3067 3653 3315 3722; x_wconf 61' lang='lat' dir='ltr'><strong>quaedam</strong></span> <span class='ocrx_word' id='word_1_620' title='bbox 3336 3660 3392 3709; x_wconf 92' lang='lat' dir='ltr'><strong>et</strong></span> <span class='ocrx_word' id='word_1_621' title='bbox 3419 3654 3566 3709; x_wconf 89' lang='lat' dir='ltr'><strong>acris</strong></span> 
     </span>
    </p>
   </div>
   <div class='ocr_carea' id='block_1_85' title="bbox 1984 3742 3567 3817">
    <p class='ocr_par' dir='ltr' id='par_1_85' title="bbox 1984 3742 3567 3817">
     <span class='ocr_line' id='line_1_86' title="bbox 1984 3742 3567 3817; baseline -0.001 -17"><span class='ocrx_word' id='word_1_622' title='bbox 1984 3745 2221 3817; x_wconf 87' lang='lat' dir='ltr'><strong>qualitas</strong></span> <span class='ocrx_word' id='word_1_623' title='bbox 2259 3745 2504 3815; x_wconf 85' lang='lat' dir='ltr'><strong>ingesta,</strong></span> <span class='ocrx_word' id='word_1_624' title='bbox 2546 3751 2601 3797; x_wconf 83' lang='lat' dir='ltr'><strong>et</strong></span> <span class='ocrx_word' id='word_1_625' title='bbox 2643 3742 2810 3798; x_wconf 87' lang='lat' dir='ltr'><strong>rebus</strong></span> <span class='ocrx_word' id='word_1_626' title='bbox 2872 3742 3055 3797; x_wconf 90' lang='lat' dir='ltr'><strong>intrita</strong></span> <span class='ocrx_word' id='word_1_627' title='bbox 3108 3751 3327 3812; x_wconf 85' lang='lat' dir='ltr'><strong>sumptu</strong></span> <span class='ocrx_word' id='word_1_628' title='bbox 3376 3742 3567 3799; x_wconf 75' lang='lat' dir='ltr'><strong>didici-</strong></span> 
     </span>
    </p>
   </div>
   <div class='ocr_carea' id='block_1_86' title="bbox 1985 3833 3567 3904">
    <p class='ocr_par' dir='ltr' id='par_1_86' title="bbox 1985 3833 3567 3904">
     <span class='ocr_line' id='line_1_87' title="bbox 1985 3833 3567 3904; baseline -0.002 -13"><span class='ocrx_word' id='word_1_629' title='bbox 1985 3839 2088 3892; x_wconf 90' lang='lat' dir='ltr'><strong>lem</strong></span> <span class='ocrx_word' id='word_1_630' title='bbox 2122 3836 2291 3892; x_wconf 81' lang='lat' dir='ltr'><strong>efticit</strong></span> <span class='ocrx_word' id='word_1_631' title='bbox 2321 3835 2446 3890; x_wconf 66' lang='lat' dir='ltr'><strong>vita:</strong></span> <span class='ocrx_word' id='word_1_632' title='bbox 2481 3835 2665 3889; x_wconf 90' lang='lat' dir='ltr'><strong>cibum</strong></span> <span class='ocrx_word' id='word_1_633' title='bbox 2707 3833 3013 3899; x_wconf 88' lang='lat' dir='ltr'><strong>conditum,</strong></span> <span class='ocrx_word' id='word_1_634' title='bbox 3044 3834 3190 3904; x_wconf 87' lang='lat' dir='ltr'><strong>pleni</strong></span> <span class='ocrx_word' id='word_1_635' title='bbox 3224 3834 3351 3889; x_wconf 87' lang='lat' dir='ltr'><strong>item</strong></span> <span class='ocrx_word' id='word_1_636' title='bbox 3380 3833 3567 3889; x_wconf 69' lang='lat' dir='ltr'><strong>&#39;varize</strong></span> 
     </span>
    </p>
   </div>
   <div class='ocr_carea' id='block_1_87' title="bbox 3165 3926 3565 3995">
    <p class='ocr_par' dir='ltr' id='par_1_87' title="bbox 3165 3926 3565 3995">
     <span class='ocr_line' id='line_1_88' title="bbox 3165 3926 3565 3995; baseline 0 -15"><span class='ocrx_word' id='word_1_637' title='bbox 3165 3942 3401 3995; x_wconf 90' lang='lat' dir='ltr'><strong>quorum</strong></span> <span class='ocrx_word' id='word_1_638' title='bbox 3471 3926 3565 3981; x_wconf 89' lang='lat' dir='ltr'><strong>alii</strong></span> 
     </span>
    </p>
   </div>
   <div class='ocr_carea' id='block_1_88' title="bbox 1982 4014 3568 4090">
    <p class='ocr_par' dir='ltr' id='par_1_88' title="bbox 1982 4014 3568 4090">
     <span class='ocr_line' id='line_1_89' title="bbox 1982 4014 3568 4090; baseline -0.001 -16"><span class='ocrx_word' id='word_1_639' title='bbox 1982 4020 2197 4090; x_wconf 85' lang='lat' dir='ltr'><strong>quidem</strong></span> <span class='ocrx_word' id='word_1_640' title='bbox 2234 4016 2533 4074; x_wconf 83' lang='lat' dir='ltr'><strong>inﬂationis</strong></span> <span class='ocrx_word' id='word_1_641' title='bbox 2559 4017 2748 4071; x_wconf 88' lang='lat' dir='ltr'><strong>vitium</strong></span> <span class='ocrx_word' id='word_1_642' title='bbox 2782 4032 2877 4087; x_wconf 91' lang='lat' dir='ltr'><strong>per</strong></span> <span class='ocrx_word' id='word_1_643' title='bbox 2908 4015 3082 4072; x_wconf 88' lang='lat' dir='ltr'><strong>fastus</strong></span> <span class='ocrx_word' id='word_1_644' title='bbox 3123 4014 3369 4072; x_wconf 88' lang='lat' dir='ltr'><strong>fraudem</strong></span> <span class='ocrx_word' id='word_1_645' title='bbox 3416 4014 3568 4087; x_wconf 58' lang='lat' dir='ltr'><strong>inge-</strong></span> 
     </span>
    </p>
   </div>
   <div class='ocr_carea' id='block_1_89' title="bbox 1982 4106 3565 4178">
    <p class='ocr_par' dir='ltr' id='par_1_89' title="bbox 1982 4106 3565 4178">
     <span class='ocr_line' id='line_1_90' title="bbox 1982 4106 3565 4178; baseline -0.002 -12"><span class='ocrx_word' id='word_1_646' title='bbox 1982 4118 2208 4178; x_wconf 87' lang='lat' dir='ltr'><strong>nerant,</strong></span> <span class='ocrx_word' id='word_1_647' title='bbox 2269 4109 2362 4164; x_wconf 89' lang='lat' dir='ltr'><strong>alii</strong></span> <span class='ocrx_word' id='word_1_648' title='bbox 2423 4123 2553 4165; x_wconf 89' lang='lat' dir='ltr'><strong>vero</strong></span> <span class='ocrx_word' id='word_1_649' title='bbox 2609 4110 2666 4164; x_wconf 91' lang='lat' dir='ltr'><strong>in</strong></span> <span class='ocrx_word' id='word_1_650' title='bbox 2710 4108 3075 4164; x_wconf 85' lang='lat' dir='ltr'><strong>temeritatem</strong></span> <span class='ocrx_word' id='word_1_651' title='bbox 3133 4122 3199 4163; x_wconf 89' lang='lat' dir='ltr'><strong>ac</strong></span> <span class='ocrx_word' id='word_1_652' title='bbox 3251 4106 3565 4165; x_wconf 88' lang='lat' dir='ltr'><strong>vecordiam</strong></span> 
     </span>
    </p>
   </div>
   <div class='ocr_carea' id='block_1_90' title="bbox 1982 4197 3566 4281">
    <p class='ocr_par' dir='ltr' id='par_1_90' title="bbox 1982 4197 3566 4281">
     <span class='ocr_line' id='line_1_91' title="bbox 1982 4197 3566 4281; baseline -0.003 -23"><span class='ocrx_word' id='word_1_653' title='bbox 1982 4203 2249 4258; x_wconf 87' lang='lat' dir='ltr'><strong>devocant</strong></span> <span class='ocrx_word' id='word_1_654' title='bbox 2280 4215 2376 4256; x_wconf 88' lang='lat' dir='ltr'><strong>eos</strong></span> <span class='ocrx_word' id='word_1_655' title='bbox 2406 4200 2500 4268; x_wconf 88' lang='lat' dir='ltr'><strong>qui</strong></span> <span class='ocrx_word' id='word_1_656' title='bbox 2544 4198 2890 4281; x_wconf 62' lang='lat' dir='ltr'><strong>imbiberint,</strong></span> <span class='ocrx_word' id='word_1_657' title='bbox 2923 4199 3047 4254; x_wconf 91' lang='lat' dir='ltr'><strong>aliis</strong></span> <span class='ocrx_word' id='word_1_658' title='bbox 3076 4197 3206 4252; x_wconf 89' lang='lat' dir='ltr'><strong>item</strong></span> <span class='ocrx_word' id='word_1_659' title='bbox 3247 4199 3390 4253; x_wconf 87' lang='lat' dir='ltr'><strong>male</strong></span> <span class='ocrx_word' id='word_1_660' title='bbox 3415 4214 3566 4268; x_wconf 72' lang='lat' dir='ltr'><strong>qua-</strong></span> 
     </span>
    </p>
   </div>
   <div class='ocr_carea' id='block_1_91' title="bbox 1982 4289 3564 4359">
    <p class='ocr_par' dir='ltr' id='par_1_91' title="bbox 1982 4289 3564 4359">
     <span class='ocr_line' id='line_1_92' title="bbox 1982 4289 3564 4359; baseline -0.004 -10"><span class='ocrx_word' id='word_1_661' title='bbox 1982 4295 2211 4350; x_wconf 88' lang='lat' dir='ltr'><strong>sitorum</strong></span> <span class='ocrx_word' id='word_1_662' title='bbox 2252 4291 2516 4347; x_wconf 88' lang='lat' dir='ltr'><strong>vomitum</strong></span> <span class='ocrx_word' id='word_1_663' title='bbox 2562 4305 2660 4355; x_wconf 86' lang='lat' dir='ltr'><strong>per</strong></span> <span class='ocrx_word' id='word_1_664' title='bbox 2700 4298 2915 4359; x_wconf 89' lang='lat' dir='ltr'><strong>turpem</strong></span> <span class='ocrx_word' id='word_1_665' title='bbox 2958 4289 3287 4343; x_wconf 89' lang='lat' dir='ltr'><strong>solutionem</strong></span> <span class='ocrx_word' id='word_1_666' title='bbox 3323 4300 3564 4344; x_wconf 86' lang='lat' dir='ltr'><strong>movent.</strong></span> 
     </span>
    </p>
   </div>
   <div class='ocr_carea' id='block_1_92' title="bbox 1980 4375 3567 4452">
    <p class='ocr_par' dir='ltr' id='par_1_92' title="bbox 1980 4375 3567 4452">
     <span class='ocr_line' id='line_1_93' title="bbox 1980 4375 3567 4452; baseline -0.003 -14"><span class='ocrx_word' id='word_1_667' title='bbox 1980 4382 2061 4438; x_wconf 88' lang='lat' dir='ltr'><strong>Ne</strong></span> <span class='ocrx_word' id='word_1_668' title='bbox 2101 4395 2232 4452; x_wconf 88' lang='lat' dir='ltr'><strong>ergo</strong></span> <span class='ocrx_word' id='word_1_669' title='bbox 2271 4381 2327 4435; x_wconf 92' lang='lat' dir='ltr'><strong>in</strong></span> <span class='ocrx_word' id='word_1_670' title='bbox 2371 4377 2467 4433; x_wconf 91' lang='lat' dir='ltr'><strong>tali</strong></span> <span class='ocrx_word' id='word_1_671' title='bbox 2507 4392 2712 4433; x_wconf 63' lang='lat' dir='ltr'><strong>mensae</strong></span> <span class='ocrx_word' id='word_1_672' title='bbox 2750 4385 3014 4447; x_wconf 84' lang='lat' dir='ltr'><strong>apparatu</strong></span> <span class='ocrx_word' id='word_1_673' title='bbox 3054 4375 3263 4433; x_wconf 84' lang='lat' dir='ltr'><strong>diutius</strong></span> <span class='ocrx_word' id='word_1_674' title='bbox 3307 4377 3567 4434; x_wconf 81' lang='lat' dir='ltr'><strong>immore-</strong></span> 
     </span>
    </p>
   </div>
   <div class='ocr_carea' id='block_1_93' title="bbox 300 4464 1884 4556">
    <p class='ocr_par' dir='ltr' id='par_1_93' title="bbox 300 4468 1880 4542">
     <span class='ocr_line' id='line_1_94' title="bbox 300 4468 1880 4542; baseline -0.001 -19"><span class='ocrx_word' id='word_1_675' title='bbox 300 4469 550 4540; x_wconf 77' lang='grc' dir='ltr'>ρισθείσῃ</span> <span class='ocrx_word' id='word_1_676' title='bbox 585 4469 674 4523; x_wconf 70' lang='grc' dir='ltr'><strong>διὰ</strong></span> <span class='ocrx_word' id='word_1_677' title='bbox 702 4469 811 4523; x_wconf 85' lang='grc' dir='ltr'><strong>τῶν</strong></span> <span class='ocrx_word' id='word_1_678' title='bbox 843 4470 1022 4541; x_wconf 77' lang='grc' dir='ltr'>ἔργων</span> <span class='ocrx_word' id='word_1_679' title='bbox 1060 4471 1119 4523; x_wconf 77' lang='grc' dir='ltr'>ὲν</span> <span class='ocrx_word' id='word_1_680' title='bbox 1156 4470 1359 4534; x_wconf 87' lang='grc' dir='ltr'>κακίας</span> <span class='ocrx_word' id='word_1_681' title='bbox 1399 4469 1555 4542; x_wconf 81' lang='grc' dir='ltr'>ὲξοχῇ</span> <span class='ocrx_word' id='word_1_682' title='bbox 1603 4468 1880 4540; x_wconf 87' lang='grc' dir='ltr'>δειχθῆναι</span> 
     </span>
    </p>
   </div>
   <div class='ocr_carea' id='block_1_94' title="bbox 1985 4464 3569 4556">
    <p class='ocr_par' dir='ltr' id='par_1_94' title="bbox 1985 4464 3569 4541">
     <span class='ocr_line' id='line_1_95' title="bbox 1985 4464 3569 4541; baseline -0.003 -15"><span class='ocrx_word' id='word_1_683' title='bbox 1985 4478 2093 4537; x_wconf 91' lang='lat' dir='ltr'><strong>tur,</strong></span> <span class='ocrx_word' id='word_1_684' title='bbox 2123 4470 2216 4541; x_wconf 85' lang='lat' dir='ltr'><strong>qui</strong></span> <span class='ocrx_word' id='word_1_685' title='bbox 2251 4484 2360 4524; x_wconf 92' lang='lat' dir='ltr'><strong>non</strong></span> <span class='ocrx_word' id='word_1_686' title='bbox 2391 4473 2540 4523; x_wconf 86' lang='lat' dir='ltr'><strong>recte</strong></span> <span class='ocrx_word' id='word_1_687' title='bbox 2568 4481 2632 4521; x_wconf 93' lang='lat' dir='ltr'><strong>ac</strong></span> <span class='ocrx_word' id='word_1_688' title='bbox 2661 4464 2919 4522; x_wconf 86' lang='lat' dir='ltr'><strong>decenter</strong></span> <span class='ocrx_word' id='word_1_689' title='bbox 2960 4466 3211 4523; x_wconf 90' lang='lat' dir='ltr'><strong>convivio</strong></span> <span class='ocrx_word' id='word_1_690' title='bbox 3250 4474 3454 4532; x_wconf 90' lang='lat' dir='ltr'><strong>utatur,</strong></span> <span class='ocrx_word' id='word_1_691' title='bbox 3487 4468 3569 4522; x_wconf 87' lang='lat' dir='ltr'><strong>ci-</strong></span> 
     </span>
    </p>
   </div>
   <div class='ocr_carea' id='block_1_95' title="bbox 293 4561 1884 4634">
    <p class='ocr_par' dir='ltr' id='par_1_95' title="bbox 293 4561 1884 4634">
     <span class='ocr_line' id='line_1_96' title="bbox 293 4561 1884 4634; baseline -0.001 -18"><span class='ocrx_word' id='word_1_692' title='bbox 293 4562 392 4616; x_wconf 76' lang='grc' dir='ltr'>οἷα</span> <span class='ocrx_word' id='word_1_693' title='bbox 415 4562 584 4626; x_wconf 69' lang='grc' dir='ltr'>ἐστὶν,</span> <span class='ocrx_word' id='word_1_694' title='bbox 608 4564 738 4615; x_wconf 86' lang='grc' dir='ltr'>ὅταν</span> <span class='ocrx_word' id='word_1_695' title='bbox 775 4562 912 4634; x_wconf 74' lang='grc' dir='ltr'>πρὸς</span> <span class='ocrx_word' id='word_1_696' title='bbox 945 4563 1005 4616; x_wconf 83' lang='grc' dir='ltr'><strong>τὸ</strong></span> <span class='ocrx_word' id='word_1_697' title='bbox 1028 4563 1201 4617; x_wconf 83' lang='grc' dir='ltr'>κακὸν</span> <span class='ocrx_word' id='word_1_698' title='bbox 1223 4562 1323 4633; x_wconf 77' lang='grc' dir='ltr'>τὴν</span> <span class='ocrx_word' id='word_1_699' title='bbox 1351 4561 1527 4634; x_wconf 81' lang='grc' dir='ltr'>ὁρμὴν</span> <span class='ocrx_word' id='word_1_700' title='bbox 1556 4561 1692 4633; x_wconf 80' lang='grc' dir='ltr'>ἔχοι.</span> <span class='ocrx_word' id='word_1_701' title='bbox 1744 4561 1884 4616; x_wconf 87' lang='grc' dir='ltr'>Πολ-</span> 
     </span>
    </p>
   </div>
   <div class='ocr_carea' id='block_1_96' title="bbox 296 4650 1884 4725">
    <p class='ocr_par' dir='ltr' id='par_1_96' title="bbox 296 4650 1884 4725">
     <span class='ocr_line' id='line_1_97' title="bbox 296 4650 1884 4725; baseline -0.001 -19"><span class='ocrx_word' id='word_1_702' title='bbox 296 4652 460 4716; x_wconf 72' lang='grc' dir='ltr'>λάκις</span> <span class='ocrx_word' id='word_1_703' title='bbox 483 4650 540 4705; x_wconf 68' lang='grc' dir='ltr'>δὲ</span> <span class='ocrx_word' id='word_1_704' title='bbox 566 4651 666 4723; x_wconf 78' lang='grc' dir='ltr'>τὴν</span> <span class='ocrx_word' id='word_1_705' title='bbox 696 4652 1092 4724; x_wconf 81' lang='grc' dir='ltr'>σεσοφισμένην</span> <span class='ocrx_word' id='word_1_706' title='bbox 1118 4653 1216 4725; x_wconf 86' lang='grc' dir='ltr'><strong>τῆς</strong></span> <span class='ocrx_word' id='word_1_707' title='bbox 1249 4653 1608 4725; x_wconf 81' lang='grc' dir='ltr'>φιλαργυρίας</span> <span class='ocrx_word' id='word_1_708' title='bbox 1635 4652 1884 4724; x_wconf 82' lang='grc' dir='ltr'>ἀνάγκην</span> 
     </span>
    </p>
   </div>
   <div class='ocr_carea' id='block_1_97' title="bbox 289 4741 1885 4815">
    <p class='ocr_par' dir='ltr' id='par_1_97' title="bbox 289 4741 1885 4815">
     <span class='ocr_line' id='line_1_98' title="bbox 289 4741 1885 4815; baseline 0.001 -20"><span class='ocrx_word' id='word_1_709' title='bbox 289 4741 390 4797; x_wconf 72' lang='grc' dir='ltr'><strong>διά</strong></span> <span class='ocrx_word' id='word_1_710' title='bbox 418 4742 525 4796; x_wconf 83' lang='grc' dir='ltr'><strong>τῶν</strong></span> <span class='ocrx_word' id='word_1_711' title='bbox 543 4741 802 4797; x_wconf 89' lang='grc' dir='ltr'>τοιούτων</span> <span class='ocrx_word' id='word_1_712' title='bbox 823 4743 1034 4814; x_wconf 67' lang='grc' dir='ltr'>ἐλέγχει</span> <span class='ocrx_word' id='word_1_713' title='bbox 1062 4745 1091 4798; x_wconf 92' lang='lat'><strong>6</strong></span> <span class='ocrx_word' id='word_1_714' title='bbox 1111 4743 1374 4797; x_wconf 86' lang='grc' dir='ltr'>συνιστῶν</span> <span class='ocrx_word' id='word_1_715' title='bbox 1393 4744 1453 4797; x_wconf 86' lang='grc' dir='ltr'>τὸ</span> <span class='ocrx_word' id='word_1_716' title='bbox 1476 4742 1569 4797; x_wconf 93' lang='grc' dir='ltr'><strong>τοῦ</strong></span> <span class='ocrx_word' id='word_1_717' title='bbox 1599 4743 1716 4814; x_wconf 83' lang='grc' dir='ltr'>βίου</span> <span class='ocrx_word' id='word_1_718' title='bbox 1746 4761 1885 4815; x_wconf 82' lang='grc' dir='ltr'>συμ-</span> 
     </span>
    </p>
   </div>
   <div class='ocr_carea' id='block_1_98' title="bbox 296 4832 1882 4907">
    <p class='ocr_par' dir='ltr' id='par_1_98' title="bbox 296 4832 1882 4907">
     <span class='ocr_line' id='line_1_99' title="bbox 296 4832 1882 4907; baseline -0.001 -19"><span class='ocrx_word' id='word_1_719' title='bbox 296 4832 512 4897; x_wconf 69' lang='grc' dir='ltr'>πόσων,</span> <span class='ocrx_word' id='word_1_720' title='bbox 538 4834 614 4898; x_wconf 80' lang='grc' dir='ltr'>ὠς</span> <span class='ocrx_word' id='word_1_721' title='bbox 640 4833 729 4898; x_wconf 78' lang='grc' dir='ltr'>ἂν,</span> <span class='ocrx_word' id='word_1_722' title='bbox 766 4833 943 4906; x_wconf 72' lang='grc' dir='ltr'>οἶμαι,</span> <span class='ocrx_word' id='word_1_723' title='bbox 970 4834 1176 4906; x_wconf 83' lang='grc' dir='ltr'>γυμνὸν</span> <span class='ocrx_word' id='word_1_724' title='bbox 1202 4835 1313 4889; x_wconf 84' lang='grc' dir='ltr'>τῶν</span> <span class='ocrx_word' id='word_1_725' title='bbox 1347 4835 1723 4907; x_wconf 82' lang='grc' dir='ltr'>εύπροσώπων</span> <span class='ocrx_word' id='word_1_726' title='bbox 1751 4850 1882 4906; x_wconf 89' lang='grc' dir='ltr'>προ-</span> 
     </span>
    </p>
   </div>
   <div class='ocr_carea' id='block_1_99' title="bbox 294 4923 1886 4998">
    <p class='ocr_par' dir='ltr' id='par_1_99' title="bbox 294 4923 1886 4998">
     <span class='ocr_line' id='line_1_100' title="bbox 294 4923 1886 4998; baseline 0.001 -20"><span class='ocrx_word' id='word_1_727' title='bbox 294 4923 674 4994; x_wconf 67' lang='grc' dir='ltr'>καλυμμάτων</span> <span class='ocrx_word' id='word_1_728' title='bbox 726 4924 789 4979; x_wconf 84' lang='grc' dir='ltr'>τὸ</span> <span class='ocrx_word' id='word_1_729' title='bbox 831 4926 932 4996; x_wconf 84' lang='grc' dir='ltr'><strong>τῆς</strong></span> <span class='ocrx_word' id='word_1_730' title='bbox 975 4925 1335 4998; x_wconf 85' lang='grc' dir='ltr'>φιλαργυρίας</span> <span class='ocrx_word' id='word_1_731' title='bbox 1363 4925 1707 4997; x_wconf 76' lang='grc' dir='ltr'>ἀρρώστημα</span> <span class='ocrx_word' id='word_1_732' title='bbox 1759 4926 1886 4996; x_wconf 89' lang='grc' dir='ltr'>φαί-</span> 
     </span>
    </p>
   </div>
   <div class='ocr_carea' id='block_1_100' title="bbox 292 5014 1884 5089">
    <p class='ocr_par' dir='ltr' id='par_1_100' title="bbox 292 5014 1884 5089">
     <span class='ocr_line' id='line_1_101' title="bbox 292 5014 1884 5089; baseline 0.003 -21"><span class='ocrx_word' id='word_1_733' title='bbox 292 5029 467 5078; x_wconf 74' lang='grc' dir='ltr'>νοιτο,</span> <span class='ocrx_word' id='word_1_734' title='bbox 497 5014 686 5087; x_wconf 78' lang='grc' dir='ltr'>μηδενὶ</span> <span class='ocrx_word' id='word_1_735' title='bbox 715 5015 1182 5087; x_wconf 80' lang='grc' dir='ltr'>παραπετάσματι</span> <span class='ocrx_word' id='word_1_736' title='bbox 1234 5016 1635 5089; x_wconf 77' lang='grc' dir='ltr'>πεπλανημένῳ</span> <span class='ocrx_word' id='word_1_737' title='bbox 1660 5032 1884 5072; x_wconf 80' lang='grc' dir='ltr'>σύσκια-</span> 
     </span>
    </p>
   </div>
   <div class='ocr_carea' id='block_1_101' title="bbox 286 5106 1885 5181">
    <p class='ocr_par' dir='ltr' id='par_1_101' title="bbox 286 5106 1885 5181">
     <span class='ocr_line' id='line_1_102' title="bbox 286 5106 1885 5181; baseline 0.001 -20"><span class='ocrx_word' id='word_1_738' title='bbox 286 5107 360 5173; x_wconf 76' lang='grc' dir='ltr'>ζό</span> <span class='ocrx_word' id='word_1_739' title='bbox 365 5124 545 5178; x_wconf 84' lang='grc' dir='ltr'>μενον.</span> <span class='ocrx_word' id='word_1_740' title='bbox 568 5109 707 5163; x_wconf 61' lang='grc' dir='ltr'>Φασὶ</span> <span class='ocrx_word' id='word_1_741' title='bbox 725 5109 837 5181; x_wconf 82' lang='grc' dir='ltr'><strong>γὰρ</strong></span> <span class='ocrx_word' id='word_1_742' title='bbox 856 5110 906 5162; x_wconf 78' lang='grc' dir='ltr'><strong>οῖ</strong></span> <span class='ocrx_word' id='word_1_743' title='bbox 929 5107 1113 5162; x_wconf 77' lang='grc' dir='ltr'>πολλοὶ</span> <span class='ocrx_word' id='word_1_744' title='bbox 1127 5107 1214 5163; x_wconf 82' lang='grc' dir='ltr'><strong>διὰ</strong></span> <span class='ocrx_word' id='word_1_745' title='bbox 1225 5107 1382 5163; x_wconf 86' lang='grc' dir='ltr'>τοῦτο</span> <span class='ocrx_word' id='word_1_746' title='bbox 1394 5110 1513 5171; x_wconf 84' lang='grc' dir='ltr'>ταῖς</span> <span class='ocrx_word' id='word_1_747' title='bbox 1524 5107 1620 5162; x_wconf 88' lang='grc' dir='ltr'><strong>τοῦ</strong></span> <span class='ocrx_word' id='word_1_748' title='bbox 1641 5106 1885 5173; x_wconf 88' lang='grc' dir='ltr'>πλείονος</span> 
     </span>
    </p>
   </div>
   <div class='ocr_carea' id='block_1_102' title="bbox 282 5198 1884 5272">
    <p class='ocr_par' dir='ltr' id='par_1_102' title="bbox 282 5198 1884 5272">
     <span class='ocr_line' id='line_1_103' title="bbox 282 5198 1884 5272; baseline 0.001 -18"><span class='ocrx_word' id='word_1_749' title='bbox 282 5198 611 5269; x_wconf 69' lang='grc' dir='ltr'>ἐπιθυμίαις</span> <span class='ocrx_word' id='word_1_750' title='bbox 629 5199 1114 5264; x_wconf 68' lang='grc' dir='ltr'>ἑπιπλατύνεσθαι,</span> <span class='ocrx_word' id='word_1_751' title='bbox 1129 5200 1204 5264; x_wconf 81' lang='grc' dir='ltr'><strong>ὡς</strong></span> <span class='ocrx_word' id='word_1_752' title='bbox 1223 5199 1289 5255; x_wconf 78' lang='grc' dir='ltr'>ἂν</span> <span class='ocrx_word' id='word_1_753' title='bbox 1305 5200 1740 5272; x_wconf 80' lang='grc' dir='ltr'>πλουσιωτέρους</span> <span class='ocrx_word' id='word_1_754' title='bbox 1757 5200 1884 5264; x_wconf 86' lang='grc' dir='ltr'>τοὺς</span> 
     </span>
    </p>
   </div>
   <div class='ocr_carea' id='block_1_103' title="bbox 282 5284 1885 5364">
    <p class='ocr_par' dir='ltr' id='par_1_103' title="bbox 282 5284 1885 5364">
     <span class='ocr_line' id='line_1_104' title="bbox 282 5284 1885 5364; baseline -0.001 -15"><span class='ocrx_word' id='word_1_755' title='bbox 282 5290 361 5357; x_wconf 72' lang='grc' dir='ltr'>ἐξ</span> <span class='ocrx_word' id='word_1_756' title='bbox 384 5290 565 5345; x_wconf 82' lang='grc' dir='ltr'>αὐτῶν</span> <span class='ocrx_word' id='word_1_757' title='bbox 592 5291 888 5361; x_wconf 87' lang='grc' dir='ltr'>γεγονότας</span> <span class='ocrx_word' id='word_1_758' title='bbox 922 5293 1230 5364; x_wconf 81' lang='grc' dir='ltr'>ποιήσαιεν,</span> <span class='ocrx_word' id='word_1_759' title='bbox 1259 5284 1336 5347; x_wconf 81' lang='grc' dir='ltr'><strong>ὧν</strong></span> <span class='ocrx_word' id='word_1_760' title='bbox 1362 5292 1573 5363; x_wconf 73' lang='grc' dir='ltr'>ἐλέγχει</span> <span class='ocrx_word' id='word_1_761' title='bbox 1603 5291 1704 5364; x_wconf 76' lang='grc' dir='ltr'><strong>τὴν</strong></span> <span class='ocrx_word' id='word_1_762' title='bbox 1730 5292 1885 5347; x_wconf 91' lang='grc' dir='ltr'>νόσον</span> 
     </span>
    </p>
   </div>
   <div class='ocr_carea' id='block_1_104' title="bbox 282 5379 1881 5458">
    <p class='ocr_par' dir='ltr' id='par_1_104' title="bbox 282 5379 1881 5458">
     <span class='ocr_line' id='line_1_105' title="bbox 282 5379 1881 5458; baseline -0.001 -18"><span class='ocrx_word' id='word_1_763' title='bbox 282 5384 441 5440; x_wconf 78' lang='grc' dir='ltr'>ιδῖαν</span> <span class='ocrx_word' id='word_1_764' title='bbox 464 5379 648 5450; x_wconf 79' lang='grc' dir='ltr'>οὖσαν,</span> <span class='ocrx_word' id='word_1_765' title='bbox 676 5384 778 5440; x_wconf 77' lang='grc' dir='ltr'>οὐκ</span> <span class='ocrx_word' id='word_1_766' title='bbox 793 5384 854 5450; x_wconf 79' lang='grc' dir='ltr'>ἑξ</span> <span class='ocrx_word' id='word_1_767' title='bbox 865 5386 1112 5457; x_wconf 80' lang='grc' dir='ltr'>ἀνάγκης</span> <span class='ocrx_word' id='word_1_768' title='bbox 1128 5385 1506 5457; x_wconf 70' lang='grc' dir='ltr'>ιγγινομένην,</span> <span class='ocrx_word' id='word_1_769' title='bbox 1522 5386 1556 5458; x_wconf 76' lang='grc' dir='ltr'><strong>η</strong></span> <span class='ocrx_word' id='word_1_770' title='bbox 1570 5384 1881 5457; x_wconf 82' lang='grc' dir='ltr'>ἀπροφάσι·</span> 
     </span>
    </p>
   </div>
   <div class='ocr_carea' id='block_1_105' title="bbox 278 5476 1886 5553">
    <p class='ocr_par' dir='ltr' id='par_1_105' title="bbox 278 5476 1886 5553">
     <span class='ocr_line' id='line_1_106' title="bbox 278 5476 1886 5553; baseline 0.002 -24"><span class='ocrx_word' id='word_1_771' title='bbox 278 5493 424 5540; x_wconf 63' lang='grc' dir='ltr'>στος</span> <span class='ocrx_word' id='word_1_772' title='bbox 447 5476 558 5530; x_wconf 78' lang='grc' dir='ltr'><strong>τῶν</strong></span> <span class='ocrx_word' id='word_1_773' title='bbox 576 5477 819 5533; x_wconf 76' lang='grc' dir='ltr'>ἀτέκνων</span> <span class='ocrx_word' id='word_1_774' title='bbox 841 5477 1144 5545; x_wconf 80' lang='grc' dir='ltr'>πλεονεξία.</span> <span class='ocrx_word' id='word_1_775' title='bbox 1180 5477 1372 5532; x_wconf 73' lang='grc' dir='ltr'>Πολλοὶ</span> <span class='ocrx_word' id='word_1_776' title='bbox 1395 5478 1506 5553; x_wconf 64' lang='grc' dir='ltr'><strong>γάρ</strong></span> <span class='ocrx_word' id='word_1_777' title='bbox 1528 5477 1651 5532; x_wconf 77' lang='grc' dir='ltr'>οὒτε</span> <span class='ocrx_word' id='word_1_778' title='bbox 1672 5478 1886 5550; x_wconf 70' lang='grc' dir='ltr'>έχοντες</span> 
     </span>
    </p>
   </div>
   <div class='ocr_carea' id='block_1_106' title="bbox 275 5567 1884 5644">
    <p class='ocr_par' dir='ltr' id='par_1_106' title="bbox 275 5567 1884 5644">
     <span class='ocr_line' id='line_1_107' title="bbox 275 5567 1884 5644; baseline -0.002 -17"><span class='ocrx_word' id='word_1_779' title='bbox 275 5568 551 5640; x_wconf 72' lang='grc' dir='ltr'>διαδοχὴν</span> <span class='ocrx_word' id='word_1_780' title='bbox 568 5570 662 5624; x_wconf 67' lang='grc' dir='ltr'><strong>ἰπὶ</strong></span> <span class='ocrx_word' id='word_1_781' title='bbox 676 5569 888 5635; x_wconf 78' lang='grc' dir='ltr'>πολλοῖς</span> <span class='ocrx_word' id='word_1_782' title='bbox 913 5567 996 5636; x_wconf 80' lang='grc' dir='ltr'><strong>οἷς</strong></span> <span class='ocrx_word' id='word_1_783' title='bbox 1016 5570 1347 5644; x_wconf 73' lang='grc' dir='ltr'>ἐμόχθησαν,</span> <span class='ocrx_word' id='word_1_784' title='bbox 1366 5570 1491 5624; x_wconf 80' lang='grc' dir='ltr'>οὔτε</span> <span class='ocrx_word' id='word_1_785' title='bbox 1509 5572 1568 5625; x_wconf 80' lang='grc' dir='ltr'>ὲν</span> <span class='ocrx_word' id='word_1_786' title='bbox 1584 5570 1761 5626; x_wconf 78' lang='grc' dir='ltr'>ἐλπίσι</span> <span class='ocrx_word' id='word_1_787' title='bbox 1790 5568 1884 5624; x_wconf 90' lang='grc' dir='ltr'><strong>τοῦ</strong></span> 
     </span>
    </p>
   </div>
   <div class='ocr_carea' id='block_1_107' title="bbox 282 5661 1888 5739">
    <p class='ocr_par' dir='ltr' id='par_1_107' title="bbox 282 5661 1888 5739">
     <span class='ocr_line' id='line_1_108' title="bbox 282 5661 1888 5739; baseline 0.001 -23"><span class='ocrx_word' id='word_1_788' title='bbox 282 5662 453 5731; x_wconf 74' lang='grc' dir='ltr'>σχεῖν</span> <span class='ocrx_word' id='word_1_789' title='bbox 469 5661 645 5727; x_wconf 73' lang='grc' dir='ltr'>ὄντες,</span> <span class='ocrx_word' id='word_1_790' title='bbox 685 5662 807 5717; x_wconf 79' lang='grc' dir='ltr'>ἀντὶ</span> <span class='ocrx_word' id='word_1_791' title='bbox 828 5665 1039 5739; x_wconf 86' lang='grc' dir='ltr'>μυρίων</span> <span class='ocrx_word' id='word_1_792' title='bbox 1057 5664 1267 5719; x_wconf 90' lang='grc' dir='ltr'>τέκνων</span> <span class='ocrx_word' id='word_1_793' title='bbox 1289 5662 1491 5727; x_wconf 84' lang='grc' dir='ltr'>πολλάς</span> <span class='ocrx_word' id='word_1_794' title='bbox 1512 5663 1806 5736; x_wconf 81' lang='grc' dir='ltr'>ἐπιθυμίας</span> <span class='ocrx_word' id='word_1_795' title='bbox 1827 5664 1888 5717; x_wconf 86' lang='grc' dir='ltr'>ὲν</span> 
     </span>
    </p>
   </div>
   <div class='ocr_carea' id='block_1_108' title="bbox 280 5754 1889 5831">
    <p class='ocr_par' dir='ltr' id='par_1_108' title="bbox 280 5754 1889 5831">
     <span class='ocr_line' id='line_1_109' title="bbox 280 5754 1889 5831; baseline -0.003 -16"><span class='ocrx_word' id='word_1_796' title='bbox 280 5754 516 5818; x_wconf 61' lang='grc' dir='ltr'><strong>ιιυτθῖς</strong></span> <span class='ocrx_word' id='word_1_797' title='bbox 549 5754 1012 5831; x_wconf 72' lang='grc' dir='ltr'>παιδοτροφοῦσιν,</span> <span class='ocrx_word' id='word_1_798' title='bbox 1061 5757 1165 5814; x_wconf 79' lang='grc' dir='ltr'>οὐκ</span> <span class='ocrx_word' id='word_1_799' title='bbox 1190 5755 1405 5828; x_wconf 76' lang='grc' dir='ltr'>ἔχοντες</span> <span class='ocrx_word' id='word_1_800' title='bbox 1445 5754 1548 5815; x_wconf 81' lang='grc' dir='ltr'><strong>ποῦ</strong></span> <span class='ocrx_word' id='word_1_801' title='bbox 1592 5757 1690 5828; x_wconf 80' lang='grc' dir='ltr'>τὴν</span> <span class='ocrx_word' id='word_1_802' title='bbox 1720 5755 1889 5831; x_wconf 83' lang='grc' dir='ltr'>ἀνάγ-</span> 
     </span>
    </p>
   </div>
   <div class='ocr_carea' id='block_1_109' title="bbox 1986 4558 3566 4627">
    <p class='ocr_par' dir='ltr' id='par_1_109' title="bbox 1986 4558 3566 4627">
     <span class='ocr_line' id='line_1_110' title="bbox 1986 4558 3566 4627; baseline -0.001 -12"><span class='ocrx_word' id='word_1_803' title='bbox 1986 4560 2098 4616; x_wconf 88' lang='lat' dir='ltr'><strong>tius</strong></span> <span class='ocrx_word' id='word_1_804' title='bbox 2130 4558 2385 4614; x_wconf 91' lang='lat' dir='ltr'><strong>educitur</strong></span> <span class='ocrx_word' id='word_1_805' title='bbox 2410 4573 2475 4614; x_wconf 89' lang='lat' dir='ltr'><strong>ex</strong></span> <span class='ocrx_word' id='word_1_806' title='bbox 2507 4564 2654 4613; x_wconf 69' lang='lat' dir='ltr'><strong>coetu</strong></span> <span class='ocrx_word' id='word_1_807' title='bbox 2682 4564 2847 4627; x_wconf 88' lang='lat' dir='ltr'><strong>atque</strong></span> <span class='ocrx_word' id='word_1_808' title='bbox 2887 4571 3154 4614; x_wconf 86' lang='lat' dir='ltr'><strong>consessu</strong></span> <span class='ocrx_word' id='word_1_809' title='bbox 3187 4558 3566 4624; x_wconf 86' lang='lat' dir='ltr'><strong>convivarum,</strong></span> 
     </span>
    </p>
   </div>
   <div class='ocr_carea' id='block_1_110' title="bbox 1987 4649 3569 4721">
    <p class='ocr_par' dir='ltr' id='par_1_110' title="bbox 1987 4649 3569 4721">
     <span class='ocr_line' id='line_1_111' title="bbox 1987 4649 3569 4721; baseline -0.002 -13"><span class='ocrx_word' id='word_1_810' title='bbox 1987 4652 2042 4708; x_wconf 88' lang='lat' dir='ltr'><strong>id</strong></span> <span class='ocrx_word' id='word_1_811' title='bbox 2075 4651 2214 4706; x_wconf 90' lang='lat' dir='ltr'><strong>lucri</strong></span> <span class='ocrx_word' id='word_1_812' title='bbox 2251 4649 2494 4716; x_wconf 85' lang='lat' dir='ltr'><strong>faciens,</strong></span> <span class='ocrx_word' id='word_1_813' title='bbox 2530 4649 2678 4720; x_wconf 88' lang='lat' dir='ltr'><strong>quod</strong></span> <span class='ocrx_word' id='word_1_814' title='bbox 2731 4651 2786 4703; x_wconf 93' lang='lat' dir='ltr'><strong>in</strong></span> <span class='ocrx_word' id='word_1_815' title='bbox 2822 4649 2914 4704; x_wconf 87' lang='lat' dir='ltr'><strong>illa</strong></span> <span class='ocrx_word' id='word_1_816' title='bbox 2949 4650 3201 4706; x_wconf 89' lang='lat' dir='ltr'><strong>molestia</strong></span> <span class='ocrx_word' id='word_1_817' title='bbox 3251 4658 3415 4721; x_wconf 90' lang='lat' dir='ltr'><strong>atque</strong></span> <span class='ocrx_word' id='word_1_818' title='bbox 3452 4659 3569 4705; x_wconf 85' lang='lat' dir='ltr'><strong>tur-</strong></span> 
     </span>
    </p>
   </div>
   <div class='ocr_carea' id='block_1_111' title="bbox 1986 4740 3569 4817">
    <p class='ocr_par' dir='ltr' id='par_1_111' title="bbox 1986 4740 3569 4817">
     <span class='ocr_line' id='line_1_112' title="bbox 1986 4740 3569 4817; baseline -0.001 -18"><span class='ocrx_word' id='word_1_819' title='bbox 1986 4744 2238 4817; x_wconf 88' lang='lat' dir='ltr'><strong>pitudine</strong></span> <span class='ocrx_word' id='word_1_820' title='bbox 2271 4760 2382 4799; x_wconf 88' lang='lat' dir='ltr'><strong>non</strong></span> <span class='ocrx_word' id='word_1_821' title='bbox 2413 4750 2683 4808; x_wconf 88' lang='lat' dir='ltr'><strong>versetur,</strong></span> <span class='ocrx_word' id='word_1_822' title='bbox 2722 4757 2956 4813; x_wconf 87' lang='lat' dir='ltr'><strong>quarum</strong></span> <span class='ocrx_word' id='word_1_823' title='bbox 2990 4757 3174 4798; x_wconf 89' lang='lat' dir='ltr'><strong>rerum</strong></span> <span class='ocrx_word' id='word_1_824' title='bbox 3212 4740 3569 4799; x_wconf 87' lang='lat' dir='ltr'><strong>immoderata</strong></span> 
     </span>
    </p>
   </div>
   <div class='ocr_carea' id='block_1_112' title="bbox 1988 4832 3566 4909">
    <p class='ocr_par' dir='ltr' id='par_1_112' title="bbox 1988 4832 3566 4909">
     <span class='ocr_line' id='line_1_113' title="bbox 1988 4832 3566 4909; baseline -0.002 -14"><span class='ocrx_word' id='word_1_825' title='bbox 1988 4838 2236 4909; x_wconf 87' lang='lat' dir='ltr'><strong>sumptio</strong></span> <span class='ocrx_word' id='word_1_826' title='bbox 2268 4835 2621 4892; x_wconf 86' lang='lat' dir='ltr'><strong>helluonibus</strong></span> <span class='ocrx_word' id='word_1_827' title='bbox 2650 4834 3004 4890; x_wconf 78' lang='lat' dir='ltr'><strong>conciliatrix</strong></span> <span class='ocrx_word' id='word_1_828' title='bbox 3036 4834 3276 4891; x_wconf 77' lang='lat' dir='ltr'><strong>exsistit.</strong></span> <span class='ocrx_word' id='word_1_829' title='bbox 3320 4832 3437 4891; x_wconf 81' lang='lat' dir='ltr'><strong>Hoc</strong></span> <span class='ocrx_word' id='word_1_830' title='bbox 3460 4844 3566 4900; x_wconf 81' lang='lat' dir='ltr'><strong>est,</strong></span> 
     </span>
    </p>
   </div>
   <div class='ocr_carea' id='block_1_113' title="bbox 1986 4925 3569 5000">
    <p class='ocr_par' dir='ltr' id='par_1_113' title="bbox 1986 4925 3569 5000">
     <span class='ocr_line' id='line_1_114' title="bbox 1986 4925 3569 5000; baseline -0.002 -16"><span class='ocrx_word' id='word_1_831' title='bbox 1986 4929 2131 5000; x_wconf 89' lang='lat' dir='ltr'><strong>quod</strong></span> <span class='ocrx_word' id='word_1_832' title='bbox 2161 4928 2287 4984; x_wconf 90' lang='lat' dir='ltr'><strong>dico</strong></span> <span class='ocrx_word' id='word_1_833' title='bbox 2332 4926 2594 4999; x_wconf 70' lang='lat' dir='ltr'><strong>perfecta:</strong></span> <span class='ocrx_word' id='word_1_834' title='bbox 2652 4933 2818 4997; x_wconf 90' lang='lat' dir='ltr'><strong>atque</strong></span> <span class='ocrx_word' id='word_1_835' title='bbox 2874 4925 3146 4981; x_wconf 74' lang='lat' dir='ltr'><strong>absoluta:</strong></span> <span class='ocrx_word' id='word_1_836' title='bbox 3201 4926 3569 4997; x_wconf 71' lang='lat' dir='ltr'><strong>providentia:</strong></span> 
     </span>
    </p>
   </div>
   <div class='ocr_carea' id='block_1_114' title="bbox 1985 5016 3561 5090">
    <p class='ocr_par' dir='ltr' id='par_1_114' title="bbox 1985 5016 3561 5090">
     <span class='ocr_line' id='line_1_115' title="bbox 1985 5016 3561 5090; baseline -0.002 -15"><span class='ocrx_word' id='word_1_837' title='bbox 1985 5034 2127 5090; x_wconf 87' lang='lat' dir='ltr'><strong>opus</strong></span> <span class='ocrx_word' id='word_1_838' title='bbox 2150 5033 2297 5086; x_wconf 87' lang='lat' dir='ltr'><strong>esse,</strong></span> <span class='ocrx_word' id='word_1_839' title='bbox 2327 5033 2444 5074; x_wconf 88' lang='lat' dir='ltr'><strong>non</strong></span> <span class='ocrx_word' id='word_1_840' title='bbox 2477 5018 2658 5075; x_wconf 90' lang='lat' dir='ltr'><strong>solum</strong></span> <span class='ocrx_word' id='word_1_841' title='bbox 2709 5024 3029 5072; x_wconf 89' lang='lat' dir='ltr'><strong>contractos</strong></span> <span class='ocrx_word' id='word_1_842' title='bbox 3062 5032 3261 5073; x_wconf 90' lang='lat' dir='ltr'><strong>curare</strong></span> <span class='ocrx_word' id='word_1_843' title='bbox 3311 5016 3561 5084; x_wconf 87' lang='lat' dir='ltr'><strong>morbos,</strong></span> 
     </span>
    </p>
   </div>
   <div class='ocr_carea' id='block_1_115' title="bbox 1985 5108 3564 5181">
    <p class='ocr_par' dir='ltr' id='par_1_115' title="bbox 1985 5108 3564 5181">
     <span class='ocr_line' id='line_1_116' title="bbox 1985 5108 3564 5181; baseline -0.001 -16"><span class='ocrx_word' id='word_1_844' title='bbox 1985 5125 2179 5166; x_wconf 89' lang='lat' dir='ltr'><strong>verum</strong></span> <span class='ocrx_word' id='word_1_845' title='bbox 2226 5111 2392 5166; x_wconf 88' lang='lat' dir='ltr'><strong>etiam</strong></span> <span class='ocrx_word' id='word_1_846' title='bbox 2452 5109 2747 5181; x_wconf 89' lang='lat' dir='ltr'><strong>prohibere</strong></span> <span class='ocrx_word' id='word_1_847' title='bbox 2791 5115 3085 5179; x_wconf 86' lang='lat' dir='ltr'><strong>antequam</strong></span> <span class='ocrx_word' id='word_1_848' title='bbox 3134 5108 3564 5164; x_wconf 85' lang='lat' dir='ltr'><strong>contrahantur.</strong></span> 
     </span>
    </p>
   </div>
   <div class='ocr_carea' id='block_1_116' title="bbox 1987 5196 3565 5272">
    <p class='ocr_par' dir='ltr' id='par_1_116' title="bbox 1987 5196 3565 5272">
     <span class='ocr_line' id='line_1_117' title="bbox 1987 5196 3565 5272; baseline -0.004 -15"><span class='ocrx_word' id='word_1_849' title='bbox 1987 5201 2165 5269; x_wconf 90' lang='lat' dir='ltr'><strong>Quam</strong></span> <span class='ocrx_word' id='word_1_850' title='bbox 2193 5201 2330 5258; x_wconf 89' lang='lat' dir='ltr'><strong>adeo</strong></span> <span class='ocrx_word' id='word_1_851' title='bbox 2359 5202 2675 5272; x_wconf 84' lang='lat' dir='ltr'><strong>Opinionem</strong></span> <span class='ocrx_word' id='word_1_852' title='bbox 2717 5200 2886 5255; x_wconf 87' lang='lat' dir='ltr'><strong>etiam</strong></span> <span class='ocrx_word' id='word_1_853' title='bbox 2916 5198 2986 5254; x_wconf 91' lang='lat' dir='ltr'><strong>de</strong></span> <span class='ocrx_word' id='word_1_854' title='bbox 3032 5209 3207 5256; x_wconf 84' lang='lat' dir='ltr'><strong>morte</strong></span> <span class='ocrx_word' id='word_1_855' title='bbox 3271 5196 3565 5254; x_wconf 85' lang='lat' dir='ltr'><strong>infantium</strong></span> 
     </span>
    </p>
   </div>
   <div class='ocr_carea' id='block_1_117' title="bbox 1985 5290 3571 5361">
    <p class='ocr_par' dir='ltr' id='par_1_117' title="bbox 1985 5290 3571 5361">
     <span class='ocr_line' id='line_1_118' title="bbox 1985 5290 3571 5361; baseline -0.003 -12"><span class='ocrx_word' id='word_1_856' title='bbox 1985 5295 2149 5349; x_wconf 91' lang='lat' dir='ltr'><strong>modo</strong></span> <span class='ocrx_word' id='word_1_857' title='bbox 2196 5301 2451 5349; x_wconf 90' lang='lat' dir='ltr'><strong>natorum</strong></span> <span class='ocrx_word' id='word_1_858' title='bbox 2501 5293 2805 5359; x_wconf 87' lang='lat' dir='ltr'><strong>habemus,</strong></span> <span class='ocrx_word' id='word_1_859' title='bbox 2881 5291 3028 5361; x_wconf 88' lang='lat' dir='ltr'><strong>quod</strong></span> <span class='ocrx_word' id='word_1_860' title='bbox 3093 5291 3142 5346; x_wconf 79' lang='lat' dir='ltr'><strong>is</strong></span> <span class='ocrx_word' id='word_1_861' title='bbox 3195 5290 3288 5360; x_wconf 89' lang='lat' dir='ltr'><strong>qui</strong></span> <span class='ocrx_word' id='word_1_862' title='bbox 3354 5290 3571 5344; x_wconf 89' lang='lat' dir='ltr'><strong>ratione</strong></span> 
     </span>
    </p>
   </div>
   <div class='ocr_carea' id='block_1_118' title="bbox 1984 5380 3569 5451">
    <p class='ocr_par' dir='ltr' id='par_1_118' title="bbox 1984 5380 3569 5451">
     <span class='ocr_line' id='line_1_119' title="bbox 1984 5380 3569 5451; baseline -0.003 -9"><span class='ocrx_word' id='word_1_863' title='bbox 1984 5388 2171 5443; x_wconf 89' lang='lat' dir='ltr'><strong>omnia</strong></span> <span class='ocrx_word' id='word_1_864' title='bbox 2202 5385 2355 5451; x_wconf 88' lang='lat' dir='ltr'><strong>facit,</strong></span> <span class='ocrx_word' id='word_1_865' title='bbox 2384 5384 2727 5439; x_wconf 87' lang='lat' dir='ltr'><strong>humanitate</strong></span> <span class='ocrx_word' id='word_1_866' title='bbox 2754 5383 3028 5439; x_wconf 87' lang='lat' dir='ltr'><strong>adductus</strong></span> <span class='ocrx_word' id='word_1_867' title='bbox 3072 5382 3225 5437; x_wconf 83' lang='lat' dir='ltr'><strong>vitiis</strong></span> <span class='ocrx_word' id='word_1_868' title='bbox 3279 5380 3569 5436; x_wconf 84' lang='lat' dir='ltr'><strong>materiam</strong></span> 
     </span>
    </p>
   </div>
   <div class='ocr_carea' id='block_1_119' title="bbox 1987 5472 3564 5547">
    <p class='ocr_par' dir='ltr' id='par_1_119' title="bbox 1987 5472 3564 5547">
     <span class='ocr_line' id='line_1_120' title="bbox 1987 5472 3564 5547; baseline -0.003 -14"><span class='ocrx_word' id='word_1_869' title='bbox 1987 5478 2189 5544; x_wconf 85' lang='lat' dir='ltr'><strong>aufert,</strong></span> <span class='ocrx_word' id='word_1_870' title='bbox 2232 5477 2474 5547; x_wconf 86' lang='lat' dir='ltr'><strong>spatium</strong></span> <span class='ocrx_word' id='word_1_871' title='bbox 2505 5474 2772 5546; x_wconf 90' lang='lat' dir='ltr'><strong>temporis</strong></span> <span class='ocrx_word' id='word_1_872' title='bbox 2817 5473 3089 5529; x_wconf 82' lang='lat' dir='ltr'><strong>voluntati</strong></span> <span class='ocrx_word' id='word_1_873' title='bbox 3152 5489 3249 5544; x_wconf 90' lang='lat' dir='ltr'><strong>per</strong></span> <span class='ocrx_word' id='word_1_874' title='bbox 3278 5472 3387 5528; x_wconf 91' lang='lat' dir='ltr'><strong>vim</strong></span> <span class='ocrx_word' id='word_1_875' title='bbox 3420 5487 3564 5543; x_wconf 65' lang='lat' dir='ltr'><strong>pre-</strong></span> 
     </span>
    </p>
   </div>
   <div class='ocr_carea' id='block_1_120' title="bbox 1986 5564 3571 5638">
    <p class='ocr_par' dir='ltr' id='par_1_120' title="bbox 1986 5564 3571 5638">
     <span class='ocr_line' id='line_1_121' title="bbox 1986 5564 3571 5638; baseline -0.001 -13"><span class='ocrx_word' id='word_1_876' title='bbox 1986 5568 2156 5625; x_wconf 86' lang='lat' dir='ltr'><strong>sciam</strong></span> <span class='ocrx_word' id='word_1_877' title='bbox 2196 5575 2396 5624; x_wconf 76' lang='lat' dir='ltr'><strong>notata:</strong></span> <span class='ocrx_word' id='word_1_878' title='bbox 2423 5574 2481 5623; x_wconf 90' lang='lat' dir='ltr'><strong>et</strong></span> <span class='ocrx_word' id='word_1_879' title='bbox 2526 5565 2926 5623; x_wconf 63' lang='lat' dir='ltr'><strong>animadversa</strong></span> <span class='ocrx_word' id='word_1_880' title='bbox 2986 5579 3098 5621; x_wconf 89' lang='lat' dir='ltr'><strong>non</strong></span> <span class='ocrx_word' id='word_1_881' title='bbox 3155 5564 3318 5633; x_wconf 89' lang='lat' dir='ltr'><strong>dans,</strong></span> <span class='ocrx_word' id='word_1_882' title='bbox 3378 5573 3439 5621; x_wconf 92' lang='lat' dir='ltr'><strong>ut</strong></span> <span class='ocrx_word' id='word_1_883' title='bbox 3469 5580 3571 5638; x_wconf 89' lang='lat' dir='ltr'><strong>per</strong></span> 
     </span>
    </p>
   </div>
   <div class='ocr_carea' id='block_1_121' title="bbox 1987 5657 3568 5732">
    <p class='ocr_par' dir='ltr' id='par_1_121' title="bbox 1987 5657 3568 5732">
     <span class='ocr_line' id='line_1_122' title="bbox 1987 5657 3568 5732; baseline 0.003 -18"><span class='ocrx_word' id='word_1_884' title='bbox 1987 5676 2152 5730; x_wconf 81' lang='lat' dir='ltr'><strong>opera</strong></span> <span class='ocrx_word' id='word_1_885' title='bbox 2185 5662 2239 5716; x_wconf 90' lang='lat' dir='ltr'><strong>in</strong></span> <span class='ocrx_word' id='word_1_886' title='bbox 2296 5659 2556 5732; x_wconf 68' lang='lat' dir='ltr'><strong>nequitia!</strong></span> <span class='ocrx_word' id='word_1_887' title='bbox 2585 5658 2815 5729; x_wconf 90' lang='lat' dir='ltr'><strong>vitiique</strong></span> <span class='ocrx_word' id='word_1_888' title='bbox 2862 5658 3191 5715; x_wconf 86' lang='lat' dir='ltr'><strong>excellentia</strong></span> <span class='ocrx_word' id='word_1_889' title='bbox 3242 5657 3568 5719; x_wconf 81' lang='lat' dir='ltr'><strong>ostendatur</strong></span> 
     </span>
    </p>
   </div>
   <div class='ocr_carea' id='block_1_122' title="bbox 1988 5749 3574 5823">
    <p class='ocr_par' dir='ltr' id='par_1_122' title="bbox 1988 5749 3574 5823">
     <span class='ocr_line' id='line_1_123' title="bbox 1988 5749 3574 5823; baseline 0.004 -17"><span class='ocrx_word' id='word_1_890' title='bbox 1988 5754 2170 5823; x_wconf 65' lang='lat' dir='ltr'><strong>qualis</strong></span> <span class='ocrx_word' id='word_1_891' title='bbox 2205 5754 2297 5821; x_wconf 89' lang='lat' dir='ltr'><strong>sit,</strong></span> <span class='ocrx_word' id='word_1_892' title='bbox 2333 5767 2460 5811; x_wconf 85' lang='lat' dir='ltr'><strong>cum</strong></span> <span class='ocrx_word' id='word_1_893' title='bbox 2488 5750 2557 5810; x_wconf 87' lang='lat' dir='ltr'><strong>ad</strong></span> <span class='ocrx_word' id='word_1_894' title='bbox 2585 5751 2790 5809; x_wconf 86' lang='lat' dir='ltr'><strong>malum</strong></span> <span class='ocrx_word' id='word_1_895' title='bbox 2823 5749 3090 5821; x_wconf 87' lang='lat' dir='ltr'><strong>impetum</strong></span> <span class='ocrx_word' id='word_1_896' title='bbox 3118 5749 3319 5811; x_wconf 82' lang='lat' dir='ltr'><strong>habeat</strong></span> <span class='ocrx_word' id='word_1_897' title='bbox 3354 5758 3410 5808; x_wconf 86' lang='lat' dir='ltr'><strong>et</strong></span> <span class='ocrx_word' id='word_1_898' title='bbox 3438 5752 3574 5813; x_wconf 77' lang='lat' dir='ltr'><strong>effe-</strong></span> 
     </span>
    </p>
   </div>
  </div>
