  <div class='ocr_page' id='page_1' title='image "/cluster/home/n/w/nwhite01/storage/ocr_20150623/46/hvd.32044054112198/109.png"; bbox 0 0 3896 6208; ppageno 0'>
   <div class='ocr_carea' id='block_1_1' title="bbox 427 278 526 334">
    <p class='ocr_par' dir='ltr' id='par_1_1' title="bbox 427 278 526 334">
     <span class='ocr_line' id='line_1_1' title="bbox 427 278 526 334; baseline -0.02 0"><span class='ocrx_word' id='word_1_1' title='bbox 427 278 526 334; x_wconf 71' lang='grc'><strong>187</strong></span> 
     </span>
    </p>
   </div>
   <div class='ocr_carea' id='block_1_2' title="bbox 1656 274 2411 340">
    <p class='ocr_par' dir='ltr' id='par_1_2' title="bbox 1656 274 2411 340">
     <span class='ocr_line' id='line_1_2' title="bbox 1656 274 2411 340; baseline -0.001 -11"><span class='ocrx_word' id='word_1_2' title='bbox 1656 275 1710 331; x_wconf 85' lang='lat' dir='ltr'><strong>S.</strong></span> <span class='ocrx_word' id='word_1_3' title='bbox 1755 274 2076 340; x_wconf 65' lang='lat' dir='ltr'><strong>GREGQHEI</strong></span> <span class='ocrx_word' id='word_1_4' title='bbox 2120 275 2411 331; x_wconf 73' lang='lat' dir='ltr'><strong>NYSSENI</strong></span> 
     </span>
    </p>
   </div>
   <div class='ocr_carea' id='block_1_3' title="bbox 3574 278 3674 336">
    <p class='ocr_par' dir='ltr' id='par_1_3' title="bbox 3574 278 3674 336">
     <span class='ocr_line' id='line_1_3' title="bbox 3574 278 3674 336; baseline -0.01 -2"><span class='ocrx_word' id='word_1_5' title='bbox 3574 278 3674 336; x_wconf 72' lang='grc'><strong>188</strong></span> 
     </span>
    </p>
   </div>
   <div class='ocr_carea' id='block_1_4' title="bbox 421 397 1996 477">
    <p class='ocr_par' dir='ltr' id='par_1_4' title="bbox 421 397 1991 477">
     <span class='ocr_line' id='line_1_4' title="bbox 421 397 1991 477; baseline -0.004 -19"><span class='ocrx_word' id='word_1_6' title='bbox 421 411 594 458; x_wconf 88' lang='lat' dir='ltr'><strong>ctutn.</strong></span> <span class='ocrx_word' id='word_1_7' title='bbox 645 401 1033 470; x_wconf 66' lang='lat' dir='ltr'><strong>Smpenutnero</strong></span> <span class='ocrx_word' id='word_1_8' title='bbox 1085 406 1268 452; x_wconf 88' lang='lat' dir='ltr'><strong>autem</strong></span> <span class='ocrx_word' id='word_1_9' title='bbox 1328 412 1422 467; x_wconf 90' lang='lat' dir='ltr'><strong>per</strong></span> <span class='ocrx_word' id='word_1_10' title='bbox 1477 397 1788 466; x_wconf 88' lang='lat' dir='ltr'><strong>hujusmodi</strong></span> <span class='ocrx_word' id='word_1_11' title='bbox 1827 399 1991 477; x_wconf 86' lang='lat' dir='ltr'><strong>etiam</strong></span> 
     </span>
    </p>
   </div>
   <div class='ocr_carea' id='block_1_5' title="bbox 2100 397 3672 477">
    <p class='ocr_par' dir='ltr' id='par_1_5' title="bbox 2100 397 3672 471">
     <span class='ocr_line' id='line_1_5' title="bbox 2100 397 3672 471; baseline 0 -19"><span class='ocrx_word' id='word_1_12' title='bbox 2100 418 2200 469; x_wconf 85' lang='grc' dir='ltr'><strong>κην</strong></span> <span class='ocrx_word' id='word_1_13' title='bbox 2223 403 2318 471; x_wconf 83' lang='grc' dir='ltr'><strong>τῆς</strong></span> <span class='ocrx_word' id='word_1_14' title='bbox 2339 400 2648 471; x_wconf 74' lang='grc' dir='ltr'>ἀρρωστίας</span> <span class='ocrx_word' id='word_1_15' title='bbox 2666 397 2871 468; x_wconf 80' lang='grc' dir='ltr'><strong>ταύτης</strong></span> <span class='ocrx_word' id='word_1_16' title='bbox 2894 397 3346 467; x_wconf 80' lang='grc' dir='ltr'>ὲπανενέγκωσιν.</span> <span class='ocrx_word' id='word_1_17' title='bbox 3376 399 3437 452; x_wconf 85' lang='grc' dir='ltr'>Εί</span> <span class='ocrx_word' id='word_1_18' title='bbox 3458 398 3515 452; x_wconf 80' lang='grc' dir='ltr'><strong>δέ</strong></span> <span class='ocrx_word' id='word_1_19' title='bbox 3531 417 3672 464; x_wconf 89' lang='grc' dir='ltr'>τινες</span> 
     </span>
    </p>
   </div>
   <div class='ocr_carea' id='block_1_6' title="bbox 421 491 1994 559">
    <p class='ocr_par' dir='ltr' id='par_1_6' title="bbox 421 491 1994 559">
     <span class='ocr_line' id='line_1_6' title="bbox 421 491 1994 559; baseline -0.001 -11"><span class='ocrx_word' id='word_1_20' title='bbox 421 508 586 548; x_wconf 91' lang='lat' dir='ltr'><strong>casus</strong></span> <span class='ocrx_word' id='word_1_21' title='bbox 621 491 931 548; x_wconf 76' lang='lat' dir='ltr'><strong>simulatam</strong></span> <span class='ocrx_word' id='word_1_22' title='bbox 973 497 1137 559; x_wconf 82' lang='lat' dir='ltr'><strong>atque</strong></span> <span class='ocrx_word' id='word_1_23' title='bbox 1168 496 1492 559; x_wconf 66' lang='lat' dir='ltr'><strong>prmtensam</strong></span> <span class='ocrx_word' id='word_1_24' title='bbox 1528 491 1770 544; x_wconf 79' lang='lat' dir='ltr'><strong>avaritia:</strong></span> <span class='ocrx_word' id='word_1_25' title='bbox 1804 505 1994 547; x_wconf 86' lang='lat' dir='ltr'><strong>neces-</strong></span> 
     </span>
    </p>
   </div>
   <div class='ocr_carea' id='block_1_7' title="bbox 425 581 1991 650">
    <p class='ocr_par' dir='ltr' id='par_1_7' title="bbox 425 581 1991 650">
     <span class='ocr_line' id='line_1_7' title="bbox 425 581 1991 650; baseline -0.001 -13"><span class='ocrx_word' id='word_1_26' title='bbox 425 584 639 638; x_wconf 87' lang='lat' dir='ltr'><strong>sitatem</strong></span> <span class='ocrx_word' id='word_1_27' title='bbox 667 581 846 650; x_wconf 87' lang='lat' dir='ltr'><strong>arguit</strong></span> <span class='ocrx_word' id='word_1_28' title='bbox 870 581 916 635; x_wconf 92' lang='lat' dir='ltr'><strong>is</strong></span> <span class='ocrx_word' id='word_1_29' title='bbox 944 581 1038 648; x_wconf 94' lang='lat' dir='ltr'><strong>qui</strong></span> <span class='ocrx_word' id='word_1_30' title='bbox 1076 582 1204 635; x_wconf 75' lang='lat' dir='ltr'><strong>vita:</strong></span> <span class='ocrx_word' id='word_1_31' title='bbox 1234 581 1546 635; x_wconf 91' lang='lat' dir='ltr'><strong>convivium</strong></span> <span class='ocrx_word' id='word_1_32' title='bbox 1574 581 1880 644; x_wconf 81' lang='lat' dir='ltr'><strong>constituit.</strong></span> <span class='ocrx_word' id='word_1_33' title='bbox 1911 591 1991 646; x_wconf 90' lang='lat' dir='ltr'><strong>ut,</strong></span> 
     </span>
    </p>
   </div>
   <div class='ocr_carea' id='block_1_8' title="bbox 423 672 1993 744">
    <p class='ocr_par' dir='ltr' id='par_1_8' title="bbox 423 672 1993 744">
     <span class='ocr_line' id='line_1_8' title="bbox 423 672 1993 744; baseline 0.001 -17"><span class='ocrx_word' id='word_1_34' title='bbox 423 675 638 744; x_wconf 87' lang='lat' dir='ltr'><strong>opinor,</strong></span> <span class='ocrx_word' id='word_1_35' title='bbox 670 673 909 728; x_wconf 77' lang='lat' dir='ltr'><strong>nudatus</strong></span> <span class='ocrx_word' id='word_1_36' title='bbox 939 672 1207 742; x_wconf 86' lang='lat' dir='ltr'><strong>speciosis</strong></span> <span class='ocrx_word' id='word_1_37' title='bbox 1239 673 1593 740; x_wconf 66' lang='lat' dir='ltr'><strong>praetextibus</strong></span> <span class='ocrx_word' id='word_1_38' title='bbox 1627 689 1690 727; x_wconf 91' lang='lat' dir='ltr'><strong>ac</strong></span> <span class='ocrx_word' id='word_1_39' title='bbox 1716 675 1993 728; x_wconf 87' lang='lat' dir='ltr'><strong>velamen-</strong></span> 
     </span>
    </p>
   </div>
   <div class='ocr_carea' id='block_1_9' title="bbox 421 765 1994 838">
    <p class='ocr_par' dir='ltr' id='par_1_9' title="bbox 421 765 1994 838">
     <span class='ocr_line' id='line_1_9' title="bbox 421 765 1994 838; baseline 0.001 -19"><span class='ocrx_word' id='word_1_40' title='bbox 421 768 492 821; x_wconf 77' lang='lat' dir='ltr'><strong>tis</strong></span> <span class='ocrx_word' id='word_1_41' title='bbox 545 766 793 820; x_wconf 63' lang='lat' dir='ltr'><strong>avaritiae</strong></span> <span class='ocrx_word' id='word_1_42' title='bbox 856 766 1082 821; x_wconf 85' lang='lat' dir='ltr'><strong>morbus</strong></span> <span class='ocrx_word' id='word_1_43' title='bbox 1155 773 1417 835; x_wconf 86' lang='lat' dir='ltr'><strong>appareat</strong></span> <span class='ocrx_word' id='word_1_44' title='bbox 1456 767 1606 819; x_wconf 92' lang='lat' dir='ltr'><strong>nullo</strong></span> <span class='ocrx_word' id='word_1_45' title='bbox 1643 765 1780 821; x_wconf 81' lang='lat' dir='ltr'><strong>falso</strong></span> <span class='ocrx_word' id='word_1_46' title='bbox 1839 776 1994 838; x_wconf 81' lang='lat' dir='ltr'><strong>tegu-</strong></span> 
     </span>
    </p>
   </div>
   <div class='ocr_carea' id='block_1_10' title="bbox 422 855 1992 926">
    <p class='ocr_par' dir='ltr' id='par_1_10' title="bbox 422 855 1992 926">
     <span class='ocr_line' id='line_1_10' title="bbox 422 855 1992 926; baseline 0.001 -16"><span class='ocrx_word' id='word_1_47' title='bbox 422 865 604 911; x_wconf 89' lang='lat' dir='ltr'><strong>mento</strong></span> <span class='ocrx_word' id='word_1_48' title='bbox 653 857 1036 910; x_wconf 88' lang='lat' dir='ltr'><strong>obumbratus.</strong></span> <span class='ocrx_word' id='word_1_49' title='bbox 1100 855 1236 910; x_wconf 86' lang='lat' dir='ltr'><strong>Nam</strong></span> <span class='ocrx_word' id='word_1_50' title='bbox 1295 855 1456 926; x_wconf 84' lang='lat' dir='ltr'><strong>vulgo</strong></span> <span class='ocrx_word' id='word_1_51' title='bbox 1525 856 1768 926; x_wconf 86' lang='lat' dir='ltr'><strong>plerique</strong></span> <span class='ocrx_word' id='word_1_52' title='bbox 1817 857 1992 922; x_wconf 90' lang='lat' dir='ltr'><strong>aiunt,</strong></span> 
     </span>
    </p>
   </div>
   <div class='ocr_carea' id='block_1_11' title="bbox 421 947 1993 1021">
    <p class='ocr_par' dir='ltr' id='par_1_11' title="bbox 421 947 1993 1021">
     <span class='ocr_line' id='line_1_11' title="bbox 421 947 1993 1021; baseline 0.001 -19"><span class='ocrx_word' id='word_1_53' title='bbox 421 948 629 1003; x_wconf 90' lang='lat' dir='ltr'><strong>idcirco</strong></span> <span class='ocrx_word' id='word_1_54' title='bbox 662 963 721 1003; x_wconf 90' lang='lat' dir='ltr'><strong>se</strong></span> <span class='ocrx_word' id='word_1_55' title='bbox 766 949 1050 1018; x_wconf 80' lang='lat' dir='ltr'><strong>cupiditati</strong></span> <span class='ocrx_word' id='word_1_56' title='bbox 1105 964 1219 1003; x_wconf 91' lang='lat' dir='ltr'><strong>rem</strong></span> <span class='ocrx_word' id='word_1_57' title='bbox 1283 947 1516 1018; x_wconf 82' lang='lat' dir='ltr'><strong>augendi</strong></span> <span class='ocrx_word' id='word_1_58' title='bbox 1577 948 1878 1021; x_wconf 83' lang='lat' dir='ltr'><strong>indulgere,</strong></span> <span class='ocrx_word' id='word_1_59' title='bbox 1933 958 1993 1004; x_wconf 93' lang='lat' dir='ltr'><strong>ut</strong></span> 
     </span>
    </p>
   </div>
   <div class='ocr_carea' id='block_1_12' title="bbox 420 1041 1994 1111">
    <p class='ocr_par' dir='ltr' id='par_1_12' title="bbox 420 1041 1994 1111">
     <span class='ocr_line' id='line_1_12' title="bbox 420 1041 1994 1111; baseline 0.003 -18"><span class='ocrx_word' id='word_1_60' title='bbox 420 1041 648 1095; x_wconf 88' lang='lat' dir='ltr'><strong>ditiores</strong></span> <span class='ocrx_word' id='word_1_61' title='bbox 679 1056 745 1096; x_wconf 89' lang='lat' dir='ltr'><strong>ex</strong></span> <span class='ocrx_word' id='word_1_62' title='bbox 783 1055 906 1097; x_wconf 91' lang='lat' dir='ltr'><strong>sese</strong></span> <span class='ocrx_word' id='word_1_63' title='bbox 947 1049 1107 1098; x_wconf 85' lang='lat' dir='ltr'><strong>natos</strong></span> <span class='ocrx_word' id='word_1_64' title='bbox 1158 1041 1409 1105; x_wconf 90' lang='lat' dir='ltr'><strong>reddant,</strong></span> <span class='ocrx_word' id='word_1_65' title='bbox 1470 1056 1705 1111; x_wconf 90' lang='lat' dir='ltr'><strong>quorum</strong></span> <span class='ocrx_word' id='word_1_66' title='bbox 1740 1043 1994 1098; x_wconf 89' lang='lat' dir='ltr'><strong>morbum</strong></span> 
     </span>
    </p>
   </div>
   <div class='ocr_carea' id='block_1_13' title="bbox 421 1134 1996 1206">
    <p class='ocr_par' dir='ltr' id='par_1_13' title="bbox 421 1134 1996 1206">
     <span class='ocr_line' id='line_1_13' title="bbox 421 1134 1996 1206; baseline 0.002 -19"><span class='ocrx_word' id='word_1_67' title='bbox 421 1135 704 1204; x_wconf 88' lang='lat' dir='ltr'><strong>proprium</strong></span> <span class='ocrx_word' id='word_1_68' title='bbox 727 1150 871 1200; x_wconf 91' lang='lat' dir='ltr'><strong>esse,</strong></span> <span class='ocrx_word' id='word_1_69' title='bbox 903 1145 958 1190; x_wconf 90' lang='lat' dir='ltr'><strong>et</strong></span> <span class='ocrx_word' id='word_1_70' title='bbox 978 1151 1044 1191; x_wconf 78' lang='lat' dir='ltr'><strong>ex</strong></span> <span class='ocrx_word' id='word_1_71' title='bbox 1079 1135 1418 1190; x_wconf 78' lang='lat' dir='ltr'><strong>necessitate</strong></span> <span class='ocrx_word' id='word_1_72' title='bbox 1436 1149 1545 1188; x_wconf 90' lang='lat' dir='ltr'><strong>non</strong></span> <span class='ocrx_word' id='word_1_73' title='bbox 1573 1134 1785 1190; x_wconf 87' lang='lat' dir='ltr'><strong>innasci</strong></span> <span class='ocrx_word' id='word_1_74' title='bbox 1816 1136 1996 1206; x_wconf 88' lang='lat' dir='ltr'><strong>arguit</strong></span> 
     </span>
    </p>
   </div>
   <div class='ocr_carea' id='block_1_14' title="bbox 422 1226 1992 1296">
    <p class='ocr_par' dir='ltr' id='par_1_14' title="bbox 422 1226 1992 1296">
     <span class='ocr_line' id='line_1_14' title="bbox 422 1226 1992 1296; baseline 0.001 -18"><span class='ocrx_word' id='word_1_75' title='bbox 422 1227 820 1283; x_wconf 85' lang='lat' dir='ltr'><strong>inexcusabilis</strong></span> <span class='ocrx_word' id='word_1_76' title='bbox 879 1228 1111 1282; x_wconf 80' lang='lat' dir='ltr'><strong>avaritia</strong></span> <span class='ocrx_word' id='word_1_77' title='bbox 1166 1241 1357 1282; x_wconf 90' lang='lat' dir='ltr'><strong>eorum</strong></span> <span class='ocrx_word' id='word_1_78' title='bbox 1407 1227 1500 1296; x_wconf 91' lang='lat' dir='ltr'><strong>qui</strong></span> <span class='ocrx_word' id='word_1_79' title='bbox 1545 1226 1735 1282; x_wconf 90' lang='lat' dir='ltr'><strong>liberis</strong></span> <span class='ocrx_word' id='word_1_80' title='bbox 1781 1237 1992 1282; x_wconf 87' lang='lat' dir='ltr'><strong>carent.</strong></span> 
     </span>
    </p>
   </div>
   <div class='ocr_carea' id='block_1_15' title="bbox 422 1319 1998 1376">
    <p class='ocr_par' dir='ltr' id='par_1_15' title="bbox 422 1319 1998 1376">
     <span class='ocr_line' id='line_1_15' title="bbox 422 1319 1998 1376; baseline 0.003 -4"><span class='ocrx_word' id='word_1_81' title='bbox 422 1319 572 1372; x_wconf 82' lang='lat' dir='ltr'><strong>Multi</strong></span> <span class='ocrx_word' id='word_1_82' title='bbox 617 1321 761 1375; x_wconf 91' lang='lat' dir='ltr'><strong>enim</strong></span> <span class='ocrx_word' id='word_1_83' title='bbox 817 1335 941 1375; x_wconf 91' lang='lat' dir='ltr'><strong>cum</strong></span> <span class='ocrx_word' id='word_1_84' title='bbox 999 1335 1099 1376; x_wconf 90' lang='lat' dir='ltr'><strong>nec</strong></span> <span class='ocrx_word' id='word_1_85' title='bbox 1168 1320 1404 1374; x_wconf 83' lang='lat' dir='ltr'><strong>habeant</strong></span> <span class='ocrx_word' id='word_1_86' title='bbox 1460 1320 1756 1374; x_wconf 91' lang='lat' dir='ltr'><strong>multorum</strong></span> <span class='ocrx_word' id='word_1_87' title='bbox 1809 1321 1998 1376; x_wconf 81' lang='lat' dir='ltr'><strong>labore</strong></span> 
     </span>
    </p>
   </div>
   <div class='ocr_carea' id='block_1_16' title="bbox 420 1411 1996 1482">
    <p class='ocr_par' dir='ltr' id='par_1_16' title="bbox 420 1411 1996 1482">
     <span class='ocr_line' id='line_1_16' title="bbox 420 1411 1996 1482; baseline 0.003 -20"><span class='ocrx_word' id='word_1_88' title='bbox 420 1421 698 1478; x_wconf 87' lang='lat' dir='ltr'><strong>partorum</strong></span> <span class='ocrx_word' id='word_1_89' title='bbox 749 1411 1016 1465; x_wconf 89' lang='lat' dir='ltr'><strong>bonorum</strong></span> <span class='ocrx_word' id='word_1_90' title='bbox 1087 1425 1480 1474; x_wconf 88' lang='lat' dir='ltr'><strong>successores,</strong></span> <span class='ocrx_word' id='word_1_91' title='bbox 1546 1427 1647 1466; x_wconf 93' lang='lat' dir='ltr'><strong>nec</strong></span> <span class='ocrx_word' id='word_1_92' title='bbox 1699 1413 1996 1482; x_wconf 87' lang='lat' dir='ltr'><strong>aliquando</strong></span> 
     </span>
    </p>
   </div>
   <div class='ocr_carea' id='block_1_17' title="bbox 419 1501 1993 1574">
    <p class='ocr_par' dir='ltr' id='par_1_17' title="bbox 419 1501 1993 1574">
     <span class='ocr_line' id='line_1_17' title="bbox 419 1501 1993 1574; baseline 0.003 -21"><span class='ocrx_word' id='word_1_93' title='bbox 419 1501 700 1557; x_wconf 87' lang='lat' dir='ltr'><strong>habituros</strong></span> <span class='ocrx_word' id='word_1_94' title='bbox 725 1517 852 1558; x_wconf 88' lang='lat' dir='ltr'><strong>esse</strong></span> <span class='ocrx_word' id='word_1_95' title='bbox 885 1518 944 1557; x_wconf 87' lang='lat' dir='ltr'><strong>se</strong></span> <span class='ocrx_word' id='word_1_96' title='bbox 971 1510 1220 1574; x_wconf 87' lang='lat' dir='ltr'><strong>sperent,</strong></span> <span class='ocrx_word' id='word_1_97' title='bbox 1247 1519 1348 1573; x_wconf 92' lang='lat' dir='ltr'><strong>pro</strong></span> <span class='ocrx_word' id='word_1_98' title='bbox 1378 1502 1610 1557; x_wconf 77' lang='lat' dir='ltr'><strong>inﬁnitis</strong></span> <span class='ocrx_word' id='word_1_99' title='bbox 1636 1503 1828 1559; x_wconf 91' lang='lat' dir='ltr'><strong>liberis</strong></span> <span class='ocrx_word' id='word_1_100' title='bbox 1857 1504 1993 1558; x_wconf 88' lang='lat' dir='ltr'><strong>mul-</strong></span> 
     </span>
    </p>
   </div>
   <div class='ocr_carea' id='block_1_18' title="bbox 417 1595 1995 1665">
    <p class='ocr_par' dir='ltr' id='par_1_18' title="bbox 417 1595 1995 1665">
     <span class='ocr_line' id='line_1_18' title="bbox 417 1595 1995 1665; baseline 0.003 -18"><span class='ocrx_word' id='word_1_101' title='bbox 417 1603 502 1649; x_wconf 89' lang='lat' dir='ltr'><strong>tas</strong></span> <span class='ocrx_word' id='word_1_102' title='bbox 542 1596 684 1648; x_wconf 85' lang='lat' dir='ltr'><strong>intra</strong></span> <span class='ocrx_word' id='word_1_103' title='bbox 731 1610 853 1651; x_wconf 91' lang='lat' dir='ltr'><strong>sese</strong></span> <span class='ocrx_word' id='word_1_104' title='bbox 883 1596 1214 1665; x_wconf 86' lang='lat' dir='ltr'><strong>cupiditates</strong></span> <span class='ocrx_word' id='word_1_105' title='bbox 1253 1596 1430 1658; x_wconf 89' lang='lat' dir='ltr'><strong>alunt,</strong></span> <span class='ocrx_word' id='word_1_106' title='bbox 1472 1609 1582 1649; x_wconf 93' lang='lat' dir='ltr'><strong>non</strong></span> <span class='ocrx_word' id='word_1_107' title='bbox 1629 1595 1894 1652; x_wconf 90' lang='lat' dir='ltr'><strong>habentes</strong></span> <span class='ocrx_word' id='word_1_108' title='bbox 1939 1597 1995 1651; x_wconf 93' lang='lat' dir='ltr'><strong>in</strong></span> 
     </span>
    </p>
   </div>
   <div class='ocr_carea' id='block_1_19' title="bbox 418 1685 1996 1755">
    <p class='ocr_par' dir='ltr' id='par_1_19' title="bbox 418 1685 1996 1755">
     <span class='ocr_line' id='line_1_19' title="bbox 418 1685 1996 1755; baseline 0.003 -19"><span class='ocrx_word' id='word_1_109' title='bbox 418 1699 557 1755; x_wconf 88' lang='lat' dir='ltr'><strong>quos</strong></span> <span class='ocrx_word' id='word_1_110' title='bbox 581 1685 873 1739; x_wconf 79' lang='lat' dir='ltr'><strong>conferant</strong></span> <span class='ocrx_word' id='word_1_111' title='bbox 908 1686 1073 1753; x_wconf 84' lang='lat' dir='ltr'><strong>hujus</strong></span> <span class='ocrx_word' id='word_1_112' title='bbox 1100 1687 1276 1740; x_wconf 91' lang='lat' dir='ltr'><strong>morbi</strong></span> <span class='ocrx_word' id='word_1_113' title='bbox 1308 1687 1715 1743; x_wconf 83' lang='lat' dir='ltr'><strong>necessitatem.</strong></span> <span class='ocrx_word' id='word_1_114' title='bbox 1755 1686 1913 1753; x_wconf 84' lang='lat' dir='ltr'><strong>Quod</strong></span> <span class='ocrx_word' id='word_1_115' title='bbox 1950 1686 1996 1742; x_wconf 92' lang='lat' dir='ltr'><strong>si</strong></span> 
     </span>
    </p>
   </div>
   <div class='ocr_carea' id='block_1_20' title="bbox 417 1776 1999 1848">
    <p class='ocr_par' dir='ltr' id='par_1_20' title="bbox 417 1776 1999 1848">
     <span class='ocr_line' id='line_1_20' title="bbox 417 1776 1999 1848; baseline 0.002 -19"><span class='ocrx_word' id='word_1_116' title='bbox 417 1776 509 1844; x_wconf 90' lang='lat' dir='ltr'><strong>qui</strong></span> <span class='ocrx_word' id='word_1_117' title='bbox 543 1777 681 1832; x_wconf 89' lang='lat' dir='ltr'><strong>male</strong></span> <span class='ocrx_word' id='word_1_118' title='bbox 704 1778 757 1831; x_wconf 93' lang='lat' dir='ltr'><strong>in</strong></span> <span class='ocrx_word' id='word_1_119' title='bbox 788 1779 897 1831; x_wconf 84' lang='lat' dir='ltr'><strong>vita</strong></span> <span class='ocrx_word' id='word_1_120' title='bbox 918 1789 1231 1840; x_wconf 87' lang='lat' dir='ltr'><strong>versantur,</strong></span> <span class='ocrx_word' id='word_1_121' title='bbox 1264 1793 1328 1832; x_wconf 91' lang='lat' dir='ltr'><strong>ac</strong></span> <span class='ocrx_word' id='word_1_122' title='bbox 1354 1777 1538 1832; x_wconf 90' lang='lat' dir='ltr'><strong>dedita</strong></span> <span class='ocrx_word' id='word_1_123' title='bbox 1590 1793 1756 1848; x_wconf 87' lang='lat' dir='ltr'><strong>opera</strong></span> <span class='ocrx_word' id='word_1_124' title='bbox 1786 1778 1999 1833; x_wconf 85' lang='lat' dir='ltr'><strong>consul-</strong></span> 
     </span>
    </p>
   </div>
   <div class='ocr_carea' id='block_1_21' title="bbox 416 1868 2000 1940">
    <p class='ocr_par' dir='ltr' id='par_1_21' title="bbox 416 1868 2000 1940">
     <span class='ocr_line' id='line_1_21' title="bbox 416 1868 2000 1940; baseline 0.002 -20"><span class='ocrx_word' id='word_1_125' title='bbox 416 1875 583 1937; x_wconf 83' lang='lat' dir='ltr'><strong>toque</strong></span> <span class='ocrx_word' id='word_1_126' title='bbox 613 1868 886 1934; x_wconf 85' lang='lat' dir='ltr'><strong>crudeles,</strong></span> <span class='ocrx_word' id='word_1_127' title='bbox 919 1880 1106 1923; x_wconf 88' lang='lat' dir='ltr'><strong>truces</strong></span> <span class='ocrx_word' id='word_1_128' title='bbox 1137 1878 1302 1938; x_wconf 89' lang='lat' dir='ltr'><strong>atque</strong></span> <span class='ocrx_word' id='word_1_129' title='bbox 1335 1871 1607 1940; x_wconf 82' lang='lat' dir='ltr'><strong>tyrannici</strong></span> <span class='ocrx_word' id='word_1_130' title='bbox 1644 1880 1793 1932; x_wconf 90' lang='lat' dir='ltr'><strong>sunt,</strong></span> <span class='ocrx_word' id='word_1_131' title='bbox 1829 1870 2000 1924; x_wconf 92' lang='lat' dir='ltr'><strong>omni-</strong></span> 
     </span>
    </p>
   </div>
   <div class='ocr_carea' id='block_1_22' title="bbox 2098 489 3673 562">
    <p class='ocr_par' dir='ltr' id='par_1_22' title="bbox 2098 489 3673 562">
     <span class='ocr_line' id='line_1_22' title="bbox 2098 489 3673 562; baseline -0.001 -17"><span class='ocrx_word' id='word_1_132' title='bbox 2098 491 2282 555; x_wconf 85' lang='grc' dir='ltr'>κακῶς</span> <span class='ocrx_word' id='word_1_133' title='bbox 2326 491 2714 562; x_wconf 74' lang='grc' dir='ltr'>ἐπιδημοῦντες</span> <span class='ocrx_word' id='word_1_134' title='bbox 2744 489 2822 560; x_wconf 81' lang='grc' dir='ltr'><strong>τῷ</strong></span> <span class='ocrx_word' id='word_1_135' title='bbox 2846 489 2965 561; x_wconf 83' lang='grc' dir='ltr'>βίῳ,</span> <span class='ocrx_word' id='word_1_136' title='bbox 3027 489 3334 560; x_wconf 85' lang='grc' dir='ltr'>τυραννικοί</span> <span class='ocrx_word' id='word_1_137' title='bbox 3379 507 3438 543; x_wconf 92' lang='grc' dir='ltr'><strong>τε</strong></span> <span class='ocrx_word' id='word_1_138' title='bbox 3467 491 3563 543; x_wconf 77' lang='grc' dir='ltr'>καὶ</span> <span class='ocrx_word' id='word_1_139' title='bbox 3588 508 3673 544; x_wconf 82' lang='grc' dir='ltr'>πι-</span> 
     </span>
    </p>
   </div>
   <div class='ocr_carea' id='block_1_23' title="bbox 2097 580 3674 654">
    <p class='ocr_par' dir='ltr' id='par_1_23' title="bbox 2097 580 3674 654">
     <span class='ocr_line' id='line_1_23' title="bbox 2097 580 3674 654; baseline -0.001 -19"><span class='ocrx_word' id='word_1_140' title='bbox 2097 583 2220 654; x_wconf 75' lang='grc' dir='ltr'>κροὶ</span> <span class='ocrx_word' id='word_1_141' title='bbox 2256 582 2354 652; x_wconf 81' lang='grc' dir='ltr'>τὴν</span> <span class='ocrx_word' id='word_1_142' title='bbox 2390 582 2727 654; x_wconf 84' lang='grc' dir='ltr'>προαίρεσιν,</span> <span class='ocrx_word' id='word_1_143' title='bbox 2763 581 2964 645; x_wconf 78' lang='grc' dir='ltr'>πάσαις</span> <span class='ocrx_word' id='word_1_144' title='bbox 2993 581 3312 644; x_wconf 75' lang='grc' dir='ltr'><strong>ἀκολασίαις</strong></span> <span class='ocrx_word' id='word_1_145' title='bbox 3339 580 3674 652; x_wconf 86' lang='grc' dir='ltr'>δεδουλωμέ-</span> 
     </span>
    </p>
   </div>
   <div class='ocr_carea' id='block_1_24' title="bbox 2097 673 3675 745">
    <p class='ocr_par' dir='ltr' id='par_1_24' title="bbox 2097 673 3675 745">
     <span class='ocr_line' id='line_1_24' title="bbox 2097 673 3675 745; baseline -0.001 -18"><span class='ocrx_word' id='word_1_146' title='bbox 2097 691 2198 737; x_wconf 87' lang='grc' dir='ltr'>νοι,</span> <span class='ocrx_word' id='word_1_147' title='bbox 2247 673 2402 744; x_wconf 88' lang='grc' dir='ltr'>θυμῷ</span> <span class='ocrx_word' id='word_1_148' title='bbox 2431 674 2811 745; x_wconf 83' lang='grc' dir='ltr'><strong>παραπλῆγες,</strong></span> <span class='ocrx_word' id='word_1_149' title='bbox 2865 673 3172 743; x_wconf 80' lang='grc' dir='ltr'><strong>φειδόμενοι</strong></span> <span class='ocrx_word' id='word_1_150' title='bbox 3213 673 3323 727; x_wconf 89' lang='grc' dir='ltr'><strong>τῶν</strong></span> <span class='ocrx_word' id='word_1_151' title='bbox 3362 674 3675 744; x_wconf 81' lang='grc' dir='ltr'><strong>ἀνηκέστων</strong></span> 
     </span>
    </p>
   </div>
   <div class='ocr_carea' id='block_1_25' title="bbox 2096 763 3677 835">
    <p class='ocr_par' dir='ltr' id='par_1_25' title="bbox 2096 763 3677 835">
     <span class='ocr_line' id='line_1_25' title="bbox 2096 763 3677 835; baseline -0.002 -17"><span class='ocrx_word' id='word_1_152' title='bbox 2096 765 2283 819; x_wconf 82' lang='grc' dir='ltr'>κακῶν</span> <span class='ocrx_word' id='word_1_153' title='bbox 2313 765 2542 828; x_wconf 82' lang='grc' dir='ltr'>οὐδενὸς,</span> <span class='ocrx_word' id='word_1_154' title='bbox 2560 765 2754 835; x_wconf 75' lang='grc' dir='ltr'>λῃσταὶ</span> <span class='ocrx_word' id='word_1_155' title='bbox 2782 764 2876 818; x_wconf 71' lang='grc' dir='ltr'>καὶ</span> <span class='ocrx_word' id='word_1_156' title='bbox 2907 763 3241 834; x_wconf 81' lang='grc' dir='ltr'><strong>ἀνδροφόνοι,</strong></span> <span class='ocrx_word' id='word_1_157' title='bbox 3274 763 3368 817; x_wconf 74' lang='grc' dir='ltr'><strong>καὶ</strong></span> <span class='ocrx_word' id='word_1_158' title='bbox 3401 764 3677 835; x_wconf 84' lang='grc' dir='ltr'><strong>πατρίδων</strong></span> 
     </span>
    </p>
   </div>
   <div class='ocr_carea' id='block_1_26' title="bbox 2097 853 3679 928">
    <p class='ocr_par' dir='ltr' id='par_1_26' title="bbox 2097 853 3679 928">
     <span class='ocr_line' id='line_1_26' title="bbox 2097 853 3679 928; baseline -0.002 -19"><span class='ocrx_word' id='word_1_159' title='bbox 2097 857 2380 928; x_wconf 82' lang='grc' dir='ltr'><strong>προδόται,</strong></span> <span class='ocrx_word' id='word_1_160' title='bbox 2434 855 2466 928; x_wconf 85' lang='grc' dir='ltr'>ἢ</span> <span class='ocrx_word' id='word_1_161' title='bbox 2508 855 2560 908; x_wconf 77' lang='grc' dir='ltr'><strong>εί</strong></span> <span class='ocrx_word' id='word_1_162' title='bbox 2588 873 2641 909; x_wconf 90' lang='grc' dir='ltr'><strong>τι</strong></span> <span class='ocrx_word' id='word_1_163' title='bbox 2671 855 2875 909; x_wconf 83' lang='grc' dir='ltr'>τούτων</span> <span class='ocrx_word' id='word_1_164' title='bbox 2932 855 3078 908; x_wconf 71' lang='grc' dir='ltr'>ἐστὶν</span> <span class='ocrx_word' id='word_1_165' title='bbox 3130 855 3483 927; x_wconf 79' lang='grc' dir='ltr'>ἐναγέστερον</span> <span class='ocrx_word' id='word_1_166' title='bbox 3527 853 3679 926; x_wconf 74' lang='grc' dir='ltr'>(οἷον</span> 
     </span>
    </p>
   </div>
   <div class='ocr_carea' id='block_1_27' title="bbox 2099 947 3681 1023">
    <p class='ocr_par' dir='ltr' id='par_1_27' title="bbox 2099 947 3681 1023">
     <span class='ocr_line' id='line_1_27' title="bbox 2099 947 3681 1023; baseline -0.002 -20"><span class='ocrx_word' id='word_1_167' title='bbox 2099 950 2425 1023; x_wconf 74' lang='grc' dir='ltr'>πατροφόνοι</span> <span class='ocrx_word' id='word_1_168' title='bbox 2450 967 2508 1003; x_wconf 86' lang='grc' dir='ltr'><strong>τε</strong></span> <span class='ocrx_word' id='word_1_169' title='bbox 2535 949 2629 1002; x_wconf 75' lang='grc' dir='ltr'><strong>καὶ</strong></span> <span class='ocrx_word' id='word_1_170' title='bbox 2679 947 3008 1021; x_wconf 80' lang='grc' dir='ltr'>μητρολῷαι,</span> <span class='ocrx_word' id='word_1_171' title='bbox 3058 949 3153 1002; x_wconf 74' lang='grc' dir='ltr'><strong>καὶ</strong></span> <span class='ocrx_word' id='word_1_172' title='bbox 3189 947 3558 1011; x_wconf 87' lang='grc' dir='ltr'>παιδοκτόνοι,</span> <span class='ocrx_word' id='word_1_173' title='bbox 3585 950 3681 1002; x_wconf 74' lang='grc' dir='ltr'><strong>καὶ</strong></span> 
     </span>
    </p>
   </div>
   <div class='ocr_carea' id='block_1_28' title="bbox 2073 1037 3682 1112">
    <p class='ocr_par' dir='ltr' id='par_1_28' title="bbox 2073 1037 3682 1112">
     <span class='ocr_line' id='line_1_28' title="bbox 2073 1037 3682 1112; baseline -0.002 -18"><span class='ocrx_word' id='word_1_174' title='bbox 2073 1044 2214 1105; x_wconf 14' lang='grc' dir='ltr'>,ταῖς</span> <span class='ocrx_word' id='word_1_175' title='bbox 2260 1040 2596 1112; x_wconf 84' lang='grc' dir='ltr'>παρανόμοις</span> <span class='ocrx_word' id='word_1_176' title='bbox 2631 1040 2839 1111; x_wconf 80' lang='grc' dir='ltr'>μίξεσιν</span> <span class='ocrx_word' id='word_1_177' title='bbox 2873 1037 3286 1102; x_wconf 84' lang='grc' dir='ltr'>ὲπιλυσσῶντες)</span> <span class='ocrx_word' id='word_1_178' title='bbox 3308 1080 3323 1101; x_wconf 94' lang='grc'><strong>,</strong></span> <span class='ocrx_word' id='word_1_179' title='bbox 3373 1039 3422 1092; x_wconf 89' lang='grc' dir='ltr'><strong>οί</strong></span> <span class='ocrx_word' id='word_1_180' title='bbox 3451 1038 3682 1093; x_wconf 83' lang='grc' dir='ltr'>τοιοῦτοί</span> 
     </span>
    </p>
   </div>
   <div class='ocr_carea' id='block_1_29' title="bbox 2098 1131 3683 1204">
    <p class='ocr_par' dir='ltr' id='par_1_29' title="bbox 2098 1131 3683 1204">
     <span class='ocr_line' id='line_1_29' title="bbox 2098 1131 3683 1204; baseline -0.001 -18"><span class='ocrx_word' id='word_1_181' title='bbox 2098 1149 2241 1196; x_wconf 85' lang='grc' dir='ltr'>τινες</span> <span class='ocrx_word' id='word_1_182' title='bbox 2284 1133 2454 1198; x_wconf 75' lang='grc' dir='ltr'>ὄντες,</span> <span class='ocrx_word' id='word_1_183' title='bbox 2497 1134 2554 1185; x_wconf 84' lang='grc' dir='ltr'>ὲν</span> <span class='ocrx_word' id='word_1_184' title='bbox 2604 1135 2668 1204; x_wconf 81' lang='grc' dir='ltr'>τῇ</span> <span class='ocrx_word' id='word_1_185' title='bbox 2716 1131 2884 1201; x_wconf 77' lang='grc' dir='ltr'>κακίᾳ</span> <span class='ocrx_word' id='word_1_186' title='bbox 2911 1132 3082 1204; x_wconf 78' lang='grc' dir='ltr'>ταύτῃ</span> <span class='ocrx_word' id='word_1_187' title='bbox 3116 1132 3515 1201; x_wconf 76' lang='grc' dir='ltr'>γηράσκουσινο</span> <span class='ocrx_word' id='word_1_188' title='bbox 3563 1133 3683 1195; x_wconf 90' lang='grc' dir='ltr'><strong>πῶς</strong></span> 
     </span>
    </p>
   </div>
   <div class='ocr_carea' id='block_1_30' title="bbox 2097 1223 3682 1297">
    <p class='ocr_par' dir='ltr' id='par_1_30' title="bbox 2097 1223 3682 1297">
     <span class='ocr_line' id='line_1_30' title="bbox 2097 1223 3682 1297; baseline -0.001 -19"><span class='ocrx_word' id='word_1_189' title='bbox 2097 1226 2214 1297; x_wconf 82' lang='grc' dir='ltr'>ἐρεῖ</span> <span class='ocrx_word' id='word_1_190' title='bbox 2239 1242 2324 1287; x_wconf 89' lang='grc' dir='ltr'><strong>τις</strong></span> <span class='ocrx_word' id='word_1_191' title='bbox 2362 1223 2676 1295; x_wconf 78' lang='grc' dir='ltr'>συμϐαίνειν</span> <span class='ocrx_word' id='word_1_192' title='bbox 2711 1223 2882 1277; x_wconf 90' lang='grc' dir='ltr'>ταῦτα</span> <span class='ocrx_word' id='word_1_193' title='bbox 2909 1226 3020 1286; x_wconf 87' lang='grc' dir='ltr'>τοῖς</span> <span class='ocrx_word' id='word_1_194' title='bbox 3044 1224 3535 1294; x_wconf 82' lang='grc' dir='ltr'>προεξητασμένοις</span> <span class='ocrx_word' id='word_1_195' title='bbox 3560 1241 3574 1288; x_wconf 91' lang='lat'><strong>;</strong></span> <span class='ocrx_word' id='word_1_196' title='bbox 3617 1225 3682 1276; x_wconf 81' lang='grc' dir='ltr'><strong>Εἰ</strong></span> 
     </span>
    </p>
   </div>
   <div class='ocr_carea' id='block_1_31' title="bbox 2097 1314 3682 1390">
    <p class='ocr_par' dir='ltr' id='par_1_31' title="bbox 2097 1314 3682 1390">
     <span class='ocr_line' id='line_1_31' title="bbox 2097 1314 3682 1390; baseline -0.002 -19"><span class='ocrx_word' id='word_1_197' title='bbox 2097 1318 2206 1388; x_wconf 81' lang='grc' dir='ltr'><strong>γάρ</strong></span> <span class='ocrx_word' id='word_1_198' title='bbox 2241 1318 2302 1370; x_wconf 81' lang='grc' dir='ltr'>τὸ</span> <span class='ocrx_word' id='word_1_199' title='bbox 2356 1317 2460 1390; x_wconf 75' lang='grc' dir='ltr'><strong>πρὸ</strong></span> <span class='ocrx_word' id='word_1_200' title='bbox 2501 1317 2649 1388; x_wconf 84' lang='grc' dir='ltr'>ὥρας</span> <span class='ocrx_word' id='word_1_201' title='bbox 2683 1315 3050 1387; x_wconf 87' lang='grc' dir='ltr'>ἀνάρπαστον,</span> <span class='ocrx_word' id='word_1_202' title='bbox 3096 1315 3170 1377; x_wconf 84' lang='grc' dir='ltr'>ὡς</span> <span class='ocrx_word' id='word_1_203' title='bbox 3208 1314 3273 1369; x_wconf 85' lang='grc' dir='ltr'><strong>ἂν</strong></span> <span class='ocrx_word' id='word_1_204' title='bbox 3316 1317 3388 1387; x_wconf 84' lang='grc' dir='ltr'>μὴ</span> <span class='ocrx_word' id='word_1_205' title='bbox 3419 1318 3496 1379; x_wconf 91' lang='grc' dir='ltr'><strong>είς</strong></span> <span class='ocrx_word' id='word_1_206' title='bbox 3527 1316 3682 1380; x_wconf 81' lang='grc' dir='ltr'><strong>τέλος</strong></span> 
     </span>
    </p>
   </div>
   <div class='ocr_carea' id='block_1_32' title="bbox 2099 1407 3683 1479">
    <p class='ocr_par' dir='ltr' id='par_1_32' title="bbox 2099 1407 3683 1479">
     <span class='ocr_line' id='line_1_32' title="bbox 2099 1407 3683 1479; baseline -0.001 -17"><span class='ocrx_word' id='word_1_207' title='bbox 2099 1409 2240 1462; x_wconf 87' lang='grc' dir='ltr'><strong>κατά</strong></span> <span class='ocrx_word' id='word_1_208' title='bbox 2278 1408 2339 1462; x_wconf 82' lang='grc' dir='ltr'>τὸ</span> <span class='ocrx_word' id='word_1_209' title='bbox 2364 1408 2666 1479; x_wconf 82' lang='grc' dir='ltr'>ὑπόδειγμα</span> <span class='ocrx_word' id='word_1_210' title='bbox 2697 1407 2790 1461; x_wconf 90' lang='grc' dir='ltr'><strong>τοῦ</strong></span> <span class='ocrx_word' id='word_1_211' title='bbox 2831 1407 3134 1478; x_wconf 80' lang='grc' dir='ltr'>συμποσίου</span> <span class='ocrx_word' id='word_1_212' title='bbox 3176 1410 3291 1472; x_wconf 81' lang='grc' dir='ltr'>τοῖς</span> <span class='ocrx_word' id='word_1_213' title='bbox 3333 1408 3529 1461; x_wconf 87' lang='grc' dir='ltr'>πάθεσι</span> <span class='ocrx_word' id='word_1_214' title='bbox 3580 1409 3683 1477; x_wconf 82' lang='grc' dir='ltr'><strong>τῆς</strong></span> 
     </span>
    </p>
   </div>
   <div class='ocr_carea' id='block_1_33' title="bbox 2099 1497 3685 1572">
    <p class='ocr_par' dir='ltr' id='par_1_33' title="bbox 2099 1497 3685 1572">
     <span class='ocr_line' id='line_1_33' title="bbox 2099 1497 3685 1572; baseline -0.004 -17"><span class='ocrx_word' id='word_1_215' title='bbox 2099 1501 2244 1571; x_wconf 80' lang='grc' dir='ltr'>ζωῆς</span> <span class='ocrx_word' id='word_1_216' title='bbox 2295 1502 2497 1571; x_wconf 78' lang='grc' dir='ltr'><strong>ταύτης</strong></span> <span class='ocrx_word' id='word_1_217' title='bbox 2532 1500 3052 1572; x_wconf 82' lang='grc' dir='ltr'>ὲλλαιμαργήσειεν,</span> <span class='ocrx_word' id='word_1_218' title='bbox 3102 1497 3475 1569; x_wconf 82' lang='grc' dir='ltr'>προνοητικῶς</span> <span class='ocrx_word' id='word_1_219' title='bbox 3517 1497 3685 1564; x_wconf 80' lang='grc' dir='ltr'>ὑπεξ-</span> 
     </span>
    </p>
   </div>
   <div class='ocr_carea' id='block_1_34' title="bbox 2099 1591 3686 1663">
    <p class='ocr_par' dir='ltr' id='par_1_34' title="bbox 2099 1591 3686 1663">
     <span class='ocr_line' id='line_1_34' title="bbox 2099 1591 3686 1663; baseline -0.004 -15"><span class='ocrx_word' id='word_1_220' title='bbox 2099 1597 2289 1662; x_wconf 87' lang='grc' dir='ltr'>άγεται</span> <span class='ocrx_word' id='word_1_221' title='bbox 2317 1593 2412 1648; x_wconf 89' lang='grc' dir='ltr'><strong>τοῦ</strong></span> <span class='ocrx_word' id='word_1_222' title='bbox 2449 1592 2709 1663; x_wconf 86' lang='grc' dir='ltr'>βιωτικοῦ</span> <span class='ocrx_word' id='word_1_223' title='bbox 2742 1591 3044 1663; x_wconf 79' lang='grc' dir='ltr'>συμποσίου</span> <span class='ocrx_word' id='word_1_224' title='bbox 3073 1606 3086 1620; x_wconf 71' lang='grc'><strong><em>⁸</em></strong></span> <span class='ocrx_word' id='word_1_225' title='bbox 3135 1591 3278 1654; x_wconf 88' lang='grc' dir='ltr'>τίνος</span> <span class='ocrx_word' id='word_1_226' title='bbox 3313 1591 3472 1662; x_wconf 83' lang='grc' dir='ltr'>χάριν</span> <span class='ocrx_word' id='word_1_227' title='bbox 3514 1593 3543 1644; x_wconf 88' lang='grc' dir='ltr'><strong>ό</strong></span> <span class='ocrx_word' id='word_1_228' title='bbox 3571 1608 3686 1643; x_wconf 64' lang='grc' dir='ltr'>τοι-</span> 
     </span>
    </p>
   </div>
   <div class='ocr_carea' id='block_1_35' title="bbox 2103 1683 3687 1758">
    <p class='ocr_par' dir='ltr' id='par_1_35' title="bbox 2103 1683 3687 1758">
     <span class='ocr_line' id='line_1_35' title="bbox 2103 1683 3687 1758; baseline -0.003 -19"><span class='ocrx_word' id='word_1_229' title='bbox 2103 1685 2259 1749; x_wconf 81' lang='grc' dir='ltr'>οὗτος</span> <span class='ocrx_word' id='word_1_230' title='bbox 2296 1687 2458 1758; x_wconf 87' lang='grc' dir='ltr'>μέχρι</span> <span class='ocrx_word' id='word_1_231' title='bbox 2501 1686 2688 1756; x_wconf 87' lang='grc' dir='ltr'><strong>γήρως</strong></span> <span class='ocrx_word' id='word_1_232' title='bbox 2716 1686 3040 1756; x_wconf 80' lang='grc' dir='ltr'>ἐμπαροινεί</span> <span class='ocrx_word' id='word_1_233' title='bbox 3069 1683 3146 1754; x_wconf 84' lang='grc' dir='ltr'>τῷ</span> <span class='ocrx_word' id='word_1_234' title='bbox 3179 1684 3484 1754; x_wconf 80' lang='grc' dir='ltr'>συμποσίῳ,</span> <span class='ocrx_word' id='word_1_235' title='bbox 3521 1701 3687 1754; x_wconf 81' lang='grc' dir='ltr'>πονη-</span> 
     </span>
    </p>
   </div>
   <div class='ocr_carea' id='block_1_36' title="bbox 2108 1776 3684 1852">
    <p class='ocr_par' dir='ltr' id='par_1_36' title="bbox 2108 1776 3684 1852">
     <span class='ocr_line' id='line_1_36' title="bbox 2108 1776 3684 1852; baseline -0.003 -20"><span class='ocrx_word' id='word_1_236' title='bbox 2108 1779 2205 1852; x_wconf 89' lang='grc' dir='ltr'><strong>ράν</strong></span> <span class='ocrx_word' id='word_1_237' title='bbox 2249 1778 2425 1849; x_wconf 81' lang='grc' dir='ltr'>ἑαυτῷ</span> <span class='ocrx_word' id='word_1_238' title='bbox 2469 1795 2529 1831; x_wconf 87' lang='grc' dir='ltr'><strong>τε</strong></span> <span class='ocrx_word' id='word_1_239' title='bbox 2578 1777 2673 1832; x_wconf 74' lang='grc' dir='ltr'>καὶ</span> <span class='ocrx_word' id='word_1_240' title='bbox 2714 1779 2828 1841; x_wconf 81' lang='grc' dir='ltr'>τοῖς</span> <span class='ocrx_word' id='word_1_241' title='bbox 2865 1777 3168 1848; x_wconf 83' lang='grc' dir='ltr'>συμπόταις</span> <span class='ocrx_word' id='word_1_242' title='bbox 3216 1776 3316 1832; x_wconf 56' lang='grc' dir='ltr'><strong>τὴν</strong></span> <span class='ocrx_word' id='word_1_243' title='bbox 3353 1776 3459 1830; x_wconf 91' lang='grc' dir='ltr'><strong>τῶν</strong></span> <span class='ocrx_word' id='word_1_244' title='bbox 3494 1776 3684 1830; x_wconf 84' lang='grc' dir='ltr'>κακῶν</span> 
     </span>
    </p>
   </div>
   <div class='ocr_carea' id='block_1_37' title="bbox 2107 1868 2902 1940">
    <p class='ocr_par' dir='ltr' id='par_1_37' title="bbox 2107 1868 2902 1940">
     <span class='ocr_line' id='line_1_37' title="bbox 2107 1868 2902 1940; baseline -0.003 -18"><span class='ocrx_word' id='word_1_245' title='bbox 2107 1869 2476 1940; x_wconf 74' lang='grc' dir='ltr'>ἑωλοκρασίαν</span> <span class='ocrx_word' id='word_1_246' title='bbox 2499 1868 2902 1934; x_wconf 78' lang='grc' dir='ltr'>ὲπισκεδάζων;</span> 
     </span>
    </p>
   </div>
   <div class='ocr_carea' id='block_1_38' title="bbox 417 1960 3682 2033">
    <p class='ocr_par' dir='ltr' id='par_1_38' title="bbox 417 1960 3682 2033">
     <span class='ocr_line' id='line_1_38' title="bbox 417 1960 3682 2033; baseline 0 -19"><span class='ocrx_word' id='word_1_247' title='bbox 417 1961 521 2016; x_wconf 91' lang='lat' dir='ltr'><strong>bus</strong></span> <span class='ocrx_word' id='word_1_248' title='bbox 570 1960 890 2022; x_wconf 88' lang='lat' dir='ltr'><strong>libidinibus</strong></span> <span class='ocrx_word' id='word_1_249' title='bbox 929 1961 1174 2025; x_wconf 86' lang='lat' dir='ltr'><strong>obnoxii,</strong></span> <span class='ocrx_word' id='word_1_250' title='bbox 1234 1961 1521 2016; x_wconf 88' lang='lat' dir='ltr'><strong>iracundia</strong></span> <span class='ocrx_word' id='word_1_251' title='bbox 1568 1962 1896 2033; x_wconf 76' lang='lat' dir='ltr'><strong>praecipites,</strong></span> <span class='ocrx_word' id='word_1_252' title='bbox 1931 1977 1961 2016; x_wconf 92' lang='lat' dir='ltr'><strong>a</strong></span> <span class='ocrx_word' id='word_1_253' title='bbox 1991 1962 2140 2016; x_wconf 93' lang='lat' dir='ltr'><strong>nullo</strong></span> <span class='ocrx_word' id='word_1_254' title='bbox 2172 1962 2458 2018; x_wconf 90' lang='lat' dir='ltr'><strong>incurabili</strong></span> <span class='ocrx_word' id='word_1_255' title='bbox 2488 1961 2630 2016; x_wconf 87' lang='lat' dir='ltr'><strong>malo</strong></span> <span class='ocrx_word' id='word_1_256' title='bbox 2659 1963 3016 2027; x_wconf 87' lang='lat' dir='ltr'><strong>abstinentes,</strong></span> <span class='ocrx_word' id='word_1_257' title='bbox 3057 1962 3317 2024; x_wconf 88' lang='lat' dir='ltr'><strong>latrones,</strong></span> <span class='ocrx_word' id='word_1_258' title='bbox 3373 1960 3682 2025; x_wconf 62' lang='lat' dir='ltr'><strong>homicidae,</strong></span> 
     </span>
    </p>
   </div>
   <div class='ocr_carea' id='block_1_39' title="bbox 417 2053 3683 2129">
    <p class='ocr_par' dir='ltr' id='par_1_39' title="bbox 417 2053 3683 2129">
     <span class='ocr_line' id='line_1_39' title="bbox 417 2053 3683 2129; baseline 0 -21"><span class='ocrx_word' id='word_1_259' title='bbox 417 2057 606 2126; x_wconf 68' lang='lat' dir='ltr'><strong>patria:</strong></span> <span class='ocrx_word' id='word_1_260' title='bbox 629 2057 957 2126; x_wconf 83' lang='lat' dir='ltr'><strong>proditores,</strong></span> <span class='ocrx_word' id='word_1_261' title='bbox 995 2073 1058 2112; x_wconf 90' lang='lat' dir='ltr'><strong>ac</strong></span> <span class='ocrx_word' id='word_1_262' title='bbox 1093 2057 1139 2112; x_wconf 92' lang='lat' dir='ltr'><strong>si</strong></span> <span class='ocrx_word' id='word_1_263' title='bbox 1170 2057 1301 2127; x_wconf 91' lang='lat' dir='ltr'><strong>quid</strong></span> <span class='ocrx_word' id='word_1_264' title='bbox 1330 2057 1417 2113; x_wconf 89' lang='lat' dir='ltr'><strong>his</strong></span> <span class='ocrx_word' id='word_1_265' title='bbox 1448 2065 1533 2114; x_wconf 91' lang='lat' dir='ltr'><strong>est</strong></span> <span class='ocrx_word' id='word_1_266' title='bbox 1568 2058 1965 2125; x_wconf 85' lang='lat' dir='ltr'><strong>detestabilius,</strong></span> <span class='ocrx_word' id='word_1_267' title='bbox 1998 2059 2238 2129; x_wconf 80' lang='lat' dir='ltr'><strong>magisve</strong></span> <span class='ocrx_word' id='word_1_268' title='bbox 2285 2056 2554 2112; x_wconf 83' lang='lat' dir='ltr'><strong>nefarium</strong></span> <span class='ocrx_word' id='word_1_269' title='bbox 2597 2066 2652 2112; x_wconf 94' lang='lat' dir='ltr'><strong>et</strong></span> <span class='ocrx_word' id='word_1_270' title='bbox 2686 2057 3078 2113; x_wconf 82' lang='lat' dir='ltr'><strong>exsecrandum</strong></span> <span class='ocrx_word' id='word_1_271' title='bbox 3123 2055 3332 2127; x_wconf 87' lang='lat' dir='ltr'><strong>(veluti</strong></span> <span class='ocrx_word' id='word_1_272' title='bbox 3371 2053 3683 2126; x_wconf 73' lang='lat' dir='ltr'><strong>parricidze,</strong></span> 
     </span>
    </p>
   </div>
   <div class='ocr_carea' id='block_1_40' title="bbox 417 2151 3685 2244">
    <p class='ocr_par' dir='ltr' id='par_1_40' title="bbox 417 2151 3685 2244">
     <span class='ocr_line' id='line_1_40' title="bbox 417 2151 3685 2244; baseline 0 -38"><span class='ocrx_word' id='word_1_273' title='bbox 417 2164 650 2207; x_wconf 88' lang='lat' dir='ltr'><strong>matrum</strong></span> <span class='ocrx_word' id='word_1_274' title='bbox 687 2155 1010 2224; x_wconf 86' lang='lat' dir='ltr'><strong>pulsatores,</strong></span> <span class='ocrx_word' id='word_1_275' title='bbox 1049 2154 1343 2210; x_wconf 87' lang='lat' dir='ltr'><strong>liberorum</strong></span> <span class='ocrx_word' id='word_1_276' title='bbox 1390 2154 1810 2218; x_wconf 80' lang='lat' dir='ltr'><strong>interfectores,</strong></span> <span class='ocrx_word' id='word_1_277' title='bbox 1843 2160 1898 2210; x_wconf 91' lang='lat' dir='ltr'><strong>et</strong></span> <span class='ocrx_word' id='word_1_278' title='bbox 1937 2155 2170 2226; x_wconf 88' lang='lat' dir='ltr'><strong>quadam</strong></span> <span class='ocrx_word' id='word_1_279' title='bbox 2214 2154 2371 2225; x_wconf 90' lang='lat' dir='ltr'><strong>quasi</strong></span> <span class='ocrx_word' id='word_1_280' title='bbox 2415 2153 2568 2209; x_wconf 90' lang='lat' dir='ltr'><strong>rabie</strong></span> <span class='ocrx_word' id='word_1_281' title='bbox 2624 2154 2824 2209; x_wconf 90' lang='lat' dir='ltr'><strong>mentis</strong></span> <span class='ocrx_word' id='word_1_282' title='bbox 2873 2153 3086 2244; x_wconf 65' lang='lat' dir='ltr'><strong>legibus</strong></span> <span class='ocrx_word' id='word_1_283' title='bbox 3113 2153 3311 2208; x_wconf 85' lang='lat' dir='ltr'><strong>vetitos</strong></span> <span class='ocrx_word' id='word_1_284' title='bbox 3356 2151 3685 2208; x_wconf 88' lang='lat' dir='ltr'><strong>concubitus</strong></span> 
     </span>
    </p>
   </div>
   <div class='ocr_carea' id='block_1_41' title="bbox 417 2245 3687 2318">
    <p class='ocr_par' dir='ltr' id='par_1_41' title="bbox 417 2245 3687 2318">
     <span class='ocr_line' id='line_1_41' title="bbox 417 2245 3687 2318; baseline 0.001 -21"><span class='ocrx_word' id='word_1_285' title='bbox 417 2254 689 2300; x_wconf 79' lang='lat' dir='ltr'><strong>sectantes</strong></span> <span class='ocrx_word' id='word_1_286' title='bbox 729 2265 742 2300; x_wconf 88' lang='lat'><strong>:</strong></span> <span class='ocrx_word' id='word_1_287' title='bbox 779 2248 870 2315; x_wconf 90' lang='lat' dir='ltr'><strong>qui</strong></span> <span class='ocrx_word' id='word_1_288' title='bbox 913 2260 1036 2300; x_wconf 89' lang='lat' dir='ltr'><strong>cum</strong></span> <span class='ocrx_word' id='word_1_289' title='bbox 1068 2247 1203 2301; x_wconf 87' lang='lat' dir='ltr'><strong>tales</strong></span> <span class='ocrx_word' id='word_1_290' title='bbox 1250 2248 1386 2303; x_wconf 89' lang='lat' dir='ltr'><strong>adeo</strong></span> <span class='ocrx_word' id='word_1_291' title='bbox 1434 2248 1573 2312; x_wconf 90' lang='lat' dir='ltr'><strong>sint,</strong></span> <span class='ocrx_word' id='word_1_292' title='bbox 1624 2247 1680 2301; x_wconf 92' lang='lat' dir='ltr'><strong>in</strong></span> <span class='ocrx_word' id='word_1_293' title='bbox 1728 2248 1833 2302; x_wconf 91' lang='lat' dir='ltr'><strong>hac</strong></span> <span class='ocrx_word' id='word_1_294' title='bbox 1887 2247 2130 2318; x_wconf 80' lang='lat' dir='ltr'><strong>nequitia</strong></span> <span class='ocrx_word' id='word_1_295' title='bbox 2181 2254 2346 2316; x_wconf 88' lang='lat' dir='ltr'><strong>atque</strong></span> <span class='ocrx_word' id='word_1_296' title='bbox 2398 2245 2693 2301; x_wconf 90' lang='lat' dir='ltr'><strong>vitiositate</strong></span> <span class='ocrx_word' id='word_1_297' title='bbox 2746 2252 3144 2302; x_wconf 88' lang='lat' dir='ltr'><strong>consenescunt</strong></span> <span class='ocrx_word' id='word_1_298' title='bbox 3181 2246 3497 2316; x_wconf 87' lang='lat' dir='ltr'><strong>:quomodo</strong></span> <span class='ocrx_word' id='word_1_299' title='bbox 3539 2246 3687 2300; x_wconf 87' lang='lat' dir='ltr'><strong>dicet</strong></span> 
     </span>
    </p>
   </div>
   <div class='ocr_carea' id='block_1_42' title="bbox 416 2337 3684 2412">
    <p class='ocr_par' dir='ltr' id='par_1_42' title="bbox 416 2337 3684 2412">
     <span class='ocr_line' id='line_1_42' title="bbox 416 2337 3684 2412; baseline 0.002 -22"><span class='ocrx_word' id='word_1_300' title='bbox 416 2337 614 2407; x_wconf 88' lang='lat' dir='ltr'><strong>aliquis</strong></span> <span class='ocrx_word' id='word_1_301' title='bbox 639 2338 752 2392; x_wconf 65' lang='lat' dir='ltr'><strong>haec</strong></span> <span class='ocrx_word' id='word_1_302' title='bbox 777 2353 1080 2409; x_wconf 82' lang='lat' dir='ltr'><strong>congruere</strong></span> <span class='ocrx_word' id='word_1_303' title='bbox 1109 2350 1162 2394; x_wconf 91' lang='lat' dir='ltr'><strong>et</strong></span> <span class='ocrx_word' id='word_1_304' title='bbox 1196 2342 1491 2396; x_wconf 91' lang='lat' dir='ltr'><strong>convenire</strong></span> <span class='ocrx_word' id='word_1_305' title='bbox 1524 2357 1648 2397; x_wconf 91' lang='lat' dir='ltr'><strong>cum</strong></span> <span class='ocrx_word' id='word_1_306' title='bbox 1688 2342 1758 2397; x_wconf 90' lang='lat' dir='ltr'><strong>iis</strong></span> <span class='ocrx_word' id='word_1_307' title='bbox 1794 2357 1915 2412; x_wconf 70' lang='lat' dir='ltr'><strong>quae</strong></span> <span class='ocrx_word' id='word_1_308' title='bbox 1961 2356 2126 2412; x_wconf 89' lang='lat' dir='ltr'><strong>supra</strong></span> <span class='ocrx_word' id='word_1_309' title='bbox 2173 2341 2402 2412; x_wconf 87' lang='lat' dir='ltr'><strong>quaesita</strong></span> <span class='ocrx_word' id='word_1_310' title='bbox 2429 2348 2592 2412; x_wconf 88' lang='lat' dir='ltr'><strong>atque</strong></span> <span class='ocrx_word' id='word_1_311' title='bbox 2625 2347 2856 2395; x_wconf 91' lang='lat' dir='ltr'><strong>tractata</strong></span> <span class='ocrx_word' id='word_1_312' title='bbox 2889 2341 3060 2396; x_wconf 79' lang='lat' dir='ltr'><strong>sunt?</strong></span> <span class='ocrx_word' id='word_1_313' title='bbox 3095 2339 3227 2394; x_wconf 80' lang='lat' dir='ltr'><strong>Nam</strong></span> <span class='ocrx_word' id='word_1_314' title='bbox 3259 2341 3304 2396; x_wconf 91' lang='lat' dir='ltr'><strong>si</strong></span> <span class='ocrx_word' id='word_1_315' title='bbox 3338 2341 3384 2396; x_wconf 90' lang='lat' dir='ltr'><strong>is</strong></span> <span class='ocrx_word' id='word_1_316' title='bbox 3419 2341 3510 2411; x_wconf 91' lang='lat' dir='ltr'><strong>qui</strong></span> <span class='ocrx_word' id='word_1_317' title='bbox 3542 2357 3684 2412; x_wconf 61' lang='lat' dir='ltr'><strong>prae-</strong></span> 
     </span>
    </p>
   </div>
   <div class='ocr_carea' id='block_1_43' title="bbox 418 2417 3688 2503">
    <p class='ocr_par' dir='ltr' id='par_1_43' title="bbox 418 2417 3688 2503">
     <span class='ocr_line' id='line_1_43' title="bbox 418 2417 3688 2503; baseline 0.002 -22"><span class='ocrx_word' id='word_1_318' title='bbox 418 2436 628 2483; x_wconf 88' lang='lat' dir='ltr'><strong>mature</strong></span> <span class='ocrx_word' id='word_1_319' title='bbox 662 2430 951 2500; x_wconf 89' lang='lat' dir='ltr'><strong>abripitur,</strong></span> <span class='ocrx_word' id='word_1_320' title='bbox 991 2446 1060 2486; x_wconf 90' lang='lat' dir='ltr'><strong>ne</strong></span> <span class='ocrx_word' id='word_1_321' title='bbox 1087 2431 1244 2499; x_wconf 82' lang='lat' dir='ltr'><strong>juxta</strong></span> <span class='ocrx_word' id='word_1_322' title='bbox 1277 2432 1684 2489; x_wconf 88' lang='lat' dir='ltr'><strong>similitudinem</strong></span> <span class='ocrx_word' id='word_1_323' title='bbox 1725 2417 1958 2488; x_wconf 78' lang='lat' dir='ltr'><strong>convivii</strong></span> <span class='ocrx_word' id='word_1_324' title='bbox 2013 2433 2082 2488; x_wconf 91' lang='lat' dir='ltr'><strong>ad</strong></span> <span class='ocrx_word' id='word_1_325' title='bbox 2139 2433 2300 2488; x_wconf 88' lang='lat' dir='ltr'><strong>ﬁnem</strong></span> <span class='ocrx_word' id='word_1_326' title='bbox 2334 2449 2506 2503; x_wconf 90' lang='lat' dir='ltr'><strong>usque</strong></span> <span class='ocrx_word' id='word_1_327' title='bbox 2539 2433 2592 2488; x_wconf 91' lang='lat' dir='ltr'><strong>in</strong></span> <span class='ocrx_word' id='word_1_328' title='bbox 2623 2432 2769 2488; x_wconf 87' lang='lat' dir='ltr'><strong>vitiis</strong></span> <span class='ocrx_word' id='word_1_329' title='bbox 2798 2432 2962 2502; x_wconf 81' lang='lat' dir='ltr'><strong>hujus</strong></span> <span class='ocrx_word' id='word_1_330' title='bbox 3035 2431 3158 2487; x_wconf 64' lang='lat' dir='ltr'><strong>vitae</strong></span> <span class='ocrx_word' id='word_1_331' title='bbox 3205 2433 3361 2503; x_wconf 89' lang='lat' dir='ltr'><strong>quasi</strong></span> <span class='ocrx_word' id='word_1_332' title='bbox 3413 2432 3688 2488; x_wconf 86' lang='lat' dir='ltr'><strong>helluetur</strong></span> 
     </span>
    </p>
   </div>
   <div class='ocr_carea' id='block_1_44' title="bbox 417 2519 3688 2594">
    <p class='ocr_par' dir='ltr' id='par_1_44' title="bbox 417 2519 3688 2594">
     <span class='ocr_line' id='line_1_44' title="bbox 417 2519 3688 2594; baseline 0.002 -23"><span class='ocrx_word' id='word_1_333' title='bbox 417 2527 581 2588; x_wconf 84' lang='lat' dir='ltr'><strong>atque</strong></span> <span class='ocrx_word' id='word_1_334' title='bbox 637 2519 1024 2586; x_wconf 89' lang='lat' dir='ltr'><strong>debacchetur,</strong></span> <span class='ocrx_word' id='word_1_335' title='bbox 1076 2524 1300 2593; x_wconf 82' lang='lat' dir='ltr'><strong>provida</strong></span> <span class='ocrx_word' id='word_1_336' title='bbox 1347 2525 1582 2594; x_wconf 90' lang='lat' dir='ltr'><strong>quadam</strong></span> <span class='ocrx_word' id='word_1_337' title='bbox 1637 2525 1892 2581; x_wconf 90' lang='lat' dir='ltr'><strong>cautione</strong></span> <span class='ocrx_word' id='word_1_338' title='bbox 1941 2540 2006 2578; x_wconf 92' lang='lat' dir='ltr'><strong>ac</strong></span> <span class='ocrx_word' id='word_1_339' title='bbox 2065 2525 2443 2580; x_wconf 87' lang='lat' dir='ltr'><strong>benevolentia</strong></span> <span class='ocrx_word' id='word_1_340' title='bbox 2484 2539 2550 2579; x_wconf 81' lang='lat' dir='ltr'><strong>ex</strong></span> <span class='ocrx_word' id='word_1_341' title='bbox 2589 2523 2738 2578; x_wconf 79' lang='lat' dir='ltr'><strong>vitali</strong></span> <span class='ocrx_word' id='word_1_342' title='bbox 2791 2522 3114 2578; x_wconf 88' lang='lat' dir='ltr'><strong>subducitur</strong></span> <span class='ocrx_word' id='word_1_343' title='bbox 3147 2522 3576 2593; x_wconf 82' lang='lat' dir='ltr'><strong>conviviozqua</strong></span> <span class='ocrx_word' id='word_1_344' title='bbox 3612 2521 3688 2578; x_wconf 91' lang='lat' dir='ltr'><strong>de</strong></span> 
     </span>
    </p>
   </div>
   <div class='ocr_carea' id='block_1_45' title="bbox 417 2615 3685 2688">
    <p class='ocr_par' dir='ltr' id='par_1_45' title="bbox 417 2615 3685 2688">
     <span class='ocr_line' id='line_1_45' title="bbox 417 2615 3685 2688; baseline 0.002 -20"><span class='ocrx_word' id='word_1_345' title='bbox 417 2628 606 2680; x_wconf 88' lang='lat' dir='ltr'><strong>causa,</strong></span> <span class='ocrx_word' id='word_1_346' title='bbox 647 2615 737 2684; x_wconf 87' lang='lat' dir='ltr'><strong>qui</strong></span> <span class='ocrx_word' id='word_1_347' title='bbox 773 2616 896 2672; x_wconf 89' lang='lat' dir='ltr'><strong>talis</strong></span> <span class='ocrx_word' id='word_1_348' title='bbox 934 2625 1038 2681; x_wconf 90' lang='lat' dir='ltr'><strong>est,</strong></span> <span class='ocrx_word' id='word_1_349' title='bbox 1072 2634 1243 2688; x_wconf 88' lang='lat' dir='ltr'><strong>usque</strong></span> <span class='ocrx_word' id='word_1_350' title='bbox 1269 2619 1334 2674; x_wconf 93' lang='lat' dir='ltr'><strong>ad</strong></span> <span class='ocrx_word' id='word_1_351' title='bbox 1367 2631 1703 2676; x_wconf 88' lang='lat' dir='ltr'><strong>senectutem</strong></span> <span class='ocrx_word' id='word_1_352' title='bbox 1745 2622 1799 2676; x_wconf 92' lang='lat' dir='ltr'><strong>in</strong></span> <span class='ocrx_word' id='word_1_353' title='bbox 1839 2621 2090 2677; x_wconf 92' lang='lat' dir='ltr'><strong>convivio</strong></span> <span class='ocrx_word' id='word_1_354' title='bbox 2119 2620 2507 2685; x_wconf 88' lang='lat' dir='ltr'><strong>debacchatur,</strong></span> <span class='ocrx_word' id='word_1_355' title='bbox 2544 2619 2760 2673; x_wconf 83' lang='lat' dir='ltr'><strong>noxiam</strong></span> <span class='ocrx_word' id='word_1_356' title='bbox 2803 2627 2915 2672; x_wconf 89' lang='lat' dir='ltr'><strong>tum</strong></span> <span class='ocrx_word' id='word_1_357' title='bbox 2948 2617 3086 2684; x_wconf 86' lang='lat' dir='ltr'><strong>sibi,</strong></span> <span class='ocrx_word' id='word_1_358' title='bbox 3125 2624 3238 2672; x_wconf 90' lang='lat' dir='ltr'><strong>tum</strong></span> <span class='ocrx_word' id='word_1_359' title='bbox 3275 2619 3685 2688; x_wconf 90' lang='lat' dir='ltr'><strong>compotorihus</strong></span> 
     </span>
    </p>
   </div>
   <div class='ocr_carea' id='block_1_46' title="bbox 417 2706 1772 2780">
    <p class='ocr_par' dir='ltr' id='par_1_46' title="bbox 417 2706 1772 2780">
     <span class='ocr_line' id='line_1_46' title="bbox 417 2706 1772 2780; baseline 0.006 -22"><span class='ocrx_word' id='word_1_360' title='bbox 417 2715 471 2759; x_wconf 89' lang='lat' dir='ltr'><strong>et</strong></span> <span class='ocrx_word' id='word_1_361' title='bbox 518 2706 762 2763; x_wconf 86' lang='lat' dir='ltr'><strong>convivis</strong></span> <span class='ocrx_word' id='word_1_362' title='bbox 807 2707 1074 2762; x_wconf 90' lang='lat' dir='ltr'><strong>malorum</strong></span> <span class='ocrx_word' id='word_1_363' title='bbox 1125 2710 1407 2780; x_wconf 87' lang='lat' dir='ltr'><strong>crapulam</strong></span> <span class='ocrx_word' id='word_1_364' title='bbox 1439 2711 1772 2768; x_wconf 68' lang='lat' dir='ltr'><strong>effundens?</strong></span> 
     </span>
    </p>
   </div>
   <div class='ocr_carea' id='block_1_47' title="bbox 491 2794 1998 2877">
    <p class='ocr_par' dir='ltr' id='par_1_47' title="bbox 491 2794 1998 2877">
     <span class='ocr_line' id='line_1_47' title="bbox 491 2794 1998 2877; baseline 0.004 -23"><span class='ocrx_word' id='word_1_365' title='bbox 491 2800 596 2854; x_wconf 84' lang='lat' dir='ltr'><strong>Sed</strong></span> <span class='ocrx_word' id='word_1_366' title='bbox 631 2815 750 2862; x_wconf 88' lang='lat' dir='ltr'><strong>cur,</strong></span> <span class='ocrx_word' id='word_1_367' title='bbox 791 2816 1018 2870; x_wconf 89' lang='lat' dir='ltr'><strong>prorsus</strong></span> <span class='ocrx_word' id='word_1_368' title='bbox 1066 2802 1270 2873; x_wconf 85' lang='lat' dir='ltr'><strong>inquis,</strong></span> <span class='ocrx_word' id='word_1_369' title='bbox 1317 2803 1466 2859; x_wconf 89' lang='lat' dir='ltr'><strong>hunc</strong></span> <span class='ocrx_word' id='word_1_370' title='bbox 1517 2805 1736 2874; x_wconf 88' lang='lat' dir='ltr'><strong>quidem</strong></span> <span class='ocrx_word' id='word_1_371' title='bbox 1773 2794 1998 2877; x_wconf 88' lang='lat' dir='ltr'><strong>provida</strong></span> 
     </span>
    </p>
   </div>
   <div class='ocr_carea' id='block_1_48' title="bbox 418 2891 2001 2968">
    <p class='ocr_par' dir='ltr' id='par_1_48' title="bbox 418 2891 2001 2968">
     <span class='ocr_line' id='line_1_48' title="bbox 418 2891 2001 2968; baseline 0.003 -22"><span class='ocrx_word' id='word_1_372' title='bbox 418 2891 798 2947; x_wconf 86' lang='lat' dir='ltr'><strong>benevolentia</strong></span> <span class='ocrx_word' id='word_1_373' title='bbox 863 2893 1120 2948; x_wconf 85' lang='lat' dir='ltr'><strong>subducit</strong></span> <span class='ocrx_word' id='word_1_374' title='bbox 1194 2910 1260 2949; x_wconf 86' lang='lat' dir='ltr'><strong>ex</strong></span> <span class='ocrx_word' id='word_1_375' title='bbox 1336 2896 1447 2950; x_wconf 87' lang='lat' dir='ltr'><strong>vita</strong></span> <span class='ocrx_word' id='word_1_376' title='bbox 1513 2897 1832 2968; x_wconf 90' lang='lat' dir='ltr'><strong>priusquam</strong></span> <span class='ocrx_word' id='word_1_377' title='bbox 1902 2913 2001 2968; x_wconf 92' lang='lat' dir='ltr'><strong>per</strong></span> 
     </span>
    </p>
   </div>
   <div class='ocr_carea' id='block_1_49' title="bbox 420 2985 1998 3061">
    <p class='ocr_par' dir='ltr' id='par_1_49' title="bbox 420 2985 1998 3061">
     <span class='ocr_line' id='line_1_49' title="bbox 420 2985 1998 3061; baseline 0.004 -23"><span class='ocrx_word' id='word_1_378' title='bbox 420 2985 621 3038; x_wconf 88' lang='lat' dir='ltr'><strong>malum</strong></span> <span class='ocrx_word' id='word_1_379' title='bbox 658 2985 910 3040; x_wconf 84' lang='lat' dir='ltr'><strong>voluntas</strong></span> <span class='ocrx_word' id='word_1_380' title='bbox 956 2986 1293 3054; x_wconf 84' lang='lat' dir='ltr'><strong>perﬁciatur,</strong></span> <span class='ocrx_word' id='word_1_381' title='bbox 1355 2988 1507 3042; x_wconf 90' lang='lat' dir='ltr'><strong>illum</strong></span> <span class='ocrx_word' id='word_1_382' title='bbox 1551 3004 1681 3045; x_wconf 86' lang='lat' dir='ltr'><strong>vero</strong></span> <span class='ocrx_word' id='word_1_383' title='bbox 1737 2987 1998 3061; x_wconf 76' lang='lat' dir='ltr'><strong>relinquit</strong></span> 
     </span>
    </p>
   </div>
   <div class='ocr_carea' id='block_1_50' title="bbox 421 3077 1993 3150">
    <p class='ocr_par' dir='ltr' id='par_1_50' title="bbox 421 3077 1993 3150">
     <span class='ocr_line' id='line_1_50' title="bbox 421 3077 1993 3150; baseline 0.004 -20"><span class='ocrx_word' id='word_1_384' title='bbox 421 3077 581 3131; x_wconf 89' lang='lat' dir='ltr'><strong>talem</strong></span> <span class='ocrx_word' id='word_1_385' title='bbox 612 3077 746 3138; x_wconf 83' lang='lat' dir='ltr'><strong>ﬁeri,</strong></span> <span class='ocrx_word' id='word_1_386' title='bbox 785 3085 844 3130; x_wconf 91' lang='lat' dir='ltr'><strong>ut</strong></span> <span class='ocrx_word' id='word_1_387' title='bbox 876 3078 1070 3132; x_wconf 87' lang='lat' dir='ltr'><strong>melius</strong></span> <span class='ocrx_word' id='word_1_388' title='bbox 1105 3078 1210 3148; x_wconf 91' lang='lat' dir='ltr'><strong>ipsi</strong></span> <span class='ocrx_word' id='word_1_389' title='bbox 1239 3087 1387 3134; x_wconf 89' lang='lat' dir='ltr'><strong>esset</strong></span> <span class='ocrx_word' id='word_1_390' title='bbox 1412 3080 1630 3150; x_wconf 86' lang='lat' dir='ltr'><strong>penitus</strong></span> <span class='ocrx_word' id='word_1_391' title='bbox 1651 3078 1840 3135; x_wconf 77' lang='lat' dir='ltr'><strong>ﬂatum</strong></span> <span class='ocrx_word' id='word_1_392' title='bbox 1885 3098 1993 3136; x_wconf 89' lang='lat' dir='ltr'><strong>non</strong></span> 
     </span>
    </p>
   </div>
   <div class='ocr_carea' id='block_1_51' title="bbox 419 3167 1995 3242">
    <p class='ocr_par' dir='ltr' id='par_1_51' title="bbox 419 3167 1995 3242">
     <span class='ocr_line' id='line_1_51' title="bbox 419 3167 1995 3242; baseline 0.003 -19"><span class='ocrx_word' id='word_1_393' title='bbox 419 3168 588 3224; x_wconf 85' lang='lat' dir='ltr'><strong>esse?</strong></span> <span class='ocrx_word' id='word_1_394' title='bbox 622 3167 700 3222; x_wconf 83' lang='lat' dir='ltr'><strong>Ad</strong></span> <span class='ocrx_word' id='word_1_395' title='bbox 733 3168 836 3223; x_wconf 92' lang='lat' dir='ltr'><strong>hoc</strong></span> <span class='ocrx_word' id='word_1_396' title='bbox 886 3168 1012 3230; x_wconf 84' lang='lat' dir='ltr'><strong>item</strong></span> <span class='ocrx_word' id='word_1_397' title='bbox 1057 3169 1331 3238; x_wconf 87' lang='lat' dir='ltr'><strong>ejusmodi</strong></span> <span class='ocrx_word' id='word_1_398' title='bbox 1379 3171 1670 3241; x_wconf 91' lang='lat' dir='ltr'><strong>quamdam</strong></span> <span class='ocrx_word' id='word_1_399' title='bbox 1708 3171 1995 3242; x_wconf 84' lang='lat' dir='ltr'><strong>benignio-</strong></span> 
     </span>
    </p>
   </div>
   <div class='ocr_carea' id='block_1_52' title="bbox 421 3260 1997 3334">
    <p class='ocr_par' dir='ltr' id='par_1_52' title="bbox 421 3260 1997 3334">
     <span class='ocr_line' id='line_1_52' title="bbox 421 3260 1997 3334; baseline 0.003 -19"><span class='ocrx_word' id='word_1_400' title='bbox 421 3261 574 3316; x_wconf 90' lang='lat' dir='ltr'><strong>ribus</strong></span> <span class='ocrx_word' id='word_1_401' title='bbox 603 3270 653 3316; x_wconf 90' lang='lat' dir='ltr'><strong>et</strong></span> <span class='ocrx_word' id='word_1_402' title='bbox 680 3260 1016 3331; x_wconf 66' lang='lat' dir='ltr'><strong>aequioribus</strong></span> <span class='ocrx_word' id='word_1_403' title='bbox 1054 3261 1323 3316; x_wconf 91' lang='lat' dir='ltr'><strong>rationem</strong></span> <span class='ocrx_word' id='word_1_404' title='bbox 1352 3263 1668 3328; x_wconf 87' lang='lat' dir='ltr'><strong>reddemus,</strong></span> <span class='ocrx_word' id='word_1_405' title='bbox 1717 3265 1861 3334; x_wconf 88' lang='lat' dir='ltr'><strong>quod</strong></span> <span class='ocrx_word' id='word_1_406' title='bbox 1893 3280 1997 3320; x_wconf 70' lang='lat' dir='ltr'><strong>ste—</strong></span> 
     </span>
    </p>
   </div>
   <div class='ocr_carea' id='block_1_53' title="bbox 423 3352 1998 3423">
    <p class='ocr_par' dir='ltr' id='par_1_53' title="bbox 423 3352 1998 3423">
     <span class='ocr_line' id='line_1_53' title="bbox 423 3352 1998 3423; baseline 0.002 -16"><span class='ocrx_word' id='word_1_407' title='bbox 423 3366 721 3422; x_wconf 89' lang='lat' dir='ltr'><strong>penumero</strong></span> <span class='ocrx_word' id='word_1_408' title='bbox 761 3352 871 3406; x_wconf 90' lang='lat' dir='ltr'><strong>vita</strong></span> <span class='ocrx_word' id='word_1_409' title='bbox 902 3367 1094 3407; x_wconf 89' lang='lat' dir='ltr'><strong>eorum</strong></span> <span class='ocrx_word' id='word_1_410' title='bbox 1125 3353 1220 3423; x_wconf 88' lang='lat' dir='ltr'><strong>qui</strong></span> <span class='ocrx_word' id='word_1_411' title='bbox 1253 3353 1391 3409; x_wconf 89' lang='lat' dir='ltr'><strong>bene</strong></span> <span class='ocrx_word' id='word_1_412' title='bbox 1437 3353 1695 3421; x_wconf 84' lang='lat' dir='ltr'><strong>vixerint,</strong></span> <span class='ocrx_word' id='word_1_413' title='bbox 1731 3355 1893 3409; x_wconf 88' lang='lat' dir='ltr'><strong>etiam</strong></span> <span class='ocrx_word' id='word_1_414' title='bbox 1930 3355 1998 3410; x_wconf 91' lang='lat' dir='ltr'><strong>iis</strong></span> 
     </span>
    </p>
   </div>
   <div class='ocr_carea' id='block_1_54' title="bbox 421 3444 1999 3514">
    <p class='ocr_par' dir='ltr' id='par_1_54' title="bbox 421 3444 1999 3514">
     <span class='ocr_line' id='line_1_54' title="bbox 421 3444 1999 3514; baseline 0.003 -16"><span class='ocrx_word' id='word_1_415' title='bbox 421 3445 516 3514; x_wconf 89' lang='lat' dir='ltr'><strong>qui</strong></span> <span class='ocrx_word' id='word_1_416' title='bbox 543 3460 607 3500; x_wconf 79' lang='lat' dir='ltr'><strong>ex</strong></span> <span class='ocrx_word' id='word_1_417' title='bbox 641 3444 777 3514; x_wconf 88' lang='lat' dir='ltr'><strong>ipsis</strong></span> <span class='ocrx_word' id='word_1_418' title='bbox 818 3444 933 3498; x_wconf 90' lang='lat' dir='ltr'><strong>nati</strong></span> <span class='ocrx_word' id='word_1_419' title='bbox 970 3452 1120 3509; x_wconf 90' lang='lat' dir='ltr'><strong>sunt,</strong></span> <span class='ocrx_word' id='word_1_420' title='bbox 1162 3459 1328 3500; x_wconf 88' lang='lat' dir='ltr'><strong>causa</strong></span> <span class='ocrx_word' id='word_1_421' title='bbox 1371 3447 1618 3502; x_wconf 87' lang='lat' dir='ltr'><strong>melioris</strong></span> <span class='ocrx_word' id='word_1_422' title='bbox 1666 3449 1999 3503; x_wconf 90' lang='lat' dir='ltr'><strong>conditionis</strong></span> 
     </span>
    </p>
   </div>
   <div class='ocr_carea' id='block_1_55' title="bbox 419 3535 1997 3612">
    <p class='ocr_par' dir='ltr' id='par_1_55' title="bbox 419 3535 1997 3612">
     <span class='ocr_line' id='line_1_55' title="bbox 419 3535 1997 3612; baseline 0.004 -21"><span class='ocrx_word' id='word_1_423' title='bbox 419 3546 530 3592; x_wconf 91' lang='lat' dir='ltr'><strong>est.</strong></span> <span class='ocrx_word' id='word_1_424' title='bbox 580 3535 758 3605; x_wconf 84' lang='lat' dir='ltr'><strong>Atque</strong></span> <span class='ocrx_word' id='word_1_425' title='bbox 811 3545 1072 3590; x_wconf 83' lang='lat' dir='ltr'><strong>sexcenta</strong></span> <span class='ocrx_word' id='word_1_426' title='bbox 1123 3537 1318 3590; x_wconf 91' lang='lat' dir='ltr'><strong>horum</strong></span> <span class='ocrx_word' id='word_1_427' title='bbox 1378 3552 1444 3592; x_wconf 81' lang='lat' dir='ltr'><strong>ex</strong></span> <span class='ocrx_word' id='word_1_428' title='bbox 1484 3539 1670 3594; x_wconf 91' lang='lat' dir='ltr'><strong>divina</strong></span> <span class='ocrx_word' id='word_1_429' title='bbox 1713 3539 1997 3612; x_wconf 87' lang='lat' dir='ltr'><strong>Scriptura</strong></span> 
     </span>
    </p>
   </div>
   <div class='ocr_carea' id='block_1_56' title="bbox 421 3627 1998 3703">
    <p class='ocr_par' dir='ltr' id='par_1_56' title="bbox 421 3627 1998 3703">
     <span class='ocr_line' id='line_1_56' title="bbox 421 3627 1998 3703; baseline 0.006 -21"><span class='ocrx_word' id='word_1_430' title='bbox 421 3628 736 3684; x_wconf 89' lang='lat' dir='ltr'><strong>testimonia</strong></span> <span class='ocrx_word' id='word_1_431' title='bbox 765 3635 913 3691; x_wconf 89' lang='lat' dir='ltr'><strong>sunt,</strong></span> <span class='ocrx_word' id='word_1_432' title='bbox 945 3627 1147 3697; x_wconf 89' lang='lat' dir='ltr'><strong>quibus</strong></span> <span class='ocrx_word' id='word_1_433' title='bbox 1182 3637 1368 3699; x_wconf 88' lang='lat' dir='ltr'><strong>aperte</strong></span> <span class='ocrx_word' id='word_1_434' title='bbox 1416 3630 1677 3686; x_wconf 87' lang='lat' dir='ltr'><strong>docemur</strong></span> <span class='ocrx_word' id='word_1_435' title='bbox 1705 3633 1825 3703; x_wconf 90' lang='lat' dir='ltr'><strong>ejus</strong></span> <span class='ocrx_word' id='word_1_436' title='bbox 1853 3649 1998 3691; x_wconf 65' lang='lat' dir='ltr'><strong>curae</strong></span> 
     </span>
    </p>
   </div>
   <div class='ocr_carea' id='block_1_57' title="bbox 421 3714 1995 3791">
    <p class='ocr_par' dir='ltr' id='par_1_57' title="bbox 421 3714 1995 3791">
     <span class='ocr_line' id='line_1_57' title="bbox 421 3714 1995 3791; baseline 0.006 -22"><span class='ocrx_word' id='word_1_437' title='bbox 421 3714 783 3785; x_wconf 79' lang='lat' dir='ltr'><strong>beneficiique</strong></span> <span class='ocrx_word' id='word_1_438' title='bbox 809 3717 954 3786; x_wconf 90' lang='lat' dir='ltr'><strong>quod</strong></span> <span class='ocrx_word' id='word_1_439' title='bbox 983 3715 1133 3787; x_wconf 83' lang='lat' dir='ltr'><strong>digni</strong></span> <span class='ocrx_word' id='word_1_440' title='bbox 1164 3732 1195 3771; x_wconf 92' lang='lat' dir='ltr'><strong>a</strong></span> <span class='ocrx_word' id='word_1_441' title='bbox 1225 3716 1335 3773; x_wconf 92' lang='lat' dir='ltr'><strong>Deo</strong></span> <span class='ocrx_word' id='word_1_442' title='bbox 1367 3728 1804 3791; x_wconf 89' lang='lat' dir='ltr'><strong>consequuntur,</strong></span> <span class='ocrx_word' id='word_1_443' title='bbox 1835 3724 1995 3778; x_wconf 82' lang='lat' dir='ltr'><strong>etiam</strong></span> 
     </span>
    </p>
   </div>
   <div class='ocr_carea' id='block_1_58' title="bbox 421 3804 2000 3879">
    <p class='ocr_par' dir='ltr' id='par_1_58' title="bbox 421 3804 2000 3879">
     <span class='ocr_line' id='line_1_58' title="bbox 421 3804 2000 3879; baseline 0.006 -18"><span class='ocrx_word' id='word_1_444' title='bbox 421 3821 492 3861; x_wconf 86' lang='lat' dir='ltr'><strong>ex</strong></span> <span class='ocrx_word' id='word_1_445' title='bbox 523 3804 658 3876; x_wconf 90' lang='lat' dir='ltr'><strong>ipsis</strong></span> <span class='ocrx_word' id='word_1_446' title='bbox 690 3809 1004 3877; x_wconf 83' lang='lat' dir='ltr'><strong>progenitos</strong></span> <span class='ocrx_word' id='word_1_447' title='bbox 1032 3823 1141 3862; x_wconf 90' lang='lat' dir='ltr'><strong>una</strong></span> <span class='ocrx_word' id='word_1_448' title='bbox 1172 3809 1471 3879; x_wconf 86' lang='lat' dir='ltr'><strong>participes</strong></span> <span class='ocrx_word' id='word_1_449' title='bbox 1499 3827 1641 3868; x_wconf 90' lang='lat' dir='ltr'><strong>esse.</strong></span> <span class='ocrx_word' id='word_1_450' title='bbox 1675 3811 1830 3868; x_wconf 79' lang='lat' dir='ltr'><strong>Haud</strong></span> <span class='ocrx_word' id='word_1_451' title='bbox 1874 3829 2000 3869; x_wconf 89' lang='lat' dir='ltr'><strong>con-</strong></span> 
     </span>
    </p>
   </div>
   <div class='ocr_carea' id='block_1_59' title="bbox 422 3895 2000 3976">
    <p class='ocr_par' dir='ltr' id='par_1_59' title="bbox 422 3895 2000 3976">
     <span class='ocr_line' id='line_1_59' title="bbox 422 3895 2000 3976; baseline 0.006 -27"><span class='ocrx_word' id='word_1_452' title='bbox 422 3895 714 3952; x_wconf 86' lang='lat' dir='ltr'><strong>temnenda</strong></span> <span class='ocrx_word' id='word_1_453' title='bbox 763 3904 948 3952; x_wconf 89' lang='lat' dir='ltr'><strong>autem</strong></span> <span class='ocrx_word' id='word_1_454' title='bbox 999 3912 1122 3954; x_wconf 89' lang='lat' dir='ltr'><strong>sors</strong></span> <span class='ocrx_word' id='word_1_455' title='bbox 1175 3899 1338 3954; x_wconf 78' lang='lat' dir='ltr'><strong>fuerit</strong></span> <span class='ocrx_word' id='word_1_456' title='bbox 1366 3901 1530 3955; x_wconf 89' lang='lat' dir='ltr'><strong>etiam</strong></span> <span class='ocrx_word' id='word_1_457' title='bbox 1574 3903 1737 3958; x_wconf 91' lang='lat' dir='ltr'><strong>alicui</strong></span> <span class='ocrx_word' id='word_1_458' title='bbox 1772 3905 2000 3976; x_wconf 87' lang='lat' dir='ltr'><strong>impedi-</strong></span> 
     </span>
    </p>
   </div>
   <div class='ocr_carea' id='block_1_60' title="bbox 424 3985 1998 4067">
    <p class='ocr_par' dir='ltr' id='par_1_60' title="bbox 424 3985 1998 4067">
     <span class='ocr_line' id='line_1_60' title="bbox 424 3985 1998 4067; baseline 0.006 -27"><span class='ocrx_word' id='word_1_459' title='bbox 424 3994 609 4042; x_wconf 90' lang='lat' dir='ltr'><strong>mento</strong></span> <span class='ocrx_word' id='word_1_460' title='bbox 643 3985 812 4042; x_wconf 81' lang='lat' dir='ltr'><strong>fuisse</strong></span> <span class='ocrx_word' id='word_1_461' title='bbox 849 3988 916 4042; x_wconf 88' lang='lat' dir='ltr'><strong>ad</strong></span> <span class='ocrx_word' id='word_1_462' title='bbox 951 3989 1214 4042; x_wconf 89' lang='lat' dir='ltr'><strong>malitiam</strong></span> <span class='ocrx_word' id='word_1_463' title='bbox 1239 4005 1254 4022; x_wconf 79' lang='grc' dir='ltr'><strong><em>ο</em></strong></span> <span class='ocrx_word' id='word_1_464' title='bbox 1280 3997 1335 4045; x_wconf 90' lang='lat' dir='ltr'><strong>et</strong></span> <span class='ocrx_word' id='word_1_465' title='bbox 1368 3993 1670 4061; x_wconf 87' lang='lat' dir='ltr'><strong>nequitiam</strong></span> <span class='ocrx_word' id='word_1_466' title='bbox 1717 3995 1809 4064; x_wconf 89' lang='lat' dir='ltr'><strong>qui</strong></span> <span class='ocrx_word' id='word_1_467' title='bbox 1842 3996 1998 4067; x_wconf 81' lang='lat' dir='ltr'><strong>juxta</strong></span> 
     </span>
    </p>
   </div>
   <div class='ocr_carea' id='block_1_61' title="bbox 425 4077 2000 4154">
    <p class='ocr_par' dir='ltr' id='par_1_61' title="bbox 425 4077 2000 4154">
     <span class='ocr_line' id='line_1_61' title="bbox 425 4077 2000 4154; baseline 0.009 -26"><span class='ocrx_word' id='word_1_468' title='bbox 425 4077 572 4129; x_wconf 89' lang='lat' dir='ltr'><strong>illani</strong></span> <span class='ocrx_word' id='word_1_469' title='bbox 612 4077 837 4132; x_wconf 89' lang='lat' dir='ltr'><strong>omnino</strong></span> <span class='ocrx_word' id='word_1_470' title='bbox 881 4079 1131 4135; x_wconf 86' lang='lat' dir='ltr'><strong>victurus</strong></span> <span class='ocrx_word' id='word_1_471' title='bbox 1185 4078 1402 4136; x_wconf 84' lang='lat' dir='ltr'><strong>fuisset.</strong></span> <span class='ocrx_word' id='word_1_472' title='bbox 1463 4081 1571 4137; x_wconf 89' lang='lat' dir='ltr'><strong>Sed</strong></span> <span class='ocrx_word' id='word_1_473' title='bbox 1600 4085 1860 4154; x_wconf 89' lang='lat' dir='ltr'><strong>quoniam</strong></span> <span class='ocrx_word' id='word_1_474' title='bbox 1911 4087 2000 4143; x_wconf 92' lang='lat' dir='ltr'><strong>hic</strong></span> 
     </span>
    </p>
   </div>
   <div class='ocr_carea' id='block_1_62' title="bbox 424 4168 1999 4245">
    <p class='ocr_par' dir='ltr' id='par_1_62' title="bbox 424 4168 1999 4245">
     <span class='ocr_line' id='line_1_62' title="bbox 424 4168 1999 4245; baseline 0.009 -24"><span class='ocrx_word' id='word_1_475' title='bbox 424 4168 479 4222; x_wconf 88' lang='lat' dir='ltr'><strong>in</strong></span> <span class='ocrx_word' id='word_1_476' title='bbox 519 4169 684 4224; x_wconf 89' lang='lat' dir='ltr'><strong>rebus</strong></span> <span class='ocrx_word' id='word_1_477' title='bbox 711 4169 938 4226; x_wconf 91' lang='lat' dir='ltr'><strong>incertis</strong></span> <span class='ocrx_word' id='word_1_478' title='bbox 979 4172 1158 4227; x_wconf 90' lang='lat' dir='ltr'><strong>oratio</strong></span> <span class='ocrx_word' id='word_1_479' title='bbox 1199 4173 1540 4243; x_wconf 89' lang='lat' dir='ltr'><strong>conjecturis</strong></span> <span class='ocrx_word' id='word_1_480' title='bbox 1576 4177 1780 4245; x_wconf 87' lang='lat' dir='ltr'><strong>utitur,</strong></span> <span class='ocrx_word' id='word_1_481' title='bbox 1815 4180 1999 4236; x_wconf 91' lang='lat' dir='ltr'><strong>nullus</strong></span> 
     </span>
    </p>
   </div>
   <div class='ocr_carea' id='block_1_63' title="bbox 416 4260 1996 4340">
    <p class='ocr_par' dir='ltr' id='par_1_63' title="bbox 416 4260 1996 4340">
     <span class='ocr_line' id='line_1_63' title="bbox 416 4260 1996 4340; baseline 0.008 -27"><span class='ocrx_word' id='word_1_482' title='bbox 416 4260 646 4317; x_wconf 90' lang='lat' dir='ltr'><strong>omnino</strong></span> <span class='ocrx_word' id='word_1_483' title='bbox 691 4261 1075 4332; x_wconf 88' lang='lat' dir='ltr'><strong>reprehendet,</strong></span> <span class='ocrx_word' id='word_1_484' title='bbox 1116 4264 1164 4319; x_wconf 90' lang='lat' dir='ltr'><strong>si</strong></span> <span class='ocrx_word' id='word_1_485' title='bbox 1221 4265 1278 4319; x_wconf 91' lang='lat' dir='ltr'><strong>in</strong></span> <span class='ocrx_word' id='word_1_486' title='bbox 1325 4266 1527 4322; x_wconf 89' lang='lat' dir='ltr'><strong>multas</strong></span> <span class='ocrx_word' id='word_1_487' title='bbox 1571 4275 1756 4336; x_wconf 86' lang='lat' dir='ltr'><strong>partes</strong></span> <span class='ocrx_word' id='word_1_488' title='bbox 1816 4272 1996 4340; x_wconf 85' lang='lat' dir='ltr'><strong>conje-</strong></span> 
     </span>
    </p>
   </div>
   <div class='ocr_carea' id='block_1_64' title="bbox 416 4353 1999 4419">
    <p class='ocr_par' dir='ltr' id='par_1_64' title="bbox 416 4353 1999 4419">
     <span class='ocr_line' id='line_1_64' title="bbox 416 4353 1999 4419; baseline 0.01 -16"><span class='ocrx_word' id='word_1_489' title='bbox 416 4358 577 4404; x_wconf 83' lang='lat' dir='ltr'><strong>ctura</strong></span> <span class='ocrx_word' id='word_1_490' title='bbox 621 4360 856 4408; x_wconf 85' lang='lat' dir='ltr'><strong>mentem</strong></span> <span class='ocrx_word' id='word_1_491' title='bbox 887 4353 1120 4410; x_wconf 91' lang='lat' dir='ltr'><strong>diducit.</strong></span> <span class='ocrx_word' id='word_1_492' title='bbox 1142 4355 1260 4411; x_wconf 87' lang='lat' dir='ltr'><strong>Non</strong></span> <span class='ocrx_word' id='word_1_493' title='bbox 1297 4359 1475 4413; x_wconf 89' lang='lat' dir='ltr'><strong>solum</strong></span> <span class='ocrx_word' id='word_1_494' title='bbox 1505 4361 1649 4414; x_wconf 92' lang='lat' dir='ltr'><strong>enim</strong></span> <span class='ocrx_word' id='word_1_495' title='bbox 1680 4363 1999 4419; x_wconf 89' lang='lat' dir='ltr'><strong>auctoribus</strong></span> 
     </span>
    </p>
   </div>
   <div class='ocr_carea' id='block_1_65' title="bbox 2188 2802 3685 2876">
    <p class='ocr_par' dir='ltr' id='par_1_65' title="bbox 2188 2802 3685 2876">
     <span class='ocr_line' id='line_1_65' title="bbox 2188 2802 3685 2876; baseline 0.003 -20"><span class='ocrx_word' id='word_1_496' title='bbox 2188 2804 2346 2858; x_wconf 81' lang='grc' dir='ltr'>Ἀλλά</span> <span class='ocrx_word' id='word_1_497' title='bbox 2376 2803 2462 2857; x_wconf 79' lang='grc' dir='ltr'>διὰ</span> <span class='ocrx_word' id='word_1_498' title='bbox 2493 2803 2566 2869; x_wconf 86' lang='grc' dir='ltr'><strong>τί,</strong></span> <span class='ocrx_word' id='word_1_499' title='bbox 2598 2803 2813 2865; x_wconf 83' lang='grc' dir='ltr'>πάντως</span> <span class='ocrx_word' id='word_1_500' title='bbox 2845 2804 3008 2874; x_wconf 81' lang='grc' dir='ltr'>ἐρεῖς,</span> <span class='ocrx_word' id='word_1_501' title='bbox 3040 2803 3130 2856; x_wconf 82' lang='grc' dir='ltr'><strong>τὸν</strong></span> <span class='ocrx_word' id='word_1_502' title='bbox 3178 2802 3275 2874; x_wconf 83' lang='grc' dir='ltr'>μὲν</span> <span class='ocrx_word' id='word_1_503' title='bbox 3310 2807 3685 2876; x_wconf 79' lang='grc' dir='ltr'>προνοητικῶς</span> 
     </span>
    </p>
   </div>
   <div class='ocr_carea' id='block_1_66' title="bbox 2105 2894 3685 2970">
    <p class='ocr_par' dir='ltr' id='par_1_66' title="bbox 2105 2894 3685 2970">
     <span class='ocr_line' id='line_1_66' title="bbox 2105 2894 3685 2970; baseline 0.002 -20"><span class='ocrx_word' id='word_1_504' title='bbox 2105 2897 2363 2966; x_wconf 80' lang='grc' dir='ltr'>ὑπεξάγει</span> <span class='ocrx_word' id='word_1_505' title='bbox 2385 2897 2478 2949; x_wconf 88' lang='grc' dir='ltr'><strong>τοῦ</strong></span> <span class='ocrx_word' id='word_1_506' title='bbox 2503 2895 2616 2965; x_wconf 86' lang='grc' dir='ltr'>βίου</span> <span class='ocrx_word' id='word_1_507' title='bbox 2647 2897 2776 2967; x_wconf 69' lang='grc' dir='ltr'>πρὶν</span> <span class='ocrx_word' id='word_1_508' title='bbox 2795 2894 3140 2966; x_wconf 81' lang='grc' dir='ltr'>τελειωθῆναι</span> <span class='ocrx_word' id='word_1_509' title='bbox 3161 2895 3248 2948; x_wconf 79' lang='grc' dir='ltr'>διὰ</span> <span class='ocrx_word' id='word_1_510' title='bbox 3270 2894 3363 2949; x_wconf 91' lang='grc' dir='ltr'><strong>τοῦ</strong></span> <span class='ocrx_word' id='word_1_511' title='bbox 3390 2898 3562 2952; x_wconf 88' lang='grc' dir='ltr'>κακοῦ</span> <span class='ocrx_word' id='word_1_512' title='bbox 3585 2899 3685 2970; x_wconf 80' lang='grc' dir='ltr'><strong>τὴν</strong></span> 
     </span>
    </p>
   </div>
   <div class='ocr_carea' id='block_1_67' title="bbox 2103 2985 3685 3060">
    <p class='ocr_par' dir='ltr' id='par_1_67' title="bbox 2103 2985 3685 3060">
     <span class='ocr_line' id='line_1_67' title="bbox 2103 2985 3685 3060; baseline 0.001 -19"><span class='ocrx_word' id='word_1_513' title='bbox 2103 2990 2440 3060; x_wconf 86' lang='grc' dir='ltr'>προαίρεσιν,</span> <span class='ocrx_word' id='word_1_514' title='bbox 2487 2988 2579 3041; x_wconf 75' lang='grc' dir='ltr'>τὸν</span> <span class='ocrx_word' id='word_1_515' title='bbox 2607 2987 2663 3040; x_wconf 82' lang='grc' dir='ltr'>δὲ</span> <span class='ocrx_word' id='word_1_516' title='bbox 2696 2985 3281 3055; x_wconf 83' lang='grc' dir='ltr'>καταλείπειγενέσθαι</span> <span class='ocrx_word' id='word_1_517' title='bbox 3305 2989 3566 3053; x_wconf 87' lang='grc' dir='ltr'>τοιοῦτον,</span> <span class='ocrx_word' id='word_1_518' title='bbox 3605 2989 3685 3054; x_wconf 86' lang='grc' dir='ltr'>ὠς</span> 
     </span>
    </p>
   </div>
   <div class='ocr_carea' id='block_1_68' title="bbox 2103 3076 3686 3152">
    <p class='ocr_par' dir='ltr' id='par_1_68' title="bbox 2103 3076 3686 3152">
     <span class='ocr_line' id='line_1_68' title="bbox 2103 3076 3686 3152; baseline -0.001 -16"><span class='ocrx_word' id='word_1_519' title='bbox 2103 3082 2322 3152; x_wconf 79' lang='grc' dir='ltr'>ἄμεινον</span> <span class='ocrx_word' id='word_1_520' title='bbox 2336 3080 2482 3152; x_wconf 82' lang='grc' dir='ltr'>αὐτῷ</span> <span class='ocrx_word' id='word_1_521' title='bbox 2495 3076 2632 3135; x_wconf 73' lang='grc' dir='ltr'>εἶναι</span> <span class='ocrx_word' id='word_1_522' title='bbox 2654 3079 2712 3132; x_wconf 87' lang='grc' dir='ltr'>τὸ</span> <span class='ocrx_word' id='word_1_523' title='bbox 2731 3079 2804 3151; x_wconf 84' lang='grc' dir='ltr'>μὴ</span> <span class='ocrx_word' id='word_1_524' title='bbox 2827 3078 3078 3149; x_wconf 87' lang='grc' dir='ltr'>γενέσθαι</span> <span class='ocrx_word' id='word_1_525' title='bbox 3105 3079 3269 3145; x_wconf 84' lang='grc' dir='ltr'>ὅλως;</span> <span class='ocrx_word' id='word_1_526' title='bbox 3293 3078 3436 3152; x_wconf 75' lang='grc' dir='ltr'>Πρὸς</span> <span class='ocrx_word' id='word_1_527' title='bbox 3448 3080 3505 3133; x_wconf 82' lang='grc' dir='ltr'><strong>δὲ</strong></span> <span class='ocrx_word' id='word_1_528' title='bbox 3527 3080 3686 3136; x_wconf 82' lang='grc' dir='ltr'>τοῦτο</span> 
     </span>
    </p>
   </div>
   <div class='ocr_carea' id='block_1_69' title="bbox 2098 3169 3686 3244">
    <p class='ocr_par' dir='ltr' id='par_1_69' title="bbox 2098 3169 3686 3244">
     <span class='ocr_line' id='line_1_69' title="bbox 2098 3169 3686 3244; baseline 0.003 -20"><span class='ocrx_word' id='word_1_529' title='bbox 2098 3171 2336 3226; x_wconf 87' lang='grc' dir='ltr'>τοιοῦτόν</span> <span class='ocrx_word' id='word_1_530' title='bbox 2404 3188 2524 3224; x_wconf 90' lang='grc' dir='ltr'>τινα</span> <span class='ocrx_word' id='word_1_531' title='bbox 2584 3173 2698 3235; x_wconf 81' lang='grc' dir='ltr'>τοῖς</span> <span class='ocrx_word' id='word_1_532' title='bbox 2747 3169 3271 3242; x_wconf 81' lang='grc' dir='ltr'>εὐγνωμονεστέροις</span> <span class='ocrx_word' id='word_1_533' title='bbox 3331 3172 3686 3244; x_wconf 81' lang='grc' dir='ltr'>ἀποδώσομεν</span> 
     </span>
    </p>
   </div>
   <div class='ocr_carea' id='block_1_70' title="bbox 2099 3259 3687 3333">
    <p class='ocr_par' dir='ltr' id='par_1_70' title="bbox 2099 3259 3687 3333">
     <span class='ocr_line' id='line_1_70' title="bbox 2099 3259 3687 3333; baseline 0.003 -19"><span class='ocrx_word' id='word_1_534' title='bbox 2099 3261 2272 3331; x_wconf 88' lang='grc' dir='ltr'>λόγον,</span> <span class='ocrx_word' id='word_1_535' title='bbox 2323 3263 2404 3316; x_wconf 81' lang='grc' dir='ltr'><strong>ὅτι</strong></span> <span class='ocrx_word' id='word_1_536' title='bbox 2445 3260 2704 3324; x_wconf 80' lang='grc' dir='ltr'>πολλάκις</span> <span class='ocrx_word' id='word_1_537' title='bbox 2741 3259 2917 3332; x_wconf 80' lang='grc' dir='ltr'><strong>ήξωὴ</strong></span> <span class='ocrx_word' id='word_1_538' title='bbox 2954 3260 3061 3314; x_wconf 88' lang='grc' dir='ltr'><strong>τῶν</strong></span> <span class='ocrx_word' id='word_1_539' title='bbox 3099 3259 3157 3317; x_wconf 78' lang='grc' dir='ltr'>εὖ</span> <span class='ocrx_word' id='word_1_540' title='bbox 3208 3262 3544 3333; x_wconf 78' lang='grc' dir='ltr'>βεϐιωκότων</span> <span class='ocrx_word' id='word_1_541' title='bbox 3591 3267 3687 3319; x_wconf 72' lang='grc' dir='ltr'><strong>καὶ</strong></span> 
     </span>
    </p>
   </div>
   <div class='ocr_carea' id='block_1_71' title="bbox 2099 3352 3685 3428">
    <p class='ocr_par' dir='ltr' id='par_1_71' title="bbox 2099 3352 3685 3428">
     <span class='ocr_line' id='line_1_71' title="bbox 2099 3352 3685 3428; baseline 0.001 -20"><span class='ocrx_word' id='word_1_542' title='bbox 2099 3357 2209 3418; x_wconf 84' lang='grc' dir='ltr'>τοῖς</span> <span class='ocrx_word' id='word_1_543' title='bbox 2232 3353 2488 3419; x_wconf 77' lang='grc' dir='ltr'>ἐξαύτῶν</span> <span class='ocrx_word' id='word_1_544' title='bbox 2513 3353 2659 3407; x_wconf 83' lang='grc' dir='ltr'>αἰτία</span> <span class='ocrx_word' id='word_1_545' title='bbox 2671 3352 2764 3406; x_wconf 84' lang='grc' dir='ltr'><strong>τοῦ</strong></span> <span class='ocrx_word' id='word_1_546' title='bbox 2800 3352 3068 3424; x_wconf 88' lang='grc' dir='ltr'>βελτίονος</span> <span class='ocrx_word' id='word_1_547' title='bbox 3097 3354 3324 3422; x_wconf 86' lang='grc' dir='ltr'>γίνεται.</span> <span class='ocrx_word' id='word_1_548' title='bbox 3352 3355 3458 3408; x_wconf 72' lang='grc' dir='ltr'><strong>Καὶ</strong></span> <span class='ocrx_word' id='word_1_549' title='bbox 3491 3356 3685 3428; x_wconf 87' lang='grc' dir='ltr'>μυρίαι</span> 
     </span>
    </p>
   </div>
   <div class='ocr_carea' id='block_1_72' title="bbox 2097 3445 3684 3520">
    <p class='ocr_par' dir='ltr' id='par_1_72' title="bbox 2097 3445 3684 3520">
     <span class='ocr_line' id='line_1_72' title="bbox 2097 3445 3684 3520; baseline 0.003 -22"><span class='ocrx_word' id='word_1_550' title='bbox 2097 3445 2301 3500; x_wconf 79' lang='grc' dir='ltr'>τούτων</span> <span class='ocrx_word' id='word_1_551' title='bbox 2347 3447 2411 3499; x_wconf 80' lang='grc' dir='ltr'>ἐκ</span> <span class='ocrx_word' id='word_1_552' title='bbox 2450 3446 2548 3516; x_wconf 85' lang='grc' dir='ltr'>τῆς</span> <span class='ocrx_word' id='word_1_553' title='bbox 2588 3445 2945 3501; x_wconf 82' lang='grc' dir='ltr'>θεοπνεύστου</span> <span class='ocrx_word' id='word_1_554' title='bbox 2995 3448 3218 3518; x_wconf 80' lang='grc' dir='ltr'>Γραφῆς</span> <span class='ocrx_word' id='word_1_555' title='bbox 3271 3449 3325 3502; x_wconf 84' lang='grc' dir='ltr'>αἱ</span> <span class='ocrx_word' id='word_1_556' title='bbox 3363 3449 3684 3520; x_wconf 79' lang='grc' dir='ltr'>μαρτυρίαι,</span> 
     </span>
    </p>
   </div>
   <div class='ocr_carea' id='block_1_73' title="bbox 2098 3529 3686 3610">
    <p class='ocr_par' dir='ltr' id='par_1_73' title="bbox 2098 3529 3686 3610">
     <span class='ocr_line' id='line_1_73' title="bbox 2098 3529 3686 3610; baseline 0.003 -21"><span class='ocrx_word' id='word_1_557' title='bbox 2098 3535 2166 3589; x_wconf 86' lang='grc' dir='ltr'>δι’</span> <span class='ocrx_word' id='word_1_558' title='bbox 2207 3529 2285 3590; x_wconf 84' lang='grc' dir='ltr'>ὧν</span> <span class='ocrx_word' id='word_1_559' title='bbox 2325 3536 2514 3607; x_wconf 84' lang='grc' dir='ltr'>σαφῶς</span> <span class='ocrx_word' id='word_1_560' title='bbox 2549 3537 2910 3609; x_wconf 87' lang='grc' dir='ltr'>διδασκόμεθα</span> <span class='ocrx_word' id='word_1_561' title='bbox 2948 3538 3048 3608; x_wconf 78' lang='grc' dir='ltr'>τῆς</span> <span class='ocrx_word' id='word_1_562' title='bbox 3074 3538 3225 3610; x_wconf 74' lang='grc' dir='ltr'>παρὰ</span> <span class='ocrx_word' id='word_1_563' title='bbox 3245 3538 3338 3592; x_wconf 88' lang='grc' dir='ltr'><strong>τοῦ</strong></span> <span class='ocrx_word' id='word_1_564' title='bbox 3361 3540 3494 3593; x_wconf 88' lang='grc' dir='ltr'>Θεοῦ</span> <span class='ocrx_word' id='word_1_565' title='bbox 3525 3557 3686 3609; x_wconf 72' lang='grc' dir='ltr'>γενοο</span> 
     </span>
    </p>
   </div>
   <div class='ocr_carea' id='block_1_74' title="bbox 2103 3624 3685 3701">
    <p class='ocr_par' dir='ltr' id='par_1_74' title="bbox 2103 3624 3685 3701">
     <span class='ocr_line' id='line_1_74' title="bbox 2103 3624 3685 3701; baseline 0.003 -23"><span class='ocrx_word' id='word_1_566' title='bbox 2103 3624 2270 3697; x_wconf 76' lang='grc' dir='ltr'>μένης</span> <span class='ocrx_word' id='word_1_567' title='bbox 2298 3629 2411 3691; x_wconf 86' lang='grc' dir='ltr'>τοῖς</span> <span class='ocrx_word' id='word_1_568' title='bbox 2437 3625 2608 3690; x_wconf 84' lang='grc' dir='ltr'>ἀξίοις</span> <span class='ocrx_word' id='word_1_569' title='bbox 2632 3628 2957 3698; x_wconf 82' lang='grc' dir='ltr'>κηδεμονίας</span> <span class='ocrx_word' id='word_1_570' title='bbox 2978 3628 3073 3681; x_wconf 74' lang='grc' dir='ltr'><strong>καὶ</strong></span> <span class='ocrx_word' id='word_1_571' title='bbox 3101 3629 3228 3692; x_wconf 82' lang='grc' dir='ltr'>τοὺς</span> <span class='ocrx_word' id='word_1_572' title='bbox 3245 3628 3303 3694; x_wconf 76' lang='grc' dir='ltr'><strong>ἐξ</strong></span> <span class='ocrx_word' id='word_1_573' title='bbox 3340 3628 3517 3682; x_wconf 82' lang='grc' dir='ltr'>αὐτῶν</span> <span class='ocrx_word' id='word_1_574' title='bbox 3541 3648 3685 3701; x_wconf 79' lang='grc' dir='ltr'>συμ-</span> 
     </span>
    </p>
   </div>
   <div class='ocr_carea' id='block_1_75' title="bbox 2103 3718 3681 3792">
    <p class='ocr_par' dir='ltr' id='par_1_75' title="bbox 2103 3718 3681 3792">
     <span class='ocr_line' id='line_1_75' title="bbox 2103 3718 3681 3792; baseline 0.004 -22"><span class='ocrx_word' id='word_1_575' title='bbox 2103 3718 2371 3789; x_wconf 80' lang='grc' dir='ltr'>μετέχειν.</span> <span class='ocrx_word' id='word_1_576' title='bbox 2401 3718 2628 3787; x_wconf 85' lang='grc' dir='ltr'>Ἀγαθὸν</span> <span class='ocrx_word' id='word_1_577' title='bbox 2659 3721 2703 3772; x_wconf 88' lang='grc' dir='ltr'>δ’</span> <span class='ocrx_word' id='word_1_578' title='bbox 2742 3720 2808 3774; x_wconf 85' lang='grc' dir='ltr'><strong>ἂν</strong></span> <span class='ocrx_word' id='word_1_579' title='bbox 2837 3720 2920 3791; x_wconf 74' lang='grc' dir='ltr'>εἴη</span> <span class='ocrx_word' id='word_1_580' title='bbox 2956 3720 3248 3789; x_wconf 79' lang='grc' dir='ltr'>κεφάλαιον</span> <span class='ocrx_word' id='word_1_581' title='bbox 3278 3723 3374 3776; x_wconf 77' lang='grc' dir='ltr'>καὶ</span> <span class='ocrx_word' id='word_1_582' title='bbox 3406 3722 3466 3774; x_wconf 82' lang='grc' dir='ltr'><strong>τὸ</strong></span> <span class='ocrx_word' id='word_1_583' title='bbox 3503 3724 3681 3792; x_wconf 77' lang='grc' dir='ltr'>ἐμπο-</span> 
     </span>
    </p>
   </div>
   <div class='ocr_carea' id='block_1_76' title="bbox 2099 3807 3683 3883">
    <p class='ocr_par' dir='ltr' id='par_1_76' title="bbox 2099 3807 3683 3883">
     <span class='ocr_line' id='line_1_76' title="bbox 2099 3807 3683 3883; baseline 0.004 -22"><span class='ocrx_word' id='word_1_584' title='bbox 2099 3807 2202 3861; x_wconf 80' lang='grc' dir='ltr'>δών</span> <span class='ocrx_word' id='word_1_585' title='bbox 2233 3827 2338 3862; x_wconf 85' lang='grc' dir='ltr'>τινι</span> <span class='ocrx_word' id='word_1_586' title='bbox 2377 3810 2515 3882; x_wconf 88' lang='grc' dir='ltr'>πρὸς</span> <span class='ocrx_word' id='word_1_587' title='bbox 2553 3811 2747 3865; x_wconf 87' lang='grc' dir='ltr'>κακίαν</span> <span class='ocrx_word' id='word_1_588' title='bbox 2781 3811 3034 3880; x_wconf 87' lang='grc' dir='ltr'>γενέσθαι</span> <span class='ocrx_word' id='word_1_589' title='bbox 3067 3811 3144 3883; x_wconf 86' lang='grc' dir='ltr'><strong>τῷ</strong></span> <span class='ocrx_word' id='word_1_590' title='bbox 3181 3812 3428 3883; x_wconf 86' lang='grc' dir='ltr'>μέλλοντι</span> <span class='ocrx_word' id='word_1_591' title='bbox 3463 3815 3683 3880; x_wconf 81' lang='grc' dir='ltr'>πάντως</span> 
     </span>
    </p>
   </div>
   <div class='ocr_carea' id='block_1_77' title="bbox 2101 3900 3683 3975">
    <p class='ocr_par' dir='ltr' id='par_1_77' title="bbox 2101 3900 3683 3975">
     <span class='ocr_line' id='line_1_77' title="bbox 2101 3900 3683 3975; baseline 0.004 -23"><span class='ocrx_word' id='word_1_592' title='bbox 2101 3901 2220 3954; x_wconf 89' lang='grc' dir='ltr'>κατ’</span> <span class='ocrx_word' id='word_1_593' title='bbox 2249 3900 2462 3972; x_wconf 79' lang='grc' dir='ltr'>ἐκείνην</span> <span class='ocrx_word' id='word_1_594' title='bbox 2500 3900 2808 3972; x_wconf 84' lang='grc' dir='ltr'>βιώσεσθαι.</span> <span class='ocrx_word' id='word_1_595' title='bbox 2856 3903 3008 3956; x_wconf 71' lang='grc' dir='ltr'>Ἐπεὶ</span> <span class='ocrx_word' id='word_1_596' title='bbox 3063 3903 3118 3956; x_wconf 83' lang='grc' dir='ltr'>δὲ</span> <span class='ocrx_word' id='word_1_597' title='bbox 3150 3902 3259 3956; x_wconf 92' lang='grc' dir='ltr'><strong>τῶν</strong></span> <span class='ocrx_word' id='word_1_598' title='bbox 3302 3903 3512 3975; x_wconf 80' lang='grc' dir='ltr'>ἀδήλων</span> <span class='ocrx_word' id='word_1_599' title='bbox 3538 3907 3568 3958; x_wconf 85' lang='grc' dir='ltr'>ὁ</span> <span class='ocrx_word' id='word_1_600' title='bbox 3596 3905 3683 3959; x_wconf 81' lang='grc' dir='ltr'>λόο</span> 
     </span>
    </p>
   </div>
   <div class='ocr_carea' id='block_1_78' title="bbox 2100 3991 3681 4066">
    <p class='ocr_par' dir='ltr' id='par_1_78' title="bbox 2100 3991 3681 4066">
     <span class='ocr_line' id='line_1_78' title="bbox 2100 3991 3681 4066; baseline 0.005 -23"><span class='ocrx_word' id='word_1_601' title='bbox 2100 4008 2196 4061; x_wconf 88' lang='grc' dir='ltr'><strong>γος</strong></span> <span class='ocrx_word' id='word_1_602' title='bbox 2220 3991 2449 4044; x_wconf 77' lang='grc' dir='ltr'>ἐνταῦθα</span> <span class='ocrx_word' id='word_1_603' title='bbox 2470 3995 2958 4066; x_wconf 80' lang='grc' dir='ltr'>καταστοχάζεται,</span> <span class='ocrx_word' id='word_1_604' title='bbox 2995 3996 3210 4059; x_wconf 87' lang='grc' dir='ltr'>πάντως</span> <span class='ocrx_word' id='word_1_605' title='bbox 3238 3996 3412 4059; x_wconf 69' lang='grc' dir='ltr'>οὐδεὶς</span> <span class='ocrx_word' id='word_1_606' title='bbox 3438 3998 3681 4051; x_wconf 80' lang='grc' dir='ltr'>αίτιάσε-</span> 
     </span>
    </p>
   </div>
   <div class='ocr_carea' id='block_1_79' title="bbox 2100 4083 3679 4158">
    <p class='ocr_par' dir='ltr' id='par_1_79' title="bbox 2100 4083 3679 4158">
     <span class='ocr_line' id='line_1_79' title="bbox 2100 4083 3679 4158; baseline 0.006 -22"><span class='ocrx_word' id='word_1_607' title='bbox 2100 4100 2209 4148; x_wconf 89' lang='grc' dir='ltr'>ται,</span> <span class='ocrx_word' id='word_1_608' title='bbox 2239 4083 2480 4155; x_wconf 87' lang='grc' dir='ltr'>πολλαχῆ</span> <span class='ocrx_word' id='word_1_609' title='bbox 2537 4085 2630 4138; x_wconf 90' lang='grc' dir='ltr'><strong>τοῦ</strong></span> <span class='ocrx_word' id='word_1_610' title='bbox 2676 4087 2980 4158; x_wconf 82' lang='grc' dir='ltr'>στοχασμοῦ</span> <span class='ocrx_word' id='word_1_611' title='bbox 3013 4087 3112 4158; x_wconf 82' lang='grc' dir='ltr'>τὴν</span> <span class='ocrx_word' id='word_1_612' title='bbox 3151 4086 3388 4140; x_wconf 85' lang='grc' dir='ltr'>διάνοιαν</span> <span class='ocrx_word' id='word_1_613' title='bbox 3430 4089 3679 4156; x_wconf 84' lang='grc' dir='ltr'>ἄγοντος.</span> 
     </span>
    </p>
   </div>
   <div class='ocr_carea' id='block_1_80' title="bbox 2102 4172 3683 4246">
    <p class='ocr_par' dir='ltr' id='par_1_80' title="bbox 2102 4172 3683 4246">
     <span class='ocr_line' id='line_1_80' title="bbox 2102 4172 3683 4246; baseline 0.006 -21"><span class='ocrx_word' id='word_1_614' title='bbox 2102 4172 2178 4225; x_wconf 76' lang='grc' dir='ltr'><strong>Οὐ</strong></span> <span class='ocrx_word' id='word_1_615' title='bbox 2220 4173 2379 4243; x_wconf 89' lang='grc' dir='ltr'>μόνον</span> <span class='ocrx_word' id='word_1_616' title='bbox 2422 4175 2530 4246; x_wconf 84' lang='grc' dir='ltr'><strong>γάρ</strong></span> <span class='ocrx_word' id='word_1_617' title='bbox 2581 4177 2694 4239; x_wconf 85' lang='grc' dir='ltr'>τοῖς</span> <span class='ocrx_word' id='word_1_618' title='bbox 2726 4175 3157 4246; x_wconf 86' lang='grc' dir='ltr'>καθηγουμένοις</span> <span class='ocrx_word' id='word_1_619' title='bbox 3195 4175 3289 4229; x_wconf 89' lang='grc' dir='ltr'><strong>τοῦ</strong></span> <span class='ocrx_word' id='word_1_620' title='bbox 3322 4175 3510 4243; x_wconf 86' lang='grc' dir='ltr'>γένους</span> <span class='ocrx_word' id='word_1_621' title='bbox 3535 4181 3683 4235; x_wconf 76' lang='grc' dir='ltr'>εἴποι</span> 
     </span>
    </p>
   </div>
   <div class='ocr_carea' id='block_1_81' title="bbox 2100 4264 3683 4343">
    <p class='ocr_par' dir='ltr' id='par_1_81' title="bbox 2100 4264 3683 4343">
     <span class='ocr_line' id='line_1_81' title="bbox 2100 4264 3683 4343; baseline 0.005 -25"><span class='ocrx_word' id='word_1_622' title='bbox 2100 4281 2184 4327; x_wconf 80' lang='grc' dir='ltr'><strong>τις</strong></span> <span class='ocrx_word' id='word_1_623' title='bbox 2212 4264 2279 4318; x_wconf 76' lang='grc' dir='ltr'><strong>ἂν</strong></span> <span class='ocrx_word' id='word_1_624' title='bbox 2336 4265 2426 4318; x_wconf 83' lang='grc' dir='ltr'><strong>τὸν</strong></span> <span class='ocrx_word' id='word_1_625' title='bbox 2471 4265 2603 4319; x_wconf 77' lang='grc' dir='ltr'>Θεὸν</span> <span class='ocrx_word' id='word_1_626' title='bbox 2643 4267 2997 4337; x_wconf 77' lang='grc' dir='ltr'>χαριζόμενον</span> <span class='ocrx_word' id='word_1_627' title='bbox 3041 4269 3329 4336; x_wconf 77' lang='grc' dir='ltr'>ὑπεξάγειν</span> <span class='ocrx_word' id='word_1_628' title='bbox 3356 4271 3457 4340; x_wconf 84' lang='grc' dir='ltr'><strong>τῆς</strong></span> <span class='ocrx_word' id='word_1_629' title='bbox 3500 4275 3683 4343; x_wconf 81' lang='grc' dir='ltr'>κακῆς</span> 
     </span>
    </p>
   </div>
   <div class='ocr_carea' id='block_1_82' title="bbox 2101 4355 3682 4434">
    <p class='ocr_par' dir='ltr' id='par_1_82' title="bbox 2101 4355 3682 4434">
     <span class='ocr_line' id='line_1_82' title="bbox 2101 4355 3682 4434; baseline 0.006 -25"><span class='ocrx_word' id='word_1_630' title='bbox 2101 4355 2247 4426; x_wconf 77' lang='grc' dir='ltr'>ζωῆς</span> <span class='ocrx_word' id='word_1_631' title='bbox 2279 4357 2370 4410; x_wconf 83' lang='grc' dir='ltr'><strong>τὸν</strong></span> <span class='ocrx_word' id='word_1_632' title='bbox 2422 4359 2539 4411; x_wconf 77' lang='grc' dir='ltr'>κατ’</span> <span class='ocrx_word' id='word_1_633' title='bbox 2571 4360 2740 4429; x_wconf 81' lang='grc' dir='ltr'>αὐτὴν</span> <span class='ocrx_word' id='word_1_634' title='bbox 2775 4358 3122 4432; x_wconf 83' lang='grc' dir='ltr'>βιωσόμενον,</span> <span class='ocrx_word' id='word_1_635' title='bbox 3165 4361 3278 4415; x_wconf 83' lang='grc' dir='ltr'>ἀλλ’</span> <span class='ocrx_word' id='word_1_636' title='bbox 3307 4363 3355 4415; x_wconf 87' lang='grc' dir='ltr'><strong>εί</strong></span> <span class='ocrx_word' id='word_1_637' title='bbox 3383 4363 3480 4416; x_wconf 76' lang='grc' dir='ltr'>καὶ</span> <span class='ocrx_word' id='word_1_638' title='bbox 3513 4365 3682 4434; x_wconf 86' lang='grc' dir='ltr'>μηδὲν</span> 
     </span>
    </p>
   </div>
   <div class='ocr_carea' id='block_1_83' title="bbox 417 4441 1996 4531">
    <p class='ocr_par' dir='ltr' id='par_1_83' title="bbox 417 4441 1996 4521">
     <span class='ocr_line' id='line_1_83' title="bbox 417 4441 1996 4521; baseline 0.01 -28"><span class='ocrx_word' id='word_1_639' title='bbox 417 4441 638 4510; x_wconf 76' lang='lat' dir='ltr'><strong>generis</strong></span> <span class='ocrx_word' id='word_1_640' title='bbox 663 4444 1062 4514; x_wconf 80' lang='lat' dir='ltr'><strong>gratiﬁcantem</strong></span> <span class='ocrx_word' id='word_1_641' title='bbox 1096 4445 1264 4502; x_wconf 90' lang='lat' dir='ltr'><strong>Deum</strong></span> <span class='ocrx_word' id='word_1_642' title='bbox 1321 4448 1521 4506; x_wconf 84' lang='lat' dir='ltr'><strong>dixerit</strong></span> <span class='ocrx_word' id='word_1_643' title='bbox 1555 4451 1756 4521; x_wconf 90' lang='lat' dir='ltr'><strong>aliquis</strong></span> <span class='ocrx_word' id='word_1_644' title='bbox 1796 4468 1862 4509; x_wconf 82' lang='lat' dir='ltr'><strong>ex</strong></span> <span class='ocrx_word' id='word_1_645' title='bbox 1894 4455 1996 4508; x_wconf 90' lang='lat' dir='ltr'><strong>im-</strong></span> 
     </span>
    </p>
   </div>
   <div class='ocr_carea' id='block_1_84' title="bbox 2100 4441 3680 4531">
    <p class='ocr_par' dir='ltr' id='par_1_84' title="bbox 2104 4447 3680 4526">
     <span class='ocr_line' id='line_1_84' title="bbox 2104 4447 3680 4526; baseline 0.008 -27"><span class='ocrx_word' id='word_1_646' title='bbox 2104 4449 2188 4518; x_wconf 79' lang='grc' dir='ltr'>ετη</span> <span class='ocrx_word' id='word_1_647' title='bbox 2223 4447 2461 4502; x_wconf 87' lang='grc' dir='ltr'>τοιοῦτον</span> <span class='ocrx_word' id='word_1_648' title='bbox 2489 4450 2711 4503; x_wconf 76' lang='grc' dir='ltr'>ἐπὶτῶν</span> <span class='ocrx_word' id='word_1_649' title='bbox 2739 4452 2844 4521; x_wconf 85' lang='grc' dir='ltr'>πρὸ</span> <span class='ocrx_word' id='word_1_650' title='bbox 2881 4451 3030 4523; x_wconf 83' lang='grc' dir='ltr'>ὥρας</span> <span class='ocrx_word' id='word_1_651' title='bbox 3064 4453 3549 4526; x_wconf 81' lang='grc' dir='ltr'>ἀναρπαζομένων,</span> <span class='ocrx_word' id='word_1_652' title='bbox 3585 4458 3680 4510; x_wconf 82' lang='grc' dir='ltr'>οὑ-</span> 
     </span>
    </p>
   </div>
   <div class='ocr_carea' id='block_1_85' title="bbox 420 4533 1997 4608">
    <p class='ocr_par' dir='ltr' id='par_1_85' title="bbox 420 4533 1997 4608">
     <span class='ocr_line' id='line_1_85' title="bbox 420 4533 1997 4608; baseline 0.011 -23"><span class='ocrx_word' id='word_1_653' title='bbox 420 4533 594 4601; x_wconf 90' lang='lat' dir='ltr'><strong>proba</strong></span> <span class='ocrx_word' id='word_1_654' title='bbox 627 4535 740 4604; x_wconf 72' lang='lat' dir='ltr'><strong>vita</strong></span> <span class='ocrx_word' id='word_1_655' title='bbox 777 4535 1084 4591; x_wconf 89' lang='lat' dir='ltr'><strong>subducere</strong></span> <span class='ocrx_word' id='word_1_656' title='bbox 1106 4553 1229 4592; x_wconf 90' lang='lat' dir='ltr'><strong>eum</strong></span> <span class='ocrx_word' id='word_1_657' title='bbox 1258 4539 1352 4608; x_wconf 70' lang='lat' dir='ltr'><strong>qui</strong></span> <span class='ocrx_word' id='word_1_658' title='bbox 1384 4540 1437 4593; x_wconf 90' lang='lat' dir='ltr'><strong>in</strong></span> <span class='ocrx_word' id='word_1_659' title='bbox 1477 4556 1540 4595; x_wconf 87' lang='lat' dir='ltr'><strong>ea</strong></span> <span class='ocrx_word' id='word_1_660' title='bbox 1575 4543 1824 4600; x_wconf 87' lang='lat' dir='ltr'><strong>victurus</strong></span> <span class='ocrx_word' id='word_1_661' title='bbox 1863 4545 1997 4602; x_wconf 78' lang='lat' dir='ltr'><strong>fuis—</strong></span> 
     </span>
    </p>
   </div>
   <div class='ocr_carea' id='block_1_86' title="bbox 418 4626 1994 4706">
    <p class='ocr_par' dir='ltr' id='par_1_86' title="bbox 418 4626 1994 4706">
     <span class='ocr_line' id='line_1_86' title="bbox 418 4626 1994 4706; baseline 0.008 -28"><span class='ocrx_word' id='word_1_662' title='bbox 418 4633 529 4691; x_wconf 85' lang='lat' dir='ltr'><strong>set,</strong></span> <span class='ocrx_word' id='word_1_663' title='bbox 568 4640 756 4680; x_wconf 88' lang='lat' dir='ltr'><strong>verum</strong></span> <span class='ocrx_word' id='word_1_664' title='bbox 785 4626 949 4681; x_wconf 86' lang='lat' dir='ltr'><strong>etiam</strong></span> <span class='ocrx_word' id='word_1_665' title='bbox 979 4627 1024 4682; x_wconf 92' lang='lat' dir='ltr'><strong>si</strong></span> <span class='ocrx_word' id='word_1_666' title='bbox 1067 4627 1201 4681; x_wconf 89' lang='lat' dir='ltr'><strong>nihil</strong></span> <span class='ocrx_word' id='word_1_667' title='bbox 1245 4629 1516 4697; x_wconf 91' lang='lat' dir='ltr'><strong>ejusmodi</strong></span> <span class='ocrx_word' id='word_1_668' title='bbox 1556 4634 1629 4687; x_wconf 89' lang='lat' dir='ltr'><strong>sit</strong></span> <span class='ocrx_word' id='word_1_669' title='bbox 1659 4634 1713 4687; x_wconf 93' lang='lat' dir='ltr'><strong>in</strong></span> <span class='ocrx_word' id='word_1_670' title='bbox 1775 4636 1862 4701; x_wconf 92' lang='lat' dir='ltr'><strong>iis,</strong></span> <span class='ocrx_word' id='word_1_671' title='bbox 1903 4638 1994 4706; x_wconf 92' lang='lat' dir='ltr'><strong>qui</strong></span> 
     </span>
    </p>
   </div>
   <div class='ocr_carea' id='block_1_87' title="bbox 422 4716 1998 4796">
    <p class='ocr_par' dir='ltr' id='par_1_87' title="bbox 422 4716 1998 4796">
     <span class='ocr_line' id='line_1_87' title="bbox 422 4716 1998 4796; baseline 0.007 -25"><span class='ocrx_word' id='word_1_672' title='bbox 422 4725 753 4796; x_wconf 62' lang='lat' dir='ltr'><strong>praemature</strong></span> <span class='ocrx_word' id='word_1_673' title='bbox 802 4716 1193 4787; x_wconf 84' lang='lat' dir='ltr'><strong>abripiuntur,</strong></span> <span class='ocrx_word' id='word_1_674' title='bbox 1255 4718 1398 4774; x_wconf 90' lang='lat' dir='ltr'><strong>haud</strong></span> <span class='ocrx_word' id='word_1_675' title='bbox 1465 4722 1766 4778; x_wconf 88' lang='lat' dir='ltr'><strong>absurdum</strong></span> <span class='ocrx_word' id='word_1_676' title='bbox 1835 4726 1998 4782; x_wconf 80' lang='lat' dir='ltr'><strong>fuerit</strong></span> 
     </span>
    </p>
   </div>
   <div class='ocr_carea' id='block_1_88' title="bbox 419 4808 1997 4878">
    <p class='ocr_par' dir='ltr' id='par_1_88' title="bbox 419 4808 1997 4878">
     <span class='ocr_line' id='line_1_88' title="bbox 419 4808 1997 4878; baseline 0.008 -17"><span class='ocrx_word' id='word_1_677' title='bbox 419 4809 636 4878; x_wconf 86' lang='lat' dir='ltr'><strong>opinari</strong></span> <span class='ocrx_word' id='word_1_678' title='bbox 675 4808 918 4865; x_wconf 88' lang='lat' dir='ltr'><strong>atrocius</strong></span> <span class='ocrx_word' id='word_1_679' title='bbox 940 4822 1002 4863; x_wconf 88' lang='lat' dir='ltr'><strong>ac</strong></span> <span class='ocrx_word' id='word_1_680' title='bbox 1026 4808 1395 4878; x_wconf 88' lang='lat' dir='ltr'><strong>periculosius</strong></span> <span class='ocrx_word' id='word_1_681' title='bbox 1420 4812 1543 4869; x_wconf 89' lang='lat' dir='ltr'><strong>illos</strong></span> <span class='ocrx_word' id='word_1_682' title='bbox 1571 4828 1694 4870; x_wconf 89' lang='lat' dir='ltr'><strong>sese</strong></span> <span class='ocrx_word' id='word_1_683' title='bbox 1719 4815 1772 4869; x_wconf 93' lang='lat' dir='ltr'><strong>in</strong></span> <span class='ocrx_word' id='word_1_684' title='bbox 1804 4817 1997 4873; x_wconf 83' lang='lat' dir='ltr'><strong>vitiosa</strong></span> 
     </span>
    </p>
   </div>
   <div class='ocr_carea' id='block_1_89' title="bbox 421 4899 1995 4980">
    <p class='ocr_par' dir='ltr' id='par_1_89' title="bbox 421 4899 1995 4980">
     <span class='ocr_line' id='line_1_89' title="bbox 421 4899 1995 4980; baseline 0.007 -27"><span class='ocrx_word' id='word_1_685' title='bbox 421 4902 533 4953; x_wconf 82' lang='lat' dir='ltr'><strong>vita</strong></span> <span class='ocrx_word' id='word_1_686' title='bbox 561 4907 812 4970; x_wconf 85' lang='lat' dir='ltr'><strong>gesturos</strong></span> <span class='ocrx_word' id='word_1_687' title='bbox 843 4899 1035 4966; x_wconf 83' lang='lat' dir='ltr'><strong>fuisse,</strong></span> <span class='ocrx_word' id='word_1_688' title='bbox 1065 4901 1471 4971; x_wconf 73' lang='lat' dir='ltr'><strong>quam&#39;illorum</strong></span> <span class='ocrx_word' id='word_1_689' title='bbox 1506 4919 1858 4976; x_wconf 88' lang='lat' dir='ltr'><strong>quemquam,</strong></span> <span class='ocrx_word' id='word_1_690' title='bbox 1903 4911 1995 4980; x_wconf 90' lang='lat' dir='ltr'><strong>qui</strong></span> 
     </span>
    </p>
   </div>
   <div class='ocr_carea' id='block_1_90' title="bbox 414 4991 1994 5066">
    <p class='ocr_par' dir='ltr' id='par_1_90' title="bbox 414 4991 1994 5066">
     <span class='ocr_line' id='line_1_90' title="bbox 414 4991 1994 5066; baseline 0.008 -21"><span class='ocrx_word' id='word_1_691' title='bbox 414 4991 492 5046; x_wconf 85' lang='lat' dir='ltr'><strong>ob</strong></span> <span class='ocrx_word' id='word_1_692' title='bbox 537 4994 704 5044; x_wconf 87' lang='lat' dir='ltr'><strong>vitam</strong></span> <span class='ocrx_word' id='word_1_693' title='bbox 741 5005 973 5060; x_wconf 86' lang='lat' dir='ltr'><strong>nequam</strong></span> <span class='ocrx_word' id='word_1_694' title='bbox 1025 5001 1188 5060; x_wconf 89' lang='lat' dir='ltr'><strong>atque</strong></span> <span class='ocrx_word' id='word_1_695' title='bbox 1219 4993 1520 5064; x_wconf 86' lang='lat' dir='ltr'><strong>improbam</strong></span> <span class='ocrx_word' id='word_1_696' title='bbox 1555 4996 1827 5066; x_wconf 84' lang='lat' dir='ltr'><strong>nobilitati</strong></span> <span class='ocrx_word' id='word_1_697' title='bbox 1876 4999 1994 5057; x_wconf 79' lang='lat' dir='ltr'><strong>fue-</strong></span> 
     </span>
    </p>
   </div>
   <div class='ocr_carea' id='block_1_91' title="bbox 421 5082 1995 5146">
    <p class='ocr_par' dir='ltr' id='par_1_91' title="bbox 421 5082 1995 5146">
     <span class='ocr_line' id='line_1_91' title="bbox 421 5082 1995 5146; baseline 0.005 -8"><span class='ocrx_word' id='word_1_698' title='bbox 421 5085 554 5138; x_wconf 84' lang='lat' dir='ltr'><strong>rint.</strong></span> <span class='ocrx_word' id='word_1_699' title='bbox 587 5083 719 5136; x_wconf 84' lang='lat' dir='ltr'><strong>Nam</strong></span> <span class='ocrx_word' id='word_1_700' title='bbox 748 5082 884 5136; x_wconf 92' lang='lat' dir='ltr'><strong>nihil</strong></span> <span class='ocrx_word' id='word_1_701' title='bbox 911 5083 1025 5138; x_wconf 82' lang='lat' dir='ltr'><strong>ﬁeri</strong></span> <span class='ocrx_word' id='word_1_702' title='bbox 1067 5084 1188 5139; x_wconf 89' lang='lat' dir='ltr'><strong>sine</strong></span> <span class='ocrx_word' id='word_1_703' title='bbox 1217 5082 1327 5138; x_wconf 82' lang='lat' dir='ltr'><strong>Deo</strong></span> <span class='ocrx_word' id='word_1_704' title='bbox 1360 5100 1427 5140; x_wconf 84' lang='lat' dir='ltr'><strong>ex</strong></span> <span class='ocrx_word' id='word_1_705' title='bbox 1459 5089 1647 5145; x_wconf 91' lang='lat' dir='ltr'><strong>multis</strong></span> <span class='ocrx_word' id='word_1_706' title='bbox 1689 5090 1855 5146; x_wconf 89' lang='lat' dir='ltr'><strong>rebus</strong></span> <span class='ocrx_word' id='word_1_707' title='bbox 1909 5091 1995 5146; x_wconf 88' lang='lat' dir='ltr'><strong>di-</strong></span> 
     </span>
    </p>
   </div>
   <div class='ocr_carea' id='block_1_92' title="bbox 421 5177 1996 5249">
    <p class='ocr_par' dir='ltr' id='par_1_92' title="bbox 421 5177 1996 5249">
     <span class='ocr_line' id='line_1_92' title="bbox 421 5177 1996 5249; baseline 0.006 -18"><span class='ocrx_word' id='word_1_708' title='bbox 421 5177 708 5232; x_wconf 86' lang='lat' dir='ltr'><strong>dicimus:</strong></span> <span class='ocrx_word' id='word_1_709' title='bbox 775 5189 997 5229; x_wconf 83' lang='lat' dir='ltr'><strong>rursum</strong></span> <span class='ocrx_word' id='word_1_710' title='bbox 1055 5191 1187 5231; x_wconf 82' lang='lat' dir='ltr'><strong>vero</strong></span> <span class='ocrx_word' id='word_1_711' title='bbox 1229 5191 1340 5231; x_wconf 87' lang='lat' dir='ltr'><strong>non</strong></span> <span class='ocrx_word' id='word_1_712' title='bbox 1408 5177 1633 5234; x_wconf 74' lang='lat' dir='ltr'><strong>fortuita</strong></span> <span class='ocrx_word' id='word_1_713' title='bbox 1693 5197 1838 5249; x_wconf 88' lang='lat' dir='ltr'><strong>esse,</strong></span> <span class='ocrx_word' id='word_1_714' title='bbox 1896 5200 1996 5240; x_wconf 89' lang='lat' dir='ltr'><strong>nec</strong></span> 
     </span>
    </p>
   </div>
   <div class='ocr_carea' id='block_1_93' title="bbox 421 5253 1994 5343">
    <p class='ocr_par' dir='ltr' id='par_1_93' title="bbox 421 5253 1994 5343">
     <span class='ocr_line' id='line_1_93' title="bbox 421 5253 1994 5343; baseline 0.005 -21"><span class='ocrx_word' id='word_1_715' title='bbox 421 5269 636 5324; x_wconf 88' lang='lat' dir='ltr'><strong>ratione</strong></span> <span class='ocrx_word' id='word_1_716' title='bbox 686 5283 879 5323; x_wconf 88' lang='lat' dir='ltr'><strong>carere</strong></span> <span class='ocrx_word' id='word_1_717' title='bbox 937 5253 1000 5324; x_wconf 79' lang='lat' dir='ltr'><strong>ea</strong></span> <span class='ocrx_word' id='word_1_718' title='bbox 1035 5284 1154 5339; x_wconf 68' lang='lat' dir='ltr'><strong>qua:</strong></span> <span class='ocrx_word' id='word_1_719' title='bbox 1193 5268 1459 5328; x_wconf 89' lang='lat' dir='ltr'><strong>divinitus</strong></span> <span class='ocrx_word' id='word_1_720' title='bbox 1513 5272 1994 5343; x_wconf 88' lang='lat' dir='ltr'><strong>administrantur,</strong></span> 
     </span>
    </p>
   </div>
   <div class='ocr_carea' id='block_1_94' title="bbox 421 5361 1997 5436">
    <p class='ocr_par' dir='ltr' id='par_1_94' title="bbox 421 5361 1997 5436">
     <span class='ocr_line' id='line_1_94' title="bbox 421 5361 1997 5436; baseline 0.006 -21"><span class='ocrx_word' id='word_1_721' title='bbox 421 5375 584 5416; x_wconf 92' lang='lat' dir='ltr'><strong>nemo</strong></span> <span class='ocrx_word' id='word_1_722' title='bbox 608 5375 716 5416; x_wconf 91' lang='lat' dir='ltr'><strong>non</strong></span> <span class='ocrx_word' id='word_1_723' title='bbox 747 5361 1106 5428; x_wconf 90' lang='lat' dir='ltr'><strong>concesserit,</strong></span> <span class='ocrx_word' id='word_1_724' title='bbox 1146 5363 1329 5418; x_wconf 86' lang='lat' dir='ltr'><strong>sciens</strong></span> <span class='ocrx_word' id='word_1_725' title='bbox 1385 5365 1533 5436; x_wconf 91' lang='lat' dir='ltr'><strong>quod</strong></span> <span class='ocrx_word' id='word_1_726' title='bbox 1587 5366 1730 5422; x_wconf 89' lang='lat' dir='ltr'><strong>Deus</strong></span> <span class='ocrx_word' id='word_1_727' title='bbox 1760 5369 1902 5423; x_wconf 90' lang='lat' dir='ltr'><strong>ratio</strong></span> <span class='ocrx_word' id='word_1_728' title='bbox 1934 5387 1997 5424; x_wconf 91' lang='lat' dir='ltr'><strong>ac</strong></span> 
     </span>
    </p>
   </div>
   <div class='ocr_carea' id='block_1_95' title="bbox 423 5451 1996 5520">
    <p class='ocr_par' dir='ltr' id='par_1_95' title="bbox 423 5451 1996 5520">
     <span class='ocr_line' id='line_1_95' title="bbox 423 5451 1996 5520; baseline 0.006 -16"><span class='ocrx_word' id='word_1_729' title='bbox 423 5451 691 5520; x_wconf 88' lang='lat' dir='ltr'><strong>sapientia</strong></span> <span class='ocrx_word' id='word_1_730' title='bbox 745 5461 851 5517; x_wconf 88' lang='lat' dir='ltr'><strong>est,</strong></span> <span class='ocrx_word' id='word_1_731' title='bbox 897 5460 951 5508; x_wconf 91' lang='lat' dir='ltr'><strong>et</strong></span> <span class='ocrx_word' id='word_1_732' title='bbox 1003 5453 1181 5508; x_wconf 91' lang='lat' dir='ltr'><strong>omnis</strong></span> <span class='ocrx_word' id='word_1_733' title='bbox 1214 5453 1387 5509; x_wconf 88' lang='lat' dir='ltr'><strong>virtus</strong></span> <span class='ocrx_word' id='word_1_734' title='bbox 1442 5471 1507 5510; x_wconf 91' lang='lat' dir='ltr'><strong>ac</strong></span> <span class='ocrx_word' id='word_1_735' title='bbox 1562 5457 1792 5513; x_wconf 89' lang='lat' dir='ltr'><strong>veritas.</strong></span> <span class='ocrx_word' id='word_1_736' title='bbox 1850 5459 1996 5514; x_wconf 86' lang='lat' dir='ltr'><strong>Nihil</strong></span> 
     </span>
    </p>
   </div>
   <div class='ocr_carea' id='block_1_96' title="bbox 423 5544 1998 5619">
    <p class='ocr_par' dir='ltr' id='par_1_96' title="bbox 423 5544 1998 5619">
     <span class='ocr_line' id='line_1_96' title="bbox 423 5544 1998 5619; baseline 0.006 -23"><span class='ocrx_word' id='word_1_737' title='bbox 423 5551 603 5596; x_wconf 87' lang='lat' dir='ltr'><strong>autem</strong></span> <span class='ocrx_word' id='word_1_738' title='bbox 646 5544 896 5611; x_wconf 91' lang='lat' dir='ltr'><strong>rationis,</strong></span> <span class='ocrx_word' id='word_1_739' title='bbox 930 5545 1140 5600; x_wconf 89' lang='lat' dir='ltr'><strong>ratione</strong></span> <span class='ocrx_word' id='word_1_740' title='bbox 1172 5554 1343 5611; x_wconf 86' lang='lat' dir='ltr'><strong>caret,</strong></span> <span class='ocrx_word' id='word_1_741' title='bbox 1392 5562 1569 5618; x_wconf 90' lang='lat' dir='ltr'><strong>neque</strong></span> <span class='ocrx_word' id='word_1_742' title='bbox 1603 5550 1869 5619; x_wconf 84' lang='lat' dir='ltr'><strong>sapientis</strong></span> <span class='ocrx_word' id='word_1_743' title='bbox 1900 5554 1998 5606; x_wconf 83' lang='lat' dir='ltr'><strong>ali-</strong></span> 
     </span>
    </p>
   </div>
   <div class='ocr_carea' id='block_1_97' title="bbox 422 5633 1995 5710">
    <p class='ocr_par' dir='ltr' id='par_1_97' title="bbox 422 5633 1995 5710">
     <span class='ocr_line' id='line_1_97' title="bbox 422 5633 1995 5710; baseline 0.008 -24"><span class='ocrx_word' id='word_1_744' title='bbox 422 5633 552 5704; x_wconf 87' lang='lat' dir='ltr'><strong>quid</strong></span> <span class='ocrx_word' id='word_1_745' title='bbox 596 5636 860 5706; x_wconf 89' lang='lat' dir='ltr'><strong>insipiens</strong></span> <span class='ocrx_word' id='word_1_746' title='bbox 903 5644 1006 5700; x_wconf 87' lang='lat' dir='ltr'><strong>est,</strong></span> <span class='ocrx_word' id='word_1_747' title='bbox 1039 5653 1214 5707; x_wconf 87' lang='lat' dir='ltr'><strong>neque</strong></span> <span class='ocrx_word' id='word_1_748' title='bbox 1244 5646 1369 5710; x_wconf 36' lang='lat' dir='ltr'><strong>tum.</strong></span> <span class='ocrx_word' id='word_1_749' title='bbox 1391 5641 1597 5705; x_wconf 89' lang='lat' dir='ltr'><strong>virtus,</strong></span> <span class='ocrx_word' id='word_1_750' title='bbox 1633 5649 1747 5697; x_wconf 92' lang='lat' dir='ltr'><strong>tum</strong></span> <span class='ocrx_word' id='word_1_751' title='bbox 1795 5643 1995 5698; x_wconf 88' lang='lat' dir='ltr'><strong>veritas</strong></span> 
     </span>
    </p>
   </div>
   <div class='ocr_carea' id='block_1_98' title="bbox 418 5723 1996 5800">
    <p class='ocr_par' dir='ltr' id='par_1_98' title="bbox 418 5723 1996 5800">
     <span class='ocr_line' id='line_1_98' title="bbox 418 5723 1996 5800; baseline 0.006 -21"><span class='ocrx_word' id='word_1_752' title='bbox 418 5723 708 5781; x_wconf 87' lang='lat' dir='ltr'><strong>admiserit</strong></span> <span class='ocrx_word' id='word_1_753' title='bbox 739 5734 900 5800; x_wconf 79' lang='lat' dir='ltr'><strong>atque</strong></span> <span class='ocrx_word' id='word_1_754' title='bbox 943 5728 1262 5782; x_wconf 86' lang='lat' dir='ltr'><strong>sustinuerit</strong></span> <span class='ocrx_word' id='word_1_755' title='bbox 1317 5728 1369 5783; x_wconf 85' lang='lat' dir='ltr'><strong>id</strong></span> <span class='ocrx_word' id='word_1_756' title='bbox 1413 5732 1584 5800; x_wconf 17' lang='lat' dir='ltr'><strong>quod,</strong></span> <span class='ocrx_word' id='word_1_757' title='bbox 1621 5747 1742 5785; x_wconf 92' lang='lat' dir='ltr'><strong>cum</strong></span> <span class='ocrx_word' id='word_1_758' title='bbox 1795 5733 1996 5790; x_wconf 85' lang='lat' dir='ltr'><strong>virtute</strong></span> 
     </span>
    </p>
   </div>
   <div class='ocr_carea' id='block_1_99' title="bbox 2103 4539 3682 4617">
    <p class='ocr_par' dir='ltr' id='par_1_99' title="bbox 2103 4539 3682 4617">
     <span class='ocr_line' id='line_1_99' title="bbox 2103 4539 3682 4617; baseline 0.006 -26"><span class='ocrx_word' id='word_1_759' title='bbox 2103 4539 2190 4592; x_wconf 88' lang='grc' dir='ltr'><strong>δὲν</strong></span> <span class='ocrx_word' id='word_1_760' title='bbox 2217 4540 2444 4603; x_wconf 85' lang='grc' dir='ltr'>ἀπεικὸς</span> <span class='ocrx_word' id='word_1_761' title='bbox 2466 4540 2694 4607; x_wconf 75' lang='grc' dir='ltr'>οἴεσθαι,</span> <span class='ocrx_word' id='word_1_762' title='bbox 2721 4542 2782 4595; x_wconf 82' lang='grc' dir='ltr'>τὸ</span> <span class='ocrx_word' id='word_1_763' title='bbox 2812 4543 3191 4617; x_wconf 85' lang='grc' dir='ltr'>χαλεπώτερον</span> <span class='ocrx_word' id='word_1_764' title='bbox 3224 4547 3290 4600; x_wconf 86' lang='grc' dir='ltr'><strong>ἂν</strong></span> <span class='ocrx_word' id='word_1_765' title='bbox 3323 4547 3562 4610; x_wconf 79' lang='grc' dir='ltr'>ἐκείνους</span> <span class='ocrx_word' id='word_1_766' title='bbox 3588 4550 3682 4601; x_wconf 82' lang='grc' dir='ltr'>ἀν-</span> 
     </span>
    </p>
   </div>
   <div class='ocr_carea' id='block_1_100' title="bbox 2099 4629 3681 4708">
    <p class='ocr_par' dir='ltr' id='par_1_100' title="bbox 2099 4629 3681 4708">
     <span class='ocr_line' id='line_1_100' title="bbox 2099 4629 3681 4708; baseline 0.008 -26"><span class='ocrx_word' id='word_1_767' title='bbox 2099 4629 2525 4700; x_wconf 75' lang='grc' dir='ltr'>τιλαμϐάνεσθαι</span> <span class='ocrx_word' id='word_1_768' title='bbox 2553 4632 2646 4685; x_wconf 89' lang='grc' dir='ltr'><strong>τοῦ</strong></span> <span class='ocrx_word' id='word_1_769' title='bbox 2675 4633 2814 4687; x_wconf 87' lang='grc' dir='ltr'><strong>κατά</strong></span> <span class='ocrx_word' id='word_1_770' title='bbox 2842 4634 3039 4690; x_wconf 88' lang='grc' dir='ltr'>κακίαν</span> <span class='ocrx_word' id='word_1_771' title='bbox 3085 4636 3222 4706; x_wconf 90' lang='grc' dir='ltr'>βίου,</span> <span class='ocrx_word' id='word_1_772' title='bbox 3254 4638 3286 4708; x_wconf 81' lang='grc' dir='ltr'>ἢ</span> <span class='ocrx_word' id='word_1_773' title='bbox 3321 4638 3526 4692; x_wconf 84' lang='grc' dir='ltr'>τούτων</span> <span class='ocrx_word' id='word_1_774' title='bbox 3551 4640 3681 4693; x_wconf 73' lang='grc' dir='ltr'>ἕκα-</span> 
     </span>
    </p>
   </div>
   <div class='ocr_carea' id='block_1_101' title="bbox 2101 4726 3678 4802">
    <p class='ocr_par' dir='ltr' id='par_1_101' title="bbox 2101 4726 3678 4802">
     <span class='ocr_line' id='line_1_101' title="bbox 2101 4726 3678 4802; baseline 0.007 -25"><span class='ocrx_word' id='word_1_775' title='bbox 2101 4742 2223 4778; x_wconf 92' lang='grc' dir='ltr'>στον</span> <span class='ocrx_word' id='word_1_776' title='bbox 2253 4726 2361 4779; x_wconf 90' lang='grc' dir='ltr'><strong>τῶν</strong></span> <span class='ocrx_word' id='word_1_777' title='bbox 2394 4727 2485 4780; x_wconf 78' lang='grc' dir='ltr'><strong>ἐπὶ</strong></span> <span class='ocrx_word' id='word_1_778' title='bbox 2527 4728 2764 4799; x_wconf 77' lang='grc' dir='ltr'>πονηρίᾳ</span> <span class='ocrx_word' id='word_1_779' title='bbox 2803 4729 3212 4801; x_wconf 84' lang='grc' dir='ltr'>γνωρισθέντων</span> <span class='ocrx_word' id='word_1_780' title='bbox 3243 4731 3394 4802; x_wconf 87' lang='grc' dir='ltr'><strong>παρά</strong></span> <span class='ocrx_word' id='word_1_781' title='bbox 3417 4732 3507 4786; x_wconf 81' lang='grc' dir='ltr'><strong>τὸν</strong></span> <span class='ocrx_word' id='word_1_782' title='bbox 3542 4733 3678 4802; x_wconf 86' lang='grc' dir='ltr'>βίον.</span> 
     </span>
    </p>
   </div>
   <div class='ocr_carea' id='block_1_102' title="bbox 2099 4817 3674 4893">
    <p class='ocr_par' dir='ltr' id='par_1_102' title="bbox 2099 4817 3674 4893">
     <span class='ocr_line' id='line_1_102' title="bbox 2099 4817 3674 4893; baseline 0.004 -24"><span class='ocrx_word' id='word_1_783' title='bbox 2099 4817 2172 4870; x_wconf 81' lang='grc' dir='ltr'><strong>Τὸ</strong></span> <span class='ocrx_word' id='word_1_784' title='bbox 2199 4818 2307 4891; x_wconf 84' lang='grc' dir='ltr'>γὰρ</span> <span class='ocrx_word' id='word_1_785' title='bbox 2336 4819 2498 4888; x_wconf 78' lang='grc' dir='ltr'>μηδὲν</span> <span class='ocrx_word' id='word_1_786' title='bbox 2520 4820 2669 4874; x_wconf 76' lang='grc' dir='ltr'>ἀθεεὶ</span> <span class='ocrx_word' id='word_1_787' title='bbox 2691 4821 2954 4888; x_wconf 83' lang='grc' dir='ltr'>γίνεσθαι,</span> <span class='ocrx_word' id='word_1_788' title='bbox 2977 4822 3064 4877; x_wconf 70' lang='grc' dir='ltr'><strong>διὰ</strong></span> <span class='ocrx_word' id='word_1_789' title='bbox 3093 4823 3300 4876; x_wconf 85' lang='grc' dir='ltr'>πολλῶν</span> <span class='ocrx_word' id='word_1_790' title='bbox 3317 4823 3640 4893; x_wconf 77' lang='grc' dir='ltr'>ἐγνώκαμεν</span> <span class='ocrx_word' id='word_1_791' title='bbox 3661 4841 3674 4854; x_wconf 88' lang='grc'>·</span> 
     </span>
    </p>
   </div>
   <div class='ocr_carea' id='block_1_103' title="bbox 2097 4908 3680 4983">
    <p class='ocr_par' dir='ltr' id='par_1_103' title="bbox 2097 4908 3680 4983">
     <span class='ocr_line' id='line_1_103' title="bbox 2097 4908 3680 4983; baseline 0.005 -22"><span class='ocrx_word' id='word_1_792' title='bbox 2097 4910 2158 4962; x_wconf 88' lang='grc' dir='ltr'><strong>τὸ</strong></span> <span class='ocrx_word' id='word_1_793' title='bbox 2181 4909 2236 4963; x_wconf 81' lang='grc' dir='ltr'>δὲ</span> <span class='ocrx_word' id='word_1_794' title='bbox 2269 4908 2336 4964; x_wconf 83' lang='grc' dir='ltr'><strong>αὖ</strong></span> <span class='ocrx_word' id='word_1_795' title='bbox 2365 4911 2524 4964; x_wconf 85' lang='grc' dir='ltr'>πάλιν</span> <span class='ocrx_word' id='word_1_796' title='bbox 2550 4911 2624 4982; x_wconf 84' lang='grc' dir='ltr'>μὴ</span> <span class='ocrx_word' id='word_1_797' title='bbox 2653 4913 2849 4982; x_wconf 83' lang='grc' dir='ltr'>τυχαῖά</span> <span class='ocrx_word' id='word_1_798' title='bbox 2884 4931 2940 4966; x_wconf 85' lang='grc' dir='ltr'><strong>τε</strong></span> <span class='ocrx_word' id='word_1_799' title='bbox 2967 4916 3061 4968; x_wconf 75' lang='grc' dir='ltr'>καὶ</span> <span class='ocrx_word' id='word_1_800' title='bbox 3094 4915 3262 4983; x_wconf 83' lang='grc' dir='ltr'>ἄλογα</span> <span class='ocrx_word' id='word_1_801' title='bbox 3293 4909 3431 4969; x_wconf 80' lang='grc' dir='ltr'>εἶναι</span> <span class='ocrx_word' id='word_1_802' title='bbox 3455 4917 3524 4970; x_wconf 84' lang='grc' dir='ltr'><strong>τά</strong></span> <span class='ocrx_word' id='word_1_803' title='bbox 3561 4916 3680 4969; x_wconf 83' lang='grc' dir='ltr'>θεό-</span> 
     </span>
    </p>
   </div>
   <div class='ocr_carea' id='block_1_104' title="bbox 2099 5002 3681 5076">
    <p class='ocr_par' dir='ltr' id='par_1_104' title="bbox 2099 5002 3681 5076">
     <span class='ocr_line' id='line_1_104' title="bbox 2099 5002 3681 5076; baseline 0.004 -21"><span class='ocrx_word' id='word_1_804' title='bbox 2099 5002 2189 5056; x_wconf 89' lang='grc' dir='ltr'><strong>θεν</strong></span> <span class='ocrx_word' id='word_1_805' title='bbox 2219 5003 2664 5074; x_wconf 82' lang='grc' dir='ltr'>οίκονομούμενα,</span> <span class='ocrx_word' id='word_1_806' title='bbox 2703 5007 2810 5068; x_wconf 82' lang='grc' dir='ltr'>πᾶς</span> <span class='ocrx_word' id='word_1_807' title='bbox 2852 5004 2917 5059; x_wconf 80' lang='grc' dir='ltr'><strong>ἂν</strong></span> <span class='ocrx_word' id='word_1_808' title='bbox 2963 5006 3365 5076; x_wconf 85' lang='grc' dir='ltr'>ὁμολογήσειεν,</span> <span class='ocrx_word' id='word_1_809' title='bbox 3394 5008 3548 5072; x_wconf 81' lang='grc' dir='ltr'>εἰδὼς</span> <span class='ocrx_word' id='word_1_810' title='bbox 3596 5009 3681 5062; x_wconf 83' lang='grc' dir='ltr'>ὅτι</span> 
     </span>
    </p>
   </div>
   <div class='ocr_carea' id='block_1_105' title="bbox 2097 5094 3684 5170">
    <p class='ocr_par' dir='ltr' id='par_1_105' title="bbox 2097 5094 3684 5170">
     <span class='ocr_line' id='line_1_105' title="bbox 2097 5094 3684 5170; baseline 0.005 -23"><span class='ocrx_word' id='word_1_811' title='bbox 2097 5095 2274 5158; x_wconf 77' lang='grc' dir='ltr'>όΘεὸς</span> <span class='ocrx_word' id='word_1_812' title='bbox 2306 5094 2460 5164; x_wconf 86' lang='grc' dir='ltr'>λόγος</span> <span class='ocrx_word' id='word_1_813' title='bbox 2497 5096 2631 5160; x_wconf 73' lang='grc' dir='ltr'>ἐστὶ,</span> <span class='ocrx_word' id='word_1_814' title='bbox 2663 5097 2756 5150; x_wconf 73' lang='grc' dir='ltr'><strong>καὶ</strong></span> <span class='ocrx_word' id='word_1_815' title='bbox 2813 5097 2995 5163; x_wconf 76' lang='grc' dir='ltr'>σοφία,</span> <span class='ocrx_word' id='word_1_816' title='bbox 3047 5099 3140 5152; x_wconf 73' lang='grc' dir='ltr'><strong>καὶ</strong></span> <span class='ocrx_word' id='word_1_817' title='bbox 3187 5101 3337 5153; x_wconf 84' lang='grc' dir='ltr'>πᾶσα</span> <span class='ocrx_word' id='word_1_818' title='bbox 3382 5100 3549 5170; x_wconf 77' lang='grc' dir='ltr'>ἀρετὴ</span> <span class='ocrx_word' id='word_1_819' title='bbox 3586 5103 3684 5155; x_wconf 71' lang='grc' dir='ltr'>καὶ</span> 
     </span>
    </p>
   </div>
   <div class='ocr_carea' id='block_1_106' title="bbox 2064 5185 3683 5263">
    <p class='ocr_par' dir='ltr' id='par_1_106' title="bbox 2064 5185 3683 5263">
     <span class='ocr_line' id='line_1_106' title="bbox 2064 5185 3683 5263; baseline 0.005 -24"><span class='ocrx_word' id='word_1_820' title='bbox 2064 5235 2065 5239; x_wconf 44' lang='grc' dir='ltr'><strong>η</strong></span> <span class='ocrx_word' id='word_1_821' title='bbox 2098 5186 2415 5256; x_wconf 89' lang='grc' dir='ltr'>ἀλήθεια,...</span> <span class='ocrx_word' id='word_1_822' title='bbox 2465 5185 2526 5239; x_wconf 82' lang='grc' dir='ltr'>τὸ</span> <span class='ocrx_word' id='word_1_823' title='bbox 2579 5186 2652 5258; x_wconf 81' lang='grc' dir='ltr'>μὴ</span> <span class='ocrx_word' id='word_1_824' title='bbox 2703 5187 2955 5258; x_wconf 81' lang='grc' dir='ltr'>ἐνάρετόν</span> <span class='ocrx_word' id='word_1_825' title='bbox 2982 5206 3040 5242; x_wconf 92' lang='grc' dir='ltr'><strong>τε</strong></span> <span class='ocrx_word' id='word_1_826' title='bbox 3064 5192 3157 5243; x_wconf 75' lang='grc' dir='ltr'><strong>καὶ</strong></span> <span class='ocrx_word' id='word_1_827' title='bbox 3197 5191 3301 5255; x_wconf 82' lang='grc' dir='ltr'>ἔξω</span> <span class='ocrx_word' id='word_1_828' title='bbox 3323 5192 3416 5246; x_wconf 88' lang='grc' dir='ltr'><strong>τοῦ</strong></span> <span class='ocrx_word' id='word_1_829' title='bbox 3446 5193 3683 5263; x_wconf 83' lang='grc' dir='ltr'>ἀληθοῦς</span> 
     </span>
    </p>
   </div>
   <div class='ocr_carea' id='block_1_107' title="bbox 2098 5273 3682 5353">
    <p class='ocr_par' dir='ltr' id='par_1_107' title="bbox 2098 5273 3682 5353">
     <span class='ocr_line' id='line_1_107' title="bbox 2098 5273 3682 5353; baseline 0.006 -25"><span class='ocrx_word' id='word_1_830' title='bbox 2098 5276 2467 5343; x_wconf 81' lang='grc' dir='ltr'>καταδέξαιτο.</span> <span class='ocrx_word' id='word_1_831' title='bbox 2519 5277 2644 5332; x_wconf 72' lang='grc' dir='ltr'>Εἴτε</span> <span class='ocrx_word' id='word_1_832' title='bbox 2701 5273 2795 5332; x_wconf 77' lang='grc' dir='ltr'><strong>οὖν</strong></span> <span class='ocrx_word' id='word_1_833' title='bbox 2838 5279 2980 5333; x_wconf 85' lang='grc' dir='ltr'><strong>κατά</strong></span> <span class='ocrx_word' id='word_1_834' title='bbox 3023 5281 3121 5344; x_wconf 79' lang='grc' dir='ltr'>τὰς</span> <span class='ocrx_word' id='word_1_835' title='bbox 3160 5283 3458 5353; x_wconf 80' lang='grc' dir='ltr'>εἰρημένας</span> <span class='ocrx_word' id='word_1_836' title='bbox 3501 5285 3682 5348; x_wconf 88' lang='grc' dir='ltr'>αίτίας</span> 
     </span>
    </p>
   </div>
   <div class='ocr_carea' id='block_1_108' title="bbox 2098 5369 3682 5448">
    <p class='ocr_par' dir='ltr' id='par_1_108' title="bbox 2098 5369 3682 5448">
     <span class='ocr_line' id='line_1_108' title="bbox 2098 5369 3682 5448; baseline 0.007 -28"><span class='ocrx_word' id='word_1_837' title='bbox 2098 5369 2265 5438; x_wconf 86' lang='grc' dir='ltr'>ἄωροί</span> <span class='ocrx_word' id='word_1_838' title='bbox 2291 5386 2432 5448; x_wconf 77' lang='grc' dir='ltr'>τινες</span> <span class='ocrx_word' id='word_1_839' title='bbox 2491 5371 2914 5442; x_wconf 76' lang='grc' dir='ltr'>ἀναρπάζονται,</span> <span class='ocrx_word' id='word_1_840' title='bbox 2949 5371 3060 5424; x_wconf 77' lang='grc' dir='ltr'>εἴτε</span> <span class='ocrx_word' id='word_1_841' title='bbox 3096 5391 3146 5426; x_wconf 88' lang='grc' dir='ltr'><strong>τι</strong></span> <span class='ocrx_word' id='word_1_842' title='bbox 3190 5375 3283 5427; x_wconf 80' lang='grc' dir='ltr'>καὶ</span> <span class='ocrx_word' id='word_1_843' title='bbox 3311 5375 3494 5448; x_wconf 78' lang='grc' dir='ltr'>ἕτερον</span> <span class='ocrx_word' id='word_1_844' title='bbox 3529 5378 3682 5447; x_wconf 70' lang='grc' dir='ltr'>παρὰ</span> 
     </span>
    </p>
   </div>
   <div class='ocr_carea' id='block_1_109' title="bbox 2097 5461 3681 5540">
    <p class='ocr_par' dir='ltr' id='par_1_109' title="bbox 2097 5461 3681 5540">
     <span class='ocr_line' id='line_1_109' title="bbox 2097 5461 3681 5540; baseline 0.008 -29"><span class='ocrx_word' id='word_1_845' title='bbox 2097 5461 2164 5512; x_wconf 76' lang='grc' dir='ltr'>τὰ</span> <span class='ocrx_word' id='word_1_846' title='bbox 2192 5461 2454 5531; x_wconf 82' lang='grc' dir='ltr'>εἰρημένα</span> <span class='ocrx_word' id='word_1_847' title='bbox 2483 5463 2618 5525; x_wconf 74' lang='grc' dir='ltr'>ἐστὶ,</span> <span class='ocrx_word' id='word_1_848' title='bbox 2655 5464 2715 5516; x_wconf 86' lang='grc' dir='ltr'><strong>τὸ</strong></span> <span class='ocrx_word' id='word_1_849' title='bbox 2747 5463 2962 5527; x_wconf 85' lang='grc' dir='ltr'>πάντως</span> <span class='ocrx_word' id='word_1_850' title='bbox 2999 5465 3090 5519; x_wconf 79' lang='grc' dir='ltr'>ἐπὶ</span> <span class='ocrx_word' id='word_1_851' title='bbox 3119 5467 3307 5538; x_wconf 87' lang='grc' dir='ltr'>σκοπῷ</span> <span class='ocrx_word' id='word_1_852' title='bbox 3344 5469 3422 5540; x_wconf 80' lang='grc' dir='ltr'>τῷ</span> <span class='ocrx_word' id='word_1_853' title='bbox 3452 5468 3681 5538; x_wconf 83' lang='grc' dir='ltr'>βελτίονι</span> 
     </span>
    </p>
   </div>
   <div class='ocr_carea' id='block_1_110' title="bbox 2097 5553 3680 5632">
    <p class='ocr_par' dir='ltr' id='par_1_110' title="bbox 2097 5553 3680 5632">
     <span class='ocr_line' id='line_1_110' title="bbox 2097 5553 3680 5632; baseline 0.008 -29"><span class='ocrx_word' id='word_1_854' title='bbox 2097 5553 2268 5607; x_wconf 86' lang='grc' dir='ltr'>ταῦτα</span> <span class='ocrx_word' id='word_1_855' title='bbox 2319 5553 2567 5620; x_wconf 86' lang='grc' dir='ltr'>γίνεσθαι</span> <span class='ocrx_word' id='word_1_856' title='bbox 2619 5556 3098 5628; x_wconf 87' lang='grc' dir='ltr'>συνομολογεῖσθαι</span> <span class='ocrx_word' id='word_1_857' title='bbox 3144 5563 3430 5632; x_wconf 80' lang='grc' dir='ltr'>προσήκει.</span> <span class='ocrx_word' id='word_1_858' title='bbox 3461 5559 3588 5615; x_wconf 73' lang='grc' dir='ltr'>Οἶδα</span> <span class='ocrx_word' id='word_1_859' title='bbox 3621 5563 3680 5616; x_wconf 81' lang='grc' dir='ltr'><strong>δέ</strong></span> 
     </span>
    </p>
   </div>
   <div class='ocr_carea' id='block_1_111' title="bbox 2097 5645 3678 5723">
    <p class='ocr_par' dir='ltr' id='par_1_111' title="bbox 2097 5645 3678 5723">
     <span class='ocr_line' id='line_1_111' title="bbox 2097 5645 3678 5723; baseline 0.008 -28"><span class='ocrx_word' id='word_1_860' title='bbox 2097 5661 2217 5698; x_wconf 85' lang='grc' dir='ltr'>τινα</span> <span class='ocrx_word' id='word_1_861' title='bbox 2247 5647 2341 5698; x_wconf 78' lang='grc' dir='ltr'>καὶ</span> <span class='ocrx_word' id='word_1_862' title='bbox 2374 5645 2528 5714; x_wconf 89' lang='grc' dir='ltr'>λόγον</span> <span class='ocrx_word' id='word_1_863' title='bbox 2559 5647 2744 5718; x_wconf 76' lang='grc' dir='ltr'>ἕτερον</span> <span class='ocrx_word' id='word_1_864' title='bbox 2777 5650 2927 5723; x_wconf 90' lang='grc' dir='ltr'><strong>παρά</strong></span> <span class='ocrx_word' id='word_1_865' title='bbox 2958 5650 3058 5723; x_wconf 84' lang='grc' dir='ltr'>τῆς</span> <span class='ocrx_word' id='word_1_866' title='bbox 3089 5652 3183 5707; x_wconf 86' lang='grc' dir='ltr'><strong>τοῦ</strong></span> <span class='ocrx_word' id='word_1_867' title='bbox 3230 5653 3552 5708; x_wconf 84' lang='grc' dir='ltr'>Ἀποστόλου</span> <span class='ocrx_word' id='word_1_868' title='bbox 3587 5672 3678 5708; x_wconf 84' lang='grc' dir='ltr'>σο-</span> 
     </span>
    </p>
   </div>
   <div class='ocr_carea' id='block_1_112' title="bbox 2100 5736 3680 5816">
    <p class='ocr_par' dir='ltr' id='par_1_112' title="bbox 2100 5736 3680 5816">
     <span class='ocr_line' id='line_1_112' title="bbox 2100 5736 3680 5816; baseline 0.008 -26"><span class='ocrx_word' id='word_1_869' title='bbox 2100 5736 2226 5806; x_wconf 71' lang='grc' dir='ltr'>φίας</span> <span class='ocrx_word' id='word_1_870' title='bbox 2259 5738 2464 5808; x_wconf 86' lang='grc' dir='ltr'>μαθὼν,</span> <span class='ocrx_word' id='word_1_871' title='bbox 2495 5740 2561 5792; x_wconf 76' lang='grc' dir='ltr'>δι’</span> <span class='ocrx_word' id='word_1_872' title='bbox 2586 5741 2644 5794; x_wconf 77' lang='grc' dir='ltr'><strong>ὅν</strong></span> <span class='ocrx_word' id='word_1_873' title='bbox 2668 5759 2808 5807; x_wconf 88' lang='grc' dir='ltr'>τινες</span> <span class='ocrx_word' id='word_1_874' title='bbox 2851 5745 2960 5798; x_wconf 89' lang='grc' dir='ltr'><strong>τῶν</strong></span> <span class='ocrx_word' id='word_1_875' title='bbox 3000 5747 3139 5800; x_wconf 85' lang='grc' dir='ltr'><strong>κατά</strong></span> <span class='ocrx_word' id='word_1_876' title='bbox 3180 5745 3378 5801; x_wconf 82' lang='grc' dir='ltr'>κακίαν</span> <span class='ocrx_word' id='word_1_877' title='bbox 3408 5747 3680 5816; x_wconf 73' lang='grc' dir='ltr'>ὑπερϐαλ-</span> 
     </span>
    </p>
   </div>
  </div>
