3896 6208
200 276 313 337 “9

1013 278 1100 337 DE
1143 278 1554 343 INFANTIBUS
1597 282 1717 354 QUI
1755 284 2215 345 PREMATURE
2248 287 2742 350 ABRIPIUNTUR.

3362 295 3467 352 190

197 395 408 448 unum
437 392 579 448 κατὰ
610 389 707 462 τὴν
753 389 963 445 ἑαυτῶν
1014 393 1333 465 προαίρεσιν
1367 394 1528 466 ζῆσαι
1571 398 1785 466 ἀφείθη-

1895 397 2274 467 conjunctum,
2301 415 2364 455 ac
2396 403 2642 458 veritatis
2679 403 2949 472 particeps
2979 417 3086 456 non
3121 403 3302 458 fuerit.
3338 403 3466 462 Sive

201 502 332 540 σαν.
364 484 653 555 Γυμνάσας
670 481 781 552 γὰρ
810 481 904 534 ἐπὶ
943 480 1102 536 πλέον
1141 483 1237 552 τὴν
1270 483 1525 556 τοιαύτην
1554 485 1791 540 διάνοιαν

201 579 268 629 ὲν
295 575 377 646 τῷ
403 576 538 646 πρὸς
563 573 866 644 Ῥωμαίους
886 571 1049 642 λόγῳ,
1069 574 1163 626 καὶ
1184 573 1599 643 ἀνθυπενεγκὼν
1617 576 1791 645 ἑαυτῷ

197 667 270 720 τὸ
291 668 358 720 ὲκ
377 665 469 719 τοῦ
499 663 793 718 ἀκολούθου
822 663 1246 733 ἀντιτιθέμενον,
1278 666 1338 718 τὸ
1361 664 1434 736 μὴ
1465 665 1530 720 ἂν
1555 666 1790 734 εὐλόγως

201 757 449 828 ὲνάίτίᾳ
512 756 606 810 τὸν
645 757 819 810 κακὸν
842 755 922 808 ἔτι
952 756 1226 824 γενέσθαι,
1269 756 1426 826 εἴπερ
1451 756 1633 810 θεόθεν
1675 757 1789 827 ἔχει

199 851 266 903 τὸ
290 851 456 913 κακὸς
479 845 644 913 εἶναι,
672 850 775 902 οὐκ
796 848 863 902 ἂν
884 849 1172 918 γενόμενος
1194 848 1430 912 πάντως,
1459 848 1792 919 εἷπερὰϐού-

202 943 363 1010 λητον
381 939 448 1012 ἦν
477 941 556 1011 τῷ
578 939 968 1012 ὲπικρατοῦντι
995 940 1103 993 τῶν
1132 940 1299 993 όντων
1317 959 1328 970 ’
1360 939 1532 1004 οὕτως
1574 942 1789 1031 ὀδπαντᾷ

203 1039 281 1110 τῷ
305 1039 466 1109 λόγῳ,
491 1039 583 1093 διὰ
635 1038 942 1107 βαθυτέρας
986 1036 1132 1100 τινὸς
1168 1036 1397 1108 Θεωρίας
1429 1039 1526 1108 τὴν
1555 1039 1789 1092 ἀνθυπο-

204 1131 378 1201 φοράν
407 1129 716 1185 ὐπεκλύων.
748 1129 888 1198 Φησὶ
917 1128 1024 1200 γὰρ
1047 1129 1138 1181 τὸν
1168 1129 1298 1182 Θεὸν
1323 1129 1536 1200 ἑκάστῳ
1573 1132 1632 1183 τὸ
1668 1132 1786 1183 κατ’

204 1222 363 1287 ἀξίαν
389 1221 807 1292 νέμοντα,έστιν
829 1220 960 1272 ὅπου
994 1220 1088 1272 καὶ
1112 1222 1177 1290 τῇ
1201 1221 1368 1290 κακίᾳ
1392 1221 1588 1274 διδόναι
1607 1222 1789 1291 χώραν

206 1314 297 1365 ἐπὶ
326 1312 515 1381 σκοπῷ
537 1310 618 1380 τῷ
636 1310 884 1379 βελτίονι.
900 1308 1104 1363 Τούτου
1127 1310 1237 1381 γὰρ
1257 1311 1440 1364 ἕνεκεν
1462 1313 1608 1364 εἴασε
1639 1313 1790 1380 γενέ-

208 1403 352 1464 σθαι,
385 1403 480 1455 καὶ
506 1401 749 1455 τοιοῦτον
779 1400 1028 1469 γενέσθαι
1062 1401 1155 1454 τὸν
1175 1401 1468 1469 Αίγύπτιον
1504 1403 1785 1473 τύραννον,

205 1495 280 1557 ὡς
308 1494 376 1547 ἂν
404 1496 469 1564 τῇ
494 1493 705 1546 ἐκείνου
734 1491 916 1562 πληγῇ
945 1492 975 1544 6
1015 1493 1232 1564 Ἰσραὴλ
1267 1493 1598 1562 παιδευθείη,
1627 1496 1654 1547 ὁ
1685 1512 1785 1548 πο-

205 1589 301 1650 λὺς
326 1588 531 1649 ἐκεῖνος
561 1585 708 1649 λαὸς.
739 1586 836 1638 καὶ
862 1586 1044 1638 πᾶσαν
1072 1584 1170 1654 τὴν
1203 1584 1262 1649 ἐξ
1299 1583 1532 1656 ἀριθμοῦ
1563 1586 1786 1657 περίλη-

204 1679 299 1746 ψιν
324 1677 636 1730 διαϐαίνων.
673 1678 834 1738 Ἴσως
887 1676 997 1746 γὰρ
1047 1674 1146 1744 τῆς
1176 1675 1326 1738 θείας
1374 1675 1652 1746 δυνάμεως
1698 1677 1786 1730 διὰ

206 1768 428 1820 πάντων
466 1765 900 1836 γνωριζομένης,
941 1763 1190 1835 καὶπρὸς
1228 1766 1289 1818 τὸ
1322 1767 1625 1837 εὐεργετεῖν
1661 1769 1788 1832 τοὺς

205 1858 396 1922 ἀξίους
432 1855 630 1918 ἱκανῶς
659 1853 885 1925 ἐχούσης
909 1871 924 1885 ·
958 1853 1082 1906 ἐπεὶ
1108 1853 1163 1906 δὲ
1197 1853 1412 1916 πάντως
1435 1854 1603 1924 ὲχρῆν
1631 1856 1786 1908 ἀποιο

200 1946 468 2017 πισθῆναι
488 1946 586 2017 τῆς
613 1945 888 2013 Αἰγύπτου
934 1944 1025 1998 τὸν
1063 1943 1190 1997 λαὸν
1221 1946 1448 2008 ἐκεῖνον,
1487 1945 1562 2008 ὡς
1611 1945 1676 1998 ἂν
1710 1945 1784 2015 μή

205 2056 295 2100 τις
331 2040 514 2102 αὐτοῖς
557 2038 767 2105 γένοιτο
818 2038 927 2091 τῶν
957 2035 1271 2105 Αἰγυπτίων
1305 2037 1488 2092 κακῶν
1517 2037 1659 2092 κατὰ
1689 2038 1789 2110 τὴν

205 2129 303 2184 τοῦ
341 2129 456 2200 βίου
497 2130 702 2200 πλάνην
751 2130 1024 2192 κοινωνία,
1053 2129 1244 2183 τούτου
1271 2129 1430 2199 χάριν
1471 2130 1498 2181 6
1525 2128 1789 2200 θεομάχος

204 2225 418 2287 ἐκεῖνος
443 2225 472 2276 6
501 2223 593 2276 ἐπὶ
632 2224 795 2276 παντὶ
839 2221 993 2292 κακῷ
1030 2221 1325 2292 ὀνομαστὸς
1351 2221 1550 2293 Φαραὼ
1577 2225 1643 2292 τῇ
1676 2221 1787 2292 ζωῇ

204 2316 320 2368 τῶν
363 2313 834 2384 εὐεργετουμένων
863 2312 1185 2383 συνανέσχεν
1210 2330 1268 2365 τε
1301 2312 1394 2366 καὶ
1423 2315 1786 2383 συνήκμασεν,

204 2407 283 2470 ὡς
323 2407 392 2460 ἂν
413 2407 513 2476 τῆς
540 2405 735 2476 διπλῆς
769 2405 867 2458 τοῦ
909 2404 1044 2458 Θεοῦ
1088 2404 1367 2474 ἐνεργείας
1393 2407 1476 2472 ἐφ’
1511 2406 1788 2477 ἑκατέρων

209 2499 578 2570 μεριζομένης
590 2497 754 2562 ἀξίως
766 2496 864 2568 τὴν
881 2496 1082 2565 γνῶσιν
1104 2495 1212 2550 τῶν
1232 2495 1324 2550 δύο
1342 2495 1487 2568 λάϐῃ
1509 2499 1537 2550 6
1553 2497 1786 2570 Ἰσραὴλ,

203 2590 266 2642 τὸ
298 2589 400 2659 μὲν
431 2591 678 2659 κρεῖττον
703 2589 789 2657 ἐφ’
817 2587 1013 2642 ἑαυτοῦ
1056 2587 1457 2657 διδασκόμενος,
1484 2588 1544 2641 τὸ
1576 2588 1632 2641 δὲ
1659 2606 1788 2642 σκυ-

207 2678 554 2750 θρωπότερον
576 2679 669 2731 ὲπὶ
693 2676 803 2732 τῶν
833 2678 920 2731 διά
936 2677 1134 2732 κακίαν
1163 2677 1609 2748 μαστιγουμένων
1624 2679 1784 2746 ὀρῶν.

203 2774 280 2834 ὼς
308 2770 388 2841 τῷ
409 2771 799 2842 ὑπερὸἀλλοντι
833 2769 934 2839 τῆς
963 2770 1154 2838 σοφίας
1176 2752 1376 2832 εἰδότος
1399 2770 1492 2821 τοῦ
1521 2769 1654 2822 Θεοῦ
1691 2773 1786 2824 καὶ

207 2862 268 2914 τὸ
324 2860 494 2914 κακὸν
527 2864 592 2932 τῇ
637 2861 730 2914 τοῦ
766 2859 973 2927 ἀγαθοῦ
1013 2859 1270 2930 συνεργίᾳ
1301 2861 1784 2932 μεταχειρίζεσθαι.

204 2953 382 3023 Χρεία
415 2951 524 3023 γὰρ
547 2951 625 3022 τῷ
652 2952 870 3024 τεχνίτῃ
906 2952 975 3020 (εί
1001 2950 1104 3021 χρὴ
1133 2951 1223 3003 τὸν
1253 2951 1602 3005 ἀποστολικὸν
1628 2953 1784 3020 λόγον

205 3044 300 3096 καὶ
332 3043 419 3096 διὰ
447 3042 555 3095 τῶν
572 3042 855 3118 ἡμετέρων
889 3041 1059 3109 λόγων
1082 3040 1645 3112 βεϐαιωθῆναι),χρεία
1670 3044 1783 3095 τοί-

1894 485 2079 556 igitur,
2112 489 2410 543 secundum
2443 489 2556 558 jam
2595 491 2769 546 dictas
2799 506 3014 557 causas,
3056 497 3380 561 praemature
3409 499 3469 548 et

1892 587 2019 632 ante
2065 586 2282 648 tempus
2322 580 2494 650 aliqui
2529 581 2890 651 abripiuntur,
2950 583 3066 638 sive
3116 583 3464 653 quidetiam

1892 670 2041 724 aliud
2069 681 2263 740 praeter
2293 686 2355 726 ea
2383 687 2504 742 qua:
2537 672 2682 727 dicta
2712 681 2859 736 sunt,
2889 682 2972 730 est
2997 711 3012 738 ,
3047 675 3301 730 assentiri
3331 689 3466 729 con-

1891 761 2057 823 venit,
2083 761 2197 816 bzec
2236 763 2541 818 intentione
2571 771 2732 833 atque
2759 779 2986 833 prorsus
3047 765 3311 821 consilio
3341 765 3464 820 ﬁeri

1890 853 2131 909 meliore.
2165 854 2301 909 Novi
2333 864 2511 910 autem
2541 856 2832 926 quamdam
2876 859 3038 912 etiam
3079 858 3240 911 aliam
3281 857 3458 912 ratio-

1889 963 2036 1010 nem,
2069 963 2233 1017 quam
2263 963 2292 1000 a
2323 948 2590 1018 sapientia
2624 948 2871 1018 Apostoli
2899 947 3086 1012 didici,
3147 963 3243 1019 per
3297 962 3464 1018 quam

1890 1039 2192 1101 nonnullis,
2221 1038 2314 1106 qui
2356 1039 2599 1108 nequitia
2645 1039 2997 1102 excellerent,
3051 1039 3118 1092 ad
3175 1037 3466 1092 arbitrium

1888 1143 2047 1184 suum
2075 1129 2262 1183 vivere
2295 1130 2624 1198 permissum
2664 1128 2787 1182 fuit.
2821 1128 2958 1183 Cum
2999 1136 3289 1183 tractasset
3316 1128 3464 1182 enim

1887 1217 2094 1274 diutius
2115 1218 2386 1288 ejusmodi
2415 1218 2740 1274 sententiam
2785 1220 2842 1272 in
2872 1218 3113 1288 Epistola
3163 1219 3230 1272 ad
3263 1217 3470 1273 Roma-

1889 1323 2010 1373 nos,
2070 1317 2125 1364 et
2186 1325 2254 1366 ex
2311 1310 2541 1364 adverso
2598 1311 2923 1380 subiecisset
2981 1313 3083 1366 sibi
3119 1311 3173 1365 id
3220 1309 3477 1380 quodex’

1887 1401 2280 1470 consequentia
2311 1400 2710 1471 opponebatur,
2745 1416 2851 1455 non
2876 1400 2988 1470 jam
3037 1401 3271 1470 amplius
3316 1408 3466 1456 recte

1889 1493 2137 1548 accusari
2190 1493 2418 1555 malum,
2476 1492 2745 1561 siquidem
2805 1492 3070 1548 divinitus
3133 1492 3353 1555 habeat,
3397 1499 3460 1546 ut

1887 1583 2064 1638 malus
2093 1583 2185 1648 sit,
2213 1583 2304 1652 qui
2337 1597 2564 1653 prorsus
2600 1583 2815 1637 futurus
2843 1599 2950 1638 non
2984 1583 3195 1646 fuisset.
3250 1584 3294 1638 si
3355 1599 3456 1638 no-

1889 1676 2085 1731 luisset
2116 1676 2164 1729 is
2195 1676 2286 1744 qui
2317 1674 2526 1743 potitur
2552 1689 2733 1728 rerum
2774 1675 3154 1730 universarum
3192 1693 3205 1728 :
3261 1675 3340 1731 sic
3371 1689 3465 1730 oc-

1888 1767 2063 1824 currit
2099 1766 2331 1820 orationi
2359 1781 2457 1835 per
2487 1765 2895 1835 profundiorem
2930 1766 3223 1836 quamdam
3255 1780 3457 1836 specu-

1889 1859 2172 1921 lationem,
2225 1857 2630 1926 oppositionem
2689 1856 2924 1911 solvens.
2963 1857 3051 1910 Ait
3115 1856 3258 1911 enim
3293 1854 3462 1911 Deum

1889 1950 2090 2018 cuique
2149 1948 2202 2001 id
2259 1961 2370 2018 quo
2421 1947 2620 2018 dignus
2687 1947 2781 2014 sit,
2840 1947 3212 2012 tribuentem,
3265 1947 3464 2002 alicubi

1887 2041 2145 2109 nequitiae
2176 2054 2393 2109 quoque
2417 2039 2718 2093 intentione
2763 2046 2924 2109 atque
2957 2040 3190 2094 consilio
3219 2039 3462 2110 quodam

1888 2131 2118 2185 meliore
2170 2128 2352 2183 locum
2407 2129 2552 2183 dare.
2616 2129 2826 2183 Idcirco
2881 2129 3025 2184 enim
3081 2144 3301 2199 passum
3343 2143 3466 2183 esse

1889 2223 2064 2287 nasci,
2103 2229 2267 2292 atque
2320 2219 2455 2275 adeo
2514 2219 2677 2274 talem
2733 2220 2886 2275 nasci
2941 2219 3256 2291 Egyptium
3312 2220 3463 2273 illum

1887 2321 2204 2384 tyrannum,
2239 2318 2300 2368 ut
2335 2311 2485 2368 illius
2515 2311 2670 2383 plaga
2707 2310 2874 2365 lsrael
2913 2311 3121 2363 multus
3159 2310 3252 2365 ille
3285 2325 3464 2378 popu-

1890 2403 1977 2459 lus
2005 2418 2332 2473 omnemque
2367 2418 2432 2459 ex
2465 2402 2711 2457 numeris
2760 2401 3042 2456 collectam
3098 2399 3459 2468 comprehen-

1890 2493 2099 2548 sionem
2127 2493 2420 2556 excedens,
2453 2491 2767 2547 erudiretur
2800 2500 2853 2545 et
2895 2489 3292 2544 institueretur.
3327 2488 3461 2542 Nam

1889 2599 2012 2639 cum
2046 2585 2328 2655 aequaliter
2361 2583 2546 2638 divina
2601 2584 2842 2652 polentia
2877 2597 2972 2652 per
3031 2582 3217 2636 omnia
3255 2594 3463 2650 cogno-

1889 2682 2096 2738 scatur,
2133 2681 2188 2730 et
2235 2675 2302 2728 ad
2347 2672 2794 2729 benefaciendum
2854 2672 2922 2727 iis
2967 2673 3056 2742 qui
3103 2671 3251 2742 digni
3309 2680 3458 2737 sunt,

1889 2765 2165 2822 suflieiens
2199 2767 2292 2830 sit,
2331 2772 2386 2819 et
2426 2764 2492 2820 ad
2540 2764 2878 2835 punitionem
2937 2763 3190 2831 nequitiae
3225 2759 3460 2818 facultas

1889 2861 1938 2916 ei
1968 2877 2076 2915 non
2107 2861 2270 2924 desit,
2302 2859 2561 2931 quoniam
2600 2859 2825 2913 omnino
2871 2858 3155 2929 oportebat
3201 2857 3460 2927 pupulum

1894 2953 2045 3024 illum
2080 2951 2274 3007 deduci
2310 2966 2376 3006 ex
2407 2949 2664 3022 Egypto,
2697 2965 2765 3004 ne
2800 2964 2906 3020 qua
2933 2949 3013 3004 eis
3073 2947 3459 3018 Egyptiorum

1891 3041 2176 3105 malorum,
2210 3040 2354 3111 quod
2386 3041 2454 3094 ad
2484 3041 2604 3095 vita:
2633 3054 2874 3094 errorem
2899 3038 3110 3093 attinet.
3139 3037 3457 3091 communio

205 3151 301 3185 νυν
333 3132 413 3202 τῷ
443 3131 531 3184 διὰ
556 3129 654 3201 τῆς
692 3132 883 3199 τέχνης
910 3129 1044 3200 πρός
1072 3147 1123 3182 τι
1159 3129 1268 3182 τῶν
1303 3129 1582 3199 βιωφελῶν
1615 3133 1783 3202 ἐργα-

1891 3133 2254 3203 contagioque
2283 3131 2576 3196 accideret,
2609 3131 2814 3186 idcirco
2857 3128 3207 3183 adversarius
3238 3128 3328 3182 ille
3363 3126 3456 3181 Dei

204 3223 369 3276 λείων
386 3221 641 3276 τυποῦντι
667 3221 759 3274 τὸν
806 3221 920 3292 σίδη
930 3221 1040 3292 ρον,
1073 3222 1131 3273 οὐ
1161 3219 1316 3290 μόνον
1337 3219 1428 3272 τοῦ
1449 3221 1684 3281 εὐκόλως
1717 3224 1781 3292 τῇ

202 3319 373 3387 τέχνῃ
413 3314 650 3376 εἴκοντος
690 3313 754 3366 ἑκ
782 3330 926 3372 τινος
972 3313 1204 3382 φυσικῆς
1259 3312 1613 3383 ἀπαλότητος,
1646 3313 1784 3366 ἀλλὰ

205 3407 308 3461 κᾶν
330 3407 451 3460 λίαν
484 3407 770 3469 ἀντίτυπος
809 3405 839 3457 6
889 3404 1103 3475 σίδηρος
1134 3400 1190 3478 ᾖ,
1223 3404 1326 3456 κᾶν
1359 3404 1432 3475 μὴ
1471 3404 1666 3475 ῥᾳδίως
1698 3403 1786 3456 διὰ

206 3499 379 3570 πυρὸς
407 3497 844 3567 ὲκμαλάσσηται,
874 3497 967 3549 καὶ
995 3496 1131 3565 πρὸς
1161 3496 1222 3548 τὸ
1242 3495 1432 3558 σκεῦος
1459 3495 1566 3549 τῶν
1595 3495 1784 3565 χρησί-

206 3606 327 3658 μων
358 3587 449 3640 τοῦ
469 3587 582 3656 βίου
598 3586 916 3655 τυπωθῆναι
941 3585 1018 3654 τῷ
1043 3584 1352 3654 ἀνυπείκτῳ
1377 3602 1434 3637 τε
1465 3587 1554 3638 καὶ
1576 3586 1784 3656 στε

204 3681 284 3750 μὴ
310 3674 424 3742 οἷός
451 3695 512 3731 τε
553 3674 609 3750 ᾖ,
655 3677 752 3730 καὶ
790 3676 978 3730 τούτου
1010 3677 1043 3746 ὴ
1069 3675 1232 3747 τέχνη
1267 3676 1512 3747 ἐπιζητεῖ
1533 3677 1636 3746 τὴν
1667 3694 1789 3729 συν-

199 3769 422 3840 εργίαν.
456 3771 684 3839 ’Δκμονι
733 3767 842 3837 γὰρ
865 3769 1124 3838 χρήσεται
1155 3766 1233 3837 τῷ
1259 3767 1503 3836 τοιούτῳ,
1556 3767 1630 3831 ὡς
1669 3773 1788 3832 ταῖς

200 3865 302 3918 ἐπὶ
332 3861 522 3914 τούτου
556 3861 781 3930 πληγαῖς
802 3861 892 3913 τὸν
918 3861 1114 3930 ὲνεργῆ
1144 3877 1203 3913 τε
1227 3861 1319 3913 καὶ
1345 3860 1549 3912 ἁπαλὸν
1575 3861 1710 3932 πρός
1734 3877 1785 3913 τι

200 3955 320 4007 τῶν
352 3953 638 4023 χρησίμων
670 3951 1093 4006 ἀποτυποῦσθαι.

1892 3231 2114 3294 propter
2141 3239 2354 3280 omnem
2377 3223 2675 3293 nequitiam
2707 3221 3018 3275 nominatus
3051 3229 3103 3273 ct
3131 3218 3453 3272 nobilitatus

1893 3313 2127 3381 Pharao,
2160 3316 2214 3369 in
2248 3317 2358 3368 vita
2385 3329 2573 3369 eorum
2609 3313 2809 3382 quibus
2831 3311 2972 3366 bene
3006 3310 3188 3372 fiebat,
3222 3317 3276 3364 et
3298 3323 3460 3363 exor-

1892 3413 1980 3459 tus
2017 3413 2121 3468 est,
2180 3411 2234 3459 et
2287 3403 2491 3469 floruit,
2527 3409 2588 3457 ut
2642 3401 2844 3471 duplici
2909 3398 3194 3455 elﬁcientia
3247 3397 3341 3451 Dei
3403 3397 3458 3451 in

1893 3497 2141 3567 utrisque
2182 3496 2474 3551 distributa
2502 3495 2705 3564 justam
2743 3493 3026 3563 utriusque
3091 3490 3459 3561 cognitionem

1901 3589 2069 3644 Israel
2099 3589 2390 3658 acciperet,
2416 3586 2544 3641 dum
2580 3585 2634 3640 id
2673 3584 2914 3656 quidem,
2938 3582 3082 3654 quod
3107 3583 3305 3638 melius
3343 3588 3460 3635 erat

1891 3681 1945 3736 in
1981 3681 2162 3749 seipso
2209 3679 2467 3742 disceret,
2531 3678 2745 3734 tristius
2811 3684 2987 3730 autem
3023 3676 3078 3729 in
3142 3675 3210 3729 iis
3240 3673 3334 3744 qui
3389 3673 3460 3728 ob

1887 3769 2184 3841 nequitiam
2213 3779 2268 3826 et
2301 3769 2562 3823 malitiam
2590 3769 3024 3840 ﬂagellabantur,
3055 3765 3283 3829 videret,
3325 3780 3450 3818 cum

1885 3861 2210 3917 excellentia
2264 3860 2544 3930 sapientia:
2599 3875 2714 3915 suae
2769 3858 2911 3914 Deus
2965 3858 3222 3912 nimirum
3291 3855 3458 3912 etiam

1885 3954 2086 4007 malum
2128 3953 2194 4007 ad
2234 3952 2597 4022 adjuvandum
2629 3953 2833 4008 bonum
2875 3959 3110 4007 tractare
3159 3960 3213 4006 et
3247 3952 3465 4004 accom'o

203 4049 440 4101 modare
489 4046 644 4100 sciat.
677 4044 821 4115 Opus
891 4045 1034 4100 enim
1089 4052 1208 4099 erat
1257 4045 1453 4099 artitiei
1513 4043 1600 4114 (si
1657 4044 1821 4098 etiam
1864 4047 2067 4099 nostris
2125 4043 2304 4098 verbis
2357 4044 2716 4114 apostolicum
2790 4057 3096 4098 sermonem
3146 4041 3458 4096 confirmari

203 4147 423 4206 oportet
445 4137 485 4205 ),
537 4152 678 4207 opus
737 4137 904 4209 igitur
937 4142 1056 4189 erat
1116 4151 1214 4205 per
1274 4142 1446 4191 artem
1492 4135 1781 4190 exeudenti
1823 4134 2022 4189 ferrum
2069 4135 2134 4189 ad
2175 4135 2305 4190 utile
2365 4135 2639 4204 quoddam
2683 4137 2806 4189 vitae
2854 4136 3298 4197 instrumentum,
3352 4148 3460 4186 non

204 4233 386 4288 solum
455 4245 521 4285 eo
561 4230 704 4299 quod
751 4245 817 4284 ex
864 4227 1102 4282 naturali
1173 4227 1405 4298 quadam
1461 4227 1749 4282 teneritate
1791 4241 1855 4281 ac
1895 4225 2234 4282 mollitudine
2261 4225 2418 4282 facile
2455 4229 2558 4280 arti
2589 4226 2827 4285 cederet.
2862 4226 3213 4279 verumetiam
3266 4226 3313 4278 si
3360 4223 3462 4276 ad-

205 4323 430 4378 modum
481 4321 702 4385 dnrum,
761 4321 996 4391 rigidum
1062 4331 1226 4392 atque
1285 4319 1551 4374 resistens
1587 4317 1789 4373 ferrum
1830 4320 1921 4382 sit,
1946 4319 2160 4373 etiamsi
2191 4333 2300 4372 non
2351 4316 2508 4372 facile
2561 4331 2658 4385 per
2691 4316 2866 4384 ignem
2901 4314 3201 4378 mollescat,
3267 4324 3323 4369 et
3393 4318 3460 4370 ad

206 4413 425 4485 aliquod
473 4414 595 4468 vitae
636 4413 1009 4467 necessarium
1059 4413 1482 4468 instrumentum
1531 4409 1604 4463 ob
1657 4409 2004 4464 renitentiam
2056 4423 2120 4462 ac
2193 4406 2580 4461 firmitudinem
2635 4418 2786 4459 suam
2851 4403 3041 4458 excudi
3112 4417 3177 4456 ac
3237 4403 3461 4461 formari

207 4520 316 4558 non
350 4503 539 4573 possit.
571 4502 735 4555 etiam
771 4501 933 4570 hujus
963 4516 1055 4557 ars
1089 4501 1465 4570 adjumentum
1507 4498 1757 4568 requirit.
1797 4497 1930 4552 Nam
1964 4513 2060 4568 pro
2095 4497 2294 4553 incude
2330 4497 2423 4552 tali
2460 4503 2662 4559 utetur,
2694 4501 2754 4548 ut-
2779 4494 2982 4550 ictibus
3009 4493 3064 4548 in
3124 4507 3192 4547 ea
3255 4495 3323 4549 fet
3341 4511 3462 4550 runt

204 4603 451 4648 tenerum
482 4600 538 4647 et
566 4591 632 4646 ad
652 4607 790 4662 opus
815 4601 1000 4662 aptum
1035 4593 1101 4646 ad
1134 4593 1354 4663 aliquod
1389 4593 1528 4648 utile
1571 4593 1996 4647 instrumentum
2034 4591 2340 4648 excudatur
2363 4599 2418 4646 et
2449 4589 2787 4645 efformetur.

289 4684 427 4737 Ἀλλ’
449 4687 561 4756 ἐρεῖ
590 4701 672 4747 τις
689 4725 703 4747 ,
730 4685 812 4738 ὅτι
847 4686 909 4738 οὐ
940 4686 1139 4748 πάντες
1167 4685 1314 4756 παρά
1341 4686 1430 4738 τὸν
1469 4685 1582 4754 βίον
1603 4685 1785 4738 τοῦτον

1963 4683 2070 4740 Sed
2105 4684 2251 4739 dicet
2291 4684 2513 4755 aliquis,
2550 4681 2694 4752 quod
2736 4696 2847 4736 non
2883 4696 3076 4737 omnes
3110 4697 3165 4735 in
3216 4683 3316 4735 hac
3351 4681 3462 4734 vita

199 4776 304 4845 τῆς
339 4776 546 4830 ἑαυτῶν
581 4776 881 4850 μοχθηρίας
927 4778 1240 4832 ἀπέλαυσαν
1260 4795 1273 4810 ο
1311 4778 1430 4832 οὐδὲ
1456 4776 1560 4848 γάρ
1590 4777 1640 4830 oi
1667 4780 1785 4830 κατ’

1888 4790 2002 4831 suae
2035 4775 2296 4845 nequitiae
2327 4790 2521 4845 prenas
2554 4774 2684 4829 dent
2713 4791 2726 4828 :
2754 4788 2879 4828 nam
2908 4787 3009 4827 nee
3034 4773 3124 4842 qui
3158 4772 3460 4828 seetmdutn

205 4868 407 4937 ἀρετὴν
434 4868 769 4937 βιοτεύοντες
798 4869 856 4920 ὲν
880 4871 945 4939 τῇ
977 4868 1090 4940 ζωῇ
1121 4870 1291 4941 ταύτῃ
1321 4868 1428 4921 τῶν
1455 4869 1554 4938 τῆς
1584 4867 1785 4938 ἀρετῆς

1888 4868 2144 4923 virtutem
2175 4868 2393 4938 quidem
2428 4867 2642 4929 vivunt,
2676 4866 2730 4920 in
2761 4866 2865 4919 hac
2895 4865 3005 4918 vita
3043 4863 3264 4918 virtutis
3288 4863 3462 4918 sudo-

203 4955 448 5026 ἱδρώτων
493 4956 797 5010 ἀπὼναντο.
843 4959 907 5010 Τί
940 4955 1055 5019 οὖν,
1113 4960 1265 5028 φησι,
1303 4958 1505 5013 τούτων
1549 4953 1687 5012 εἷναι
1724 4959 1786 5012 τὸ

198 5049 309 5119 χρή
321 5065 475 5117 τιμον
502 5050 593 5101 ἐπὶ
617 5050 726 5102 τῶν
754 5051 812 5103 ὲν
833 5050 1001 5120 κακίᾳ
1027 5051 1385 5122 ἀτιμωρήτως
1409 5050 1780 5121 βεϐιωκότων;

195 5137 597 5208 Παραθήσομαί
628 5156 708 5191 σοι
739 5140 832 5192 καὶ
870 5139 1006 5210 πρὸς
1038 5139 1196 5193 τοῦτο
1225 5140 1400 5208 λόγον,
1441 5141 1548 5193 τῶν
1573 5140 1781 5212 ἀνθρω-

191 5228 379 5279 πίνων
394 5226 664 5297 λογισμῶν
680 5228 1028 5298 ὑψηλότερον.
1049 5231 1184 5299 Φησὶ
1211 5231 1317 5300 γάρ
1346 5249 1447 5284 που
1468 5233 1564 5302 τῆς
1585 5230 1778 5285 ἑαυτοῦ

193 5319 537 5389 προφητείας
573 5322 601 5373 6
640 5321 814 5390 μέγας
851 5320 1034 5384 Δαῦὶδ,
1076 5322 1241 5390 μέρος
1275 5339 1326 5374 τι
1362 5325 1472 5386 τοῖς
1502 5323 1779 5394 ὲναρέτοις

187 5407 538 5478 εὐφροσύνης
568 5411 660 5461 καὶ
685 5408 746 5462 τὸ
778 5409 1014 5463 τοιοῦτον
1041 5405 1202 5472 εἶναι,
1221 5410 1347 5463 ὅταν
1368 5410 1778 5480 ἀντιπαραθεω-

189 5501 337 5571 ρῶσι
372 5503 480 5562 τοῖς
529 5503 747 5566 οἰκείοις
777 5503 997 5571 ἀγαθοῖς
1027 5504 1124 5574 τὴν
1160 5505 1268 5557 τῶν
1302 5505 1640 5569 κατακρίτων
1678 5506 1783 5558 ἀπ-

186 5591 419 5644 ώλειαν.
445 5611 465 5644 ι
493 5593 930 5666 Εὐφρανθήσεται
958 5617 975 5650 ι
1018 5595 1146 5670 γὰρ,
1173 5597 1325 5667 φησὶ,
1358 5615 1376 5647 ι
1404 5596 1624 5660 δίκαιος,
1655 5597 1782 5650 ὅταν

188 5683 286 5756 ῃ
321 5683 600 5754 ἐκδίκησιν
636 5686 882 5753 ἀσεόοῦς,
906 5689 1004 5756 τὰς
1049 5692 1236 5762 χεῖρας
1286 5688 1448 5743 αὐτοῦ
1485 5689 1693 5758 νίψεται
1725 5691 1784 5744 ὲν

1884 4975 2005 5014 rum
2035 4959 2248 5013 fructus
2289 4959 2536 5028 capiunt.
2571 4957 2746 5024 Quam
2806 4970 2958 5025 ergo,
3024 4956 3221 5026 inquit,
3268 4957 3322 5010 in
3374 4956 3463 5012 his

1883 5052 2178 5111 utilitatem
2229 5051 2322 5120 qui
2358 5050 2413 5104 in
2463 5049 2707 5119 nequitia
2763 5047 2984 5115 impune
3028 5048 3284 5102 vixerunt
3335 5063 3460 5103 esse

1886 5142 2174 5200 dicemus?
2206 5140 2486 5195 Adducam
2517 5139 2613 5194 tibi
2649 5141 2702 5193 in
2735 5139 2970 5192 medium
3007 5141 3270 5193 rationem
3292 5138 3456 5192 etiam

1885 5235 1952 5289 ad
1989 5236 2090 5288 hoc
2133 5233 2388 5286 humanis
2428 5230 2854 5300 cogitationibus
2902 5244 2965 5284 ac
3004 5227 3447 5284 ratiocinationi-

1887 5329 1989 5381 bus
2022 5323 2422 5379 sublimiorem.
2458 5320 2546 5376 Ait
2585 5323 2731 5376 enim
2776 5336 3006 5392 magnus
3034 5321 3203 5374 David
3230 5321 3283 5374 in
3313 5334 3457 5390 quo-

1883 5417 2006 5472 dam
2033 5416 2156 5468 loco
2180 5430 2292 5470 sua:
2320 5414 2642 5484 prophetiae,
2689 5423 2897 5483 partem
2931 5412 3225 5483 quamdam
3257 5411 3460 5468 laetitia:

1888 5511 1988 5562 hoc
2015 5521 2236 5577 quoque
2267 5507 2469 5561 virtute
2493 5505 2737 5576 praeditis
2775 5520 2915 5570 esse,
2953 5506 2997 5559 si
3023 5521 3052 5560 e
3083 5506 3304 5576 regione
3330 5521 3460 5561 suo-

1886 5615 2006 5654 rum
2039 5597 2307 5653 bonorum
2336 5598 2586 5670 opposita
2627 5598 3006 5654 damnatorum
3039 5598 3278 5667 pernicie
3307 5607 3460 5653 utra-

1887 5708 1990 5764 que
2021 5693 2368 5749 considerent
2396 5701 2450 5749 et
2484 5691 2629 5748 inter
2660 5707 2719 5749 se
2762 5697 3080 5760 comparent
3122 5699 3283 5763 atque
3329 5707 3462 5748 con-
