3896 6208
457 185 554 242 191

1677 191 1736 248 8.
1775 188 2100 248 GREGORII
2123 192 2412 251 NYSSENI

3615 189 3738 244 193

453 307 703 362 tendant.
733 325 750 358 ι
789 305 1084 362 Lmtabitur
1117 327 1135 360 ι
1169 308 1342 374 enim,
1372 308 1570 380 inquit,
1603 328 1622 362 ι
1651 310 1856 380 justus,
1887 325 2010 365 cum

2127 310 2195 381 τῷ
2223 311 2414 381 αἵματι
2435 307 2531 364 τοίι⁹
2559 309 2882 383 ἁμαρτωλοῦ
2906 325 2922 342 ο
2963 328 2982 361 ι
3021 307 3120 379 οὐχ
3146 307 3222 372 ὡς
3247 306 3560 378 ὲπιχαίρων
3593 311 3734 372 ταῖς

453 399 650 452 viderit
678 399 936 452 ultionem
973 398 1160 468 impii;
1191 415 1386 456 manus
1427 417 1554 456 suas
1578 401 1777 456 lavabit
1809 403 1862 455 in
1897 417 2024 457 san-

456 491 620 559 guine
651 493 957 560 peccatoris
987 492 1029 523 ¹⁰
1061 512 1074 547 :
1120 512 1138 544 ι
1186 509 1294 546 non
1323 495 1466 563 quod
1499 495 1719 548 insultet
1743 494 2024 548 doloribus

457 583 826 645 manentium,
861 583 956 637 sed
1001 583 1145 652 quod
1209 598 1340 638 tunc
1374 585 1609 639 maxime
1640 593 1938 654 cognoscat
1969 592 2024 639 et

456 670 855 724 animadvertat
905 671 959 724 id
1014 671 1160 742 quod
1201 687 1266 726 ex
1318 675 1518 727 virtute
1566 672 1747 743 dignis
1786 672 2020 727 accedit.

458 760 745 830 Siguilicat
773 763 921 817 enim
942 779 1038 832 per
1068 765 1211 820 dicta
1234 765 1418 830 verba,
1449 766 1596 835 quod
1619 767 2021 821 contrariorum

455 866 521 904 ex
550 851 781 907 adverso
807 855 1142 923 comparatio
1166 857 1411 911 accessio
1432 857 1627 912 laetitia:
1651 865 1814 927 atque
1844 857 2024 910 incre-

458 951 697 996 mentum
719 944 921 999 virtute
949 946 1186 1015 praeditis
1212 947 1446 1002 exsistit.
1480 947 1611 1001 Nam
1641 964 1736 1018 per
1765 948 1840 1013 id,
1871 947 2020 1018 quod

456 1032 616 1097 dixit,
658 1051 676 1085 ι
716 1035 909 1092 Manus
942 1038 997 1091 in
1029 1039 1294 1108 sanguine
1327 1041 1630 1108 peccatoris
1658 1041 1822 1108 lavat,
1864 1059 1882 1091 ι
1921 1040 2023 1093 Ιιιι-

450 1126 694 1194 jusmodi
742 1129 902 1185 nobis
954 1131 1158 1200 praebet
1205 1131 1552 1196 sententiam,
1612 1133 1759 1202 quod
1809 1132 2021 1202 puritas

452 1215 575 1284 ejus
628 1216 684 1270 in
741 1218 850 1271 vita
916 1219 1147 1275 actionis
1202 1220 1254 1274 in
1312 1221 1618 1291 perditione
1672 1230 2020 1290 peccatorum

454 1306 884 1360 demonstratur.
908 1306 1055 1377 ‘Nam
1089 1309 1304 1364 lavandi
1368 1309 1538 1364 dictio
1587 1310 1842 1379 puritatis
1897 1324 2021 1381 spe-

455 1397 592 1449 ciem
617 1404 673 1450 et
725 1397 1014 1471 imaginem
1055 1399 1349 1470 signiﬁcat.
1401 1401 1456 1454 In
1525 1403 1792 1471 sanguine
1839 1409 2020 1456 autem

456 1502 616 1541 nemo
648 1487 880 1552 lavatur,
915 1490 1008 1544 sed
1048 1492 1306 1557 polluitur
1332 1501 1384 1544 et
1430 1490 1750 1560 inquinatur
1793 1508 1806 1543 :
1840 1493 2024 1560 itaque

455 1594 551 1648 per
576 1579 678 1634 hoc
706 1581 926 1648 planum
963 1581 1038 1647 lit,
1070 1580 1216 1650 quod
1260 1597 1441 1634 rerum
1487 1582 1807 1636 acerbarum
1833 1597 1899 1634 ex
1927 1581 2024 1636 ad-

455 1686 616 1726 verso
669 1673 1010 1742 comparatio
1069 1672 1292 1727 virtutis
1341 1672 1734 1727 beatitudinem
1792 1672 2019 1728 demon-
2054 1657 2096 1711 Β

456 1770 615 1817 strat.
642 1763 1030 1818 Contrahenda
1051 1769 1134 1818 est
1171 1763 1341 1833 igitur
1391 1764 1569 1818 oratio
1629 1762 1684 1817 in
1736 1763 1935 1833 capita,
1963 1771 2024 1817 ut

456 1853 766 1907 intellectus
785 1861 948 1922 atque
981 1853 1286 1916 sententiae,
1324 1867 1461 1922 quas
1484 1853 1838 1908 tractavimus
1861 1862 2024 1924 atque

457 1946 689 2000 scrutati
723 1961 935 2009 sumus,
968 1947 1242 2001 memoriae
1283 1947 1424 2000 haud
1459 1945 1749 2001 dilﬁculter
1774 1947 2022 2002 mandari

459 2037 691 2109 possint.
725 2037 860 2092 Nam
907 2038 1198 2092 immatura
1224 2052 1373 2092 mors
1423 2035 1714 2091 infantium
1764 2053 1939 2107 neque
1968 2039 2023 2092 in

457 2131 742 2186 doloribus
765 2147 828 2186 ac
851 2131 1111 2186 maestitia
1137 2146 1260 2187 esse
1281 2145 1404 2186 eum
1433 2130 1526 2200 qui
1547 2129 1627 2187 sic
1646 2131 1826 2186 vivere
1841 2130 2024 2195 desiit,

456 2223 866 2293 intelligendum
901 2238 1024 2278 esse
1071 2221 1230 2277 nobis
1268 2223 1530 2294 suggerit,
1569 2238 1744 2293 neque
1794 2222 1849 2276 in
1905 2223 2025 2293 pari

457 2314 634 2382 ipsum
665 2323 718 2368 et
753 2314 942 2369 eadem
978 2313 1289 2368 conditione
1333 2328 1396 2366 ac
1452 2321 1600 2368 sorte
1650 2301 1856 2368 versari
1900 2327 2024 2366 cum

456 2404 526 2459 iis
556 2404 648 2473 qui
703 2418 798 2473 per
835 2417 1050 2457 omnem
1093 2403 1346 2457 virtutem
1393 2403 1448 2456 in
1499 2403 1603 2458 hac
1654 2405 1763 2457 vita
1813 2401 2024 2472 purgati

457 2502 623 2558 sunt,
662 2493 996 2562 providentia
1051 2491 1260 2546 meliori
1294 2492 1729 2561 exsuperantiam
1772 2492 2025 2546 vitiorum

456 2584 778 2654 prohibente
809 2583 916 2640 Deo
945 2584 1000 2638 in
1034 2583 1099 2637 iis
1120 2584 1214 2653 qui
1249 2583 1320 2637 ita
1360 2583 1556 2637 victuri
1583 2582 1836 2638 fuissent.
1871 2582 2027 2648 Quod

456 2682 636 2730 autem
673 2673 921 2727 nonnulii
984 2673 1250 2727 malorum
1277 2671 1484 2725 diutius
1516 2671 1726 2732 vivunt,
1760 2671 1813 2725 id
1849 2671 2029 2726 reddi-

457 2775 568 2819 tam
597 2766 922 2820 seutentiam
956 2780 1064 2818 non
1098 2764 1387 2819 subvertit.
1432 2762 1566 2818 Nam
1600 2764 1655 2817 in
1683 2764 1908 2833 gratiam
1935 2777 2032 2833 pa-

459 2865 676 2912 rentum
712 2857 908 2912 malum
958 2857 1012 2910 in
1045 2857 1154 2912 illis
1201 2855 1493 2926 impeditur
1541 2870 1606 2910 ac
1644 2855 1967 2924 prohibetur
2009 2874 2022 2910 :

459 2949 661 3017 quibus
696 2955 873 3002 autem
916 2946 1098 3001 nullus
1130 2961 1158 3000 a
1193 2945 1509 3016 parentibus
1532 2944 1599 2999 ad
1650 2944 1818 3000 Deum
1851 2945 2030 2999 aditus
2059 2986 2100 3043 Ο

459 3048 600 3102 erat,
635 3055 702 3094 ne
737 3040 801 3094 ad
831 3054 924 3094 eos
955 3038 1170 3105 quidem
1201 3038 1294 3108 qui
1325 3052 1388 3092 ex
1424 3037 1559 3107 ipsis
1591 3037 1845 3107 prognati
1873 3044 2026 3101 sunt,

462 3127 696 3196 amplius
721 3129 984 3198 ejusmodi
1032 3126 1281 3183 beneﬁcii
1329 3143 1500 3197 genus
1547 3141 1654 3181 una
1700 3126 2030 3180 transmitti-

461 3227 580 3285 tur;
621 3228 713 3273 aut
747 3221 919 3274 multo
957 3221 1150 3275 saevior
1171 3226 1225 3274 et
1275 3219 1512 3273 atrocior
1547 3218 1655 3273 illis
1695 3218 1788 3286 qui
1827 3217 1898 3273 ob
1930 3233 2029 3272 ne-

460 3313 686 3382 quitiam
725 3312 935 3367 nobiles
983 3319 1134 3375 sunt,
1173 3311 1320 3365 visus
1351 3309 1545 3365 fuisset
1573 3309 1619 3363 is
1651 3308 1743 3376 qui
1767 3322 1864 3377 per
1884 3323 2032 3362 mor-

459 3413 566 3458 tem
596 3407 774 3463 malus
821 3402 934 3457 ﬁeri
977 3402 1283 3471 prohibitus
1328 3409 1430 3464 est,
1481 3399 1747 3469 siquidem
1780 3398 2029 3462 liberam,

458 3495 786 3565 expeditam,
818 3501 995 3548 etnon
1029 3492 1347 3560 praeclusam
1383 3490 1679 3559 nequitiam
1711 3488 2023 3544 habuisset:

461 3594 554 3639 aut
603 3585 647 3641 si
695 3585 787 3656 qui
833 3583 992 3639 etiam
1045 3581 1112 3635 ad
1171 3595 1442 3636 summum
1496 3579 1751 3649 nequitia:
1807 3578 2027 3634 modum

461 3676 736 3746 progressi
761 3684 910 3740 sunt,
935 3673 1228 3744 apostolica
1257 3672 1642 3740 contemplatio
1663 3685 1798 3734 rem,
1831 3669 1897 3724 de
1919 3684 2027 3739 qua

461 3768 781 3835 qumt‘imtts,
804 3766 1140 3833 consolatur,
1171 3765 1315 3834 quod
1352 3763 1606 3817 nimirum
1643 3761 1689 3817 is
1717 3761 1809 3830 qui
1841 3764 2024 3816 omnia

462 3871 587 3908 cum
627 3855 891 3924 sapientia
921 3855 1069 3917 facit,
1103 3855 1266 3910 etiam
1307 3835 1406 3924 per
1433 3853 1634 3907 malum
1666 3851 1871 3921 aliquid
1899 3851 2028 3906 boni

462 3944 670 4000 eﬂicere
698 3945 855 3999 sciat.
895 3944 1050 4011 Quod
1079 3947 1124 4000 si
1155 3946 1279 4015 quis
1303 3947 1465 4000 etiam
1501 3945 1555 3998 in
1587 3943 1833 4014 nequitia
1861 3950 2026 4012 atque

2125 401 2231 454 τῶν
2263 403 2578 473 ἁνιωμένων
2602 402 2833 466 ὀδύναις,
2858 402 2973 456 ἀλλ’
2999 401 3074 464 ὼς
3091 399 3211 452 τότε
3248 398 3485 469 μάλιστα,
3505 400 3733 469 γνωρί-

2125 492 2232 557 ζων
2275 493 2336 546 τὸ
2392 495 2451 560 ἐξ
2486 495 2692 564 ,ἀρετῆς
2723 496 2836 556 τοῖς
2885 492 3056 556 ἀξίοις
3097 490 3566 562 παραγινόμενον.
3619 491 3734 560 Ση-

2127 585 2304 655 μαίνει
2328 585 2438 655 γὰρ
2452 585 2539 638 διὰ
2555 585 2661 638 τῶν
2695 585 3018 656 εἰρημένων,
3051 583 3133 636 ὅτι
3161 582 3443 653 προσθήκη
3477 581 3591 651 τῆς
3626 582 3729 634 εὑ-

2125 673 2394 744 φροσύνης
2422 674 2515 727 καὶ
2547 675 2797 737 ἐπίτασις
2841 677 2954 736 τοῖς
2984 673 3257 743 ἐναρέτοις
3291 672 3496 740 γίνεται
3530 675 3566 742 ἡ
3601 671 3729 725 τῶν

2124 766 2376 820 ἐναντίων
2425 767 2862 837 ἀντιπαράθεσις.
2892 765 2964 818 Τὸ
3007 766 3113 836 γὰρ
3158 765 3356 831 εἰπεῖν,
3408 765 3494 818 ὅτι
3540 781 3562 815 ‹
3599 765 3725 828 Τὰς

2122 859 2308 927 χεῖρας
2359 857 2416 910 ἐν
2465 857 2544 928 τῷ
2593 858 2782 927 αἵματι
2831 856 2925 909 τοῦ
2987 855 3311 928 ἀμαρτωλοῢ
3362 856 3650 919 νίπτεται,
3697 873 3720 906 ι

2123 948 2377 1019 τοιαύτην
2407 950 2702 1020 παρίστησι
2717 946 3083 1018 τὴνδιάνοιαν,
3110 947 3193 1000 ὃτι
3217 946 3278 999 τὸ
3300 945 3726 1016 καθαιρόμενον

2123 1040 2286 1094 αὑτοῦ
2317 1041 2415 1111 τῆς
2449 1041 2590 1095 κατὰ
2613 1040 2709 1110 τὴν
2739 1038 2882 1109 ζωὴν
2921 1037 3219 1110 ἐνεργείας,
3264 1039 3322 1090 ἐν
3348 1039 3416 1107 τῇ
3452 1035 3726 1105 ἀπωλείᾳ

2123 1129 2231 1182 τῶν
2284 1130 2622 1200 ἁμαρτωλῶν
2660 1128 3038 1182 διαδείκνυται.
3081 1127 3145 1180 Ἣ
3174 1126 3284 1196 γὰρ
3309 1125 3404 1179 τοῦ
3441 1123 3721 1194 νίψασθαι

2123 1220 2285 1287 λέξις,
2321 1221 2690 1292 καθαρότητος
2716 1219 2950 1290 ἔμφασιν
2972 1217 3337 1289 διερμηνεύει.
3382 1217 3467 1268 Ἑν
3507 1215 3721 1284 αἵματι

2122 1313 2178 1367 δὲ
2215 1313 2335 1382 οὐχὶ
2363 1311 2607 1364 νίπτεταί
2637 1328 2740 1374 τις,
2771 1310 2905 1364 ἀλλά
2931 1309 3214 1380 μολύνεται
3242 1325 3256 1338 ·
3281 1307 3421 1360 ὥστε
3452 1306 3545 1360 διά
3578 1305 3717 1358 τού-

2122 1421 2216 1457 του
2245 1402 2404 1473 δῆλον
2429 1401 2702 1470 γενέσθαι,
2735 1400 2816 1454 ὅτι
2847 1399 3011 1471 ἡτῶν
3051 1397 3521 1469 σκυθρωποτέρων
3556 1396 3721 1448 ἀντι-

2125 1493 2422 1564 παράθεσις
2457 1493 2557 1564 τὴν
2603 1492 2700 1561 τῆς
2742 1492 2945 1563 ἀρετῆς
2991 1489 3368 1561 μακαριότητα
3406 1487 3717 1540 δείκνυσιν.

2126 1585 2430 1639 Συναπτέον
2488 1583 2666 1638 τοίνυν
2715 1583 2806 1635 ἐπὶ
2855 1581 3134 1651 κεφαλαίῳ
3167 1581 3260 1633 τὸν
3307 1579 3482 1647 λόγον,
3519 1577 3600 1638 ὼς
3644 1577 3717 1629 ἂν

2126 1676 2531 1746 εὐμνημόνευτα
2582 1673 2787 1742 γένοιτο
2833 1672 2901 1726 τὰ
2941 1671 3281 1742 ἐξητασμένα
3313 1673 3584 1742 νοήματα.
3646 1669 3713 1720 Ἡ

2126 1767 2235 1837 γὰρ
2294 1768 2470 1837 ἄωρος
2516 1765 2740 1836 τελευτὴ
2776 1764 2883 1817 τῶν
2921 1762 3132 1834 νηπίων
3169 1761 3292 1815 οὔτε
3336 1765 3392 1816 ἐν
3434 1760 3711 1829 ἀλγεινοῖς

2128 1856 2265 1912 εἶναι
2303 1858 2394 1914 τὸν
2426 1856 2567 1911 οὕτω
2599 1857 2695 1928 τὴν
2728 1855 2871 1927 ζωὴν
2903 1855 3249 1926 παυσάμενον
3280 1855 3417 1906 νοεῖν
3447 1851 3713 1905 ὑποτίθε-

2125 1969 2236 2014 ται,
2265 1949 2389 2002 οὔτε
2423 1949 2563 2004 κατά
2591 1948 2651 2001 τὸ
2684 1950 2796 2002 ἴσον
2847 1950 2959 2010 τοῖς
2980 1946 3069 2000 διὰ
3101 1946 3281 2015 πάσης
3319 1944 3520 2016 ἀρετῆς
3562 1942 3710 1996 κατά

2126 2039 2218 2091 τὸν
2273 2038 2400 2107 τῇδε
2455 2037 2566 2105 βίον
2614 2035 3044 2106 κεκαθαρμένοις
3103 2035 3330 2103 γίνεται,
3385 2032 3705 2104 προμηθείᾳ

2128 2129 2395 2200 κρείττονι
2421 2127 2514 2181 τοῦ
2537 2125 2670 2180 Θεοῦ
2703 2129 2801 2196 τὴν
2829 2126 2936 2179 τῶν
2967 2126 3152 2180 κακῶν
3178 2123 3445 2196 ἀμετρίαν
3474 2121 3707 2176 κωλύον-

2127 2239 2218 2284 τος
2248 2220 2340 2274 ἐπὶ
2387 2220 2494 2272 τῶν
2531 2218 2828 2290 μελλόντων
2873 2217 3015 2271 οὕτω
3049 2217 3360 2287 βιώσεσθαι.
3389 2215 3461 2268 Τὸ
3491 2215 3550 2268 δὲ
3583 2215 3698 2266 ἐπι-

2129 2311 2318 2366 ϐιῶναί
2345 2327 2496 2374 τινας
2530 2310 2638 2363 τῶν
2677 2307 2883 2372 κακῶν,
2917 2308 3017 2360 οὐκ
3047 2307 3339 2378 ἀνατρέπει
3375 2306 3473 2376 τὴν
3511 2305 3707 2358 ἀποδο-

2129 2402 2316 2458 θεῖσαν
2370 2401 2628 2456 διάνοιαν.
2665 2401 2744 2470 Τῇ
2781 2399 2890 2470 γὰρ
2924 2397 3062 2468 πρὸς
3108 2399 3233 2461 τοὺς
3273 2395 3706 2467 γεννησαμένους

2129 2495 2311 2567 χάριτι
2331 2493 2390 2548 τὸ
2421 2493 2588 2547 κακὸν
2605 2493 2689 2545 ἐπ’
2715 2491 2936 2544 ἐκείνων
2963 2487 3300 2559 ἐνεποδίσθη·
3321 2483 3400 2551 οἷς
3423 2487 3482 2540 δὲ
3507 2486 3607 2539 οὐκ
3636 2481 3704 2555 ἦν

2131 2604 2212 2650 τις
2237 2588 2301 2639 ὲκ
2325 2585 2526 2654 γονέων
2551 2582 2688 2655 πρὸς
2718 2583 2808 2636 τὸν
2855 2583 2986 2636 Θεὸν
3032 2580 3333 2654 παρρησία,
3360 2578 3480 2631 οὐδὲ
3511 2579 3623 2640 τοῖς
3643 2576 3704 2640 ἐξ

2131 2678 2353 2733 ἐκείνων
2406 2676 2465 2730 τὸ
2508 2675 2747 2730 τοιοῦτον
2775 2676 2869 2730 ἐπὶ
2914 2675 3012 2745 τῆς
3044 2672 3361 2745 εὐεργεσίας
3401 2666 3538 2732 εἶδος
3567 2686 3705 2737 συμο

2132 2769 2504 2841 παρεπέμφθη
2525 2785 2538 2798 ·
2575 2767 2608 2837 ἢ
2669 2767 2845 2837 πολλῷ
2877 2765 3253 2838 χαλεπώτερος
3273 2764 3381 2818 τῶν
3409 2757 3506 2815 ’ἐπὶ
3535 2761 3704 2829 κακίᾳ

2131 2860 2421 2930 γνωρίμων
2449 2860 2478 2911 ὁ
2511 2856 2772 2920 κωλυθεὶς
2796 2857 2882 2910 διὰ
2902 2855 2992 2909 τοῦ
3012 2856 3238 2909 θανάτου
3263 2853 3512 2922 γενέσθαι
3535 2851 3705 2913 κακὸς

2133 2951 2305 3020 ἐφάνη
2329 2950 2414 3011 ἂν,
2446 2950 2603 3021 εἴπερ
2639 2946 2915 3002 ἀκώλυτον
2954 2945 3079 3016 ἔσχε
3113 2946 3210 3018 τὴν
3242 2944 3534 3014 πονηρίαν*
3576 2943 3610 3012 ἦ
3654 2941 3708 2993 εί

2131 3060 2276 3106 τινες
2327 3041 2421 3094 καὶ
2476 3042 2554 3104 εἰς
2602 3039 2664 3091 τὸ
2700 3039 2998 3110 ἀκρότατον
3044 3039 3142 3106 τῆς
3203 3036 3466 3107 πονηρίας
3509 3034 3705 3105 μέτρον

2133 3130 2617 3204 προσεληλύθασιν.
2647 3131 2680 3200 ὴ
2706 3129 3031 3200 ἀποστολικὴ
3062 3117 3264 3199 θεωρία
3303 3128 3705 3200 παραμυθεῖται

2131 3225 2190 3276 τὸ
2223 3225 2460 3294 ζήτημα,
2492 3221 2565 3284 ὡς
2595 3221 2790 3284 εἰδότος
2817 3221 2906 3274 τοῦ
2941 3221 3120 3275 πάντα
3151 3223 3206 3273 ἐν
3234 3219 3394 3289 σοφίᾳ
3427 3215 3704 3278 ποιοῦντος

2133 3318 2226 3371 καὶ
2259 3316 2344 3368 διὰ
2375 3315 2467 3366 τοῦ
2534 3314 2705 3366 κακοῦ
2759 3332 2812 3366 τι
2855 3313 2962 3366 τῶν
2991 3312 3210 3381 ἀγαθῶν
3244 3308 3701 3380 κατεργάσασθαι.

2133 3411 2197 3464 Εἰ
2223 3408 2278 3461 δέ
2305 3426 2386 3470 τις
2430 3409 2524 3460 καὶ
2570 3408 2626 3459 ἐν
2660 3407 2894 3476 πονηρίᾳ
2923 3405 2981 3457 τὺ
3011 3405 3178 3475 ἄκρον
3214 3403 3346 3473 ἔχει,
3384 3401 3476 3455 καὶ⁵
3502 3401 3586 3452 ἐπ’
3612 3400 3704 3452 οὺς

2132 3500 2244 3554 δενὶ
2269 3497 2542 3568 χρησίμῳ,
2569 3496 2788 3549 κατὰτὸ
2824 3494 2986 3565 ῥηθὲν
3024 3494 3153 3563 ἡμῖν
3188 3490 3508 3558 ὑπόδειγμα,
3551 3486 3703 3556 παρά

2103 3618 2106 3622 -
2135 3593 2232 3662 τῆς
2263 3590 2357 3643 τοῦ
2390 3589 2524 3642 Θεοῦ
2551 3590 2744 3657 τέχνης
2773 3584 3204 3657 κατεχαλκεύθη.
3228 3582 3385 3635 τοῦτο
3422 3577 3699 3651 προσθήκη

2135 3678 2234 3747 τῆς
2275 3675 2610 3745 εὐφροσύνης
2652 3676 2758 3728 τῶν
2797 3671 2853 3727 εὖ
2899 3674 3234 3744 βεϐιωκότων
3267 3673 3494 3741 γίνεται,
3524 3665 3700 3729 καθὼς

2132 3773 2165 3842 ἠ
2225 3769 2526 3841 προφητεία
2583 3771 2722 3821 νοεῖν
2781 3766 3112 3824 ὑποτίθεται,
3143 3767 3280 3832 ὅπερ
3328 3763 3389 3815 οὐ
3424 3759 3606 3832 μικρὸν
3639 3759 3698 3808 ἐν

2133 3859 2354 3926 ἀγαθοῖς
2381 3857 2445 3910 ἄν
2470 3875 2553 3920 τις
2579 3857 2873 3917 λογίσαιτο,
2920 3855 3037 3907 οὐδὲ
3079 3856 3177 3924 τῆς
3207 3853 3299 3906 τοῦ
3333 3851 3468 3906 Θεοῦ
3491 3864 3701 3919 προμηυ

2139 3944 2289 4007 θείας
2312 3942 2548 4006 ἀνάξιον.

463 4037 811 4107 improbitate
840 4036 1116 4108 fastigium
1165 4054 1228 4094 ac
1272 4038 1532 4092 verticem
1584 4044 1752 4100 tenet,
1796 4043 1850 4090 et
1873 4034 2031 4105 juxta
2070 4035 2400 4106 pr0positam
2437 4049 2466 4088 a
2502 4034 2658 4089 nobis
2686 4033 3121 4100 similitudinem,
3147 4034 3211 4088 ad
3271 4032 3476 4087 nullum
3536 4044 3696 4083 usum

463 4130 531 4184 ab
558 4137 672 4183 arte
705 4129 796 4183 Dei
843 4130 1141 4186 fabricatus
1168 4140 1273 4196 est,
1317 4131 1420 4186 hoc
1465 4129 1667 4186 laetitiae
1731 4143 1919 4185 eorum
1967 4127 2062 4197 qui
2102 4128 2240 4183 bene
2292 4128 2546 4182 vixerunt
2579 4128 2848 4197 appendix
2881 4137 2936 4183 et
2971 4127 3390 4183 additamentum
3461 4121 3695 4186 exsistit,

461 4227 916 4295 quemadmodum
983 4229 1266 4299 prophetia
1319 4227 1728 4301 intelligendum
1775 4226 2053 4298 proponit,
2111 4225 2254 4295 quod
2289 4226 2344 4279 in
2374 4224 2532 4280 bonis
2573 4223 2714 4279 haud
2746 4238 2972 4294 parvqu
3003 4223 3128 4293 quis
3158 4217 3564 4281 existimaverit,
3595 4230 3696 4271 nec

463 4321 808 4390 providentia
833 4321 922 4376 Dei
948 4321 1252 4393 indignum.

540 4479 582 4510 "'
608 4478 749 4533 i‘sal.
781 4496 910 4535 ινιι.
951 4483 1032 4536 ll.
