3896 6208
527 306 636 364 I95

1774 302 1832 357 ε.
1871 299 2202 359 GREGOBII
2242 288 2531 356 Mssam

3668 305 3768 358 196

523 426 739 481 sanavit
765 437 885 487 eos,
907 431 962 477 et
989 423 1187 492 eripuit
1218 437 1314 478 eos
1342 422 1409 478 de
1434 424 1763 494 corruptelis
1792 438 1980 478 eorum
2004 423 2079 476 ⁸.»

2188 423 2295 474 Καὶ
2342 423 2536 476 πάλιν
2574 440 2590 473 ι
2634 420 3039 488 Ἑξαποστελείς
3096 420 3155 473 τὸ
3203 419 3431 490 Πνεῦμά
3486 435 3615 484 σου,
3674 423 3769 475 καὶ

522 517 591 571 Et
612 530 827 573 rtrrsus.
855 532 872 563 ι
905 513 1131 569 Emittes
1153 513 1419 584 Spiritum
1451 523 1703 577 tuum,et
1733 515 2087 575 creabuntur.

518 615 577 662 et
610 604 900 660 renovahis
935 602 1128 658 faciem
1182 614 1341 659 terra:
1365 604 1408 657 ⁸.
1453 623 1473 657 ι
1518 623 1538 656 ι
1572 603 1706 671 Quis
1738 602 1886 659 stetit
1915 602 1971 657 in
2003 601 2094 656 ﬁr-

519 703 794 750 mamento
824 693 1071 760 Domini,
1102 703 1156 749 et
1182 695 1317 749 vidit
1340 693 1576 750 Verbum
1603 695 1723 764 ejus
1748 695 1809 747 ⁸9
1832 713 1851 745 ι
1874 696 1945 747 At
1970 709 2093 749 ver-

520 788 649 842 bum
676 787 916 841 hominis
944 803 1051 841 non
1084 787 1348 842 cernitur.
1377 785 1542 842 Vides
1569 802 1597 839 a
1627 785 1828 842 Davide
1852 784 2091 840 Verbum

518 877 627 933 dici
654 918 670 942 ,
704 893 819 932 non
845 878 990 948 quod
1024 876 1213 933 auditu
1236 916 1252 942 ,
1289 877 1388 933 sed
1423 877 1572 946 quod
1601 878 1726 932 visu
1764 877 2087 948 percipitur,

519 968 815 1034 nimirum,
880 969 1026 1039 quod
1067 969 1248 1038 reipsa
1287 968 1575 1034 subsistit,
1640 967 2089 1038 quandoquidem

518 1065 746 1119 verbum
785 1065 1099 1119 substantia
1134 1080 1362 1129 carens,
1401 1065 1618 1126 locum,
1651 1071 1711 1117 ut
1746 1078 1847 1134 par
1879 1070 1998 1127 est,
2035 1060 2089 1114 in

520 1154 630 1210 Deo
656 1158 847 1225 nequit
880 1156 1103 1211 habere.
1138 1154 1249 1211 Nos
1278 1156 1425 1211 enim
1461 1169 1716 1210 sermone
1745 1154 1812 1209 ad
1847 1162 2089 1206 mutuam

519 1244 977 1301 consuetudinem
1003 1244 1232 1301 Creator
1258 1245 1550 1308 instruxit,
1584 1252 1639 1299 et
1672 1252 1727 1298 ut
1760 1259 1856 1313 per
1884 1256 2093 1298 sermo-

518 1350 643 1389 nem
670 1335 810 1389 alter
835 1335 1063 1390 alterius
1098 1345 1334 1390 mentem
1370 1334 1827 1405 intelliget-emus.
1867 1331 2096 1387 Confert

517 1434 702 1481 autem
739 1427 897 1481 nobis
930 1428 1159 1496 spiritus
1191 1426 1260 1481 ad
1291 1426 1546 1497 corporis
1574 1440 1793 1496 quoque
1823 1422 2094 1479 constitu-

516 1515 723 1568 tionem
746 1514 1181 1571 conservandam
1198 1556 1216 1582 ,
1237 1515 1371 1570 dum
1398 1530 1591 1584 nempe
1613 1514 1908 1568 attrahitur
1931 1520 2094 1583 atque

516 1604 792 1671 hauritur,
834 1607 1090 1677 idemque
1129 1607 1436 1677 respiratur
1469 1606 1533 1661 ac
1572 1605 1858 1672 redditur;
1900 1619 2087 1660 verum

513 1697 584 1754 de
619 1699 763 1762 Deo,
798 1699 892 1769 qui
923 1699 1074 1754 solus
1103 1700 1467 1769 incorporeus
1498 1708 1616 1763 est,
1652 1715 1761 1753 non
1794 1713 2089 1768 possumus

517 1791 830 1859 hujusmodi
848 1790 1123 1861 quidpiam
1149 1789 1384 1859 opinari.
1406 1807 1425 1842 ι
1451 1790 1637 1846 Annos
1660 1789 1896 1861 perﬁcis,
1919 1788 2082 1857 Deus,
2115 1771 2159 1827 Β

524 1881 729 1935 virtute
775 1889 891 1934 tua.
935 1879 1192 1934 Christus
1247 1887 1429 1935 autem
1484 1878 1575 1935 Dei
1637 1882 1842 1944 virtus,
1884 1884 2088 1956 Deique

515 1973 785 2041 sapientia
810 1981 895 2027 est
920 1973 961 2026 ‘.
989 1992 1008 2024 ι
1028 1970 1105 2026 Ex
1130 1986 1363 2042 persona
1391 1971 1716 2042 Sapientiae,
1745 1977 1797 2031 id
1823 1986 1906 2032 est
1927 1975 2084 2033 Filii:

520 2079 539 2112 ε
567 2060 703 2115 Cum
741 2068 959 2131 pararet
999 2061 1201 2116 coelum
1223 2099 1239 2124 ,
1275 2056 1496 2116 aderam
1533 2063 1613 2117 illi
1641 2082 1656 2119 :
1687 2073 1742 2119 et
1770 2080 1871 2136 ego
1902 2081 2086 2133 eram,

514 2168 623 2222 qua
645 2153 1060 2207 delectabatur:
1089 2153 1336 2223 quotidie
1359 2154 1675 2209 oblectabar
1701 2156 1841 2213 facie
1861 2158 1984 2227 ejus
2007 2159 2081 2213 ⁷.»

586 2242 875 2309 Quomodo
905 2243 1020 2299 haec
1053 2254 1202 2299 stare
1229 2254 1487 2313 poterunt
1509 2285 1525 2309 ,
1554 2246 1601 2300 si
1636 2262 1744 2301 non
1775 2248 2088 2304 subsistens

512 2346 704 2385 revera
739 2330 909 2387 facies
942 2332 1106 2386 erat?
1140 2347 1321 2402 neque
1353 2334 1501 2388 enim
1533 2334 1676 2391 alius
1709 2351 1833 2392 esse
1862 2344 2084 2408 potest,

513 2438 639 2476 cum
694 2438 803 2492 quo
843 2424 1118 2478 collocuta
1168 2423 1581 2492 fueritthuis
1632 2429 1778 2482 enim
1829 2432 2088 2501 cognovit

514 2521 749 2567 mentem
780 2512 1127 2580 Domini,aut
1151 2515 1277 2583 quis
1307 2517 1659 2573 consiliarius
1689 2519 1811 2588 ejus
1846 2518 1950 2574 fuit
1978 2520 2039 2575 οἳ
2063 2540 2081 2572 ι

516 2602 622 2658 Sed
651 2604 787 2658 satis
823 2604 925 2659 fuit
965 2606 1014 2661 ei
1057 2607 1175 2662 sola
1208 2608 1463 2664 voluntas
1497 2608 1568 2663 ad
1622 2611 1870 2665 omnium
1902 2627 2086 2666 rerum

514 2698 871 2752 creationem.
912 2696 1002 2751 Ait
1038 2699 1185 2753 enim
1219 2697 1506 2769 Scriptura
1530 2738 1545 2763 ,
1572 2719 1591 2751 ‹
1622 2699 1685 2754 Ει
1714 2699 1957 2771 Spiritus
1981 2702 2087 2757 Do-

514 2787 648 2840 mini
679 2788 958 2842 ferebatur
987 2804 1152 2858 snper
1177 2805 1351 2860 aquas
1375 2791 1417 2845 ’.
1446 2810 1464 2841 ι
1490 2790 1701 2857 Quibus
1732 2796 1917 2850 verbis
1952 2796 2085 2850 sub-

513 2878 818 2933 sistentiam
860 2879 1099 2950 Spiritus
1145 2883 1323 2937 sancti
1370 2883 1553 2938 omnia
1598 2883 1867 2951 foventis,
1914 2896 1967 2943 et
2017 2889 2086 2944 ad

514 2968 1211 3043 futuramgenerationem
1260 2964 1625 3041 vivillcantis,
1675 2975 1961 3049 Scriptura
2011 2982 2086 3037 si-

2190 514 2589 586 κτισθήσονται,
2611 513 2705 566 καὶ
2729 513 3058 575 ἀνακαινιείς
3088 511 3147 564 τὸ
3162 511 3450 583 πρόσωπον
3471 510 3571 580 τῆς
3596 510 3712 580 γῆς.
3740 530 3759 562 ι

2201 605 2328 668 «Τίς
2364 604 2493 675 ἔστη
2522 605 2580 657 ἐν
2608 602 3046 673 ὑποστηρίγματι
3075 601 3151 672 (2)
3182 600 3402 672 Κυρίου,
3424 603 3519 656 καὶ
3553 595 3655 655 εῐδε
3679 604 3765 656 τὸν

2191 698 2364 764 Λόγον
2413 695 2611 761 αὐτοῦς
2646 713 2666 746 ι
2699 694 2870 763 Λόγος
2921 693 2979 747 δὲ
3032 692 3317 763 ἀνθρώπου
3373 693 3437 747 οὐ
3465 692 3764 764 θεωρεῖται.

2203 789 2384 865 Ὁρᾷς,
2424 788 2504 841 ὅτι
2547 789 2648 840 οὐκ
2676 786 2937 840 ἀκουστὸν
2959 827 2972 850 ,
3016 784 3128 838 ἀλλ’
3158 784 3349 857 ὁρατὸν
3394 786 3563 853 Λόγον
3598 785 3763 852 λέγει,

2190 879 2344 946 δῆλον
2388 879 2479 932 τὸν
2516 878 2895 942 ὲνυπόστατον,
2926 878 3083 931 ὁπότε
3118 876 3260 930 κατὰ
3295 876 3386 930 τὸν
3414 878 3596 931 εἰκότα
3621 877 3766 946 λογι-

2194 970 2350 1039 σμὸν,
2381 969 2501 1022 οὐδὲ
2528 967 2708 1040 χώραν
2727 949 2856 1038 ’ἔχει
2894 968 2985 1021 ἐπὶ
3025 967 3159 1021 Θεοῦ
3184 967 3248 1021 τὸ
3276 967 3371 1022 τοῦ
3400 969 3764 1023 ἀνυποστάτου

2192 1060 2369 1129 λόγου.
2414 1060 2590 1130 Ἦμᾶς
2629 1059 2737 1129 γὰρ
2788 1059 3094 1128 ἐκόσμησεν
3141 1059 3173 1110 6
3225 1046 3561 1131 Δημιουργὸς
3602 1060 3761 1131 λόγῳ,

2190 1152 2279 1205 διὰ
2306 1151 2402 1215 τὰς
2434 1150 2570 1222 πρὸς
2602 1148 2861 1222 ἀλλήλους
2895 1149 3200 1214 συνουσίας,
3240 1151 3335 1203 καὶ
3381 1150 3440 1203 τὸ
3482 1148 3764 1218 γινώσκειν

2192 1244 2338 1312 ἡμᾶς
2379 1238 2448 1294 τὰ
2487 1240 2730 1311 ἀλλήλων
2777 1238 2866 1293 διὰ
2911 1239 3005 1293 τοῦ
3049 1239 3229 1308 λόγου.
3273 1239 3522 1293 Συντελεῖ
3549 1240 3605 1294 δὲ
3635 1242 3762 1310 ἡμῖν

2193 1333 2286 1385 καὶ
2310 1324 2378 1384 ’τὸ
2407 1330 2625 1401 πνεῦμα
2653 1328 2790 1400 πρὸς
2825 1329 2924 1400 τὴν
2965 1328 3056 1382 τοῦ
3102 1327 3349 1400 σώματος
3379 1329 3650 1394 σύστασιν,
3675 1329 3761 1382 διὰ

2190 1422 2251 1475 τὸ
2294 1420 2631 1493 προσίεσθαι,
2671 1420 2765 1474 καὶ
2806 1419 2968 1473 πάλιν
3010 1418 3341 1474 ἀπωθεῖσθαι
3382 1419 3543 1473 αὑτό·
3574 1420 3665 1473 ἐπὶ
3704 1421 3761 1474 δὲ

2191 1512 2347 1579 Θεοῦ,
2372 1511 2465 1565 τοῦ
2486 1512 2586 1564 καὶ
2613 1511 2775 1583 μόνου
2803 1511 3114 1581 ἀσωμάτου,
3141 1511 3203 1564 οὐ
3228 1510 3447 1564 δυνατὸν
3476 1511 3761 1565 ὑπολαϐεῖν

2191 1605 2384 1659 ταῦτα.
2412 1623 2430 1656 ι
2459 1605 2594 1675 Ἐτη
2615 1603 2806 1667 τελεῖς,
2827 1603 2857 1654 6
2879 1602 3028 1666 Θεὸς,
3054 1605 3121 1673 τῇ
3150 1602 3373 1673 δυνάμει
3398 1618 3511 1656 σου.
3533 1601 3761 1673 Χριστὸς

2190 1695 2246 1752 δὲ
2279 1695 2415 1749 Θεοῦ
2466 1694 2713 1766 δύναμις,
2763 1696 2857 1749 καὶ
2897 1694 3031 1748 Θεοῦ
3075 1694 3252 1764 σοφία.
3293 1712 3311 1744 ι
3348 1695 3441 1748 Ἐκ
3473 1694 3758 1767 προσώπου

2186 1788 2285 1857 τῆς
2312 1786 2528 1856 Σοφίας,
2566 1786 2809 1839 τουτέστι
2833 1785 2925 1838 τοῦ
2957 1784 3106 1851 Υίοῦ,
3128 1803 3148 1836 ι
3169 1785 3359 1839 Ἦνίκα
3386 1785 3640 1857 ἡτοίμαζε
3670 1785 3759 1838 τὸν

2185 1878 2443 1948 οὐρανὸν.
2503 1879 2876 1949 συμπαρήμην
2932 1877 3124 1949 αὐτῷ·
3182 1883 3276 1932 καὶ
3330 1877 3438 1948 ἐγὼ
3491 1880 3667 1950 ἥμην,
3722 1873 3759 1950 ᾗ

2186 1968 2372 2039 ἔχαιρε
2402 1968 2478 2040 (5)
2501 1987 2515 2000 ·
2543 1969 2666 2023 καθ’
2712 1970 2923 2041 ἡμέραν
2971 1970 3347 2041 ηὐφραινόμην
3379 1969 3456 2040 τῷ
3488 1970 3758 2041 προσώπῳ

2185 2054 2372 2111 αὐτοῦ.
2401 2076 2421 2109 ι

2257 2240 2421 2294 Ποίαν
2442 2236 2535 2295 οῦν
2562 2240 2667 2311 ἔχει
2692 2240 2874 2311 χώραν
2900 2242 3093 2304 ταῦτα,
3122 2242 3168 2294 εί
3208 2239 3283 2312 μὴ
3310 2234 3378 2310 ἦν
3402 2241 3755 2294 ὲνυπόστστον

2186 2332 2514 2402 πρόσωπυνς
2550 2331 2625 2384 Οὐ
2658 2330 2767 2401 γάρ
2813 2333 2958 2384 ἐστιν
2989 2330 3177 2394 ἄλλος,
3209 2331 3344 2401 πρὸς
3375 2330 3434 2383 ὃν
3470 2330 3752 2401 διαλεχθῇ·

2190 2438 2211 2472 ι
2246 2421 2341 2484 Τίς
2379 2419 2488 2491 γὰρ
2520 2420 2661 2488 ἔγνω
2686 2419 2811 2473 νοῦν
2839 2415 3064 2491 Κυρίου,
3096 2420 3129 2491 ἢ
3159 2419 3243 2483 τίς
3272 2419 3569 2489 σύμδουλος
3595 2419 3755 2472 αὑτοῦ

2170 2512 2433 2580 ·ὲγένετο;
2464 2530 2481 2563 ι
2522 2511 2659 2564 Ἀλλ’
2684 2511 2917 2583 ἤρκεσεν
2946 2509 3094 2580 αὐτῷ
3123 2510 3256 2581 μόνη
3281 2509 3531 2581 βούλησις
3554 2512 3632 2572 είς
3659 2513 3755 2577 τὴν

2184 2602 2293 2656 τῶν
2318 2603 2532 2658 πάντων
2547 2601 2922 2673 δημιουργίαν.
2947 2600 3172 2671 Εἴρηται
3191 2602 3298 2672 γάρ
3314 2616 3329 2631 '
3355 2619 3376 2653 ι
3404 2601 3513 2654 Καὶ
3537 2598 3760 2669 Πνεῦμα

2185 2693 2320 2747 Θεοῦ
2350 2693 2644 2765 ἐπεφέρετο
2672 2693 2854 2747 ἐπάνω
2873 2691 2980 2745 τῶν
3001 2693 3228 2745 ὑδάτων.
3260 2711 3279 2742 ο
3305 2691 3379 2745 Τὸ
3398 2691 3757 2746 ὲνυπόστατον

2184 2785 2277 2840 τοῦ
2306 2786 2460 2855 ἁγίου
2503 2785 2816 2857 Πνεύματος
2841 2785 3130 2847 θάλποντος
3153 2783 3245 2837 καὶ
3275 2782 3659 2853 ζωογονοῦντος
3680 2783 3758 2841 είς

2185 2878 2281 2950 τὴν
2312 2878 2611 2949 μέλλουσαν
2630 2878 2794 2949 γονὴν
2817 2876 2886 2930 τὰ
2906 2874 3103 2942 πάντα,
3123 2875 3222 2946 τῆς
3237 2875 3459 2947 Γραφῆς
3473 2873 3752 2946 δηλούσης.

2185 2963 2284 3024 Ὧν
2311 2971 2481 3033 οὕτως
2510 2969 2762 3042 ἑχόντων,
2793 2968 2966 3041 σαφὴς
2997 2971 3030 3039 ἠ
3054 2969 3153 3038 τῆς
3180 2967 3340 3038 ἁγίας
3368 2966 3611 3038 Τριὰδος,
3644 2966 3756 3018 Πα-

511 3062 763 3133 gnilicat.
801 3062 933 3129 Quae
984 3079 1107 3119 cum
1165 3065 1239 3119 ita
1281 3080 1341 3120 se
1380 3057 1655 3133 habeant,
1706 3071 1995 3141 perspicua
2033 3081 2082 3129 et

2186 3062 2335 3133 τρὸς,
2355 3079 2425 3132 φη
2436 3062 2517 3131 μὶ,
2544 3064 2637 3116 καὶ
2663 3061 2813 3127 Υίοῦ,
2837 3060 2931 3115 καὶ
2950 3060 3102 3128 ἁγίου
3131 3060 3443 3130 Πνεύματος
3469 3057 3752 3122 ἀπόδειξις.

513 3155 662 3208 clara
717 3162 802 3209 est
848 3154 1065 3209 Sancta:
1110 3153 1434 3216 Trinitatis.
1479 3155 1691 3221 Patris,
1734 3158 1992 3229 inquam,
2032 3170 2087 3217 et

512 3237 674 3305 Filii,
708 3248 763 3296 et
798 3240 1038 3311 Spiritus
1069 3245 1246 3297 sancti
1278 3243 1701 3301 demonstratio.
1735 3245 1949 3320 Quippe
1981 3249 2086 3305 bu-

507 3333 602 3404 jus
636 3341 840 3389 sanctae
880 3344 932 3390 et
972 3336 1460 3393 consubstantialis
1492 3336 1814 3404 Trinitatis,
1849 3342 2085 3412 seipsam

510 3427 863 3496 alloquentis,
893 3435 977 3483 est
1003 3427 1169 3483 illud:
1197 3447 1216 3480 ι
1239 3427 1531 3486 Faciamus
1558 3432 1835 3489 hominem
1862 3435 1931 3490 ad
1959 3435 2088 3489 ima-

507 3517 692 3588 ginem
728 3528 972 3574 nostram
1006 3527 1061 3573 et
1092 3519 1157 3574 ad
1197 3520 1637 3578 similitudinem.
1673 3524 1738 3578 Et
1775 3524 1906 3580 fecit
1940 3525 2085 3583 Deus

510 3608 823 3675 hominem,
851 3607 920 3663 ad
953 3609 1245 3681 imaginem
1277 3609 1372 3664 Dei
1405 3609 1532 3666 fecit
1556 3629 1679 3668 eum
1715 3615 1779 3669 ‘°.
1803 3635 1822 3668 ι
1842 3614 2083 3672 Formati

507 3701 657 3764 enim
688 3716 912 3768 sumus,
941 3709 1105 3772 prout
1133 3701 1493 3773 intelligentia
1530 3706 1735 3777 percipi
1768 3714 1981 3777 potest,
2015 3710 2082 3766 ad

510 3790 805 3862 imaginem
839 3790 1141 3862 Unigeniti.
1196 3791 1263 3846 Et
1298 3808 1493 3849 rursus
1520 3812 1532 3846 :
1559 3813 1577 3845 ι
1604 3793 1743 3851 Ecce
1782 3796 1952 3852 Adam
1999 3799 2083 3853 fa-

508 3890 634 3937 ctus
672 3892 757 3938 est
799 3890 1060 3953 tanquam
1091 3900 1235 3940 unus
1288 3900 1354 3940 ex
1390 3886 1550 3942 nobis
1588 3888 1649 3936 η.
1683 3908 1700 3940 ι
1727 3885 1867 3944 Deus
1898 3900 2080 3945 autem

507 3974 696 4027 omnia
726 3989 825 4044 per
855 3974 1090 4029 Verbum
1118 3991 1358 4036 creasse.
1388 3991 1452 4032 ex
1479 3992 1544 4032 eo
1575 3978 1929 4034 manifestum
1961 3988 2080 4045 est,

510 4064 653 4132 quod
687 4065 1023 4136 singularum
1053 4081 1235 4121 rerum
1264 4067 1637 4124 creationibus
1667 4070 1967 4141 ascriptum
1998 4080 2082 4127 est

508 4155 641 4209 illud
670 4175 682 4211 :
716 4175 734 4207 ι
762 4154 825 4209 Ει
853 4156 992 4211 dixit
1022 4155 1196 4223 Deus,
1230 4156 1383 4225 Fiat;
1411 4174 1547 4229 iquo
1577 4159 1833 4229 loquendi
1860 4176 2078 4231 genere,

505 4263 627 4302 eam
655 4264 776 4318 qua:
806 4264 901 4318 per
937 4246 1173 4305 Verbum
1206 4248 1347 4304 facta
1373 4259 1492 4317 est,
1517 4232 1854 4307 creationem
1889 4251 2079 4325 Scrip-

505 4349 629 4394 tura
658 4339 976 4409 signiiicat;
1011 4340 1117 4394 nisi
1152 4340 1297 4395 enim
1333 4340 1440 4395 hoc
1479 4349 1658 4407 esset,
1710 4344 1843 4399 satis
1884 4342 2080 4401 fuisset

2188 3151 2334 3223 Αὕτη
2363 3152 2493 3221 γοῦν
2530 3153 2665 3224 πρὸς
2696 3152 2895 3225 ἑαυτὴν
2922 3153 2955 3223 ὴ
2994 3153 3128 3221 ἁγία
3155 3152 3249 3205 καί
3279 3150 3560 3222 όμοούσιος
3591 3150 3758 3221 Τριὰς

2186 3243 2271 3307 τὸ,
2302 3262 2321 3295 ι
2355 3245 2675 3314 Ποιήσωμεν
2703 3243 2985 3315 ἄνθρωπον
3023 3245 3140 3297 κατ’
3155 3245 3335 3296 εἰκόνα
3361 3241 3634 3314 ἡμετέραν
3666 3241 3761 3295 καὶ

2187 3334 2309 3388 καθ’
2335 3334 2609 3405 ὁμοίωσιν.
2646 3335 2752 3389 Kal.
2784 3336 3037 3407 ἐποίησεν
3069 3337 3098 3387 6
3140 3334 3271 3399 Θεὸς
3307 3335 3399 3388 τὸν
3435 3334 3721 3405 ἄνθρωπον
3743 3351 3754 3361 ·

2185 3426 2304 3478 κατ’
2348 3426 2529 3480 εἰκόνα
2575 3423 2710 3479 Θεοῦ
2754 3426 3005 3497 ἐποίησεν
3050 3425 3231 3481 αὐτόν.
3270 3443 3288 3477 ι
3334 3424 3761 3497 Μεμορφώμεθα

2184 3512 2293 3585 γὰρ
2326 3515 2531 3586 νοητῶς
2573 3515 2708 3587 πρὸς
2749 3516 2846 3587 τὴν
2888 3516 3067 3570 εἰκόνα
3106 3516 3201 3570 τοῦ
3244 3516 3592 3587 Μονογενοῦς.
3643 3519 3751 3570 Καὶ

2185 3605 2348 3659 πάλιν
2366 3622 2382 3638 ⁸
2412 3624 2431 3657 ι
2475 3606 2604 3660 Ἰδοὺ
2650 3606 2820 3677 ’Λδὰμ
2846 3607 3064 3676 γέγονεν
3085 3607 3159 3670 ὡς
3185 3603 3266 3672 εἷς
3292 3608 3351 3672 ἐξ
3379 3609 3553 3679 ἡμῶν.
3581 3627 3599 3658 ι
3634 3605 3759 3661 Ὅτι

2182 3697 2239 3752 δὲ
2265 3698 2352 3752 διὰ
2396 3697 2486 3751 τοῦ
2513 3698 2685 3766 Λόγου
2734 3698 2802 3751 τὰ
2835 3699 3011 3753 πάντα
3055 3699 3482 3772 ἐδημιούργησεν
3525 3702 3554 3753 6
3591 3699 3755 3765 Θεὸς,

2185 3790 2352 3860 σαφὲς
2403 3788 2497 3860 ἀφ’
2553 3786 2626 3843 ὧν
2679 3791 2770 3844 ἐπὶ
2824 3791 3053 3845 ἑκάστου
3098 3790 3206 3845 τῶν
3259 3791 3755 3865 δημιουργημάτων

2183 3881 2488 3953 γέγραπται
2523 3881 2602 3942 τὸ,
2641 3899 2659 3933 ι
2702 3883 2808 3936 Καὶ
2839 3881 2988 3937 εἶπεν
3010 3885 3041 3936 ὁ
3065 3884 3225 3947 Θεός’
3261 3884 3568 3957 Γενηθήτω,
3607 3904 3626 3937 ι
3653 3885 3755 3955 τῆς

2184 3972 2405 4043 Γραφῆς
2426 3959 2792 4046 σημαινούσης
2817 3974 2916 4046 τὴν
2941 3973 3029 4028 διὰ
3051 3975 3142 4028 τοῦ
3164 3975 3336 4045 Λόγου
3370 3977 3750 4047 δημιουργίαν·

2181 4066 2229 4118 εί
2258 4065 2365 4133 γὰρ
2400 4065 2473 4137 μὴ
2501 4065 2657 4119 τοῦτο
2696 4061 2786 4136 ἦν,
2828 4065 2986 4137 ἢρκει
3025 4066 3200 4119 εἰπεῖν
3227 4083 3241 4095 ·
3284 4066 3393 4119 Καὶ
3424 4066 3681 4136 ἐποίησεν
3725 4068 3756 4118 6

2180 4156 2312 4220 Θεὸς
2349 4156 2593 4230 οὐρανὸν.
2637 4158 2731 4211 καὶ
2773 4157 2896 4225 γῆν,
2941 4159 3036 4210 καὶ
3082 4157 3150 4211 τὰ
3187 4157 3375 4213 λοιπά·
3411 4159 3504 4210 καὶ
3550 4158 3750 4212 πάλιν·

2181 4247 2587 4319 Προστάξαντος
2626 4249 2720 4302 τοῦ
2759 4249 2893 4303 Θεοῦ
2934 4250 3164 4323 ἐγενήθη
3194 4251 3255 4303 τὸ
3297 4250 3615 4323 στερέωμα·
3660 4256 3758 4307 καὶ

2180 4338 2362 4404 πάλιν,
2415 4337 2739 4411 Διεχώρισεν
2785 4341 2812 4392 ό
2864 4339 3014 4404 Θεός.
3050 4342 3158 4394 Καὶ
3187 4342 3314 4395 ὃταν
3365 4341 3606 4414 ἀκούσῃς
3658 4344 3753 4407 τὸ,

504 4430 691 4486 dicere
710 4474 724 4495 ,
756 4430 819 4483 Et
849 4430 980 4485 fecit
1015 4431 1157 4486 Deus
1184 4433 1384 4487 malum
1413 4441 1467 4489 et
1491 4441 1716 4502 terram,
1744 4444 1798 4489 et
1828 4436 2074 4507 reliqua;

2186 4451 2204 4481 ι
2238 4428 2402 4485 Εἶπεν
2428 4434 2456 4485 ὁ
2485 4430 2638 4494 Θεὸς,
2676 4450 2693 4483 ι
2729 4431 2888 4494 εὐθὺς
2919 4434 2983 4503 τῇ
3020 4432 3196 4504 ἐννοίᾳ
3225 4432 3423 4500 σύναγε
3461 4432 3552 4486 τὸν
3585 4435 3755 4487 ἀκού-

502 4530 557 4576 et
595 4538 824 4584 rursus,
861 4519 1027 4577 Jussu
1065 4521 1156 4577 Dei
1194 4522 1398 4577 factum
1427 4533 1511 4580 est
1541 4524 1987 4598 ﬁrmamentum;
2021 4538 2076 4584 et

2186 4538 2350 4575 σαντα
2375 4521 2468 4574 τοῦ
2491 4522 2751 4585 εἰπόντος·
2778 4540 2797 4571 ι
2826 4523 2931 4574 Καὶ
2956 4517 3106 4576 εἷπεν
3129 4524 3157 4576 6
3181 4522 3330 4587 Θεός’
3365 4522 3755 4594 Γενηθήτωσαν

504 4629 699 4668 rursus
720 4654 734 4676 ,
765 4612 961 4667 Divisit
997 4613 1159 4670 Deus.
1190 4614 1460 4671 Praeterea
1493 4631 1617 4672 cum
1649 4617 1921 4684 audieris,
1947 4641 1965 4673 ‹
1990 4621 2076 4675 Di-

503 4706 582 4760 xit
624 4705 1047 4772 Deus,istatim
1088 4707 1274 4762 animo
1310 4708 1473 4763 simul
1512 4711 1741 4781 concipe
1778 4730 1937 4779 eum,
1978 4716 2071 4785 qui

499 4795 850 4849 ohaudiverit
887 4795 1091 4851 dicenti
1119 4815 1131 4849 :
1156 4814 1174 4847 ι
1203 4795 1267 4850 Et
1307 4796 1448 4851 dixit
1488 4797 1665 4862 Deus,
1709 4799 1867 4856 Fiant
1909 4803 2073 4858 lumi-

500 4885 676 4937 naria.
716 4883 779 4938 Et
817 4883 944 4940 fecit
995 4885 1138 4942 Deus
1174 4886 1464 4942 luminaria
1491 4890 1555 4943 η.
1588 4908 1607 4942 ι
1638 4890 1772 4957 Quis
1806 4893 1980 4957 dixit,
2017 4905 2073 4950 et

497 4974 624 5044 quis
658 4975 807 5029 dicto
835 4976 1096 5033 obediens
1132 4977 1278 5033 fuit?
1318 4978 1460 5046 Quin
1499 4989 1554 5035 et
1589 4981 1640 5035 in
1679 4984 1932 5052 pluribus
1964 4983 2069 5043 Ve-

495 5067 632 5123 teris
667 5064 1002 5124 Testamenti
1039 5071 1174 5126 locis
1205 5071 1548 5129 subobscure
1582 5074 1876 5131 indicatam
1911 5093 2068 5148 repe-

570 5218 591 5251 ³
630 5216 779 5272 Psal.
807 5233 917 5298 c_v_i,
1115 5220 1138 5252 ⁸
1177 5217 1322 5298 Psal;
1341 5220 1578 5298 _cm,_.'§Q.
1653 5221 1674 5253 ⁸
1701 5220 1899 5298 Jer_em.
1938 5242 2098 5298 ττιιι,
2131 5226 2218 5291 18.
2258 5229 2411 5298 juxta
2447 5228 2607 5282 LXX.

2181 4617 2485 4688 φωστῆρες.
2521 4617 2630 4671 Καὶ
2677 4618 2931 4690 ἐποίησεν
2962 4620 2990 4672 6
3037 4618 3168 4681 Θεὸς
3208 4619 3334 4683 τοὺς
3371 4618 3689 4691 φωστῆρας.
3730 4640 3749 4671 ι

2178 4710 2274 4774 Τίς
2313 4705 2468 4775 εἶπε,
2496 4709 2588 4762 καὶ
2632 4709 2712 4774 τίς
2754 4711 2986 4781 ἦκουσε;
3033 4706 3136 4762 Καὶ
3179 4709 3271 4762 ἐπὶ
3317 4709 3522 4762 πλείοσι
3566 4710 3755 4774 τόποις

2176 4801 2277 4872 τῆς
2308 4801 2549 4866 Παλαιᾶς
2573 4802 2717 4854 ἐστιν
2738 4802 2937 4870 εὑρεῖν,
2964 4802 3145 4872 ἠρέμα
3174 4801 3629 4872 ὁποδεικνυμένης
3654 4805 3758 4873 τῆς

2177 4894 2336 4964 ἁγίας
2353 4896 2579 4967 Τριάδος
2602 4895 2699 4960 τὴν
2718 4893 3014 4948 ὑπόστασιν
3039 4895 3130 4947 καὶ
3151 4894 3210 4948 τὸ
3231 4893 3512 4966 όμοούσιον
3538 4894 3717 4964 αὐτῆς
3739 4913 3754 4926 ·

2173 4981 2283 5040 οἷον
2320 4987 2396 5051 ὡς
2434 4987 2527 5040 ἐπὶ
2557 4986 2651 5040 τοῦ
2705 4985 2984 5058 Ἀϐραάμ·
3025 5004 3044 5037 ι
3087 4986 3263 5056 Ὠερθη
3302 5006 3319 5038 ι
3364 4986 3506 5059 γὰρ,
3558 4989 3755 5059 φησιν,

2179 5094 2198 5127 ι
2231 5075 2378 5147 αὑτῷ
2404 5079 2432 5129 ὁ
2466 5076 2598 5141 Θεὸς
2628 5075 2761 5149 πρὸς
2788 5079 2854 5149 τῇ
2880 5074 3002 5146 δρυῒ
3027 5078 3093 5148 τῇ
3123 5077 3368 5149 Μαμὸρῇ
3390 5117 3405 5140 ,
3436 5076 3756 5148 καθημένου

2710 5229 2730 5260 ⁸
2760 5229 2777 5282 1
2808 5228 2934 5284 Cor.
2980 5246 3018 5294 ι,
3045 5231 3131 5285 ⁵24.
3213 5234 3232 5263 ⁷
3281 5232 3440 5288 Prov.
3478 5247 3597 5291 vm,
3658 5232 3754 5289 50.

492 5288 518 5322 ⁸
553 5289 637 5344 lsa
691 5303 794 5352 τι,
830 5289 937 5355 15;
973 5287 1130 5342 ltuit.
1170 5306 1256 5349 χι.
1293 5291 1382 5344 34.
1459 5292 1479 5323 ⁹
1519 5290 1655 5346 Gen.
1690 5308 1740 5356 ι,
1773 5293 1829 5350 2.
1909 5296 1951 5327 ¹⁰
1992 5298 2082 5351 ibit

2186 5287 2275 5362 :6:
2301 5298 2390 5353 :‘27.
2470 5300 2510 5331 ¹¹
2546 5297 2683 5355 Gen.
2721 5315 2813 5366 Ill,
2844 5299 2934 5353 22.
3007 5287 3058 5335 ἠ
3091 5301 3229 5357 Gen.
3267 5318 3314 5366 ι,
3349 5303 3434 5358 Η.

563 5444 639 5509 (9.)
674 5444 1191 5526 'Irzoomplfyau.
1402 5449 1805 5526 Jer.x_attt,_18,
1830 5453 2066 5526 ὑποστή-

492 5530 643 5584 ματι.
684 5513 854 5584 Quem
898 5519 952 5569 in
997 5513 1173 5572 locum
1220 5519 1488 5574 Nobilium
1520 5521 1670 5574 adire
1693 5513 1917 5584 juverit.

546 5581 638 5662 ,(5)
680 5583 924 5662 Romana
965 5581 1735 5662 LXX_lnterpretum_edit_i_o
1792 5606 1917 5662 cum
1957 5591 2059 5646 Ju-

488 5652 635 5707 stino
656 5652 936 5729 Ablartyre
964 5656 1050 5729 in_
1079 5652 1323 5729 Dialogo'
1346 5675 1465 5712 cum
1523 5659 1797 5729 Tryphone
1841 5660 2055 5727 Judco,

488 5733 609 5792 pag.
654 5721 780 5791 284,
830 5719 984 5795 legit,
1080 5719 1458 5798 προσέχαιρεν,
1484 5735 1561 5783 'cl
1596 5719 1747 5790 mox,
1790 5731 1846 5783 ὲν
1889 5719 2056 5803 προσλ

655 5957 677 5986 ο

2171 5459 2304 5530 ώπῳ
2336 5460 2522 5536 αὐτοῦ.
2562 5462 2733 5536 Quam
2758 5464 3047 5536 lectionem
3099 5476 3407 5536 sequuntur
3438 5475 3605 5522 etiam
3636 5467 3761 5523 Ire-

2171 5546 2321 5610 naaus
2342 5531 2606 5610 Adversus
2644 5534 2865 5610 hcet-eses
2899 5535 2993 5610 li_b.
3015 5552 3113 5610 _Iv,
3137 5531 3259 5610 cap.
3291 5537 3415 5610 57;
3434 5537 3761 5610 Cyprianus

2169 5600 2262 5675 lib.
2301 5601 2599 5675 n__1'estim.
2638 5602 2887 5660 adversus
2913 5604 3068 5672 Jud.,
3102 5622 3152 5663 c.
3191 5600 3256 5675 f;
3286 5616 3341 5663 et
3371 5600 3761 5664 Tertullianus

2167 5670 2285 5727 adv.
2338 5671 2732 5744 Hermogenem,
2783 5689 2906 5747 cap.
2947 5676 3031 5731 18.
