3896 6208
199 299 309 355 ,υτ
903 345 906 347 Α
1238 282 1660 339 τιεδτιιιοκιι
1709 282 2083 339 ADVERSUS
2121 283 2430 339 mensos.
3354 295 3455 350 iss

200 414 370 470 αὑτοῦ
403 413 495 466 ἐπὶ
524 411 622 481 τῆς
660 408 830 479 θύρας
859 406 956 476 τῆς
987 404 1188 474 σκηνῆς
1214 402 1378 457 αὐτοῦ
1415 403 1778 474 μεσημϐρίας·
1811 407 1833 464 1

1949 417 2000 456 es
2041 411 2246 456 saneta:
2289 402 2578 458 Trinitatis
2617 403 3034 460 subslstentiam
3063 406 3294 480 ejusque
3324 427 3451 468 con-

216 503 551 571 Ἀναϐλέψας
591 499 650 552 δὲ
683 500 797 560 τοῖς
823 495 1151 564 ὀφθαλμοῖς,
1190 488 1316 546 εἶδε·
1356 493 1448 544 καὶ
1495 492 1602 545 ἰδοὺ
1640 493 1786 560 τρεῖς

1949 490 2446 554 ibstautialitatetn,
2501 492 2962 561 quemadmodum
3014 495 3069 549 in
3108 497 3462 566 Abraltamo;

202 593 402 662 ἄνδρες
427 587 886 657 παρειστήκεισαν
917 582 1101 635 ἐπάνω
1128 579 1292 632 αὑτοῦ
1315 597 1328 609 θ
1355 579 1448 631 καὶ
1486 578 1594 630 ἰδοὺ
1623 594 1789 648 προσ-

1949 596 2014 635 tm
2050 582 2258 652 inquit,
2288 601 2305 632 t
2331 584 2598 652 Apparuit
2633 584 2679 638 ei
2718 583 2860 640 Deus
2893 585 2960 639 ad
2995 602 3255 655 quercum
3292 589 3461 644 Mam-

207 686 446 754 ἐόραμεν
465 681 542 750 (4)
569 680 650 740 είς
681 675 1004 744 συνάντησιν
1040 672 1240 738 αὐτῶν,
1267 671 1359 725 καὶ
1385 669 1788 741 προσεκύνησεν

1949 687 2018 735 'e,
2055 686 2179 726 cuni
2217 673 2307 728 ille
2338 673 2554 727 sederet
2590 673 2642 728 in
2680 677 2823 728 ostio
2876 677 3213 732 tabernaculi
3265 682 3350 736 sui
3409 682 3460 735 in

1893 762 2139 816 meridie.
2169 761 2234 815 Et
2259 763 2560 832 respiciens
2585 766 2761 820 oculis
2789 769 2904 820 suis
2926 768 3060 822 vidit
3087 786 3101 834 ;
3125 778 3179 823 et
3201 787 3330 825 ecce
3352 779 3462 827 tres

1894 851 1995 904 viri
2029 851 2284 906 astabant
2317 867 2482 921 super
2505 868 2627 906 eum
2657 870 2671 918 ;
2705 862 2756 906 et
2785 870 2912 910 ecce
2943 858 3218 925 procurrit
3246 859 3462 914 obviam

1907 944 2017 998 illis
2039 983 2052 1008 ,
2085 951 2138 998 et
2170 943 2418 997 adoravit
2453 960 2658 1013 pronus
2690 947 2742 999 in
2781 957 3002 1001 terram.
3051 947 3115 1002 Et
3147 951 3281 1004 dixit
3309 970 3322 1005 :
3361 950 3466 1006 Do-

1900 1035 2076 1098 mine,
2107 1035 2151 1089 si
2183 1035 2363 1089 inveni
2390 1037 2622 1104 gratiam
2655 1047 2778 1091 ante
2809 1046 2860 1091 te
2883 1078 2896 1100 ,
2927 1054 2996 1094 ne
3025 1049 3319 1109 praetereas
3351 1059 3468 1098 ser-

1899 1139 2022 1178 vum
2056 1134 2206 1178 tuum
2239 1125 2301 1178 ¹³.
2328 1146 2346 1175 ι
2370 1126 2430 1178 Et
2464 1135 2582 1194 post
2610 1127 2711 1179 alia
2732 1167 2745 1190 ,
2773 1146 2790 1178 t
2819 1127 2965 1182 Dixit
2995 1138 3177 1185 autem
3207 1133 3273 1186 ad
3304 1150 3464 1188 eum:

1898 1214 2000 1270 Ubi
2031 1223 2115 1271 est
2150 1215 2284 1271 Sara
2315 1233 2452 1293 uxor
2483 1219 2618 1271 tua?
2665 1217 2757 1272 llle
2790 1228 2970 1274 autem
3006 1220 3143 1276 dixit
3181 1243 3192 1276 :
3232 1223 3369 1279 Ecce
3414 1227 3468 1280 in

1906 1311 2281 1363 tabernaculo.
2315 1309 2456 1363 Dixit
2487 1318 2666 1364 autem
2697 1330 2709 1364 :
2743 1310 3041 1380 Revertens
3063 1295 3282 1370 veniam
3314 1319 3380 1371 ad
3421 1329 3472 1374 te

1902 1397 1957 1451 in
2005 1407 2249 1468 tempore
2303 1400 2403 1453 hoc
2439 1401 2492 1454 in
2540 1401 2724 1467 horas,
2750 1410 2806 1453 et
2859 1402 3077 1457 habebit
3123 1404 3288 1458 lilium
3336 1406 3470 1462 Sara

1902 1504 2041 1543 uxor
2068 1500 2157 1544 tua
2192 1490 2254 1544 ⁸³.
2281 1509 2299 1541 ι
2326 1491 2401 1544 Εη
2433 1492 2617 1560 utique
2647 1491 2814 1546 refert
2845 1491 3125 1563 Scriptura
3155 1499 3474 1565 apparuisse

207 775 304 828 ἐπὶ
333 773 428 843 τὴν
459 771 587 837 γῆν.
617 769 728 821 Kal
769 761 910 818 εἴπεο
951 762 1146 834 Κύριε,
1174 765 1223 815 εἰ
1257 757 1412 833 εὗρον
1442 761 1602 833 χάριν
1632 763 1788 814 ἐναν-

207 863 320 914 τίον
361 877 491 920 σου,
537 857 614 928 μὴ
651 855 924 925 παρέλθῃς
971 852 1062 906 τὸν
1109 852 1274 906 παῖδά
1313 869 1426 906 σου.
1465 871 1483 904 ι
1528 852 1636 905 Kal
1670 851 1789 921 μεθ’

207 953 369 1020 ἕτερα
390 964 404 978 ο
435 968 452 998 ι
477 943 614 1000 Εἱπε
640 945 698 998 δὲ
727 943 864 1014 πρὸς
887 942 1047 995 αὐτόν
1063 958 1076 973 ο
1101 941 1210 994 Ποῦ
1234 940 1416 1011 Σάρρα
1444 942 1476 1009 ἡ
1497 941 1630 1010 γυνή
1661 957 1753 992 σου
1775 957 1789 1003 ;

219 1045 279 1097 ὐ
303 1044 360 1096 δὲ
387 1039 538 1094 εἶπεν
558 1056 571 1070 °
617 1037 746 1090 Ἰδοὺ
769 1037 825 1087 ἐν
846 1037 910 1104 τῇ
937 1035 1128 1104 σκηνῇ.
1163 1029 1295 1086 Eine
1320 1031 1376 1084 δέ
1395 1049 1408 1061 ·
1443 1030 1796 1103 Ἐπαναστρέ-

210 1149 328 1200 φων
355 1128 473 1198 ἥξω
505 1125 638 1196 πρὸς
674 1123 732 1176 σὲ
754 1163 770 1185 ,
804 1123 946 1176 κατὰ
970 1122 1058 1175 τὸν
1088 1121 1277 1191 καιρὸν
1301 1121 1488 1174 τοῦτον
1514 1123 1593 1184 είς
1626 1121 1792 1192 ὥρας,

212 1223 307 1276 καὶ
337 1221 445 1286 ἕξει
496 1219 608 1270 υἱὸν
651 1216 837 1286 Eappa
877 1217 910 1284 ἠ
947 1215 1081 1284 γυνή
1123 1231 1236 1266 σου.
1285 1231 1303 1263 ι
1352 1213 1479 1266 Ἰδοὺ
1523 1213 1586 1282 δὴ
1635 1213 1796 1281 φησὶν

211 1313 445 1383 ὀφθῆναι
481 1310 578 1380 μὲν
606 1308 758 1378 αὐτῷ
786 1307 877 1359 τὸν
918 1306 1070 1370 Θεὸν,
1104 1301 1241 1358 εἷναί
1280 1322 1343 1372 γε
1385 1305 1490 1375 μὴν
1530 1307 1678 1375 τρεῖς
1703 1305 1798 1358 ἄν-

213 1407 345 1477 δρας
379 1406 504 1466 τοὺς
535 1400 902 1474 ἑωραμένους·
938 1398 1174 1451 αὑτὸνδὲ
1204 1397 1365 1452 πάλιν
1393 1398 1490 1467 οὐχ
1521 1397 1596 1459 ὼς
1623 1397 1798 1467 τρισὶν

217 1500 389 1552 εἰπεῖν
409 1514 423 1527 ·
456 1494 680 1564 Κύριοι,
713 1492 761 1544 εί
791 1489 998 1560 εὕρηκα
1040 1487 1199 1558 χάριν
1230 1487 1470 1542 ἐναντίον
1501 1487 1673 1557 ὑμῶν,
1727 1487 1801 1558 μὴ

219 1586 524 1658 παρέλθητε
571 1583 662 1637 τὸν
711 1581 874 1635 παῖδα
917 1579 1092 1649 ὑμῶν.
1151 1577 1354 1650 Κύριον
1395 1579 1454 1631 δὲ
1502 1577 1802 1649 μοναδικῶς

1950 1581 2128 1635 uideni
2169 1581 2481 1636 Abrahamo
2519 1581 2729 1650 Deum;
2777 1590 2830 1638 et
2871 1599 3002 1639 sane
3042 1594 3155 1640 tres
3197 1588 3474 1644 exstitisse

217 1680 345 1742 τοὺς
365 1680 513 1748 τρεῖς
535 1673 887 1745 ὀνομάζοντα,
905 1673 997 1724 καὶ
1017 1671 1092 1734 ὡς
1112 1671 1208 1724 ἕνα
1231 1670 1509 1740 καταίρειν
1524 1668 1796 1734 ἀξιοῦντα,

1949 1671 2058 1726 iros
2095 1673 2218 1726 illos
2240 1712 2254 1735 ,
2292 1688 2431 1742 quos
2457 1673 2745 1743 conspexit
2767 1714 2781 1738 ,
2812 1676 2991 1746 ipsum
3019 1691 3148 1731 vero
3175 1693 3283 1731 non
3316 1679 3473 1747 quasi

220 1738 417 1831 καὶ
438 1738 520 1828 εἷς
539 1738 706 1834 φωνεῖ
725 1781 737 1794 ⁸
759 1763 931 1826 Ἥξω.
962 1764 1102 1833 Ὅρα
1118 1757 1210 1815 οὖν
1228 1763 1353 1824 τοὺς
1368 1738 1630 1830 ὀιρθέντας
1653 1763 1801 1832 τρεῖς

1949 1763 2082 1818 ’ἱὺιιε
2113 1762 2322 1818 dixisse
2354 1782 2367 1817 :
2403 1763 2616 1818 Domini
2640 1806 2654 1829 ,
2701 1765 2747 1821 si
2785 1767 2966 1821 inveni
3017 1768 3245 1838 gratiam
3288 1785 3475 1827 coram

224 1859 330 1930 μὲν
371 1857 568 1918 δντας,
610 1861 703 1907 καὶ
751 1853 1064 1922 ὑφεστῶτας
1111 1852 1486 1915 ίδιοσυστάτως
1534 1853 1796 1906 ἕκαστονο

1949 1855 2064 1909 obis
2085 1893 2098 1917 ,
2143 1869 2211 1908 ne
2243 1857 2581 1924 przetereatis
2613 1873 2845 1926 puerum
2875 1867 3116 1912 vestrum
3143 1876 3156 1924 ;
3205 1859 3298 1915 sed
3329 1868 3475 1924 tres,

219 1949 305 2020 τῷ
337 1965 400 2017 γε
449 1947 553 2016 μὴν
586 1945 680 2015 τῆς
719 1943 1004 2015 ὁμοουσίας
1044 1942 1187 2013 λόγῳ
1231 1942 1687 2012 συνειλημμένους
1725 1943 1804 2006 εἰς

1949 1959 2168 2014 mquam
2226 1959 2371 2000 unus
2430 1954 2649 2009 essent,
2704 1948 3055 2012 nominasse,
3111 1959 3165 2004 et
3221 1959 3478 2020 tanquam

219 2043 353 2101 ἕνα,
380 2039 471 2092 καὶ
488 2035 585 2098 τὰς
602 2035 861 2101 διαλέξεις
883 2035 1298 2105 ποιησαμένους.
1323 2033 1418 2098 Τίς
1438 2035 1492 2086 δὲ
1525 2035 1659 2106 πρὸς
1685 2033 1806 2088 τίνα

1949 2050 2114 2098 num,
2169 2042 2228 2088 ut
2279 2034 2424 2104 apud
2465 2037 2641 2106 ipsum
2678 2037 3014 2094 divertet'ent
3051 2056 3303 2112 rogaSse,
3336 2042 3480 2113 iique

217 2132 432 2197 ἔλεγεν·
463 2145 481 2178 ι
508 2126 694 2188 Δεῦτε,
725 2126 1059 2188 καταϐάντες
1091 2125 1406 2194 συγχέωμεν
1429 2124 1527 2194 τὴν
1555 2125 1806 2193 γλῶσσαν

1949 2140 2173 2194 inquam
2211 2141 2354 2180 unus
2391 2127 2611 2192 dixere,
2647 2126 2897 2186 Veniam.
2929 2130 3096 2188 Vides
3127 2134 3294 2202 igitur
3323 2134 3480 2201 illos,

217 2217 436 2281 αὺτῶνς
468 2235 487 2267 ι
523 2217 592 2268 Ἦ
619 2215 776 2285 δῆλον
813 2213 948 2284 πρὸς
977 2214 1034 2266 ὃν
1063 2209 1238 2267 εἶπεν·
1266 2231 1284 2265 ι
1326 2214 1419 2266 Ἐκ
1446 2213 1681 2284 γαστρὸς
1704 2213 1810 2284 πρὸ

1951 2216 2002 2268 ui
2041 2227 2418 2286 apparuerunt
2451 2228 2562 2274 tres
2591 2221 2810 2291 quidem
2843 2223 3153 2290 exstitisse,
3195 2236 3247 2279 et
3291 2241 3481 2281 eorum

220 2310 504 2378 ἑωσφόρω
552 2306 820 2377 ἐγέννησα
854 2322 912 2358 σε
938 2323 953 2337 ·
986 2324 1005 2356 ι
1055 2305 1176 2371 καὶ,
1224 2324 1242 2357 ι
1281 2291 1392 2376 Πρὸ
1445 2305 1538 2358 τοῦ
1569 2304 1719 2372 ἡλίου
1749 2304 1812 2356 τὸ

1949 2307 2164 2377 ingulos
2195 2309 2246 2362 in
2275 2311 2493 2379 prepria
2531 2311 2810 2382 hypostasi
2844 2313 3196 2381 substitisse;
3229 2319 3324 2371 sed
3359 2332 3487 2372 con-

221 2399 399 2468 ὖνομα
426 2396 590 2450 αὑτοῦ
622 2396 723 2466 (5),
754 2397 848 2448 καὶ
885 2395 991 2466 πρὸ
1015 2395 1112 2464 τῆς
1149 2394 1400 2465 σελήνηςο
1437 2414 1455 2446 ι
1492 2395 1585 2446 καὶ
1614 2394 1774 2448 πάλιν
1795 2410 1809 2424 ο

1949 2398 2393 2454 ubstantialitatis
2413 2403 2622 2456 ratione
2652 2403 2704 2456 in
2739 2419 2906 2458 unum
2940 2403 3110 2460 fuisse
3137 2415 3448 2463 contractos
3469 2450 3484 2472 ,

229 2511 249 2542 ι
283 2490 491 2558 Κύριος
517 2483 636 2540 εἷπε
673 2487 808 2558 πρός
842 2503 910 2557 με
929 2501 942 2514 ⁸
970 2487 1098 2550 Υἱός
1123 2504 1224 2556 μου
1251 2485 1299 2538 εί
1322 2487 1408 2546 σὺ,
1441 2486 1550 2553 ἐγὼ
1578 2488 1814 2557 σήμερον

1953 2497 1972 2542 t
2021 2497 2279 2559 tanquam
2325 2507 2492 2545 unum
2539 2495 2840 2551 collocutos
2872 2496 3059 2553 fuisse.
3094 2497 3354 2564 Quisnam
3385 2515 3484 2554 au-

227 2579 542 2649 γεγέννηκά
567 2595 647 2632 σε.
666 2579 893 2648 Δίτησαι
919 2579 1050 2648 παρ’
1071 2578 1204 2648 ἐμοῦ
1225 2617 1240 2642 ,
1276 2578 1369 2630 καὶ
1391 2577 1546 2630 δώσω
1577 2594 1658 2631 σοι
1689 2577 1816 2648 ἔθνη

1949 2596 2058 2646 em,
2110 2591 2164 2636 et
2211 2583 2275 2635 ad
2328 2599 2618 2652 quemnam
2661 2585 2910 2648 dicebat,
2949 2607 2966 2638 ι
2996 2587 3216 2650 Venite.
3262 2590 3491 2646 descen-

227 2672 333 2742 τὴν
372 2669 740 2740 κληρονομίαν
778 2686 902 2732 σου,
947 2669 1042 2721 καὶ
1090 2668 1187 2738 τὴν
1231 2667 1560 2748 κατάσχεσιν
1616 2685 1710 2720 σου
1750 2666 1818 2720 τὰ

1949 2678 2110 2726 lentes
2136 2671 2539 2729 confundamns
2573 2676 2784 2746 linguas
2814 2691 3005 2731 eorum
3033 2678 3076 2709 ¹⁸
3101 2678 3124 2730 ?
3148 2698 3165 2730 ι
3188 2678 3325 2732 Num
3365 2697 3488 2735 eum

232 2764 452 2832 πέρατα
502 2761 602 2830 τῆς
643 2762 764 2832 γῆς·
811 2779 830 2812 ι
867 2760 959 2814 καὶ
996 2759 1179 2821 πάλιν,
1219 2775 1238 2809 ι
1274 2757 1412 2825 Ἐγὼ
1447 2758 1639 2828 ἔσομαι
1675 2757 1821 2828 αὐτῷ

1949 2762 2227 2817 tlloeutum
2283 2764 2454 2820 fuisse
2503 2776 2749 2832 constat,
2808 2767 2876 2821 ad
2933 2784 3094 2838 quem
3158 2769 3493 2824 dixitztEx

235 2858 319 2916 είς
347 2853 581 2924 Πατέρα,
615 2853 709 2906 καὶ
744 2852 904 2915 αὐτὸς
925 2851 1075 2904 ἔσται
1109 2867 1198 2921 μοι
1227 2851 1308 2913 είς
1330 2849 1455 2902 Υίόν
1481 2867 1496 2915 ;
1527 2869 1544 2900 ι
1577 2850 1640 2902 Τί
1663 2849 1719 2902 δὲ
1739 2849 1821 2912 τὺ,

1949 2859 2080 2906 itero
2115 2862 2241 2907 ante
2273 2853 2562 2908 luciferum
2610 2855 2774 2925 genui
2810 2865 2862 2912 te
2905 2857 2949 2888 "
2975 2874 2988 2922 ;
3016 2875 3033 2908 ι
3061 2864 3145 2924 et,
3189 2876 3207 2908 ι
3233 2859 3372 2914 Ante
3409 2877 3498 2915 so-

241 2967 262 2997 σ
301 2945 534 3016 Ἐὁρεξε
573 2945 776 3016 Κύριος
806 2945 916 3015 πῦρ
942 2945 1036 2998 καὶ⁵
1069 2944 1210 2996 θεῖον
1241 2941 1393 3013 παρὰ
1427 2941 1667 3012 Κυρίου;
1705 2960 1722 2992 ›
1760 2940 1825 2992 Τί

1949 2959 2030 2997 em
2069 2960 2265 2999 nomen
2299 2945 2455 3014 ejus,
2513 2956 2566 3001 et
2617 2955 2742 3002 ante
2789 2948 2974 3002 lunam
3013 2950 3086 3017 ¹⁷;
3123 2971 3140 3001 ι
3171 2961 3222 3006 et
3272 2968 3496 3016 rursus,

236 3037 296 3090 δὲ
327 3036 393 3089 τὸ
422 3038 487 3090 ὲκ
522 3035 814 3106 προσώπου
842 3033 936 3088 τοῦ
961 3034 1094 3087 Θεοῦ
1131 3035 1229 3105 (6),
1262 3051 1280 3084 ι
1305 3034 1414 3086 Kal
1441 3034 1546 3095 πᾶς
1574 3035 1604 3086 ὁ
1626 3032 1828 3102 ὲκχέων

1949 3035 2250 3093 tDominus
2285 3039 2424 3092 dixit
2455 3039 2520 3092 ad
2557 3055 2682 3094 me:
2729 3038 2904 3096 Filius
2951 3057 3104 3098 meus
3153 3059 3212 3097 es
3263 3051 3355 3107 tu,
3399 3060 3499 3115 ego

239 3124 421 3199 αἷμα,
460 3093 582 3182 ἀντί
621 3127 713 3182 τοῦ
760 3128 986 3198 αἵματος
1019 3093 1617 3196 αὐτοῦ’-ἐκχυθήσεται,
1771 3127 1828 3178 ὲν

1949 3127 2092 3182 todie
2124 3129 2283 3197 genui
2321 3137 2391 3184 te.
2428 3129 2651 3184 Postula
2687 3145 2716 3184 a
2752 3147 2873 3197 me,
2909 3141 2962 3187 et
2997 3133 3139 3188 dabo
3173 3135 3271 3188 tibi
3309 3093 3504 3206 gentis

243 3224 417 3276 εικόνι
459 3221 595 3275 Θεοῦ
637 3221 866 3291 ἐποίησα
908 3220 1000 3272 τὸν
1042 3219 1357 3289 ἄνθρωπονς
1394 3236 1412 3270 ι
1475 3218 1637 3289 Ὁρᾷς
1673 3219 1756 3272 ὅτι
1801 3219 1832 3271 ὁ

1951 3221 2301 3276 nereditatem
2334 3231 2479 3276 tuam
2501 3265 2516 3288 ,
2543 3232 2595 3277 et
2619 3225 3025 3293 possessionem
3061 3235 3206 3279 tuam
3239 3228 3504 3282 terminos

242 3315 384 3376 Θεὸς
413 3313 485 3366 ἐν
512 3315 696 3366 εἰκόνι
716 3311 822 3366 τοῦ
855 3309 1002 3365 Θεοῦ
1036 3309 1254 3374 ἐποίησε
1285 3327 1300 3376 ;

1949 3326 2092 3366 .erra:
2123 3312 2199 3380 “7,
2227 3333 2245 3365 ι
2270 3323 2325 3368 et
2355 3329 2582 3378 rursus,
2621 3332 2639 3366 ι
2683 3315 2793 3385 Ego
2838 3331 2932 3370 ero
2970 3316 3016 3370 ei
3069 3317 3122 3370 in
3149 3315 3398 3380 Patrem,
3449 3329 3504 3373 et

245 3404 372 3473 ipse
395 3404 501 3457 erit
530 3402 664 3456 mihi
693 3402 750 3456 in
777 3400 975 3455 Filium
1007 3401 1090 3454 ¹θῖ
1113 3419 1131 3452 ι
1152 3399 1293 3465 Quid
1324 3399 1452 3454 item
1479 3398 1613 3452 illud
1633 3440 1648 3464 ,
1673 3415 1692 3448 ι
1718 3397 1978 3454 Dominus
2011 3401 2147 3470 pluit
2180 3401 2356 3472 ignem
2425 3411 2478 3456 et
2513 3403 2745 3472 sulphur
2809 3418 2839 3458 a
2885 3402 3114 3458 Domino
3181 3405 3302 3458 ’°?i
3363 3405 3505 3472 Quid

249 3513 387 3552 vero
414 3515 480 3553 es
512 3512 749 3568 persona
782 3496 877 3550 Dei
905 3497 1068 3550 etiam
1122 3495 1296 3559 illud,
1358 3513 1377 3546 ι
1436 3494 1502 3549 Et
1549 3495 1730 3549 omnis
1790 3497 1880 3566 qui
1944 3495 2202 3552 effuderit
2239 3498 2558 3568 sanguinem
2604 3499 2876 3564 hominis,
2928 3514 3028 3570 pro
3074 3501 3338 3572 sanguine
3388 3501 3510 3571 ejus

250 3587 592 3652 candetur,
621 3586 753 3658 quia
785 3585 840 3639 in
874 3585 1108 3655 imagine
1135 3582 1228 3638 Dei
1261 3583 1362 3638 feci
1395 3583 1669 3639 hominem
1702 3585 1787 3638 “?
1809 3603 1827 3637 ι
1873 3585 2040 3642 Vides
2075 3585 2242 3642 Deum
2275 3588 2328 3642 in
2355 3588 2584 3660 imagine
2611 3587 2708 3642 Dei
2735 3589 2979 3645 fecisse?

327 3703 406 3754 Τὸ
436 3701 492 3754 δὲ
519 3702 577 3752 ὲν
611 3701 676 3769 τῇ
717 3697 912 3767 Ἐξόδῳ
943 3695 1057 3759 πῶς
1095 3696 1340 3766 νοητέον·
1377 3717 1394 3748 ι
1429 3697 1538 3750 Kal
1576 3697 1833 3768 ὀρθρίσας

2013 3700 2297 3768 Quomodo
2323 3709 2504 3758 autem
2535 3701 2947 3772 intelligendum
2979 3708 3064 3756 est
3089 3699 3252 3764 illud,
3283 3701 3424 3772 quod
3457 3701 3511 3756 in

246 3792 503 3860 Μωῦσῆς
532 3790 697 3860 ἀνέὸη
721 3791 798 3852 είς
832 3788 891 3840 τὸ
927 3788 1051 3857 ὅρος
1075 3787 1136 3839 τὸ
1161 3788 1309 3851 me,
1338 3788 1522 3841 καθότι
1557 3789 1833 3856 συνέταξεν

1949 3789 2134 3846 Exodo
2163 3793 2431 3862 scriptum
2475 3799 2558 3847 est
2595 3809 2608 3845 :
2654 3809 2672 3841 ι
2717 3790 2782 3844 Et
2822 3806 2982 3846 mane
3018 3806 3257 3869 surgens
3302 3792 3516 3862 Moyses

245 3885 418 3954 αὐτῷ
458 3883 678 3952 Κύριος.
726 3883 835 3935 Kal
880 3879 1037 3933 ἔλαϐε
1081 3881 1320 3952 Μωῦσῆς
1353 3881 1450 3944 τὰς
1497 3880 1708 3945 πλάκας
1741 3881 1833 3945 τὰς

1949 3883 2196 3938 ascendit
2226 3884 2282 3937 in
2313 3891 2552 3938 montem
2587 3881 2751 3948 Sina,
2788 3883 2934 3937 sicut
2965 3883 3223 3952 prazcepit
3251 3885 3298 3938 ei
3335 3883 3517 3936 Domi-

247 3975 496 4035 λιθίνας.
526 3973 635 4025 Καὶ
660 3972 852 4042 κατέὸη
896 3972 1099 4041 Κύριος
1127 3976 1184 4026 έν
1205 3972 1404 4044 νεφέλῃ
1426 4013 1439 4034 ,
1469 3973 1562 4026 καὶ
1595 3973 1833 4044 παρέστη

1949 3987 2072 4025 nus.
2111 3971 2177 4024 Et
2209 3975 2444 4043 sumpsit
2493 3972 2705 4044 Moyses
2739 3973 2956 4028 tabulas
3000 3975 3266 4044 lapideas.
3313 3974 3377 4028 Et
3422 3975 3518 4028 dc-

251 4068 415 4128 ὶκετ,
456 4065 550 4118 καὶ
585 4063 803 4134 ὲλάλησε
831 4065 907 4134 (7)
929 4063 1006 4133 τῷ
1044 4064 1268 4133 ὀνόματι
1297 4063 1522 4134 Κυρίου.
1552 4065 1662 4117 Kal
1697 4081 1833 4135 παρ-

1949 4061 2158 4116 sceudit
2190 4063 2452 4120 Dominus
2482 4065 2536 4118 in
2571 4065 2750 4128 nube,
2783 4074 2837 4119 et
2871 4066 3044 4120 astitit
3075 4067 3221 4130 illic,
3258 4076 3312 4121 et
3361 4067 3517 4120 locu-

257 4158 400 4227 ἦλθε
426 4155 632 4224 Κύριος
656 4155 762 4208 ἀπὸ
804 4154 1093 4226 προσώπου
1134 4154 1339 4226 Κυρίου
1362 4155 1459 4225 (8).
1496 4175 1514 4207 ι
1549 4157 1705 4219 Ποῖος
1737 4155 1833 4227 ἄρα

1950 4161 2040 4207 tus
2077 4161 2161 4232 est
2186 4154 2408 4208 nomine
2433 4153 2670 4207 Domini.
2704 4153 2767 4207 Et
2805 4156 3025 4209 transiit
3064 4155 3328 4209 Dominus
3365 4172 3393 4208 a
3432 4156 3516 4209 fa—

255 4249 496 4317 ἑλάλησε
535 4246 737 4317 Κύριος
782 4248 839 4298 ὲν
881 4247 1103 4315 ὀνόματι
1129 4247 1367 4316 Κυρίου;
1413 4248 1507 4300 καὶ
1533 4250 1680 4311 ποῖος
1705 4265 1833 4318 παρ⁴

1950 4244 2036 4300 cie
2071 4244 2286 4298 Domini
2323 4246 2451 4296 “‘Ii
2473 4244 2607 4310 Quis
2637 4259 2768 4307 ergo
2804 4243 3066 4300 Dominus
3101 4245 3320 4299 locutus
3350 4254 3433 4300 est
3465 4247 3522 4301 in

258 4341 395 4411 ἦλθε
434 4339 634 4411 Κύριος
677 4339 787 4392 ἀπὸ
836 4336 1125 4409 προσώπου
1168 4338 1404 4409 κυρίους
1438 4339 1503 4392 Τί
1539 4339 1595 4392 δὲ
1627 4340 1688 4392 τὸ
1711 4340 1833 4414 πρὸς

1949 4334 2173 4388 nomine
2205 4332 2454 4388 Domini.
2487 4341 2541 4388 et
2573 4333 2695 4402 quis
2729 4332 2993 4388 Dominus
3022 4334 3280 4388 transivit
3316 4349 3344 4387 a
3382 4333 3522 4390 facie

274 4430 474 4485 Ἰακὼϐ
509 4429 586 4499 (9)
625 4427 936 4499 εἰρημένον,
987 4447 1004 4478 ι
1065 4427 1209 4496 Ἐγώ
1250 4430 1363 4498 είμι
1394 4430 1422 4481 ὁ
1461 4428 1644 4498 ὀφθείς
1684 4446 1766 4482 σοι
1794 4430 1833 4481 ei

1960 4425 2219 4480 Domini?
2244 4424 2386 4492 Quid
2416 4427 2577 4480 etiam
2608 4441 2712 4481 sint
2748 4437 2862 4480 vutt
2892 4426 3025 4482 illud
3067 4427 3213 4498 quod
3252 4427 3316 4480 ad
3354 4426 3526 4483 Jacob

343 4584 389 4614 "
429 4584 562 4638 Gen.
597 4598 766 4642 svnt,
801 4582 919 4636 1-5.
1000 4583 1042 4613 ’⁸
1078 4581 1207 4638 ibid.
1245 4582 1308 4642 9;
1348 4583 1432 4638 10·
1514 4584 1556 4615 ¹⁸
1594 4582 1728 4639 ϐεη·
1768 4600 1820 4637 ιι

2029 4583 2072 4615 ¹⁶
2111 4581 2254 4636 Psal.
2287 4596 2374 4636 CIX
2397 4624 2412 4645 ,
2449 4583 2504 4635 5.

2582 4583 2622 4614 ι’
2662 4581 2806 4637 Psal.
2849 4599 2998 4646 Lxxi,
3039 4584 3123 4639 l7.
3202 4585 3244 4616 "
3283 4583 3427 4640 Psal.
3462 4599 3525 4649 it,

265 4653 338 4717 7,
372 4654 430 4708 8.
501 4656 544 4684 "
583 4654 624 4707 ll
659 4653 791 4722 Reg.
827 4667 935 4715 vti,
968 4651 1053 4705 Η.
1131 4653 1176 4684 ὀ
1216 4652 1354 4707 Gen.
1415 4669 1544 4720 ιιι,
1575 4654 1664 4708 ει.
1744 4656 1787 4686 ³⁸
1829 4666 1833 4696 ε

1953 4693 1966 4707 .
2004 4652 2182 4721 tx,6.

2259 4654 2304 4683 "
2347 4653 2517 4716 Exod.
2558 4668 2748 4717 xxxiv,
2781 4655 2901 4708 445.

343 4809 424 4878 (ί)
466 4807 711 4863 Romana
743 4806 883 4862 LXX
920 4806 1284 4878 lnterpretum
1321 4755 1492 4862 eilitio
1525 4817 1578 4864 et
1602 4807 1853 4878 Justinus

2000 4809 2169 4865 uitur.
3440 4837 3442 4840 ν

343 4825 424 4878 (η
466 4825 711 4863 nomana
744 4825 883 4862 LM;
923 4825 1284 4878 lnterpretum
1321 4825 1492 4862 eatuo
1525 4825 1578 4864 et
1602 4825 1853 4864 Jusunus
1960 4825 1991 4879 q

265 4878 482 4949 )lartyr
531 4880 678 4949 legit,
722 4879 1069 4949 είστήκεισαν
1119 4879 1300 4949 ἐπᾲΫνω
1353 4879 1538 4940 αὑτοῦ,
1599 4880 1690 4934 καί
1733 4877 1853 4949 ίδὼν

2034 4881 2107 4949 (6)
2140 4879 2194 4932 ln
2218 4877 2482 4932 Vaticano
2507 4879 2696 4933 codice
2721 4886 2824 4938 est,
2861 4878 2926 4930 ὲκ
2945 4879 3231 4946 προσώπου
3257 4878 3350 4949 τοῦ
3373 4879 3532 4944 Θεοῦ,

267 4947 672 5018 πᾳσέδραμεν.
699 4949 772 5000 lta
822 4947 985 5001 etiam
1023 4949 1149 5018 legit
1193 4947 1393 5004 Euseb.
1435 4949 1589 5002 Dent.
1619 4948 1854 5019 evangel.

265 5021 375 5073 lib.
401 5035 455 5076 ν.
482 5038 530 5071 c.
562 5019 614 5076 9.
645 5027 698 5072 et
730 5020 842 5072 alii.

345 5089 431 5156 (5)
457 5086 512 5140 In
541 5088 782 5141 Romana
807 5087 947 5141 LXX
978 5089 1340 5157 lnterpretum
1369 5089 1610 5143 editione
1632 5098 1717 5142 est
1745 5097 1862 5140 tan-

263 5171 425 5218 tum.
460 5160 592 5211 Ante
630 5158 791 5211 solem
814 5159 1134 5227 permanebit
1163 5174 1349 5212 nomen
1383 5159 1517 5226 ejus.
1557 5158 1648 5212 Vel
1687 5167 1742 5211 ut
1768 5157 1860 5210 alii

260 5228 470 5298 codd.,
484 5227 694 5282 Nobilio
712 5236 871 5291 teste,
892 5229 1094 5298 legunt,
1109 5239 1410 5297 permanet;
1430 5229 1523 5283 sed
1553 5230 1605 5282 in
1625 5229 1864 5283 editione

262 5302 372 5353 illa
419 5297 759 5368 Psalteriites
793 5297 1109 5353 eorumdem
1146 5298 1654 5368 LXXiuterpretutu
1684 5307 1867 5351 trans-

261 5370 510 5429 latione,
542 5383 704 5438 quam
740 5367 1042 5422 Romanam
1070 5378 1287 5432 vocant,
1318 5379 1372 5422 et
1424 5367 1565 5421 Italm
1595 5370 1868 5437 antiquis-

259 5442 444 5520 siriia:
478 5439 751 5520 versionis
776 5447 984 5520 partem
1025 5453 1150 5519 esse
1188 5440 1441 5501 credunt,
1486 5441 1702 5520 legitur,
1735 5441 1868 5520 Ante

259 5509 454 5562 solem
484 5508 806 5574 permanebit
838 5525 1022 5563 nomen
1057 5509 1209 5578 ejus:
1240 5519 1290 5563 et
1334 5517 1454 5562 ante
1508 5511 1687 5561 lunam
1720 5509 1867 5563 sedes

260 5582 425 5649 ejus,
472 5591 531 5630 ut
575 5579 758 5633 videre
775 5589 871 5649 est
905 5581 958 5633 in
989 5579 1224 5649 duplicis
1264 5579 1515 5633 Psalterii
1562 5578 1864 5649 editionea

263 5647 601 5704 etarissimo
625 5650 744 5718 viro
764 5647 1001 5718 Josepho
1023 5647 1190 5705 Maria
1212 5649 1375 5712 Caro,
1403 5649 1538 5718 alias
1569 5648 1864 5703 Thomasio

265 5728 608 5790 procurata.
662 5717 811 5774 Hanc
860 5717 1038 5792 itaque
1089 5721 1380 5780 lectionem
1438 5717 1717 5791 Nysseuus
1777 5733 1864 5774 se-

1960 4951 2054 5002 xal
2082 4950 2160 5009 τὸ,
2197 4949 2292 5002 καὶ
2316 4951 2442 5012 πᾶς,
2476 4957 2581 5004 etc.
2607 4968 2621 5003 :
2647 4963 2746 5002 nos
2778 4959 3112 5017 postremum
3141 4948 3295 5007 illud.
3328 4953 3420 5003 καὶ
3451 4953 3530 5011 τό.

1961 5019 2253 5075 delendum
2282 5019 2622 5084 censuimus,
2655 5032 2781 5074 cum
2808 5033 2909 5073 nec
2935 5017 2991 5071 in
3025 5017 3254 5086 Siphaui
3285 5023 3536 5075 versione

1962 5090 2297 5144 reperiatur.

2031 5106 2418 5229 fgiwﬂtrli’riianm
2437 5157 2578 5212 LXX
2623 5158 2988 5229 lnterpretum
3015 5165 3182 5212 eettio
3214 5165 3376 5229 tegit,
3407 5159 3535 5212 ὲκάο

1965 5226 2122 5282 λεσεὀ
2167 5226 2264 5284 sed
2297 5238 2350 5282 et
2380 5227 2676 5299 Eusebium
2717 5226 3136 5293 Caesariensem,
3183 5227 3429 5299 ἐλάλησε,
3464 5230 3539 5280 ιρ-

1964 5303 2113 5371 gisse
2147 5305 2302 5371 notat
2330 5299 2528 5371 ibidem
2563 5297 2833 5371 Nobilius.

2035 5369 2114 5438 (8)
2157 5367 2581 5438 Eadetnieditio,
2612 5368 2706 5420 καὶ
2740 5367 2983 5438 παρῆλθε
3008 5366 3210 5436 Κύριος
3242 5367 3348 5433 πρὸ
3372 5384 3540 5437 προσ.

1963 5437 2113 5493 ώπου
2147 5437 2333 5491 αὑτοῦ.
2368 5437 2434 5490 Et
2467 5439 2682 5506 transiit
2726 5437 2984 5490 Dominus
3021 5449 3142 5489 ante
3173 5438 3359 5505 facient
3404 5438 3539 5506 ejus.

2035 5509 2113 5580 (9)
2153 5507 2210 5562 In
2242 5508 2503 5580 Yaticano
2538 5505 2733 5580 codice
2773 5508 3166 5580 recentiori,et
3196 5505 3546 5580 inalio,quo

1964 5577 2098 5636 ustis
2130 5586 2217 5633 est
2240 5577 2535 5648 Siphanus,
2570 5577 2853 5641 scribitur,
2887 5577 3021 5646 πρὸς
3067 5578 3336 5647 Ἀϐραάμ,
3368 5580 3546 5648 mani-

1972 5650 2114 5705 festo
2150 5645 2358 5703 librarii
2408 5663 2628 5714 errore:
2682 5662 2803 5700 nam
2834 5645 3120 5702 hiclucus
3150 5645 3203 5701 in
3253 5645 3320 5704 iis
3368 5645 3547 5701 Gem»

1973 5735 2098 5777 sees
2128 5720 2424 5791 capitibus,
2463 5720 2517 5774 in
2555 5717 2762 5775 auibus
2797 5718 2864 5774 de
2894 5718 3204 5773 Abrahamo
3227 5731 3413 5775 sermo
3438 5726 3545 5775 est.
