3896 6208
526 303 630 356 199

1753 306 1814 350 S.
1891 295 2217 352 GREGORII
2254 294 2547 352 NYSSEN!

3665 303 3776 358 200

525 415 663 470 dixit
683 433 728 479 ,ι
755 413 866 484 Ego
893 427 1046 476 sum.
1071 413 1164 482 qui
1196 412 1429 482 apparui
1475 410 1575 465 tibi
1605 411 1659 465 in
1689 410 1811 466 loco
1837 409 1931 466 Dei
1959 411 2071 464 "ii

2191 410 2341 481 τόπῳ
2371 409 2542 475 Θεοῦ;
2582 428 2600 459 ι
2635 409 2759 472 Πῶς
2781 408 2837 462 δε
2867 408 2947 471 τὸ,
2997 427 3014 460 ι
3048 410 3589 480 Προσκυνησὰτωσαν
3621 414 3779 484 αὖτῷ

524 499 809 567 Quomodo
841 500 966 552 item
999 499 1206 564 illud”
1228 499 1474 554 Adorent
1517 514 1642 553 eum
1683 514 1872 556 onmes
1912 500 2088 570 angeli

525 589 621 646 Dei
652 591 698 622 “
724 591 747 644 ?
775 609 794 641 ι
826 589 997 656 Quem
1020 629 1034 655 ,
1066 598 1121 645 et
1157 590 1316 660 cujus
1351 589 1494 645 Dei?
1525 588 1666 644 Dicit
1699 588 1916 659 Moyses
1944 608 1957 643 :
1982 608 2000 641 ι
2028 589 2092 644 Et

521 679 673 734 dedit
705 678 970 735 Dominus
1001 680 1326 744 terminum,
1355 679 1577 734 dicens:
1616 677 1752 734 Cras
1785 678 1949 734 faciet
1987 677 2092 733 Do-

523 769 710 824 minus
761 771 986 825 verbum
1035 771 1139 824 hoc
1173 784 1339 840 super
1372 779 1574 824 terram
1606 768 1686 835 ²⁸;
1723 787 1740 819 ι
1773 776 1827 824 et
1860 782 2086 831 rursus,

529 859 928 925 «Confortare,
971 860 1308 922 Zorobabel,
1359 858 1617 928 quoniam
1659 870 1762 928 ego
1803 857 2088 912 vobiscum

521 968 644 1008 sum
667 995 681 1017 ,
717 959 772 1008 et
799 951 1036 1007 Verbum
1081 966 1261 1006 meum
1312 951 1512 1004 bonum
1532 987 1548 1012 ,
1577 955 1632 1003 et
1664 947 1904 1018 Spiritus
1934 962 2089 1002 meus

522 1046 574 1098 in
614 1044 794 1098 medio
826 1052 1067 1099 vestrum
1101 1043 1169 1095 ’⁸.
1196 1061 1213 1093 ι
1235 1041 1373 1106 Quid
1405 1055 1546 1110 opus
1579 1046 1698 1095 erat
1728 1040 1894 1093 trium
1931 1054 2075 1094 men-

521 1135 724 1188 tionem
757 1133 964 1199 faccre,
1001 1133 1106 1188 nisi
1140 1115 1568 1201 unumquodque
1607 1130 1664 1184 in
1696 1130 1918 1201 propria
1961 1143 2086 1198 per-

521 1240 656 1278 sona
698 1223 1073 1279 subsisteret?
1118 1221 1183 1276 Et
1229 1237 1458 1274 rursus:
1485 1238 1503 1271 ι
1525 1219 1673 1273 Dixit
1719 1218 1987 1273 Dominus
2016 1218 2084 1272 ad

525 1315 803 1386 Moysem:
843 1312 1191 1368 Descendens
1231 1319 1434 1366 testare
1471 1310 1708 1380 populo,
1759 1316 1814 1364 et
1860 1305 2087 1377 puriﬁca

517 1407 640 1460 illos
674 1405 835 1458 hodie
865 1411 918 1457 et
945 1395 1109 1468 cras,
1155 1411 1210 1458 et
1251 1402 1435 1456 lavent
1473 1401 1837 1464 vestimenta,
1874 1407 1928 1454 et
1973 1400 2086 1452 sint

517 1495 691 1564 parati
724 1495 779 1549 in
808 1495 949 1549 diem
982 1495 1216 1548 tertiam.
1246 1492 1430 1548 Tertia
1458 1499 1642 1546 autem
1675 1491 1763 1546 die
1792 1489 2087 1546 descendet

517 1587 782 1642 Dominus
810 1587 867 1640 in
899 1594 1138 1640 montem
1172 1585 1305 1638 Sina
1335 1599 1522 1638 coram
1551 1583 1702 1637 omni
1736 1583 1936 1652 populo
1967 1582 2034 1634 ³⁷.
2059 1599 2077 1632 ι

514 1677 634 1732 Non
673 1677 829 1739 dixit,
867 1675 1222 1732 Descendam.
1251 1693 1270 1727 ι
1300 1673 1369 1728 Ει
1400 1675 1505 1729 erit
1543 1673 1600 1728 in
1629 1671 1946 1728 novissimis
1971 1670 2086 1726 die-

2197 502 2393 564 πάντες
2422 500 2640 570 ἄγγελοι
2665 500 2837 563 Θεοῦ;
2870 521 2888 553 ι
2915 501 3065 565 Τίνι,
3095 502 3190 555 καὶ⁵
3223 503 3379 555 ποίου
3405 503 3571 570 Θεοῦ;
3606 505 3776 571 Λέγει

2197 590 2416 662 Μωσῆς
2452 609 2471 642 ι
2501 591 2608 644 Kal
2634 590 2802 645 ἔδωκε
2831 593 3032 662 Κύριος
3055 591 3200 662 ὅρον,
3230 592 3429 662 λέγων·
3472 595 3559 647 Ἐν
3581 597 3650 665 τῇ
3682 595 3778 648 αΰο

2198 699 2310 754 ριον
2358 682 2544 754 ἡμέρᾳ
2578 683 2792 753 ποιήσει
2823 681 3028 749 Κύριος
3068 682 3129 736 τὸ
3171 684 3321 754 ῥῆμα
3354 685 3512 739 τοῦτο
3549 689 3646 740 ἐπὶ
3674 690 3778 759 τῆς

2195 773 2318 842 γῆςο
2350 792 2367 824 ι
2395 773 2487 826 καὶ
2513 773 2692 827 πάλιν·
2716 791 2734 824 ι
2766 774 2969 843 Ἴσχυε,
2998 773 3320 844 Ζοροϐάϐελ,
3345 775 3476 829 διότι
3504 776 3617 846 ἐγὼ
3651 780 3776 849 μεθ’

2195 862 2350 933 ὑμῶν
2381 863 2516 932 ειμι,
2541 862 2634 916 καὶ
2653 869 2682 916 6
2701 863 2872 931 Λόγος
2906 880 3006 934 μου
3044 864 3074 916 6
3101 864 3322 932 ἀγαθὸς,
3349 865 3524 919 καὶτὸ
3543 867 3778 939 Πνεῦμα

2197 970 2299 1023 μου
2328 955 2385 1006 ἐν
2413 953 2561 1023 μέσῳ
2583 953 2754 1024 ὑμῶν.
2772 972 2790 1005 ι
2827 953 2922 1016 Τίς
2943 949 3035 1008 οὖν
3059 954 3219 1025 χρεία
3244 955 3411 1025 τριῶν
3439 957 3772 1028 μνησθῆναι,

2195 1045 2244 1096 εἰ
2272 1043 2348 1114 μὴ
2380 1044 2605 1097 ἕκαστον
2635 1046 2692 1096 ἐν
2728 1043 2834 1114 ἰδίᾳ
2869 1045 3192 1112 ὑποστάσει;
3233 1046 3343 1099 Kal
3383 1047 3566 1101 πάλιψ
3604 1067 3623 1101 ι
3656 1050 3775 1102 Kal

2193 1129 2313 1186 εἷπε
2352 1134 2553 1204 Κύριος
2592 1134 2728 1204 πρὸς
2767 1135 3038 1204 Μωῦοῆν·
3094 1135 3354 1198 Κατασὰς
3397 1136 3772 1209 διαμάρτυραι

2191 1223 2270 1293 τῷ
2311 1223 2456 1294 λαῷ,
2509 1225 2602 1277 καὶ
2645 1225 2864 1292 ἅγνισον
2909 1225 3106 1289 αὐτοὺς
3146 1231 3382 1298 σήμερον
3414 1228 3508 1280 καὶ¹
3548 1228 3767 1300 αὔριον,

2192 1315 2283 1367 καὶ
2307 1314 2656 1368 πλυνάτωσαν
2678 1316 2748 1368 τὰ
2778 1316 2968 1386 ἱμάτια
2995 1317 3193 1379 αὐτῶν,
3227 1318 3322 1370 καὶ
3359 1317 3600 1372 ἔστωσαν
3622 1320 3770 1374 ἕτοι-

2195 1423 2284 1476 μοι
2309 1407 2388 1470 είς
2415 1407 2512 1476 τὴν
2549 1407 2762 1478 ἡμέραν
2789 1409 2888 1479 τὴν
2915 1409 3124 1479 τρίτην.
3156 1409 3234 1478 Τῇ
3262 1408 3370 1480 γὰρ
3397 1411 3578 1481 ἡμέρᾳ
3604 1412 3770 1482 τρίτῃ

2190 1496 2552 1568 καταϐήσεται
2583 1497 2786 1569 Κύριος
2820 1500 2910 1552 ἐπὶ
2953 1501 3014 1553 τὸ
3049 1499 3173 1570 ὅρος
3220 1499 3281 1552 τὸ
3329 1500 3488 1564 Σινᾶ,
3517 1501 3768 1554 ἐναντίον

2189 1588 2389 1651 παντὸς
2439 1587 2534 1640 τοῦ
2577 1588 2728 1644 λαοῦ.
2776 1609 2795 1641 ι
2847 1589 2957 1642 Kal
3001 1590 3103 1642 οὐκ
3141 1584 3299 1642 εἷπε*
3341 1590 3764 1660 Καταόήσομαι.

2193 1696 2212 1729 ι
2236 1678 2344 1730 Kal
2369 1678 2522 1731 ἔσται
2543 1679 2602 1731 ἐν
2636 1681 2756 1741 ταῖς
2784 1679 3038 1750 ἐσχάταις
3073 1681 3327 1751 ἡμέραις,
3359 1680 3503 1748 λέγει
3533 1680 3762 1751 Κύριος,

514 1769 648 1832 bus,
681 1768 815 1822 dicit
845 1767 1105 1821 Dominus
1146 1784 1159 1820 :
1192 1764 1464 1820 eﬂundam
1493 1763 1562 1819 de
1595 1763 1801 1834 Spiritu
1833 1777 1956 1817 meo
1990 1777 2071 1816 su-

2189 1768 2362 1839 ἐκχεῶ
2419 1769 2529 1822 ἀπὸ
2561 1769 2653 1822 τοῦ
2692 1770 3007 1841 Πνεύματός
3047 1789 3148 1840 μου
3191 1772 3285 1824 ἐπὶ
3322 1775 3499 1826 πᾶσαν
3541 1773 3759 1843 σάρκα,

515 1873 613 1926 per
643 1871 861 1910 omnem
892 1869 1144 1918 carnem,
1185 1861 1239 1908 et
1275 1852 1687 1923 prophetabunt
1735 1851 1830 1906 lilii
1872 1849 2080 1914 vestri,

514 1957 569 2002 et
614 1948 737 2001 tilia:
791 1954 986 2002 vestra:
1042 1943 1256 2000 somnia
1304 1942 1660 1997 somniabunt
1692 1941 1758 1995 ³⁸.
1785 1959 1802 1991 ι
1840 1939 1906 1992 Et
1959 1946 2082 2008 post

516 2039 778 2094 nonnulla
801 2057 812 2092 :
834 2057 852 2090 ι
878 2037 972 2092 Sol
1001 2043 1352 2092 convertetur
1382 2036 1437 2088 in
1466 2034 1752 2097 tenebras,
1783 2040 1838 2087 et
1867 2031 1996 2084 luna
2025 2031 2080 2084 in

514 2131 839 2200 sanguinem
862 2167 878 2193 ,
914 2136 1204 2199 antequam
1235 2127 1420 2182 veniat
1454 2126 1572 2182 dies
1605 2124 1817 2179 Domini
1849 2137 2080 2194 magnus

512 2231 566 2277 et
589 2221 819 2276 illustris
843 2221 907 2272 ".
924 2240 941 2271 ι
961 2218 1080 2274 Non
1104 2219 1260 2282 dixit,
1283 2217 1434 2272 Diem
1458 2231 1658 2272 meum.
1683 2235 1702 2268 ι
1721 2214 1786 2269 Ει
1807 2215 1932 2280 erit,
1959 2213 2082 2280 qui-

511 2329 728 2383 cunque
756 2311 1090 2369 invocaverit
1118 2294 1316 2365 noinen
1345 2307 1594 2373 Domini,
1622 2307 1806 2361 salvus
1834 2306 1937 2360 erit
1960 2305 2026 2357 ³ο.
2056 2322 2073 2354 ι

511 2405 629 2460 Non
657 2405 815 2466 dixit,
852 2402 1058 2457 Nomen
1087 2416 1286 2456 meum.
1322 2399 1386 2453 Et
1421 2414 1615 2454 rursus
1635 2439 1651 2462 ,
1671 2416 1689 2448 ι
1719 2396 1982 2451 Dominus
2012 2395 2080 2448 de

510 2499 650 2552 cmlo
678 2497 731 2550 in
757 2504 958 2550 terram
983 2493 1227 2563 aspexit,
1256 2500 1315 2545 ut
1341 2491 1550 2546 videret
1575 2491 1834 2560 gemitum
1859 2503 2078 2556 compe-

509 2589 745 2643 ditorum
772 2605 787 2652 ;
812 2595 870 2640 ut
899 2586 1071 2642 solvat
1103 2584 1241 2637 ﬁlios
1267 2581 1750 2644 mortiﬁcatorum;
1780 2587 1838 2633 ut
1863 2595 2078 2632 annun-

508 2683 607 2735 tiet
647 2680 701 2733 in
748 2676 879 2731 Sion
908 2690 1106 2730 nomen
1139 2672 1354 2726 Domini
1386 2672 1453 2725 δι.
1481 2691 1498 2722 ι
1521 2670 1641 2724 Non
1679 2670 1837 2732 dixit,
1869 2668 2075 2721 Nomen

507 2773 646 2841 ejus.
678 2769 741 2823 Et
765 2783 958 2823 rursus
980 2807 994 2830 ,
1015 2785 1031 2817 ι
1057 2767 1158 2832 Qui
1185 2765 1386 2819 habitat
1416 2765 1470 2816 in
1496 2763 1651 2818 caelis
1681 2762 1930 2816 irridebit
1955 2776 2074 2822 eos,

505 2874 561 2917 et
607 2861 868 2914 Dominus
917 2857 1277 2913 subsannabit
1320 2870 1415 2909 eos
1458 2854 1567 2908 ³⁸.»
1593 2853 1658 2906 Et
1702 2854 1930 2916 iterum,
1957 2850 2074 2904 «Ad

508 2964 582 3018 te,
626 2951 877 3015 Domine,
905 2950 1152 3005 clamabo
1175 2988 1189 3013 ,
1224 2956 1278 3002 et
1309 2947 1374 3002 ad
1406 2945 1571 3001 Deum
1607 2960 1787 2999 meum
1817 2943 2076 3013 depreca-

507 3046 608 3100 bor
637 3044 704 3097 ³⁸.
758 3042 892 3108 Quis
926 3041 1092 3111 igitur
1131 3038 1398 3094 Dominus
1428 3036 1572 3106 apud
1601 3034 1814 3089 Deum?
1845 3032 1920 3085 Ex
1950 3047 2074 3102 per-

2184 1860 2278 1912 xal
2316 1859 2782 1930 προφητεύσουσιν
2816 1863 2866 1914 οί
2899 1862 3006 1914 υἱοὶ
3041 1862 3211 1932 ὑμῶν,
3251 1863 3344 1916 καὶ
3375 1863 3430 1916 al
3459 1862 3760 1934 θυγατέρες

2185 1949 2336 2018 ὑμῶν
2371 1950 2596 2004 ἐνύπνια
2635 1949 3169 2019 ἐνυπνιασθήσονται.
3223 1969 3242 2001 ι
3283 1951 3392 2004 Kal
3434 1951 3577 2020 μετά
3611 1967 3750 2002 τινα’

2187 2058 2206 2089 ι
2254 2040 2312 2092 Ὀ
2346 2041 2498 2110 ἥλιος
2538 2042 3047 2111 μεταστραφήσεται
3093 2041 3173 2103 είς
3214 2040 3422 2103 σκότος,
3460 2042 3554 2093 καὶ
3595 2042 3629 2110 ἡ
3667 2057 3758 2093 σε·

2179 2134 2314 2205 λήνη
2350 2134 2432 2198 είς
2475 2128 2634 2204 αἷμα,
2672 2135 2801 2204 πρὶν
2835 2133 3006 2186 ἐλθεῖν
3044 2133 3140 2202 τὴν
3174 2133 3386 2204 ἡμέραν
3419 2132 3624 2202 Κυρίου
3659 2133 3754 2202 τὴν

2183 2225 2426 2296 μεγάλην
2446 2226 2542 2278 καὶ
2569 2223 2830 2293 ἐπιφανῆ.
2861 2243 2880 2275 ι
2911 2224 3024 2277 Οὐκ
3047 2219 3199 2276 εἴπεο
3233 2224 3343 2276 Tiw
3385 2223 3594 2294 ἡμέραν
3629 2241 3750 2292 μου.

2187 2335 2206 2368 ι
2238 2319 2348 2369 Kal
2390 2315 2565 2378 ἔσται,
2605 2316 2664 2378 ὃς
2695 2313 2761 2370 ἂν
2793 2315 3182 2383 ἐπικαλέσηται
3221 2316 3282 2366 τὸ
3311 2314 3477 2383 ὄνομα
3509 2314 3714 2384 Κυρίου
3736 2355 3750 2376 ,

2181 2405 2502 2475 σωθήσεται.
2532 2423 2550 2456 ι
2574 2405 2683 2457 Kal
2703 2406 2802 2458 οὐκ
2829 2400 2976 2458 εἷπε·
3005 2405 3077 2457 Τὸ
3095 2405 3263 2474 δνομά
3288 2421 3408 2473 μου.
3435 2406 3542 2457 Καὶ
3568 2405 3747 2459 πάλινο

2182 2515 2200 2548 ι
2239 2496 2440 2566 Κύριος
2473 2498 2537 2550 ἐκ
2571 2496 2662 2550 τοῦ
2690 2497 2916 2567 οὐρανοῦ
2947 2499 3038 2550 ἐπὶ
3069 2497 3166 2567 τὴν
3196 2497 3298 2567 γῆν
3327 2496 3591 2565 ἐπέϐλεψε
3610 2536 3623 2555 ,
3656 2497 3747 2550 τοῦ

2179 2585 2305 2639 ίδεῖν
2327 2586 2438 2656 (10)
2469 2587 2559 2640 τὸν
2585 2589 2883 2658 στεναγμὸν
2903 2588 3011 2641 τῶν
3037 2588 3443 2659 πεπεδημένων,
3471 2588 3564 2641 τοῦ
3593 2587 3748 2642 λῦσαι

2173 2674 2300 2736 τοὺς
2340 2675 2491 2738 υἱοὺς
2533 2676 2640 2728 τῶν
2678 2676 3160 2747 τεθανατωμένων,
3201 2676 3296 2730 τοῦ
3337 2675 3652 2744 ἀναγγεῖλαι
3693 2679 3747 2728 ἐν

2174 2763 2312 2819 Σιὼν
2343 2765 2404 2820 τὸ
2427 2766 2596 2837 ὄνομα
2628 2767 2854 2839 Κυρίου.
2882 2787 2899 2821 ι
2940 2770 3052 2822 υὺκ
3075 2765 3224 2822 εἶπε·
3256 2770 3329 2821 Τὸ
3351 2770 3522 2840 ὖνομα
3565 2770 3743 2824 αὑτοῦ.

2179 2857 2288 2910 Kal
2317 2857 2480 2912 πάλιν
2503 2876 2516 2888 ο
2560 2877 2578 2910 ι
2623 2858 2682 2914 'O
2718 2860 2986 2913 κατοικῶν
3020 2862 3078 2913 ἐν
3111 2861 3359 2930 οὐρανοῖς
3399 2862 3746 2929 ἐκγελάσεται

2173 2948 2387 3014 αὐτοὺς,
2418 2951 2512 3003 καὶ
2534 2951 2562 3003 6
2590 2949 2792 3022 Κύριος
2817 2951 3177 3022 ἐκμυκτηριεῖ
3202 2951 3417 3014 αὐτούς.
3458 2971 3476 3003 ι
3509 2953 3618 3004 Kal
3646 2952 3748 3005 πά-

2173 3041 2257 3094 λιν
2282 3058 2296 3070 ο
2333 3059 2352 3092 ι
2391 3042 2534 3113 Πρὸς
2582 3043 2676 3108 σὲ,
2713 3042 2918 3114 Κύριε.
2950 3043 3305 3115 κεκράξομαι.
3349 3044 3442 3097 καὶ
3486 3044 3618 3115 πρὸς
3654 3043 3745 3096 τὸν

507 3150 644 3193 sona
675 3133 807 3200 Dei,
828 3150 845 3183 ι
873 3131 1128 3186 Subverti
1162 3145 1289 3194 vos,
1321 3128 1464 3184 sicut
1493 3126 1764 3182 subvertit
1795 3125 1937 3179 Deus
1967 3121 2071 3176 Sa-

2181 3130 2305 3183 Θεόν
2330 3147 2430 3199 μου
2467 3131 2818 3203 δεηθήσομαι.
2858 3149 2876 3182 ι
2913 3131 3007 3196 Τίς
3049 3127 3142 3185 οὖν
3175 3134 3203 3185 6
3242 3131 3444 3202 Κύριος
3477 3130 3626 3201 παρὰ
3670 3131 3750 3201 τῷ

506 3225 745 3288 demam,
789 3231 842 3278 ct
887 3221 1248 3276 Gontorrham
1288 3219 1355 3274 ³⁵.
1398 3216 1487 3290 [Ει
1515 3213 1707 3287 Isaias]
1737 3213 1956 3284 quando
1991 3214 2072 3267 vi-

505 3317 584 3373 dit
615 3315 840 3386 gloriam
881 3314 1003 3384 ejus
1031 3313 1075 3344 ⁸⁸
1100 3312 1232 3384 (ll).
1263 3309 1520 3372 Domine,
1556 3308 1682 3377 quis
1713 3305 1946 3361 credidit
1977 3318 2075 3359 au-

505 3410 643 3464 ditni
689 3407 922 3462 nostro?
963 3413 1019 3460 et
1061 3403 1346 3460 brachium
1390 3400 1604 3455 Domini
1649 3399 1737 3452 cui
1773 3397 2070 3452 revelatum

504 3510 590 3557 est
616 3501 740 3553 "‘2.
761 3496 878 3552 Non
908 3497 1068 3557 dixit,
1093 3495 1158 3548 Et
1181 3493 1462 3548 brachium
1496 3499 1672 3544 tuum.
1702 3488 1781 3542 En
1802 3528 1816 3552 ,
1850 3487 1961 3542 Deo
1984 3487 2074 3556 ju-

505 3600 700 3655 vante,
736 3588 1059 3659 hypostascs
1090 3593 1292 3640 sanctae
1323 3589 1378 3636 et
1414 3580 1796 3637 substantialis
1829 3577 2074 3634 Trinita-

505 3684 578 3738 tis
602 3719 618 3742 ,
656 3680 905 3750 pluribus
935 3685 1062 3734 sunt
1094 3676 1505 3731 demonstratae.

555 3907 618 3964 ll.
655 3906 906 3977 Ejusdem
959 3905 1071 3959 alia
1116 3904 1180 3958 de
1213 3902 1438 3958 adventu
1487 3899 1705 3971 Domini
1753 3898 1808 3952 in
1843 3913 2029 3952 carus.

580 4101 598 4134 ι
627 4082 722 4137 llic
749 4089 832 4138 est
874 4080 1016 4136 Deus
1054 4088 1260 4143 noster,
1289 4089 1343 4134 et
1393 4092 1503 4132 non
1532 4073 1898 4132 aestimabitur
1927 4071 2069 4128 alius

501 4174 569 4229 ad
627 4189 774 4229 eum.
827 4173 1112 4227 Adinvenit
1197 4185 1411 4225 omnem
1466 4169 1607 4223 viam
1669 4165 1961 4228 scientiae,
2014 4171 2070 4218 et

2173 3222 2326 3292 Θεῷ;
2383 3223 2476 3277 Ἐκ
2507 3223 2797 3294 προσώπου
2832 3223 2925 3276 τοῦ
2955 3223 3111 3276 Θεοῦ·
3143 3242 3163 3276 ι
3197 3223 3556 3294 Κατέστρεψα
3584 3223 3744 3294 ὑμᾶς,

2175 3311 2355 3376 καθὼς
2377 3313 2742 3385 κατέστρεψεν
2771 3315 2800 3367 6
2830 3313 2963 3376 Θεὸς
2990 3314 3199 3385 Σόδομα
3227 3314 3320 3368 καὶ
3347 3316 3626 3386 Γόμορρα,
3659 3316 3746 3368 ὅτε

2173 3399 2281 3458 εἶδε
2305 3404 2400 3476 τὴν
2422 3404 2578 3470 δόξαν
2601 3406 2786 3460 αὐτοῦ.
2830 3405 3024 3478 Κύριε,
3055 3406 3138 3470 τίς
3163 3407 3480 3461 ἐπίστευσεν
3513 3411 3577 3478 τῇ
3610 3409 3744 3478 ἀκοῇ

2176 3495 2368 3566 ἡμῶν;
2403 3497 2496 3550 καὶ
2531 3498 2560 3549 ὁ
2604 3496 2842 3567 βραχίων
2875 3497 3078 3568 Κυρίου
3099 3539 3112 3563 ,
3143 3497 3248 3551 τίνι
3285 3497 3638 3567 ἀπεκαλύφθη
3666 3515 3679 3562 ;
3721 3518 3738 3550 ι

2173 3587 2287 3640 Οὐκ
2314 3583 2431 3639 εἷπε
2453 3605 2465 3617 ·
2507 3588 2617 3642 Kal
2654 3589 2683 3642 6
2738 3588 2976 3660 βραχίων
3024 3605 3138 3641 σου.
3194 3589 3322 3642 Ἰδοὺ
3377 3590 3743 3644 ἀποδέδεικται

2179 3677 2274 3728 σὺν
2299 3675 2418 3745 Θεῷ
2441 3675 2528 3729 διὰ
2560 3677 2819 3732 πλειόνων
2845 3677 2946 3748 τῆς
2972 3677 3132 3746 ἁγίας
3155 3676 3250 3731 καὶ
3270 3679 3552 3748 ὁμοουσίου
3575 3678 3742 3748 Τριά-

2176 3765 2263 3831 δος
2290 3769 2346 3821 αἱ
2380 3767 2724 3832 ὑποστάσεις.

2177 3900 2250 3954 B'.
2284 3899 2392 3956 Τοῦ
2413 3901 2598 3956 αὑτοῦ
2613 3899 2781 3969 ἕτερα
2806 3899 2937 3968 περὶ
2958 3897 3064 3969 τῆς
3085 3899 3383 3969 ἐνσάρκου
3403 3900 3506 3954 τοῦ
3524 3900 3739 3969 Κυρίου

2786 3970 3136 4039 παρουσίας.

2251 4097 2270 4130 ι
2303 4072 2469 4142 Οὗτος
2486 4081 2514 4131 6
2535 4078 2664 4142 Θεὸς
2692 4077 2848 4150 ἡμῶν
2867 4095 2882 4109 ·
2911 4079 2971 4132 οὐ
3002 4078 3377 4150 λογισθήσεται
3399 4080 3580 4150 ἔτερος
3603 4079 3738 4150 πρὸς

2173 4171 2356 4225 αὐτόν.
2398 4169 2615 4242 Ἐεεῦρε
2659 4171 2836 4224 πᾶσαν
2872 4170 2989 4224 ὁδὸν
3027 4171 3369 4240 ἐπιστήμης,
3404 4170 3494 4222 καὶ
3535 4169 3737 4223 ἔδωκεν

499 4265 649 4320 dedit
689 4279 806 4319 eam
838 4262 1004 4319 Jacoh
1045 4277 1212 4334 puero
1259 4277 1380 4324 suo,
1417 4268 1471 4316 et
1505 4259 1670 4316 lsrael
1702 4243 1903 4312 dilecto
1941 4269 2064 4311 suo.

2181 4262 2338 4332 αὐτὴν
2380 4261 2572 4316 Ἰακὼϐ
2594 4261 2672 4332 τῷ
2705 4262 2854 4314 παιδὶ
2878 4261 3040 4314 αὑτοῦ
3061 4302 3075 4327 ,
3115 4263 3210 4315 καὶ
3267 4259 3479 4331 Ἰσραὴλ
3513 4259 3623 4328 (12)
3658 4259 3735 4330 τῷ

500 4357 624 4410 Post
673 4355 788 4410 haec
844 4365 1026 4410 autem
1058 4356 1113 4409 in
1151 4355 1314 4409 terris
1348 4353 1501 4408 visus
1548 4351 1650 4406 fuit
1675 4391 1690 4417 ,
1723 4359 1777 4405 et
1809 4363 1934 4404 cum
1961 4347 2066 4401 ho-

2181 4354 2354 4424 ἡγαπη
2364 4354 2508 4425 μένῳ
2529 4353 2716 4408 αὐτοῦ.
2735 4353 2890 4409 Μετὰ
2907 4354 2964 4406 δὲ
2979 4353 3152 4408 ταῦτα
3178 4353 3270 4406 ἐπὶ
3295 4352 3395 4422 τῆς
3423 4352 3527 4421 γῆς
3553 4351 3730 4422 ὤφθη,

499 4447 738 4502 minibus
766 4455 1126 4501 conversatus
1179 4453 1262 4501 est
1281 4444 1395 4500 ⁸⁷.ἰ
1451 4444 1606 4508 Item,
1670 4461 1688 4495 ι
1741 4442 1886 4497 Deus
1947 4453 2065 4494 ma-

498 4538 696 4592 nifeste
761 4536 974 4602 veniet,
1013 4537 1157 4591 Deus
1209 4545 1417 4600 noster,
1472 4543 1525 4591 et
1557 4551 1668 4590 non
1731 4534 1914 4590 silebit
1935 4533 2000 4587 ⁸⁸.
2037 4550 2058 4585 ι

497 4628 563 4683 Ει
602 4644 791 4684 rursus
816 4669 829 4692 ,
863 4650 880 4679 ι
921 4625 1202 4682 Videbitur
1235 4628 1373 4684 Deus
1419 4628 1642 4683 deorum
1687 4627 1742 4682 in
1779 4624 1913 4680 Sion
1942 4625 2008 4678 ³⁸.
2037 4642 2056 4676 ι

566 4765 614 4796 ¹³
651 4726 784 4816 Gen:
822 4775 984 4823 uxr.
1053 4763 1138 4818 l3.
1211 4763 1257 4795 "
1293 4761 1436 4817 Psal.
1495 4777 1614 4815 ξονι
1641 4801 1656 4823 ,
1700 4762 1764 4825 7;

1822 4759 1986 4815 Hebr.
2046 4775 2099 4822 ι,
2131 4757 2183 4812 6.
2260 4760 2306 4791 ³⁸
2347 4759 2496 4814 Exod
2533 4778 2622 4823 rx,
2671 4762 2725 4814 5.

498 4832 747 4894 x1x,l0,
794 4832 852 4885 ll
954 4834 999 4863 ³⁸
1036 4831 1152 4887 Joel
1189 4852 1255 4897 ιι,
1289 4833 1382 4886 28.
1464 4833 1507 4862 ”
1552 4832 1682 4884 ibid.
1718 4831 1810 4884 5|.
1888 4830 1935 4861 ³⁸
1976 4830 2071 4884 ibit

2181 4829 2232 4883 2.
2308 4829 2352 4860 ³¹
2392 4827 2537 4885 Psal.
2569 4846 2643 4892 CI,
2672 4831 2764 4892 ΞΟ.
2793 4831 2882 4884 22.

2170 4444 2264 4496 καὶ
2285 4447 2395 4508 τοῖς
2421 4444 2729 4516 ἀνθρώποις
2761 4445 3188 4515 συνανεστράφη.
3221 4463 3240 4495 ι
3265 4473 3336 4483 -
3365 4462 3384 4494 ι
3408 4443 3466 4495 '0
3485 4442 3612 4504 Θεὸς
3633 4442 3732 4512 ἐμ-

2171 4535 2350 4603 φανῶς
2387 4530 2526 4606 ἡξει,
2559 4539 2587 4589 6
2619 4537 2750 4600 Θεὸς
2769 4538 2801 4608 ἡ
2812 4537 2945 4607 μῶν,
2968 4537 3061 4588 καὶ
3089 4537 3149 4588 οὐ
3177 4535 3677 4606 παρασιωπήσεται.
3706 4553 3724 4584 ι

2167 4627 2279 4681 Kal
2301 4627 2479 4682 πάλιν·
2513 4645 2532 4679 ι
2575 4627 2897 4699 Ὀφθὴσεται
2917 4629 2946 4680 6
2971 4627 3102 4691 Θεὸς
3125 4626 3232 4681 τῶν
3264 4627 3399 4680 θεῶν
3424 4629 3479 4679 ἐν
3509 4625 3664 4680 Σιών.
3707 4644 3724 4675 ι

2804 4763 2849 4793 ⁸⁸
2888 4761 3065 4831 Aggmi
3119 4777 3185 4823 ιι,
3220 4761 3288 4825 5,
3345 4760 3398 4814 6.
3475 4761 3526 4831 ’τί
3559 4759 3728 4831 Exod.

2961 4833 3004 4862 "
3050 4831 3190 4885 Psal.
3232 4848 3267 4884 ιι
3297 4869 3310 4889 .
3348 4831 3403 4884 ι.
3487 4830 3533 4866 ³³
3572 4830 3726 4890 Psal.

500 4918 624 4956 xxix
651 4941 664 4964 .
706 4903 759 4955 9.
837 4901 882 4932 "
920 4904 1084 4957 Amos
1119 4920 1191 4971 tv,
1227 4906 1309 4960 ll.
1387 4903 1432 4935 "
1471 4899 1628 4956 Joan.
1667 4916 1776 4966 xit,
1808 4900 1897 4952 41.
1975 4900 2020 4932 ³⁸
2060 4897 2071 4951 1

2196 4915 2326 4965 Lm,
2361 4901 2414 4952 l.
2492 4900 2534 4932 ³⁷
2576 4899 2787 4955 Barueh
2821 4916 2876 4956 ιιι
2905 4940 2920 4966 ,
2947 4900 3139 4957 56-ὄὸ.
3215 4902 3260 4932 ³⁸
3298 4900 3444 4955 Psal.
3479 4916 3635 4965 χιιι,
3669 4904 3726 4958 '5.

497 4974 541 5006 ”
580 4971 724 5026 Psal.
756 4987 986 5039 unum,
1017 4972 1070 5025 8.

493 5109 601 5149 non
643 5093 942 5163 reperitur;
999 5110 1098 5150 nos
1143 5103 1322 5148 autem
1376 5093 1631 5148 mendum
1675 5092 1821 5148 istud
1865 5100 2058 5149 sustu-

494 5165 676 5234 limus,
716 5180 782 5219 ex
825 5164 960 5218 Gen.
1014 5179 1133 5234 cap.
1177 5179 1325 5234 xxxi.
1375 5165 1464 5227 l5,
1496 5165 1550 5216 in
1585 5180 1694 5234 quo
1744 5165 1856 5219 haec
1886 5164 2050 5219 verba

492 5233 777 5288 Dominum
819 5235 1022 5289 Jacobo
1061 5233 1264 5288 dixisse
1294 5233 1544 5303 legimus.

560 5305 669 5372 (10)
711 5303 909 5358 Eadem
943 5305 1129 5368 editio,
1175 5303 1266 5358 τοῦ
1316 5303 1566 5368 ἀκοῦσαι,
1596 5314 1650 5356 ιιι
1681 5305 1906 5358 audiret.

561 5371 672 5441 (il)
714 5373 838 5428 Haec
877 5376 1037 5430 verba
1068 5374 1144 5428 nil
1194 5373 1258 5427 ad
1289 5390 1401 5428 rem
1433 5373 1612 5430 facere
1650 5375 1921 5430 videntur.
1964 5371 2051 5427 Si-

487 5442 700 5512 phanus
747 5443 801 5497 in
842 5460 941 5500 sua
986 5445 1238 5500 versione
1281 5445 1360 5498 sic
1407 5445 1587 5511 habet,
1648 5443 1887 5498 Subverti
1935 5460 2045 5508 vos,

487 5514 924 5580 quemadmodum
957 5515 1201 5569 subvertit
1239 5514 1374 5568 Deus
1407 5514 1712 5577 Sodomam,
1753 5524 1803 5566 et
1833 5513 2050 5566 Gomor-

488 5583 759 5655 ram.‘(Et
809 5583 1006 5654 Isaias)
1054 5584 1264 5655 quando
1310 5586 1438 5639 vidit
1485 5586 1709 5654 gloriam
1757 5585 1904 5652 ejus;
1946 5581 2042 5655 sed

489 5654 612 5720 quia
649 5651 802 5708 Isaia:
829 5651 1028 5708 nomen
1059 5651 1421 5710 setnicirculis
1454 5651 1702 5717 includit,
1734 5656 1879 5708 clare
1907 5652 2042 5706 satis

489 5724 732 5782 indicare
763 5725 1167 5794 videtur,verba
1190 5725 1281 5780 illa
1303 5739 1423 5789 non,
1443 5725 1719 5781 exstitisse
1746 5725 1799 5778 in
1831 5722 2038 5793 scripto

2163 5093 2371 5164 codice,
2395 5093 2819 5164 quoﬂutebatur;
2858 5093 2952 5150 sed
2977 5109 3043 5150 ex
3071 5093 3389 5161 conjectura
3417 5108 3446 5147 a
3473 5106 3530 5164 se
3557 5091 3728 5164 fuisse

2155 5161 2359 5218 addita.
2397 5161 2464 5203 ~1-
2505 5163 2776 5233 Zacagnio
2808 5161 3043 5220 minime
3090 5167 3382 5229 assentior,
3429 5163 3512 5216 cui
3550 5163 3726 5233 verba

2153 5233 2289 5296 hinc,
2327 5233 2552 5300 Quando
2599 5231 2726 5288 vidit
2753 5235 2980 5304 gloriam
3012 5235 3148 5304 ejus,
3179 5235 3253 5288 nil
3284 5234 3351 5288 ad
3397 5247 3509 5304 re_m
3543 5231 3728 5287 facere

2152 5292 2447 5358 visasint.
2471 5304 2541 5357 Ea
2573 5305 2718 5358 enim
2836 5305 2996 5358 Pater
3023 5292 3414 5371 desumpsitcx
3438 5301 3592 5371 Joan.
3619 5319 3720 5364 xu,

2150 5373 2204 5435 4,
2237 5374 2329 5428 ιιὺί
2362 5375 2442 5428 sic
2471 5391 2485 5427 :
2522 5375 2702 5429 Ταῦτα
2725 5369 2876 5428 εἶπεν
2921 5374 3168 5439 Ἡσαΐας,
3191 5369 3279 5426 ὅτε
3309 5370 3412 5426 εἶδε
3440 5370 3535 5439 τὴν
3566 5371 3723 5436 δόξαν

2153 5443 2356 5516 αὐτοῦ’
2408 5452 2467 5496 ιιι
2507 5443 2750 5516 proinde_
2782 5456 2930 5516 recte
2969 5443 3243 5516 Siphanns
3286 5445 3353 5498 iis
3398 5441 3720 5516 prmmiserit

2151 5513 2205 5564 in
2249 5528 2348 5634 sxa
2374 5510 2653 5592 versione,
2705 5513 2773 5567 Et
2811 5510 3183 5585 Isaiasfqute
3224 5515 3280 5569 in
3314 5522 3464 5569 textu
3495 5510 3722 5566 librario

2151 5597 2264 5634 CXCI
2309 5593 2470 5634 θΙῚΙΙί.

2149 5593 2470 5637 εκιιιιιειίιιι.

2221 5652 2334 5720 (t2)
2369 5651 2612 5707 Romana
2663 5653 2867 5716 editio,
2918 5655 3108 5712 eodem
3161 5669 3326 5712 sensu
3365 5658 3714 5716 remanente,

2150 5722 2400 5779 nonnihil
2443 5725 2617 5780 variat
2646 5724 2700 5780 in
2738 5725 2939 5782 verbis.
