3896 6208
254 369 358 428 2⁴11

1303 363 1724 472 TESJ‘IMONIA
1775 363 2147 422 ADVERSUS
2201 366 2510 424 JUDIEOS.

3433 374 3538 432 20%

259 491 377 545 Kal
421 490 599 554 πάλιν,
648 507 664 538 ι
715 486 848 550 Θεὸς
899 485 1101 556 Κύριος
1152 487 1244 539 καὶ
1294 486 1562 556 ἐπέφανεν
1621 489 1772 558 ἡμῖν.
1826 504 1839 537 ι

1959 485 2020 539 Et
2076 503 2303 552 rursus,
2336 507 2355 540 ι
2400 487 2543 543 Deus
2577 485 2839 542 Dominus
2877 494 2932 543 ct
2978 487 3156 542 illuxit
3216 487 3376 544 nobis
3407 489 3478 541 ⁸ο.
3514 506 3532 540 ι

269 601 288 633 ι
346 581 630 651 Ἑξαίφνης
671 579 792 649 ἥξει
835 579 915 640 εἰς
957 577 1047 630 τὸν
1089 575 1215 630 ναὸν
1271 577 1466 630 ἐαυτοῦ
1508 577 1740 648 Κύριος,
1790 578 1839 631 ὃν

1959 580 2086 642 item
2126 622 2138 644 ,
2176 600 2195 633 ι
2227 583 2423 637 Subito
2469 583 2646 637 veniet
2696 583 2752 636 in
2813 582 3071 652 templum
3135 598 3295 638 suum
3353 582 3540 636 Domi-

265 675 428 745 ὑμεῖς
448 672 685 742 ζητεῖτε,
714 673 810 724 καὶ
834 671 862 722 ὁ
889 668 1153 737 Ἀγγελος
1173 669 1274 740 τῆς
1293 669 1576 740 διαθήκης,
1601 670 1659 722 ὃν
1692 671 1848 740 ὑμεῖς

263 766 466 819 Θέλετε.
496 784 515 816 ι
547 765 717 834 Χαῖρε
749 763 974 832 σφόδρα,
1004 760 1242 832 Θύγατερ
1271 759 1427 814 Σιώνο
1460 763 1722 832 κήρυσσε,
1753 761 1871 824 ού-,

262 875 433 928 γατερ
469 856 842 928 Ἰερουσαλήμ.
884 855 1016 907 Ἰδοὺ
1041 855 1070 906 ὁ
1100 853 1361 916 Βασιλεύς
1397 870 1488 906 σου
1520 852 1738 922 ἔρχεταί
1766 870 1846 907 σοι

261 949 473 1019 πραῢς,
513 950 608 1002 καὶ
649 946 996 1016 ἐπιϐεϐηκὼς
1047 947 1140 999 ἐπὶ
1179 945 1470 1014 ὑποζύγιον
1518 946 1612 1000 καὶ
1668 945 1847 999 πῶλον

255 1041 377 1094 ὃνου
405 1040 542 1110 (l3).
579 1059 597 1091 ι
645 1040 742 1102 Τίς
768 1039 828 1092 δέ
866 1055 995 1092 ποτε
1019 1037 1128 1090 τῶν
1159 1037 1446 1108 βασιλέων,
1475 1038 1580 1107 ὄνῳ
1603 1038 1848 1109 καθήμε-

256 1150 370 1196 νος,
399 1135 480 1195 εἰς
513 1130 873 1202 Ἰερουσαλὴμ
911 1129 1162 1199 είσῆλθε;
1193 1129 1302 1182 Kal
1345 1128 1529 1189 πάλιν,
1579 1148 1595 1180 ι
1629 1129 1844 1200 Τέρπου

257 1226 357 1279 καὶ
380 1223 691 1295 εὐφραίνου,
721 1221 961 1293 θύγατερ
987 1218 1147 1282 Σιὼν,
1168 1219 1302 1273 διότι
1331 1218 1443 1288 ἐγὼ
1467 1219 1720 1290 ἔρχομαι,
1752 1220 1846 1273 καὶ

258 1314 668 1386 κατασκηνὼσω
697 1317 755 1367 ἐν
787 1313 937 1384 μέσῳ
961 1329 1076 1376 σου,
1102 1313 1250 1380 λέγει
1284 1311 1504 1382 Κύριος.
1543 1311 1652 1364 Kal
1676 1329 1846 1364 κατα-

257 1410 545 1479 φεύξονται
578 1407 708 1478 ἔθνη
756 1406 928 1461 πολλὰ
955 1407 1049 1458 ἐπὶ
1075 1405 1168 1459 τὸν
1215 1405 1419 1476 Κύριον
1458 1408 1515 1459 ἐν
1561 1407 1626 1474 τῇ
1662 1404 1844 1475 ἡμέρα

254 1503 472 1576 ἐκείνῃ,
522 1501 616 1556 καὶ
645 1502 858 1554 ἔσονται
888 1500 1038 1570 αὐτῷ
1087 1501 1167 1564 εἰς
1199 1498 1346 1553 λαόν.
1407 1518 1425 1549 ι
1487 1500 1595 1551 Kal
1646 1497 1840 1560 πάλιν,

261 1613 284 1648 ι
331 1595 464 1648 Ἰδοὺ
500 1593 610 1662 ἐγὼ
646 1592 961 1646 ἀποστέλλω
991 1593 1081 1645 τὸν
1115 1591 1346 1660 ἄγγελόν
1397 1608 1498 1661 μου
1531 1589 1638 1661 πρὸ
1671 1607 1842 1661 προσ-

253 1684 408 1738 ώπου
440 1701 564 1748 σου,
601 1685 659 1747 ὃς
689 1684 1092 1737 κατασκευάσει
1119 1682 1218 1753 τὴν
1259 1683 1378 1736 ὁδόν
1415 1699 1508 1734 σου
1535 1681 1842 1752 ἔμπροσθέν

255 1791 354 1827 σου
385 1774 525 1844 (li).
561 1792 580 1824 ι
611 1775 721 1825 Kal
745 1773 924 1838 πάλιν,
966 1792 984 1823 ι
1016 1772 1310 1841 Στήσονται
1332 1771 1382 1825 οἱ
1408 1771 1566 1834 πόδες
1587 1769 1750 1824 αὑτοῦ
1783 1772 1841 1824 ἐν

1958 690 2060 728 nus
2109 689 2271 744 quem
2333 690 2430 728 vos
2482 674 2747 743 quaeritis.
2803 683 2857 729 et
2919 675 3158 741 Angelus
3221 673 3538 730 testamenti

1955 780 2115 832 quem
2157 780 2252 819 vos
2300 765 2468 819 vultis
2492 766 2568 818 “.
2596 785 2614 818 ι
2654 764 2820 830 Item,
2875 783 2893 815 ι
2932 763 3120 821 Gaude
3148 766 3535 829 vehementer,

1957 848 2066 903 {ilia
2100 849 2230 904 Sion
2257 890 2273 915 ,
2307 851 2560 920 praedica,
2598 853 2703 908 ﬁlia
2736 851 3060 908 Jerusalem.
3095 852 3237 908 Ecce
3263 852 3376 908 Rex
3409 863 3538 907 tuus

1957 940 2104 993 venit
2138 941 2236 994 tibi
2300 950 2640 1004 mansuetus,
2692 951 2745 998 et
2777 944 3080 999 ascendens
3131 960 3296 1013 super
3347 945 3538 1014 subju-

1953 1031 2128 1101 galem
2175 1043 2225 1086 et
2265 1033 2470 1104 pullum
2515 1034 2684 1089 asinae
2706 1035 2770 1089 δ’.
2807 1055 2824 1088 ι
2877 1036 3011 1102 Quis
3048 1051 3176 1091 vero
3217 1051 3403 1106 regum
3435 1053 3536 1091 un-

1954 1138 2116 1192 quam
2174 1124 2332 1180 asino
2387 1125 2655 1190 insidens,
2733 1127 3169 1199 Hierosolymam
3253 1131 3534 1200 ingressus

1953 1217 2086 1271 est?
2127 1218 2192 1272 Iit
2246 1234 2440 1274 rursus
2466 1258 2480 1283 ,
2549 1220 2787 1278 «Latare
2843 1232 2895 1278 et
2935 1224 3130 1294 gaude,
3169 1223 3278 1278 lilia
3354 1225 3486 1280 Sion
3515 1263 3533 1290 ,

1953 1307 2080 1375 quia
2135 1322 2236 1378 ego
2270 1309 2452 1374 venio,
2484 1316 2539 1363 et
2583 1310 2840 1365 habitabo
2896 1311 2951 1365 in
3012 1311 3193 1366 medio
3261 1311 3362 1374 tui,
3400 1310 3535 1366 dicit

1954 1398 2238 1456 Dominus.
2291 1399 2357 1454 Et
2396 1400 2716 1472 confugient
2768 1411 2962 1472 gentes
3008 1403 3194 1457 multa
3222 1402 3288 1456 ad
3344 1401 3533 1456 Domi-

1952 1506 2080 1544 num
2111 1490 2165 1544 in
2224 1491 2312 1545 die
2359 1491 2474 1557 illa,
2524 1500 2578 1547 et
2607 1501 2768 1547 erunt
2815 1493 2863 1548 ei
2925 1492 2978 1546 in
3014 1493 3276 1564 populum
3301 1492 3368 1546 ".
3405 1511 3424 1544 ι
3464 1491 3535 1546 Ει

1952 1598 2181 1644 rursus.
2211 1602 2228 1634 ι
2264 1582 2406 1638 Ecce
2433 1599 2535 1654 ego
2569 1584 2727 1638 mitto
2757 1585 3006 1655 angelum
3061 1600 3240 1640 meum
3292 1593 3420 1640 ante
3450 1584 3533 1638 fa-

1950 1675 2087 1727 ciem
2124 1683 2290 1735 tuam,
2326 1673 2416 1742 qui
2451 1674 2777 1744 przeparabit
2805 1675 2950 1728 viam
2983 1684 3130 1730 tuam
3176 1685 3302 1731 ante
3330 1687 3385 1730 te
3413 1676 3482 1731 “.
3507 1693 3527 1728 ο

1952 1762 2015 1818 Et
2047 1779 2240 1818 rursus
2267 1806 2279 1826 ,
2316 1783 2334 1814 ι
2373 1763 2603 1820 Stabunt
2641 1767 2808 1830 pedes
2847 1765 2967 1834 ejus
3007 1766 3062 1820 in
3103 1765 3193 1822 die
3237 1766 3328 1819 illa
3368 1780 3534 1835 super

250 1869 326 1935 τῇ
349 1866 540 1936 ἡμέρα
562 1864 737 1934 ἐκείνῃ
755 1865 847 1916 ἐπὶ
863 1864 924 1916 τὸ
936 1863 1063 1934 ὅρος
1085 1863 1194 1916 τῶν
1226 1861 1538 1926 Ἐλαιῶν,τὸ
1557 1861 1839 1915 κατέναντι

1949 1863 2184 1906 montem
2231 1855 2522 1919 olivarum,
2572 1855 2664 1924 qui
2707 1865 2790 1909 est
2841 1863 3033 1911 contra
3087 1853 3428 1911 Hierusalem
3464 1853 3533 1910 ab

263 1953 624 2025 Ἰερουσαλὴμ
669 1954 726 2018 ἐξ
785 1951 1078 2006 ἀνατολῶν.
1145 1969 1163 2002 ι
1225 1951 1336 2003 Kal
1397 1948 1534 2019 μετὰ
1600 1948 1838 2019 βραχέα,

257 2066 279 2099 ι
333 2045 539 2109 Ἔδειξέ
568 2062 655 2115 μοι
681 2043 885 2115 Κύριος
917 2042 1008 2096 τὸν
1052 2039 1259 2111 Ἰησοῦν
1291 2040 1426 2108 (15),
1457 2039 1546 2092 τὸν
1576 2039 1724 2110 ἱερέα
1751 2039 1843 2092 τὸν

249 2139 457 2210 μέγαν,
484 2137 692 2190 ἑστῶτα
731 2135 837 2206 πρὸ
856 2132 1172 2205 ’προσώπου
1204 2131 1436 2200 ἀγγέλου
1467 2131 1673 2201 Κυρίου
1694 2145 1706 2159 ·
1750 2131 1844 2184 καὶ

243 2234 278 2285 ὁ
301 2229 547 2291 6r.an
585 2229 829 2298 εἱστήκει
866 2227 933 2279 ἐκ
960 2225 1150 2290 δεξιῶν
1179 2223 1343 2278 αὑτοῦ
1381 2223 1476 2276 τοῦ
1507 2223 1843 2278 ἀντικεῖσθαι

243 2321 425 2392 αὐτῷ.
463 2321 572 2376 Kal
603 2316 724 2374 εἷπε
757 2318 959 2390 Κύριος
1003 2317 1138 2388 πρὸς
1169 2317 1258 2372 τὸν
1301 2315 1545 2371 διάϐολον
1567 2332 1580 2346 °
1625 2316 1845 2374 Ἐπιτι-

248 2415 428 2484 μήσαι
478 2411 681 2483 Κύριος
715 2413 772 2463 ἐν
817 2411 922 2472 σοὶ,
962 2408 1194 2463 διάϐολε.
1238 2410 1349 2462 Kal
1376 2405 1774 2478 διεμαρτύρατο
1816 2405 1844 2458 ὁ

244 2505 486 2574 ἄγγελος
509 2505 717 2576 Κυρίου
743 2504 879 2575 πρὸς
900 2503 993 2557 τὸν
1033 2501 1261 2572 Ἰησοῦν,
1289 2501 1465 2568 λέγων
1483 2515 1496 2527 ·
1523 2499 1659 2554 Τάδε
1693 2499 1841 2567 λέγει

245 2599 460 2670 Κύριος
493 2598 884 2668 παντοκράτωρ
908 2611 922 2625 ’
972 2596 1097 2648 Ἐάν
1130 2597 1248 2656 ταῖς
1290 2593 1429 2655 ὁδοῖς
1459 2591 1568 2662 (16)
1601 2609 1702 2662 μου
1743 2607 1842 2644 πο-

249 2691 462 2763 ρεύσῃ,
509 2690 604 2743 καὶ
631 2689 724 2742 ἐὰν
753 2688 822 2740 τὰ
861 2685 1261 2758 προστάγματα
1312 2702 1414 2755 μου
1459 2682 1700 2755 φυλάξῃ,
1750 2685 1845 2738 καὶ

249 2784 321 2835 σὺ
374 2783 665 2851 διακρινείς
713 2782 729 2833 ι
741 2780 826 2849 17)
889 2778 980 2832 τὸν
1037 2773 1184 2831 οἶκόν
1263 2769 1384 2848 μου.
1470 2777 1582 2830 Καὶ
1661 2774 1842 2840 πάλιν,

253 2895 272 2927 ι
314 2877 518 2928 Ἀκουε
546 2875 610 2947 δὴ
637 2915 650 2938 ,
682 2873 922 2945 Ἰησοῦς,
956 2874 984 2926 ὁ
1027 2874 1204 2944 ἱερεὺς
1235 2874 1264 2925 ὁ
1295 2870 1486 2942 μέγας.
1526 2889 1544 2922 ›
1588 2870 1843 2935 Ἡσαΐας,

254 2987 276 3020 ε
354 2969 632 3040 Ἐμφανὴς
674 2968 942 3038 ἐγενόμην
990 2969 1103 3029 τοῖς
1141 2966 1242 3036 ἐμὲ
1302 2964 1377 3036 μὴ
1423 2962 1644 3034 ζητοῦσι
1694 2962 1841 3033 (18),

247 3061 351 3113 καί
396 3059 626 3130 εὑρέθην
667 3062 778 3122 τοῖς
823 3058 922 3129 ἐμὲ
973 3056 1046 3128 μὴ
1096 3055 1418 3126 ἐπερωτῶσι
1461 3053 1594 3125 (19).
1641 3072 1658 3106 ι
1699 3053 1846 3121 (Kal

248 3152 456 3216 πάλιν,
506 3171 525 3204 ι
581 3153 688 3206 Καὶ
742 3149 969 3222 βασιλέα
1044 3149 1218 3219 μέγαν
1265 3147 1482 3218 ὖψεσθε.
1537 3167 1555 3200 ι
1603 3146 1737 3200 Θεὸν
1783 3145 1840 3199 δὲ

245 3245 430 3307 056a;
458 3245 608 3316 ὁρᾷ.)
639 3244 749 3296 Kal
780 3243 961 3298 πάλινο
995 3260 1012 3292 ι
1061 3242 1489 3311 Ἐπιφανήσεται
1517 3239 1718 3310 Κύριος
1751 3237 1838 3289 ἐπ’

248 3336 488 3400 αὐτοὺς,
549 3335 642 3387 καὶ
694 3332 1064 3404 ἐξολοθρεύσει
1112 3331 1318 3394 πάντας
1363 3331 1489 3393 τοὺς
1531 3328 1685 3392 θεοὺς
1732 3325 1842 3379 τῶν

247 3426 446 3483 ἐθνῶν.
478 3446 495 3478 ι
531 3426 642 3479 Kal
675 3425 855 3478 πάλιν
893 3444 912 3476 ι
947 3425 1076 3478 Ἰδοὺ
1117 3425 1350 3495 πάρειμι
1373 3421 1447 3492 τῷ
1479 3420 1642 3484 ἔθνει,
1669 3419 1718 3472 οἳ
1742 3420 1843 3473 οὑκ

247 3516 657 3571 ἐπεκαλέσαντο
686 3517 747 3568 τὸ
778 3516 951 3586 ὄνομα
1001 3533 1121 3586 μου.
1146 3534 1164 3566 ι
1209 3514 1394 3574 Δασιδ,
1435 3530 1452 3564 ι
1503 3512 1564 3564 Ὀ
1597 3511 1842 3581 καθήμε-

246 3625 345 3672 νος
391 3608 483 3661 ἐπὶ
511 3607 618 3660 τῶν
647 3608 914 3680 χερουϐὶμ
944 3607 1238 3677 ἐμφάνηθι.
1281 3605 1584 3674 Ἐξέγειρον
1621 3603 1719 3674 τὴν
1743 3602 1838 3656 δυ-

249 3701 509 3755 ναστείαν
540 3717 669 3766 σου,
717 3702 814 3754 καὶ
849 3700 969 3754 ἐλθὲ
1009 3703 1089 3764 είς
1120 3700 1181 3753 τὸ
1226 3699 1398 3752 σῶσαι
1449 3699 1618 3768 ἡμᾶς.
1658 3716 1676 3749 ι
1729 3695 1838 3747 Kal

247 3793 446 3858 πάλιν,
482 3812 499 3844 ι
521 3793 907 3864 Κατασήσεται
930 3793 1002 3857 ὡς
1028 3793 1182 3856 ὑετὸς
1211 3791 1302 3845 ἐπὶ
1335 3789 1520 3843 πόκον.
1550 3809 1568 3841 ι
1596 3788 1670 3842 Τὸ
1699 3788 1835 3842 ἀτά-

245 3903 430 3960 ραχον
475 3887 569 3938 καλ.
610 3886 732 3939 ἄνευ
780 3886 956 3955 ψόφου
991 3887 1091 3956 τῆς
1135 3883 1492 3944 καταϐάσεως
1533 3880 1834 3950 σημαίνων·

242 3981 352 4032 ἐπὶ
383 3979 494 4046 γὰρ
522 3978 620 4048 τὴν
651 3977 746 4047 γῆν
772 3977 925 4040 ὑετὸς
956 3975 1320 4038 καταϐαίνων,
1350 3974 1520 4043 ψόφον
1554 3975 1718 4025 ποιεῖ’
1744 3972 1838 4024 ἐπὶ

242 4071 305 4124 δὲ
347 4069 520 4121 πόκον
545 4068 688 4138 ἐρίου
717 4067 1078 4132 καταϐαίνων,
1109 4067 1170 4120 οὑ
1197 4070 1361 4122 ποιεῖ.
1389 4065 1642 4136 Μιχαίας,
1677 4085 1694 4116 ι
1725 4065 1837 4118 Kal

247 4164 341 4224 σὺζ
375 4160 622 4230 Βηθλεὲμ
654 4161 721 4231 γῆ
769 4161 954 4225 Ἰούδα,
985 4161 1238 4231 οὐδαμῶς
1275 4159 1528 4230 ἐλαχίστη
1558 4155 1608 4211 εἰ
1636 4163 1694 4214 ἐν
1726 4161 1837 4222 τοῖς

244 4253 518 4323 ἡγεμόσιν
557 4253 743 4306 ’1ούδα”
773 4255 837 4307 ἐκ
861 4253 968 4324 γάρ
995 4252 1088 4306 σού
1111 4252 1449 4317 ἐξελεύσεταί
1477 4269 1567 4321 μοι
1597 4251 1836 4322 ἡγούμεο

244 4360 362 4409 νος,
397 4342 512 4413 (20)
541 4343 601 4406 ὃς
633 4346 886 4414 ποιμανεί
920 4343 1009 4396 τὸν
1039 4343 1166 4396 λαόν
1202 4360 1304 4412 μου
1337 4341 1430 4396 τὸν
1471 4342 1706 4413 Ἰσραήλο
1741 4345 1835 4396 καὶ

325 4519 374 4549 δ’
405 4519 750 4585 Psal.cxvn,
780 4521 874 4576 27.
949 4521 991 4554 “
1024 4521 1258 4576 Malach.
1294 4539 1377 4587 ιιι,
1412 4523 1464 4576 1.
1545 4521 1773 4577 "Zach.
1807 4538 1883 4588 ις,
1919 4523 1971 4576 9.

325 4630 332 4645 .
375 4593 458 4643 10.
561 4592 605 4623 ⁸⁵
627 4590 796 4645 Zach.
827 4608 940 4645 le.
967 4592 1022 4645 4.
1117 4593 1162 4624 ⁴⁶
1181 4593 1346 4645 Zaclt.
1384 4609 1466 4645 ιιι.
1507 4594 1559 4645 1.
1590 4595 1643 4645 2.
1743 4593 1785 4624 ’⁸⁷
1821 4593 1953 4645 ibid.
1980 4593 2013 4643 6

1821 4610 1929 4646 11110
1943 4637 1953 4647 .
1980 4610 2031 4646 Ι).

249 4605 332 4652 ιι,
375 4593 458 4643 ll).
561 4592 605 4623 ⁸⁵
627 4590 796 4647 Zach.
827 4608 940 4656 xuv,
967 4592 1022 4647 4.
1117 4593 1346 4647 “Zaclt.
1384 4609 1466 4655 ιιι,
1507 4594 1559 4654 1,
1590 4595 1643 4648 2.

1945 1940 2166 1995 Oriente
2189 1941 2254 1994 “.
2283 1963 2300 1994 ι
2362 1941 2426 1996 Et
2479 1952 2602 2012 post
2638 1958 2848 2013 pauca,
2888 1963 2907 1995 ι
2966 1941 3222 1999 Ostendit
3252 1945 3384 1999 mihi
3422 1942 3536 1999 Do-

1945 2040 2128 2089 minus
2181 2034 2368 2090 Jesum
2443 2037 2783 2092 sacerdotem
2836 2053 3095 2108 magnum
3130 2046 3364 2094 stantem
3405 2045 3534 2092 ante

1947 2125 2140 2182 faciem
2197 2128 2372 2200 angeli
2426 2127 2636 2183 Domini
2672 2147 2687 2194 ;
2748 2140 2801 2186 et
2839 2130 3089 2187 diabolus
3121 2131 3302 2187 stabat
3340 2146 3370 2184 a
3397 2130 3533 2186 dex-

1945 2219 2080 2273 teris
2125 2218 2268 2288 ejus,
2310 2229 2370 2274 ut
2421 2219 2806 2278 adversaretur
2849 2225 2924 2278 ei.
2985 2223 3050 2278 Et
3082 2224 3222 2278 dixit
3267 2223 3532 2279 Dominus

1946 2310 2011 2364 ad
2063 2309 2338 2368 diabolum
2377 2330 2390 2365 :
2432 2311 2677 2382 lncrepet
2733 2313 2997 2370 Dominus
3031 2317 3188 2381 inte,
3225 2315 3441 2371 diabole
3459 2315 3530 2371 “.

1946 2398 2013 2454 Et
2077 2403 2498 2458 contestabatur
2568 2404 2797 2473 angelus
2877 2405 3087 2461 Domini
3166 2405 3236 2461 ad
3296 2405 3528 2469 Jesum,

1945 2489 2168 2548 dicens:
2223 2491 2348 2548 llaae
2402 2491 2535 2547 dicit
2583 2493 2846 2551 Dominus
2907 2497 3295 2567 omnipotens:
3329 2496 3386 2552 Si
3424 2499 3532 2555 viis

1947 2585 2085 2638 meis
2136 2585 2535 2656 ambulaveris,
2571 2595 2626 2644 et
2665 2599 2935 2660 praecepta
2985 2605 3105 2646 mea
3155 2590 3528 2657 custodieris,

1943 2682 1998 2728 et
2032 2681 2087 2729 tu
2115 2673 2388 2745 judicabis
2413 2676 2639 2733 domum
2672 2695 2848 2736 meam
2874 2681 2938 2735 ‘7.
2969 2700 2986 2734 ι
3011 2681 3074 2735 Et
3110 2697 3324 2748 rursus,
3364 2702 3384 2735 ‹
3417 2683 3528 2738 Διι-

1943 2767 2000 2822 di
2049 2783 2202 2838 ergo,
2246 2767 2375 2826 Jesu
2415 2772 2675 2828 sacerdos
2719 2788 2914 2844 magne
2945 2774 3009 2827 ⁸⁸.
3053 2792 3071 2825 ι
3114 2773 3305 2848 Isaias,
3353 2794 3372 2827 ι
3410 2773 3526 2831 Μο-

1945 2861 2182 2917 nifestus
2235 2861 2413 2919 factus
2441 2878 2565 2919 sum
2606 2881 2716 2918 non
2769 2868 3148 2936 quaerentibus
3182 2883 3300 2935 me;
3334 2869 3531 2925 inven-

1949 2965 2036 3012 tus
2095 2973 2216 3012 sum
2273 2959 2344 3014 ab
2393 2958 2479 3013 his
2538 2959 2634 3030 qui
2680 2974 2767 3016 me
2815 2975 2924 3016 non
2980 2961 3522 3032 interrogabant".o

1950 3047 2038 3116 (Et
2087 3065 2280 3106 rursus
2321 3066 2335 3102 :
2379 3069 2396 3101 ι
2444 3049 2508 3104 Et
2559 3051 2760 3124 Regem
2808 3067 3066 3120 maguum
3119 3054 3376 3112 videbitis
3400 3055 3467 3109 ⁸ο.
3502 3075 3523 3107 ι

1952 3141 2116 3197 Deum
2173 3154 2352 3200 autem
2406 3161 2569 3200 nemo
2605 3145 2796 3216 videt.)
2848 3147 2910 3201 Et
2964 3164 3180 3216 rursus,
3221 3168 3238 3200 ι
3277 3149 3526 3220 Appare-

1950 3243 2025 3298 bit
2086 3242 2349 3298 Dominus
2392 3259 2558 3313 super
2582 3258 2698 3308 eos,
2744 3251 2799 3299 et
2840 3244 3120 3314 disperdet
3154 3260 3346 3302 omnes
3395 3247 3530 3303 deos

1943 3336 2183 3406 gentium
2212 3335 2280 3388 ".
2303 3355 2321 3386 ι
2356 3333 2420 3388 Et
2477 3351 2670 3392 rursus
2696 3379 2710 3402 ,
2745 3355 2763 3387 ι
2815 3335 2952 3392 Ecce
3005 3338 3200 3393 adsum
3231 3340 3402 3410 genti,
3431 3341 3527 3410 qui

1945 3443 2052 3480 nun
2090 3426 2482 3481 invocaverunt
2508 3440 2706 3482 nomen
2761 3438 2940 3482 meum
2963 3429 3027 3481 ⁸³.
3054 3448 3072 3481 ι
3129 3427 3334 3495 David,
3368 3448 3386 3481 ι
3419 3430 3525 3496 Qui

1945 3518 2101 3572 sedes
2133 3533 2296 3586 super
2333 3517 2652 3584 Cherubim,
2683 3528 2884 3589 appare
2917 3559 2930 3572 .
2983 3518 3171 3574 Exeita
3223 3522 3522 3599 potentiam

1945 3618 2125 3675 tuam,
2160 3619 2214 3665 et
2245 3611 2388 3676 veni,
2425 3619 2484 3665 ut
2509 3611 2692 3667 salvos
2724 3611 2894 3668 facias
2929 3628 3032 3676 nos
3053 3613 3117 3668 ".
3150 3632 3166 3664 ι
3211 3614 3273 3668 Et
3305 3629 3522 3679 rursus,

1951 3720 1968 3752 ι
2010 3700 2310 3758 Descendet
2379 3704 2522 3758 sicut
2562 3703 2748 3771 pluvia
2836 3706 2890 3758 in
2939 3705 3114 3760 vellus
3141 3706 3208 3760 “.
3237 3725 3255 3758 ι
3310 3705 3525 3772 Quibus

1943 3793 2124 3848 verbis
2169 3793 2443 3864 significat
2472 3794 2884 3851 descensionem
2923 3795 3046 3865 ejus
3081 3795 3199 3851 fore
3245 3797 3484 3868 quietam
3507 3837 3522 3860 .

1948 3900 2012 3941 ac
2058 3887 2179 3942 sine
2227 3887 2501 3958 strepitu;
2531 3888 2715 3958 pluvia
2762 3889 2908 3944 enim
2973 3905 3140 3960 super
3176 3897 3378 3945 terram
3423 3889 3526 3945 de-

1941 3978 2240 4044 scendens,
2278 3980 2563 4049 strepitum
2607 3981 2756 4042 facit,
2790 3997 2950 4038 secus
2975 3998 3128 4049 vero,
3162 3983 3206 4037 si
3247 3998 3410 4051 super
3441 3982 3524 4036 la-

1941 4086 2024 4125 na:
2072 4071 2247 4126 vellus
2308 4071 2630 4127 descendat.
2691 4073 2969 4138 Mil-bacas,
3009 4095 3026 4126 ‹
3073 4073 3138 4128 Et
3185 4086 3264 4137 ιιι,
3307 4073 3522 4130 Bethle-

1941 4161 2066 4216 ltem
2126 4169 2269 4215 terra
2309 4160 2470 4226 Juda,
2519 4177 2864 4232 nequaquam
2924 4165 3148 4217 minima
3178 4179 3238 4219 es
3279 4165 3334 4218 in
3367 4166 3519 4233 prin-

1940 4251 2153 4319 cipibus
2193 4248 2376 4314 Juda;
2431 4265 2496 4305 ex
2535 4259 2586 4304 te
2641 4252 2786 4305 enim
2837 4251 3008 4305 exibit
3058 4252 3191 4306 ntihi
3225 4251 3334 4307 dux
3364 4293 3379 4316 ,
3423 4255 3520 4322 qui

1946 4351 2132 4413 pascat
2174 4342 2434 4410 populum
2497 4356 2678 4396 meum
2717 4342 2879 4396 Israel
2917 4361 2931 4409 ;
2968 4351 3021 4397 et
3077 4358 3334 4413 egressus
3396 4346 3520 4415 ejus

2069 4520 2308 4576 "Zaeh.
2346 4540 2402 4586 ιι,
2444 4525 2530 4583 10,
2568 4525 2654 4578 11.
2731 4525 2778 4555 ⁸⁸
2835 4523 3066 4580 Malach.
3103 4540 3188 4586 ιιι,
3223 4527 3285 4590 1;
3321 4524 3513 4582 Matth.

2131 4595 2178 4623 “
2203 4594 2333 4646 ibid.
2363 4595 2416 4648 8.
2496 4595 2538 4624 "
2566 4592 2666 4649 Isa.
2705 4610 2828 4659 uv,
2869 4597 2914 4651 1.
2993 4597 3038 4628 ⁸ο
3063 4595 3167 4651 Isa.
3197 4611 3392 4660 xum,
3428 4597 3513 4648 17.

243 4657 295 4691 ⁸³
323 4661 491 4730 δορὴ.
526 4671 588 4728 ιι,
613 4661 700 4715 11.
777 4663 821 4693 ⁸²
855 4662 959 4717 lsa.
985 4663 1182 4726 va,l.
1259 4663 1306 4694 ⁸³
1329 4662 1471 4717 Psal.
1502 4678 1686 4729 Lxxtx,
1713 4664 1770 4728 2,
1802 4663 1836 4718 3

1949 4662 1978 4693 ⁵⁸
2002 4663 2147 4719 Psal.
2187 4680 2333 4729 mit,
2367 4667 2419 4718 li.

326 4865 439 4939 (ιε)
467 4865 551 4939 Alta
586 4874 639 4939 et
663 4864 813 4939 apud
843 4864 1122 4920 Iustinum
1157 4865 1448 4939 Martyrem
1479 4867 1705 4939 legitur;
1737 4867 1830 4939 sed
1866 4869 1908 4924 D
1942 4935 1955 4939 _
2011 4867 2123 4936 (l8)
2149 4863 2204 4920 In
2241 4865 2487 4939 Romana
2515 4866 2652 4920 LXX
2679 4869 3038 4939 Interpretum
3061 4866 3300 4939 editione
3331 4869 3513 4939 priore

245 4936 308 4988 in
347 4936 588 4989 editione
619 4935 754 4988 LXX
799 4936 1160 5003 Interpretum
1194 4935 1313 4999 est;
1332 4937 1510 4990 πῶλον
1536 4935 1681 4998 νέον,
1714 4938 1834 5005 pul-

241 5007 368 5077 lam
413 5023 620 5070 novum,
673 5007 942 5077 atqueita
980 5008 1143 5062 etiam
1199 5008 1396 5077 legitur
1427 5007 1583 5077 _apud
1630 5005 1829 5063 Euseb.

241 5076 555 5130 Demomtr.
582 5075 765 5146 erartg.
812 5076 904 5129 lib.
935 5092 995 5139 tt,
1023 5092 1074 5131 c.
1110 5077 1165 5141 2,
1193 5075 1381 5132 n.'28.
1417 5075 1621 5133 Justini
1653 5085 1832 5132 tamen

239 5148 547 5201 lectionem
599 5148 753 5216 sequi
797 5146 1016 5200 videtur
1057 5147 1291 5202 Irenzeus
1331 5149 1426 5201 lib.
1475 5165 1524 5201 tv
1569 5146 1832 5201 Adversus

232 5224 441 5288 lieres.
482 5231 602 5288 cap.
628 5218 718 5280 66,
746 5224 803 5270 et
836 5216 1266 5288 Cyprianusilib.
1310 5234 1369 5280 tt,
1405 5217 1831 5278 Testim.,c.29.

321 5287 438 5408 317.5)
486 5284 585 5341 llic
624 5289 818 5358 incipit
846 5284 1125 5356 antiquior
1148 5286 1448 5341 Vaticanus
1482 5290 1652 5342 codex
1679 5305 1830 5342 nunt.

315 5427 438 5549 (ιξι)
481 5424 617 5506 Male
667 5427 942 5484 recentior
974 5428 1147 5484 codex
1184 5427 1504 5494 Vaticanus,
1555 5428 1720 5493 ἔδειξε
1757 5446 1823 5500 με

315 5517 337 5548 ν
433 5513 612 5549 κσουν.

227 5499 337 5552 τὸν
393 5497 464 5565 ’1η
475 5496 612 5551 σοῦν.

313 5566 439 5636 (16)
479 5566 658 5623 Codex
698 5567 993 5638 antiquior,
1052 5570 1144 5623 ἐὰν
1181 5569 1237 5622 ἐν
1275 5572 1395 5632 ταῖς
1448 5568 1606 5632 ὁδοῖς,
1659 5585 1822 5638 quam

223 5639 539 5691 lectionem
573 5638 627 5692 in
663 5639 937 5708 aliquibus
968 5640 1270 5701 codicibus.
1299 5651 1350 5692 et
1385 5641 1527 5710 apud
1554 5640 1824 5710 lliet'ony-

223 5723 416 5777 munt_
444 5721 663 5777 quoque
707 5712 934 5777 reperiri
976 5719 1129 5765 notat
1162 5710 1431 5765 Nobilius.

309 5774 442 5846 (17)
480 5775 616 5831 Male
657 5774 927 5836 recentior
951 5783 1148 5845 codex,
1180 5782 1273 5834 καὶ
1304 5782 1368 5833 σὺ
1420 5779 1474 5833 δὲ
1504 5779 1820 5851 διακρινεϊς.

581 5867 856 5934 Ριτιιοι..
893 5875 1006 5946 Gn.
1041 5873 1259 5940 XLVI.

1941 4935 2062 4992 loco
2091 4935 2196 4996 est,
2239 4937 2610 5008 ἐπερωτῶσιν,
2659 4935 2982 5008 posteriore,
3021 4935 3297 5008 ζητοῦσιν,
3331 4935 3514 4996 ἐοεαε

1942 5018 2104 5076 atque
2123 5007 2251 5080 legit
2273 5005 2520 5080 J_usti_r_tus
2540 5005 2740 5079 Mariyr
2767 5009 2820 5062 in
2844 5005 3208 5080 Dialogorum
3238 5007 3516 5080 Tryphon:

1943 5092 2088 5199 pag.
2117 5075 2262 5141 242;
2294 5076 2352 5128 D.
2399 5075 2784 5147 llieronynius,
2817 5085 2870 5132 et
2917 5080 2976 5131 S.
3006 5075 3457 5159 ’liyprianus'lib.
3497 5095 3511 5132 ι

1989 5159 2231 5199 extimo".
2273 5146 2525 5199 adversus
2573 5148 2789 5199 Judaros
2835 5162 2957 5199 cat).
2985 5147 3089 5199 2|:
3132 5157 3370 5199 Itemque
3404 5151 3511 5199 Iru-

1989 5146 2231 5200 estimon.
2273 5146 2525 5218 adversus
2573 5146 2789 5202 Iudaeos
2835 5162 2957 5217 cap.
2985 5147 3048 5201 2|
3073 5146 3370 5218 {itemque
3403 5151 3512 5204 Ire-

1942 5233 2094 5273 naeus
2141 5218 2236 5270 lib.
2285 5232 2342 5269 ιιι
2390 5217 2651 5272 Adversus
2700 5219 2948 5282 lmrrcses,
2981 5233 3103 5286 cap.
3149 5219 3204 5281 3,
3255 5217 3347 5286 qui
3383 5234 3509 5272 eum

1941 5286 2192 5358 Nyssﬁeno
2249 5289 2609 5358 concordant.

2010 5357 2122 5426 (19)
2147 5357 2278 5426 Quae
2303 5357 2664 5413 semieirculis
2695 5359 3068 5421 includuntur,
3103 5364 3302 5412 desunt
3335 5357 3388 5411 in
3423 5373 3510 5412 re-

1935 5424 2165 5498 centiori
2198 5424 2462 5498 Vaticano
2491 5427 2699 5488 codice,
2738 5441 2791 5481 et
2826 5430 2878 5482 in
2913 5429 3059 5498 alio,
3089 5443 3200 5498 quo
3248 5443 3382 5485 usus
3425 5437 3512 5485 est

1939 5493 2494 5568 Sipltattus.‘\’idetur
2520 5508 2696 5550 autem
2728 5501 2998 5567 respicere
3020 5493 3298 5568 Nysscnus
3325 5499 3390 5552 ad
3434 5501 3513 5552 Io-

1935 5565 2082 5631 cuin,
2113 5567 2165 5620 ni
2195 5565 2371 5637 fallor,
2410 5565 2556 5621 Isaia:
2587 5583 2780 5631 XXXIII,
2820 5565 2902 5635 l'l,
2927 5569 3017 5622 ubi
3048 5565 3144 5633 ait,
3182 5567 3368 5637 Regem
3392 5587 3511 5624 cum

1934 5638 1987 5709 gl
1993 5638 2112 5709 aria?
2144 5636 2401 5709 videbitis.

2007 5708 2122 5775 (20)
2159 5707 2383 5763 Comma
2408 5706 2552 5778 istud
2582 5723 2756 5778 usque
2781 5707 2846 5762 ad
2881 5709 2968 5762 illa
2996 5709 3180 5769 verba.
3201 5709 3295 5763 καὶ
3317 5708 3506 5774 ἔξοδοι.

1937 5793 2046 5834 ιιοιι
2084 5779 2318 5835 habt-tur
2346 5779 2400 5833 in
2431 5776 2681 5834 Romana
2700 5778 2837 5834 LXX
2864 5779 3223 5851 Interpretum
3247 5779 3504 5846 editione,

3202 5873 3241 5930 ’1
