3896 6208
469 364 576 422 207

1689 349 1747 403 S.
1788 346 2117 405 GREGORII
2150 346 2192 402 Ν
2204 343 2447 401 YSSENI

3614 340 3717 395 218

471 487 527 536 et
580 479 772 545 arguet
824 466 1097 542 gloriosos
1154 474 1334 531 terrae,
1410 471 1465 521 et
1520 465 1785 535 percutiet
1842 471 2042 518 terram

2152 459 2333 524 δόξους
2361 460 2461 531 τῆς
2509 458 2631 529 γῆς,
2664 456 2757 511 καὶ
2800 453 3032 521 πατάξει
3076 452 3173 525 τὴν
3222 454 3325 525 γῆν
3357 453 3434 524 τῷ
3462 454 3604 526 λόγῳ
3626 454 3718 510 τοῦ

469 569 637 625 \erbo
665 564 778 621 oris
810 563 916 627 sui,
971 567 1025 613 et
1064 558 1120 612 in
1178 556 1376 628 spiritu
1424 570 1521 625 per
1575 554 1713 608 labia
1757 551 2045 608 iutet‘licirt

471 660 716 730 impium.
778 653 845 708 Et
887 652 993 709 erit
1018 650 1234 722 justitia
1286 648 1507 702 cinctus
1559 645 1807 699 lumbutn
1842 658 2044 709 suum,

468 760 527 808 et
553 749 782 805 veritate
804 744 1084 801 involutus
1107 750 1288 797 costas
1310 754 1440 795 suas
1461 739 1527 792 ⁷⁸.
1561 756 1579 791 ι
1615 736 1683 790 Ει
1706 744 1827 808 post
1847 751 2044 808 pauca.

475 859 495 893 ι
537 840 604 894 Ει
632 838 735 894 erit
783 836 842 890 in
888 833 977 888 die
1018 832 1110 888 illa
1164 830 1318 886 radix
1355 827 1530 895 Jesse,
1576 837 1630 883 et
1681 828 1776 899 qui
1821 842 2049 883 consur-

470 933 568 1003 git,
615 938 675 984 ut
711 929 969 999 princeps
1022 926 1093 980 sit
1132 922 1377 994 gentium
1406 939 1421 990 ;
1458 921 1514 976 in
1547 920 1668 991 ipso
1698 927 1888 992 gentes
1917 933 2045 990 spe-

470 1025 704 1087 rabunt,
738 1029 792 1075 et
858 1017 964 1074 erit
1011 1016 1231 1086 requies
1268 1014 1388 1085 ejus
1446 1013 1713 1068 honor".
1748 1030 1768 1063 ι
1822 1010 1995 1067 David
2026 1047 2045 1078 ,

475 1135 494 1168 ι
536 1114 707 1171 Sedes
746 1121 863 1179 tua,
900 1109 1066 1176 Deus,
1103 1110 1159 1164 in
1205 1107 1469 1163 saeculum
1511 1105 1738 1174 saeculi;
1778 1105 1930 1176 virga
1961 1104 2045 1161 di-

468 1205 731 1261 reetionis
781 1202 934 1272 virga
982 1200 1134 1272 regni
1187 1200 1287 1254 tui.
1340 1196 1589 1253 Dilexisti
1638 1196 1944 1264 justitiam,
1990 1201 2047 1251 et.

465 1296 632 1352 odisti
678 1294 1055 1365 iniquitatem;
1096 1299 1383 1361 propterea
1414 1289 1569 1343 unxit
1608 1296 1660 1342 te
1703 1288 1866 1352 Deus,
1900 1287 2046 1345 Deus

469 1398 618 1451 tuus,
653 1386 776 1441 oleo
822 1381 1204 1439 exsultationis
1230 1395 1342 1450 pra:
1376 1380 1735 1451 participibus
1788 1380 1982 1435 tuis".
2019 1398 2040 1431 ι

469 1476 632 1533 Vides
683 1490 713 1530 a
752 1473 864 1529 Deo
937 1473 1102 1527 Deum
1179 1470 1350 1540 ungi;
1402 1470 1639 1523 humana
1674 1468 1819 1523 enim
1876 1484 2046 1524 carne

468 1577 767 1637 assumpta,
814 1564 993 1621 factus
1032 1570 1117 1619 est
1144 1582 1161 1614 ι
1208 1562 1458 1633 pontifex
1487 1569 1543 1617 et
1591 1561 1874 1632 aposmlus
1905 1574 2041 1615 con-

468 1660 727 1717 fessionis
792 1665 997 1712 nostrae
1019 1656 1088 1711 ⁷⁸.
1128 1674 1148 1709 ι
1191 1653 1256 1709 Et
1290 1654 1452 1725 paulo
1481 1661 1645 1725 post,
1676 1672 1696 1704 ι
1732 1651 1797 1705 Et
1824 1661 1905 1716 tu,
1939 1650 2045 1717 Do-

465 1754 635 1817 mine,
680 1760 882 1807 terram
936 1748 1199 1813 fundasti,
1230 1756 1283 1803 et
1314 1763 1478 1817 opera
1521 1761 1779 1802 manuum
1820 1754 2040 1803 tuarum

2153 550 2417 620 στόματος
2447 547 2634 611 αὐτοῦ,
2666 547 2758 600 καὶ
2786 547 2842 599 ὲν
2873 543 3148 615 Πνεύματι
3175 544 3266 599 διὰ
3291 544 3516 616 χειλέων
3546 545 3719 599 ἀνελεῖ

2148 640 2321 711 ἀσεϐῆ
2339 641 2478 713 (41)·
2497 640 2591 693 καὶ
2613 638 2764 692 ἔσται
2783 636 3096 709 δικαιοσύνῃ
3113 636 3419 706 ἐζωσμένος
3441 638 3541 708 τὴν
3555 638 3722 706 ὀσφὺν

2149 728 2351 796 αὐτοῦ,
2394 729 2489 783 καὶ⁸
2530 728 2786 799 ἀλήθειαν
2829 726 3159 797 ⁴ἡλειμμένος
3195 724 3295 790 τὰς
3343 724 3581 797 πλευρὰς
3621 726 3721 779 αύ-

2146 821 2262 879 τοῦ.
2298 839 2317 872 ι
2369 820 2481 875 Kal
2512 820 2627 891 μετ’
2677 819 2855 888 ὀλίγαο
2915 837 2933 869 ι
2973 818 3085 872 Kal
3127 817 3281 871 ἔσται
3339 818 3398 871 ἐν
3430 820 3499 890 τῇ
3542 818 3723 891 ἡμέρᾳ

2147 913 2330 984 ἐκείνῃ
2358 915 2392 984 ἠ
2421 911 2544 983 ῥίζα
2569 911 2664 965 τοῦ
2704 909 2922 976 Ἰεσσαὶ,
2952 910 3047 963 καὶ
3084 910 3113 961 ὁ
3154 908 3511 978 ἀνιστάμενος
3538 909 3721 980 ἄρχειν

2147 1005 2344 1060 ἐθνῶν·
2380 1006 2465 1058 ἐπ’
2494 1002 2640 1075 αὐτῷ
2662 1002 2789 1077 ἔθνη
2819 1000 3086 1067 ἐλπιοῦσι,
3121 1000 3214 1054 καὶ
3239 1000 3392 1053 ἔσται
3419 1002 3452 1070 ἡ
3481 1000 3723 1054 ἀνάπαυ-

2149 1113 2234 1162 σις
2257 1094 2423 1151 αὐτοῦ
2455 1095 2609 1166 τιμή.
2654 1113 2674 1146 ι
2725 1092 2924 1157 Δαδὶδ,
2975 1111 2994 1144 ι
3042 1093 3101 1145 '0
3132 1090 3319 1163 θρόνος
3349 1094 3473 1155 σου,
3502 1091 3532 1143 ό
3560 1090 3717 1156 Θεὸς,

2146 1187 2224 1252 εἰς
2249 1187 2340 1242 τὸν
2359 1185 2531 1241 αἰῶνα
2554 1184 2647 1239 τοῦ
2666 1184 2861 1249 αἰῶνος
2876 1201 2888 1215 ο
2911 1184 3106 1256 ῥάϐδος
3129 1182 3444 1253 εὐθύτητος,
3467 1183 3501 1253 ἡ
3529 1181 3722 1253 ράὸὁος

2143 1280 2245 1350 τῆς
2274 1276 2551 1349 βασιλείας
2587 1294 2703 1332 σου.
2751 1277 3074 1347 Ἢγάπησας
3103 1275 3446 1345 δικαιοσύνην
3473 1274 3567 1329 καὶ
3603 1274 3722 1344 ἐμί-

2147 1390 2320 1445 σησας
2363 1373 2626 1445 ἀνομίαν,
2658 1372 2745 1426 διὰ
2775 1371 2933 1425 τοῦτο
2964 1370 3149 1443 ἐχρισέ
3186 1387 3247 1424 σε
3276 1372 3307 1424 ὁ
3342 1369 3497 1433 Θεὸς,
3538 1370 3567 1421 ὁ
3590 1367 3722 1432 Θεός

2146 1482 2262 1530 σου,
2290 1465 2467 1520 ἔλαιον
2496 1464 2869 1534 ἀγαλλιάσεως
2897 1465 3024 1536 περὶ
3067 1465 3194 1528 τοὺς
3235 1463 3495 1534 μετόχους
3534 1479 3647 1516 σου.
3695 1480 3717 1513 ι

2158 1552 2322 1624 Ὁρᾷς
2350 1553 2433 1607 ὅτι
2473 1555 2502 1608 ὁ
2533 1552 2663 1615 Θεὸς
2707 1552 2920 1622 χρίεται
2951 1551 3104 1624 παρά
3139 1551 3232 1606 τοῦ
3259 1551 3423 1607 Θεοῦ⁶
3454 1553 3725 1624 ἐνανθρωο

2146 1642 2309 1707 πίσας
2345 1642 2454 1713 γάρ
2491 1643 2714 1711 γέγονεν
2746 1662 2765 1694 ι
2803 1643 3121 1714 ἀρχιερεὺς,
3164 1644 3259 1698 καὶ
3306 1644 3597 1707 ἀπόστολος
3623 1646 3723 1715 τῆς

2142 1734 2433 1805 ὁμολογίας
2459 1737 2491 1807 ή
2501 1734 2635 1807 μῶν.
2672 1753 2691 1785 ι
2728 1734 2839 1789 Kal
2872 1734 2988 1805 μετ’
3020 1734 3197 1804 ὀλίγα,
3233 1752 3253 1786 ι
3279 1736 3388 1790 Kal
3417 1738 3503 1800 ob,
3529 1736 3719 1806 Κύριε,

466 1852 595 1901 sunt
655 1843 800 1899 coeli.
842 1842 946 1913 Ipsi
1007 1841 1303 1912 peribunt,
1358 1850 1416 1894 tu
1472 1848 1655 1894 autem
1712 1855 2042 1911 permanes;

2152 1829 2245 1900 τὴν
2280 1831 2385 1900 γῆν
2438 1827 2841 1900 ἐθεμελίωσας,
2896 1827 2991 1880 καὶ
3035 1827 3175 1899 ἔργα
3224 1829 3335 1883 τῶν
3373 1829 3570 1901 χειρῶν
3626 1846 3720 1882 σου

466 1948 520 1994 et
560 1950 753 1992 omnes
802 1934 947 1989 sicut
1004 1933 1394 1988 vestimentum
1443 1941 1809 1988 veterascent.
1845 1932 1912 1986 Et
1962 1932 2042 1987 si-

465 2037 560 2087 cut
612 2027 949 2099 opertorium
997 2024 1180 2081 volves
1234 2038 1369 2089 eos,
1417 2031 1472 2079 et
1530 2024 1909 2079 mutabuntur.
1961 2022 2046 2079 Tu

466 2123 647 2172 autem
676 2116 817 2172 idem
847 2116 964 2186 ipse
991 2130 1081 2171 es:
1123 2122 1177 2171 et
1205 2115 1334 2169 anni
1379 2114 1458 2171 tui
1492 2130 1602 2170 non
1637 2113 1983 2183 deﬁcient",
2018 2134 2037 2168 ι

464 2206 604 2276 qui,
665 2205 959 2272 videlicet,
1014 2213 1213 2261 unctus
1267 2220 1348 2260 es.

718 2476 807 2534 Ill.
849 2476 928 2531 De
963 2478 1237 2532 nativitate
1269 2477 1383 2546 ejus
1421 2492 1487 2531 ex
1531 2475 1766 2549 Virgine.

535 2622 732 2691 Isaias,
769 2643 788 2677 ι
829 2624 972 2679 Ecce
1007 2623 1164 2695 virgo
1198 2624 1251 2678 in
1288 2633 1446 2679 utero
1491 2624 1739 2701 habebit,
1784 2632 1840 2680 et
1868 2623 2045 2694 pariet

464 2719 659 2782 lilium,
709 2728 766 2772 et
810 2715 1088 2770 vocabunt
1138 2729 1338 2768 nomen
1384 2715 1504 2784 ejus
1555 2713 1882 2772 Emmanuel
1905 2716 1974 2783 ",
2018 2736 2037 2770 ι

464 2808 610 2879 quod
656 2808 1049 2877 interpretatur
1088 2804 1380 2860 Nobiscum
1428 2803 1567 2861 Deus
1604 2806 1673 2861 ⁸³.
1712 2825 1731 2859 ι
1766 2808 1830 2861 Ει
1858 2810 2042 2879 prius-

466 2914 628 2973 quam
675 2907 972 2969 cognoscat
1016 2907 1257 2970 patrem,
1298 2898 1385 2953 vel
1433 2908 1685 2963 matrem,
1733 2899 1887 2956 tollet
1934 2902 2045 2956 vir-

466 3003 633 3051 tutem
668 2990 957 3061 Damasci,
1002 3003 1057 3048 et
1103 2993 1279 3064 spolia
1321 2991 1582 3049 Samaria:
1635 2995 1886 3052 comedet
1913 2996 1978 3050 θ’.
2016 3014 2035 3048 ι

467 3085 530 3140 Et
585 3085 847 3141 Salomon
902 3085 1256 3156 prophetice,
1315 3103 1334 3136 σ
1398 3083 1543 3141 Puer
1596 3101 1743 3143 erant
1796 3087 2044 3158 ingenio-

2144 1922 2281 1976 elalv
2311 1922 2362 1976 oi
2386 1921 2623 1994 οὐρανοί.
2659 1921 2825 1975 Αὐτοὶ
2852 1920 3199 1987 ἀπολοῦνται,
3241 1922 3306 1975 σὺ
3335 1921 3393 1975 δέ
3419 1922 3717 1993 διαμένειςθ

2145 2014 2238 2068 καὶ
2286 2013 2486 2075 πάντες
2527 2013 2601 2075 ὡς
2649 2011 2863 2084 ἱμάτιον
2916 2011 3418 2084 παλαιωθήσονται,
3469 2012 3561 2067 καὶ
3593 2014 3721 2067 ὡσεὶ

2144 2105 2488 2179 περιϐόλαιον
2529 2102 2724 2168 ἑλίξεις
2754 2104 2974 2169 αὐτοὺς,
3000 2105 3095 2159 καὶ
3121 2103 3536 2176 ἀλλαγήσονται.
3565 2105 3635 2158 Σὺ
3663 2105 3719 2158 δὲ

2144 2204 2173 2257 ὁ
2198 2200 2359 2264 αὐτὸς
2375 2195 2444 2266 εἴ,
2467 2199 2562 2255 καὶ
2585 2198 2655 2255 τὰ
2677 2197 2772 2270 ἔτη
2792 2216 2886 2253 σου
2919 2197 3020 2254 οὐκ
3045 2197 3411 2268 ἐκλείψουσιν,
3443 2216 3463 2252 ι
3488 2196 3580 2252 τοῦ
3604 2214 3717 2269 χρι-

2147 2293 2364 2357 σθέντος
2385 2291 2605 2363 δηλαδή.

2143 2472 2218 2527 I".
2257 2472 2397 2541 Περὶ
2426 2469 2537 2541 τῆς
2572 2469 2912 2542 γεννήσεως
2949 2468 3136 2524 αὐτοῦ
3167 2468 3278 2538 τῆς
3304 2470 3375 2524 ἐκ
3396 2471 3718 2539 Παρθένου.

2227 2632 2474 2697 Ἡσαΐας,
2514 2651 2533 2683 ι
2584 2631 2712 2685 Ἰδοὺ
2749 2632 2784 2703 ἡ
2835 2629 3103 2702 παρθένος
3146 2630 3201 2683 ἐν
3230 2628 3429 2700 γαστρὶ
3455 2628 3566 2694 ἐξει
3589 2670 3604 2693 ,
3631 2628 3723 2682 καὶ

2143 2726 2354 2791 τέξεται
2372 2725 2506 2790 υἱὸν,
2525 2723 2619 2778 καὶ
2650 2722 2940 2776 καλέσουσι
2968 2720 3028 2776 τὸ
3048 2721 3215 2790 ὄνομα
3256 2720 3423 2776 αὐτοῦ
3451 2718 3723 2793 “Ε[μ]μα-

2144 2815 2328 2886 νουήλ·
2368 2833 2387 2866 ι
2425 2813 2455 2866 ὃ
2497 2810 2877 2884 ἑρμηνεύεται,
2906 2809 3044 2865 Μεθ’
3076 2809 3245 2880 ἡμῶν·
3282 2814 3315 2865 ό
3346 2812 3517 2876 Θεός’
3558 2829 3577 2862 ι
3618 2810 3726 2864 Kal

2144 2904 2273 2974 πρὶν
2319 2901 2617 2971 ἐπιγνῶναι
2664 2898 2973 2971 πατέρα,ἧ
3016 2899 3247 2970 μητέρα,
3303 2898 3528 2970 λήψεται
3572 2898 3727 2952 δύνα-

2148 3012 2238 3065 μιν
2287 2992 2600 3065 Δαμασκοῦ,
2662 2993 2757 3047 καὶ
2806 2993 2875 3047 τά
2925 2992 3095 3046 σκῦλα
3144 2992 3456 3063 Σαμαρείας
3488 2991 3719 3046 {derata

2144 3087 2255 3141 Kal
2282 3084 2531 3158 Σολομὼν
2565 3084 2934 3159 προφητικῶς,
2967 3085 3079 3157 (42)
3109 3104 3127 3137 ι
3158 3086 3293 3149 Παῖς
3326 3085 3473 3157 ήμην
3502 3084 3727 3156 εὐφυὴς,

466 3195 580 3243 sus,
623 3187 678 3234 et
729 3179 957 3234 sortitus
1001 3193 1123 3234 sum
1168 3176 1405 3231 animam
1448 3176 1644 3234 bonam
1693 3199 1706 3234 :
1743 3179 1917 3252 magis
1949 3195 2045 3236 au-

2152 3178 2323 3249 ψυχῆς
2367 3194 2427 3232 τε
2477 3176 2665 3250 ἔλαχον
2720 3177 2958 3249 ἀγαθῆς·
3016 3176 3214 3248 μᾶλλον
3263 3177 3320 3230 δὲ
3378 3176 3578 3246 ἀγαθὸς
3626 3175 3729 3240 ὣν,

466 3280 571 3325 tem
610 3286 733 3326 cum
767 3286 944 3327 essent
973 3271 1174 3336 bonus,
1219 3269 1343 3325 veni
1386 3268 1453 3325 ad
1495 3284 1696 3341 corpus
1737 3272 2048 3342 incoinqui-

466 3374 650 3418 natum
674 3363 743 3417 ⁸³.
791 3383 809 3415 ι
868 3362 1026 3435 (Quis
1074 3362 1242 3435 igitur
1291 3372 1417 3418 ante
1476 3363 1815 3419 nativitatem
1870 3365 2048 3420 bonus

466 3464 604 3521 erat,
658 3463 713 3512 et
764 3457 891 3525 quis
938 3455 1089 3509 venit
1142 3454 1196 3508 in
1240 3469 1442 3525 corpus
1492 3456 1982 3512 ineontaminatum
2002 3457 2046 3525 ἳ)

467 3548 657 3614 Isaias,
693 3568 711 3601 ι
740 3548 807 3602 Ει
843 3546 1086 3618 cupient,
1136 3545 1183 3602 si
1229 3547 1360 3600 (iant
1404 3549 1530 3618 igne
1570 3550 1864 3606 combusti.
1910 3552 2048 3617 Quia

466 3640 727 3712 parvulus
763 3646 924 3694 natus
953 3646 1037 3695 est
1078 3637 1259 3700 nobis,
1294 3639 1439 3694 illius
1470 3646 1524 3694 et
1558 3639 1720 3695 datus
1748 3648 1836 3696 est
1864 3642 2046 3710 nobis,

466 3733 625 3803 cujus
656 3731 994 3802 principatus
1022 3746 1191 3801 super
1231 3728 1520 3788 humerum
1554 3729 1695 3800 ejus,
1737 3738 1791 3786 et
1821 3743 2049 3788 vocatur

468 3838 665 3879 nomen
698 3822 817 3893 ejus
862 3823 1043 3893 magni
1083 3821 1302 3878 consilii
1346 3821 1622 3892 Angelus,
1657 3821 2044 3893 Admirabilis,

467 3913 861 3980 Cousiliarius,
912 3911 1055 3968 Deus
1106 3912 1298 3979 fortis,
1349 3921 1580 3984 potens,
1641 3911 1901 3985 Princeps
1949 3932 2045 3985 pa.

467 4006 579 4072 cis,
620 4005 780 4060 Pater
830 4004 999 4059 futuri
1039 4005 1226 4062 saeculi
1266 4005 1331 4059 εδ.
1383 4025 1401 4057 ι
1462 4004 1526 4059 Et
1568 4020 1797 4071 rursus,
1836 4023 1855 4057 ι
1909 4006 2048 4063 Ecce

467 4096 700 4168 iuvenca
740 4097 949 4167 peperit
994 4104 1049 4151 et
1084 4112 1192 4151 non
1230 4088 1460 4168 peperit.
1497 4114 1516 4148 ι
1551 4093 1669 4150 Hoc
1714 4103 1900 4152 autem
1943 4098 2049 4152 vir-

467 4190 647 4258 ginem
683 4187 931 4244 denotat.
978 4186 1044 4243 Et
1092 4203 1311 4255 rursus,
1347 4207 1367 4239 ι
1402 4187 1687 4260 Butyrum,
1721 4197 1775 4243 et
1810 4189 1918 4243 mel
1949 4203 2044 4243 co-

468 4278 735 4335 medet”.
775 4298 793 4331 ι
832 4279 929 4336 llis
960 4282 1108 4337 enim
1154 4281 1322 4337 rebus
1353 4280 1624 4346 alebatur,
1655 4294 1778 4336 cum
1817 4280 2047 4336 descen~

467 4372 621 4428 deret
650 4379 826 4428 mater
856 4372 977 4442 ejus
1023 4388 1054 4427 a
1102 4389 1310 4438 censu;
1347 4387 1472 4427 nam
1517 4380 1709 4443 postea
1744 4371 2046 4428 abundavit

469 4463 630 4519 lacte.
677 4462 745 4516 Et
788 4477 1002 4527 rursus,
1058 4481 1078 4514 ε
1109 4460 1205 4518 Sic
1246 4462 1381 4518 dicit
1430 4461 1696 4517 Dominus
1748 4460 1990 4520 Sabaoth
2027 4483 2041 4517 :

2147 3267 2309 3343 ἦλθον
2345 3274 2423 3336 εἰς
2457 3271 2614 3342 σῶμα
2642 3271 2923 3343 ἀμίαντον.
2962 3290 2980 3325 ι
3010 3272 3120 3343 (43)
3149 3273 3266 3342 (Τίς
3293 3267 3386 3324 οὖν
3409 3270 3516 3343 πρὸ
3535 3272 3731 3342 γεννή-

2151 3382 2288 3428 σεως
2311 3357 2378 3435 ἦν
2407 3363 2640 3432 ἁγαθός;
2676 3364 2768 3417 καὶ
2800 3365 2883 3428 τίς
2910 3360 3072 3436 ἢλθεν
3098 3367 3177 3429 είς
3209 3365 3367 3435 σῶμα
3392 3364 3655 3435 ἀμίαντον
3677 3365 3730 3436 ;)

2161 3457 2408 3522 Ἡσαΐας,
2446 3474 2466 3509 ι
2507 3456 2618 3510 Kal
2647 3455 2963 3527 θελήσουσιν
2996 3456 3045 3510 εἰ
3080 3456 3415 3527 ἐγενήθησαν
3460 3455 3733 3527 πυρίκαυ-

2151 3569 2285 3615 στοι,
2314 3552 2396 3605 ὅτι
2424 3548 2634 3604 παιδίον
2663 3549 2926 3619 ἐγεννήθη
2957 3550 3109 3620 ἡμῖν,
3134 3547 3248 3611 υἱὸς
3276 3548 3369 3601 καί
3391 3547 3544 3617 ἐδόθη
3575 3548 3729 3618 ἡμῖν,

2151 3635 2211 3696 οὗ
2242 3643 2274 3711 ὴ
2305 3641 2446 3713 ἀρχὴ
2477 3641 2571 3694 ἐπὶ
2599 3639 2692 3693 τοῦ
2714 3638 2871 3710 ὢμου
2905 3637 3094 3702 αὐτοῦ,
3124 3638 3237 3709 (44)
3273 3636 3366 3691 καὶ
3396 3636 3637 3690 καλεῖται
3668 3636 3732 3688 τὸ

2148 3736 2319 3805 ὄνομα
2346 3732 2511 3787 αὐτοῦ
2546 3732 2790 3804 μεγάλης
2835 3731 3027 3803 βουλῆς
3056 3730 3339 3800 Ἄγγελος,
3386 3727 3730 3800 θαυμαστὸς,

2150 3825 2491 3898 Σύμϐουλος,
2520 3825 2654 3888 Θεὸς
2702 3824 2951 3896 ἰσχυρὸς,
2983 3822 3368 3894 ἐξουσιαστὴς,
3416 3823 3614 3893 Ἀρχον
3653 3820 3733 3873 εί-

2153 3918 2353 3990 ρήνης,
2402 3917 2592 3989 Πατὴρ
2640 3914 2732 3970 τοῦ
2788 3916 3070 3987 μέλλοντος
3117 3914 3333 3978 αίῶνος.
3387 3914 3494 3969 Καὶ
3538 3912 3731 3975 πάλιν,

2154 4027 2174 4061 ι
2217 4008 2346 4061 Ἰδοὺ
2377 4011 2410 4080 ἡ
2433 4008 2663 4079 δάμαλις
2693 4008 2904 4071 τέτοκε,
2930 4008 3023 4062 καὶ
3047 4008 3106 4060 ού
3133 4008 3320 4060 τέτοκε
3354 4006 3487 4078 (45).
3516 4023 3533 4057 ι
3561 4002 3737 4057 Τοῦτο

2157 4099 2214 4153 δὲ
2246 4099 2395 4171 δηλοῖ
2439 4101 2539 4170 τὴν
2567 4101 2861 4173 Παρθένον.
2891 4100 3002 4154 Kal
3042 4100 3228 4163 πάλιν,
3265 4118 3283 4151 ι
3324 4099 3612 4167 Βούτυρον,
3642 4097 3739 4150 καὶ

2153 4192 2275 4264 μέλι
2309 4193 2543 4263 φάγεται
2581 4193 2712 4264 (46).
2748 4212 2767 4245 ›
2798 4192 2984 4263 Τούτῳ
3010 4192 3117 4264 γὰρ
3152 4190 3405 4262 ἐτρέφετο
3435 4186 3738 4258 κατιούσης

2148 4281 2247 4353 τῆς
2283 4282 2488 4354 μητρὸς
2518 4282 2683 4337 αὐτοῦ
2710 4282 2819 4336 ἀπὸ
2845 4282 2945 4353 τῆς
2973 4281 3297 4355 ἀπογραφῆς
3316 4296 3330 4310 ’
3368 4279 3594 4349 ὕστερον
3620 4278 3741 4350 γὰρ

2148 4372 2453 4444 εὐπόρησεν
2481 4373 2769 4442 γάλακτος.
2806 4374 2916 4428 Kal
2938 4372 3121 4438 πάλιν,
3158 4392 3177 4425 ι
3213 4370 3397 4433 Οὕτως
3433 4369 3582 4438 λέγει
3617 4368 3742 4421 Κύ-

2152 4481 2264 4537 ριος
2314 4463 2577 4517 Σαϐαὼθ*
2638 4464 2956 4518 Ἐκοπίασεν
3004 4464 3306 4533 Αἴγυπτος,
3366 4460 3461 4516 καὶ
3494 4461 3742 4532 ἐμπορία

468 4553 765 4609 Laboravit
807 4553 1077 4625 Egyptus
1128 4560 1183 4609 et
1229 4553 1528 4626 negotiatio
1578 4552 1938 4626 JEtbiopum;
1986 4563 2039 4611 et

2152 4554 2422 4609 Αἰθιόπων
2446 4573 2458 4585 ·
2494 4555 2588 4610 καὶ
2622 4558 2671 4609 οἱ
2698 4556 2944 4626 Σαὸαεὶμ
2970 4555 3161 4629 ἄνδρες
3194 4554 3387 4627 ὑψηλοὶ
3414 4553 3504 4607 ἐπὶ
3531 4554 3591 4606 σέ
3617 4553 3742 4606 δια-

502 4730 676 4788 "lsa.
713 4747 791 4794 χι,
823 4730 938 4787 1-5.
983 4731 1030 4762 ⁷⁸
1054 4730 1188 4786 ibid.
1222 4731 1310 4786 10.
1405 4731 1449 4763 ⁷⁷
1474 4730 1622 4788 Psal.
1674 4747 1821 4798 xuv,
1852 4733 1905 4795 7.
1939 4732 1993 4787 8.

2154 4733 2320 4788 Hebr.
2358 4749 2441 4795 ιιι,
2485 4734 2536 4786 1.
2615 4736 2659 4766 ⁷³
2685 4733 2830 4791 Psal.
2863 4750 2941 4797 cr,
2985 4733 3177 4789 26-28.
3254 4733 3301 4765 ⁸⁰
3336 4732 3440 4786 lsa.
3492 4747 3606 4793 vn,
3646 4730 3742 4784 14.

468 4802 721 4860 "Matth.
757 4817 796 4871 ι,
821 4802 913 4857 23.
992 4800 1038 4833 ⁸⁸
1064 4800 1168 4858 lsa.
1200 4818 1318 4869 vm,
1342 4803 1400 4860 4.
1477 4801 1524 4834 ⁸³
1546 4801 1677 4873 Sap.
1702 4817 1819 4868 vnt,
1853 4804 1941 4868 19,
1972 4802 2044 4857 2t)

2152 4805 2309 4860 “lsa.
2345 4818 2420 4870 ix,
2459 4805 2513 4870 5,
2537 4803 2590 4859 6.
2668 4807 2714 4837 ⁸⁸
2739 4804 2848 4860 lsa.
2882 4822 2979 4871 vn,
3011 4805 3098 4859 15.

538 4962 652 5033 (ll)
682 4961 867 5033 Codex
889 4963 1179 5026 recentior,
1212 4960 1449 5033 ἀσεϐεῖς.

539 5030 653 5104 (42)
702 5031 840 5087 Male
891 5033 950 5087 in
1007 5032 1293 5088 vetustiori
1351 5031 1540 5087 codice
1608 5030 1874 5087 Vaticano
1929 5032 2047 5097 πῶς

586 5121 634 5157 ν.

466 5105 654 5244 Wa?)
687 5172 820 5239 Quae
871 5172 1238 5244 semicirculis
1289 5172 1667 5244 includuntur,
1729 5171 1931 5227 desunt
1990 5172 2044 5244 in

466 5241 760 5367 getustiOri
810 5243 1004 5300 codice
1051 5241 1342 5308 Vaticano,
1375 5243 1583 5297 librarii
1625 5256 1818 5297 errore
1871 5243 2049 5297 mani-

490 5325 629 5367 88H).

490 5325 629 5369 θειο.

540 5384 652 5453 (44)
679 5387 740 5438 in
772 5383 1064 5440 recentiori
1095 5383 1284 5438 codice
1331 5380 1619 5447 Vaticano,
1646 5390 1702 5437 et
1735 5383 1791 5436 iu
1818 5395 1904 5449 eo,
1934 5396 2049 5453 quo

470 5468 605 5524 usus
638 5465 723 5509 est
748 5454 1045 5524 Siphanus,
1072 5455 1168 5506 καὶ
1213 5454 1455 5507 καλεῖται
1477 5453 1578 5523 τῆς
1613 5453 1858 5524 μεγάλης
1924 5453 2049 5524 βουτ

469 5523 572 5595 λῆς
599 5522 846 5595 ἄγγελος,
877 5525 1009 5588 Θεὸς
1041 5523 1259 5595 ἰσχυρός
1279 5540 1293 5554 ·
1316 5524 1412 5578 sed
1446 5522 1765 5595 vetustioris
1798 5522 2049 5595 Vaticani

470 5589 1011 5664 eodiei's'lec'tionem,
1044 5589 1209 5664 quam
1243 5596 1416 5664 secuti
1442 5608 1653 5660 sumus,
1683 5593 2051 5664 plerique_co-

470 5661 644 5734 dices,
663 5673 716 5716 et
753 5678 860 5716 non
907 5659 1079 5734 pauci'
1100 5663 1311 5734 antiqui
1363 5662 1552 5720 Patres
1599 5659 1875 5734 exliibent.
1916 5659 2050 5715 Vide

468 5729 744 5787 Nobilium
776 5734 833 5787 in
854 5729 1305 5788 adnotationibus
1341 5733 1406 5787 ad
1437 5748 1560 5786 eum
1598 5733 1797 5785 locum.

544 5801 657 5876 (45)
691 5801 895 5860 Locum
928 5803 1074 5860 hunc
1105 5818 1215 5859 non
1272 5803 1495 5858 memini
1543 5817 1630 5858 me
1673 5803 1875 5873 legisse
1905 5802 2049 5871 apud

2162 4963 2379 5029 Isaiam,
2438 4973 2533 5018 aut.
2575 4965 2739 5019 alium
2782 4965 3107 5038 quempiam
3159 4966 3501 5038 prophetam.
3548 4962 3747 5038 Δάματ

2146 5033 2437 5106 ligantem
2468 5050 2596 5099 vox,
2646 5033 3033 5106 pro‘jurenc‘a.
3081 5033 3222 5106 sirpe
3264 5033 3553 5105 ’reperitur
3591 5036 3746 5102 apud
3796 5094 3799 5101 η

2148 5104 2289 5159 LXX
2357 5103 2707 5175 interpretes.
2734 5103 2914 5175 Quare
2931 5104 3131 5160 mirum
3156 5103 3240 5162 est
3269 5103 3420 5161 velid
3450 5105 3747 5175 ignorasse
3796 5106 3799 5111 ’

2152 5175 2474 5247 Siphanum,
2508 5174 2591 5230 vel
2622 5174 2907 5247 legendum
2956 5177 3240 5232 censuisse
3278 5174 3509 5247 δύναμις
3537 5190 3549 5205 ν
3606 5188 3747 5227 nam

2151 5246 2330 5316 alieno
2361 5259 2589 5316 prorsus
2615 5261 2781 5301 sensu
2813 5246 3206 5316 interpretatus
3230 5256 3314 5302 est
3334 5248 3522 5301 virtus.
3788 5288 3793 5301 .

2224 5314 2338 5386 (αδδ)
2365 5314 2591 5386 Similia
2624 5316 2788 5386 habet
2809 5314 3093 5386 Nyssenus
3131 5318 3182 5370 in
3214 5319 3465 5371 oratione
3496 5316 3551 5368 in
3599 5316 3746 5370 illud

2150 5382 2421 5455 Apostoli,
2480 5385 2707 5450 Quando
2736 5387 2838 5440 sibi
2860 5382 3145 5449 subiecerit
3182 5390 3386 5450 omnia,
3447 5397 3571 5439 tunc
3632 5389 3749 5454 ipse

2150 5470 2351 5525 quoque
2376 5455 2520 5524 ﬁlius
2551 5456 2864 5524 subjicietur
2891 5457 2938 5508 ei
2969 5472 2987 5509 :
3024 5458 3115 5511 ubi
3140 5473 3245 5511 non
3284 5458 3446 5526 longe
3477 5456 3546 5509 ab
3582 5456 3751 5510 initio

2154 5527 2268 5580 haec
2301 5527 2502 5595 inquit,
2523 5526 2590 5580 Et
2615 5526 2874 5595 quomodo
2901 5542 3017 5579 cum
3041 5539 3175 5582 esset
3210 5527 3413 5596 infans,
3435 5526 3753 5595 infantilem

2153 5596 2344 5663 accipit
2383 5596 2576 5656 cibum,
2614 5598 2861 5665 butyrum
2906 5607 2956 5651 et
2988 5599 3090 5651 mel
3115 5599 3430 5660 comedens;
3468 5599 3543 5649 ita
3577 5598 3753 5650 etiam

2154 5683 2271 5719 cum
2302 5668 2638 5735 processisset
2675 5668 2743 5719 ad
2777 5665 3207 5733 adolescentiam,
3244 5685 3347 5722 non
3392 5670 3658 5722 recusavit
3694 5666 3753 5721 id

2152 5737 2291 5807 quod
2314 5737 2436 5791 huic
2462 5739 2610 5793 a’tati
2628 5746 2741 5791 erat
2772 5754 3060 5809 congruens
3080 5749 3140 5792 et
3170 5739 3503 5794 conveniens.
