3896 6208
301 276 412 333 ΞΟ)

1347 279 1777 338 TES’I‘IMONIA
1816 264 2193 341 aovrnsus
2250 284 2557 342 mimos.

3478 296 3585 350 210

307 395 574 464 σήπονται
604 391 739 464 (47),
777 394 872 448 καὶ
907 395 991 450 σοι
1021 394 1232 452 ἔσονται
1259 398 1459 465 δοῦλοι,
1492 401 1585 455 καὶ
1604 399 1779 453 ὀπίσω
1805 417 1898 453 σου

2016 400 2229 457 Sabaim
2262 402 2364 459 viri
2398 403 2603 459 excelsi
2642 401 2709 457 ad
2744 409 2799 457 te
2833 403 3165 469 transibunt,
3212 413 3265 460 et
3304 405 3383 460 tui
3422 416 3581 461 erunt

313 484 742 556 ἀκολουθήσουσι
789 486 1061 558 δεδεμένοι
1084 489 1445 562 χειροπέδαις,
1483 492 1578 545 καὶ
1620 492 1900 564 διαϐήσον-

315 594 408 632 ται
439 578 572 649 πρὸς
598 577 677 642 σὲ,
719 578 813 632 καὶ
844 581 1283 652 προσκυνήσουσί
1315 599 1397 636 σοι
1435 584 1530 637 καὶ
1546 583 1605 636 ἐν
1625 583 1707 637 σοὶ
1728 598 1899 655 προσ-

317 668 562 734 εὔξονται
590 670 675 723 ὅτι
712 672 742 723 6
783 670 919 735 Θεὸς
964 674 1025 726 ἐν
1054 672 1135 726 σοί
1164 673 1317 740 ὲστι,
1353 674 1446 728 καὶ
1476 674 1575 728 οὐκ
1613 675 1729 729 ἐστι
1772 674 1901 739 Θεὸς

319 762 458 831 πλὴν
492 760 607 817 σοῦ.
648 762 723 815 Σὺ
772 764 882 834 γὰρ
918 758 971 817 εἷ
1002 763 1172 831 Θεὸς,
1215 768 1309 820 καὶ
1357 768 1459 821 οὐκ
1491 766 1732 839 ᾔδειμεν,
1770 768 1901 831 θεὸς

316 853 408 906 τοῦ
453 853 669 926 Ἰσραὴλ
687 855 882 926 Σωτήρ
905 842 1039 925 (ιε).
1070 876 1090 909 ι
1134 858 1417 929 Ἰεζεκιὴλ,
1452 878 1473 911 ‹
1501 860 1611 914 Καὶ
1635 860 1901 932 επέτρεψέ

314 961 385 1015 με
423 944 630 1016 Κύριος
660 945 806 999 κατὰ
825 947 922 1019 τὴν
954 946 1073 1002 ὁδὸν
1110 949 1211 1018 τῆς
1254 949 1426 1020 πύλης
1469 952 1572 1023 τῆς
1600 951 1903 1023 βλεπούσης

312 1038 458 1093 κατὰ
493 1038 795 1105 ἀνατολὰς,
829 1039 925 1094 καὶ
956 1039 1094 1111 αὕτη
1135 1036 1205 1113 ἦν
1233 1042 1616 1116 κεκλεισμένηο
1659 1047 1755 1100 καὶ
1780 1040 1901 1101 εἶπε

314 1132 522 1203 Κύριος
567 1131 703 1205 πρὸς
734 1132 829 1204 μέ·
877 1133 976 1187 Υἱὲ
1004 1132 1314 1206 ἀνθρώπου,
1371 1137 1405 1207 ὴ
1440 1134 1583 1208 πύλη
1629 1137 1768 1208 αὕτη
1811 1154 1902 1191 κε-

318 1223 615 1295 κλεισμὲνη
636 1224 809 1291 ἔσται,
832 1225 930 1280 καὶ
947 1224 1121 1290 οὐδεὶς
1142 1226 1205 1280 ού
1229 1226 1304 1298 μὴ
1324 1226 1507 1299 διέλθῃ
1526 1228 1595 1282 δι’
1610 1229 1801 1300 αὐτῆς,
1819 1230 1901 1284 ὅτι

319 1315 527 1385 Κύριος
548 1318 578 1370 6
604 1316 738 1382 Θεὸς
775 1317 992 1390 Ἰσραὴλ
1014 1317 1380 1374 εἰσελεύσεται
1408 1319 1543 1392 (49),
1575 1322 1670 1375 καὶ
1695 1320 1903 1387 ἐξελεύ-

316 1423 469 1463 σεται
504 1407 574 1461 δι’
609 1406 804 1479 αὐτῆς,
842 1408 937 1462 καὶ
970 1408 1122 1463 ἔσται
1169 1409 1547 1482 κεκλεισμένη.
1587 1429 1607 1463 ι
1650 1411 1896 1478 Ἡσαΐας,

325 1518 343 1552 ι
364 1500 459 1553 Ἐκ
478 1499 688 1565 κοιλίας
718 1500 924 1573 μητρὸς
953 1500 1187 1556 ἐκάλεσα
1212 1502 1274 1556 τὸ
1296 1502 1469 1574 ὄνομα
1487 1503 1653 1557 αὐτοῦ
1685 1505 1905 1576 Μάχαι-

320 1609 422 1663 ραν
444 1592 622 1657 ὀξεῖαν
655 1593 793 1665 (50).
832 1613 851 1647 ι
888 1593 1104 1665 Δανιὴλ,
1139 1613 1158 1647 ι
1201 1594 1333 1649 Ἰδοὺ
1365 1595 1575 1667 ἐτμήθη
1601 1596 1745 1660 λίθος
1772 1598 1900 1652 ἄνευ

317 1683 538 1757 χειρῶν,
570 1686 667 1739 καὶ
696 1686 932 1753 ἐπάταξε
969 1688 1060 1741 τὸν
1093 1687 1385 1757 ἀνδριάντα
1404 1727 1421 1753 ,
1445 1689 1537 1743 καὶ
1573 1689 1790 1758 ἐγένετο
1820 1691 1903 1753 εἰς

317 1776 445 1846 ὅρος
481 1777 645 1847 μέγα,
683 1779 777 1831 καὶ
802 1779 1088 1851 ἐπλήρωσε
1136 1780 1236 1852 τὴν
1267 1781 1614 1854 οἰκουμένην.
1655 1801 1675 1836 ι
1720 1783 1778 1838 Ὀ
1809 1780 1901 1838 οὖν

318 1869 555 1939 τμηθεὶς
595 1869 737 1935 λίθος
778 1871 908 1926 ἄνευ
939 1872 1139 1943 χειρὸς,
1182 1872 1330 1927 ἔστιν
1373 1876 1403 1928 6
1440 1874 1718 1946 γεννηθεὶς
1772 1875 1900 1930 ἄνευ

324 1961 533 2030 σπορᾶς
571 1959 781 2031 ἀνδρός.
840 1962 1066 2027 Ἡσαΐας
1110 1964 1292 2030 πάλιν,
1331 1984 1351 2017 ι
1387 1966 1623 2031 Ἀκουε,
1680 1966 1896 2040 ούρανὲ,

321 2053 418 2104 καὶ
468 2051 759 2118 ὲνωτίζου,
806 2056 839 2125 ἡ
897 2055 989 2125 γῆ,
1032 2057 1114 2111 ὅτι
1145 2056 1349 2127 Κύριος
1407 2058 1701 2130 ἐλάλησεν·
1744 2060 1904 2124 Υίοὺς

316 2140 604 2211 ἐγέννησα,
641 2144 737 2195 καὶ
762 2141 974 2212 ὕψωσα,
1006 2145 1160 2198 αὐτοὶ
1187 2146 1245 2200 δέ
1278 2164 1344 2218 με
1379 2147 1650 2221 ἠθέτησαν
1670 2190 1682 2204 .
1720 2151 1903 2219 Ἔγνω

320 2229 449 2298 βοῦς
483 2230 573 2283 τὸν
607 2231 982 2302 κτησάμενον.
1016 2234 1109 2286 καὶ
1136 2234 1257 2298 ὄνος
1301 2235 1399 2308 τὴν
1428 2235 1637 2309 φάτνην
1677 2238 1771 2291 τοῦ
1807 2256 1902 2293 κυ-

318 2322 437 2393 ρίου
476 2322 663 2377 αὑτοῦ·
704 2324 921 2397 Ἰσραὴλ
952 2326 1009 2380 δέ
1045 2345 1111 2398 με
1148 2329 1249 2383 ούκ
1281 2328 1443 2398 ἔγνω,
1476 2330 1595 2384 οὐδὲ
1618 2332 1647 2384 6
1675 2330 1802 2395 λαός
1833 2348 1902 2402 με

318 2414 547 2484 συνῆκε.
584 2435 603 2468 ι
640 2417 753 2470 Καὶ
796 2417 977 2483 πάλιν,
1011 2437 1030 2470 ι
1077 2419 1224 2474 Λάϐε
1257 2420 1421 2490 τόμον
1466 2420 1655 2476 καινοῦ
1699 2423 1899 2495 χάρτου

318 2507 562 2577 μεγάλου
585 2508 719 2580 (5|),
741 2512 836 2564 καὶ
853 2510 1063 2582 γράψον
1096 2514 1154 2567 ὲν
1174 2513 1323 2585 αύτῷ
1338 2515 1560 2587 γραφίδι
1591 2515 1899 2589 ἀνθρώπου,

314 2597 413 2651 τοῦ
445 2598 616 2664 ὀξέως
644 2604 921 2676 προνομὴν
957 2605 1177 2671 ποιῆσαι
1225 2606 1456 2661 σκύλων.
1506 2607 1617 2662 Καὶ
1663 2609 1904 2680 προσῆλ-

315 2689 411 2743 θον
460 2691 599 2763 πρὸς
643 2693 743 2764 τὴν
787 2697 1079 2767 προφῆτιν,
1127 2699 1222 2752 καὶ
1265 2698 1323 2774 εν
1354 2700 1552 2772 γαστρὶ
1596 2700 1778 2767 ἐλαδε,
1810 2701 1906 2756 καὶ

316 2783 505 2837 ἔτεκεν
533 2784 672 2840 υἱόν·
700 2783 937 2841 καὶεῖπέ
975 2807 1065 2860 μοι
1090 2790 1295 2863 Κύριος
1315 2807 1328 2821 ·
1360 2791 1619 2853 Κάλεσον,
1649 2791 1711 2847 τὸ
1736 2793 1905 2866 ὄνομα

316 2874 483 2929 αὑτοῦ
504 2921 520 2944 ,
568 2877 791 2949 Ταχέως
849 2879 1175 2946 σκύλευσον,
1223 2882 1418 2947 Ὀξέως
1449 2884 1835 2956 προνόμευσον.
1876 2904 1896 2938 ι

315 2965 498 3035 Τόμον
527 2964 622 3020 οὖν
647 2969 829 3022 καινὸν
858 2968 1085 3040 νοοῦμεν
1110 2970 1208 3042 τὴν
1247 2972 1541 3047 Παρθένον·
1571 2973 1762 3047 ὥσπερ
1794 2974 1903 3047 γὰρ

313 3057 347 3109 6
377 3057 587 3157 γαρτ-ης
619 3060 815 3157 μαινὸς
858 3063 974 3157 εστι
1009 3063 1295 3157 διαθοιρὸς,Δ
1316 3065 1562 3157 ἄγραφος
1589 3065 1687 3131 ὢν,
1730 3067 1903 3132 οὕτως
1930 3098 1972 3157 C

316 3150 412 3201 καὶ
431 3151 465 3219 ή
493 3150 768 3221 Παρθένος
790 3153 920 3221 ἁγία
937 3154 1183 3227 ἀμύητος
1211 3155 1425 3229 ἀνδρός.
1451 3159 1562 3212 Καὶ
1584 3158 1742 3213 πάλιν
1766 3159 1900 3231 (52),

2005 494 2171 556 servi,
2233 502 2290 550 et
2345 503 2473 565 post
2531 506 2584 551 te
2639 504 2939 565 sequentur
2993 496 3163 552 vincti
3220 497 3476 561 manicis,
3531 507 3583 552 ct

2004 588 2322 643 transibunt
2352 589 2417 645 ad
2454 596 2530 653 te,
2561 596 2617 644 et
2646 590 2954 648 adorabunt
2974 601 3053 656 te,
3074 602 3130 646 et
3155 592 3209 646 in
3243 600 3297 647 te
3323 591 3582 655 orabunt,

2003 677 2262 748 quoniam
2294 678 2350 733 in
2394 686 2449 734 te
2481 678 2624 736 Deus
2658 686 2761 742 est,
2810 687 2864 733 et
2906 696 3012 735 nou
3047 689 3132 736 est
3190 680 3334 738 Deus
3374 684 3584 753 absque

2005 773 2079 823 te.
2108 766 2191 821 Tu
2219 767 2366 822 enim
2397 766 2543 823 Deus
2584 782 2669 833 es,
2710 778 2767 824 et
2807 769 3211 835 nesciebamus,
3239 770 3384 827 Deus
3412 769 3584 827 Israel

2006 855 2264 912 Salvator
2285 857 2353 911 ".
2386 875 2405 909 ι
2436 856 2713 924 Ezechiel,
2760 876 2779 910 ι
2812 856 2880 912 Et
2901 861 3177 914 convertit
3204 875 3291 917 me
3313 859 3584 916 Dominus

2004 947 2072 1003 ad
2119 947 2264 1002 viam
2309 957 2480 1018 porta:
2521 949 2871 1019 respicientis
2901 947 2970 1005 ad
3016 947 3325 1015 Orientem,
3374 959 3431 1008 et
3465 952 3583 1008 luce

2004 1048 2124 1095 erat
2155 1040 2367 1097 clausa.
2391 1040 2458 1093 Et
2485 1039 2624 1095 dixit
2647 1039 2913 1098 Dominus
2940 1041 3009 1097 ad
3034 1056 3122 1097 nte
3154 1060 3167 1097 :
3195 1040 3296 1097 Fili
3319 1042 3582 1111 hominis,

2006 1139 2163 1203 porta
2200 1132 2316 1187 haec
2343 1133 2534 1188 clausa
2562 1133 2689 1200 erit,
2715 1140 2773 1189 et
2820 1148 2983 1191 nemo
3023 1134 3280 1190 transibit
3311 1151 3408 1206 per
3436 1150 3580 1202 eam,

2003 1226 2265 1293 quoniam
2295 1224 2560 1281 Dominus
2586 1224 2729 1281 Deus
2758 1225 2925 1283 Israel
2959 1226 3323 1297 ingredietur,
3356 1234 3412 1284 et
3432 1242 3586 1299 egre-

2003 1315 2187 1371 dietur
2222 1331 2321 1387 per
2369 1331 2513 1381 eam,
2555 1324 2612 1372 et
2658 1318 2766 1373 erit
2808 1318 2996 1373 clausa
3016 1317 3086 1373 ".
3127 1338 3147 1372 ι
3203 1320 3394 1387 Isaias,
3434 1338 3454 1372 ι
3499 1318 3579 1374 Ex

2005 1413 2164 1460 utero
2213 1408 2412 1463 matris
2457 1409 2657 1463 vocavi
2722 1425 2921 1466 nomen
2983 1411 3127 1482 ejus.
3157 1412 3398 1482 gladium
3453 1427 3585 1467 acu-

2006 1502 2120 1548 tum
2138 1493 2207 1548 8".
2245 1512 2265 1546 ι
2304 1493 2519 1562 Daniel,
2553 1514 2572 1548 ι
2604 1495 2747 1552 Ecce
2799 1499 3085 1555 abscissus
3131 1510 3220 1555 est
3269 1502 3411 1572 lapis
3461 1504 3584 1558 sine

2005 1590 2283 1659 manibus,
2314 1600 2369 1647 et
2398 1593 2673 1662 percussit
2715 1602 2955 1651 statuam
2976 1597 3045 1663 ⁸³,
3087 1605 3145 1652 et
3192 1596 3371 1655 factus
3410 1607 3496 1654 est
3528 1599 3584 1654 in

2009 1691 2253 1739 montem
2310 1699 2611 1755 magnum,
2672 1695 2727 1741 et
2786 1687 3033 1758 implevit
3092 1690 3404 1745 universam
3475 1700 3586 1746 ter-

2007 1776 2205 1828 ram“.
2241 1775 2466 1846 iILapis
2501 1778 2670 1848 igitur
2716 1778 3000 1836 abscissus
3033 1780 3153 1837 sine
3186 1781 3462 1847 manibus,
3518 1783 3587 1836 il-

2009 1867 2121 1921 lum
2178 1868 2369 1939 utique
2414 1868 2691 1939 signiﬁcat
2731 1870 2826 1941 qui
2858 1871 3077 1940 genitus
3126 1880 3211 1928 est
3244 1874 3453 1944 absque
3483 1875 3584 1929 viri

2007 1961 2239 2016 semine.
2287 1960 2463 2018 Isaias
2491 1962 2712 2023 iterum.
2753 1979 2772 2014 ι
2808 1962 2974 2028 Audi,
3009 1963 3237 2026 cmlum,
3263 1972 3318 2019 et
3355 1965 3585 2021 auribus

2006 2054 2247 2124 percipe,
2272 2061 2441 2118 terra,
2467 2054 2594 2124 quia
2622 2052 2886 2112 Dominus
2909 2054 3131 2111 locutus
3155 2066 3240 2113 est
3264 2075 3277 2111 :
3302 2055 3472 2114 Filios
3491 2073 3585 2129 ge-

2007 2144 2200 2199 nui‘et
2228 2145 2488 2211 exaltavi,
2519 2145 2623 2217 ipsi
2654 2155 2837 2203 autem
2873 2156 3338 2218 spreverunt‘me.
3371 2148 3588 2221 Cogno-

2006 2237 2085 2290 vit
2128 2237 2233 2293 bos‘
2277 2251 2676 2307 possessorem,
2731 2246 2786 2293 et
2841 2238 3033 2295 asinus
3085 2256 3327 2312 praesepe
3375 2241 3585 2297 domini

2007 2329 2131 2397 sui;
2170 2329 2337 2385 Israel
2368 2336 2549 2383 autem
2583 2345 2669 2386 me
2697 2345 2807 2387 non
2839 2332 3122 2404 cognovit,
3146 2342 3202 2387 et
3237 2333 3473 2404 populus
3498 2345 3586 2388 me

2009 2434 2119 2474 non
2164 2420 2525 2475 intellexit“.
2561 2438 2580 2472 ι
2626 2419 2692 2475 Ει
2721 2435 2937 2490 rursus,
2974 2439 2993 2475 ι
3025 2420 3194 2477 Sume
3227 2421 3326 2479 tibi
3374 2430 3583 2480 tomum

2009 2524 2162 2564 novae
2228 2508 2436 2563 chartae
2493 2524 2724 2582 magnas,
2786 2518 2859 2569 et.
2899 2510 3080 2569 scribe
3135 2512 3189 2568 in
3232 2527 3299 2569 eo
3342 2512 3585 2571 hominis

2010 2600 2185 2671 stylo,
2238 2607 2298 2654 ut
2350 2600 2610 2656 velociter
2654 2601 3116 2672 depraedationem
3171 2603 3339 2660 faciat
3382 2606 3587 2676 spolio-

2007 2703 2148 2742 rum.
2216 2687 2282 2743 Et
2333 2690 2547 2745 accessi
2599 2690 2666 2745 ad
2719 2691 3165 2762 prophetissam;
3218 2701 3271 2750 et
3326 2693 3381 2752 in
3430 2702 3587 2757 utero

2010 2780 2266 2851 concepit
2295 2789 2351 2837 et
2379 2781 2593 2853 peperit
2633 2782 2827 2839 lilium.
2860 2782 2927 2838 Et
2957 2784 3095 2840 dixit
3122 2784 3388 2845 Dominus
3410 2788 3542 2845 mihi
3565 2806 3584 2844 ι

2008 2871 2157 2928 Voca
2197 2888 2399 2929 nomen
2450 2874 2593 2944 ejus,
2646 2874 2771 2932 Cito
2818 2876 3014 2947 spolia,
3061 2874 3336 2935 Velociter
3379 2878 3588 2950 deprae-

2008 2965 2139 3021 dare
2159 2967 2225 3021 9'.
2259 2984 2278 3019 ι
2315 2964 2546 3021 Tomum
2586 2965 2757 3035 igitur
2781 2981 2983 3023 novum
3013 2966 3082 3024 de
3111 2965 3335 3040 Virgine
3381 2971 3586 3026 intelli-

2007 3058 2225 3130 gimus;
2258 3057 2714 3130 quemadmodum
2739 3058 2885 3113 enim
2916 3074 3057 3115 nova
3085 3059 3273 3116 charta
3305 3076 3442 3132 pura
3473 3071 3579 3128 est,

2007 3168 2132 3206 eum
2182 3150 2322 3206 nihil
2361 3151 2416 3205 in
2441 3165 2504 3206 ea
2534 3149 2802 3220 scriptum
2836 3158 2943 3219 est,
2994 3153 3071 3207 ita
3097 3162 3154 3208 et
3192 3162 3387 3210 sancta
3419 3153 3586 3228 Virgo

322 3259 345 3291 σ
386 3241 504 3293 Πᾶν
557 3239 724 3311 ἄρσεν
775 3241 1043 3313 διανοῖγον
1094 3247 1330 3317 μήτραν,
1380 3247 1533 3318 ἅγιον
1584 3248 1662 3320 τῷ
1717 3247 1903 3321 Κυρίῳ

2016 3244 2110 3300 viri
2143 3241 2561 3298 consuetudinis
2606 3257 2807 3312 expers
2836 3250 2941 3299 est.
2985 3242 3052 3297 Et
3098 3244 3323 3312 iterum,
3354 3264 3373 3297 ι
3414 3244 3589 3301 Omne

315 3330 671 3403 κληθήσεται.
708 3351 727 3385 ι
762 3333 928 3388 Ούδὲν
955 3334 1011 3390 δὲ
1039 3336 1206 3408 ἄρσεν
1234 3337 1492 3408 διανοίγει
1525 3340 1756 3412 μήτραν,
1787 3340 1903 3394 ἀλλ’

2016 3334 2373 3391 masculinum
2409 3333 2733 3404 adaperiens
2773 3332 3016 3400 vulvam,
3067 3343 3322 3392 sanctum
3353 3335 3587 3393 Domino

314 3425 353 3492 ἡ
387 3425 643 3478 κοινωνία
677 3425 871 3497 ἀνδρὸς
912 3427 1048 3499 πρὸς
1073 3431 1327 3498 γυναῖκα.
1363 3430 1437 3485 Τὸ
1462 3430 1593 3501 γοῦν
1613 3433 1902 3503 εἰρημένον

2016 3427 2292 3482 vocabitur
2311 3426 2380 3478 ’³.
2420 3444 2440 3478 ι
2481 3423 2676 3479 Nullus
2709 3432 2892 3480 autem
2944 3427 3227 3483 masculus
3263 3428 3439 3498 aperit
3468 3430 3585 3483 νυι.

318 3517 453 3589 περὶ
478 3516 572 3569 τοῦ
600 3517 809 3589 Κυρίου
844 3518 1083 3590 νοητέον.
1129 3520 1421 3593 Συμϐαίνει
1452 3523 1511 3576 δὲ
1541 3524 1767 3589 πολλοὺς
1794 3526 1902 3579 τῶν

2016 3534 2150 3587 vam,
2184 3518 2281 3573 sed
2306 3516 2648 3572 consuetudo
2682 3516 2785 3572 viri
2819 3532 2944 3573 cum
2986 3518 3220 3575 muliere
3257 3536 3270 3572 :
3302 3520 3467 3591 igitur
3496 3520 3588 3575 di-

315 3609 680 3678 πρωτοτόκων
721 3606 859 3662 εἶναι
914 3611 1151 3679 ἀσεϐεῖς,
1199 3613 1295 3668 καὶ
1343 3615 1721 3687 ἁμαρτωλούς.
1778 3616 1903 3681 Πῶς

2016 3620 2160 3666 ctum
2205 3607 2339 3663 illud
2368 3607 2437 3663 de
2463 3606 2696 3663 Domino
2719 3616 2805 3664 est
2836 3608 3270 3678 intelligendum.
3303 3610 3590 3683 Contingit

315 3697 414 3753 οὖν
446 3696 589 3753 οὗτοι
628 3701 775 3770 ἅγιοι
808 3701 886 3772 τῷ
932 3703 1143 3775 Κυρίῳ,
1174 3702 1264 3759 διὰ
1295 3705 1453 3759 τοῦτο
1501 3706 1593 3761 καὶ
1646 3707 1903 3779 ἄμωμοις

2016 3708 2196 3757 autem
2230 3714 2290 3757 ut
2319 3699 2673 3771 primogeniti
2720 3716 2830 3755 non
2865 3700 3025 3771 pauci
3060 3700 3212 3771 impii
3237 3701 3348 3757 sint
3377 3710 3431 3759 et
3458 3718 3590 3773 pec-

312 3793 411 3846 δια
438 3794 493 3845 τί
534 3794 591 3846 δὲ
637 3794 711 3867 μὴ
754 3796 849 3850 καὶ
904 3797 1010 3850 πᾶν
1056 3797 1226 3869 θῆ).υ;
1264 3798 1431 3871 Δῆλον
1476 3794 1591 3862 οὖν,
1621 3800 1702 3853 ὅτι
1745 3801 1903 3865 αὐτὸς

2016 3801 2251 3848 calores.
2310 3789 2599 3856 Quomodo
2650 3788 2820 3860 igitur
2865 3802 3057 3843 omnes
3113 3789 3150 3851 ii
3197 3792 3375 3847 sancti
3427 3798 3591 3847 erunt

319 3887 484 3952 ἅγιος
507 3885 618 3954 (5'5)
654 3889 746 3941 καὶ
772 3888 1002 3959 ἄμωμος
1036 3889 1215 3960 μόνος,
1244 3890 1428 3944 Δαϐίδ.
1485 3909 1505 3944 ι
1540 3891 1744 3965 Μήτηρ
1770 3891 1903 3947 Σιὼν

2016 3883 2267 3948 Domino,
2332 3890 2386 3938 et
2432 3890 2721 3953 propterea
2777 3881 3082 3953 inculpati?
3134 3879 3247 3936 Cur
3302 3884 3432 3939 item
3474 3899 3585 3939 non

319 3976 469 4045 ἐρεῖ,
504 3975 833 4046 Ἀνθρωπος,
883 3976 978 4031 καὶ
1020 3976 1304 4049 ἄνθρωπος
1341 3978 1604 4051 ἐγεννήθη
1651 3980 1709 4032 ἐν
1743 3978 1901 4050 αὐτῇ,

314 4070 423 4123 καὶ
452 4067 612 4132 αὐτὸς
644 4067 993 4140 ἐθεμελίωσεν
1014 4070 1182 4141 αὐτὴν
1212 4070 1241 4122 6
1275 4070 1557 4139 ’Υψιστος.
1597 4088 1617 4123 ι

2011 3990 2172 4032 omne
2190 3975 2352 4031 etiam
2379 3972 2697 4028 femininum
2728 3981 2978 4028 sanctum
3003 3972 3234 4029 Domino
3264 3975 3593 4030 vocabitur?

2011 4068 2357 4126 Manifestum
2388 4067 2555 4145 igitur
2583 4075 2689 4133 est,
2725 4065 2904 4136 ipsum
2952 4066 3130 4123 solum
3170 4074 3423 4122 sanctum
3448 4081 3589 4131 esse,

317 4168 380 4215 et
421 4159 785 4232 inculpatum.
832 4159 1027 4228 David,
1076 4179 1095 4213 ι
1129 4159 1305 4216 Mater
1349 4158 1481 4215 Sion
1515 4161 1661 4217 dicet
1694 4181 1705 4217 :
1738 4160 2007 4247 Ilomoet
2035 4162 2199 4217 homo
2228 4166 2389 4212 natus
2419 4165 2504 4213 est
2546 4156 2601 4211 in
2630 4171 2715 4222 ea,
2748 4163 2804 4210 et
2848 4156 2962 4225 ipse
3002 4155 3253 4211 fundavit
3315 4172 3435 4212 eam
3501 4157 3593 4210 AI-

320 4252 577 4307 tissimus
606 4253 674 4308 “.
715 4273 735 4307 ι

318 4341 393 4397 A’.
436 4343 578 4412 Περὶ
609 4343 945 4416 θαυμάτων,
990 4339 1079 4400 ὧν
1121 4344 1340 4415 ἔμελλε
1377 4346 1572 4401 ποιεῖν
1612 4347 1903 4417 erae-0pc.)-

2016 4342 2106 4399 Ν.
2139 4341 2214 4396 De
2240 4339 2536 4401 miraculis,
2557 4353 2686 4417 qua:
2707 4335 2943 4417 humana
2977 4351 3134 4389 carne
3169 4345 3443 4405 assumpta
3484 4335 3592 4391 Do-

850 4418 1037 4484 πίσας
1070 4419 1103 4471 ό
1136 4419 1370 4487 Κύριος.

406 4507 678 4579 Ἱερεμίας
705 4507 841 4580 (Si),
872 4527 891 4560 ι
943 4508 1071 4563 Ἰδοὺ
1090 4508 1312 4563 τέθεικά
1333 4526 1394 4562 σε
1419 4509 1498 4573 είς
1522 4508 1785 4582 διαθήκην
1812 4507 1908 4577 γέ-

321 4618 471 4667 νους,
514 4602 609 4655 καὶ
650 4603 731 4666 εἰς
758 4601 876 4671 φῶς
903 4599 1107 4669 ἐθνῶν,
1141 4600 1235 4656 τοῦ
1271 4600 1614 4673 καταστῆσαι
1639 4600 1739 4673 τὴν
1782 4601 1906 4672 γῆν,

2495 4406 2668 4461 minus
2710 4406 2950 4461 editurus
2975 4414 3111 4460 erat.

2080 4504 2372 4570 Jeremias,
2418 4521 2438 4555 ι
2472 4500 2619 4557 Ecce
2655 4500 2812 4572 posui
2867 4507 2921 4556 te
2969 4499 3024 4555 in
3068 4506 3452 4555 testamentum
3500 4514 3591 4571 ge-

2018 4600 2191 4663 neris,
2230 4600 2282 4652 in
2316 4596 2493 4651 lucem
2532 4594 2796 4665 gentium,
2840 4600 2900 4647 ut
2955 4590 3323 4647 constitueres
3360 4598 3590 4657 terram,

2409 4676 2432 4706 Ι

393 4755 564 4809 “lsa.
599 4768 725 4811 xcv.
762 4752 850 4817 Id,
884 4751 970 4807 I5.
1045 4752 1089 4784 "
1113 4751 1309 4807 Ezccb.
1343 4767 1491 4814 ιιιν,
1524 4752 1577 4817 1,
1610 4751 1664 4805 Ξ.
1737 4750 1903 4806 "lsa.

2016 4767 2088 4811 Ix.
2121 4751 2171 4808 ί.
2250 4751 2293 4783 ⁸³
2319 4750 2452 4805 Dan.
2492 4764 2553 4815 tl,
2592 4749 2684 4804 54.
2760 4746 2806 4779 ’°
2846 4747 2981 4804 ibid.
3007 4746 3097 4802 55.
3172 4746 3341 4803 “lsa.
3383 4761 3421 4813 I,
3449 4747 3505 4811 2,
3536 4749 3590 4805 3.

321 4824 499 4882 "15a.
532 4839 655 4891 vm,
701 4824 816 4879 1-5.
892 4823 937 4854 ”
960 4820 1133 4879 Exod.
1181 4824 1404 4891 xm,2;
1433 4822 1593 4877 Num.
1632 4836 1753 4886 vm,
1792 4822 1879 4877 17.

2028 4820 2174 4879 Psal.
2208 4837 2430 4888 tum,
2469 4820 2523 4876 5.

396 4967 513 5033 (47)
561 4966 748 5023 Codex
803 4966 1097 5033 recentior,
1145 4967 1564 5038 καταϐήσονται.
1614 4966 1693 5020 Ita
1737 4972 1792 5021 et
1826 4964 1911 5021 Si-

321 5038 499 5111 phani
524 5038 719 5111 codex.

396 5107 510 5179 (68)
538 5107 703 5164 Iidem
752 5106 978 5164 codices
1029 5107 1218 5179 legunt
1249 5108 1380 5171 Θεὸς
1431 5106 1526 5161 τοῦ
1579 5105 1794 5178 Ἰσραὴλ
1817 5106 1910 5159 καὶ

320 5181 583 5261 With
828 5246 966 5261 ,η
1034 5248 1107 5261 .,
1285 5257 1296 5261 -
1706 5248 1718 5261 .
1785 5245 1804 5261 .
1864 5245 1876 5261 .

395 5245 512 5319 (49)
536 5248 788 5323 Βρωοηο
828 5246 972 5323 LXX
1034 5248 1397 5323 Interprctum
1425 5247 1619 5309 editio.
1674 5245 1909 5323 εἰσελεύο

320 5316 484 5375 σεται
528 5319 598 5375 δι’
638 5320 832 5391 αὐτῆς,
865 5316 1200 5393 ingredietur
1233 5336 1323 5389 per
1368 5335 1520 5386 eam;
1553 5329 1751 5375 caetera
1806 5316 1906 5374 dc-

314 5400 479 5449 sunt.

394 5460 512 5531 (50)
547 5459 794 5542 Romana
820 5459 965 5518 LXX
996 5461 1225 5542 Interpr.
1261 5459 1430 5519 editio
1469 5456 1919 5542 aliterglegit,__Ex

316 5546 478 5589 arma
506 5535 694 5587 matris
729 5549 858 5588 mea:
897 5537 1097 5590 vocavit
1143 5550 1331 5589 nomen
1360 5547 1555 5593 meum.
1586 5540 1635 5585 et
1660 5535 1835 5600 posuit
1858 5546 1917 5585 οε

316 5618 503 5661 meum
530 5603 686 5674 quasi
698 5604 940 5674 gladium
973 5614 1210 5662 acutum.

398 5674 517 5745 (5|)
546 5668 717 5728 Hanc
758 5675 1046 5744 lectioan
1085 5692 1114 5732 a
1179 5671 1324 5731 LXX
1388 5673 1642 5745 Interpra
1671 5668 1917 5726 editione

318 5742 610 5801 diversam
664 5744 720 5800 in
751 5742 1079 5813 quibusdam
1104 5746 1389 5805 codicibus
1419 5742 1648 5814 reperiri
1679 5749 1914 5798 testatur

2016 4965 2271 5021 Nobilius
2302 4966 2354 5019 in
2378 4963 2526 5019 uotis
2553 4961 2622 5017 ad
2650 4962 2800 5018 hunc
2822 4963 3031 5019 locum.

2088 5034 2421 5111 (52)_Exodi_
2460 5036 2657 5111 locuni
2701 5033 3128 5111 iisdemmprope
3184 5032 3367 5111 verbis
3408 5031 3593 5087 laudat

2016 5102 2388 5183 Tertullinus
2408 5104 2465 5159 in
2489 5104 2581 5159 lib.
2614 5102 2689 5183 De
2711 5119 2871 5183 capte
2894 5102 3115 5183 Christi,
3148 5103 3419 5183 eameam

2109 5179 2200 5246 55)
2220 5177 2405 5232 Codex
2431 5173 2723 5240 recentior,
2759 5173 2914 5243 ἅγιος
2948 5174 3128 5245 μόνος.
3162 5171 3240 5227 Ita
3274 5183 3330 5227 et
3364 5171 3593 5241 Sipbaui

2118 5265 2207 5304 ex.

2094 5317 2208 5389 (54)
2241 5315 2423 5373 Locus
2479 5316 2585 5389 iste
2636 5331 2746 5389 non
2803 5313 3082 5389 Jeremiae,
3126 5311 3221 5389 sed
3264 5310 3419 5389 Isaiae
3468 5320 3592 5379 est;

2022 5381 2146 5445 eum
2183 5381 2363 5442 iamen
2398 5402 2497 5457 pro
2525 5386 2775 5457 Ieremia:
2805 5387 2926 5457 loco
2955 5384 3236 5457 accepisse
3261 5381 3594 5453 Nysseuum,

2024 5462 2105 5516 vel
2135 5458 2264 5514 inde
2298 5453 2470 5528 patet,
2496 5456 2641 5526 quod
2670 5454 2888 5528 Baruch
2918 5453 3314 5528 testimonium,
3334 5458 3594 5528 tanquam

2022 5530 2187 5586 υηίυε
2208 5522 2462 5611 sinitis!“
2497 5522 2778 5611 ιίτορεπθεεε
2807 5522 3595 5611 cuiusuisDIPFPEP‘?!"

2020 5616 2165 5670 saape
2193 5591 2264 5658 ab
2300 5591 2546 5671 antiquis
2567 5591 2671 5654 sub
2696 5591 2948 5653 Ieremia;
2980 5591 3205 5651 nomine
3246 5591 3460 5650 laudari
3505 5606 3591 5650 so-

2021 5674 2114 5729 let.
