3896 6208
412 264 511 319 211

1647 269 1702 324 S.
1734 267 2056 324 GRECORII
2120 268 2410 325 NYSSENI

3578 260 3680 316 2l2

412 390 466 434 et
502 376 814 450 possideres
847 379 1222 437 hatreditatem
1265 382 1492 448 deserti,
1539 383 1728 439 dicens
1761 385 1846 440 his
1903 387 1996 454 qui

2111 387 2196 440 ml
2244 386 2650 458 κληρονομῆσαι
2690 381 3055 454 κληρονομίαν
3096 377 3204 448 (55)
3233 377 3464 450 ἐρήμου,
3505 375 3681 446 λέγων

415 471 469 524 in
507 471 741 529 vinculis
779 485 906 528 sunt
948 493 959 528 :
998 473 1190 536 Exite;
1241 483 1295 530 et
1328 475 1436 542 his,
1469 476 1562 546 qui
1619 477 1672 530 in
1725 477 1991 542 tenebris,

414 561 752 618 Revelamini
785 565 850 618 ”.
879 588 897 618 ο
963 565 1091 620 Haec
1121 576 1304 621 autem
1354 565 1422 621 de
1455 583 1590 637 puro
1627 576 1866 639 putoque
1904 569 1997 624 bo-

416 655 564 710 mine
593 657 662 711 ab
696 658 812 728 ipso
856 673 967 712 non
1017 658 1150 722 dici,
1191 658 1319 716 inde
1352 667 1500 730 patet
1533 661 1676 729 quod
1713 661 1830 730 ipse
1877 669 1996 715 erat

414 749 508 816 qui
537 749 696 814 dixit,
733 769 752 801 ι
787 749 886 805 Hic
912 758 997 805 est
1026 750 1172 807 Deus
1208 762 1414 820 noster,
1467 760 1522 808 et
1555 769 1663 806 non
1698 753 1996 808 aestimabi-

414 848 506 893 tur
529 840 670 896 alius
725 842 794 896 ad
846 858 970 897 eum
1020 844 1083 898 ’⁸.
1123 864 1142 896 ι
1205 845 1422 907 Isaias,
1492 863 1508 896 ι
1567 843 1994 910 Confortamini,

416 943 616 989 manus
641 935 888 990 remissae
947 947 1000 992 et
1045 952 1220 1007 genua
1257 936 1562 1004 dissoluta;
1631 937 1995 992 consulamini

415 1037 537 1085 vos.
580 1025 962 1094 pusillanimes
1015 1037 1218 1092 mente,
1275 1029 1682 1094 confortamini,
1726 1029 1895 1084 nolite
1927 1029 1996 1083 ti-

415 1128 563 1170 mere
591 1118 662 1172 ’⁷.
695 1117 834 1175 Ecce
864 1118 1006 1176 Deus
1039 1130 1246 1176 noster.
1279 1120 1417 1177 Ecce
1436 1121 1705 1177 Dominus
1729 1136 1855 1176 cum
1885 1122 1998 1175 tor-

413 1207 651 1265 titudine
691 1211 842 1267 venit
873 1213 939 1266 ⁸⁸.
976 1233 994 1265 ι
1054 1211 1116 1266 Et
1157 1229 1374 1278 rursus,
1433 1230 1451 1263 ι
1479 1212 1635 1266 Tunc
1685 1212 1998 1282 aperientur

415 1302 561 1356 oculi
595 1317 890 1367 caecorum,
921 1312 975 1359 et
1002 1319 1166 1359 aures
1216 1303 1511 1359 surdorum
1557 1304 1814 1369 audient;
1864 1311 1998 1358 tunc

417 1395 574 1450 saliet
608 1395 861 1459 claudus,
896 1396 1037 1452 sicut
1067 1410 1287 1463 cervus,
1321 1403 1373 1452 et
1395 1397 1643 1465 expedita
1685 1396 1790 1450 erit
1811 1395 1995 1466 lingua

413 1485 700 1541 balborum
731 1487 795 1540 ”.
830 1505 849 1539 ι
892 1486 956 1540 Et
987 1502 1204 1552 rursus,
1241 1506 1260 1538 ε
1298 1486 1539 1557 Spiritus
1573 1485 1786 1540 Domini
1833 1502 1998 1556 super

415 1591 523 1638 me,
559 1584 780 1648 prapter
807 1577 951 1648 quod
974 1578 1146 1642 (unxit
1177 1594 1295 1643 me;
1330 1577 1706 1647 evangelizare
1750 1579 1998 1649 pauperi-

417 1669 516 1722 bus
555 1667 705 1724 misit
738 1683 845 1733 me,
895 1668 1198 1738 praedicare
1225 1667 1458 1739 captivis
1506 1667 1890 1725 remissionem
1944 1676 1997 1724 et

413 1759 576 1816 caecis
609 1761 810 1815 visum.
855 1779 874 1813 3

942 1873 1009 1930 ν.
1047 1874 1122 1930 De
1147 1877 1461 1944 proditione.

489 1964 679 2030 David,
712 1983 730 2016 ι
769 1965 872 2032 Qui
905 1967 1226 2022 comedebat
1259 1984 1428 2039 panes
1472 1983 1644 2036 meos,
1679 1968 1987 2041 magnifica-

418 2055 497 2111 vit
534 2071 699 2127 super
731 2075 817 2114 me
840 2058 1336 2130 supplantationem
1373 2061 1411 2113 ί.
1446 2079 1463 2111 ι

949 2169 1034 2224 Vl.
1069 2169 1147 2225 De
1176 2169 1460 2227 Passione.

491 2278 509 2311 ι
541 2260 749 2332 Popule
779 2277 953 2325 meus,
986 2262 1076 2332 qui
1114 2262 1304 2317 beatos
1326 2278 1422 2318 vos
1471 2263 1664 2319 dicunt
1711 2263 1998 2335 decipiunt

415 2366 539 2415 vos,
573 2360 628 2407 et
676 2352 928 2408 semitam
986 2353 1183 2424 pedum
1225 2367 1530 2410 vestrorum
1591 2355 1832 2410 turbant.
1889 2353 1998 2412 Sed

416 2459 562 2499 nunc
591 2444 758 2500 stabit
785 2445 838 2499 in
861 2445 1074 2516 judicio
1111 2446 1393 2510 Dominus,
1424 2456 1477 2503 et
1514 2457 1720 2504 statuet
1761 2447 1827 2503 ad
1850 2448 1998 2518 judi-

415 2537 562 2592 cium
597 2537 854 2608 populum
915 2553 1098 2592 suum.
1141 2537 1260 2610 Ipse
1313 2538 1576 2596 Dominus
1612 2540 1678 2594 ad
1725 2541 1996 2610 judicium

417 2628 602 2685 veniet
635 2645 759 2684 cum
789 2630 1105 2686 senioribus
1144 2631 1354 2702 populi,
1391 2638 1446 2686 et
1494 2646 1620 2687 cum
1660 2633 1999 2704 principibus

414 2718 534 2789 ejus
569 2722 610 2778 '.
648 2740 666 2773 ι
714 2721 904 2786 David,
967 2743 985 2776 ι
1042 2722 1227 2790 Quare
1276 2723 1618 2778 fremuerunt
1675 2733 1890 2796 gentes,
1946 2733 2001 2780 et

414 2815 603 2885 populi
640 2814 888 2870 meditati
918 2824 1049 2870 sunt
1091 2814 1316 2869 inania?
1351 2815 1658 2870 Astiterunt
1689 2831 1848 2886 reges
1890 2824 2001 2872 ter-

416 2920 516 2970 rte,
547 2912 602 2958 et
656 2903 934 2974 principes
967 2912 1344 2960 convenerunt
1406 2905 1460 2959 in
1512 2921 1681 2960 unum
1737 2907 2000 2963 adversus

417 2996 710 3051 Dominum
751 3003 807 3052 et
841 2997 1107 3052 adversus
1147 2997 1424 3051 Christum
1479 2997 1600 3066 ejus
1625 2997 1668 3051 '.
1724 3016 1743 3050 ι
1805 2996 1996 3054 Hiere-

2098 480 2207 542 τοῖς
2239 477 2298 530 ἐν
2329 478 2580 547 δεσμοῖς,
2611 473 2908 538 Ἐξέλθετε·
2965 473 3058 524 καὶ
3111 472 3224 532 τοῖς
3253 471 3311 521 ὲν
3359 466 3437 536 τῷ
3477 467 3679 532 σκότει,

2110 567 2570 637 Ἀνακαλύφθητε.
2609 585 2627 618 ι
2661 567 2771 619 Καὶ
2798 565 2882 617 ὅτι
2910 563 2971 616 οὺ
3011 563 3136 632 περί
3178 559 3333 630 ψιλοῦ
3388 559 3678 630 ἀνθρώπου

2096 659 2277 728 λέγει,
2311 659 2472 722 αὐτὸς
2506 655 2573 730 ἦν
2613 659 2642 710 ὁ
2695 655 2884 718 εἰπὼν,
2932 675 2950 706 ι
2993 650 3160 718 Οὗτος
3193 657 3222 706 ὁ
3250 653 3382 716 Θεὸς
3409 652 3587 724 ἡμῶν,
3619 651 3681 705 οὐ

2097 749 2478 820 λογισθήσεται
2507 748 2694 819 ἔτερος
2728 747 2864 818 πρὸς
2893 745 3072 798 αὐτόν.
3107 763 3124 794 ι
3163 744 3409 805 Ἡσαΐας,
3447 761 3466 793 ι
3511 741 3684 811 ’ἰσχύ-

2100 859 2250 906 σατε,
2282 845 2464 913 χεῖρες
2523 839 2802 910 ἀνειμέναι
2833 839 2937 892 καὶ
2967 837 3172 905 γόνατα
3219 834 3644 906 παραλελυμένα
3665 849 3679 864 ·

2098 935 2514 1007 παρακαλέσατε
2536 971 2553 998 ,
2587 934 2636 986 οί
2681 932 2990 1001 ὀλιγόψυχοι
3023 933 3090 1001 τῇ
3124 927 3366 998 διανοίᾳο
3400 925 3680 996 ἰσχύσατε,

2102 1029 2176 1100 μὴ
2211 1026 2484 1096 φοϐεῖσθε.
2530 1025 2662 1079 Ἰδοὺ
2710 1025 2738 1076 ὁ
2769 1023 2901 1086 Θεὸς
2931 1022 3109 1094 ἡμῶν,
3164 1020 3271 1074 ίδοὺ
3307 1017 3508 1089 Κύριος
3545 1018 3684 1086 μετά

2101 1120 2282 1189 ἰσχύος
2335 1117 2576 1191 ἔρχεται,
2621 1136 2640 1168 ι
2672 1115 2778 1170 Καὶ
2819 1115 3002 1174 πάλιν,
3042 1132 3059 1164 ι
3093 1112 3226 1165 Τότε
3270 1109 3682 1180 ἀνοιχθήσονται

2097 1212 2365 1284 ὀφθαλμοὶ
2396 1211 2633 1280 τυφλῶν,
2677 1209 2773 1262 καὶ
2803 1202 2916 1261 ὦτα
2945 1205 3143 1274 κωφῶν
3175 1203 3529 1258 ἀκούσονται·
3558 1201 3682 1254 τότε

2101 1303 2332 1366 ἀλεῖται,
2358 1303 2433 1366 ὡς
2461 1302 2676 1370 ἔλαφος,
2709 1301 2738 1352 ὁ
2757 1298 2949 1369 χωλὸς,
2978 1297 3070 1351 καὶ
3089 1294 3258 1365 τρανὴ
3285 1293 3434 1346 ἐσται
3460 1291 3682 1359 γλῶσσα

2102 1394 2407 1465 μογιλάλων
2444 1393 2578 1464 (56).
2621 1411 2639 1443 ι
2679 1390 2786 1446 Καὶ
2813 1389 2994 1452 πάλιν,
3033 1407 3051 1440 ι
3095 1387 3320 1455 Πνεῦμα
3354 1384 3559 1456 Κυρίου
3591 1383 3680 1436 ἐπ’

2099 1487 2218 1556 ἐμὲ,
2251 1481 2312 1541 οῦ
2346 1487 2553 1540 εἵνεκεν
2585 1483 2770 1554 ἔχρισέ
2822 1499 2888 1553 με
2909 1497 2920 1510 ·
2953 1477 3411 1549 εὐαγγελίσασθαι
3447 1476 3683 1544 πτωχοῖς

2098 1578 2406 1632 ἁπέσταλκέ
2441 1595 2542 1648 με,
2575 1574 2807 1648 κηρύξαι
2836 1572 3200 1645 αἰχμαλώτοις
3238 1569 3431 1639 ἄφεσιν
3462 1567 3557 1622 καὶ
3585 1582 3687 1618 ru-

2101 1667 2250 1737 φλοῖς
2281 1667 2591 1738 ἀνάϐλεψιν.

2576 1873 2654 1928 Ε’.
2697 1873 2832 1942 Περὶ
2873 1867 3219 1939 προδοσίας.
3555 1932 3565 1942 ι

2171 1970 2355 2036 suos,
2395 1989 2414 2022 ι
2464 1969 2523 2023 '0
2567 1968 2762 2022 ἐσθίων
2815 1967 3012 2039 ἄρτους
3060 1981 3182 2036 μου,
3223 1959 3553 2034 ἐμεγάλυνεν
3592 1957 3686 2013 ἐπ’

2101 2065 2201 2138 ἐμὲ
2232 2063 2581 2136 πτερνισμόν.
2620 2083 2638 2115 ι

2614 2180 2702 2245 (ζ’.
2745 2174 2885 2244 Περὶ
2915 2173 3169 2238 Πάθους.

2159 2293 2196 2341 ,ι
2226 2273 2368 2338 Λαός
2400 2288 2524 2343 μου,
2545 2271 2593 2323 οἱ
2629 2267 3021 2340 μακαρίζοντες
3044 2264 3189 2335 ὑμᾶς
3214 2259 3487 2316 πλανῶσιν
3514 2258 3681 2328 ὑμᾶς,

2100 2368 2194 2422 καὶ
2244 2365 2342 2436 τὴν
2396 2363 2584 2436 τρίϐον
2637 2361 2746 2414 τῶν
2791 2358 2966 2414 ποδῶν
3019 2356 3172 2428 ὑμῶν
3227 2352 3681 2426 ἐκταράσσουσιν.

2114 2455 2274 2511 Ἀλλά
2300 2456 2395 2509 νῦν
2425 2452 2825 2522 καταστήσεται
2853 2446 3059 2519 Κύριος
3086 2445 3166 2507 είς
3199 2442 3399 2514 κρίσιν.
3433 2439 3526 2493 καὶ
3554 2438 3686 2508 στή-

2103 2565 2184 2602 σει
2213 2546 2302 2600 τὸν
2333 2545 2461 2599 λαὸν
2483 2541 2648 2596 αὑτοῦ
2678 2542 2757 2604 είς
2784 2537 2964 2610 κρίσιν
2995 2536 3130 2604 (57).
3161 2533 3331 2596 Αὐτὸς
3357 2530 3559 2600 Κύριος
3602 2529 3686 2591 είς

2103 2641 2285 2712 κρίσιν
2311 2638 2432 2710 ἥξει
2489 2636 2625 2708 μετά
2658 2635 2765 2687 τῶν
2808 2627 3194 2702 πρεσϐυτέρων
3237 2624 3331 2678 τοῦ
3388 2621 3518 2676 λαοῦ
3541 2663 3554 2684 ,
3589 2620 3686 2712 καὶ

2106 2710 2244 2806 μὴετά
2264 2731 2372 2786 τῶν
2399 2730 2677 2803 ἀρχόντων
2707 2723 2906 2780 αὐτῶν.
2943 2741 2961 2774 ι
2986 2719 3167 2784 Δαϐὶδ,
3200 2736 3219 2770 ι
3258 2717 3376 2770 Ἵνα
3403 2715 3456 2767 τί
3484 2710 3687 2784 ἐφρύα-

2109 2831 2206 2898 ξαν
2233 2830 2382 2902 ἔθνη,
2428 2829 2522 2883 καὶ
2547 2825 2668 2880 λαοὶ
2695 2821 3026 2894 ἐμελέτησαν
3058 2815 3222 2883 κενάς
3253 2811 3606 2883 Παρέστησαν
3633 2807 3684 2902 oi

2107 2901 2470 2994 βασιλεῖςτῆς
2514 2920 2640 2990 γῆς,
2672 2917 2768 2971 καὶ
2808 2915 2858 2968 οἱ
2902 2913 3160 2984 ἄρχοντες
3205 2904 3545 2976 συνήχθησαν
3592 2901 3688 2954 ἐπὶ

2103 3016 2164 3070 τὸ
2195 3015 2326 3070 αὐτὸ
2356 3013 2497 3068 κατά
2521 3011 2614 3066 τοῦ
2645 3009 2851 3081 Κυρίου
2880 3007 2976 3060 καὶ
3014 3002 3156 3058 κατά
3188 3000 3282 3055 τοῦ
3329 2996 3563 3070 Χριστοῦ
3591 2995 3689 3047 αὑ-

418 3089 580 3152 niias,
618 3108 637 3141 ι
665 3087 902 3160 Spiritus
922 3087 1083 3144 faciei
1116 3095 1319 3144 nostra:
1348 3087 1488 3144 Deus
1511 3088 1777 3144 Dominus
1807 3097 1999 3161 captus

2111 3107 2220 3162 τοῦ.
2269 3127 2287 3160 ι
2349 3104 2634 3178 Ἱερεμίας,
2694 3121 2712 3156 ι
2754 3098 2979 3170 Πνεῦμα
3027 3094 3319 3168 προσώπου
3367 3090 3520 3161 ἡμῶν
3554 3087 3689 3178 Θεὸς⁵

418 3191 502 3238 est
533 3182 587 3236 in
633 3181 1089 3252 corruptionibus
1143 3184 1407 3251 ipsorum,
1437 3182 1504 3236 de
1555 3196 1666 3251 quo
1723 3181 1999 3239 diximus:

426 3276 488 3332 In
522 3275 716 3330 umbra
742 3274 862 3345 ejus
897 3274 1144 3331 vivemus
1176 3275 1230 3329 in
1251 3273 1550 3346 gentibus‘.
1581 3295 1600 3328 ι
1635 3275 1830 3339 Isaias,
1863 3293 1882 3326 ‹
1915 3274 2002 3346 lp-

420 3381 482 3422 se
512 3374 735 3436 peccata
769 3375 960 3422 nostra
986 3372 1192 3437 portat,
1226 3373 1280 3421 et
1313 3381 1408 3436 pro
1439 3366 1598 3422 nobis
1635 3366 1803 3431 dolet,
1825 3376 1879 3422 et
1904 3383 2005 3423 nos

420 3459 801 3529 reputavimus
835 3473 958 3513 eum
992 3473 1118 3514 esse
1149 3459 1202 3512 in
1235 3458 1442 3522 labore,
1475 3468 1528 3513 et
1561 3459 1616 3513 in
1650 3459 1828 3530 plaga.
1855 3468 1908 3516 et
1949 3459 2003 3514 in

422 3550 751 3606 aﬂiictione.
780 3549 898 3620 Ipse
925 3559 1105 3604 autem
1139 3550 1460 3604 vulneratus
1485 3557 1571 3604 est
1601 3561 1823 3621 propter
1873 3567 2000 3622 pec-

422 3650 546 3699 cata
577 3649 788 3708 nostra,
828 3649 884 3697 et
922 3641 1234 3696 infirmatus
1294 3648 1377 3696 est
1411 3649 1632 3711 pr0pter
1686 3643 2003 3712 iniquitates

423 3745 668 3794 nostras.
700 3735 999 3806 Disciplina
1021 3734 1173 3806 pacis
1197 3743 1401 3790 nostrae
1432 3749 1600 3804 super
1625 3750 1749 3789 eum
1779 3754 1791 3788 :
1831 3736 2003 3792 livore

423 3830 545 3900 ejus
579 3843 680 3885 nos
714 3830 888 3885 sanati
928 3843 1141 3883 sumus.
1184 3824 1388 3882 Omnes
1428 3827 1584 3897 quasi
1621 3841 1750 3884 oves
1791 3829 2002 3883 erravi-

422 3936 586 3987 mus;
619 3919 998 3990 unusquisque
1020 3933 1050 3971 a
1081 3918 1165 3972 via
1185 3934 1283 3972 sua
1314 3917 1609 3973 aberravit.
1645 3919 1710 3972 Et
1739 3918 2002 3994 Dominus

423 4013 654 4068 tradidit
717 4011 897 4082 ipsum
949 4019 1175 4082 propter
1234 4018 1458 4082 peccata
1508 4020 1738 4066 nostra:
1786 4021 1840 4066 et
1887 4013 2004 4084 ipse

421 4116 649 4176 propter
673 4101 1028 4159 afﬂictionem
1068 4118 1174 4158 non
1216 4103 1389 4173 aperit
1420 4117 1502 4157 es.
1553 4103 1707 4160 Sicut
1765 4106 1884 4161 ovis
1936 4105 2002 4162 ad

421 4197 701 4252 victimam
741 4195 941 4252 ductus
975 4204 1080 4259 est,
1112 4203 1166 4250 et
1220 4197 1364 4252 sicut
1413 4211 1588 4266 agnus
1638 4211 1826 4252 coram
1879 4207 2004 4254 ton-

422 4291 585 4347 dente
609 4306 669 4346 se
705 4297 915 4353 mutus,
952 4290 1034 4345 sic
1062 4306 1169 4344 non
1212 4289 1386 4360 aperit
1419 4304 1482 4345 os
1509 4306 1668 4346 suum
1719 4291 1774 4345 in
1828 4293 2004 4348 burni-

424 4384 650 4440 liatione
677 4383 820 4454 ejus,
851 4382 977 4454 quia
1011 4383 1220 4437 tollitur
1278 4381 1346 4437 de
1377 4390 1523 4437 terra
1576 4383 1686 4436 vita
1744 4385 1898 4454 ejus;
1937 4386 2006 4442 ab

2105 3200 2308 3272 Κύριος
2334 3174 2444 3268 (58)
2477 3174 2784 3266 συνελήφθη
2815 3194 2872 3246 ὲν
2904 3194 3024 3254 ταῖς
3049 3188 3368 3258 διαφθοραῖς
3396 3182 3595 3241 αὐτῶν,
3625 3174 3688 3234 οὗ

2104 3292 2353 3362 εἴπομενο
2407 3290 2492 3342 Ἐν
2517 3291 2582 3358 τῇ
2630 3289 2758 3357 σκιᾷ
2787 3284 2950 3338 αὑτοῦ
2985 3279 3264 3353 ζησόμεθα
3307 3279 3364 3331 ὲν
3390 3278 3503 3339 τοῖς
3540 3273 3693 3327 ἔθνε-

2107 3401 2213 3437 σιν.
2262 3401 2280 3434 ι
2326 3381 2575 3446 Ἡσαΐας,
2629 3399 2645 3431 ι
2693 3378 2864 3441 Αὐτὸς
2907 3375 3006 3439 τὰς
3052 3373 3280 3444 ἀνομίας
3323 3369 3478 3441 ἡμῶν
3509 3367 3688 3438 φέρει,

2107 3477 2202 3531 καὶ
2239 3477 2367 3547 περὶ
2400 3475 2557 3548 ἡμῶν
2582 3473 2832 3526 ὀδυνᾶται
2859 3470 2955 3523 καὶ
2982 3469 3141 3539 ἡμεῖς
3179 3461 3543 3533 ἐλογισάμεθα
3587 3461 3691 3513 αὐ-

2106 3569 2198 3623 τὸν
2221 3569 2276 3621 ὲν
2307 3567 2484 3638 πόνῳ,
2531 3567 2626 3620 καὶ
2671 3567 2727 3618 ὲν
2769 3563 2972 3632 πληγῇ,
3006 3559 3101 3612 καὶ
3137 3559 3194 3610 ἐν
3221 3552 3480 3609 κακώσει.
3518 3552 3692 3616 Αὐτὸς

2107 3657 2161 3710 δὲ
2190 3655 2596 3728 ὲτραυματίσθη
2635 3653 2724 3707 διὰ
2747 3652 2844 3714 τὰς
2875 3648 3146 3720 ἁμαρτίας
3168 3643 3347 3716 ἡμῶν,
3391 3643 3485 3696 καὶ
3513 3659 3692 3711 μεμαο

2106 3748 2360 3802 λάκισται
2415 3746 2504 3800 διὰ
2548 3745 2646 3810 τὰς
2697 3743 2922 3814 ἀνομίας
2975 3741 3152 3814 ἡμῶν.
3201 3737 3426 3792 Παιδεία
3467 3735 3691 3806 είρήνης

2108 3840 2264 3912 ἡμῶν
2309 3841 2394 3892 ἐπ’
2425 3838 2607 3904 αὐτὸν,
2641 3836 2720 3908 τῷ
2756 3835 2981 3906 μώλωπι
3027 3830 3189 3885 αὑτοῦ
3231 3832 3392 3900 ἡμεῖς
3436 3827 3688 3897 ίάθημεν.

2111 3931 2320 3993 Πάντες
2351 3931 2427 3993 ὠς
2467 3928 2712 4000 πρόϐατα
2745 3924 3152 3996 ὲπλανήθημεν·
3190 3921 3418 3982 ἕκαστος
3445 3918 3543 3987 τὴν
3573 3915 3691 3968 ὁδὸν

2113 4023 2278 4080 αὐτοῦ
2309 4022 2419 4093 (59)
2463 4019 2762 4089 ἐπλανήθη.
2795 4017 2904 4070 Καὶ
2947 4015 3150 4087 Κύριος
3185 4011 3500 4082 παρέδωκεν
3529 4006 3692 4061 αὑτὸν

2112 4114 2199 4169 διὰ
2227 4114 2322 4176 τὰς
2342 4110 2612 4183 ἁμαρτίας
2635 4111 2665 4180 ἡ
2675 4108 2790 4180 μῶν
2812 4125 2825 4138 ο
2852 4107 2946 4160 καὶ
2973 4104 3134 4166 αὐτὸς
3152 4102 3239 4156 διά
3262 4101 3321 4152 τὸ
3341 4096 3694 4152 κεκακῶσθαι

2109 4207 2210 4260 οὐκ
2249 4204 2454 4272 ἀνοίγει
2506 4203 2567 4256 τὸ
2615 4202 2809 4271 στόμα.
2873 4200 2958 4262 Ὧς
3025 4196 3290 4268 πρόϐατον
3340 4191 3432 4243 ἐπὶ
3475 4189 3696 4258 σφαγὴν

2112 4298 2274 4369 ἤχθη,
2309 4296 2402 4350 καὶ
2443 4296 2518 4359 ὼς
2569 4293 2740 4365 ἀμνὸς
2775 4290 3016 4345 ἐναντίον
3056 4287 3150 4341 τοῦ
3199 4284 3477 4354 κείραντος
3527 4281 3696 4333 αὐτὸν

2115 4392 2348 4462 ἄφωνος,
2379 4389 2552 4452 οὕτως
2590 4388 2691 4441 οὐκ
2723 4384 2925 4440 ἁνοίνει
2976 4382 3036 4435 τὸ
3085 4379 3256 4450 στόμα
3288 4376 3399 4447 (60)
3430 4371 3594 4428 αὑτοῦ
3637 4374 3696 4424 ὲν

494 4546 541 4579 ’⁸
566 4545 671 4600 lsa.
717 4559 866 4607 xux,
897 4539 1032 4606 6-8;
1068 4538 1192 4613 Bar.
1226 4555 1308 4600 ιιι,
1338 4537 1438 4613 56.
1489 4538 1551 4613 _'_°
1577 4537 1874 4613 lsa_._xxxv,
1909 4542 1999 4607 3,;

2123 4550 2167 4581 ’⁷
2192 4548 2295 4602 lsa.
2321 4563 2411 4613 ιι,
2443 4545 2476 4601 9
2500 4585 2514 4609 ,
2549 4545 2636 4598 10.
2712 4541 2758 4574 ’⁸
2782 4541 2886 4597 lsa.
2923 4555 3087 4603 xxxv,
3119 4537 3173 4603 5,
3221 4535 3276 4589 6.
3354 4531 3522 4588 "lsa.
3563 4545 3692 4595 ιιι,

430 4616 482 4671 1.
561 4615 744 4670 ¹Ρεειι.
779 4629 867 4678 ιιι,
907 4613 993 4665 it).
1071 4610 1219 4666 'lsa.
1255 4623 1337 4672 ιιι,
1378 4608 1570 4662 1244.

1654 4608 1837 4667 δΡδαΙ.
1874 4628 1934 4680 ιι,
1963 4616 2014 4681 1,
2046 4619 2099 4672 2.
2180 4608 2424 4675 δΤΙιιριι.
2458 4608 2530 4682 tv,
2561 4615 2655 4668 ‘20.

498 4755 612 4826 (55)
640 4752 825 4826 Codex
859 4750 1156 4826 recentior,
1190 4748 1577 4826 κληρονομίαν,
1599 4749 1800 4826 λ-ἐγων.
1847 4750 1922 4804 Ita
1953 4762 1999 4808 el

2113 4761 2218 4813 lem
2261 4761 2550 4816 lectionem
2593 4776 2657 4815 ex
2718 4755 3052 4826 Hieronymo
3089 4756 3170 4826 e_t_
3201 4745 3487 4826 Cypriani;
3523 4742 3617 4826 lib;
3655 4757 3692 4795 ιι

430 4819 659 4895 ὃὶᾑιιίιίιί
696 4825 891 4879 codex.
932 4819 1038 4877 Sed
1073 4822 1130 4895 in
1169 4819 1410 4895 editione
1430 4819 1584 4895 LXX
1619 4823 1854 4891 lnterpr.
1899 4833 2004 4890 est,

427 4889 790 4980 κληρονομίας
812 4894 1071 4974 ἐρήμους,
1090 4891 1426 4980 Ιιτενεάξίαιεξ
1455 4889 1715 4947 desertas.

596 4968 612 5034 )
639 4961 819 5018 Codex
848 4961 1155 5032 antiquior,
1196 4961 1508 5034 μογιλάλου.

523 4969 612 5031 56)
639 4969 819 5018 Codex
858 4969 1155 5032 antiquior,
1196 4969 1508 5034 μογιλάλου.

646 5034 830 5108 Codex
865 5035 1169 5108 antiquior,
1205 5033 1294 5108 τὸν
1325 5031 1452 5084 λαὸν
1487 5032 1565 5094 εἰς
1594 5031 1794 5108 κρίσιν.

499 5103 616 5176 (58)
651 5104 834 5160 Codex
881 5104 1195 5176 recentior1
1235 5104 1478 5176 itemque
1511 5103 1679 5176 codex
1713 5118 1840 5176 quo
1873 5119 2007 5176 usus

425 5171 517 5232 est
542 5177 842 5246 Sipltanus,
884 5174 1042 5229 habet
1081 5172 1236 5246 ἡμῶν
1272 5173 1475 5246 Κύριος
1499 5189 1514 5202 ⁸
1540 5171 1634 5226 sed
1668 5171 1724 5226 in
1756 5171 2003 5246 editione

409 5248 571 5318 Mx
600 5243 832 5318 interpr.
881 5255 986 5318 est.
1042 5243 1276 5318 Χριστὸς
1328 5243 1548 5318 Κύριος,
1600 5258 1762 5318 quam
1799 5245 2006 5318 lectio-

426 5336 550 5375 nem
589 5313 859 5382 Justinus,
895 5313 1150 5374 Irenteus,
1183 5313 1514 5385 Cyprianus,
1541 5322 1595 5369 et
1623 5313 2005 5371 Tertullianus

425 5398 754 5445 sentiuntur.

497 5407 988 5528 l(gigml‘i'ineditione
1017 5451 1159 5508 LXX
1189 5453 1545 5528 Interpretum
1571 5464 1682 5528 est,
1723 5457 2006 5527 ἄνθρωπος

425 5525 620 5598 τῇνὸδῷ
636 5527 823 5590 αὐτοῦ,
860 5535 914 5580 et
950 5541 1099 5598 mox,
1121 5525 1437 5594 παρέδωκεν
1464 5526 1635 5598 αὑτὸν
1665 5531 1786 5598 ταῖς
1826 5525 2006 5597 ἀμαρ-

426 5596 570 5661 eam;
594 5596 752 5667 ἡμῶν
796 5614 806 5647 :
842 5597 1132 5651 lectionem
1166 5603 1452 5667 utramque
1471 5597 1731 5667 _sequitur
1754 5596 2006 5652 Justinus

429 5664 718 5736 Martyrin
746 5667 972 5737 Apol.‘.’.,
1005 5682 1126 5736 pag.
1159 5664 1340 5737 86,A_et
1372 5669 1424 5720 in
1461 5665 1682 5737 Dialugo
1721 5685 1838 5722 cum
1864 5668 1996 5736 Try-

433 5735 622 5808 phone,
652 5754 772 5811 pag.
795 5735 926 5803 950,
962 5735 1195 5804 itemque
1227 5735 1348 5798 alii;
1385 5736 1476 5790 scd
1511 5739 1801 5803 posteriori
1847 5735 1995 5794 simi-

2120 4811 3068 4898 Testim:aduersus-dudm”,icap.
3107 4820 3195 4898 15,
3237 4811 3404 4872 refert
3434 4811 3696 4898 ﬁobil‘i'us

2116 4881 2346 4957 in.
2653 4900 2858 4953 locum.
2883 4881 3152 4966 Ca-terum
3182 4881 3248 4966 in_
3268 4881 3556 4966 recentiori
3587 4881 3696 4936 Va-

2115 4973 2317 5036 ticano,
2347 4981 2402 5027 et
2433 4975 2486 5026 in
2523 4972 2630 5026 alio
2665 4967 2894 5040 Siphani
2925 4964 3116 5020 codice
3147 4960 3284 5014 male
3313 4959 3527 5028 legitur,
3553 4970 3689 5024 παρα

2121 5042 2321 5096 ἐδωκεν
2345 5043 2556 5098 ἑαυτόν.
2935 5105 2971 5110 __
3251 5107 3259 5110 _
3310 5098 3329 5110 .
3351 5096 3393 5110 ,ν

2188 5112 2298 5182 (60)
2339 5115 2451 5185 Hoc
2478 5095 2688 5185 inloco
2716 5111 2876 5185 longe
2920 5105 3135 5185 diversa
3181 5107 3268 5185 est
3310 5095 3446 5183 LX'X
3497 5095 3700 5185 itote-r7

2117 5166 2330 5251 pretuin
2363 5183 2554 5248 editio,
2587 5196 2707 5246 qum.
2741 5166 2910 5251 itavse
2947 5176 3128 5251 habet,
3151 5169 3324 5251 0:6er
3351 5166 3700 5251 quxﬁvoizu

2115 5235 2624 5324 :ro‘o'touott’Ev'rﬁ
2663 5247 2988 5324 ταπεινώσει
3033 5246 3066 5313 ἡ
3103 5241 3296 5324 κρίσις,
3320 5236 3483 5316 αὐτοῦ
3529 5235 3697 5324 ἤρθη.

2117 5304 2542 5393 Sicvnonnpe'rit
2573 5304 2654 5378 δέ.
2693 5321 2758 5374 1η
2786 5304 3084 5393 humilitate
3123 5304 3388 5381 judicium
3409 5304 3700 5393 ejus‘sn‘lz-

2115 5373 2832 5447 ἶὶιίιιῆινεειτ-Ῑιξίιιοῄιιιιιριιι
2867 5373 3153 5457 lectionem
3186 5373 3494 5457 sequuntur
3523 5373 3728 5457 iusti--

2115 5480 2220 5519 nus
2281 5464 2506 5525 Martvr,
2558 5464 2814 5521 Irenaeus,
2865 5455 3238 5510 Tertullianus
3271 5447 3335 5525 :et
3385 5447 3699 5525 Cyprianus

2113 5515 2557 5603 creteriquejnisi
2583 5515 2727 5600 quod
2759 5515 3126 5603 habenttoboc
3147 5521 3372 5603 ’ἀνοίγει
3407 5515 3481 5571 τὸ
3518 5515 3698 5603 στόμα

2113 5586 2635 5672 αὗτὸῧΪΝόὶίᾶιῖένῖι
2666 5620 2722 5655 os
2770 5616 2946 5672 suum.
2981 5586 3100 5672 Sed
3147 5586 3432 5672 Nyssenus
3481 5586 3698 5644 videtur

2113 5675 2199 5732 hic
2237 5663 2588 5747 in'epitonicn
2622 5671 2901 5742 redegisse
2930 5666 3082 5724 Isaiae
3107 5663 3292 5720 verba.
