3896 6208
294 199 406 256 223

1333 168 1760 263 τεετιιιοΝιΑ
1794 207 2169 271 mensus
2219 166 2534 269 Juomos.

3450 218 3558 276 2H

291 313 365 382 τῇ
393 308 725 365 ταπεινώσει
748 310 936 379 αὑτοῦ,
958 314 1043 369 ὅτι
1063 313 1278 390 αίρεται
1307 319 1416 373 ἀπὸ
1441 322 1540 393 τῆς
1572 323 1677 394 γῆς
1706 322 1883 396 ὴοζωὴ

2009 326 2371 396 niquitatibus
2398 326 2582 399 pepuli
2622 327 2728 384 mei
2760 327 2959 384 ductus
2990 335 3074 384 cst
3108 328 3175 385 ad
3205 335 3455 387 mortem.
3506 332 3575 387 Et

204 480 213 488 ’
294 401 503 457 αὐτοῦ’
544 402 653 458 ἀπὸ
693 403 804 458 τῶν
847 405 1134 478 ἁμαρτιῶν
1178 409 1275 464 τοῦ
1316 411 1449 466 λαοῦ
1495 432 1597 485 μου
1638 416 1776 487 ἤχθη
1809 418 1887 480 εἰς

296 494 557 549 θάνατον.
582 494 688 550 Kal.
711 493 870 550 δώσω
902 498 1029 562 τοὺς
1061 501 1333 573 πονηροὺς
1352 504 1475 558 ἀντὶ
1499 507 1675 577 ταφῆς
1697 506 1884 572 αὑτοῦ,

301 587 402 641 καὶ
426 589 551 651 τοὺς
588 586 878 652 πλουσίους
905 589 1027 644 ἀντὶ
1051 590 1148 644 τοῦ
1179 592 1409 647 θανάτου
1447 595 1634 661 αὐτοῦ,
1659 598 1741 651 ὃτι
1765 598 1889 650 ἀνο-

303 682 438 752 μίαν
486 683 585 736 οὐκ
633 683 912 751 ἐπτοίησεν,
961 683 1083 736 οὐδὲ
1112 684 1309 758 εὑρέθη
1333 686 1443 759 (61)
1501 687 1652 753 δόλος
1697 690 1756 743 ὲν
1811 689 1889 761 τῷ

300 771 529 843 στ’όματι
568 773 759 829 αὐτοῦ.
798 792 816 825 ι
864 773 975 827 Kal.
1004 774 1146 845 μετὰ
1174 793 1314 841 τινα,
1359 795 1379 830 ι
1414 776 1515 831 Διὰ
1540 778 1701 832 τοῦτο
1726 779 1888 844 αὐτὸς

297 866 701 938 κληρονομήσει
770 865 1032 931 πολλοὺς,
1086 868 1182 921 καὶ
1233 868 1343 923 τῶν
1401 870 1636 941 ίσχυρῶν
1711 873 1892 944 μεριεῖ

298 958 495 1022 σκῦλα,
532 958 652 1012 ἀνθ’
677 951 755 1011 ὧν
788 959 1063 1030 παρεδόθη
1096 960 1176 1024 εἰς
1206 959 1433 1015 θάνατον
1460 964 1494 1033 ὴ
1523 962 1669 1034 ψυχὴ
1698 962 1886 1031 αὐτοῦ,

298 1050 386 1104 ὅτι
413 1049 647 1122 ἀνομίαν
677 1050 779 1105 οὐκ
820 1050 1045 1122 ἐποίησε
1066 1091 1082 1116 ,
1112 1051 1207 1106 καὶ
1233 1053 1292 1107 ὲν
1323 1056 1436 1118 τοῖς
1464 1054 1688 1126 ἀνόμοις
1717 1055 1893 1123 ἐλογί-

300 1142 440 1213 σοη’
471 1141 566 1195 xal.
598 1142 758 1205 αὐτὸς
781 1142 1055 1214 ἁμαρτίας
1086 1142 1295 1197 πολλῶν
1327 1144 1624 1216 ἀνήνεγκε,
1676 1146 1771 1200 καὶ
1803 1145 1893 1200 διὰ

299 1236 405 1298 τὰς
445 1232 715 1306 ἁμαρτίας
756 1232 936 1287 αὐτῶν
983 1234 1276 1307 παρεδόθη.
1327 1254 1346 1287 ι
1408 1237 1503 1291 Ἐκ
1536 1235 1741 1291 τούτων
1777 1236 1890 1309 (62)

296 1324 463 1394 δῆλον
490 1326 574 1378 ὅτι
604 1325 668 1378 ού
710 1326 843 1396 περὶ
881 1325 976 1379 τοῦ
1017 1326 1148 1380 λαοῦ
1177 1326 1271 1382 τοῦ
1318 1328 1655 1399 ἀπαχθέντος
1687 1330 1747 1384 ὲν
1788 1330 1893 1383 Βα-

299 1416 505 1470 ϐυλῶνι
542 1417 570 1468 6
604 1419 902 1488 Προφήτης
942 1417 1126 1486 λέγει,
1153 1417 1227 1483 ὥς
1265 1437 1413 1484 τινες
1443 1420 1729 1477 ὑπέλαϐον.
1766 1421 1893 1486 Πῶς

301 1508 414 1579 γὰρ
436 1509 502 1563 ἂν
529 1510 558 1563 6
582 1509 731 1574 λαὸς,
773 1510 883 1563 ἀπὸ
909 1509 1016 1563 τῶν
1054 1510 1340 1581 ἁμαρτιῶν
1376 1510 1468 1565 τοῦ
1497 1510 1627 1565 λαοῦ
1651 1512 1788 1585 ἤχθη
1815 1517 1891 1578 είς

302 1600 564 1668 Diva-rw;
596 1602 633 1673 ἢ
664 1604 817 1666 ποῖος
850 1601 1000 1666 λαὸς,
1040 1601 1134 1656 καὶ
1175 1603 1329 1679 ποίου
1360 1602 1526 1670 λαοῦ;
1559 1604 1669 1657 Kal.
1699 1604 1891 1670 πάλιν,

1998 416 2143 472 dabo
2175 419 2348 474 malos
2371 435 2469 490 pro
2490 420 2770 489 sepultura
2800 424 2943 492 ejus.
2976 430 3030 478 et
3059 422 3255 479 divites
3282 438 3379 494 pro
3400 433 3575 481 morte

1999 508 2167 574 illius,
2202 512 2330 580 quia
2356 511 2697 583 iniquitatem
2734 528 2840 568 non
2884 513 3033 577 fccit,
3062 528 3238 587 neque
3272 515 3433 572 dolus
3488 516 3575 571 in-

1996 611 2194 657 ventus
2221 610 2307 657 est
2336 603 2391 657 in
2440 617 2538 658 ore
2575 619 2675 658 suo
2701 604 2744 657 ⁸.
2778 622 2796 655 ι
2830 605 2898 659 Ει
2950 606 3111 674 paulo
3174 613 3320 675 post,
3357 622 3377 656 ι
3425 603 3565 659 Pro.

1998 699 2185 762 pterea
2240 691 2358 762 ipse
2383 691 2682 760 possidebit
2738 694 2963 758 multos,
2995 706 3049 749 et
3089 693 3310 749 fortium
3365 693 3573 750 dividet

1999 783 2196 852 spolia,
2232 798 2332 853 pro
2361 798 2427 839 eo
2456 783 2604 854 quod
2644 785 2842 840 tradita
2884 792 2969 840 est
3031 785 3095 840 ad
3128 793 3356 841 mortem
3391 786 3577 840 anima

1996 874 2118 943 ejus
2139 876 2400 945 quoniam
2435 874 2781 946 iniquitatem
2814 892 2923 932 non
2972 876 3122 941 fecit,
3152 884 3207 932 et
3260 877 3315 932 in
3371 876 3576 949 iniquis

1998 976 2282 1037 reputatus
2310 975 2430 1023 est:
2483 977 2538 1023 et
2590 968 2705 1039 ipse
2730 978 2949 1039 peccata
2984 970 3279 1024 multorum
3326 968 3471 1035 tulit,
3520 978 3577 1026 et

1999 1068 2224 1132 propter
2252 1061 2576 1131 iniquitates
2630 1076 2820 1117 eorum
2858 1061 3092 1118 traditus
3120 1070 3204 1119 est
3234 1063 3274 1116 ⁸.
3311 1079 3329 1114 ι
3357 1059 3432 1116 Ex
3489 1061 3578 1116 his

1996 1161 2145 1222 patet
2173 1153 2497 1223 prophetam
2520 1167 2628 1209 non
2655 1153 2801 1222 loqui
2833 1153 2900 1209 de
2929 1153 3150 1223 populo,
3183 1153 3273 1223 qui
3317 1152 3371 1207 in
3407 1151 3580 1222 Baby-

2000 1242 2178 1296 lonem
2204 1241 2476 1297 adductus
2521 1249 2628 1305 est,
2664 1242 2804 1297 sicut
2831 1242 3083 1297 nonnulli
3121 1240 3387 1313 suspicati
3424 1248 3574 1298 sunt.

1998 1331 2285 1398 Quomodo
2339 1332 2484 1388 enim
2540 1333 2777 1404 populus
2834 1345 3054 1404 propter
3109 1340 3334 1404 peccata
3387 1334 3574 1405 populi

1998 1424 2197 1481 ductus
2220 1433 2306 1481 est
2335 1425 2404 1480 ad
2436 1433 2688 1493 mortem,
2720 1435 2815 1481 aut
2844 1427 2969 1497 quis
3002 1426 3256 1497 populus,
3288 1432 3343 1482 et
3375 1426 3447 1481 ob
3480 1440 3578 1482 cu-

1994 1517 2089 1588 jus
2122 1517 2308 1588 populi
2337 1526 2559 1587 peccala
2586 1517 2639 1572 id
2669 1532 2867 1588 passus
2892 1518 3022 1575 est?
3054 1517 3121 1572 Et
3140 1518 3359 1584 iterum,
3398 1535 3418 1570 ι
3443 1517 3579 1573 Dor-

2001 1620 2121 1662 sum
2153 1620 2334 1660 meum
2374 1605 2499 1661 dedi
2555 1605 2622 1660 ad
2681 1605 2913 1678 ﬂagella,
2963 1613 3019 1662 et
3067 1622 3238 1679 genas
3297 1621 3449 1663 meas
3504 1606 3573 1662 ad

309 1713 329 1744 ι
366 1693 471 1747 Τδν
494 1694 669 1749 νῶτόν
695 1710 793 1765 μου
814 1694 992 1749 ἔδωκα
1012 1696 1093 1759 είς
1118 1696 1403 1767 μάστιγας,
1433 1696 1532 1761 τὰς
1559 1697 1616 1752 δὲ
1644 1698 1893 1767 σιαγόνας

2005 1697 2211 1768 alapas,
2237 1706 2290 1752 et
2320 1696 2514 1752 faciem
2562 1711 2737 1753 meam
2768 1712 2879 1753 non
2929 1698 3101 1755 averti
3164 1713 3196 1753 a
3248 1697 3575 1756 confusione

306 1803 419 1857 μου
468 1788 549 1851 εἰς
597 1786 946 1858 ῥαπίσματα,
985 1787 1047 1840 τὸ
1088 1787 1146 1841 δὲ
1175 1787 1467 1859 πρόσωπόν
1526 1804 1625 1859 μου
1654 1788 1752 1842 οὐκ
1789 1791 1896 1844 ἀπ-

305 1878 555 1949 έστρεψα
593 1878 699 1932 ἀπὸ
744 1878 1006 1950 αἰσχύνης
1055 1880 1482 1950 ὲμπτυσμάτων.
1524 1900 1544 1932 ι
1582 1880 1691 1935 Καὶ
1711 1881 1892 1949 πάλιν,

309 1990 333 2021 σ
384 1970 495 2023 οὐκ
520 1966 666 2040 εῖχεν
699 1966 860 2034 εἶδος,
899 1971 1020 2025 οὐδὲ
1050 1970 1265 2036 κάλλος,
1296 1971 1431 2026 ἀλλὰ
1471 1973 1532 2049 τὸ
1564 1967 1701 2037 εἶδος
1728 1973 1894 2028 αὐτοῦ

299 2061 524 2130 ἄτιμον,
548 2060 799 2113 ἐκλεῖπον
825 2060 975 2131 παρὰ
1009 2061 1133 2123 τοὺς
1171 2061 1321 2123 υἱοὺς
1362 2059 1469 2113 τῶν
1514 2059 1835 2132 ἀνθρώπων.
1870 2079 1889 2112 ι

297 2149 415 2205 Καὶ
432 2150 594 2205 πάλιν
617 2153 647 2204 6
674 2150 847 2205 ταῦτα
866 2150 1058 2213 εἰπὼν,
1086 2146 1228 2215 εἷπε,
1260 2170 1279 2202 ι
1308 2150 1419 2222 Τὴν
1440 2151 1497 2204 δὲ
1517 2151 1709 2221 γενεὰν
1729 2151 1895 2207 αὑτοῦ

294 2242 394 2305 τίς
414 2242 765 2314 διηγήσεταις
810 2261 830 2296 ι
886 2241 1071 2309 Δασὶδ,
1125 2260 1145 2294 ι
1180 2244 1300 2297 Ὅτι
1344 2241 1661 2298 ἐκύκλωσαν
1692 2260 1759 2314 με
1796 2243 1898 2298 κύ-

297 2351 400 2397 νες
434 2333 652 2388 πολλοί·
683 2333 972 2406 συναγωγὴ
1011 2334 1460 2406 πονηρευομένων
1482 2336 1769 2406 περιέσχον
1802 2353 1889 2407 με.

276 2424 551 2498 ,Ὄρυξαν
588 2426 777 2497 χεῖράς
820 2444 959 2497 μου,
1005 2426 1099 2480 καὶ
1138 2426 1304 2488 πόδας
1348 2443 1448 2498 μου
1470 2445 1482 2458 ·
1518 2426 1891 2498 ἐξηρίθμησαν

295 2518 487 2573 πάντα
509 2517 579 2572 τὰ
609 2518 741 2571 ὀστᾶ
763 2535 885 2590 μου.
908 2519 1073 2572 Αύτοι
1095 2518 1152 2572 δὲ
1178 2518 1531 2589 κατενόησαν,
1564 2519 1658 2573 καὶ
1680 2519 1891 2573 ὲπεῖδόν

296 2619 409 2682 ’με’
437 2610 814 2682 διεμερίσαντο
844 2610 914 2666 τὰ
940 2610 1133 2681 ίματιά
1163 2627 1262 2681 μου
1300 2610 1533 2676 ἑαυτοῖς,
1565 2611 1661 2665 καὶ
1686 2612 1779 2664 ἐπὶ
1799 2612 1893 2667 τὸν

302 2703 603 2774 ἱματισμόν
644 2720 746 2773 μου
794 2703 986 2757 ἔὸαλον
1031 2702 1253 2775 κλῆρον.
1287 2721 1305 2754 ι
1352 2688 1648 2776 Ἴερεμίας,
1686 2723 1705 2757 ι
1752 2704 1893 2773 Ἐγὼ

268 2791 363 2848 ’δὲ
414 2793 493 2858 ὡς
541 2794 725 2866 ἀρνίον
775 2795 982 2850 ἄκακον
1036 2795 1305 2867 ἀγόμενον
1348 2796 1443 2851 τοῦ
1492 2796 1747 2860 θύεσθαι,
1793 2797 1895 2852 οὐκ

298 2885 502 2955 ἔγνων.
537 2904 557 2938 ι
590 2887 702 2940 Καὶ
721 2886 905 2953 πάλιν,
952 2904 971 2939 ι
1009 2887 1196 2952 Δεῦτε,
1233 2887 1329 2943 καὶ
1353 2886 1710 2960 ὲμὸάλλωμεν
1741 2887 1895 2954 ξύλον

298 2980 392 3042 εἷς
415 2977 508 3031 τὸν
543 2977 705 3048 ἄρτον
731 2978 897 3033 αὐτοῦ
923 2995 937 3008 ·
959 2980 1054 3033 καὶ
1080 2979 1429 3052 ὲκτρίψωμεν
1463 2981 1625 3035 αὑτὸν
1650 2981 1760 3034 ἀπὸ
1784 2980 1896 3034 τῶν

300 3067 529 3133 ζώντων
554 3045 688 3138 (63),
712 3069 808 3124 καὶ
831 3069 893 3123 τὸ
914 3069 1084 3142 ὄνομα
1106 3045 1271 3125 αὐτού
1291 3045 1353 3124 ού
1388 3070 1463 3143 μὴ
1497 3071 1708 3143 μνησθῇ
1740 3070 1840 3128 ἔτι.
1871 3090 1891 3125 ι
1924 3045 1971 3107 c

298 3158 606 3230 Ζαχαρίας,
645 3179 664 3212 ι
702 3160 815 3215 Kal
862 3160 1053 3215 ἔλαϐον
1098 3161 1166 3216 τὰ
1189 3160 1483 3231 τριάκοντα
1524 3162 1766 3234 ἀργύρια
1799 3162 1898 3236 τὴν

301 3250 477 3321 τιμὴν
525 3250 621 3305 τοῦ
660 3252 1060 3323 τετιμημένου,
1109 3252 1170 3307 ὃν
1215 3254 1549 3325 ἐτιμήσαντο
1596 3254 1706 3307 ἀπὸ
1765 3254 1896 3309 υἱῶν

314 3342 571 3413 Ἰσραήλ·
609 3343 702 3397 καὶ
744 3343 950 3398 ἔδωκαν
1002 3344 1142 3399 αύτὰ
1173 3347 1254 3409 είς
1277 3345 1369 3400 τὸν
1397 3344 1568 3417 ἀγρὸν
1598 3344 1694 3400 τοῦ
1733 3363 1896 3418 κερα-

304 3435 482 3506 μέως,
523 3434 663 3488 καθὰ
689 3435 950 3503 συνέταξε
978 3453 1069 3508 μοι
1094 3436 1319 3510 Κύριος.
1356 3455 1376 3489 ι

302 3569 388 3623 Z’.
422 3567 563 3638 Περὶ
602 3569 710 3625 τοῦ
764 3568 1066 3638 σταυροῦ,
1107 3567 1204 3625 καὶ
1255 3571 1361 3625 τοῦ
1387 3569 1712 3640 γενομένου
1752 3570 1897 3625 σκό-

1022 3657 1190 3706 τους.

397 3791 415 3824 ι
454 3772 565 3844 (64)
600 3773 833 3844 Ὅψεσθε
875 3774 977 3847 τὴν
1024 3774 1169 3846 ζωὴν
1200 3774 1355 3847 ὑμῶν
1410 3775 1765 3847 κρεμαμένην
1796 3776 1901 3830 ἀπ-

304 3867 512 3921 έναντι
547 3863 653 3918 τῶν
685 3865 975 3938 ὀφθαλμῶν
1004 3866 1180 3938 ὑμῶν,
1217 3868 1313 3920 καὶ
1344 3868 1403 3921 ού
1447 3868 1521 3939 μὴ
1549 3867 1896 3938 πιστεύσητε,

302 3959 417 4011 ἐᾶν
445 3973 530 4020 τις
559 3956 879 4028 ἐκδιηγεῖται
909 3959 1057 4029 ὑμῖν.
1087 3958 1160 4012 Τὸ
1188 3958 1332 4031 πρωῒ
1358 3960 1523 4030 ἐρεῖς·
1544 3958 1669 4024 Πῶς
1686 3958 1901 4028 ἐγένετο

304 4049 553 4119 ἑτπέρα;
569 4050 661 4102 καὶ
682 4049 739 4103 τὸ
754 4050 1011 4124 ἑσπέρας
1042 4049 1165 4115 Πῶς
1185 4050 1405 4119 ἐγένετο
1420 4052 1601 4121 πρωῖ;
1636 4070 1655 4103 ι
1695 4049 1897 4121 Ἀμὼς,

313 4158 332 4190 ι
367 4139 479 4192 Kal
504 4136 655 4193 ἔσται
689 4141 745 4193 ὲν
770 4143 838 4211 τῇ
861 4140 1045 4212 ἡμέρᾳ
1068 4139 1273 4212 ἐκείνῃ,
1299 4138 1448 4209 λέγει
1474 4139 1679 4211 Κύριος
1700 4142 1728 4194 6
1747 4138 1899 4206 Θεὸς,

306 4231 545 4284 Δύσεται
600 4233 630 4284 ὁ
674 4231 825 4303 ἣλιος
874 4232 1258 4305 μεσημϐρίας,
1316 4233 1411 4287 καὶ
1465 4232 1790 4287 συσκοτάσει
1845 4233 1902 4285 ὲν

1996 1796 2280 1860 sputorum
2311 1789 2353 1846 '.
2395 1807 2414 1842 ι
2446 1788 2513 1843 Ει
2540 1804 2759 1855 rursus,
2800 1808 2819 1842 ι
2849 1788 2970 1846 Non
3027 1789 3263 1846 habebat
3316 1791 3577 1861 speciem,

1996 1893 2175 1950 neque
2207 1877 2483 1944 decorem,
2542 1879 2640 1935 sed
2680 1881 2893 1951 species
2947 1880 3069 1952 ejus
3124 1879 3471 1948 inhonorata,
3524 1889 3580 1937 et

1997 1969 2258 2027 deficiens
2284 1985 2395 2042 pra:
2434 1969 2562 2027 filiis
2621 1971 2905 2027 hominum
2929 1971 2974 2025 ⁸.
3011 1989 3030 2025 ι
3091 1969 3159 2027 Ει
3209 1985 3405 2027 rursus
3451 1986 3578 2028 cum

1997 2058 2114 2114 haec
2142 2058 2398 2123 dixisset,
2452 2060 2550 2126 ait,
2601 2077 2621 2112 ι
2656 2058 3075 2118 Generationem
3100 2061 3224 2133 ejus
3259 2062 3388 2133 quis
3418 2077 3583 2118 enar-

1998 2151 2145 2205 rabit
2170 2151 2241 2204 ’ἲ
2281 2170 2299 2202 ι
2340 2150 2535 2217 David,
2597 2169 2616 2205 ι
2659 2150 2926 2219 Quoniam
2976 2153 3456 2210 circumdederunt
3495 2169 3583 2209 me

1998 2258 2162 2298 canes
2191 2242 2370 2312 multi,
2430 2242 2729 2298 concilium
2762 2243 3178 2314 malignantium
3209 2245 3426 2301 obsedit
3471 2259 3579 2300 me.

1998 2332 2278 2388 Fuderunt
2303 2347 2498 2389 manus
2523 2348 2693 2401 meas,
2728 2342 2779 2390 et
2811 2335 2975 2405 pedes
3026 2350 3220 2404 meos;
3261 2336 3580 2392 dinumera-

2001 2430 2198 2478 verunt
2229 2423 2414 2478 omnia
2444 2438 2569 2480 ossa
2600 2440 2741 2481 mea.
2779 2423 2887 2497 Ipsi
2933 2441 3068 2484 vero
3091 2427 3583 2485 consideraveruut

2001 2521 2056 2570 et
2113 2515 2470 2584 inspexerunt
2526 2531 2651 2583 me;
2716 2516 3026 2575 diviserunt
3085 2518 3189 2574 sibi
3255 2520 3580 2575 vestimenta

2003 2620 2145 2672 mea,
2175 2614 2229 2661 et
2255 2621 2419 2677 super
2449 2615 2658 2664 vestem
2687 2623 2865 2665 meam
2909 2610 3179 2667 miserunt
3213 2618 3418 2667 sortem
3449 2610 3517 2668 ‘°.
3555 2628 3577 2665 ι

2000 2695 2283 2763 Jeremias,
2325 2717 2344 2752 ι
2372 2698 2485 2771 Ego
2529 2709 2713 2757 autem
2758 2703 2915 2773 quasi
2947 2718 3119 2774 agnus
3167 2703 3436 2761 innocens
3475 2702 3577 2758 du-

2002 2797 2126 2846 ctus
2181 2790 2249 2846 ad
2309 2791 2729 2861 immolandum,
2780 2809 2889 2850 nou
2920 2796 3317 2868 cognoscebam
3349 2797 3418 2852 “.
3449 2815 3469 2850 ι
3521 2795 3588 2854 Et

2001 2897 2221 2948 rursus,
2252 2901 2272 2937 ι
2317 2884 2527 2949 Venite,
2572 2896 2626 2942 et
2679 2886 2965 2943 mittamus
3022 2886 3232 2959 lignum
3287 2886 3345 2944 in
3389 2902 3586 2960 panem

2000 2972 2139 3044 ejus,
2181 2984 2236 3031 et
2282 2984 2599 3032 exteramus
2625 2990 2751 3031 eum
2810 2991 2842 3032 e
2894 2975 3227 3044 viventibus,
3280 2983 3336 3032 et
3385 2990 3584 3033 nomen

2005 3066 2125 3137 ejus
2149 3081 2259 3122 non
2281 3074 2613 3123 memoretur
2644 3066 2882 3137 amplius
2913 3066 2978 3121 “.
3019 3086 3039 3120 ι
3077 3065 3409 3132 Zacharias,
3452 3082 3474 3118 ‹
3523 3065 3587 3120 Et

2005 3166 2334 3229 acceperunt
2370 3158 2595 3228 triginta
2645 3166 2935 3229 argenteos
2969 3158 3206 3228 pretium
3266 3156 3583 3228 appretiati,

2004 3266 2169 3324 quem
2210 3251 2658 3322 appretiaverunt
2693 3264 2724 3303 a
2764 3249 2893 3305 filiis
2945 3249 3147 3317 Israel;
3196 3257 3252 3304 et
3291 3248 3562 3306 dederunt

2004 3360 2101 3401 eos
2155 3344 2212 3398 in
2269 3358 2461 3413 agrum
2514 3342 2683 3414 ﬁguli,
2741 3342 2887 3399 sicut
2954 3341 3242 3399 constituit
3293 3342 3427 3398 mihi
3480 3339 3587 3398 Do-

2004 3437 2190 3492 minus
2210 3436 2309 3489 υ.»

2007 3569 2116 3626 Vll.
2151 3569 2232 3626 De
2260 3585 2434 3638 cruce,
2467 3577 2519 3625 et
2548 3568 2773 3693 lenef'vris
2802 3584 2919 3694 qu‘ae
2964 3568 3017 3624 in
3048 3567 3251 3624 Christi
3295 3574 3464 3623 morte
3498 3566 3584 3637 fa-

2636 3656 2663 3694 c
2694 3655 2739 3694 ae
2764 3657 2862 3694 sun
2893 3679 2908 3693 .

2636 3650 2739 3697 ϐίω
2764 3650 2908 3695 sunt.

2084 3788 2103 3821 ι
2143 3768 2415 3825 Videbitis
2440 3769 2607 3823 vitam
2641 3775 2879 3824 vestram
2901 3766 3226 3839 pendentem
3247 3773 3373 3821 ante
3395 3765 3586 3823 oeulos

2007 3866 2242 3924 vestros,
2275 3866 2329 3915 et
2355 3872 2463 3914 non
2503 3855 2762 3920 credetis,
2798 3857 2842 3912 si
2877 3857 3001 3927 quis
3034 3856 3375 3911 enarraverit
3408 3854 3584 3911 vobis.

2009 3950 2165 4007 Mane
2198 3950 2350 4007 dices
2395 3968 2408 4005 :
2456 3947 2741 4017 Quomodo
2768 3946 2913 4002 facta
2942 3954 3028 4003 est
3078 3947 3345 4018 vespera?
3391 3943 3458 4000 Et
3489 3961 3588 4001 ve-

2009 4044 2192 4114 speri:
2224 4042 2507 4110 Quomodo
2539 4041 2744 4097 factum
2772 4049 2859 4096 est
2888 4054 3045 4095 mane
3078 4040 3161 4093 “i
3190 4059 3208 4092 ι
3238 4040 3425 4105 Amos,
3462 4056 3481 4090 ι
3521 4036 3589 4091 Et

2008 4135 2113 4191 erit
2140 4135 2196 4189 in
2219 4134 2310 4190 die
2339 4134 2451 4202 illa,
2478 4132 2613 4188 dicit
2634 4130 2899 4185 Dominus
2932 4129 3096 4194 Deus,
3120 4128 3344 4183 Occidet
3366 4128 3447 4182 sol
3468 4142 3587 4184 me-

2010 4228 2171 4293 ridie,
2218 4235 2273 4283 et
2311 4224 2769 4283 contenebrescct
2802 4222 2857 4275 in
2902 4220 2993 4276 die
3029 4219 3123 4274 lux
3148 4220 3213 4272 ¹⁸.
3249 4238 3267 4270 ι
3291 4217 3581 4285 Jeremias,

309 4323 500 4394 ἡμέρᾳ
528 4322 591 4376 τὸ
622 4322 760 4391 φῶς.
804 4341 824 4374 ι
868 4323 1159 4395 Ἱερεμίας,
1190 4341 1210 4375 ι
1261 4323 1552 4376 Ἐπέδυσεν
1582 4323 1611 4376 6
1637 4322 1789 4394 ἥλιος
1822 4322 1893 4376 ἔτι

2016 4338 2034 4371 ι
2068 4314 2438 4376 Occidit'sol.
2500 4328 2626 4369 cum
2684 4310 2863 4367 adhuc
2886 4309 3100 4366 medius
3152 4307 3270 4365 dies
3290 4308 3517 4365 esset“.
3562 4325 3582 4361 ι

312 4413 595 4486 μεσούσης
636 4416 734 4485 τῆς
760 4415 995 4488 ἡμέρας.
1035 4435 1054 4467 ι
1100 4416 1351 4478 ’ῐίσαῖας,
1384 4432 1402 4466 ι
1441 4414 1609 4486 Ὅλην
1632 4413 1731 4486 τὴν
1769 4413 1893 4487 ήμέ·

2010 4409 2200 4477 Isaias,
2236 4426 2255 4462 ι
2288 4406 2427 4464 Tota
2456 4407 2546 4463 die
2579 4405 2816 4477 expandi
2845 4418 3042 4459 manus
3058 4417 3207 4457 meas
3224 4401 3292 4457 ad
3324 4400 3586 4472 populum

311 4523 421 4580 ραν
484 4506 782 4561 διεπέτασα
835 4508 934 4571 τὰς
998 4508 1185 4579 χεῖράς
1234 4524 1336 4579 μου
1390 4506 1527 4577 πρὸς
1571 4507 1699 4561 λαὸν
1751 4507 1893 4561 ἀντι-

2009 4501 2383 4566 incredulum,
2435 4507 2493 4557 et
2536 4497 3009 4555 contradicentem
3064 4495 3130 4550 ".
3168 4512 3188 4547 ι
3254 4491 3322 4547 Ει
3370 4507 3588 4556 rursus,

311 4598 578 4666 λέγοντα,
625 4600 719 4653 καὶ
759 4598 1106 4653 ἀπειθῶντα.
1150 4618 1169 4652 ι
1214 4600 1325 4653 Kal
1373 4598 1571 4665 πάλιν,
1630 4617 1649 4651 ι
1700 4599 1893 4670 ’Ἄρατε

2017 4614 2037 4649 ι
2078 4594 2276 4651 Levate
2300 4595 2515 4661 signum
2540 4593 2594 4648 in
2611 4597 2802 4663 gentes
2830 4589 2898 4643 ".
2937 4606 2956 4641 ι
2985 4588 3049 4643 Ει
3071 4602 3288 4651 rursus,
3316 4604 3337 4639 ι
3360 4582 3426 4639 Et
3456 4591 3590 4639 tunc

309 4688 602 4760 σύσσημον
661 4691 742 4753 εις
785 4691 856 4744 τὰ
898 4689 1046 4762 ἔθνη.
1091 4709 1110 4742 ι
1151 4690 1257 4745 Kal.
1312 4689 1495 4755 πάλιν,
1555 4708 1574 4741 ι
1612 4689 1724 4743 Kal.
1779 4689 1893 4742 τότε

2007 4687 2125 4743 ιιωο
2135 4681 2827 4748 consummabuntur,dicit
2848 4679 3134 4742 Dominus,
3152 4677 3370 4749 quando
3384 4676 3589 4748 lignum

310 4781 491 4832 ταῦτα
541 4780 1058 4852 συν-τελεσθήσεται,
1106 4781 1255 4850 λέγει
1302 4780 1529 4854 Κύριος,
1578 4782 1707 4834 ὅταν
1747 4779 1893 4846 ξύλον

2015 4776 2288 4848 lignorum
2311 4776 2608 4831 inclinatus
2644 4772 2824 4838 fuerit,
2842 4778 2898 4827 et
2943 4779 3210 4842 resurget,
3244 4778 3299 4826 et
3321 4766 3591 4840 quandoe

311 4868 493 4935 ξύλων
532 4869 722 4957 χλιθιῇ,
776 4871 871 4926 καὶ
923 4872 1163 4944 ἀναστῇ,
1198 4873 1291 4927 xal.
1317 4874 1445 4927 ὅταν
1476 4874 1540 4925 ὲκ
1571 4871 1727 4939 ξύλου
1765 4866 1893 4944 αἷμα

2010 4868 2158 4941 ligno
2179 4868 2403 4940 sanguis
2428 4866 2715 4924 distillabit
2737 4865 2799 4922 ".
2813 4862 3267 4928 iZacbarias,iEt
3283 4863 3410 4927 erit,
3434 4862 3490 4918 in
3504 4861 3591 4916 die

389 5026 415 5059 '
440 5027 552 5101 rlsa.
584 5029 881 5101 uiue-9.
914 5029 1083 5101 fisa.
1116 5045 1234 5094 uri,
1264 5030 1405 5101 12.”
1453 5032 1475 5064 '
1499 5030 1602 5088 lsa.
1638 5048 1692 5097 ι..
1725 5031 1782 5089 6.
1856 5033 1879 5067 '

2002 5078 2005 5087 .
2037 5051 2157 5101 ιιιι,
2180 5034 2243 5101 2.
2354 5032 2527 5090 "ihid.
2559 5033 2615 5087 8.
2729 5033 2772 5064 ¹⁹
2796 5030 2941 5087 Psal.
2977 5043 3094 5093 xxi,
3126 5029 3312 5101 ιτ-ιιι,
3411 4990 3451 5059 ⁸7⁸
3474 5023 3587 5101 Jer.

312 5114 403 5171 si.
432 5098 518 5153 l9.
594 5102 639 5131 ¹¹
661 5094 823 5171 ἰζιίἀη
845 5099 1079 5157 "Zach.
1108 5117 1184 5165 xi,
1220 5101 1322 5169 12;
1360 5100 1549 5157 Matth.
1595 5094 1767 5167 xxvii,
1800 5104 1893 5159 10.
1972 5094 2188 5164 “Deut.
2219 5119 2414 5171 xmu,
2447 5103 2537 5169 66,
2575 5102 2665 5158 67.
2709 5104 2753 5135 "
2776 5103 2945 5156 Amos
2972 5115 3090 5165 vm,
3115 5099 3169 5155 9.
3214 5094 3387 5151 “Jer.
3424 5109 3514 5157 xv,
3530 5095 3586 5148 9.

312 5170 361 5202 "
383 5166 493 5227 lsa.
525 5184 651 5237 uv,
683 5170 852 5236 2,12.
933 5172 1101 5227 “lsa.
1127 5187 1260 5236 Lxu,
1286 5166 1376 5229 {0.
1454 5172 1497 5205 ¹⁹
1522 5171 1689 5229 Zach.
1716 5166 1832 5242 xiv,
1867 5175 1923 5242 6,
1951 5175 2003 5231 7.

395 5302 803 5384 (ϐιγσιξιιιηιιηι
825 5305 1050 5384 εύρέθη,
1077 5305 1234 5362 deest
1266 5306 1320 5384 in
1340 5305 1587 5384 editione
1627 5305 1771 5361 LXX
1816 5307 1893 5384 ln-l

2008 5311 2298 5384 lectionem
2323 5314 2633 5384 sequunth
2667 5304 2926 5384 Justinus
2954 5304 3008 5359 in
3024 5301 3261 5384 “Dialog.
3295 5315 3422 5384 cunt
3454 5297 3588 5384 Try-

310 5370 654 5458 terprétum,
691 5374 818 5458 _sed_
857 5370 1107 5458 habetur
1136 5376 1283 5458 apud
1333 5374 1639 5458 Iustinum,
1673 5384 1729 5432 et
1758 5376 1904 5458 apud
2011 5382 2199 5458 pingue,
2232 5395 2383 5458 .pag.
2404 5370 2541 5442 999,
2571 5376 2965 5458 'l_‘er_tu|li_anus_,
3016 5370 3328 5458 gyprianus
3360 5370 3588 5458 etmalii.

308 5443 661 5525 antigenes
691 5447 881 5525 laudat
931 5443 1188 5525 Nobilius
1212 5447 1267 5503 in
1307 5447 1729 5525 notis,_Aquibus
1767 5443 1909 5505 adde
2064 5443 2212 5525 ΑΨ).
2232 5443 2455 5506 σίνέτειι
2485 5459 2568 5505 est
2592 5447 2758 5516 hujus
2799 5444 2903 5501 loci
2931 5443 3094 5525 lectio
3124 5452 3235 5525 tam
3270 5443 3324 5498 in
3348 5443 3592 5525 editione

308 5511 735 5591 Tertull'ianum
756 5518 1022 5591 Adversus
1043 5518 1293 5591 Iudaea,
1315 5533 1438 5590 cap.
1468 5511 1562 5573 1οξ

2017 5511 2159 5577 LXX
2184 5511 2578 5591 interpretum,
2637 5511 2802 5589 quam
2831 5514 2975 5588 apud
3020 5511 3329 5583 Iustinum,
3372 5511 3537 5568 Tertu
3564 5541 3590 5553 -

402 5588 520 5658 (62)
548 5587 733 5643 Codex
768 5588 1066 5658 antiquior,
1100 5593 1166 5647 ὲκ
1182 5587 1400 5645 τούτουζ
1537 5656 1545 5658 _

2016 5594 2223 5649 tinuum
2255 5599 2307 5649 et
2335 5587 2493 5649 alios.

406 5656 523 5725 (τε)
559 5658 741 5715 Editio
772 5656 1159 5737 LXXlnterpr.
1211 5662 1321 5717 ἀπὸ
1348 5660 1453 5732 γῆς
1481 5656 1721 5728 ζώντων,
1740 5669 1908 5730 quam
