3896 6208
223 250 333 303 217

1285 252 1698 316 TESTIMONIA
1747 253 2120 314 ADVERSUS
2157 257 2470 317 JUDEOS.

3409 265 3514 321 218

229 366 451 436 ὑγιάσει
490 366 639 438 ἡμᾶς
682 368 824 439 μετὰ
869 368 964 423 δύο
1015 372 1270 443 ἡμέρας·
1323 374 1383 427 ἐν
1426 377 1493 446 τῇ
1528 375 1713 447 ἡμέρα
1750 377 1818 447 τῇ

1938 376 2092 433 Faciet
2142 386 2267 450 post
2316 378 2436 436 dies
2489 377 2658 445 duos;
2703 377 2759 433 in
2803 377 2893 433 die
2949 376 3116 433 tertio
3155 391 3513 450 resurgemus

238 459 396 530 τρίτῃ
422 460 840 531 ἁναστησόμεθα
882 462 1116 517 ἐνώπιον
1145 463 1334 532 αὑτοῦ,
1357 467 1451 520 καὶ
1474 468 1825 538 γνωσόμεθα,

234 550 520 622 διιὶιξωμεν
559 552 650 606 τοῦ
681 554 886 622 γνῶναι
931 557 1022 610 τὸν
1069 557 1271 636 Κύριον
1304 559 1457 630 (73),
1500 559 1576 625 ὡς
1630 560 1828 631 ὄρθρον

237 644 461 714 ἕτοιμον
497 645 801 717 εὑρήσομεν
830 648 944 718 (74)
986 649 1170 704 αὐτόν.
1213 669 1232 702 ι
1289 651 1474 716 Δαδὶδ,
1516 670 1535 703 ι
1580 652 1702 706 ὐτι
1728 654 1830 706 οὐκ

235 736 648 805 ἐγκαταλείψεις
682 739 784 809 τὴν
811 738 992 809 ψυχήν
1027 757 1128 810 μου
1176 742 1258 805 είς
1302 741 1456 815 ᾅδην,
1484 743 1605 797 οὐδὲ
1637 743 1828 808 δώσεις

237 828 328 882 τὸν
356 830 499 883 ὅσιόν
530 847 623 883 σου
658 830 787 884 ἰδεῖν
818 832 1135 905 διαφθοράν.
1170 855 1190 887 ι
1229 834 1335 889 Καὶ
1378 836 1561 901 πάλιν,
1600 854 1622 888 ι
1670 836 1827 904 Ἐγεο

236 920 406 993 vi;qu
444 923 578 977 ὡσεὶ
633 923 921 995 ἄνθρωπος
959 926 1284 999 ἁὸοήθητος,
1319 930 1376 982 ἐν
1410 931 1629 1001 νεκροῖς
1672 926 1828 981 ἐλεύ-

236 1012 410 1085 θερος.
456 1035 475 1069 ι
510 1016 610 1080 Τίς
648 1016 706 1069 δὲ
754 1017 1037 1091 ἐλεύθερος
1085 1019 1349 1088 θανάτου,
1404 1023 1452 1075 εἰ
1489 1020 1564 1093 μὴ
1593 1024 1622 1076 6
1658 1020 1827 1086 Θεός;

236 1105 431 1175 Γέγονε
458 1107 571 1179 γὰρ
606 1108 741 1162 ὡσεὶ
784 1109 1075 1183 ἄνθρωπος
1112 1112 1451 1184 ἀϐοήθητος,
1483 1111 1829 1176 ταπεινώσας

233 1196 335 1267 τὴν
404 1198 602 1253 ἑαυτοῦ
673 1202 854 1272 σάρκα
912 1201 1072 1272 μέχρι
1131 1201 1396 1269 Θανάτου,
1472 1202 1702 1258 θανάτου
1770 1202 1828 1255 δὲ

236 1292 499 1362 σταυροῦ.
548 1294 798 1359 Ἠσαῖας,
837 1313 856 1347 ι
909 1295 1040 1350 Ἰδοὺ
1071 1296 1187 1366 (75)
1208 1296 1401 1368 τίθημι
1425 1297 1484 1350 ἐν
1515 1297 1655 1351 Σιὼν
1682 1294 1828 1349 λίθον

235 1382 654 1453 ἀκρογωνιαῖον,
681 1388 958 1455 ἐκλεκτὸν,
985 1386 1203 1460 ἔντιμον
1224 1405 1241 1422 ·
1276 1389 1371 1444 καὶ⁵
1394 1391 1424 1444 6
1455 1387 1725 1443 πιστεύων
1747 1389 1829 1452 εἰς

237 1474 403 1528 αύτδν
424 1477 485 1530 οὐ
517 1481 1071 1551 καταισχυνθήσεται.
1098 1500 1118 1534 ι
1145 1482 1341 1552 Γέγονε
1369 1482 1481 1555 γὰρ
1508 1500 1526 1533 ι
1556 1483 1637 1546 εἰς
1660 1497 1828 1551 κεφα-

235 1564 339 1637 λὴν
366 1568 587 1635 γωνίας,
616 1589 636 1622 ι
663 1571 858 1643 ἐτέρας
881 1572 1399 1645 δηλαδὴόίκοδομῆς
1422 1573 1534 1647 (76)
1560 1574 1658 1645 τῆς
1685 1572 1827 1628 κατὰ

237 1658 339 1730 τὴν
381 1661 731 1734 Ἐκκλησίαν,
745 1664 869 1735 ἦτις
890 1665 1007 1719 ἐστὶ
1034 1666 1148 1737 (77)
1183 1665 1472 1739 θαυμαστὴ
1499 1668 1593 1722 ἐπὶ
1628 1665 1827 1736 ὀφθαλ-

239 1754 365 1821 μοῖς
395 1752 579 1825 ἡμῶν.

636 1847 710 1903 6'.
751 1848 887 1919 Περὶ
913 1850 1026 1920 τῆς
1057 1851 1443 1922 ἀναλήψεως.

312 1936 500 2000 Δαϐὶδ,
536 1958 555 1989 ι
591 1940 780 2014 Ἀνέϐη
824 1945 854 1997 6
879 1944 1013 2008 Θεὸς
1059 1948 1116 1998 ἐν
1156 1944 1480 2016 ἀλαλαγμῷ,
1518 1942 1717 2013 Κύριος
1771 1944 1829 1997 ὲν

234 2033 394 2101 φωνῇ
437 2032 753 2103 σάλπιγγος.
793 2056 811 2088 t
848 2037 970 2090 Ὅτι
1010 2037 1067 2091 δὲ
1096 2038 1226 2110 περὶ
1258 2037 1352 2092 τοῦ
1387 2038 1641 2109 Σωτῆρος
1669 2035 1827 2107 ἡμῶν

232 2122 511 2187 λέλεκται,
529 2127 728 2198 Δανιὴλ
741 2128 910 2197 λέγει,
929 2148 948 2181 ι
988 2130 1304 2202 Ἐθεώρουν,
1329 2150 1346 2181 ι
1366 2132 1520 2202 φησι,
1546 2150 1563 2180 ι
1593 2130 1687 2183 καὶ
1717 2128 1826 2181 ἰδοὺ

236 2212 426 2283 θρένοι
471 2216 756 2288 ἐτέθησαν,
814 2220 907 2272 καὶ
951 2220 1185 2283 Παλαιὸς
1235 2220 1460 2292 ἡμερῶν
1504 2219 1759 2291 ἐκάθητο.
1802 2237 1822 2269 ι

230 2304 344 2360 Καὶ
393 2307 533 2376 μετά
574 2325 719 2373 τινα,
772 2327 792 2360 ι
832 2309 937 2365 Καὶ
968 2311 1076 2366 ἰδοὺ
1116 2311 1259 2376 μετὰ
1304 2310 1412 2365 τῶν
1460 2309 1702 2383 νεφελῶν
1732 2307 1826 2364 τοῦ

230 2400 494 2466 ούρανοῦ,
529 2400 606 2464 ὡς
632 2402 760 2465 Υἱὸς
782 2402 1074 2475 ἀνθρώπου
1099 2404 1396 2477 ἐρχόμενος
1419 2421 1434 2436 ο
1468 2406 1562 2459 καὶ
1594 2404 1700 2469 ἕως
1731 2403 1826 2458 τοῦ

230 2490 481 2545 Παλαιοῦ
522 2493 631 2546 τῶν
669 2493 892 2565 ἡμερῶν
940 2494 1163 2564 ἔφθασε,
1211 2495 1308 2550 καὶ
1363 2496 1645 2568 προσήχθη
1689 2496 1825 2568 (78)⁶

230 2584 390 2653 αὐτῷ
415 2585 577 2656 ἐδόθη
606 2588 639 2657 ἡ
672 2586 829 2659 τιμὴ,
851 2587 946 2641 καὶ
971 2589 1005 2658 ἡ
1028 2586 1192 2659 ἀρχὴ,
1220 2587 1315 2641 καὶ
1340 2589 1374 2658 ὴ
1414 2586 1687 2658 βασιλείαο
1734 2587 1829 2640 καὶ

231 2678 441 2742 παντες
485 2679 537 2731 οἱ
581 2679 733 2746 λαοὶ,
771 2678 967 2749 φυλαὶ,
1005 2681 1100 2733 καὶ⁸
1153 2680 1395 2752 γλῶσσαι
1448 2678 1827 2734 δουλεύσουσιν

232 2767 421 2838 αὐτῷ’
460 2770 494 2839 ή
539 2770 759 2835 ἐξουσία
806 2769 1013 2835 αὑτοῦ,
1052 2770 1270 2835 ἐξουσία
1321 2770 1569 2834 αἰώνιος“,
1600 2771 1724 2841 ἥτις
1764 2768 1826 2822 ού

236 2859 608 2931 παρελεύσει,
664 2862 821 2932 καὶὴ
870 2860 1116 2933 βασιλεία
1146 2859 1311 2915 αὐτοῦ
1350 2861 1412 2914 ού
1460 2860 1827 2932 διαφθαρήσε-

236 2969 354 3005 ται.
388 2972 406 3004 ι
436 2951 541 3005 Καὶ
561 2952 792 3023 ἀλλαχοῦ
814 2953 999 3017 Δαϐὶδ,
1025 2972 1044 3005 ι
1075 2950 1243 3007 Εἶπεν
1268 2956 1297 3008 6
1319 2952 1517 3024 Κύριος
1537 2952 1614 3024 τῷ
1637 2951 1828 3025 Κυρίῳ

1927 482 2111 522 coram
2142 482 2229 533 eo,
2268 476 2323 524 et
2349 468 2608 525 sciemus.
2659 467 3063 539 Persequamur
3095 477 3154 523 ut
3204 484 3513 539 cognosca-

1929 574 2052 615 mus
2098 557 2410 623 Dominum,
2459 561 2619 632 quasi
2666 577 2827 617 mane
2874 571 3128 630 paratum
3169 562 3514 617 inveniemus

1927 665 2050 705 eum
2098 653 2166 705 ".
2207 671 2224 704 ι
2284 652 2471 717 David,
2511 672 2530 703 ι
2568 653 2839 719 Quoniam
2868 669 2979 708 non
3006 654 3362 726 derelinques
3401 654 3517 707 ani-

1928 758 2073 798 mam
2101 760 2274 799 meam
2300 746 2353 799 in
2382 744 2603 801 inferno
2632 764 2645 799 :
2682 760 2860 815 neque
2893 747 3051 803 dabis
3080 756 3334 802 sanctum
3361 757 3513 801 tuum

1925 837 2111 909 videre
2143 840 2550 908 corruptionem
2592 839 2659 891 '°.
2703 858 2723 891 ›
2757 838 2817 892 Et
2843 854 3058 903 rursus,
3103 857 3121 890 ι
3156 838 3355 895 Factus
3388 857 3511 895 smn

1929 925 2076 983 sicut
2127 926 2290 982 homo
2316 928 2435 983 sine
2464 927 2741 998 adjutorio
2774 929 2918 984 inter
2943 936 3191 985 mortuos
3223 929 3359 983 liber
3394 930 3460 984 ³⁸.
3488 948 3508 981 ι

1927 1019 2066 1088 Quis
2110 1035 2238 1076 vero
2281 1020 2421 1076 liber
2470 1037 2500 1075 a
2552 1031 2727 1077 morte
2770 1022 2877 1078 nisi
2927 1021 3115 1078 Deus?
3180 1019 3381 1077 Factus
3431 1031 3517 1078 est

1928 1116 2072 1170 enim
2098 1115 2241 1170 sicut
2265 1116 2427 1169 homo
2454 1115 2657 1169 auxilio
2687 1114 3007 1181 destitutus,
3042 1130 3169 1171 cum
3205 1114 3517 1169 humiliavit

1928 1221 2149 1261 carnem
2200 1221 2356 1261 suam
2407 1221 2583 1275 usque
2642 1207 2709 1261 ad
2744 1215 2999 1272 mortem,
3047 1215 3284 1260 mortem
3332 1213 3515 1260 autem

1929 1300 2133 1354 crucis.
2186 1296 2383 1362 Isaias,
2438 1316 2459 1351 ι
2496 1298 2641 1353 Ecce
2678 1314 2782 1369 ego
2815 1313 2955 1370 pono
3006 1299 3061 1353 in
3102 1299 3234 1353 Sion
3278 1296 3515 1368 lapidem

1928 1406 2203 1447 summum
2226 1391 2567 1461 angularem,
2596 1390 2855 1452 electum,
2881 1389 3300 1456 lronorabilem;
3336 1396 3391 1444 et
3419 1389 3514 1460 qui

1929 1483 2227 1539 crediderit
2278 1482 2334 1538 in
2368 1497 2519 1547 eum,
2572 1498 2679 1537 non
2710 1482 3082 1537 confundetur
3121 1480 3187 1535 ".
3229 1501 3248 1533 ι
3286 1479 3514 1535 Factum

1928 1583 2015 1632 est
2058 1577 2203 1632 enim
2244 1594 2262 1627 ι
2292 1577 2346 1630 in
2398 1582 2563 1646 caput
2605 1576 2791 1646 anguli
2843 1574 2887 1607 ³³
2929 1595 2975 1639 ι,
3009 1573 3237 1629 alterius
3262 1572 3516 1629 videlicet

1931 1670 2472 1739 aadiiiciiEcclesiae
2530 1685 2653 1742 qua:
2708 1676 2794 1725 est
2865 1669 3141 1725 mirabilis
3216 1667 3272 1723 in
3336 1667 3514 1723 oculis

1931 1765 2163 1822 nostris.
2921 1774 2929 1779 '

2421 1851 2513 1909 IX.
2558 1853 2638 1909 De
2676 1853 3013 1908 Ascensione.

2000 1945 2195 2013 David,
2252 1962 2269 1997 ι
2310 1945 2576 2001 Ascendit
2614 1945 2757 2001 Deus
2806 1945 2860 1999 in
2900 1945 3101 2016 juhilo,
3155 1942 3420 1997 Dominus
3461 1940 3513 1995 in

1927 2056 2062 2096 voce
2101 2041 2247 2095 tuba:
2288 2040 2356 2096 ".
2392 2058 2410 2090 ι
2468 2037 2595 2093 ΙΙωο
2641 2047 2824 2094 autent
2874 2038 2942 2094 de
3003 2037 3295 2092 Salvatore
3327 2047 3519 2091 nostro

1929 2132 2123 2194 asseri.
2168 2148 2233 2187 ex
2270 2147 2336 2187 co
2365 2132 2664 2201 colligitur,
2699 2131 2847 2202 quod
2894 2130 3083 2184 Daniel
3110 2128 3281 2194 dicat,
3321 2146 3339 2179 ι
3379 2126 3519 2182 Ecce

1927 2225 2111 2279 throni
2161 2225 2321 2295 positi
2372 2231 2523 2284 sunt,
2555 2235 2610 2278 et
2654 2224 2929 2292 Antiquus
2968 2221 3181 2275 diorum
3224 2218 3366 2274 sedit
3396 2219 3460 2271 ³³⁵.
3493 2239 3512 2273 ι

1929 2310 1994 2365 Ει
2031 2313 2190 2383 paulo
2239 2322 2381 2383 post,
2432 2331 2450 2363 ι
2494 2311 2559 2365 Et
2590 2327 2720 2367 ecce
2750 2327 2873 2367 cum
2912 2311 3156 2367 nubibus
3200 2310 3323 2366 coeli
3357 2309 3519 2379 quasi

1928 2403 2101 2459 Filius
2149 2403 2391 2458 huminis
2439 2404 2700 2466 veniens,
2754 2414 2808 2458 et
2872 2419 3048 2475 usque
3097 2402 3163 2458 ad
3216 2403 3518 2471 Antiquum

1932 2495 2147 2551 dierum
2189 2496 2437 2567 pervenit
2493 2503 2547 2550 et
2592 2494 2865 2550 adductus
2913 2505 3016 2551 est.
3050 2495 3157 2566 Ipsi
3216 2494 3378 2551 datus
3431 2503 3519 2550 est

1931 2589 2124 2653 honor,
2164 2587 2535 2658 principatus,
2570 2594 2626 2641 ct
2666 2601 2918 2657 regnum,
2969 2593 3022 2641 et
3074 2601 3265 2641 omnes
3307 2584 3515 2656 populi,

1931 2681 2127 2744 tribus,
2175 2690 2229 2734 et
2278 2681 2474 2749 linguae
2506 2678 2615 2750 ipsi
2653 2678 2917 2733 servient.
2964 2676 3217 2732 Potestas
3249 2677 3389 2746 ejus.
3425 2691 3519 2747 po-

1933 2778 2100 2825 testas
2119 2769 2480 2839 scmpiterna,
2504 2784 2629 2839 quae
2660 2783 2770 2822 non
2795 2768 3153 2839 pertransibit
3171 2787 3183 2823 :
3204 2776 3259 2823 et
3290 2781 3517 2838 regnum

1928 2862 2048 2932 ejus
2074 2878 2180 2917 non
2208 2870 2594 2933 corrumpetur
2614 2861 2682 2916 ".
2722 2880 2741 2913 ι
2780 2859 2845 2914 Et
2871 2860 3075 2915 alicubi
3097 2857 3290 2922 David,
3323 2878 3340 2910 ι
3370 2857 3519 2912 Dixit

1930 2954 2194 3011 Dominus
2225 2953 2456 3008 Domino
2489 2968 2646 3009 meo:
2675 2953 2816 3008 Sede
2849 2968 2878 3008 a
2911 2953 3124 3008 dextris
3156 2953 3316 3015 meis,
3342 2951 3519 3007 donec

240 3060 372 3113 μου·
402 3042 589 3099 Κάθου
627 3046 691 3098 ἐκ
715 3043 904 3109 δεξιῶν
940 3061 1063 3115 μου,
1095 3044 1200 3108 ἓως
1238 3043 1302 3098 ἂν
1336 3043 1413 3098 θῶ
1449 3045 1571 3109 τοὺς
1602 3042 1828 3116 ἐχθρούς

1938 3061 2128 3118 ponam
2154 3046 2409 3102 inimicos
2442 3051 2566 3100 tuos
2599 3044 2900 3099 scabellum
2934 3042 3130 3115 pedum
3153 3051 3371 3098 tuorum
3401 3041 3466 3096 "’.
3493 3059 3514 3094 ι

238 3150 341 3187 σου
371 3134 657 3189 ὑποπόδιον
683 3135 791 3189 τῶν
825 3135 1002 3189 ⁴ιυοδῶν
1031 3154 1146 3189 σου.
1180 3155 1200 3190 ι

456 3226 513 3281 I'.
553 3227 695 3296 Περὶ
728 3226 840 3296 τῆς
867 3227 1056 3298 δόξης
1089 3229 1201 3296 τῆς
1240 3228 1624 3297 Ἐκκλησίας.

311 3318 500 3381 Δαὸὶδ,
555 3337 576 3370 ι
624 3320 876 3392 Παρέστη
932 3323 965 3393 ή
1017 3321 1307 3393 βασίλισσα
1360 3325 1425 3376 ἐκ
1470 3321 1661 3387 δεξιῶν
1710 3337 1824 3387 σου,

239 3412 301 3463 ἐν
347 3410 633 3482 ίματισμῷ
683 3411 992 3484 διαχρύσῳ,
1033 3414 1496 3486 περιϐεϐλημένη,
1546 3412 1829 3468 πεποικιλ-

240 3501 408 3573 μένη-

632 3597 740 3650 IA’.
783 3597 923 3665 Περὶ
957 3595 1067 3667 τῆς
1095 3597 1435 3668 περιτομῆς.

328 3684 546 3755 Ἕροῦσι
584 3687 643 3741 δὲ
685 3687 884 3753 πάντες
930 3690 980 3742 οἱ
1036 3687 1299 3754 Ἰουδαῖοι,
1344 3691 1426 3744 ὃτι
1452 3690 1516 3744 El
1550 3690 1641 3745 τὸν
1670 3690 1830 3745 αὐτὸν

235 3777 384 3831 Θεὸν
420 3778 679 3843 σέϐεσθε,
725 3780 779 3833 τί
810 3781 884 3853 μὴ
920 3781 1335 3852 περιτέμνεσθε,
1378 3782 1556 3853 ἢζῶα
1593 3783 1831 3854 προσερέ-

238 3885 380 3941 ρετε
419 3869 500 3931 εἰς
541 3869 744 3933 θυσίαν,
790 3872 823 3943 ἢ
871 3870 1250 3937 σαϐϐατίζετε,
1278 3873 1388 3928 τῶν
1419 3874 1656 3946 Γραφῶν
1698 3876 1829 3948 περὶ

234 3962 463 4017 τούτων
493 3962 946 4033 διαγορευουσῶνς
1000 3962 1351 4018 Ἀκούσονται
1389 3962 1483 4018 οὖν
1513 3964 1650 4035 (79),
1683 3964 1765 4017 δτι
1794 3965 1828 4035 ή

239 4055 529 4126 περιτομὴ
574 4050 671 4108 οὔκ
705 4051 770 4128 ἦν
798 4056 860 4121 ἐξ
895 4057 1091 4128 ἀρχῆς,
1118 4057 1233 4110 ἀλλ’
1271 4057 1332 4110 ἐν
1374 4056 1554 4128 χρόνῳ
1589 4056 1826 4125 ἐγένετο,

238 4146 324 4209 ὡς
355 4146 450 4199 καὶ
492 4147 552 4199 ἐν
576 4147 748 4219 χρόνῳ
773 4147 1094 4219 παυσομένη
1115 4165 1130 4179 ·
1154 4146 1366 4212 ἔπειτα,
1394 4149 1477 4202 ὅτι
1505 4149 1533 4202 6
1560 4149 1694 4213 Θεὸς
1714 4149 1831 4203 δια-

240 4236 552 4306 ταξάμενος
587 4240 700 4299 τοῖς
728 4238 968 4310 πατράσι
995 4239 1097 4308 τὴν
1125 4237 1449 4310 περιτομὴν,
1477 4238 1638 4303 αὐτὸς
1657 4234 1830 4303 εἶπεν,

248 4349 269 4381 ε
318 4328 452 4382 Ἰδοὺ
478 4328 682 4399 ἡμέραι
701 4328 951 4400 ἔρχονται
972 4328 1119 4399 λέγει
1142 4328 1362 4401 Κύριος,
1389 4330 1482 4384 καὶ
1504 4329 1833 4401 διαθήσομαι

2358 3223 2428 3279 Χ.
2484 3224 2555 3278 De
2590 3223 2765 3294 gloria
2820 3222 3095 3276 Ecclesiae.

2005 3319 2202 3384 David,
2248 3336 2266 3369 ι
2304 3317 2494 3372 Astitit
2540 3316 2725 3385 regina
2758 3331 2789 3369 ει
2835 3314 3045 3369 dextris
3076 3313 3187 3368 tuis
3236 3315 3291 3369 in
3320 3313 3520 3370 vestitu

1934 3412 2221 3474 deaurato,
2269 3407 2700 3473 circumamicta,
2748 3408 3025 3476 varicgata
3071 3405 3138 3459 ³⁸.
3178 3425 3196 3457 ι

2384 3588 2474 3644 XI.
2529 3587 2605 3643 De
2644 3588 3072 3645 circumcisione.

2008 3685 2201 3741 Dicent
2240 3691 2423 3738 autem
2455 3679 2630 3736 Judaei
2665 3695 2858 3736 omnes
2901 3700 2913 3736 :
2951 3679 3006 3735 Si
3042 3680 3294 3736 eumdem
3324 3696 3388 3736 ac
3419 3698 3522 3738 nos

1939 3779 2109 3835 Deum
2138 3773 2500 3839 veneramini,
2533 3786 2634 3828 cur
2661 3788 2769 3826 non
2802 3771 3283 3837 circumcidimini,
3312 3775 3520 3829 anima-

1935 3873 2006 3925 lia
2042 3886 2150 3923 non
2196 3866 2408 3923 offertis
2449 3865 2517 3919 ad
2570 3863 2929 3930 sacrificium,
2959 3880 3059 3920 nec
3091 3862 3390 3920 Sabbatum
3431 3882 3521 3923 cc-

1932 3959 2191 4019 lcbratis,
2237 3970 2361 4011 cum
2400 3953 2704 4024 Scriptum
2764 3955 2833 4010 de
2899 3956 2985 4011 his
3041 3956 3203 4011 rebus
3261 3972 3523 4028 expresse

1933 4048 2297 4121 praecipiant?
2321 4045 2512 4101 Sciant
2531 4046 2702 4116 igitur
2722 4047 3198 4102 circumcisione":
3223 4064 3332 4103 non
3355 4049 3524 4105 fuisse

1933 4142 2003 4197 ab
2041 4140 2220 4202 initio,
2263 4137 2360 4193 sed
2410 4144 2563 4191 certo
2612 4144 2862 4205 tempore
2899 4137 3202 4192 institutam
3236 4137 3429 4203 fuisse,
3467 4147 3525 4193 ut

1934 4247 2057 4302 quae
2102 4230 2268 4287 etiam
2319 4235 2473 4284 certo
2529 4234 2777 4296 tempore
2824 4226 2987 4281 ﬁnem
3038 4227 3292 4282 habitura
3339 4239 3519 4297 esset;

1938 4322 2137 4380 deinde
2186 4320 2380 4386 Deum,
2426 4318 2521 4389 qui
2553 4317 2827 4389 patribus,
2875 4326 2935 4372 ut
2966 4318 3520 4387 circumciderentur,

241 4418 323 4487 τῷ
350 4418 486 4488 οἴκῳ
513 4419 625 4490 (80)
674 4418 889 4490 Ἰσραὴλ
927 4419 1190 4491 διαθήκην
1224 4418 1438 4489 καινὴν,
1469 4419 1532 4472 οὐ
1564 4419 1705 4473 κατὰ
1732 4417 1828 4490 τὴν

1946 4415 2329 4477 mandaverat,
2363 4412 2540 4482 ipsum
2586 4409 2839 4465 dixisse:
2883 4429 2902 4461 ι
2942 4410 3082 4465 Ecce
3127 4410 3243 4466 dies
3273 4413 3520 4479 veniunt,

238 4508 532 4580 διαθήκην,
572 4510 640 4580 ἢν
688 4508 944 4582 διεθέμην
986 4512 1102 4575 τοῖς
1148 4508 1419 4583 πατράσιν
1477 4510 1657 4565 αὐτῶν
1695 4510 1828 4583 (8|),

1940 4511 2017 4565 ait
2055 4506 2338 4571 Dominus,
2384 4512 2439 4560 et
2472 4502 2759 4573 disponam
2805 4501 2990 4558 domui
3024 4500 3192 4559 Israel
3232 4510 3524 4560 testamen-

242 4601 644 4672 ἐπιλαϐομένου
681 4620 783 4674 μου
835 4607 934 4674 τῆς
975 4605 1158 4674 χειρὸς
1190 4602 1391 4669 αὐτῶν,
1420 4603 1515 4657 τοῦ
1544 4602 1828 4674 ἐξαγαγεῖν

1939 4612 2055 4657 tum
2109 4614 2335 4663 novum,
2362 4611 2472 4651 non
2493 4596 2650 4667 juxta
2681 4603 3068 4650 testamentum
3096 4593 3241 4666 quod
3277 4594 3525 4666 disposui

238 4693 448 4754 αὐτοὺς
476 4695 538 4748 ἐκ
564 4696 671 4766 γῆς
689 4694 987 4764 Αἰγύπτου,
1021 4695 1104 4748 ὅτι
1136 4694 1291 4749 αὐτοὶ
1319 4695 1419 4748 οὐκ
1448 4694 1729 4765 ἐνέμειναν
1765 4698 1828 4769 τῇ

1943 4693 2193 4767 patrihus
2259 4705 2481 4756 eorum,
2540 4703 2668 4744 cum
2730 4688 3068 4759 apprehendi
3133 4704 3234 4758 ego
3302 4704 3524 4743 manum

238 4785 484 4859 διαθήκῃ
514 4805 639 4858 μου,
666 4786 822 4857 κάγὼ
852 4786 1106 4860 ἠμέλησα
1135 4786 1334 4849 αὐτῶν,
1363 4786 1511 4855 λέγει
1545 4787 1768 4860 Κύριος.
1810 4808 1828 4841 ι

1939 4803 2130 4845 eorum
2186 4785 2255 4842 ad
2303 4782 2646 4841 educendum
2687 4796 2785 4837 eos
2816 4780 2885 4837 de
2921 4790 3067 4836 terra
3117 4780 3363 4853 Egypti,
3399 4783 3527 4853 quia

241 4878 361 4932 Καὶ
384 4879 548 4932 πάλιν
575 4879 897 4953 αἰτιώμενος
923 4880 1051 4944 τοὺς
1086 4879 1376 4944 Ἰουδαίους
1402 4879 1570 4949 λέγει,
1598 4897 1617 4930 ι
1649 4880 1828 4935 Πάντα

1942 4881 2048 4954 ipsi
2096 4894 2208 4936 non
2250 4883 2574 4932 manserunt
2629 4873 2684 4929 in
2740 4881 3076 4930 testamento
3131 4889 3276 4938 meo,
3325 4881 3380 4929 et
3426 4893 3528 4946 ego

320 5012 602 5075 “Oseev.
637 5015 740 5080 i5;
775 5030 850 5071 vi.
875 5014 993 5068 1-5.
1067 5014 1114 5046 ³⁸
1130 5012 1277 5070 Psal.
1304 5029 1397 5075 xv,
1431 5013 1519 5068 ιι).
1596 5014 1803 5073 “I’sal.
1838 5031 2083 5078 uxxvn.
2119 5012 2174 5069 6.
2251 5012 2296 5045 ³¹
2319 5009 2422 5063 lsa.
2456 5024 2651 5073 xxvm,
2688 5008 2817 5080 16.”
2854 5005 3066 5077 ".I’sal.
3110 5022 3278 5075 mn,
3307 5009 3400 5073 22,
3432 5010 3523 5065 98.

241 5082 465 5139 “Psal.
494 5078 733 5150 “31,6.
790 5084 834 5118 ³⁸
858 5083 995 5140 Dan.
1026 5100 1123 5148 vn,
1145 5087 1200 5141 9.
1276 5086 1322 5118 ⁸⁸
1351 5085 1488 5141 Dan.
1520 5084 1607 5152 15,
1640 5086 1729 5141 Η.
1803 5088 1825 5120 ³

1938 5089 2031 5146 sai.
2055 5101 2168 5149 cu,
2204 5083 2250 5137 I.
2332 5080 2378 5113 ⁸⁸
2399 5080 2546 5137 Psal.
2582 5094 2727 5145 xuv,
2763 5078 2852 5135 10.

320 5217 438 5287 (7‘5)
475 5218 700 5290 Siphani
738 5220 910 5277 codex
960 5228 1014 5275 et
1047 5218 1349 5280 Vaticanus
1401 5222 1698 5290 recentior,
1747 5225 1836 5278 ὲν-

231 5289 427 5361 ώπξον
458 5290 622 5344 αὑτοῦ
673 5290 1017 5361 διώξωμενη
1328 5332 1337 5339 .

320 5359 439 5435 (ἒξ)
474 5361 634 5435 _Cod._
660 5359 950 5435 antiquior
978 5360 1154 5435 Yatic.
1204 5363 1300 5417 καὶ
1346 5363 1673 5435 εὑρήσομεν.

322 5430 445 5508 (ἶῦ)
474 5430 530 5508 In
551 5430 1226 5508 editioneLXXInterpr.
1259 5430 1479 5491 diversa
1509 5430 1640 5490 sunt
1672 5435 1838 5508 hujus

236 5502 360 5559 loci
400 5502 602 5567 verba;
636 5503 732 5557 sed
778 5506 920 5558 idem
970 5502 1081 5557 fere
1117 5502 1338 5561 sensus.

312 5571 452 5712 $2)
473 5571 659 5628 Codex
691 5574 944 5646 Siphani,
966 5582 1020 5630 et
1045 5573 1344 5632 Vaticanus
1363 5578 1659 5647 recentior,
1688 5579 1835 5633 οἱκο-

232 5657 472 5698 νομιας.

326 5710 448 5784 (π)
481 5710 668 5771 Codex
706 5715 999 5792 antiquior,
1045 5722 1170 5796 ἥτις
1200 5718 1298 5775 καὶ
1334 5717 1468 5775 ἐστι.

2012 5222 2128 5345 (78)
2164 5219 2221 5275 In
2255 5217 2496 5274 editione
2724 5213 2967 5299 Interpr.
3025 5220 3111 5269 est
3157 5210 3523 5294 προσηνέχθη,

1941 5292 2005 5347 ob
2032 5304 2153 5346 atus
2185 5301 2297 5351 est;
2325 5289 2418 5343 sed
2452 5286 2699 5341 Nobilius
2725 5304 2776 5340 III
2805 5296 2951 5341 notis
2985 5283 3204 5355 praefert
3231 5282 3525 5338 lectionem

1943 5378 2117 5435 quam,
2147 5362 2236 5435 hic
2260 5359 2561 5435 _Nyssenus
2586 5359 2883 5435 _scquiti_ir.,

2017 5432 2129 5501 (79)
2161 5426 2345 5485 Codei
2391 5426 2693 5501 recentior,
2718 5426 2872 5501 γοῦντ

2016 5494 2129 5572 (80)
2165 5501 2347 5572 Codex
2374 5499 2674 5572 antiquior,
2723 5494 2779 5548 ἐν
2822 5494 2908 5572 τῷ.
2941 5496 3097 5572 οἴκῳ.

2017 5564 2131 5644 (81)
2161 5570 2391 5644 Sipliani
2417 5564 2610 5644 codex,
2633 5576 2690 5644 et_
2710 5564 2981 5644 recentior
2996 5564 3319 5644 Faticanus,
3345 5564 3522 5644 Diuina

1948 5636 2053 5701 Sed
2106 5636 2239 5699 moi
2283 5638 2762 5713 antiquiortcodcx
2798 5638 2952 5711 legit,
2992 5636 3388 5712 ἐπιλαϐόμενος
3423 5637 3528 5711 τῆς

1941 5713 2142 5789 χειρός.
