3896 6208
441 240 549 299 219

1641 325 1644 327 Δ
1718 242 1776 298 S.
1804 237 2136 299 GRECORII
2173 236 2472 294 NYSSENI

3603 232 3717 290 2'20

444 363 659 436 neglexi
705 377 825 429 eos,
869 361 945 417 ait
975 360 1242 418 Dominus
1272 361 1338 416 ”.
1375 380 1393 413 ι
1427 363 1492 415 Et
1533 376 1724 416 rursus
1766 361 2026 416 incusans

2167 361 2199 413 ἀ
2233 359 2361 431 ἔθνη
2393 359 2741 432 ἀπερίτμητα
2773 359 2957 431 σαρκὶ,
2990 359 3018 412 ὁ
3039 355 3096 413 δὲ
3122 355 3248 422 λαὸς
3271 348 3424 418 οὗτος
3467 356 3532 426 τῇ
3574 371 3721 425 καρ-

443 457 661 514 Judzeos
702 461 798 521 ait,
850 478 868 510 ‹
908 457 1112 512 Omnes
1163 467 1352 528 gentes
1401 459 1798 513 incircumcisze
1839 473 2026 521 carne,

445 551 680 621 populus
709 558 888 603 autem
934 550 1038 603 iste
1070 549 1490 604 incircumcisus
1519 557 1602 604 est
1637 549 1801 603 corde
1827 548 1967 601 ’νο-⁵⁸.
2004 568 2023 601 ι

450 641 512 696 Et
550 658 764 701 rursus,
794 659 812 692 ι
845 641 1236 696 Circumcidite
1261 658 1356 695 cor
1392 653 1652 704 vestrum,
1683 651 1736 695 et
1766 657 1874 695 non
1907 657 2030 696 car-

449 751 570 788 nem
620 732 866 802 przeputii
900 733 1086 786 vestri.
1136 752 1152 783 ι
1197 731 1261 785 Et
1313 733 1530 794 iterum,
1574 750 1592 782 ί
1630 729 1834 786 Novate
1874 732 2030 786 vobis

448 825 686 886 novalia,
735 831 788 878 et
838 824 1006 877 nolite
1054 839 1237 878 serere
1286 839 1449 893 Super
1507 823 1728 893 spinas;
1782 825 1874 880 sed
1921 825 2031 878 cir-

448 917 746 972 cumcidite
790 915 1046 970 duritiam
1085 916 1270 970 cordis
1323 915 1513 969 vestri.
1545 934 1564 967 ›
1597 913 1884 982 Jeremias,
1923 915 2032 986 «.Et

449 1007 828 1063 circumcidite
866 1006 972 1061 Deo
1007 1007 1329 1077 praeputium
1361 1005 1544 1060 cordis
1580 1007 1767 1061 vestri.
1803 1025 1821 1057 ι
1862 1005 2032 1059 Porro

453 1115 552 1171 per
600 1099 1076 1154 circumcisionem
1133 1098 1404 1152 neminem
1456 1097 1783 1166 justilicari,
1827 1113 1890 1151 ex
1950 1097 2033 1152 his

454 1192 805 1261 perspicuum
850 1198 966 1256 est;
1024 1189 1295 1244 Abraham
1346 1189 1765 1244 incircumcisus
1833 1189 2035 1258 placuit

452 1281 599 1348 Deo;
657 1298 782 1336 nam
817 1282 967 1353 prius
1000 1282 1152 1337 visus
1186 1292 1269 1337 est
1308 1288 1496 1350 gratus
1535 1289 1588 1335 et
1626 1289 1882 1350 acceptus
1926 1279 2034 1334 Deo

455 1391 599 1438 esse,
646 1384 699 1429 et
758 1381 888 1428 tunc
935 1372 1156 1428 demum
1203 1371 1307 1443 ipsi
1351 1372 1829 1427 circumcisionem
1861 1369 2031 1426 dedit.

457 1467 558 1532 Qui
590 1459 752 1520 etiam
800 1465 853 1519 in
891 1464 1116 1520 deserto
1154 1465 1516 1536 quadraginta
1558 1480 1825 1518 annorum
1859 1463 2036 1533 spatio

457 1546 834 1618 nati'sunt,'et
860 1555 959 1624 ipsi
991 1553 1415 1609 circumcisione
1461 1562 1793 1620 caruerunt;
1834 1552 2036 1622 quique

457 1649 526 1702 ab
569 1645 743 1700 Adam
783 1661 960 1716 usque
1001 1645 1067 1699 ad
1121 1645 1488 1700 Abrahamum
1536 1644 1646 1700 Deo
1691 1644 2033 1714 placuerunt,

2135 451 2240 521 δίᾳ.
2287 470 2306 504 ›
2376 449 2481 504 Καὶ
2541 451 2735 514 πάλιν,
2798 469 2816 501 ι
2873 448 3273 520 Περιτέμνεσθε
3325 447 3425 516 τὴν
3486 444 3719 516 καρδίαν

2137 542 2314 613 ὑμῶν,
2335 544 2428 596 καὶ
2454 543 2527 614 μὴ
2540 542 2636 613 τὴν
2661 543 2838 624 σάρκα
2854 544 2952 611 τῆς
2975 539 3336 611 ἀκροϐυστίας
3353 537 3504 606 ὑμῶν
3525 535 3658 606 (8‘2).
3693 555 3714 585 ι

2139 633 2244 687 Καὶ
2291 633 2452 687 πάλιν
2493 635 2626 704 (8'5),
2661 653 2677 683 ι
2713 632 2972 686 Νεώσατε
3022 631 3236 692 ἑαυτοῖς
3284 627 3577 697 νεώματα,
3623 624 3725 676 καὶ

2141 725 2215 796 μὴ
2249 725 2500 796 σπείρετε
2541 727 2626 777 ἐπ’
2662 725 2923 787 ἀκάνθαις
2957 723 3105 795 (84)’
3146 719 3282 776 ἀλλά
3326 718 3720 790 περιτέμνεσθε

2138 839 2198 892 τὸ
2257 839 2489 910 σκληρὸν
2538 839 2636 907 τῆς
2693 838 2920 909 καρδίας
2964 837 3138 907 ὑμῶν.
3198 855 3216 887 ι
3284 835 3546 906 Ἱερεμίας
3581 832 3719 903 (85),

2146 947 2164 979 ι
2203 927 2308 981 Καὶ
2354 927 2742 1000 περιτέμνεσθε
2795 927 2874 997 τῷ
2922 927 3041 997 Θεῷ
3072 928 3172 997 τὴν
3205 925 3570 996 ἀκροϐυστίαν
3618 923 3725 994 τῆς

2141 1020 2369 1092 καρδίας
2413 1021 2588 1091 ὑμῶν.
2623 1040 2642 1073 ι
2683 1023 2804 1074 ’Ότι
2835 1020 2889 1073 δὲ
2919 1020 3107 1073 οὐδένα
3137 1020 3336 1071 δικαιοῖ
3366 1020 3398 1089 ἡ
3426 1016 3722 1087 περιτομὴ,

2140 1111 2297 1182 δῆλον
2347 1113 2410 1165 ὲκ
2462 1112 2697 1165 τούτων·
2777 1112 3026 1183 Ἀϐραάμ
3087 1111 3459 1182 ἀπερίτμητος
3521 1109 3726 1180 εὐηρέ-

2143 1221 2306 1274 στησε
2335 1205 2446 1274 (86)
2505 1205 2582 1276 τῷ
2617 1204 2766 1276 Θεῷ*
2814 1204 3030 1276 πρῶτον
3061 1203 3169 1272 γὰρ
3201 1202 3355 1273 ῶφθη
3389 1202 3723 1272 εὐαρεστῶν,

2142 1297 2234 1349 καὶ
2263 1297 2384 1349 τότε
2431 1297 2578 1367 αὐτῷ
2602 1297 2699 1368 τὴν
2743 1295 3040 1368 περιτομὴν
3084 1295 3285 1350 δίδωσι.
3319 1295 3427 1348 Καὶ
3458 1296 3504 1346 οί
3551 1295 3608 1345 ὲν
3649 1294 3724 1363 τῇ

2143 1389 2335 1458 ἐρήμῳ
2379 1389 2434 1441 δὲ
2459 1389 2837 1458 γεννηθέντες,
2871 1390 2926 1441 ἐν
2968 1391 3080 1451 τοῖς
3112 1388 3516 1458 τεσσαράκοντα
3546 1385 3726 1437 ἔτεσιν

2143 1479 2506 1549 ἀπερίτμητοι
2561 1473 2731 1548 ἦσαν·
2781 1479 2874 1533 καὶ
2905 1481 2952 1532 οί
2998 1479 3104 1532 ἀπὸ
3163 1477 3332 1548 Ἀδὰμ
3380 1477 3581 1548 ὁμοίως
3617 1477 3730 1538 ἕως

2159 1568 2410 1639 Ἀϐραὰμ
2446 1569 2818 1640 εὐηρέστησαν
2845 1563 2924 1640 τῷ
2951 1569 3090 1640 Θεῷ,
3132 1568 3331 1631 πάντες
3363 1568 3731 1638 ἀπερίτμητοι

2143 1655 2312 1729 ἦσαν’
2341 1660 2428 1714 διὰ
2457 1659 2567 1731 γὰρ
2595 1660 2655 1713 τὸ
2685 1661 3069 1729 ἐπιμίγνυσθαι
3095 1661 3186 1714 τὸν
3216 1659 3339 1713 λαὸν
3368 1661 3446 1722 εἰς
3477 1657 3541 1711 τὰ
3571 1657 3730 1727 ἔθνη,

459 1739 714 1795 similiter
749 1753 940 1793 omnes
977 1737 1348 1800 incircumcisi
1380 1747 1570 1803 erant;
1608 1751 1732 1790 nam
1779 1737 1905 1805 quia
1939 1753 2036 1806 po-

2166 1751 2356 1822 ιδόθηή
2385 1751 2673 1823 περιτομὴ,
2703 1753 2798 1805 καὶ
2831 1753 2863 1822 ή
2896 1753 3040 1805 αίτία
3069 1751 3198 1823 δήλη
3229 1768 3239 1784 ’
3275 1750 3464 1820 εἴληφε
3494 1750 3601 1819 γὰρ
3625 1750 3733 1816 τὴν

460 1831 624 1900 pulus
652 1831 908 1902 gentibus
941 1830 1238 1884 immisceri
1265 1829 1519 1892 debebat,
1544 1829 1763 1890 idcirco
1793 1828 1918 1882 data
1947 1835 2033 1882 est

461 1921 835 1978 circumcisio.
875 1920 1048 1990 llujus
1093 1930 1271 1975 autem
1318 1921 1393 1975 rei
1441 1921 1580 1974 ratio
1611 1920 1902 1974 manifesta
1935 1928 2040 1976 est.

464 2013 914 2069 Circunncisionis
959 2013 1162 2084 quippe
1203 2028 1339 2068 usus
1367 2012 1434 2066 ab
1485 2012 1798 2068 Abrahamo
1827 2013 2042 2066 initium

464 2106 674 2172 habuit,
711 2120 871 2176 quem
909 2120 1032 2159 cum
1080 2103 1223 2160 Deus
1265 2119 1429 2173 supra
1459 2119 1650 2159 omnes
1687 2103 1836 2159 illius
1864 2105 2046 2159 aetatis

467 2198 718 2252 homines
763 2199 1066 2264 dilexisset,
1110 2213 1174 2252 ex
1216 2197 1334 2267 ipso
1380 2196 1662 2251 Christum
1694 2211 1913 2267 quoque
1953 2212 2043 2252 se-

465 2292 705 2346 cundum
742 2307 964 2347 carnem
1001 2291 1153 2348 nasci
1201 2292 1631 2362 praedestinavit.
1680 2291 1869 2362 Itaque
1898 2300 1957 2346 ut
1991 2291 2046 2346 id

469 2383 611 2453 quod
659 2384 774 2440 fieri
826 2387 1097 2452 voluerat,
1141 2393 1327 2456 posset
1365 2385 1528 2439 etiam
1582 2385 1798 2440 sincere
1823 2392 1877 2439 et
1914 2385 2048 2455 legi-

467 2479 596 2532 time
640 2477 778 2542 tieri,
815 2479 1022 2534 idcirco
1057 2493 1194 2548 opus
1246 2477 1349 2532 fuit
1385 2478 1808 2534 circumcisione
1849 2485 1903 2532 et
1955 2493 2047 2533 se-

467 2571 784 2642 gregatione
835 2587 865 2625 a
925 2572 1150 2642 reliquis
1199 2573 1471 2642 gentibus,
1525 2581 1585 2626 ut
1613 2572 1778 2628 veluti
1813 2571 2048 2642 quodam

469 2671 628 2732 septo
678 2663 764 2718 lex
822 2664 973 2733 ipsos
1020 2679 1051 2718 a
1097 2665 1316 2720 caeteris
1363 2663 1680 2718 hominibus
1745 2669 2048 2732 separaret.

2151 1838 2323 1910 ἀρχὴν
2351 1839 2419 1891 τὰ
2445 1839 2543 1908 τῆς
2570 1840 2869 1910 περιτομῆς
2899 1841 2964 1894 ὲκ
2986 1839 3079 1892 τοῦ
3126 1838 3392 1910 Ἀϐραὰμ,
3424 1837 3481 1890 ὃν
3511 1838 3735 1907 ἀγαπή-

2153 1949 2252 1995 σας
2301 1931 2439 2002 ὑπὲρ
2481 1933 2688 1997 πάντας
2711 1934 2837 1998 τοὺς
2864 1933 2985 1986 τότε
3015 1935 3042 1985 ὁ
3072 1932 3222 1996 Θεὸς,
3253 1931 3312 1995 ὲξ
3335 1929 3498 1982 αὑτοῦ
3537 1946 3736 1997 γεννη-

2151 2023 2410 2094 θήσεσθαι
2439 2025 2534 2078 καὶ
2561 2023 2652 2078 τὸν
2677 2024 2910 2096 Χριστὸν
2934 2023 3075 2076 κατὰ
3097 2023 3272 2093 σάρκα
3301 2018 3578 2091 προέθετο.
3612 2018 3734 2069 Ἵνα
3786 2075 3793 2081 ς

2153 2111 2245 2169 οὖν
2279 2115 2388 2185 (87)
2419 2117 2554 2186 ὅπερ
2599 2116 2886 2188 ἐϐουλήθη.
2930 2115 3185 2187 καθαρῶς
3225 2112 3473 2182 γενέσθαι
3505 2108 3732 2179 δυνηθῇ,
3783 2151 3789 2158 .

2154 2209 2248 2260 καὶ
2280 2207 2600 2271 ἀνοθεύτως,
2636 2211 2825 2262 τούτου
2857 2209 3014 2280 χάριν
3057 2208 3240 2279 ἐδέησε
3267 2205 3376 2277 (88)
3410 2202 3734 2274 περιτομῆς,

2154 2295 2372 2366 καὶτῆς
2416 2299 2544 2369 περὶ
2574 2298 2640 2352 τά
2679 2299 2840 2352 λοιπά
2873 2299 3004 2369 γένη
3047 2297 3289 2368 ἀμιξίας,
3335 2295 3420 2347 ἵνα
3451 2293 3637 2362 ῶσπερ
3675 2308 3736 2343 τι

2153 2387 2279 2456 διάφ
2289 2390 2610 2460 ραγμα,τῶν
2642 2391 2842 2445 λοιπῶν
2862 2392 3056 2454 αὐτοὺς
3075 2391 3172 2444 ἀνθ
3183 2389 3375 2462 ρώπων
3396 2388 3600 2459 χωρίζῃ
3620 2385 3738 2456 (89)

2154 2477 2183 2529 ὁ
2205 2478 2554 2548 νόμος.”υθεν
2584 2482 2676 2535 καὶ
2704 2481 2983 2552 τεχθέντος
3005 2481 3098 2533 τοῦ
3128 2481 3192 2534 δι’
3223 2480 3280 2533 ὃν
3309 2477 3479 2532 ταῦτα
3519 2477 3737 2545 γέγονε,

2155 2568 2338 2622 λοιπὸν
2395 2571 2472 2635 ὼς
2518 2573 2746 2645 περιττά
2780 2574 2857 2645 τῷ
2903 2574 3022 2645 Θεῷ
3053 2574 3119 2627 τὰ
3160 2573 3310 2642 παρά
3356 2572 3452 2644 τὴν
3503 2569 3740 2640 ἀρχαίαν

2159 2659 2434 2726 ξενίζοντα
2463 2667 2796 2720 κατάστασιν
2827 2667 3200 2738 ἐκϐέϐληνται.

470 2754 839 2822 Quamobrem
889 2767 958 2809 eo
1013 2763 1141 2808 nato
1191 2754 1263 2807 ob
1312 2768 1474 2822 quem
1523 2753 1640 2808 haec
1693 2753 1841 2806 facta
1894 2760 2044 2817 sunt,
2084 2759 2217 2809 tunc
2269 2756 2459 2827 utique
2491 2757 2582 2812 illa
2641 2759 2900 2831 abrogata
2926 2759 3098 2826 fuere,
3139 2773 3262 2829 qua:
3297 2773 3329 2812 a
3392 2756 3499 2812 Deo
3543 2761 3740 2826 prater

473 2847 762 2918 antiquum
812 2860 996 2900 rerum
1037 2845 1286 2900 ordinem
1324 2845 1578 2900 instituta
1624 2844 1861 2901 fuerant.

975 2977 1092 3033 Xll.
1146 2979 1223 3034 De
1247 2980 1555 3050 sacriﬁciis.

550 3114 817 3172 Similiter
853 3114 996 3172 Deus
1025 3114 1245 3183 clamat,
1285 3115 1498 3181 dicens,
1535 3135 1552 3167 ι
1587 3114 1720 3171 Vivo
1759 3131 1880 3188 ego,
1926 3117 2060 3173 dicit
2086 3100 2129 3160 (ἶ

478 3207 767 3270 Dominus,
803 3207 1061 3279 quoniam
1091 3207 1158 3262 de
1187 3207 1478 3264 sacriﬁciis
1509 3219 1564 3264 et
1592 3208 1927 3266 holocaustis
1949 3226 2058 3265 non

480 3299 732 3354 mandavi
783 3300 1028 3369 patribus
1068 3301 1288 3366 vestris,
1337 3316 1404 3355 ex
1438 3316 1548 3371 quo
1601 3301 1687 3356 die
1738 3303 1925 3357 reduxi
1965 3318 2060 3358 eos

481 3391 548 3444 de
574 3401 719 3446 terra
743 3391 960 3462 Egypti
989 3402 1042 3447 et
1069 3407 1240 3462 usque
1270 3393 1338 3448 ad
1375 3394 1518 3448 hunc
1548 3394 1692 3450 diem
1721 3395 1786 3449 “.
1812 3415 1830 3446 ι
1869 3395 2060 3457 Isaias.

489 3505 505 3536 ι
539 3483 794 3554 Nunquid
823 3500 921 3554 ego
953 3485 1182 3554 prmcepi
1233 3486 1483 3555 patribus
1509 3487 1708 3542 vestris
1729 3490 2063 3544 exeuntibus

483 3596 514 3631 c
547 3585 691 3632 terra
739 3574 984 3646 Egypti,
1043 3583 1102 3628 ut
1145 3575 1408 3630 otl'errent
1461 3578 1593 3632 mihi
1644 3579 1965 3634 holocausta
2011 3589 2065 3635 et

487 3667 816 3722 sacriﬁcium
841 3667 901 3719 ?»
938 3664 1002 3718 Et
1031 3681 1247 3730 rursus,
1284 3686 1301 3718 ι
1323 3666 1442 3731 Quo
1493 3667 1626 3722 mihi
1660 3670 2063 3725 multitudinem

489 3757 887 3812 sacrificiorum
904 3764 1233 3822 vestrorum,
1252 3757 1383 3812 dicit
1401 3756 1664 3813 Dominus
1685 3758 1926 3816 ?Plenus
1943 3777 2063 3815 sum

491 3847 827 3902 holocaustis
873 3847 1125 3915 arietum,
1175 3856 1228 3904 et
1266 3850 1479 3920 adipem
1513 3867 1797 3922 agnorum,
1843 3861 1896 3907 et
1934 3868 2055 3908 san-

490 3940 712 4010 guinem
761 3948 1068 4007 taurorum,
1129 3949 1182 3998 et
1232 3942 1512 3998 hircorum
1558 3945 1724 4001 nolo:
1764 3961 1940 4015 neque
1974 3961 2069 4000 ve-

493 4031 682 4094 niatis,
719 4042 777 4085 ut
809 4033 1119 4102 appareatis
1153 4033 1307 4087 mihi.
1339 4033 1476 4100 Quis
1503 4036 1648 4089 enim
1677 4038 1928 4107 qumsivit
1956 4037 2070 4091 hzec

491 4124 560 4179 de
615 4125 870 4178 manibus
921 4126 1158 4180 vestris?
1204 4125 1429 4182 Calcare
1478 4127 1676 4182 atrium
1727 4143 1905 4183 meum
1959 4144 2069 4182 non

493 4217 797 4286 apponetis.
853 4216 908 4270 Si
946 4217 1188 4274 aﬂeratis
1224 4219 1458 4274 similam
1489 4237 1502 4285 ;
1538 4234 1738 4275 vanum
1782 4220 2070 4276 incensum

492 4308 827 4362 abominatio
879 4309 1010 4363 mihi
1061 4319 1166 4366 est.
1203 4309 1530 4368 Neomenias
1565 4321 1800 4378 vestras,
1849 4320 1904 4368 et
1937 4312 2067 4368 sab-

492 4399 615 4453 bata
644 4409 846 4464 vestra,
884 4409 937 4456 et
964 4402 1106 4456 diem
1154 4418 1409 4474 magnum
1445 4421 1551 4460 non
1579 4404 1736 4472 fero;
1766 4406 2064 4476 jejunium,

492 4501 546 4544 et
565 4490 761 4554 otium,
792 4500 844 4547 et
868 4491 1189 4548 festivitates
1213 4503 1420 4549 vestras
1450 4495 1566 4549 odit
1597 4496 1779 4550 anima
1811 4513 1928 4551 mea
1951 4496 2065 4552 “.‘r

494 4579 562 4634 Et
589 4597 802 4647 rursus,
846 4603 864 4634 ‹
890 4581 1190 4650 Lavamini,
1231 4586 1420 4639 mundi
1451 4593 1648 4650 estote,
1691 4588 1900 4642 auferte
1930 4587 2072 4641 mala

2680 2978 2779 3032 IB’.
2822 2979 2959 3049 Περὶ
2989 2978 3232 3035 θυσιῶν.

2248 3113 2479 3186 Ὁμοίως
2504 3115 2532 3167 ὁ
2563 3113 2696 3178 Θεὸς
2732 3114 2850 3185 βοᾷ,
2883 3113 3073 3182 λέγων’
3113 3133 3130 3164 σ
3170 3112 3255 3166 Ζῶ
3285 3110 3416 3179 ἐγὼ,
3446 3111 3595 3180 λέγει
3631 3108 3746 3163 Κύ-

2165 3224 2310 3279 ριος,
2351 3207 2432 3260 ὃτι
2464 3208 2592 3278 περ).
2619 3207 2840 3272 θυσιῶν,
2879 3208 2973 3260 καὶ
3002 3205 3466 3276 ὁλοκαυτωμάτων
3517 3205 3617 3256 οὐκ
3652 3204 3744 3256 ὲν-

2167 3299 2460 3370 ετειλάμην
2495 3299 2630 3365 πρὸς
2658 3300 2784 3364 τοὺς
2823 3299 3065 3371 πατέρας
3109 3298 3280 3370 ὑμῶν,
3320 3291 3499 3366 ἀφ’ἦς
3532 3295 3748 3365 ἡμέρας

2164 3391 2434 3461 ἀνήγαγον
2467 3391 2664 3454 αὐτοὺς
2695 3393 2760 3444 ἐκ
2788 3392 2886 3460 γῆς
2902 3392 3196 3460 Αἰγύπτου,
3227 3391 3322 3444 καὶ
3351 3391 3454 3453 ἕως
3474 3389 3574 3458 τῆς
3606 3387 3748 3457 ὴμέ-

2168 3500 2268 3554 ρας
2295 3483 2517 3554 ταύτης.
2553 3502 2570 3534 ι
2625 3483 2851 3545 Ἡσαΐας
2877 3481 3008 3552 (90),
3064 3501 3082 3533 ι
3121 3481 3211 3552 Μὴ
3247 3480 3355 3549 ἐγὼ
3394 3478 3748 3548 ἐνετειλάμην

2166 3572 2278 3633 τοῖς
2330 3572 2599 3643 πατράσιν
2635 3573 2821 3642 ὑμῶν,
2853 3572 3308 3642 ἐκπορευομένοις
3351 3573 3413 3625 ὲκ
3443 3571 3545 3641 γῆς
3579 3568 3750 3637 Αίγύ-

2169 3679 2303 3715 πτου
2341 3668 2724 3735 προσενεγκεῖν
2759 3665 2870 3736 (9|)
2911 3682 2999 3734 μοι
3045 3663 3469 3734 ὁλοκαυτώματα
3518 3663 3612 3715 καὶ
3651 3660 3748 3714 θυ-

2172 3755 2322 3820 σίαν;
2375 3775 2393 3807 ι
2445 3757 2554 3810 Καὶ
2601 3756 2780 3821 πάλιν,
2841 3775 2859 3808 ι
2903 3757 2944 3808 Τ
2953 3756 2967 3808 ί
3017 3773 3106 3826 μοι
3153 3755 3355 3825 πλῆθος
3401 3753 3508 3806 τῶν
3546 3751 3750 3805 θυσιῶν

2173 3848 2350 3918 ὑμῶν,
2369 3849 2517 3917 λέγει
2539 3849 2744 3920 Κύριος
2765 3868 2779 3915 ;
2801 3850 3011 3921 πλήρης
3023 3849 3138 3920 εἰμὶ
3153 3846 3618 3917 ὁλοκαυτωμάτων
3636 3845 3746 3913 (92)

2175 3942 2365 4012 κριῶν,
2398 3942 2491 3995 καὶ
2522 3943 2685 4014 στέαρ
2724 3943 2902 4014 ἀρνῶν
2936 3942 3026 3996 καὶ
3055 3936 3194 4011 αἷμα
3225 3941 3459 4011 ταύρων,
3494 3938 3589 3992 καὶ
3615 3935 3748 4006 τρά-

2174 4051 2286 4103 γων
2321 4035 2382 4088 οὑ
2417 4034 2695 4106 βούλομαι⁹
2729 4036 2836 4088 οὐδ’
2871 4035 2935 4089 ἂν
2965 4034 3195 4106 ἕρχησθε
3241 4032 3470 4103 ὀφθῆναί
3505 4048 3616 4100 μοι.
3653 4027 3754 4092 Τίς

2174 4130 2283 4200 γάρ
2315 4125 2611 4198 ὲξεζήτησε
2640 4127 2814 4182 ταῦτα
2860 4129 2922 4180 ἐκ
2959 4127 3068 4179 τῶν
3104 4125 3304 4197 χειρῶν
3345 4123 3530 4193 ὑμῶν;
3559 4124 3756 4174 πατεῖν

2175 4222 2273 4292 τὴν
2316 4221 2484 4292 αὐλήν
2532 4238 2632 4292 μου
2675 4221 2734 4274 οὐ
2785 4219 3177 4292 προσθήσεσθε.
3235 4215 3354 4269 Ἐάν
3401 4213 3608 4284 φέρητέ
3663 4228 3757 4281 μοι

2177 4312 2474 4384 σεμίδαλιν,
2509 4313 2734 4384 μάταιον
2763 4312 3011 4383 θυμίαμα
3043 4308 3313 4381 βδέλυγμά
3344 4324 3433 4378 μοι
3462 4305 3580 4358 ὲστί
3613 4305 3750 4375 (93).

2178 4404 2290 4468 Τὰς
2335 4403 2626 4475 νεομηνίας
2673 4403 2848 4474 ὑμῶν,
2899 4403 2992 4455 καὶ
3036 4401 3103 4454 τά
3133 4399 3387 4453 Σάϐϐατα
3436 4393 3612 4464 ὑμῶν,
3652 4393 3748 4446 καὶ

2176 4495 2392 4566 ἡμέραν
2421 4494 2662 4566 μεγάλην
2683 4495 2782 4548 οὐκ
2808 4494 3089 4564 ἀνέχομαι·
3117 4490 3387 4562 νηστείαν,
3415 4488 3509 4542 καὶ
3532 4486 3754 4557 ἀργίαν,

2180 4591 2273 4642 καὶ
2298 4587 2396 4651 τὰς
2425 4587 2616 4658 ἑορτὰς
2642 4587 2816 4658 ὑμῶν,
2862 4588 3010 4657 μισεῖ
3043 4587 3075 4656 ή
3106 4585 3252 4655 ψυχή
3287 4599 3408 4654 μου.
3447 4599 3465 4632 ι
3510 4579 3622 4632 Καὶ
3653 4577 3756 4631 πά.

494 4687 560 4729 ex
582 4673 869 4728 animabus
893 4675 1093 4730 vestris
1116 4675 1183 4729 ⁸³.
1207 4695 1226 4726 ι
1254 4675 1445 4740 David,
1476 4694 1494 4727 ι
1517 4677 1634 4731 Non
1659 4678 1940 4733 comedam
1963 4694 2052 4734 car

2183 4677 2265 4730 λιν
2289 4677 2422 4749 (94),
2457 4695 2476 4728 ‹
2523 4675 2801 4730 Λούσασθε
2821 4714 2836 4738 ,
2873 4677 2966 4728 καὶ
2994 4674 3222 4746 καθαροὶ
3251 4671 3464 4736 γίνεσθε
3486 4711 3502 4736 ,
3530 4669 3761 4738 ἀφέλετε

547 4790 791 4864 ‘__'[Jer.
829 4807 980 4856 χιιι,
1014 4792 1105 4857 51,
1136 4792 1206 4848 52
1239 4793 1382 4864 apud
1422 4792 1596 4862 LXX;
1647 4809 1696 4850 c.
1743 4811 1973 4850 xxxviii.

493 4859 542 4893 “
570 4861 702 4916 ibid.
738 4863 821 4917 16.

571 4983 685 5060 (βῖ)
725 4983 943 5060 Locum
981 4985 1127 5060 hunc
1157 4987 1241 5060 in
1277 5002 1436 5043 sacro
1464 4987 1661 5060 _Textu
1714 5004 1824 5060 non
1878 4989 2076 5060 reperi.

500 5052 641 5107 Vide
685 5069 751 5108 an
803 5055 1062 5124 respiciat
1105 5057 1169 5111 ad
1231 5058 1409 5112 locum
1463 5056 1621 5111 Deut.
1677 5059 1851 5120 x,16.

731 5125 789 5200 [η
821 5123 1112 5200 recentiori
1147 5127 1612 5200 codiceadditur,
1650 5129 1938 5200 Ἰερεμίου.

575 5196 684 5265 (84)
723 5195 904 5250 Codex
942 5201 1233 5261 recentior,
1269 5197 1366 5249 ἐπ’
1394 5197 1654 5261 ἀκάνθας.

577 5267 688 5333 (85)
728 5265 976 5322 Jeremize
1023 5283 1221 5322 nomen
1259 5268 1409 5322 deest
1443 5269 1528 5323 hic
1577 5269 1631 5322 in
1658 5272 1949 5326 recentiori
1973 5286 2073 5326 co-

501 5336 933 5408 dicerVaticano.
961 5337 1094 5392 Vide
1114 5353 1181 5391 an
1219 5339 1290 5392 sit
1325 5338 1478 5393 locus
1525 5338 1680 5398 Deut.
1722 5358 1775 5406 ι,
1826 5343 1919 5408 16ς
1954 5358 2079 5396 nam

503 5407 646 5480 apud
669 5406 961 5480 Jcreiniam
996 5409 1109 5462 hzec
1149 5409 1313 5480 verba
1347 5425 1431 5464 me
1465 5409 1663 5480 legisse
1694 5428 1800 5466 non
1839 5406 2087 5468 memini.

575 5477 686 5548 (86)
729 5479 872 5533 Idem
919 5481 1086 5534 codex
1117 5487 1172 5533 et
1204 5479 1502 5548 Siphanus,
1522 5477 1867 5538 έδούλευσεν.

577 5548 690 5610 (87)
730 5549 786 5602 ln
820 5551 1113 5604 recentiori
1159 5550 1350 5606 codice
1398 5551 1551 5608 deest
1577 5548 1692 5607 οὖν.

601 5618 692 5692 88)
730 5618 875 5692 idem
912 5621 1082 5692 codex
1126 5621 1338 5692 ἐδεήθη.

639 5685 692 5753 9)
735 5689 880 5748 Idem
930 5691 1101 5748 codex
1139 5685 1459 5767 διαῇίωρίζῃ.

2085 4796 2201 4828 ⁸⁰·⁶¹
2243 4794 2354 4852 Jer.
2402 4811 2476 4859 ix,
2513 4793 2602 4850 26.

2713 4793 2759 4826 δ’
2796 4791 2905 4848 Jer.
2939 4810 3033 4858 vti,
3065 4793 3152 4846 29..
3266 4790 3312 4823 “
3341 4791 3448 4844 lsa.
3481 4806 3518 4853 ι,
3555 4787 3778 4862 1Ι,Η.⁴

2263 4989 2374 5061 (90)
2443 4989 2651 5044 Locum
2708 4989 2855 5061 hunc
2909 4985 3050 5057 apud
3081 4985 3275 5061 Isaiam
3311 4997 3398 5061 me
3429 4980 3621 5051 legisse
3651 4993 3764 5032 non

2188 5055 2448 5126 memini;
2482 5061 2681 5115 similia
2719 5055 2989 5113 habentur
3017 5057 3158 5127 apud
3186 5055 3477 5127 Jeremiani
3515 5066 3635 5117 cap.
3661 5064 3766 5112 vit,

2186 5131 2276 5193 22.
2310 5147 2374 5185 ex
2401 5124 2511 5200 quo
2541 5131 2702 5184 etiam
2754 5131 2875 5184 loco
2918 5124 3284 5198 pra-cedentia
3329 5124 3493 5180 verba
3542 5129 3767 5189 sumpta

2188 5201 2358 5256 fuisse
2375 5203 2646 5256 videntur.

2260 5272 2370 5340 (9i)
2403 5271 2584 5326 Codex
2619 5270 2896 5340 antiquior
2926 5267 3308 5340 προσενέγκαι.

2259 5337 2367 5416 (92)
2398 5343 2534 5416 Diale
2570 5342 2711 5416 idem
2741 5337 2931 5416 codex,
2963 5337 3408 5416 ὁλοκαυτώματα.
3501 5404 3530 5416 7_

2257 5401 2368 5482 (95)
2407 5413 2633 5482 Siphani
2680 5411 2874 5475 codex,
2911 5401 3296 5482 etAVaticanus
3333 5401 3766 5482 recentiort-pé-

2189 5472 2363 5536 Απαιάν’
2399 5472 2488 5553 μοὶ
2544 5481 2820 5552 βδέλυγμα
2862 5472 3004 5534 ἐστί.
3071 5479 3349 5550 Siplianus
3395 5476 3573 5543 vertit,
3616 5472 3768 5528 Vana

2191 5553 2338 5616 mihi,
2371 5563 2420 5608 et
2457 5553 2780 5608 abominatio
2813 5561 2909 5606 est.

2263 5625 2374 5696 (9i)
2407 5623 2588 5681 Codex
2626 5623 2927 5694 antiquior,
2959 5622 3053 5677 ml
3089 5618 3205 5690 μετ’
3230 5618 3406 5688 ὀλίγα.
