3896 6208
496 217 603 273 ΞΞὸ

1747 239 1804 295 S.
1839 240 2169 300 CREGOBII
2203 245 2495 304 NYSSENl

3660 265 3772 320 2‘35

498 333 980 405 signiﬁcationem,
1011 345 1073 393 ut
1117 338 1330 412 fugiant
1369 358 1401 398 a
1434 343 1573 401 facie
1604 362 1766 407 arcus
1788 348 1858 404 ⁵⁸.
1889 370 1907 404 ‹
1943 351 2074 407 Eze-

2190 357 2539 430 φοδουμὲνοις
2586 379 2644 415 σε
2684 363 3014 436 σημείωσιν,
3054 365 3149 421 τοῦ
3205 370 3396 438 φυγεῖν
3436 370 3546 424 ἀπὸ
3592 391 3774 446 προσ-

498 426 662 490 chiel,
701 444 718 477 ι
743 426 844 483 Fili
898 430 1159 499 hominis,
1191 437 1364 492 transi
1397 440 1633 495 mediam
1663 441 1989 510 Jerusalem,
2027 454 2081 502 et

498 515 567 569 da
600 518 816 588 signum
863 537 1033 593 super
1072 523 1279 583 frontes
1326 529 1570 586 virorum
1623 537 1980 603 gementium,
2027 546 2082 592 et

499 608 805 695 dolentium
845 630 1012 686 super
1040 620 1448 691 iniquitatibus,
1481 641 1602 695 quae
1635 626 1770 680 ﬁunt
1810 627 1865 681 in
1903 629 2082 686 medio

500 694 744 764 ipsorum
771 699 837 753 ⁸⁸.
865 721 883 754 ι
936 702 1001 757 Et
1050 721 1245 764 rursus
1271 751 1285 775 ,
1340 728 1359 762 ι
1386 694 1511 767 Sexi
1546 713 1648 767 viri
1704 715 1999 771 veniebant
2049 730 2079 771 a

500 795 656 858 porta
680 793 921 873 excelsa,
946 812 1070 866 quae
1100 802 1327 872 respicit
1348 803 1414 857 ad
1444 804 1779 874 aquilonem,
1812 815 1866 862 et
1890 810 2081 867 unius-

499 881 771 952 cujusque
815 889 1029 944 securis
1070 890 1123 943 in
1172 907 1336 946 manu
1370 892 1510 963 ejus.
1544 896 1866 966 Audientes,
1905 901 1978 956 ite
2023 902 2079 957 in

498 972 797 1041 civitatem,
824 986 877 1032 et
905 981 1192 1050 percutite,
1225 993 1278 1038 et
1299 999 1408 1039 non
1431 986 1640 1056 parcite
1662 990 1838 1046 oculis
1860 992 2078 1057 vestris,

498 1073 553 1118 et
599 1080 711 1120 non
755 1068 1136 1138 miseremini;
1181 1089 1392 1142 senem,
1447 1085 1503 1131 et
1544 1077 1972 1150 adolescentem,
2028 1091 2083 1140 et

499 1158 790 1229 virginem,
814 1171 867 1217 et
892 1167 1174 1235 parvulos,
1202 1178 1255 1223 et
1287 1169 1541 1227 mulieres
1570 1172 1864 1231 interlicite
1896 1177 1965 1231 ad
1999 1176 2084 1231 in-

499 1252 896 1309 ternecionem.
939 1256 1118 1327 Super
1154 1247 1360 1317 omnes
1386 1270 1591 1328 autem,
1635 1280 1801 1337 super
1824 1283 1965 1338 quos
2000 1277 2084 1325 est

500 1343 720 1415 signum
781 1363 982 1415 meum,
1036 1367 1105 1407 ne
1155 1355 1741 1426 appropinquetis".i
1797 1358 2082 1417 Sacrificia

499 1447 680 1492 autem
733 1438 841 1494 illis
884 1439 1132 1498 facienda
1170 1448 1537 1519 praescripsit,
1593 1466 1705 1506 non
1753 1453 1902 1522 quod
1936 1453 2081 1510 Deus

498 1529 788 1586 sacriﬁciis
812 1532 1291 1609 ’liolocaustisque
1339 1539 1627 1611 indigeret,
1663 1545 1757 1600 sed
1793 1545 1923 1615 quia
1954 1561 2080 1601 cum

497 1621 741 1679 Levitica
790 1627 967 1683 tribus
1008 1637 1214 1684 sortem
1256 1633 1308 1685 in
1346 1634 1731 1702 promissionis
1774 1646 1939 1711 terra
1969 1655 2077 1694 non
2111 1674 2151 1729 Β

496 1716 748 1783 haberet,
801 1720 1003 1790 quippe
1054 1721 1197 1793 quod
1243 1724 1357 1795 ipse
1410 1725 1555 1785 Deus
1608 1746 1730 1787 sors
1771 1733 1892 1804 ejus
1937 1744 2077 1801 erat,

496 1807 639 1864 hanc
692 1810 775 1867 eis
812 1813 1071 1869 alimenta
1117 1816 1218 1871 sibi
1262 1822 1618 1890 comparandi
1665 1825 1936 1882 rationem
1974 1828 2079 1882 tri-

494 1898 654 1966 buit;
684 1901 907 1958 nolebat
939 1906 1084 1959 enim
1108 1923 1205 1964 eos
1227 1909 1320 1980 qui
1353 1913 1664 1968 sacerdotio
1694 1915 2075 1986 fungerentur,

496 1989 685 2047 labore
720 2008 1007 2063 manuum,
1044 2002 1415 2069 negotiatione
1448 2003 1683 2075 aliisque
1719 2007 2080 2065 fraudulentis

495 2083 709 2140 artibus
744 2085 841 2141 ali.

1005 2199 1124 2257 XV.
1154 2201 1232 2257 De
1260 2200 1565 2275 Evangelia.

563 2307 757 2375 David,
796 2328 815 2364 ι
835 2311 1103 2371 Dominus
1137 2316 1289 2373 dabit
1321 2321 1546 2375 verbum
1577 2305 2077 2393 evangelizantibus

489 2399 695 2457 virtute
719 2405 889 2460 multa
912 2408 979 2463 ".
1005 2426 1022 2459 ι
1061 2407 1127 2462 Ει
1157 2426 1374 2478 rursus,
1416 2431 1434 2464 ι
1456 2412 1630 2479 Quam
1656 2416 1891 2485 speciosi
1915 2418 2076 2489 pedes

490 2497 987 2567 evangelizantium
1018 2517 1207 2572 pacem
1232 2505 1313 2559 "l
1339 2524 1357 2557 ι

596 2609 744 2666 XVI.
777 2611 856 2668 De
886 2615 1262 2671 incredulitate
1289 2617 1628 2691 Iudaeorum,
1660 2635 1709 2681 et
1744 2624 1986 2682 Ecclesia

1155 2691 1412 2758 gentium.

560 2772 732 2829 Isaias
767 2774 860 2831 Dei
908 2779 1152 2845 nomine,
1192 2778 1419 2851 «Neque
1463 2784 1632 2851 nosti,
1670 2801 1847 2857 neque
1895 2788 2072 2854 scisti,

490 2880 668 2935 neque
690 2880 719 2919 a
747 2868 1019 2938 principio
1042 2871 1236 2940 aperui
1269 2886 1431 2929 aures
1455 2881 1579 2930 tuas
1604 2892 1620 2942 ;
1649 2893 1910 2934 noveram
1931 2878 2073 2933 enim

490 2955 750 3024 quoniam
771 2961 1139 3028 praevaricans
1161 2964 1611 3033 praevaricaberis
1631 2970 1698 3023 ".
1722 2989 1738 3021 ι
1771 2969 1834 3025 Et
1859 2987 2071 3037 rursus,

496 3065 514 3098 ι
539 3045 790 3117 Magnum
825 3065 1026 3107 nomen
1059 3054 1181 3123 ejus
1212 3056 1264 3110 in
1301 3058 1578 3124 gentibus,
1611 3068 1662 3114 et
1692 3060 1744 3114 in
1772 3063 1920 3116 omni
1954 3063 2074 3118 loco

490 3136 780 3196 incensum
806 3141 1035 3199 offertur
1060 3149 1267 3204 nomini
1304 3165 1446 3214 meo,
1473 3159 1525 3206 et
1555 3153 1886 3208 sacriﬁcium
1916 3171 2077 3211 mun-

490 3231 619 3287 dum
641 3233 749 3289 ⁸ο.»
787 3235 1064 3306 Michaeas,
1107 3241 1211 3296 «Et
1256 3243 1362 3299 erit
1392 3245 1448 3300 in
1498 3245 1814 3313 novissimis
1861 3248 2073 3305 dierum

491 3326 817 3385 manifestus
868 3346 1025 3388 mons
1065 3331 1303 3399 Domini,
1356 3346 1697 3408 praeparatus
1751 3356 1918 3410 super
1952 3358 2077 3397 vero

488 3417 627 3475 tices
648 3423 939 3491 montium,
965 3433 1021 3481 et
1039 3426 1342 3483 elevabitur
1362 3446 1528 3501 super
1547 3432 1751 3501 colles;
1773 3443 1825 3488 et
1846 3432 2073 3489 festina-

491 3511 627 3567 bunt
655 3514 723 3569 ad
766 3531 891 3570 eum
927 3519 1134 3588 populi,
1165 3527 1220 3575 et
1257 3522 1416 3576 ibunt
1448 3531 1638 3594 gentes
1672 3526 1875 3591 multa},
1910 3534 1965 3583 et
1997 3527 2075 3582 di-

488 3610 651 3659 cent:
690 3602 904 3674 Venite,
955 3611 1321 3667 aseendamus
1349 3614 1416 3668 ad
1458 3623 1697 3672 montem
1732 3616 1969 3683 Domini,
2020 3626 2074 3674 et

489 3696 556 3749 ad
583 3697 806 3753 domum
829 3699 920 3756 Dei
943 3700 1151 3771 Jacob;
1183 3713 1237 3761 et
1260 3706 1651 3763 illuminabunt
1682 3724 1784 3764 nos
1803 3710 1906 3764 viis
1928 3710 2070 3778 ejus,

488 3788 618 3855 quia
651 3789 719 3845 de
752 3791 883 3849 Sion
910 3795 1055 3852 exiet
1086 3796 1191 3863 lex,
1218 3807 1271 3854 et
1301 3798 1531 3853 verbum
1554 3798 1782 3873 Domini
1819 3800 1886 3855 de
1910 3800 2072 3857 Jeru-

491 3881 658 3935 salem
685 3883 798 3938 ⁶¹.›
847 3884 1135 3953 Jeremias,
1175 3889 1283 3944 «Et
1329 3890 1467 3946 dixit
1515 3890 1783 3948 Dominus
1833 3892 1900 3946 ad
1949 3910 2069 3950 me:

490 3971 632 4029 Ecce
661 3974 783 4031 dedi
817 3979 982 4034 verba
1011 3995 1131 4035 mea
1157 3980 1211 4036 in
1241 3997 1305 4038 os
1338 3990 1492 4037 tuum
1524 4001 1538 4051 ;
1570 3998 1700 4039 ecce
1732 3984 1996 4040 constitui
2016 3992 2072 4041 te

492 4066 653 4122 hodie
684 4083 852 4139 super
881 4080 1071 4140 gentes
1097 4080 1151 4129 et
1182 4090 1349 4145 super
1387 4092 1563 4147 reges,
1601 4084 1661 4130 ut
1699 4077 1970 4139 eradices,
2016 4087 2071 4133 et

487 4157 808 4227 detrunces,
824 4171 880 4217 et
898 4162 1204 4235 disperdas,
1235 4178 1289 4223 et
1320 4169 1618 4225 readilices
1638 4178 1692 4225 et
1719 4170 1936 4239 plantes
1957 4169 2023 4224 ³⁸.
2046 4187 2063 4221 ι

490 4248 546 4304 Si
583 4250 699 4307 11330
740 4252 807 4310 de
836 4252 1070 4312 Ieremia
1115 4258 1259 4314 dicta
1306 4270 1457 4323 sunt,
1504 4276 1690 4331 ecquae
1744 4275 1909 4333 regna
1966 4260 2072 4316 iste

487 4345 703 4411 evertit,
748 4353 844 4402 aut
891 4364 1030 4419 quas
1067 4359 1259 4421 gentes
1307 4351 1584 4424 perdidit?
1612 4351 1814 4409 Verum
1854 4352 1923 4408 de
1958 4349 2068 4408 Do-

2184 448 2331 501 ὡπου
2365 449 2538 515 τόξου.
2577 471 2597 505 ι
2634 452 2910 526 Ἰεζεκιὴλ,
2939 476 2958 509 ι
2996 456 3089 511 Υἱὲ
3118 458 3427 531 ἀνθρώπου,
3461 461 3639 517 δίελθε
3670 466 3775 535 μὲ-

2186 554 2275 591 σον
2303 540 2399 611 τὴν
2428 540 2802 615 Ἰερουσαλὴμ,
2830 546 2922 599 καὶ
2951 546 3040 611 δὸς
3069 548 3131 601 τὸ
3159 553 3381 621 σημεῖον
3413 553 3507 605 ἐπὶ
3532 552 3602 607 τὰ
3633 554 3773 625 μέτα

2182 646 2306 682 ωπα
2344 630 2420 705 (5)
2453 632 2560 687 τῶν
2593 636 2915 706 ἀνθρώπων,
2941 640 3050 694 τῶν
3087 643 3473 711 στεναζόντων,
3502 647 3600 698 καὶ
3630 664 3772 701 κατ-

2182 721 2551 794 ωδυνωμένων
2589 728 2682 781 ἐπὶ
2715 732 2834 793 ταῖς
2882 731 3153 798 ἀδικίαις,
3194 738 3315 799 ταῖς
3355 739 3676 808 γινομέναις
3709 742 3773 792 ἐν

2185 815 2335 886 μέσῳ
2384 816 2580 872 αὐτῶν.
2617 839 2636 870 ι
2669 821 2779 874 Kal
2802 822 2983 889 πάλιν,
3020 844 3038 875 ι
3068 826 3163 892 Ἐξ
3191 829 3379 900 ἄνδρες
3399 831 3632 901 ἧρχοντο
3656 831 3773 884 ἀπὸ

2179 902 2281 973 τῆς
2317 903 2490 978 πύλης
2515 908 2616 978 τὴς
2642 908 2941 983 βλεπούσης
2975 914 3110 985 πρὸς
3147 915 3368 988 βορρᾶν,
3402 920 3497 973 καὶ
3530 921 3773 974 ἑκάστου

2180 999 2214 1069 ἡ
2244 996 2417 1063 πέλυξ
2445 1000 2503 1052 ὲν
2524 1003 2589 1071 τῇ
2619 1003 2761 1074 χειρὶ
2783 1004 2949 1059 αὑτοῦ
2978 1007 3075 1077 (ϐ)’
3107 1009 3394 1073 ἀκούοντες
3417 1012 3493 1080 (7)
3530 1012 3775 1084 πορεύε-

2184 1089 2278 1144 σθε
2302 1093 2381 1156 είς
2410 1091 2509 1164 τὴν
2536 1092 2709 1158 πόλιν,
2738 1096 2831 1149 καὶ
2860 1097 3109 1164 κόπτετε,
3144 1101 3237 1153 καὶ
3267 1102 3341 1174 μὴ
3369 1102 3627 1172 φείσασθε
3650 1107 3774 1169 τοῖς

2182 1183 2479 1254 ὀφθαλμοῖς
2528 1184 2703 1255 ὑμῶν.
2751 1188 2846 1241 καὶ
2898 1189 2973 1260 μὴ
3023 1190 3315 1263 ἐλεήσητε’
3368 1194 3769 1267 πρεσϐύτερον,

2182 1273 2280 1326 καὶ
2308 1273 2608 1340 νεανίσκον,
2637 1277 2731 1331 καὶ
2775 1277 3040 1349 παρθένον
3070 1280 3168 1350 (8),
3196 1283 3292 1336 κα).
3314 1285 3503 1355 νήπια,
3534 1287 3628 1339 καὶ
3657 1305 3769 1357 γυ-

2182 1367 2376 1428 ναῖκας
2399 1366 2753 1422 ἀποκτείνατε
2781 1369 2855 1439 (9)
2886 1371 2966 1435 είς
2991 1371 3285 1443 ὲξὰλειψινυ
3312 1376 3405 1428 ἐπὶ
3428 1377 3485 1430 δὲ
3518 1379 3730 1443 πάντας
3752 1421 3769 1443 ,

2182 1456 2266 1526 ἐφ’
2296 1455 2388 1522 οὓς
2428 1459 2546 1512 ἐστι
2570 1459 2632 1513 τὸ
2657 1462 2882 1531 σημεῖόν
2914 1480 3038 1534 μου,
3070 1465 3146 1537 μὴ
3176 1468 3453 1541 ὲγγίσητε.
3491 1490 3510 1522 ι
3545 1472 3680 1542 Περὶ
3706 1473 3770 1525 δὲ

2182 1548 2276 1603 τοῦ
2305 1550 2452 1604 θύειν
2488 1552 2688 1617 αὐτοὺς
2730 1552 2979 1626 εἴρηται,
3009 1557 3105 1628 οὐχ
3132 1559 3213 1613 ὅτι
3254 1563 3282 1614 ὁ
3313 1560 3446 1626 Θεὸς
3471 1562 3637 1618 ἐδεῖτο
3664 1565 3771 1617 θυ-

2184 1643 2334 1711 σιῶν,
2364 1644 2396 1716 ἥ
2423 1644 2908 1718 ὁλοκαυτωμάτων,
2932 1648 3044 1702 ἀλλ’
3063 1651 3252 1723 ἐπειδὴ
3278 1654 3312 1722 ἡ
3335 1654 3596 1726 Λευῖτικὴ
3621 1655 3769 1727 φυλὴ

2182 1734 2282 1787 οὐκ
2312 1730 2424 1806 είχε
2454 1735 2654 1807 κλῆρον
2689 1737 2747 1789 ὲν
2768 1740 2834 1808 τῇ
2862 1741 2932 1810 γῇ
2959 1741 3056 1808 τῆς
3088 1741 3423 1810 ἐπαγγελίας
3442 1783 3458 1807 ,
3492 1744 3573 1797 ὅτι
3600 1746 3773 1809 αὐτὸς

2182 1824 2210 1878 ὁ
2237 1824 2369 1909 Osi;
2414 1826 2614 1897 κλῆρος
2659 1826 2865 1897 αὐτῆς,
2904 1826 3107 1900 ταύτην
3136 1829 3334 1883 ἔδωκεν
3368 1831 3550 1895 αὐτοῖς
3593 1834 3671 1894 εἰς
3702 1830 3773 1883 τὸ

2181 1919 2473 1991 τρέφεσθαι
2503 1920 2793 1992 πρόφασιν·
2823 1922 2924 1976 οὐκ
2948 1921 3197 1977 ἐϐούλετο
3224 1923 3332 1996 γὰρ
3370 1925 3568 1989 αὐτοὺς
3613 1928 3776 1996 ἱερα-

2181 2013 2456 2089 τεύοντας,
2492 2014 2599 2067 ἀπὸ
2626 2017 2787 2070 πόνου
2826 2016 2920 2069 καὶ
2946 2016 3359 2087 πραγματείας,
3392 2018 3559 2087 ἤγουν
3582 2036 3775 2090 itam;-

2181 2103 2348 2169 λείας,
2382 2105 2698 2177 τρέφεσθαι.

2554 2218 2654 2272 IE'.
2698 2220 2836 2289 Περὶ
2864 2220 2972 2275 τοῦ
2998 2222 3384 2293 Εὐαηιελίου.

2248 2332 2448 2396 Δαῦὶδ,
2504 2352 2522 2384 ι
2563 2332 2767 2399 Κύριος
2810 2333 2971 2387 δώσει
3002 2335 3155 2406 ῥῆμα
3188 2337 3302 2399 τοῖς
3340 2334 3767 2404 εὐαγγελιζομέ-

2178 2441 2289 2490 νοις
2339 2426 2567 2496 δυνάμει
2614 2425 2802 2497 πολλῇ.
2846 2443 2863 2478 ι
2898 2427 3010 2481 Kal.
3044 2426 3226 2492 πάλιν,
3286 2446 3305 2479 ι
3352 2428 3440 2491 Ὠς
3482 2428 3669 2500 ὡραῖοι
3712 2430 3766 2482 οἱ

2179 2518 2339 2582 πόδες
2363 2518 2472 2572 τῶν
2502 2519 2997 2590 εὐαγγελιζομένων
3022 2521 3279 2593 εἰρήνηνί
3322 2540 3340 2570 ι

2178 2632 2297 2700 ις’.
2323 2633 2465 2703 Περὶ
2510 2633 2621 2701 τῆς
2641 2634 2939 2704 ἀπιστίας
2971 2634 3092 2688 τῶν
3127 2635 3450 2700 Ἰουδαίων,
3493 2636 3593 2690 καί
3623 2636 3762 2704 περὶ

2586 2702 2709 2758 τῶν
2733 2703 2924 2759 ἐθνῶν
2969 2707 3353 2774 Ἐκκλησίας.

2261 2794 2486 2859 Ἡσαΐας
2507 2796 2570 2848 ἐκ
2592 2795 2884 2866 προσώπου
2904 2795 2998 2850 τοῦ
3021 2795 3178 2861 Θεοῦ,
3212 2816 3229 2848 ι
3254 2795 3389 2851 Οὔτε
3415 2797 3607 2866 ἔγνως,
3629 2797 3758 2852 οὔτε

2177 2886 2449 2956 ἠπίστασο
2478 2886 2626 2958 (10),
2652 2887 2777 2942 οὔτε
2813 2889 2908 2942 ἀπ’
2956 2888 3130 2961 ἀρχῆς
3167 2889 3353 2961 ἤνοιξά
3382 2891 3496 2959 (11)
3546 2907 3639 2944 σου
3689 2891 3765 2945 τὰ

2176 2972 2310 3033 ὦτα·
2335 2979 2482 3051 ᾔδειν
2513 2980 2618 3053 γὰρ
2640 3022 2653 3047 ,
2683 2981 2766 3036 ὅτι
2797 2980 3038 3036 ἀπειθῶν
3074 2981 3391 3053 ἀπειθήσεις
3421 2982 3554 3055 (12).
3594 3003 3613 3036 ι
3649 2986 3763 3037 Καὶ

2183 3070 2364 3135 πάλιν,
2401 3090 2420 3123 ι
2454 3073 2614 3141 Μέγα
2637 3073 2701 3127 τὸ
2728 3073 2899 3142 ὄνομα
2925 3073 3089 3127 αὐτοῦ
3117 3075 3173 3127 ὲν
3192 3076 3303 3138 τοῖς
3323 3073 3498 3129 ἔθνεσι
3523 3076 3633 3145 (15)
3664 3077 3762 3130 καὶ

2178 3166 2236 3219 ὲν
2280 3165 2442 3219 παντὶ
2486 3164 2642 3236 τόπῳ
2684 3166 2936 3237 θυμίαμα
2989 3167 3356 3240 προσφέρεται
3409 3168 3487 3239 τῷ
3530 3169 3760 3241 ὀνόματί

2182 3275 2304 3328 μου,
2341 3257 2434 3311 καὶ
2467 3255 2627 3310 θυσία
2658 3257 2893 3328 καθαρά.
2936 3278 2955 3311 ι
2993 3259 3256 3329 Μιχαίας,
3293 3277 3311 3311 ι
3348 3260 3461 3313 Καὶ
3488 3261 3640 3316 ἔσται
3670 3264 3759 3317 ἐπ’

2177 3350 2420 3421 ἐσχάτων
2444 3348 2552 3404 τῶν
2580 3348 2801 3422 ἡμερῶν
2824 3350 3066 3420 ἐμφανὲς
3107 3351 3167 3404 τὸ
3202 3348 3329 3423 ὅρος
3352 3353 3582 3424 Κυρίου,
3617 3355 3763 3408 ἕτοι-

2180 3458 2278 3511 μον
2305 3440 2397 3494 ἐπὶ
2430 3441 2528 3505 τὰς
2554 3440 2800 3512 κορυφὰς
2830 3440 2939 3494 τῶν
2971 3443 3163 3513 ὀρέων,
3198 3444 3293 3498 καὶ
3322 3446 3763 3516 μετεωρισθήσε-

2175 3549 2265 3585 ται
2296 3531 2551 3604 ὑπεράνω
2594 3531 2704 3586 τῶν
2736 3531 2958 3602 βουνῶν·
3001 3534 3097 3587 καὶ
3139 3533 3436 3588 σπεύσουσι
3466 3536 3579 3606 (ﬂ)
3621 3536 3763 3607 πρὸς

2175 3622 2307 3675 αὐτὸ
2337 3621 2479 3684 λαοὶ,
2510 3620 2605 3675 καὶ
2640 3622 3000 3693 πορεύσονται
3027 3622 3153 3693 ἔθνη
3187 3622 3377 3688 πολλὰ,
3405 3625 3501 3678 καὶ
3535 3626 3758 3696 ἐροῦσι,

2173 3715 2326 3768 δεῦτε
2343 3714 2635 3784 ἀναδῶμεν
2659 3716 2738 3779 εἰς
2763 3716 2823 3769 τὸ
2849 3715 2974 3788 ὅρος
2999 3717 3231 3787 Κυρίου,
3257 3719 3352 3771 καὶ
3379 3721 3460 3782 εἰς
3488 3720 3579 3772 τὸν
3605 3715 3761 3773 οἷκον

2173 3800 2266 3854 τοῦ
2313 3801 2447 3855 Θεοῦ
2510 3802 2740 3858 Ἰακὼϐέ
2786 3805 2880 3857 καὶ
2926 3805 3220 3873 φωτιοῦσιν
3260 3808 3412 3878 ἡμᾶς
3461 3812 3580 3872 ταῖς
3615 3809 3761 3874 ὁδοῖς

2174 3891 2338 3945 αὑτοῦ
2366 3892 2496 3962 (15)·
2525 3893 2606 3946 ὅτι
2635 3895 2700 3947 ἐκ
2724 3893 2862 3947 Σιὼν
2894 3893 3233 3959 ἐξελεύσεται
3255 3897 3441 3968 νόμος,
3474 3898 3568 3951 καὶ
3599 3898 3761 3965 λόγος

2172 3979 2378 4047 Κυρίου
2404 3980 2464 4047 ἐξ
2499 3981 2870 4055 Ἰερουσαλήμ.
2906 4000 2925 4035 ι
2962 3983 3231 4055 Ἱερεμίας
3259 3986 3412 4056 (16),
3447 4007 3466 4040 ι
3488 3989 3601 4042 Καὶ
3629 3982 3761 4041 εἶπε

2173 4071 2378 4143 Κύριος
2409 4072 2547 4143 πρός
2583 4091 2681 4144 με,
2714 4073 2821 4129 ἰδοὺ
2850 4074 3058 4129 δέδωκα
3083 4079 3210 4141 τοὺς
3235 4078 3424 4146 λόγους
3452 4097 3555 4149 μου
3589 4082 3649 4134 ὲν
3677 4081 3762 4151 τῷ

2175 4165 2402 4237 στόματί
2429 4183 2523 4219 σου
2542 4182 2556 4197 ·
2595 4167 2703 4221 ἰδοὺ
2737 4168 3051 4241 κατέστησά
3080 4188 3140 4224 σε
3184 4173 3418 4242 σήμερον
3463 4173 3551 4224 ἐπ’
3583 4173 3711 4242 ἔθιη
3741 4214 3758 4238 ,

2173 4258 2269 4312 καὶ
2304 4257 2541 4327 βασιλεῖς
2582 4259 2856 4329 ὲκριζοῦν,
2889 4261 2983 4315 καὶ.
3038 4263 3424 4328 κατακόπτειν,
3460 4266 3557 4318 καὶ
3581 4266 3759 4319 ἀπολ-

2173 4348 2341 4418 λύειν,
2370 4349 2464 4403 καὶ
2493 4350 2884 4422 ἀνοικοδομεῖν,
2915 4355 3011 4409 καὶ
3045 4356 3459 4413 καταφυτεύειν.
3492 4377 3513 4411 ι
3560 4360 3671 4413 Καὶ
3699 4360 3756 4412 εἰ

554 4508 603 4541 ⁸⁸
626 4509 771 4584 Psal.
803 4524 916 4584 L15,
939 4508 992 4584 Si.
1028 4580 1036 4584 _
1068 4511 1124 4584 "_
1146 4510 1342 4568 Ezech.
1377 4529 1455 4580 Ix,
1485 4516 1539 4571 4.
1613 4514 1660 4546 ⁸⁸
1685 4515 1816 4570 ibid.
1844 4514 1902 4576 2,
1930 4515 1983 4569 5.
2058 4512 2074 4544 '

2190 4511 2275 4566 sal.
2309 4525 2479 4584 Lavit,
2502 4510 2589 4564 12.
2665 4512 2713 4545 ⁸⁸
2746 4511 2852 4570 lsa.
2888 4529 2988 4581 LII,
3024 4515 3089 4584 7;
3123 4516 3279 4574 llom.
3311 4534 3366 4583 x,
3400 4519 3487 4573 15.
3565 4521 3611 4553 ⁸⁹
3643 4520 3750 4577 lsa.

488 4594 678 4647 sum,
709 4581 764 4634 8.
852 4579 897 4610 ⁶⁰
935 4579 1168 4636 Malach.
1198 4598 1236 4646 ι,
1265 4584 1351 4638 11.

558 4717 634 4788 (ὃ)
659 4717 884 4789 Siphani
924 4718 1117 4786 codex,
1145 4730 1200 4776 et
1226 4720 1525 4781 Vaticanus
1552 4726 1831 4781 recentior
1884 4724 1975 4778 ἐπὶ
2001 4723 2062 4778 τὸ
2093 4726 2140 4783 lt

534 4788 758 4844 ἐτωπον.

490 4807 796 4931 Egit:
818 4858 871 4912 in
897 4860 1185 4931 recentiori
1210 4859 1495 4931 Vaticano,
1525 4865 1865 4931 καὶὲκαστος
1893 4864 2064 4930 πέλυξ

487 4929 868 5008 ὲστὶετῇυχειρὶ
887 4930 1102 5008 αὐτοῦ.
1120 4930 1176 4985 Si
1185 4933 1398 5002 pliauus
1426 4929 1807 5008 legitéxaorqi.

560 4997 635 5068 (7)
669 4983 767 5077 Hinc
789 4983 1018 5077 multum
1823 5022 1944 5077 quae
1966 5007 2066 5061 lia-

488 5067 731 5147 bet;,_'xa‘t
766 5069 973 5133 τούτοις
1013 5067 1165 5147 εἶπεν
1187 5067 1487 5147 -ἀᾶιούοντός
1545 5095 1669 5147 μου.
1724 5067 1879 5147 Apud
1914 5077 2063 5147 Ter-

487 5141 774 5221 tullianum
807 5146 987 5221 tamen
1019 5141 1139 5196 adv.
1170 5142 1300 5199 Iud.
1347 5162 1467 5218 cap.
1524 5141 1582 5202 fl
1627 5141 1844 5221 legitur,
1899 5146 1969 5202 Et
2010 5149 2063 5202 in

487 5213 569 5266 Itis
596 5211 732 5264 dixit
761 5209 829 5263 ad
858 5212 1177 5268 audientem.

559 5282 841 5404 (ὃὶϐυόοῑ
867 5283 1143 5352 antiquior
1178 5284 1271 5339 καὶ
1300 5286 1636 5357 παρθένους*
1696 5289 1790 5345 sed
1844 5291 1898 5345 in
1947 5289 2063 5344 sin-

584 5352 686 5404 ari.
721 5351 1007 5404 παοθένον.
1043 5353 1205 5404 habet
1245 5357 1409 5404 etiam
1463 5358 1686 5404 ΤΜ-11111-
1753 5361 1871 5404 adu
1922 5359 2052 5404 Jml-

488 5351 686 5422 gulari,
721 5351 1013 5423 παρθένον,
1043 5353 1205 5409 habet
1245 5351 1411 5410 etiam
1463 5351 1688 5414 Tertull.
1753 5361 1873 5417 adv.
1922 5359 2053 5413 Jud.

643 5423 1058 5495 ll,Cyprianus
1092 5424 1217 5481 adv.
1252 5429 1474 5484 eosdem
1499 5430 1593 5486 lib.
1630 5447 1690 5496 ιι,
1752 5447 1872 5503 cap.
1914 5432 1985 5485 22
2003 5438 2058 5487 et

491 5506 562 5545 at
606 5509 642 5545 ι.

491 5506 642 5547 alibi.

561 5562 638 5631 (9)
668 5562 900 5633 Siphani
933 5565 1103 5621 codex
1134 5577 1186 5624 et
1216 5569 1487 5626 recentior
1512 5568 1635 5626 Vat.
1666 5569 1761 5626 καὶ
1800 5572 2057 5626 ἀποκτεί-

492 5647 617 5684 νατε
634 5635 769 5717 :“sed
798 5650 918 5717 eam
946 5638 1269 5717 particulam
1308 5655 1410 5717 nec
1432 5641 1598 5717 editio
1622 5641 1764 5696 LXX
1794 5645 2051 5717 lnterpr.,

495 5716 597 5757 nec
634 5701 1028 5772 Tertullianus,
1059 5723 1158 5764 nec
1172 5709 1479 5780 Cyprianus
1511 5712 1733 5770 habent.

1455 4586 1497 4618 ⁶¹
1528 4583 1691 4640 Micb.
1727 4603 1803 4651 tv,
1837 4587 1887 4651 1,
1919 4586 1972 4639 2.
2054 4583 2098 4615 ⁸⁸
2120 4579 2233 4637 Jer.
2267 4597 2305 4648 l,
2337 4581 2424 4635 10.

2264 4721 2353 4811 ἒρὶ
2378 4721 2623 4811 ’ἐρημέξηξι
2650 4724 2821 4811 editio
2849 4728 3086 4811 ἠπίῖῖως
3460 4802 3491 4811 ί.
3610 4803 3635 4811 _
3760 4734 3771 4811 ξ

2267 4794 2353 4864 ll)
2390 4794 2617 4875 Siphani
2647 4797 2842 4863 codex,
2870 4794 2926 4853 et
2960 4797 3256 4856 Vaticanus
3289 4802 3585 4869 recentior,
3606 4803 3755 4875 ἠνοι-

2171 4861 2285 4927 ξας,
2325 4861 2597 4933 aperuisti.

2242 4936 2355 5015 (19:)
2381 4935 2570 5015 Editio
2599 4933 2849 4994 Romana
2876 4937 3019 4993 LXX
3052 4937 3283 5011 lnterpr.
3321 4941 3495 5011 ἔγνων
3524 4942 3636 5015 γὰρ
3666 4946 3753 4998 ὅτι

2170 5003 2378 5059 ἀθετῶν
2413 5006 2718 5075 ἀθετήσεις.

2240 5073 2890 5141 (13)(ὶοᾱοενιιιίςιιηυε
2914 5081 3209 5145 recentior,
3241 5083 3337 5137 ἐπὶ
3379 5087 3490 5146 τοῖς
3541 5083 3748 5143 ἔθνεσι.

2167 5143 2289 5199 Mox
2320 5147 2374 5200 in
2396 5146 2684 5202 vetustiori
2721 5149 2876 5206 deest
2925 5150 3095 5222 τόπῳ,
3129 5143 3374 5220 librarii,
3407 5143 3746 5220 tit—videtur,

2167 5231 2377 5270 errore.
2823 5248 2829 5255 '

2266 5287 2353 5361 lt)
2382 5285 2521 5361 Male
2549 5288 2721 5361 codex
2746 5290 3026 5361 antiquior
3044 5292 3349 5349 σπείσουσι.

2239 5287 2353 5420 (1-1)
2382 5287 2521 5341 Male
2549 5288 2721 5343 codex
2746 5290 3026 5361 antiquior
3044 5292 3349 5349 σπείσουσι.

2266 5357 2471 5437 ﬁlim
2525 5366 2579 5437 et
2606 5357 2874 5437 _Ju_stinus
2903 5363 3032 5437 legit
3058 5364 3115 5437 in,
3135 5363 3286 5437 Dial.
3319 5382 3438 5421 cum
3466 5365 3748 5437 Tryphone

2165 5426 2448 5503 pag_._55§i,
2475 5425 2571 5482 sed
2605 5429 2884 5503 Ilﬂbﬁlﬁ‘i’jv
2906 5425 3023 5486 ὁδὸν
3060 5436 3245 5490 αὐτοῦ.

2237 5496 2575 5574 {16)_l.0eus
2624 5499 2729 5555 iste
2757 5496 3006 5557 Jeremiae
3038 5506 3203 5574 paulo
3247 5507 3484 5563 diversis
3530 5508 3743 5571 verbis,

2164 5567 2259 5622 sed
2284 5568 2473 5622 eodem
2519 5568 2632 5646 fere
2660 5586 2829 5628 sensu
2861 5567 3062 5646 legitur
3098 5577 3155 5634 in
3187 5577 3432 5635 Romana
3467 5577 3605 5633 LXX
3654 5567 3748 5633 In;

2162 5646 2464 5710 terprctum
2502 5639 2763 5699 editione.
