3896 6208
195 370 305 425 223

1240 372 1663 429 TESTIMONIA
1697 371 2072 431 ADVERSUS
2130 374 2442 432 JUDASOS.

3361 383 3467 438 226

180 484 366 538 ταῦτα
386 486 515 558 περ).
540 487 829 559 Ἱερεμίου,
865 488 1025 553 ποίας
1047 488 1325 560 βασιλείας
1352 490 1777 564 ὲξερῤίζωσεν,ἢ

1884 490 2036 546 mino
2074 490 2221 547 dicta
2253 500 2404 560 sunt,
2450 491 2546 563 qui
2574 490 2631 548 in
2676 494 2827 549 omni
2864 491 3011 550 ﬁdeli
3049 490 3232 548 anima
3276 492 3470 548 adver-

184 579 323 629 ποῖα
357 576 484 649 ἔθνη
507 578 820 646 ἀπώλεσεν;
860 580 1021 637 Ἀλλά
1045 582 1176 654 περ).
1197 582 1290 637 τοῦ
1306 583 1514 656 Κυρίου
1542 583 1776 657 εἴρηται,

183 669 591 740 ὲκριζώσαντος
630 672 742 725 ἀπὸ
781 673 964 744 πάσης
1005 674 1188 746 ψυχῆς
1229 673 1590 747 πιστευούσης
1632 674 1781 747 αὐτῷ

184 758 292 834 τὴν
337 760 613 832 βασιλείαν
632 762 730 817 τοῦ
776 765 1213 838 Ἀντικειμένου,
1242 766 1302 830 ὃς
1342 766 1679 839 κατέστρεψε
1711 767 1782 820 τὰ

187 854 603 927 οἰκοδομήματα
625 855 733 928 τῆς
757 857 977 923 κακίας,
1010 858 1106 912 καὶ
1135 858 1242 912 τῶν
1273 857 1562 931 μοχθηρῶν
1585 858 1782 930 δογμά-

183 943 297 996 τῶν
321 945 453 1015 (17),
493 946 915 1017 καταφυτεύσας
936 946 1005 1001 τά
1039 948 1345 1021 κρείττονα.
1372 949 1556 1014 Δαϐὶδ,
1599 968 1618 1001 ι
1663 947 1783 1003 Ῥὖ-

188 1034 281 1087 σαί
330 1051 398 1105 με
438 1032 499 1099 ἐξ
540 1034 854 1105 ἀντιλογίας
874 1034 1025 1100 λαοῦ,
1065 1037 1430 1109 καταστήσεις
1463 1055 1530 1109 με
1568 1038 1647 1102 εἷς
1691 1055 1783 1092 κε-

186 1126 365 1197 φαλὴν
389 1127 581 1183 ὲθνῶν.
609 1127 773 1193 Λαδς,
803 1128 863 1182 δν
888 1128 987 1184 οὐκ
1015 1128 1209 1198 ἔγνων,
1244 1129 1523 1184 ὲδούλευσέ
1547 1146 1671 1202 μοι·
1702 1132 1780 1195 εἰς

187 1220 362 1291 ἀκοὴν
394 1219 560 1273 ὠτίου
584 1220 864 1292 ὑπήκουσέ
891 1238 1015 1290 μουο
1045 1221 1151 1274 υίο).
1180 1220 1451 1292 ἀλλότριοι
1484 1220 1781 1291 ὲψεύσαντό

192 1327 283 1380 μοι
313 1310 464 1381 (18)·
489 1311 594 1364 υἱοὶ
620 1311 892 1384 ἀλλότριοι
922 1311 1342 1385 ὲπαλαιὼθησαν
1377 1314 1473 1367 καὶ
1503 1311 1779 1384 ὲχὼλαναν

188 1402 299 1454 ἀπὸ
332 1401 441 1455 τῶν
471 1402 678 1475 τρίϐων
698 1403 901 1457 αὐτῶν.
943 1423 962 1456 ι
995 1404 1238 1475 Μωῦσῆς
1254 1406 1331 1458 ·ὲκ
1357 1403 1647 1476 προσώπου
1682 1404 1777 1458 τοῦ

189 1493 328 1549 Θεοῦ
362 1494 497 1565 πρὸς
543 1494 832 1566 Ἀϐραὰμ,
866 1515 884 1548 ι
923 1496 1035 1549 Καὶ
1069 1495 1584 1568 ὲνευλογηθήσονται
1609 1497 1667 1551 ὲν
1699 1497 1780 1550 σοὶ

192 1586 376 1639 πάντα
401 1585 469 1638 τὰ
498 1585 712 1656 πέρατα
739 1586 853 1657 (19)
875 1587 972 1658 τῆς
989 1590 1110 1659 γῆς.
1127 1605 1145 1639 ι
1178 1586 1289 1641 Καὶ
1315 1587 1476 1641 πάλιν
1503 1629 1518 1653 ,
1561 1606 1579 1639 ι
1619 1587 1779 1640 Ἀπο-

192 1679 413 1750 στρέςμω
456 1678 520 1732 τὺ
553 1678 844 1749 πρόσωπόν
894 1696 995 1750 μου
1024 1679 1118 1732 ἀπ’
1164 1678 1365 1745 αὐτῶν,
1401 1681 1494 1734 καὶ
1533 1680 1692 1747 δείξω
1729 1679 1781 1733 τί

189 1771 350 1825 ἔσται
392 1771 579 1833 αὐτοῖς
609 1770 694 1823 ἐπ’
733 1770 977 1841 ἐσχάτων
1002 1770 1136 1844 (20),
1166 1772 1247 1825 ὅτι
1276 1772 1438 1842 γενεά
1470 1771 1778 1844 ὲξεστραμ-

1884 582 2018 637 sarii
2043 597 2275 653 regnum
2300 581 2517 649 evertit,
2545 582 2637 653 qui
2662 584 2885 639 malitiae
2906 584 3189 639 molimina
3213 582 3467 646 destruit,

1882 683 1935 730 et
1993 689 2379 745 perversorum
2439 675 2563 730 loco
2618 677 2849 731 meliora
2912 677 3168 748 dogmata
3230 678 3465 746 plantat.

1884 764 2073 827 David,
2136 764 2320 821 «Erue
2376 781 2463 821 me
2513 766 2582 822 de
2634 767 3171 824 contradictionibus
3233 768 3466 838 populi;

1883 859 2197 914 constitues
2242 872 2331 912 me
2378 857 2434 911 in
2482 869 2645 929 caput
2699 860 2964 930 gentium.
3008 859 3251 930 Papulus
3303 871 3468 929 quem

1882 964 1992 1004 non
2031 948 2287 1020 cognovi,
2317 949 2546 1004 servivit
2576 950 2744 1017 mihi;
2776 951 2833 1006 in
2873 951 3063 1006 auditu
3103 952 3251 1005 auris
3280 950 3469 1005 obedi-

1883 1041 1961 1094 vit
1991 1040 2147 1095 mihi.
2184 1037 2307 1095 Filii
2338 1041 2502 1097 alieni
2536 1043 2749 1099 mentiti
2787 1051 2918 1101 sunt
2949 1044 3118 1109 mihi;
3162 1043 3259 1097 lilii
3304 1042 3467 1098 alieni

1884 1134 2174 1192 inveterati
2207 1146 2334 1193 sunt
2357 1146 2412 1193 et
2437 1137 2890 1193 claudicaverunt
2916 1155 2946 1192 a
2979 1137 3191 1193 semitis
3224 1137 3338 1192 suis
3362 1136 3461 1190 ⁸³.»

1882 1224 2099 1297 Moyses
2128 1226 2221 1282 Dei
2252 1227 2475 1282 nomine
2504 1228 2573 1282 ad
2598 1227 2898 1293 Abraham,
2936 1247 2953 1280 ι
2981 1227 3047 1281 Ει
3070 1227 3467 1283 benedicentur

1882 1317 1936 1372 in
1961 1326 2013 1373 te
2034 1334 2225 1376 omnes
2255 1319 2473 1375 termini
2505 1327 2666 1376 terra:
2687 1319 2753 1373 “.
2774 1339 2793 1372 ι
2810 1372 2811 1375 η
2827 1319 2891 1373 Et
2918 1335 3134 1384 rursus,
3169 1338 3187 1371 ι
3207 1318 3466 1374 Avertam

1883 1409 2076 1466 faciem
2115 1426 2288 1467 meam
2326 1412 2394 1465 ab
2419 1410 2537 1477 eis;
2576 1418 2631 1466 et
2664 1410 2952 1467 ostendam
2982 1411 3115 1482 quid
3154 1412 3258 1466 erit
3292 1410 3374 1466 eis
3412 1410 3467 1464 in

1883 1503 2226 1569 novissimis,
2269 1503 2529 1573 quoniam
2559 1503 2843 1574 generatio
2888 1516 3146 1573 perversa
3181 1509 3287 1557 est.
3332 1498 3463 1554 Filii

1860 1596 2089 1668 quibus
2117 1612 2227 1651 non
2257 1604 2342 1652 est
2363 1595 2497 1651 ﬁdes
2528 1595 2584 1649 in
2614 1596 2694 1650 eis
2722 1612 2737 1661 ;
2772 1594 2876 1664 ipsi
2902 1593 2969 1649 ad
3000 1593 3178 1651 zelum
3201 1606 3472 1663 provoca-

1884 1698 2082 1745 verunt
2116 1704 2203 1745 me
2238 1689 2292 1742 in
2316 1703 2426 1743 non
2454 1687 2583 1753 Deo,
2615 1686 3082 1742 exaeerhaverunt
3114 1700 3197 1740 me
3220 1685 3275 1738 in
3307 1682 3469 1739 idolis

1885 1781 2025 1844 suis,
2058 1790 2110 1836 et
2143 1795 2244 1851 ego
2276 1780 2586 1852 provocabo
2622 1794 2717 1835 eos
2744 1777 2813 1832 ad
2848 1779 3025 1833 zelum
3053 1778 3108 1832 in
3137 1792 3243 1832 non
3269 1783 3468 1845 gente:

193 1861 340 1932 μένη
373 1859 540 1913 ἐστίν.
576 1860 690 1912 Υἱοὶ
713 1854 792 1925 οἷς
818 1862 919 1914 οὐκ
946 1860 1059 1915 ἔστι
1101 1861 1281 1927 πίστις
1311 1864 1368 1919 ὲν
1389 1863 1589 1927 αὐτοῖς’
1624 1865 1777 1917 αὐτοὶ

1884 1874 1936 1927 in
1972 1880 2131 1944 gente
2163 1872 2326 1927 stulta
2362 1872 2591 1926 irritaho
2622 1870 2745 1925 illos
2770 1870 2838 1927 ⁸⁸.
2860 1889 2878 1921 ι
2914 1868 2981 1922 Et
3012 1868 3166 1932 alibi,
3202 1884 3220 1918 ι
3242 1866 3422 1931 Dabit,
3444 1881 3465 1916 ι

189 1951 591 2024 παρεζήλωσάν
619 1951 729 2024 (21)
767 1970 834 2025 με
858 1954 944 2007 ἐπ’
974 1955 1033 2007 οὐ
1065 1954 1205 2028 Θεῷ,
1238 1955 1599 2028 παρὼργισάν
1626 1975 1693 2029 με
1719 1957 1778 2010 ὲν

183 2048 310 2110 τοῖς
347 2045 582 2110 εἰδώλοις
624 2046 825 2113 αὐτῶν,
856 2047 1014 2115 κάγὼ
1040 2047 1423 2123 παραζηλώσω
1464 2049 1662 2112 αὐτοὺς
1691 2049 1777 2103 ἐπ’

185 2138 292 2191 οὐκ
314 2137 479 2191 ἔθνει·
509 2138 594 2191 ἐπ’
618 2137 762 2191 ἔθνει
791 2138 1038 2211 ἀσυνέτῳ
1070 2140 1356 2212 παροργιῶ
1378 2140 1595 2205 αὐτούς.
1628 2162 1647 2195 ι
1669 2143 1780 2195 Καὶ

184 2228 450 2299 ἀλλαχοῦ,
473 2248 491 2281 ι
516 2230 630 2300 (22)
643 2228 833 2298 Δὼσει,
848 2250 866 2282 ι
884 2231 1071 2302 φησὶν,
1089 2251 1109 2285 ι
1126 2232 1251 2296 τοὺς
1263 2234 1531 2304 πονηροὺς
1545 2234 1665 2287 ἀντὶ
1680 2232 1780 2304 τῆς

182 2321 371 2392 ταψῆς
400 2321 586 2375 αὑτοῦ.
627 2341 648 2374 ι
688 2322 915 2387 Ἡσαΐας
944 2323 1091 2395 (25),
1135 2343 1153 2376 ι
1204 2325 1485 2398 Ἐμφανὴς
1514 2327 1779 2397 ἐγενόμην

181 2417 303 2477 τοῖς
328 2416 429 2486 ἐμὲ
458 2416 533 2488 μὴ
555 2416 828 2488 ζητοῦσιν,
855 2416 1086 2489 εὐρέθην
1109 2420 1221 2482 τοῖς
1259 2418 1359 2489 ἐμὲ
1386 2418 1461 2490 μὴ
1488 2420 1779 2491 ἐπερωτῶ-

186 2522 296 2559 σιν.
328 2506 347 2574 (
366 2506 483 2579 (2.1]
516 2504 678 2574 Bina,
717 2508 845 2562 Ἰδοὺ
864 2509 1093 2580 πάρειμι
1120 2508 1261 2562 ἔθνει
1292 2508 1428 2580 (25),
1452 2508 1505 2562 οἳ
1537 2510 1637 2563 οὐκ
1682 2511 1782 2564 ἐπ-

187 2598 523 2653 εκαλέσαντο
550 2600 610 2654 τὸ
640 2600 810 2671 δνομά
850 2618 973 2672 μου.
1010 2619 1029 2653 ι
1051 2600 1069 2671 )
1093 2599 1275 2669 Δαϐὶδ,
1303 2619 1322 2653 ι
1376 2600 1779 2673 Ἀπηλλοτριω-

188 2691 355 2762 μένος
387 2692 656 2764 ἐγενήθην
705 2695 816 2756 τοῖς
855 2691 1106 2763 ἀδελφοῖς
1142 2710 1243 2764 μου
1270 2734 1284 2759 ,
1311 2692 1426 2771 ’καὶ
1470 2693 1621 2761 ξένος
1668 2696 1781 2757 τοῖς

185 2784 328 2845 υἱοῖς
358 2783 458 2855 τῆς
486 2784 697 2856 μητρός
745 2800 867 2854 μου.
905 2803 924 2837 ι
967 2786 1104 2857 Περὶ
1153 2785 1211 2840 δὲ
1242 2784 1351 2839 τῶν
1394 2785 1562 2863 ἐθνῶν
1594 2785 1777 2855 λέγει,

194 2892 213 2926 ι
269 2874 596 2943 Ἀπαγγελῶ
631 2874 742 2946 (26)
773 2876 834 2929 τὺ
868 2876 1040 2948 ὄνομά
1072 2893 1164 2930 σου
1196 2879 1311 2940 τοῖς
1356 2876 1605 2946 ἀδελφοῖς
1638 2894 1739 2949 μου
1761 2917 1777 2942 ,

186 2968 248 3019 ὲν
276 2966 432 3037 μέσῳ
474 2967 804 3039 Ἑκκλησίας
842 2969 1069 3040 ὑμνήσω
1100 2985 1181 3023 σε.
1232 2988 1251 3021 ι
1303 2969 1441 3041 Περὶ
1489 2968 1777 3035 Ἰουδαίων,

191 3078 213 3111 ι
244 3060 328 3112 Δι’
351 3060 494 3129 ὑμᾶς
521 3059 925 3131 βλασφημεῖται
964 3060 1023 3115 τὸ
1050 3058 1228 3132 δνομά
1260 3078 1362 3132 μου
1387 3060 1475 3114 διὰ
1498 3061 1701 3126 παντὸς
1722 3062 1781 3116 ὲν

184 3153 303 3215 τοῖς
332 3150 530 3205 ἔθνεσι,
568 3171 587 3203 ι
619 3150 922 3222 Μαλαχίας,
964 3171 982 3205 ι
1017 3153 1132 3207 Οὐκ
1162 3152 1278 3207 ἔστι
1321 3171 1422 3225 μου
1468 3152 1686 3224 θέλημα
1715 3156 1775 3207 ἐν

184 3242 507 3314 ὖμῐν,λέγει
523 3242 728 3314 Κύριος
753 3242 1165 3316 παντοκράτωρ.
1197 3262 1215 3295 ›
1244 3241 1396 3316 ([27]
1414 3244 1549 3316 Περὶ
1577 3241 1780 3297 Ἐθνῶν

181 3336 268 3401 δὲ,
304 3355 325 3387 ι
350 3335 471 3390 Ὅτι
490 3335 598 3390 ἀπὸ
622 3335 895 3391 ἀνατολῶν
920 3337 1075 3408 ἡλίου
1103 3338 1267 3409 μέχρι
1291 3337 1512 3408 δυσμῶν
1530 3337 1586 3392 τὸ
1607 3337 1778 3409 ὄνομά

186 3446 295 3501 μου
343 3428 653 3494 δεδόξασται
684 3431 743 3483 ὲν
776 3432 886 3493 τοῖς
923 3428 1164 3496 Ἕθνεσι,
1200 3428 1348 3498 λέγει
1387 3428 1592 3500 Κύριος
1637 3446 1778 3482 παν-

182 3522 498 3596 τοκράτωρ·
528 3543 547 3576 ι
578 3524 598 3593 )
644 3542 663 3575 ι
694 3523 787 3577 καὶ
826 3524 882 3576 ἐν
926 3523 1090 3578 παντὶ
1130 3524 1282 3594 τόπῳ
1310 3521 1561 3593 θυμίαμα
1609 3539 1778 3592 προσ-

184 3620 386 3687 άγεται
423 3616 502 3688 τῷ
539 3615 765 3687 ὀνόματί
798 3633 934 3687 μου,
967 3616 1064 3670 καὶ
1104 3613 1248 3687 μέγα
1293 3614 1354 3668 τὸ
1377 3614 1550 3684 ὄνομά
1584 3608 1686 3685 μου
1718 3615 1776 3669 ἐν

183 3713 299 3774 τοῖς
331 3709 549 3765 Ἐθνεσι
568 3750 583 3773 ,
607 3709 756 3778 λέγει
782 3709 985 3781 Κύριος
1015 3707 1428 3779 παντοκράτωρ,
1469 3727 1488 3759 ι
1525 3707 1701 3780 (Περὶ
1718 3706 1775 3761 δὲ

193 3800 477 3854 Ἰουδαίων
502 3800 704 3869 λέγει,)
741 3820 760 3852 ι
803 3800 990 3872 Ὑμεῖς
1022 3799 1077 3854 δὲ
1111 3798 1396 3871 βεϐηλοῦτε
1425 3799 1574 3855 αὑτό.
1609 3820 1628 3851 ι
1672 3803 1777 3853 Δα-

182 3894 299 3959 δὶδ,
356 3911 376 3944 ι
415 3894 639 3965 Δῖττγσαι
677 3896 808 3965 παρ’
837 3893 1002 3965 ἐμοῦ,
1041 3892 1135 3947 καὶ
1166 3892 1323 3947 δώσω
1377 3909 1458 3945 σοι
1515 3890 1642 3963 ἔθνη
1674 3891 1776 3962 τὴν

183 3986 568 4057 κληρονομίαν
596 4001 707 4051 σου,
732 3986 824 4039 καὶ
852 3986 952 4056 τὴν
982 3984 1314 4056 κατάσχεσιν
1343 4002 1437 4039 σου
1465 3983 1535 4039 τά
1559 3984 1775 4057 πέρατα

182 4079 285 4149 τῆς
320 4077 452 4146 γῆς.
488 4096 510 4129 ι
543 4078 777 4149 Μωῦσῆς
806 4078 942 4151 (28),
980 4097 1001 4131 ι
1042 4078 1243 4133 Ἐασόν
1284 4096 1351 4150 με
1375 4078 1651 4149 ἐξαλεῖψαι
1684 4077 1776 4133 τὸν

184 4171 316 4224 λαὸν
344 4169 559 4235 τοῦτον,
599 4170 691 4226 καὶ
717 4170 875 4226 δώσω
918 4188 1000 4226 σοι
1038 4169 1191 4236 ἔθνος
1236 4171 1410 4243 μέγα,
1458 4173 1553 4226 κα)⁸
1603 4169 1774 4237 πολὺ,

257 4348 308 4381 ι’
339 4347 485 4403 Psal.
514 4364 653 4411 xm,
694 4347 886 4405 λιι-46.
959 4347 1005 4381 ⁸⁸
1037 4346 1173 4406 Gen.
1206 4363 1304 4411 xu,
1337 4346 1392 4403 5.

1880 1965 2081 2035 inquit,
2137 1964 2448 2035 «pessimos
2496 1980 2595 2035 pro
2642 1963 2927 2035 sepultura
2972 1963 3095 2033 ejus
3119 1963 3230 2018 ⁸⁸.»
3276 1960 3470 2025 Isaias,

1886 2076 1905 2109 ι
1930 2058 2254 2120 Manifestus
2289 2057 2468 2115 factus
2508 2074 2631 2115 sum
2668 2074 2778 2112 non
2814 2055 3189 2128 quaerentibus
3230 2070 3352 2110 me:
3389 2054 3473 2109 in-

1880 2161 2080 2208 ventus
2140 2168 2261 2208 sum
2314 2152 2383 2207 ab
2431 2152 2543 2219 his,
2596 2151 2691 2222 qui
2745 2167 2834 2208 me
2889 2166 3001 2206 non
3035 2148 3471 2217 interrogabant.

1884 2239 2060 2313 (Dixi,
2120 2241 2260 2299 Ecce
2310 2243 2528 2301 adsum.
2559 2243 2731 2313 genti,
2785 2243 2875 2312 qui
2926 2257 3038 2297 non
3076 2242 3474 2296 invocaverunt

1882 2349 2080 2389 nomen
2126 2335 2340 2406 meum)
2366 2336 2432 2388 ".
2457 2354 2476 2387 ι
2516 2334 2709 2401 David,
2754 2336 3079 2392 «Alienatus
3135 2335 3316 2390 factus
3347 2349 3472 2390 sum

1880 2423 2147 2480 fratribus
2189 2425 2348 2491 meis,
2383 2433 2441 2480 et
2471 2426 2673 2497 hospes
2710 2426 2837 2481 filiis
2868 2426 3060 2483 matris
3094 2440 3228 2480 meae
3250 2424 3315 2480 ".
3340 2444 3359 2479 ι
3394 2423 3471 2480 De

1882 2515 2137 2587 gentibus
2164 2524 2342 2571 autem
2373 2515 2471 2581 ait,
2510 2535 2529 2568 ι
2551 2516 2911 2572 Annuntiabo
2941 2531 3141 2572 nomen
3173 2525 3328 2572 tuum
3359 2515 3470 2570 fra-

1880 2608 2062 2664 tribus
2090 2608 2249 2674 meis,
2302 2607 2358 2662 in
2394 2607 2574 2663 medio
2595 2607 2857 2663 Ecclesiae
2895 2608 3132 2664 laudabo
3164 2617 3221 2664 te
3244 2610 3311 2663 5’.
3335 2627 3354 2661 ι
3395 2606 3471 2663 De

1880 2699 2103 2766 Iudaeis,
2142 2699 2411 2772 «Propter
2448 2715 2549 2756 vos
2599 2700 3012 2770 blasphematur
3054 2717 3253 2756 nomen
3286 2716 3466 2756 meum

1882 2809 2099 2865 semper
2147 2794 2203 2848 in
2253 2793 2506 2864 gentibus
2526 2794 2638 2846 ⁷ο.»
2690 2791 3011 2859 llialachias,
3054 2793 3208 2849 «Non
3252 2801 3339 2849 est
3367 2809 3470 2859 vo-

1882 2886 2069 2942 luntas
2091 2903 2211 2942 mea
2243 2887 2297 2941 in
2325 2886 2503 2952 vobis,
2532 2884 2670 2941 dicit
2693 2886 2959 2943 Dominus
2984 2888 3461 2959 omnipotens".r

1885 2978 1992 3051 (De
2025 2978 2294 3035 Gentibus
2336 2987 2546 3044 autem,
2582 2998 2599 3031 ι
2635 2979 2774 3046 Quia
2807 2996 2838 3034 a
2868 2980 3003 3037 solis
3025 2988 3152 3036 ortu
3197 2995 3373 3051 usque
3401 2979 3471 3034 ad

1882 3086 2141 3127 occasum
2166 3070 2526 3127 clariﬁcatnm
2555 3079 2641 3128 est
2671 3088 2870 3129 nomen
2906 3090 3089 3129 meum
3111 3074 3165 3128 in
3186 3072 3469 3146 gentibus.

1884 3163 2019 3218 dicit
2040 3162 2305 3219 Dominus
2333 3163 2680 3233 omnipotens
2704 3182 2716 3218 :
2734 3175 2753 3234 )
2784 3174 2839 3219 et
2869 3164 2924 3219 in
2954 3164 3103 3219 omni
3139 3176 3259 3220 loco
3286 3165 3471 3220 incen-

1887 3270 2008 3312 sum
2046 3254 2273 3311 ollertur
2305 3254 2516 3309 nomini
2556 3270 2700 3318 meo,
2748 3264 2804 3308 et
2852 3270 3109 3326 magnum
3139 3262 3226 3310 est
3270 3268 3469 3309 nomen

1885 3362 2067 3402 meum
2109 3347 2163 3400 in
2203 3344 2493 3407 Gelttibus,
2533 3343 2677 3398 dicit
2707 3344 3059 3413 omnipotens
3082 3345 3191 3397 τ’.»
3234 3343 3341 3414 (De
3367 3342 3469 3399 Ju-

1885 3436 2017 3493 daeis
2035 3446 2214 3491 autem
2232 3436 2410 3503 dicit,)
2431 3454 2447 3485 ι
2469 3433 2579 3489 Vos
2599 3444 2781 3489 autem
2801 3434 3345 3490 contaminatisillnd
3364 3436 3428 3490 ”’.
3442 3453 3465 3488 ι

1885 3529 2079 3592 David,
2118 3547 2136 3580 ι
2160 3527 2382 3583 Postula
2409 3543 2439 3582 a
2468 3543 2574 3592 me,
2622 3535 2677 3582 et
2708 3526 2850 3583 dabo
2891 3528 2987 3582 tibi
3019 3536 3207 3598 gentes
3236 3528 3469 3582 barredi-

1884 3631 2047 3677 tatem
2065 3629 2236 3685 tuam,
2251 3629 2305 3675 et
2319 3621 2891 3692 possessionem'tuam
2912 3621 3178 3675 terminos
3192 3620 3424 3675 terrae".
3439 3638 3458 3672 ι

1886 3713 2125 3787 Moyses,
2160 3734 2177 3766 ι
2201 3714 2332 3770 Sine
2370 3730 2457 3769 me
2501 3714 2687 3769 delere
2718 3713 2981 3784 populum
3027 3714 3194 3779 hunc,
3236 3719 3292 3768 et
3322 3712 3466 3768 dabo

1888 3805 1983 3861 tibi
2016 3812 2231 3877 gentem
2261 3812 2609 3874 magnam,ct
2632 3804 2806 3858 multo
2834 3804 3008 3873 magis
3036 3818 3202 3872 quam
3223 3801 3339 3857 hmc
3359 3802 3462 3855 π.»

1884 3897 2058 3954 lsaias
2106 3896 2174 3953 de
2225 3894 2451 3960 Iudaeis,
2506 3895 2743 3951 «Audite
2793 3895 3020 3951 verbum
3072 3893 3310 3961 Domini,
3373 3892 3469 3947 lilii

1887 3988 2291 4055 Sodomorum;
2344 3987 2611 4043 attendite
2658 3988 2762 4059 legi
2816 3985 2907 4040 Dei
2962 3987 3198 4056 populus
3234 3985 3469 4042 Gomor-

1884 4083 1997 4138 rba:
2022 4083 2087 4135 ⁷⁸.
2114 4100 2132 4133 ι
2173 4080 2239 4135 Et
2268 4096 2487 4147 rursus,
2524 4100 2542 4134 ι
2564 4080 2807 4136 Sabbata
2835 4090 3040 4144 vestra,
3074 4087 3129 4135 et
3156 4079 3469 4135 neomenias

1884 4161 2235 4230 vestras'odit
2258 4174 2439 4229 anima
2461 4188 2580 4228 mea
2608 4190 2623 4228 :
2659 4178 2784 4227 vota
2814 4180 2999 4227 vestra
3024 4186 3134 4226 non
3151 4172 3463 4226 exaudiam.

1465 4348 1510 4381 ⁸⁸
1547 4346 1705 4402 Deut.
1731 4365 1777 4403 ιτ

1887 4390 1902 4414 ,
1941 4347 2033 4405 20.
2068 4346 2158 4401 21.
2238 4344 2283 4377 ⁸⁸
2310 4343 2413 4400 lsa.
2450 4360 2570 4409 Lm.
2609 4345 2663 4401 9.
2741 4346 2784 4377 "
2814 4345 2919 4400 lsa.
2947 4360 3075 4409 va,
3101 4345 3154 4400 1.
3232 4345 3278 4376 ⁸⁸
3316 4344 3462 4402 Psal.

188 4434 384 4479 uvm,
411 4419 468 4474 9.
545 4420 592 4453 ”
622 4419 903 4477 Psal.xn.
928 4419 1020 4475 25.
1096 4420 1145 4451 ὀ
1173 4418 1277 4473 lsa.
1313 4433 1407 4478 ιιι,
1458 4419 1513 4474 5.
1584 4419 1630 4450 ἰ
1660 4416 1777 4472 Mal:

1883 4459 1893 4474 .
1940 4435 1980 4475 ι.
2016 4420 2104 4474 10.
2179 4417 2226 4450 ’⁸
2270 4415 2402 4471 ibid.
2436 4416 2521 4472 11.
2600 4416 2648 4449 ⁷³
2678 4415 2812 4471 ibid.
2855 4416 2942 4471 12.
3018 4414 3068 4447 ’⁵
3102 4414 3249 4471 Psal.
3301 4431 3362 4483 ιι,
3406 4415 3464 4473 8.

186 4492 233 4524 ⁷⁸
266 4488 445 4546 Exod.
474 4505 650 4557 nm,
676 4489 766 4545 10.
862 4489 1105 4557 "133.1,
1142 4490 1233 4545 10.
1331 4490 1375 4521 ⁷⁷
1404 4488 1538 4545 ibid.
1570 4489 1758 4545 15-16.

257 4647 375 4719 (ιτ)
404 4645 464 4701 ιιι
492 4643 1036 4719 τοοοιιιίοιυίμοοάἰοο
1069 4643 1337 4719 Vaticano
1377 4652 1462 4719 est
1519 4645 1763 4719 Bouaria
1803 4648 1848 4704 D
1949 4644 2062 4719 (25)
2088 4644 2162 4701 De
2206 4644 2309 4719 h_oc
2342 4642 2496 4702 Isaiae
2548 4644 2669 4701 loco
2708 4643 2833 4701 vide
2877 4660 3047 4717 supra
3098 4642 3154 4700 in
3209 4642 3366 4700 Notis
3395 4644 3466 4701 ad

188 4712 318 4779 των.
346 4712 528 4787 inepta
560 4719 746 4771 lectio.
787 4712 1064 4787 Siphanus
1118 4716 1319 4787 legisse
1358 4712 1601 4787 videtur.
1645 4712 1772 4787 βλα-

190 4786 510 4861 ﬁgam»,
526 4788 694 4843 vertit
710 4788 856 4841 enim
873 4786 1100 4841 stolones
1118 4797 1168 4841 et
1180 4786 1458 4850 malleoli;
1475 4786 1568 4841 sed
1591 4786 1778 4859 legen—

186 4864 339 4925 dum
361 4860 647 4928 δογμάτων
687 4858 841 4913 iuxta
878 4858 1233 4914 vetustiorem
1266 4856 1591 4912 Vaticanum
1628 4862 1778 4917 codi-

687 4873 841 4913 lllea
878 4873 1233 4914 νοιυειιοῐοιιι
1273 4873 1591 4912 vaucanum
1628 4873 1779 4917 (30111-

182 4948 334 4990 cem.

259 5002 379 5070 (18)
413 5001 472 5055 ln
493 4999 799 5070 antiquiori
821 4998 1108 5066 Vaticano,
1130 4998 1217 5069 μέ.

253 5067 375 5140 (19)
412 5072 468 5126 In
491 5067 736 5125 Romana
775 5071 1041 5135 editione.
1074 5067 1250 5123 πᾶσαι
1274 5071 1330 5140 αἱ
1363 5067 1552 5140 φυλαί,
1585 5086 1779 5140 quem-

170 5139 488 5202 admodum
510 5143 674 5195 etiam
719 5142 851 5213 legit
898 5141 1153 5197 Justinus
1204 5141 1259 5195 in
1291 5139 1438 5197 Dial.
1484 5139 1611 5212 pag.
1640 5141 1774 5207 548,

165 5227 232 5273 et
272 5213 607 5284 Cyprianus.

250 5279 649 5356 (Ξῡὶιιεὶωξηιλ
686 5280 824 5356 LXX
880 5280 1125 5356 lmsrpr-
1156 5279 1348 5356 οιιίιίρς
1401 5282 1489 5356 ἐπ’
1531 5281 1778 5356 ﬁxere»!

463 5351 570 5429 Sed
597 5352 849 5429 Justinus
879 5353 934 5406 in
962 5351 1104 5429 Dial.
1133 5367 1264 5429 cuni
1279 5351 1472 5429 Tryp/t.
1495 5351 1776 5429 pag.__547,

164 5419 489 5547 {ign-£8123!
514 5424 795 5547 ἀμερῶν,
824 5435 1002 5493 neque
1024 5423 1190 5476 etiam
1221 5419 1429 5477 Tertul.
1462 5419 1585 5476 adv.
1608 5420 1775 5477 Marc.

188 5518 203 5547 I
257 5541 273 5547 -
378 5538 394 5547 .
464 5535 478 5547 ι
590 5536 602 5547 .

162 5499 481 5636 ιὼίΞῧἹῗιί
504 5495 995 5689 firstinus'rlpmque
1011 5561 1175 5616 modo
1199 5561 1404 5618 relatus
1428 5561 1579 5632 legit,
1602 5569 1768 5634 atque

164 5641 249 5689 ita
289 5638 496 5689 lauisse
526 5634 741 5689 videtur
817 5634 1167 5689 ertullianus:
1203 5648 1327 5688 nam
1354 5633 1517 5687 habet
1541 5632 1632 5687 hic
1655 5651 1768 5689 nro-

164 5632 262 5692 ita'
289 5638 496 5705 legisse
526 5634 741 5690 videtur
768 5632 1167 5699 Tertullianus;
1198 5648 1327 5705 nam
1354 5633 1517 5705 habet
1541 5632 1632 5705 h_ie
1654 5632 1772 5704 pro-

161 5700 524 5775 σοιαυὲηιιιι,
548 5712 602 5760 et
622 5719 745 5760 mox
766 5704 1086 5775 provocabo:
1104 5704 1210 5775 sed
1234 5705 1289 5759 in
1306 5703 1550 5760 editione
1567 5700 1769 5760 Romav

164 5794 247 5837 na
284 5774 435 5848 LXX
461 5773 819 5848 interpretum
849 5788 931 5835 est
961 5773 1314 5848 παρῶξυναν.

249 5848 375 5922 (-22)
409 5847 493 5905 De
532 5843 634 5902 hac
659 5845 887 5907 lectione
918 5843 1346 5908 vide'Nobilium
1384 5845 1439 5903 in
1468 5844 1647 5905 Notis.

1878 4714 2088 4857 03%;.
2324 4785 2685 4841 semicirculis
2729 4786 3089 4841 includuntur
3150 4789 3350 4857 desunt
3408 4786 3465 4841 in

1878 4855 2176 4913 reCentiori
2236 4855 2528 4922 Vaticano,
2596 4857 2693 4911 sed
2748 4859 3022 4913 habentur
3078 4856 3222 4927 apud
3264 4855 3466 4927 Sipha-

1880 4944 2073 5068 ηυξὲδ)
2096 4999 2151 5054 In
2180 4997 2443 5069 Vaticano
2474 4996 2598 5051 eod.
2630 5004 2716 5053 est
2741 4995 2917 5069 ἔθνου,
2940 4995 3234 5053 manifesto
3257 4997 3469 5052 librarii

1890 5085 2096 5126 errore.
2143 5069 2326 5123 Eutitio
2382 5068 2648 5129 Romana,
2693 5076 2748 5122 et
2789 5068 2879 5122 alii
2927 5069 3135 5136 legunt,
3189 5070 3297 5123 ἰδοὺ
3352 5069 3468 5137 εἰμὶ

1880 5139 2045 5205 ἔθνει,
2077 5151 2131 5196 et
2156 5138 2411 5195 Justinus
2456 5138 2509 5193 in
2535 5138 2757 5208 Dialogo
2786 5154 2902 5192 cum
2948 5138 3142 5211 Tryplt.
3188 5154 3307 5211 pag.
3336 5138 3465 5203 212,

1879 5212 1995 5282 εἰμὶ
2021 5212 2247 5265 ἔθνεσιν.

1953 5282 2067 5351 (26)
2091 5280 2272 5334 Editio
2296 5278 2946 5352 Ποῃοιιιιᾲιδιηγήσομαι,
2991 5292 3226 5352 eamque
3276 5276 3469 5333 lectio-

1881 5348 2006 5408 nem
2039 5348 2345 5420 Sequuntur
2364 5348 3170 5420 Tertullianus'etCyprianus.

1956 5368 2006 5405 ιιι
2039 5368 2098 5407 se
2143 5368 2345 5403 ιιιιιιιιιι·
2375 5368 2736 5405 ιριίιιιιιιιιιυδ
2760 5368 2814 5405 et
2843 5368 3170 5420 uyprranus.

1955 5421 2067 5491 (27)
2098 5368 2230 5489 ante
2260 5429 2367 5474 tam
2391 5420 2499 5483 hic,
2534 5435 2705 5491 quam
2735 5418 2876 5491 infra
2904 5416 3468 5491 senticirculisjnc_ltt-

1882 5485 2086 5548 duntur
2110 5485 2313 5548 desunt
2337 5492 2390 5544 in
2415 5485 2711 5546 recentiori
2729 5489 2992 5544 Vaticano
3018 5497 3073 5543 et
3093 5488 3236 5558 apud
3269 5485 3469 5558 Sipha-

1883 5579 2063 5703 Πιῗὲέ)
2130 5633 2358 5692 Videtur
2436 5629 2717 5704 Nyssenus
2799 5628 3074 5704 respicere
3138 5629 3206 5685 ad
3286 5629 3470 5685 locum

1879 5701 2056 5834 mola.
2108 5722 2285 5778 χχιιι,
2342 5704 2430 5773 to,
2488 5701 2722 5775 ejusque
2780 5701 2991 5761 referre
3055 5716 3304 5770 sensum,
3359 5713 3472 5755 non

1886 5793 1977 5837 VC!
2020 5791 2071 5831 8.
