3896 6208
529 365 635 423 227
1802 375 1861 431 δ.
1902 373 2117 432 GREGf

2223 373 2234 429 ι
2269 373 2566 433 NYSSENI
3696 371 3820 427 222

523 495 829 558 Lavamini,
884 494 1004 567 puri
1054 503 1251 552 estote.
1302 493 1499 550 Manus
1548 501 1747 552 vestra:
1800 492 2104 564 inquinata:

2223 495 2410 550 ιᾶλλον
2436 484 2652 550 τούτου.
2685 502 2704 548 ι
2741 493 2969 558 Ἡσαΐας
2991 493 3121 564 περὶ
3161 491 3453 558 Ἰουδαίων,
3483 509 3503 545 ο
3547 491 3820 545 ’Δκουετι

525 600 655 646 sunt
703 588 969 660 sanguine
988 589 1057 643 "".
1110 607 1129 640 ι
1166 587 1232 641 Et
1275 602 1401 642 cum
1451 589 1536 641 lex
1589 593 1773 656 aperte
1815 586 1959 641 dicat
1999 600 2109 639 non

2223 582 2368 657 λόγον
2413 588 2621 659 Κυρίου
2653 585 2762 640 υἱοὶ
2817 584 3069 656 Σοδόμων
3109 584 3242 655 (29)'
3292 583 3589 654 προσέχετε
3633 583 3820 653 νόμοι

525 690 784 751 oportere
840 678 1040 734 festum
1090 686 1248 733 extra
1280 676 1676 747 Jerosolymam
1726 690 1791 729 ac
1845 674 2109 745 templum

2223 679 2382 746 θεοῦ,
2422 679 2549 743 λαὸς
2579 678 2887 751 Γομόρρας.
2939 695 2958 728 ι
2993 677 3102 731 Καὶ.
3144 677 3332 739 πάλιν,
3377 695 3395 728 ι
3433 675 3515 729 Τὰ
3544 675 3820 729 Σάϐϐατα

525 773 826 837 celebrare,
873 771 1032 841 juxta
1081 768 1239 833 illud,
1278 787 1297 821 «
1345 767 1420 825 Te
1452 767 1608 824 decet
1657 767 2111 843 hymnusLDeus

531 868 587 922 in
623 866 758 922 Sion
789 874 882 935 ;et
909 867 1006 922 libi
1039 866 1297 921 reddetur
1330 872 1516 919 votum
1552 862 1609 918 in
1640 860 1948 941 Jerusalem
1970 862 2018 894 ⁷⁸
2044 880 2059 931 ;
2086 880 2106 915 ι

529 959 896 1014 nihilominus
936 961 1201 1029 scriptum
1248 962 1355 1018 est,
1413 954 1770 1010 «Adorabunt
1820 953 2110 1009 Dominum

534 1051 916 1121 unusquisque
945 1050 1012 1105 de
1060 1050 1181 1104 loco
1217 1065 1320 1105 suo
1340 1049 1407 1103 "’.
1434 1067 1453 1098 ι
1489 1045 1556 1100 Ει
1595 1061 1789 1102 rursus
1816 1044 2110 1118 Pr0pheta,

534 1158 552 1191 «
576 1140 825 1212 Magnum
858 1156 1060 1196 nomen
1090 1141 1210 1210 ejus
1242 1143 1296 1194 in
1326 1138 1616 1201 Gentibus,
1650 1145 1706 1193 et
1736 1138 1790 1192 in
1820 1140 1969 1192 omni
1995 1137 2114 1191 loco

528 1232 814 1288 incensum
841 1233 1070 1288 oti'ertur
1093 1233 1301 1287 nomini
1336 1233 1479 1302 ejus,
1509 1240 1563 1287 et
1588 1231 1923 1287 sacrificium
1955 1247 2116 1285 mun-

528 1325 657 1379 dum
687 1364 701 1378 .
743 1344 761 1377 ι
804 1343 822 1377 «
874 1324 985 1381 Vos
1010 1333 1191 1379 autem
1217 1324 1509 1379 interliciet
1541 1323 1805 1379 Dominus
1827 1363 1843 1388 ,
1879 1322 2117 1378 servien-

527 1415 678 1471 tibus
736 1423 917 1470 autem
976 1414 1110 1470 mihi
1160 1414 1453 1469 vocabitur
1503 1427 1703 1467 nomen
1746 1425 1971 1477 novum,
2025 1409 2117 1464 cui

527 1508 885 1564 benedicetur
907 1524 1074 1579 super
1101 1523 1320 1564 omnem
1359 1514 1561 1560 terram
1585 1505 1654 1557 ⁸ο.
1681 1524 1699 1556 ι
1736 1504 1800 1558 At
1835 1504 1967 1574 quid
1997 1517 2117 1557 ma-

527 1601 613 1672 gis
641 1616 867 1663 novum,
902 1615 1068 1671 quam
1101 1615 1302 1654 nomen
1331 1596 1816 1653 Christianorum?
1839 1595 1902 1650 Et
1920 1595 2114 1660 David,

532 1712 553 1745 «
574 1693 993 1747 Annuntiabunt
1019 1692 1293 1762 justitiam
1331 1690 1452 1759 ejus
1479 1689 1682 1761 populo
1712 1689 1805 1759 qui
1833 1698 2113 1753 nascetur,

528 1799 693 1855 quem
754 1783 884 1838 fecit
936 1783 1204 1838 Dominus
1226 1783 1339 1836 ⁸⁸.»
1393 1781 1529 1837 Cum
1568 1791 1753 1837 autem
1800 1780 1968 1835 David
2017 1781 2113 1845 ait,

536 1875 719 1932 «Deus
762 1876 1071 1931 inhabitare
1119 1874 1247 1929 facit
1298 1875 1461 1929 unius
1497 1874 1667 1928 moris
1715 1872 1771 1927 in
1813 1871 1978 1927 domo
1998 1872 2110 1937 9',»
2145 1844 2189 1900 Β

530 1982 739 2022 morem
786 1967 937 2022 illum
983 1964 1278 2036 signiﬁcat,
1324 1980 1433 2036 quo
1461 1964 1713 2020 Mosaicae
1759 1964 1868 2036 legi
1909 1964 2117 2021 addicti

531 2067 838 2112 ceterarum
918 2057 1160 2127 gentium
1242 2057 1521 2115 consortia
1584 2057 1850 2112 vitabant.
1919 2055 2114 2125 Isaias,

538 2164 558 2199 «
578 2147 898 2218 lmplebitur
916 2148 1094 2203 omnis
1116 2158 1261 2203 terra
1283 2149 1594 2220 cognitione
1623 2148 1861 2211 Domini,
1894 2158 1955 2204 ut
1976 2165 2119 2221 aqua

530 2242 701 2296 multa
734 2241 801 2295 ad
844 2240 1203 2311 operiendum
1253 2256 1404 2295 mare
1428 2241 1527 2295 ⁸³.»
1570 2240 1760 2305 David,
1812 2241 2119 2298 «Memores

529 2340 714 2397 erunt,
758 2339 812 2387 et
839 2340 1234 2387 convertentur
1258 2333 1323 2386 ad
1359 2328 1651 2391 Dominum
1678 2349 1870 2390 omnes
1898 2335 2119 2390 termini

531 2431 712 2487 terrae,
728 2433 781 2479 ct
798 2424 1108 2479 adorabunt
1132 2439 1316 2480 coram
1334 2440 1400 2480 eo
1418 2441 1609 2481 omnes
1628 2427 1815 2496 patriae
1836 2425 2116 2492 Gentium,
2149 2488 2158 2497 η

532 2518 792 2586 quoniam
827 2515 1043 2570 Domini
1075 2524 1159 2572 est
1187 2532 1439 2587 regnum,
1480 2528 1531 2572 et
1574 2516 1691 2588 ipse
1718 2517 2033 2573 dominatur
2063 2518 2119 2572 in

531 2607 736 2664 Gentes
759 2607 858 2662 “.i
901 2606 1057 2663 llaud
1113 2607 1352 2664 alienum
1408 2616 1588 2663 autem
1630 2609 1795 2665 fuerit
1848 2609 2122 2665 sciscitari

531 2702 696 2759 etiam
722 2716 751 2755 a
780 2698 1006 2761 Iudaeis.
1037 2714 1160 2770 quae
1181 2714 1329 2754 nunc
1357 2699 1499 2755 forte
1528 2699 1615 2755 lex
1639 2700 1818 2770 vigeat
1843 2718 1858 2767 ;
1882 2699 2121 2756 Mosaica

531 2808 624 2858 ne,
658 2806 781 2862 quae
805 2790 1096 2854 obsolevit,
1129 2799 1294 2859 atque
1320 2789 1636 2859 negligitur,
1666 2797 1953 2859 propterea
1974 2789 2121 2860 quod

534 2882 636 2938 nec
672 2881 932 2950 templum
982 2895 1131 2934 nunc
1167 2880 1260 2943 sit,
1316 2893 1418 2933 nec
1464 2880 1644 2944 locus,
1697 2896 1799 2936 nec
1830 2882 2117 2953 propheta,

533 2974 628 3045 qui
670 2973 978 3027 futurorum
1006 2971 1290 3043 quidpiam
1321 2971 1649 3043 prmuuntiet
1675 2989 1691 3041 ;
1742 2987 1846 3028 nec
1876 2988 2027 3040 arca,
2062 2975 2121 3029 in

533 3080 643 3136 qua
686 3065 820 3135 legis
851 3063 1049 3119 tabulae
1093 3071 1259 3135 atque
1287 3062 1591 3135 Decalogus
1640 3065 2028 3131 servabantur,
2064 3065 2122 3122 in

534 3158 736 3229 quibus
792 3166 904 3212 tres
958 3156 1082 3212 illas
1131 3157 1408 3213 solemnes
1457 3156 1806 3214 celebritates
1857 3173 2121 3230 peragere

535 3253 845 3322 oportebat,
902 3259 958 3308 et
998 3266 1108 3306 non
1156 3250 1306 3305 alibi.
1342 3249 1501 3317 ltem,
1543 3250 1721 3317 «Quia
1771 3249 2055 3307 auferetur
2087 3269 2118 3308 a

532 3343 735 3399 Iudaeis
765 3358 991 3415 regnum
1031 3342 1148 3411 Dei,
1180 3352 1234 3399 et
1264 3341 1489 3398 dabitur
1530 3343 1679 3416 genti
1725 3342 1950 3400 facienti
2001 3344 2119 3400 fru-

534 3445 658 3493 ctus
710 3437 832 3506 ejus
854 3436 956 3493 ".i
991 3434 1117 3490 Haec
1161 3443 1342 3491 autem
1389 3449 1499 3490 non
1557 3436 1664 3490 alia
1710 3434 1894 3503 fuerit,
1953 3452 2117 3507 quam

533 3527 973 3586 Christianorum
997 3542 1151 3598 gens,
1172 3542 1292 3596 quae
1312 3527 1439 3580 vita:
1469 3526 1605 3595 legis
1625 3527 1824 3583 divinae
1853 3528 2119 3584 institutis

534 3635 796 3675 consona:
851 3616 1065 3673 fructus
1126 3616 1371 3673 exhibet.
1428 3616 1615 3683 David,
1683 3618 2010 3676 «Confessio
2068 3628 2123 3675 et

533 3710 946 3780 magnificentia
996 3723 1136 3778 opus
1174 3707 1318 3776 ejus,
1367 3717 1421 3763 et
1451 3708 1666 3778 justitia
1695 3710 1819 3779 ejus
1846 3721 2029 3767 manet
2064 3711 2119 3766 in

536 3805 798 3859 saeculum
858 3805 1173 3860 smeuli".r
1211 3802 1514 3859 Confitetur
1575 3810 1755 3859 autem
1804 3805 1954 3860 Patri
2009 3822 2119 3861 non

536 3913 634 3954 sua
687 3899 864 3969 ipsius
914 3906 1158 3967 peccata,
1215 3898 1308 3968 qui
1354 3896 1620 3953 innocens
1652 3906 1758 3963 est,
1799 3899 1892 3955 sed
1929 3915 2119 3955 cormn

536 3997 782 4057 peccata,
836 3987 929 4058 qui
986 3989 1041 4041 in
1079 3987 1255 4057 ipsum
1296 3989 1568 4043 credunt:
1616 4003 1741 4041 nam
1799 4003 1923 4042 cum
1975 3990 2125 4044 dicat

535 4078 732 4147 David,
773 4079 959 4134 «Dixit
1004 4079 1266 4135 Dominus
1298 4078 1529 4134 Domino
1566 4095 1707 4140 meo.
1751 4079 1880 4135 sede
1915 4095 1945 4134 a
1994 4081 2126 4135 dex-

535 4172 640 4227 tris
669 4173 806 4228 meis
828 4173 898 4234 ".
923 4191 941 4225 ι
980 4180 1033 4227 et
1078 4173 1313 4241 reliqua,
1355 4169 1527 4227 Isaias
1568 4172 1774 4228 clarius
1805 4173 1902 4238 ait,
1945 4173 2128 4226 «Dicit

535 4266 801 4320 Dominus
833 4264 1056 4320 Christo
1098 4280 1220 4320 meo
1265 4263 1408 4335 Cyro
1431 4264 1537 4319 ⁸⁸.»
1573 4265 1743 4320 Aiunt
1791 4273 1973 4321 autem
2010 4266 2126 4320 haec

534 4359 603 4413 de
633 4356 777 4429 Cyro
801 4356 1096 4412 Persarum
1135 4372 1262 4427 rege
1290 4357 1439 4412 dicta
1472 4371 1616 4422 esse,
1650 4358 1744 4414 sed
1785 4357 2017 4413 ridicula
2041 4365 2127 4413 est

2147 3199 2190 3259 C

2214 773 2388 845 ὑμῶν,
2421 772 2515 828 καλ⁵
2548 772 2647 836 τὰς
2681 771 2973 844 νεομηνίας
3006 772 3207 842 μισείή
3237 768 3381 840 ψυχή
3420 785 3543 838 μου’
3580 767 3681 822 καὶ
3706 767 3820 830 τὰς

2214 864 2375 933 εὐχὰς
2407 863 2560 934 ὑμῶν
2596 864 2656 916 οὐ
2698 859 3063 933 προσδέξομαι
3086 877 3099 891 ·
3139 857 3426 921 λούσασθε,
3455 857 3689 930 καθαροὶ
3726 856 3820 925 γί-

2214 954 2392 1009 νεσθε·
2420 956 2477 1008 αἱ
2512 957 2690 1026 χεῖρες
2719 952 2874 1025 ὑμῶν
2915 950 3325 1023 μεμολυσμέναι
3366 949 3576 1020 αἵματι.
3630 968 3651 999 ι
3697 948 3820 1001 Κατ

2214 1050 2295 1104 ὅτι
2320 1047 2415 1102 τοῦ
2458 1048 2624 1119 νόμου
2672 1045 2857 1116 σαφῶς
2897 1042 3302 1116 διαγορεύοντος
3335 1042 3396 1095 τὸ
3439 1041 3513 1113 μὴ
3552 1040 3662 1094 δεῖν
3701 1039 3820 1105 ἐξα

2228 1140 2584 1212 Ἰερουσαλὴμ
2613 1140 2708 1193 καὶ
2743 1137 2834 1192 τοῦ
2880 1137 3013 1220 ναοῦ
3053 1135 3331 1208 ἑορτάζειν
3363 1134 3501 1188 κατὰ
3530 1134 3610 1197 τὸ,
3656 1149 3681 1183 ι
3720 1130 3820 1183 Eoi

2217 1233 2418 1306 πρέπει
2449 1231 2618 1303 ’ύμνος
2637 1272 2652 1297 ,
2683 1232 2711 1283 ὁ
2737 1230 2890 1295 Θεὸς,
2918 1231 2976 1282 ὲν
3003 1227 3161 1282 Σιὼν·
3184 1227 3278 1281 καὶ
3304 1227 3386 1280 σοὶ
3409 1224 3820 1295 ἀποδοθήσεται

2215 1326 2348 1397 εὐχὴ
2377 1325 2434 1377 ὲν
2471 1321 2847 1394 Ἰερουσαλὴμ,
2884 1341 2901 1373 ι
2932 1320 3263 1393 γέγραπται,
3297 1338 3314 1369 «
3349 1320 3469 1373 ’Ότι
3498 1319 3820 1388 προσκυνὴ-

2219 1434 2367 1472 σουσι
2395 1415 2474 1487 τῷ
2497 1414 2689 1487 Κυρίῳ
2720 1416 2782 1467 ὲκ
2809 1412 2902 1468 τοῦ
2936 1413 3102 1466 τόπου
3149 1411 3316 1466 αὑτοῦ
3344 1411 3571 1473 ἕκαστος
3604 1408 3755 1479 (50).
3802 1429 3820 1460 ι

2216 1512 2328 1566 Καὶ
2354 1510 2517 1565 πάλιν
2553 1511 2583 1562 6
2609 1508 2927 1580 Προφήτης,
2974 1525 2992 1558 «
3032 1506 3191 1574 Μέγα
3235 1504 3297 1557 τὸ
3341 1504 3511 1575 ὄνομα
3545 1501 3723 1556 αὑτοῦ
3760 1504 3820 1556 ὲν

2214 1603 2330 1665 τοῖς
2366 1600 2608 1663 Ἔθνεσι,
2634 1597 2730 1652 καὶ
2757 1599 2814 1650 ἐν
2849 1596 3013 1650 παντὶ
3036 1594 3186 1665 τόπῳ
3223 1594 3473 1664 θυμίαμα
3498 1591 3820 1662 προσφέρε-

2215 1691 2407 1762 ταιτῷ
2435 1691 2661 1761 ὀνόματι
2692 1686 2877 1752 αὐτοῦ,
2918 1687 3015 1740 καὶ
3051 1672 3209 1739 θυσία
3237 1683 3471 1755 καθαρά.
3515 1702 3533 1735 ι
3565 1701 3584 1733 ι
3625 1682 3820 1753 ’Υμᾶς

2216 1782 2274 1838 δὲ
2304 1782 2482 1836 ἀνελεῖ
2516 1780 2739 1853 Κύριος·
2778 1780 2890 1842 τοῖς
2928 1777 2987 1831 δὲ
3027 1775 3337 1830 δουλεύουσί
3389 1792 3479 1846 μοι
3533 1772 3820 1844 κληθήσε·

2219 1892 2309 1930 ται
2344 1874 2517 1944 ὄνομα
2550 1871 2758 1935 καινὸν,
2802 1871 2830 1924 6
2874 1869 3301 1942 εὐλογηθήσεται
3350 1868 3443 1922 ἐπὶ
3484 1868 3659 1936 πάσης
3701 1868 3820 1937 τῆς

2220 1969 2344 2040 γῆς.
2379 1989 2399 2022 ι
2440 1968 2504 2021 Τί
2533 1967 2590 2021 δὲ
2618 1965 2931 2037 καινότερον
2969 1948 3063 2018 τοῦ
3093 1962 3202 2017 τῶν
3232 1960 3571 2034 Χριστιανῶν
3605 1962 3820 2031 ὀνόμα-

2218 2078 2345 2129 τος;
2380 2059 2491 2114 Καὶ
2537 2061 2566 2113 6
2597 2059 2763 2114 Aa6‘t6
2786 2099 2800 2124 ,
2830 2074 2852 2109 ι
2905 2055 3289 2125 Ἀναγγελοῦσι
3324 2056 3422 2125 τὴν
3454 2053 3820 2125 δικαιοσύνην

2220 2154 2383 2209 αὑτοῦ
2411 2153 2526 2225 λαῷ
2546 2153 2623 2225 τῷ
2644 2151 3048 2224 τεχθησομένῳ,
3081 2150 3139 2204 ὃν
3169 2148 3423 2221 ἐποίησεν
3449 2149 3478 2201 6
3513 2146 3744 2218 Κύριος.
3791 2167 3815 2198 ι

2221 2248 2330 2302 Καὶ
2360 2248 2439 2301 ὅτι
2477 2248 2574 2318 μὲν
2600 2245 2661 2299 τὸ
2706 2247 2879 2299 εἰπεῖν
2911 2244 3001 2298 τὸν
3038 2241 3200 2296 Δαόὶδ
3218 2242 3296 2307 τὸ,
3333 2260 3351 2293 ι
3403 2240 3462 2294 '0
3494 2239 3632 2304 Θεὸς
3664 2258 3819 2293 κατ-

2219 2336 2414 2403 οικίζει
2446 2338 2810 2409 μονοτρόπους
2839 2336 2899 2388 ὲν
2953 2335 3108 2405 οἴκῳ,
3139 2352 3158 2385 ι
3195 2331 3448 2404 σημαίνει
3474 2331 3535 2384 τὸ
3564 2330 3704 2402 πρὸς
3741 2330 3820 2383 τὰ

2227 2429 2395 2500 ’Έθνη
2423 2408 2485 2482 τὸ
2513 2408 2621 2483 τῶν
2647 2427 2752 2481 ὑπὸ
2778 2427 2941 2498 νόμον
2980 2408 3231 2497 ἄμικτον.
3249 2423 3536 2489 Ἡσαΐας(
3572 2423 3689 2491 Πλη
3700 2440 3819 2493 ρω-

2222 2521 2447 2593 θήσεται
2478 2521 2626 2573 πᾶσα
2657 2522 2691 2590 ἡ
2717 2522 2787 2590 γῆ
2818 2517 2911 2572 τοῦ
2942 2517 3146 2586 γνῶναι
3175 2516 3268 2571 τὸν
3302 2514 3527 2586 Κύριον,
3554 2514 3630 2578 ῶς
3655 2512 3817 2585 ὕδωρ

2223 2613 2359 2667 πολὺ
2390 2610 2777 2681 κατακαλῦψαι
2799 2611 2911 2682 (51)
2946 2609 3237 2663 θάλασσαν.
3278 2627 3297 2661 ι
3346 2606 3548 2673 Δαϐὶδ,
3590 2625 3609 2658 ι
3650 2606 3815 2676 Μνη-

2225 2702 2512 2776 σθήσονται
2548 2701 2643 2756 καὶ
2682 2702 3177 2773 ὲπιστραφήσονται
3219 2697 3356 2770 πρὸς
3397 2697 3600 2769 Κύριον
3627 2696 3812 2749 πάντα

2221 2794 2292 2848 τὰ
2315 2796 2554 2866 ηπέρατα
2596 2792 2696 2864 τῆς
2735 2793 2839 2862 γῆς
2863 2831 2878 2856 ,
2922 2792 3018 2846 καὶ
3058 2792 3525 2863 προσκυνήσουσιν
3572 2787 3811 2841 ἐνώπιον

2222 2885 2387 2942 αὐτοῦ
2419 2884 2590 2941 πᾶσαι
2612 2886 2669 2939 αἱ
2698 2882 2928 2953 πατριαὶ
2969 2881 3078 2935 τῶν
3109 2880 3307 2948 ἐθνῶν,
3345 2882 3428 2935 ὅτι
3466 2879 3558 2934 τοῦ
3594 2881 3811 2951 Κυρίου

2222 2980 2257 3050 ή
2294 2977 2539 3050 βασιλεία
2556 3020 2570 3042 ,
2596 2978 2690 3031 καὶ
2711 2975 2870 3040 αὐτὸς
2891 2973 3141 3040 δεσπόζει
3197 2975 3305 3029 τῶν
3332 2973 3521 3028 ἐθνῶν.
3549 2991 3567 3024 ι
3618 2973 3811 3028 Καλὸν

2222 3069 2280 3124 δὲ
2307 3070 2403 3123 καὶ
2432 3068 2494 3122 τὸ
2516 3065 2779 3121 πυθέσθαι
2798 3065 2906 3132 τῶν
2940 3063 3226 3129 Ἰουδαίων,
3256 3063 3339 3126 τίς
3361 3065 3391 3117 6
3429 3061 3646 3135 κρατῶν
3680 3062 3813 3116 ἐστι

2225 3162 2320 3218 νῦν
2341 3162 2445 3235 ἄρα
2480 3160 2615 3232 (52),
2652 3160 2879 3231 πότερον
2904 3160 2933 3213 6
2968 3156 3261 3222 Μωσαῖκὸς
3292 3157 3455 3229 νόμος
3476 3198 3491 3222 ,
3531 3151 3592 3211 06
3625 3159 3813 3228 παρά-

2223 3255 2382 3319 6ασίς
2401 3256 2518 3308 ἐστι
2548 3251 2662 3318 νῦν,
2693 3251 2789 3305 καὶ
2814 3250 2876 3303 οὺ
2896 3249 3148 3321 τήρησις,
3171 3247 3259 3301 διὰ
3290 3246 3351 3299 τὸ
3382 3246 3517 3318 μηδὲ
3539 3246 3628 3299 τὸν
3649 3245 3809 3310 ναὸν,

2223 3349 2258 3420 ἧ
2286 3347 2378 3402 τὸν
2409 3346 2571 3400 τόπον
2609 3339 2748 3397 εἶναι
2772 3382 2787 3407 ,
2823 3342 2854 3411 ἢ
2884 3342 3169 3413 προφήτην
3199 3337 3578 3411 προμηνύοντά
3608 3354 3658 3391 τι
3690 3336 3813 3391 τῶν

2229 3437 2551 3510 μελλόντων,
2578 3435 2612 3507 ἢ
2646 3433 2744 3506 τὴν
2775 3433 3024 3495 κιϐωτὸν,
3053 3435 3111 3486 ὲν
3139 3426 3172 3505 ᾖ
3197 3431 3255 3484 αἱ
3282 3430 3510 3496 πλάκες,
3537 3431 3631 3484 καὶ
3657 3431 3689 3501 ή
3719 3433 3814 3483 Δε-

2226 3532 2476 3600 κὰλογος,
2512 3531 2568 3583 ὲν
2593 3523 2674 3592 οἷς
2706 3526 2813 3580 ἔδει
2849 3526 2957 3597 (35)
2998 3526 3096 3589 τὰς
3132 3526 3282 3598 τρεῖς
3311 3523 3504 3597 ἑορτὰς
3536 3522 3810 3594 πληροῦν,

2228 3623 2323 3679 καὶ
2365 3622 2465 3676 οὐκ
2504 3618 2756 3690 ἀλλαχοῦ.
2806 3619 2937 3681 Καὶ,
2989 3637 3007 3670 «
3041 3618 3164 3671 Ὀτι
3201 3616 3499 3687 ἀρθήσεται
3538 3615 3645 3668 ἀπὸ
3688 3614 3814 3668 τῶν

2240 3715 2568 3784 Ἰουδαίωνή
2611 3710 2855 3783 βασιλεία
2891 3708 2984 3764 τοῦ
3012 3708 3169 3776 Θεοῦ,
3200 3708 3296 3761 καὶ
3331 3706 3610 3776 δοθήσεται
3654 3704 3811 3759 ἔθνει

2227 3806 2468 3860 ποιοῦντι
2489 3803 2616 3867 τοὺς
2644 3802 2894 3874 καρποὺς
2933 3801 3121 3872 αὐτῆς.
3164 3818 3182 3851 ι
3234 3797 3407 3851 Τοῦτο
3433 3797 3476 3850 δ’
3518 3797 3585 3850 ἂν
3621 3795 3702 3866 εἴη
3747 3795 3812 3849 τὸ

2227 3894 2568 3970 Χριστιανῶν
2618 3894 2790 3957 ἔθνος,
2830 3894 2956 3956 τοὺς
3000 3893 3376 3964 προσήκοντας
3417 3890 3657 3962 καρποὺς
3694 3888 3814 3958 τῆς

2224 3991 2365 4046 κατὰ
2398 3989 2529 4043 Θεὸν
2572 3986 2844 4050 πολιτείας
2902 3982 3361 4053 ἐπιδεικνύμενον.
3388 3981 3582 4044 Δαϐὶό,
3621 3998 3640 4031 ι
3678 3979 3813 4043 Ἐξ-

2222 4082 2551 4155 ομολόγησις
2579 4081 2675 4133 καὶ
2706 4076 3146 4149 μεγαλοπρέπεια
3172 4076 3232 4129 τὸ
3260 4074 3417 4145 ἔργον
3445 4070 3631 4134 αὑτοῦ,
3649 4071 3747 4124 καὶ
3776 4071 3811 4140 ἡ

2222 4173 2540 4243 δικαιοσύνη
2579 4171 2744 4227 αὑτοῦ
2791 4171 2939 4243 μένει
2972 4173 3052 4235 εἰς
3082 4168 3172 4223 τὸν
3203 4169 3371 4223 αἰῶνα
3398 4164 3490 4219 τοῦ
3530 4163 3751 4227 αἰῶνος.
3786 4182 3805 4214 ι

2236 4266 2669 4339 Ἐξομολογεῖται
2695 4266 2751 4320 δὲ
2774 4264 2852 4336 τῷ
2879 4265 3073 4335 Πατρὶ,
3095 4264 3154 4317 ού
3181 4262 3279 4325 τὰς
3307 4258 3498 4314 ἑαυτοῦ
3529 4257 3811 4331 ἁμαρτίας

2223 4358 2252 4410 6
2282 4359 2532 4428 ἄμωμος,
2559 4356 2697 4412 ἀλλὰ
2734 4357 2830 4422 τὰς
2859 4356 2968 4409 τῶν
3003 4355 3089 4431 ἐπ’
3129 4353 3278 4425 αύτῷ
3310 4351 3689 4407 πιστευόντων·
3721 4351 3808 4403 ὃτι

537 4448 914 4517 hujuscemodi
961 4449 1168 4518 opinio.
1201 4447 1487 4514 Quomodo
1519 4449 1665 4503 enim
1719 4449 1931 4519 reliqua
1979 4449 2117 4517 Cyro

2228 4448 2320 4503 τοῦ
2349 4449 2514 4503 Δαόὶδ
2538 4449 2805 4512 εἰπόντος,
2833 4468 2852 4501 ι
2883 4444 3051 4503 Εἶπεν
3073 4449 3101 4501 6
3126 4446 3329 4517 Κύριος
3351 4445 3429 4516 τῷ
3456 4442 3646 4515 Κυρίῳ
3676 4455 3805 4513 μου*

535 4540 916 4595 conveniunt?
975 4541 1362 4610 «Apprehendi
1409 4541 1690 4597 dexteram
1747 4549 1934 4608 tuam;
1983 4541 2117 4597 obe-

2227 4540 2410 4595 Κάθου
2431 4543 2495 4595 ὲκ
2521 4541 2710 4608 δεξιῶν
2744 4558 2847 4612 μου
2873 4580 2888 4606 ,
2931 4559 2948 4592 ι
2982 4540 3077 4595 καὶ⁵
3111 4540 3179 4594 τὰ
3218 4536 3400 4597 λοιπὰ.
3453 4535 3679 4597 Ἡσαΐας
3709 4550 3809 4587 σα-

535 4632 691 4686 dient
739 4638 866 4686 ante
917 4630 1109 4685 faciem
1161 4632 1283 4702 ejus
1334 4641 1566 4704 gentes;
1625 4642 1679 4688 et
1737 4632 2117 4688 fortitudinem

2227 4633 2486 4704 φέστερον
2515 4632 2685 4703 λέγει,
2727 4652 2746 4685 «
2782 4633 2941 4701 Λέγει
2985 4633 3014 4684 6
3063 4630 3265 4705 Κύριος
3315 4628 3392 4699 τῷ
3435 4625 3657 4700 Χριστῷ
3703 4642 3806 4697 μου

537 4738 726 4793 regum
760 4722 1136 4792 disrumpam;
1172 4725 1414 4792 aperiam
1463 4733 1589 4779 ante
1622 4739 1747 4779 eum
1790 4725 2014 4795 januas,
2063 4731 2117 4780 et

2224 4724 2393 4796 Κύρῳ
2416 4725 2555 4794 (5.4).
2587 4743 2605 4775 ι
2644 4726 2877 4792 Λέγουσι
2902 4724 2958 4778 δὲ
2988 4725 3068 4787 εἰς
3099 4722 3279 4794 Κύρον
3303 4721 3395 4775 τὸν
3425 4720 3640 4793 Πέρσην
3654 4718 3811 4791 εἰρῆ-

537 4815 787 4869 civitates
830 4829 938 4869 non
975 4814 1325 4870 claudentur.
1376 4816 1518 4871 Ante
1561 4823 1614 4871 te
1661 4815 1772 4881 ibo,
1821 4825 1877 4871 et
1906 4804 2117 4871 montes

2226 4815 2350 4871 σθαι
2383 4817 2578 4872 ταῦτα.
2612 4816 2823 4872 Γελοῖόν
2850 4817 2939 4871 δέ·
2992 4816 3093 4870 ποῦ
3126 4816 3235 4888 γὰρ
3262 4813 3495 4887 ἁρμόζει
3539 4813 3712 4884 Κύρῳ
3740 4811 3808 4865 τὰ

606 4975 674 5009 τ’·
704 4974 847 5030 Psal.
877 4991 1019 5037 uiv.
1052 4975 1107 5031 2.
1174 4979 1221 5009 ⁷⁸
1250 4976 1416 5044 Soph.
1449 4992 1508 5042 ιι,
1542 4976 1629 5031 Η.
1689 4977 1734 5010 ’⁹
1770 4976 2001 5032 Maladl-
2041 4978 2117 5040 ἰοί

2304 4977 2351 5009 ⁸⁸
2381 4976 2482 5033 lsa.
2516 4992 2642 5041 va,
2702 4978 2789 5032 l5.
2829 4976 2913 5032 16.
3000 4976 3043 5008 ⁸¹
3078 4975 3223 5030 Psal.
3256 4989 3370 5039 ut,
3420 4971 3510 5044 32.
3586 4971 3635 5003 "
3657 4969 3800 5026 Psal.

536 5045 784 5109 van,7.
846 5046 1180 5109 "lsa.x1.9.
1254 5041 1802 5114 “Psal.xxi,28,29.
1868 5047 2371 5116 “Matth.xx:,65.
2435 5046 2831 5115 “Psal.cx,5.
2909 5044 3332 5119 "Psal.crx,i.
3409 5041 3804 5107 “lsa.xt.v,t.

608 5198 798 5274 (2min
825 5199 1066 5255 editione
1090 5196 1357 5260 Romana,
1378 5209 1435 5274 et
1465 5201 1607 5274 apud
1633 5200 1772 5274 alios
1796 5209 1882 5274 est
1922 5203 2108 5274 ἄρχον-

533 5270 626 5336 τες
653 5271 920 5341 Σοδόμων,
956 5277 1077 5340 post
1128 5285 1248 5342 qtue
1278 5270 1441 5342 verba
1468 5272 1638 5342 codex
1663 5271 1888 5342 Siphani
1921 5270 1974 5329 et
1997 5270 2108 5329 Va-

535 5346 750 5415 ticanus
784 5339 1055 5415 recentior
1080 5339 1286 5415 addunt
1310 5340 1422 5415 καζ.
1466 5339 1758 5415 Sequentia
1814 5358 1944 5399 vero
1982 5359 2112 5415 pro-

533 5414 710 5484 phetae
741 5413 902 5484 verba
935 5412 987 5465 in
1011 5412 1285 5484 epitomen
1313 5411 1519 5484 redegit
1538 5413 1837 5484 Nyssenus.

606 5484 717 5552 (509
756 5480 809 5535 In
839 5478 1124 5536 vetustiori
1154 5478 1637 5552 rVaticano'dees't,
1696 5484 1955 5545 ἕκαστος·
2016 5483 2113 5538 sed

534 5551 838 5607 habebatur
860 5552 914 5605 in
943 5551 1166 5622 Siphani
1184 5551 1392 5617 codice,
1414 5560 1464 5606 et
1493 5555 1545 5607 in
1570 5554 1809 5608 editione
1834 5552 2114 5607 Romana.

537 5624 806 5675 Eusebius
859 5622 1009 5693 Dem.
1049 5623 1554 5693 Ειναιιρηιίὺημίο.
1591 5623 1655 5683 6.
1700 5638 1821 5693 pag.
1862 5623 1948 5693 19,
1986 5622 2115 5676 ἕκα-

534 5708 657 5753 στος
698 5694 762 5745 ἐκ
799 5692 891 5745 τοῦ
932 5694 1098 5746 τόπου
1144 5690 1343 5747 αὑτῶν.
1400 5690 1533 5747 Vide
1571 5690 1824 5747 eumdem
1870 5691 1965 5749 lib.
2013 5708 2111 5761 ιιι,

532 5778 655 5829 cap.
694 5763 750 5824 2,
779 5780 928 5817 num.
954 5764 1038 5817 16.

603 5832 714 5904 (51)
748 5834 930 5889 Codex
960 5834 1238 5890 recentior
1290 5831 1606 5902 Vaticanus,
1639 5831 1899 5904 καλῦψαι.

2289 5200 2400 5273 (3'2)
2430 5199 2487 5254 In
2536 5203 2830 5273 recentiori
2876 5201 3144 5257 Vaticano
3185 5208 3289 5269 est,
3331 5202 3460 5266 τοὺς
3496 5198 3803 5273 Ἰουδαίους,

2218 5271 2306 5343 τίς
2336 5274 2363 5324 6
2395 5272 2613 5343 κρατῶν
2648 5274 2795 5325 ἐστιν
2838 5274 2966 5343 ἄρα,
2995 5283 3162 5343 atque
3188 5273 3458 5343 itaetiam
3495 5272 3809 5343 legissevi-

2219 5342 2381 5395 detur
2403 5339 2711 5412 Siphanus;
2736 5339 2901 5399 vertit
2932 5339 3100 5409 enim,
3143 5339 3285 5410 Quid
3315 5357 3454 5397 nunc
3488 5339 3650 5413 igitur
3674 5340 3808 5394 obti-

2222 5421 2568 5555 neltl’ﬁillaac
2604 5485 2765 5541 verba
2795 5484 3176 5555 subjungenda
3226 5499 3355 5555 esse
3392 5482 3645 5555 videntur
3689 5487 3806 5555 post

2223 5551 2586 5637 prtaecedcntia
2613 5555 2727 5620 illa,
2757 5555 2845 5609 διὰ
2876 5551 2938 5608 τὸ
2980 5551 3117 5626 μηδὲ
3145 5556 3236 5608 τὸν
3276 5553 3423 5621 ναὸν,
3455 5554 3487 5624 ἢ
3523 5551 3614 5606 τὸν
3644 5551 3804 5604 τόπον

2222 5637 2409 5765 T2066)
2465 5691 2622 5765 [iuno
2661 5691 2816 5749 Isaiae
2869 5694 3050 5749 locum
3113 5694 3527 5765 intelligendum
3574 5707 3702 5765 esse
3741 5689 3805 5743 de

2220 5760 2443 5835 Christo
2475 5762 2848 5835 Tertullimius
2872 5781 3089 5835 quoque
3136 5767 3256 5820 adv.
3292 5760 3526 5818 'Judwos
3557 5779 3608 5817 c.
3667 5762 3721 5826 7,
3755 5767 3804 5812 et

2221 5832 2530 5904 Cyprianus
2553 5833 2686 5890 lib.i
2717 5832 2959 5904 Testini.,
2985 5832 3107 5906 cap.
3130 5836 3222 5903 2i,
3246 5842 3547 5892 autumant
