3896 6208
183 266 322 363 ἐδτ
1322 306 1410 362 DE
1446 302 1787 363 rnoressr

1894 304 1918 360 Ξ
1956 303 2390 362 CHRISTIANA.

3379 308 3484 364 958

215 560 3454 596 Μ

1466 755 1876 869 PARS
1981 760 2236 870 ΙΙΙ.

445 1173 1401 1290 ASCETIGA
1480 1183 1725 1292 ET

1894 1180 3253 1302 IISCELLANEA.

1192 1600 1422 1688 ΤΟΥ
1494 1595 1871 1687 ΑΥΤΟΥ
1945 1600 2564 1689 ΓΡΗΓΟΡΙΟΥ

1670 1809 1854 1862 ΠΕΡΙ
1892 1808 2033 1862 ΤΟΥ

208 2033 372 2145 ΤΙ
433 2029 638 2147 ΤΟ
709 2027 1628 2143 ΧΡΙΣΤΙΑΝΩΝ
1701 2026 2271 2146 ΟΝΟΜΑ
2346 2032 2457 2142 Η
2532 2029 3477 2157 ΕΠΑΓΓΕΛΜΑ

1553 2290 1734 2342 ΠΡΟΣ
1763 2289 2142 2345 ΛΡΜΟΝῙΟΝ.

1189 2765 1723 2855 EJUSDEM
1805 2765 1899 2854 S.
1973 2761 2551 2854 GREGORII

1412 3005 1533 3065 AD
1610 3005 2235 3069 HARMONIUM
2695 3006 2740 3042 ⁹

367 3210 679 3337 QUID
760 3210 1247 3315 NOMEN.
1293 3210 2174 3318 PROFESSIOVE
2263 3208 3328 3323 CHRISTIANOBUM

1515 3479 1713 3557 SIBI
1766 3480 2107 3560 VELIT.

1455 3725 1720 3777 Laurentio
1745 3727 1910 3778 Sifano
1935 3731 2226 3792 interprete.

274 4141 468 4210 ’Ὅπερ
500 4137 709 4191 ποιοῦσι
746 4137 876 4206 πρὸς
916 4138 1041 4200 τοὺς
1072 4136 1406 4208 κρατοῦντας
1434 4140 1482 4191 οἱ
1515 4140 1625 4201 τοῖς
1655 4139 1787 4208 ἡμε-

1962 4137 2119 4204 Quod
2147 4137 2288 4206 apud
2321 4135 2672 4206 magistratus
2696 4144 2749 4191 et
2781 4151 2876 4192 eos
2902 4139 2993 4208 qui
3027 4155 3213 4197 rerum
3244 4143 3467 4214 potiun-

208 4233 382 4303 ρινοῖς
420 4230 768 4299 ὑποκείμενοι
801 4229 985 4300 φόροις
1011 4267 1026 4291 ,
1067 4230 1113 4281 εἰ
1147 4227 1406 4280 πλειόνων
1447 4227 1669 4299 ἡμερῶν
1699 4228 1787 4280 ὲλ-

1894 4238 2004 4291 tur,
2035 4229 2244 4282 faciunt
2293 4228 2328 4281 ii
2360 4229 2453 4296 qui
2483 4227 2820 4296 quotidianis
2847 4231 3206 4300 vectigalibus
3239 4234 3464 4288 obnoxii

206 4323 459 4392 λειφθείη
489 4321 549 4374 τὸ
578 4321 759 4391 χρέος,
799 4320 1011 4392 ἁθρόως
1035 4319 1145 4372 τῶν
1170 4318 1311 4372 κατὰ
1347 4318 1510 4390 μέρος
1537 4318 1674 4390 ὀφλη
1686 4319 1787 4389 μά-

1894 4330 2040 4382 sunt,
2076 4329 2131 4373 ut
2157 4319 2199 4374 si
2227 4318 2590 4386 complurium
2622 4317 2830 4372 dierum
2859 4334 2935 4374 ms
2964 4320 3202 4375 alienum
3227 4322 3298 4378 ab
3331 4324 3465 4394 ipsis

201 4430 322 4466 των
350 4410 731 4473 ἁποτιννύντες
771 4411 828 4462 ὲν
866 4407 1146 4476 κεφαλαίῳ
1180 4406 1240 4460 τὸ
1269 4407 1489 4476 ὄφλημα
1511 4447 1524 4469 ,
1561 4407 1614 4459 εἴ
1644 4425 1787 4470 τινος

1894 4411 2228 4481 persolutum
2254 4424 2361 4461 non
2395 4409 2485 4471 sit,
2517 4408 2571 4462 in
2605 4422 2767 4462 unam
2791 4424 3059 4466 summam
3081 4421 3331 4468 eoactum
3358 4417 3468 4472 sin-

105 4545 126 4563 ,
206 4505 521 4573 ἑπιτύιοιεν
559 4501 856 4572 εὐπορίας,
889 4499 1049 4553 τοῦτο
1095 4499 1306 4570 ποιήσω
1348 4497 1443 4550 καὶ
1487 4498 1648 4560 αὐτὸς
1696 4499 1790 4551 ἐπὶ

206 4595 312 4664 τῆς
352 4591 680 4663 σεμνότητός
716 4608 830 4644 σου.
859 4589 1162 4660 Χρεωστῶν
1203 4588 1312 4660 γάρ
1342 4604 1422 4640 σοι
1450 4588 1510 4640 τὸ
1544 4587 1787 4658 συνεχῶς

206 4686 543 4740 ὶττιστέλλειν
565 4685 718 4756 (διότι
743 4688 853 4748 τοῖς
884 4684 1226 4755 Χριπιανοῖς
1255 4685 1287 4753 ἡ
1308 4682 1604 4752 ἐπαγγελία
1628 4682 1787 4753 χρέος

205 4781 330 4832 ἐστὶ
349 4779 388 4849 ).
429 4777 528 4847 τὴν
557 4779 615 4830 ὲν
647 4777 726 4847 τῷ
755 4775 1076 4846 παρελθόντι
1110 4777 1284 4847 χρόνῳ
1309 4775 1416 4828 τῶν
1443 4775 1786 4846 γραμμάτων

207 4870 468 4937 ἔλλειψιν,
495 4869 563 4938 ἢν
589 4869 857 4932 ἀκουσίως
897 4867 1223 4938 πεποίημαι,
1260 4867 1354 4920 νῦν
1393 4866 1788 4937 ἀποπληρῶσαι

209 4960 497 5030 βούλομαι,
519 4961 771 5013 τοσοῦτον
793 4958 1038 5021 ἐκτείνας
1056 4959 1154 5027 τῆς
1187 4959 1472 5028 ἐπιστολῆς
1489 4958 1548 5010 τὸ
1569 4958 1786 5029 μέτρον,

203 5053 353 5105 ὥστε
398 5054 491 5105 καὶ
543 5051 678 5122 πρὸς
712 5051 781 5104 τὰ
828 5050 1031 5121 συνήθη
1083 5050 1257 5119 μέτρα
1306 5049 1416 5102 τῶν
1448 5051 1790 5120 γραμμάτών

196 5144 616 5215 διαιρουμένην,
638 5145 760 5198 ἀντὶ
793 5142 1002 5196 πολλῶν
1040 5141 1382 5210 νομισθῆναι.
1429 5142 1515 5205 Ὠς
1548 5142 1592 5194 δ’
1622 5141 1688 5194 ἂν
1714 5141 1788 5213 μὴ

202 5239 392 5307 μὰτην
427 5237 768 5307 ἁδολεσχοίην
798 5236 878 5306 τῷ
902 5236 1067 5306 μήκει
1099 5233 1194 5286 τοῦ
1218 5235 1545 5303 γράμματος
1570 5273 1583 5295 ,
1608 5235 1788 5298 καλῶς

199 5332 358 5399 ἔχειν
392 5330 629 5400 ἡγοῦμαι
665 5329 753 5382 διὰ
782 5329 883 5398 τῆς
932 5327 1340 5396 ὲπιστολιμαίου
1370 5326 1574 5396 ταύτης
1605 5326 1787 5395 φωνῆς

1893 4503 2162 4573 gularium
2185 4501 2493 4556 debitorum
2525 4515 2598 4556 ωε
2617 4502 2854 4556 alienum
2873 4502 3202 4574 dependant,
3231 4507 3274 4562 si
3301 4525 3465 4579 quam

1895 4595 2034 4650 forte
2057 4594 2198 4650 nacti
2223 4591 2425 4648 fuerint
2447 4595 2692 4663 pecuniae
2719 4595 3053 4661 facultatem,
3083 4597 3136 4651 id
3163 4598 3326 4652 etiam
3353 4601 3468 4670 ipse

1894 4683 2086 4740 faciam
2117 4683 2260 4754 apud
2291 4690 2438 4737 tuam
2467 4685 2895 4754 amplitudinem.
2930 4684 3064 4740 Nam
3091 4701 3214 4742 cum
3239 4687 3467 4744 debeam

1894 4777 2118 4832 crebras
2151 4775 2217 4829 ad
2259 4785 2311 4832 te
2364 4776 2580 4830 mittere
2610 4777 2845 4839 litteras,
2879 4779 3079 4848 quippe
3125 4795 3254 4846 cum
3305 4781 3463 4836 Chri-

1896 4865 2088 4921 stianis
2142 4865 2434 4934 promissio
2465 4865 2705 4918 debitum
2738 4867 2830 4928 sit,
2863 4881 3025 4935 quam
3083 4868 3136 4921 in
3192 4872 3468 4938 praeterito

1896 4968 2138 5027 tempore
2199 4957 2404 5010 invitus
2460 4955 2561 5010 feci
2620 4957 2917 5010 litterarum
2990 4958 3490 5030 intermissionem,

1893 5064 2039 5103 nunc.
2070 5049 2288 5118 explere
2306 5056 2726 5118 eteompensare
2750 5049 2895 5109 volo,
2912 5049 2968 5104 in
2997 5059 3207 5106 tantum
3226 5056 3470 5124 epistolm

1892 5141 2112 5195 modum
2143 5139 2438 5204 excedens,
2465 5148 2526 5192 ut
2553 5140 2598 5194 si
2626 5139 2692 5192 ad
2723 5152 3040 5195 consuetum
3081 5147 3302 5199 modum
3328 5147 3470 5198 litte-

1891 5246 2077 5284 rarum
2114 5229 2410 5292 dividatur,
2439 5231 2559 5284 loco
2583 5231 2875 5284 multarum
2902 5233 3255 5300 epistolarum
3278 5235 3466 5288 haberi

1890 5323 2082 5389 possit.
2121 5319 2320 5374 Verum
2353 5336 2421 5374 ne
2459 5321 2660 5375 frustra
2696 5322 3000 5377 litterarum
3046 5325 3354 5393 prolixitate
3385 5327 3468 5379 lu-

197 5422 310 5493 τὴν
359 5422 499 5474 κατὰ
545 5422 833 5492 πρὸσωπον
881 5419 1037 5490 ἡμῶν
1091 5418 1374 5472 συνουσίαν
1421 5417 1782 5488 μιμήσασθαι.

1894 5413 2036 5475 dam,
2071 5427 2134 5466 ac
2158 5412 2414 5481 nugando
2448 5421 2662 5482 tempus
2717 5421 2912 5478 teram,
2949 5425 3094 5470 recte
3136 5416 3268 5469 mihi
3295 5416 3468 5470 factu-

199 5515 506 5581 Μέμνησαι
541 5515 648 5584 γὰρ
672 5513 909 5577 πάντως,
943 5513 1024 5566 ὅτι
1051 5511 1160 5564 τῶν
1193 5510 1326 5580 πρὸς
1360 5509 1615 5579 ἀλλήλους
1655 5509 1788 5563 πάν-

199 5620 334 5658 τοτε
364 5606 493 5671 ἡμῖν
539 5604 711 5672 λόγων
755 5605 808 5657 αἱ
847 5605 1123 5675 ἀφορμαὶ,
1169 5601 1388 5672 μελέται
1430 5601 1560 5669 πρὸς
1590 5600 1789 5670 ἀρετὴν

201 5698 309 5749 καὶ
349 5696 645 5760 γυμνασίαι
693 5696 826 5760 πρὸς
856 5694 1166 5752 Θεοσέσειαν
1196 5689 1369 5764 ἦσαν,
1408 5692 1498 5746 σοῦ
1543 5692 1638 5759 μὲν
1668 5695 1789 5744 ἐπι-

1895 5521 1992 5560 rus
2039 5519 2160 5559 esse
2198 5502 2406 5568 videor,
2440 5506 2484 5558 si
2543 5519 2640 5572 per
2689 5505 3036 5575 epistolarem
3081 5506 3222 5561 hanc
3279 5523 3466 5563 vocem

1898 5599 2144 5652 imitatus
2169 5597 2321 5651 fuero
2347 5598 2795 5653 consuetudinem
2827 5615 2932 5669 qua
2959 5615 3139 5654 coram
3172 5602 3315 5657 inter
3369 5618 3469 5655 nos

1902 5691 1976 5744 uti
2010 5689 2265 5744 solemus.
2300 5687 2589 5746 Meministi
2618 5691 2780 5755 enim,
2817 5701 2898 5747 sat
2927 5691 3060 5752 scio.
3086 5695 3226 5754 quod
3257 5709 3471 5756 semper
