3896 6208
486 246 589 299 27,9

1672 237 1741 294 -S.
1789 234 2106 293 GREGORII
2142 235 2431 293 NYSSENI

3628 239 3737 292 Ξὲῡ

490 366 807 427 argumenta
839 370 1174 419 sermonum,
1208 356 1406 425 quibus
1438 356 1576 410 inter
1606 369 1706 409 nos
1737 355 1812 407 uti
1847 354 2057 408 soleba-

2174 355 2427 417 πτατικῶς
2465 355 2549 407 ἀεὶ
2595 355 2704 415 τοῖς
2753 353 3060 424 λεγομένοις
3097 352 3561 424 άνθυποιρέροντος
3586 394 3602 416 ,
3639 359 3741 406 καὶ

496 464 634 517 mus,
664 449 1047 504 meditationes
1082 448 1303 503 virtutis
1331 454 1507 508 erant,
1540 454 1594 501 et
1635 446 1697 500 ad
1729 445 1824 499 Dei
1851 447 2055 500 cultum

496 551 657 610 atque
674 541 927 609 pietatem
969 539 1406 599 exercitationes,
1431 546 1632 591 cuqu
1668 536 1884 605 quidem
1920 550 2057 605 prte-

495 635 735 703 ceptoris
757 647 820 685 ac
842 630 1087 701 magistri
1113 644 1262 684 more
1281 643 1494 698 semper
1512 628 1579 682 iis
1594 643 1713 697 qua:
1740 626 2059 680 dicebantur

494 740 555 778 ex
585 723 815 777 adverso
847 721 1144 790 subjiceres
1173 729 1227 776 et
1255 734 1562 790 opponeres
1613 720 1877 788 nihilque,
1913 720 2058 789 quod

494 814 771 869 diceretur
832 814 1041 882 absque
1097 812 1421 866 excussione
1459 819 1622 880 atque
1661 811 2061 865 examinatione

494 906 842 969 admitteres;
870 919 971 957 nos
1006 918 1133 957 vero
1162 904 1252 971 qui
1274 908 1432 955 tetate
1458 900 1908 967 praecederemus,
1940 915 2062 970 qua:

495 1012 591 1065 per
618 994 1063 1063 consequentiam
1100 992 1369 1047 sermonis
1400 990 1692 1045 identidem
1719 991 2062 1059 requireren-

495 1099 604 1151 tur,
635 1087 1079 1143 dissolveremus.
1115 1083 1171 1136 Si
1204 1084 1368 1154 igitur
1414 1098 1559 1137 nunc
1592 1083 1753 1136 etiam
1823 1084 1897 1136 ita
1944 1082 2071 1136 fieri’

496 1191 792 1251 posset,-ut
840 1193 869 1231 a
906 1185 997 1230 tua
1039 1174 1325 1246 prudentia
1354 1160 1500 1228 omni
1553 1175 1789 1229 sermoni
1847 1171 2061 1226 occasio

494 1275 736 1333 daretur,
784 1270 919 1323 nihil
957 1286 1021 1324 eo
1053 1268 1248 1322 melius
1289 1281 1352 1319 ac
1410 1265 1776 1334 prmstabilius
1816 1263 2063 1317 accidere

496 1369 698 1432 posset.
738 1360 943 1425 Duplex
979 1359 1123 1412 enim
1155 1357 1369 1424 utrique
1394 1367 1641 1411 nostrum
1674 1355 1887 1408 lucrum
1919 1355 2065 1408 exsi-

495 1460 681 1516 steret,
719 1460 830 1505 tum
858 1467 921 1505 ex
956 1459 1146 1504 mutuo
1179 1456 1496 1517 conspectu,
1530 1448 1668 1516 (quo
1701 1446 1828 1516 quid
1867 1446 1918 1498 in
1952 1446 2062 1499 vita

494 1545 623 1597 mihi
651 1542 936 1610 dulcius?)
970 1550 1081 1595 tum
1113 1557 1179 1596 et
1212 1556 1278 1595 co
1303 1539 1448 1609 quod
1476 1538 1659 1607 plectri
1688 1539 1746 1591 in
1776 1537 2000 1591 modum
2032 1552 2063 1591 a

495 1646 582 1688 tua
615 1634 897 1704 prudentia
953 1641 1141 1687 nostra
1168 1640 1379 1686 vetusta
1438 1630 1651 1684 cithara
1681 1629 2060 1683 suscitaretur.

496 1700 896 1794 Sed‘quoniam
952 1723 1076 1777 vitae
1108 1720 1410 1777 necessitas
1453 1718 1601 1781 facit,
1653 1728 1711 1773 ut
1745 1733 1973 1787 corpore
1995 1718 2063 1772 ab
2098 1700 2135 1753 Β

497 1817 728 1871 invicem
778 1814 1041 1884 disjuncti
1100 1814 1295 1875 simus,
1341 1812 1555 1867 etiamsi
1623 1810 1821 1864 animis
1846 1824 2062 1879 semper

496 1906 916 1976 conjungamur,
945 1904 1320 1959 necessarium
1366 1900 1551 1964 fuerit,
1585 1901 1759 1955 sicubi
1784 1899 2060 1955 contradi-

497 1996 607 2049 ctio
645 1998 835 2067 aliqua
858 1996 1013 2051 nobis
1037 1995 1305 2051 exsistere
1328 1993 1443 2048 visa
1496 1993 1677 2058 fuerit,
1728 2007 1828 2062 per
1866 2007 2059 2047 conse-

2157 447 2306 499 ούδέν
2338 446 2706 510 ἀνεξετάστως
2752 444 3193 515 παραδεχομένου
3228 443 3336 496 τῶν
3378 443 3695 512 λεγομένων
3716 461 3733 475 ·

2158 538 2315 608 ἡμῶν
2347 537 2402 590 δέ
2430 536 2515 588 διὰ
2544 537 2604 589 τὸ
2631 537 2889 607 προήκειν
2912 535 2988 605 τῷ
3008 536 3183 605 χρόνῳ
3209 534 3276 587 τά
3300 535 3559 589 ἑκάστοτε
3582 534 3742 602 παρὰ

2159 629 2257 696 τῆς
2287 626 2379 679 τοῦ
2409 625 2566 691 λόγου
2599 625 2916 688 ἀκολουθίας
2950 624 3354 695 ἐπιζητούμενα
3379 624 3734 677 διαλυόντων.

2161 721 2222 771 Εἰ
2254 720 2353 787 μὲν
2384 715 2475 772 οὖν
2500 716 2566 789 ἦν
2593 717 2814 773 δυνατὸν
2845 718 2938 770 καὶ
2967 715 3060 769 νύν
3092 715 3334 784 γίνεσθαι
3360 714 3549 779 οὕτως,
3590 714 3738 767 ὥστε

2162 811 2313 882 παρὰ
2337 811 2436 879 τῆς
2463 811 2559 880 σῆς
2591 809 2857 871 συνέσεως
2883 807 3115 861 δίδοσθαι
3146 806 3288 876 λόγῳ
3323 806 3419 876 τὴν
3452 806 3738 877 ἀφορμὴν,

2161 902 2237 973 τῷ
2264 903 2424 956 παντὶ
2456 905 2703 973 κρεῖττον
2733 901 2797 954 ἂν
2823 896 2889 971 ἦν
2912 900 2971 953 τὸ
2992 898 3247 953 τοιοῦτον.
3281 898 3499 968 Διχόθεν
3527 897 3636 968 γὰρ
3668 898 3741 951 ἂν

2164 995 2405 1064 ὑπῆρχεν
2438 994 2766 1062 ἀμφοτέροις
2798 991 2858 1043 τὸ
2885 990 3072 1061 κέρδος
3095 1030 3108 1053 ,
3136 989 3201 1044 ἐκ
3235 1007 3294 1043 τε
3322 989 3415 1043 τοῦ
3458 991 3741 1061 προσορᾷν

2162 1086 2441 1157 ἀλλήλους,
2471 1081 2551 1156 (οὗ
2576 1086 2626 1137 τί
2653 1083 2871 1152 γλύκιον
2892 1082 2997 1135 τῶν
3020 1082 3159 1136 κατὰ
3182 1082 3270 1135 τὸν
3295 1082 3409 1151 βίον
3435 1082 3556 1152 ἐμοί
3570 1081 3608 1150 ;)
3639 1082 3741 1134 καὶ

2163 1182 2226 1230 ἐκ
2268 1178 2360 1231 τοῦ
2394 1178 2544 1248 παρὰ
2586 1176 2685 1246 τῆς
2722 1176 2818 1246 σῆς
2858 1179 3203 1246 φρονήσεως,
3249 1175 3524 1246 πλήκτρου
3553 1175 3738 1246 δίκην,

2162 1271 2260 1339 τὴν
2287 1269 2524 1337 γηραιὲιν
2562 1267 2718 1337 ἡμῶν
2751 1267 3116 1319 ἀνακινείσθαι
3151 1265 3403 1336 κιθάραν.
3442 1266 3592 1318 Ἐπεὶ
3619 1266 3675 1318 δὲ
3701 1269 3739 1335 ἡ

2164 1361 2256 1414 τοῦ
2299 1361 2412 1429 βίου
2457 1360 2670 1429 ἀνάγκη
2706 1358 2979 1412 διεστάναι
3018 1360 3165 1430 ἡμᾶς
3208 1357 3615 1433 παρασκευάζει
3651 1358 3739 1428 τῷ

2167 1449 2375 1520 σώματι
2397 1490 2411 1509 ,
2446 1449 2545 1502 κᾶν
2572 1450 2620 1500 εἰ
2649 1449 2748 1511 τὰς
2770 1447 2945 1517 ψυχὰς
2981 1447 3380 1518 συναπτιῖψεθα
3399 1488 3413 1512 ,
3440 1449 3739 1515 ἀναγκαῖον

2166 1540 2231 1592 ἂν
2261 1538 2345 1608 εἴη
2367 1577 2381 1601 ,
2411 1538 2505 1592 καὶ
2528 1538 2587 1590 τὸ
2614 1537 2703 1590 σὸν
2743 1537 3031 1606 πρόσωπον
3065 1537 3409 1599 ὑποδύεσθαι,
3435 1539 3486 1590 εἴ
3513 1537 3615 1590 πού
3648 1554 3741 1599 τις

2166 1628 2484 1700 ἀντίρρησις
2518 1629 2654 1700 πρὸς
2678 1628 2767 1681 τὸν
2795 1628 2970 1696 λόγον,
3014 1628 3154 1681 κατὰ
3184 1628 3244 1681 τὸ
3266 1628 3575 1691 ἀκόλουθον,
3603 1630 3740 1698 ἡμῖν

2170 1722 2484 1791 ἀναφανείη.
2546 1720 2740 1781 Καλῶς
2793 1719 2837 1773 δ’
2877 1720 2942 1773 ἂν
2992 1720 3102 1789 ἔχοι
3156 1721 3408 1773 ὑπόθεσίν
3457 1738 3579 1774 τινα
3625 1720 3741 1773 τῶν

2167 1809 2501 1880 ψυχωφελῶν
2542 1809 2818 1879 προθεῖναι
2855 1809 2932 1879 τῷ
2972 1809 3078 1863 τῶν
3122 1811 3464 1881 γραμμάτων
3506 1811 3738 1879 σκοπῷ,

2167 1899 2264 1953 εἷθ’
2292 1900 2432 1953 οὕτω
2460 1899 2593 1969 πρὸς
2616 1899 2675 1952 τὸ
2703 1900 3059 1970 προκείμενον
3090 1900 3453 1973 ἀσχοληθῆναι
3473 1902 3549 1972 τῷ
3568 1902 3737 1969 λόγῳ.

2165 1991 2393 2056 Οὐκοῦν,
2423 1991 2497 2055 ὡς
2529 1993 2585 2043 ἐν
2614 1990 2982 2063 προϐλήματι,
3015 1993 3278 2063 ζητείσθω
3301 1995 3429 2066 παρ’
3451 1994 3634 2065 ήμῶν·

496 2090 770 2156 quentiam
796 2088 1057 2143 adversus
1093 2100 1397 2142 sermonem
1427 2085 1590 2138 etiam
1623 2091 1772 2137 tuam
1798 2085 1981 2138 subire
2004 2099 2314 2154 personam.
2340 2081 2695 2137 Commodum
2723 2092 2903 2138 autem
2924 2083 3089 2140 fuerit
3111 2086 3340 2154 primum
3360 2094 3736 2155 argumentum

498 2179 791 2248 quoddam,
811 2178 952 2233 unde
973 2177 1151 2246 aliqua
1164 2176 1229 2228 ad
1252 2176 1490 2229 animum
1508 2175 1716 2230 utilitas
1735 2178 2016 2243 pervenire
2034 2175 2533 2248 possit,pr_oponcre
2559 2173 2714 2243 quasi
2732 2188 2955 2243 scopum
2985 2176 3307 2239 litterarum,
3329 2194 3436 2246 quo
3458 2183 3736 2248 sprclent;

498 2270 691 2326 deinde
713 2270 795 2325 sic
828 2268 895 2323 ad
923 2283 1034 2323 rem
1070 2268 1400 2339 propositam
1440 2265 1680 2322 sermoni
1702 2279 1921 2334 operam
1953 2264 2102 2319 dare.
2132 2244 2382 2335 lgitur’ad
2408 2263 2760 2333 qmereudum
2789 2280 2819 2320 a
2848 2265 3006 2321 nobis
3037 2244 3375 2337 propositum
3401 2244 3520 2324 esto
3545 2289 3557 2324 :

640 2428 770 2496 Qua:
794 2429 863 2482 sit
887 2425 1180 2482 Christiani
1205 2426 1431 2480 hominis
1466 2424 1768 2495 professio?

570 2542 837 2598 Fortassis
861 2541 1003 2595 enim
1029 2539 1174 2594 haud
1199 2537 1407 2593 inutilis
1453 2540 1557 2593 erit
1589 2539 1752 2607 hujus
1784 2540 1857 2593 rei
1880 2539 2064 2594 consi-

482 2635 729 2690 deratio.
761 2632 895 2687 Nam
927 2632 972 2687 si
1009 2632 1165 2701 plene
1187 2639 1350 2701 atque
1381 2641 1570 2687 exacte
1593 2632 1872 2687 inventum
1898 2629 2063 2685 fuerit

499 2726 553 2780 id
586 2723 733 2795 quod
764 2739 859 2794 per
888 2723 990 2776 hoc
1021 2736 1216 2776 nomen
1244 2722 1574 2785 declaratur,
1609 2736 1865 2791 magnum
1898 2721 2062 2790 adju-

498 2824 737 2870 mentum
761 2814 937 2882 adepti
962 2812 1223 2866 fuerimus
1246 2812 1310 2864 ad
1338 2812 1503 2865 vitam
1528 2826 1648 2865 cum
1671 2812 1868 2866 virtute
1897 2822 2068 2866 trans-

502 2905 769 2977 igendam,
788 2904 836 2959 si
869 2903 921 2956 id
945 2903 1086 2973 quod
1115 2902 1477 2963 nominamur,
1505 2917 1599 2969 per
1621 2901 1905 2956 sublimem
1932 2917 2070 2972 quo-

506 3012 612 3066 que
642 2997 766 3051 vitae
795 2995 1060 3049 rationem
1096 3008 1221 3048 vere
1251 3008 1372 3048 esse
1424 2992 1762 3047 studeamus.
1794 2991 2068 3058 Quemad-

2319 2425 2381 2477 Τι’
2404 2423 2509 2477 τοῦ
2542 2423 2892 2492 Χριστιανοῦ
2926 2424 2988 2477 τὸ
3002 2424 3359 2496 ’ἐπάγγελμα
3370 2447 3390 2492 ;

2245 2537 2396 2605 Τάχα
2429 2538 2536 2606 γάρ
2561 2537 2660 2588 οὐκ
2682 2536 2784 2600 ἔξω
2812 2536 2905 2589 τοῦ
2928 2536 3325 2603 λυσιτελοῦντος
3347 2542 3379 2611 ή
3402 2543 3529 2613 περὶ
3549 2542 3739 2599 τούτου

2174 2627 2364 2695 σκέψις
2406 2630 2714 2698 γενήσεται.
2751 2628 2811 2681 El
2841 2629 2950 2699 γὰρ
2989 2629 3231 2700 ἀκριϐῶς
3260 2632 3510 2703 εὑρεθείη
3555 2634 3615 2688 τὸ
3643 2636 3739 2689 διὰ

2171 2716 2261 2775 τοῦ
2289 2717 2550 2787 ὀνόματος
2579 2718 2767 2771 τούτου
2793 2717 3138 2789 δηλούμενον,
3164 2720 3361 2792 πολλὴν
3389 2721 3456 2776 ἂν
3482 2723 3740 2795 λάϐοιμεν

2172 2807 2308 2877 πρὸς
2334 2808 2422 2860 τὸν
2448 2808 2566 2861 κατ’
2605 2809 2802 2880 ἀρετὴν
2827 2809 2941 2880 βίον
2989 2812 3276 2882 συνεργίαν
3300 2830 3314 2845 ·
3348 2812 3580 2884 ἀληθῶς,
3604 2817 3741 2887 ὅπερ

2171 2899 2542 2969 ὀνομαζόμεθα
2567 2939 2581 2962 ,
2611 2900 2767 2954 τοῦτο
2807 2901 2900 2955 καὶ
2927 2897 3064 2955 εῖναι.
3102 2902 3189 2956 διά
3221 2904 3318 2973 τῆς
3353 2905 3562 2975 rid/qlia;
3590 2907 3744 2960 πολι-

2173 2989 2321 3051 τείας
2355 2989 2762 3054 σπουδάζοντες.
2788 2991 2999 3061 Ὥσπερ
3030 2992 3137 3065 γὰρ
3158 2993 3211 3046 εἴ
3234 3012 3317 3058 τις
3346 2997 3544 3067 ἰατρὸς,
3570 2999 3602 3067 ῆ
3639 3000 3741 3069 ῥή-

503 3086 725 3142 modum
769 3086 914 3142 enim
944 3086 989 3140 si
1023 3083 1147 3154 quis
1174 3084 1437 3146 medicus,
1469 3084 1550 3139 vel
1582 3092 1784 3149 orator,
1810 3083 1895 3137 vel
1943 3097 2070 3153 geo‘

2174 3095 2306 3148 τωρ,
2323 3079 2356 3147 ἢ
2379 3078 2697 3149 γεωμέτρης
2720 3079 2997 3135 καλεῖσθαι
3011 3083 3319 3154 ποθήσειεν,
3336 3086 3436 3139 οὐκ
3457 3086 3521 3140 ἂν
3534 3086 3744 3152 δέξαιτο

502 3192 673 3234 metra
700 3177 882 3233 vocari
898 3176 1278 3239 desiderasset,
1292 3192 1404 3231 non
1426 3174 1753 3240 admitteret,
1776 3183 1834 3229 ut
1853 3185 2072 3246 propter

504 3270 827 3341 imperitiam
862 3283 1163 3339 cognomen
1189 3269 1699 3339 reprehenderetur,
1739 3268 1786 3323 si
1821 3267 1963 3322 facto
1988 3282 2081 3337 pc-

503 3359 678 3413 rieulo
700 3357 747 3413 is
772 3372 878 3410 non
898 3357 1252 3423 inveniretur,
1268 3355 1428 3423 cujus
1451 3357 1670 3411 nomine
1684 3357 2070 3426 appellaretur,

503 3450 597 3505 sed
623 3450 715 3519 qui
747 3463 872 3503 vere
898 3449 1087 3502 harum
1139 3448 1372 3515 alicujus
1420 3448 1821 3517 professionum
1854 3450 2074 3505 nomine

504 3540 763 3612 appellari
790 3541 967 3602 vellet,
998 3556 1066 3594 ne
1125 3538 1261 3593 falso
1326 3548 1542 3609 Sumpta
1595 3541 1888 3610 appellatio
1939 3556 2074 3597 con-

502 3635 773 3696 vincatur,
813 3633 931 3701 ipso
961 3630 1144 3686 studio
1176 3637 1338 3699 atque
1373 3631 1635 3685 exercitio
1659 3633 1817 3686 {idem
1872 3632 2075 3687 faceret

505 3724 849 3794 appellationi
870 3721 1083 3779 :eodem
1100 3737 1198 3777 nos
1216 3737 1429 3792 quoque
1454 3723 1683 3788 modo,si
1703 3739 1890 3779 verum
1908 3724 2077 3779 homi-

507 3810 593 3863 nis
610 3810 906 3864 Christiani
928 3808 1283 3878 proicssionis
1303 3822 1527 3879 scopum
1543 3811 1840 3864 scrutando
1858 3811 2076 3867 invene-

506 3900 700 3963 rimus,
742 3900 978 3953 nolimus
1007 3913 1119 3952 non
1146 3913 1269 3954 esse
1300 3899 1353 3953 id
1379 3899 1524 3969 quod
1580 3899 1711 3954 illud
1746 3915 1943 3955 nomen
1975 3914 2077 3970 pro

510 3991 665 4045 nobis
695 3990 1002 4060 pollicetur,
1065 4005 1133 4043 ne
1166 3989 1220 4043 in
1265 4004 1366 4046 nos
1399 3992 1563 4045 etiam
1592 3992 1825 4062 quadret
1847 3992 1901 4046 id
1930 3992 2075 4062 quod

507 4081 578 4134 ab
599 4078 841 4134 cateruis
877 4087 933 4133 et
972 4077 1281 4134 inﬁdelibus
1313 4078 1380 4133 de
1416 4080 1576 4134 simia
1599 4081 1762 4151 vulgo
1797 4089 2072 4135 narratur.

508 4176 672 4228 Aiunt
694 4172 838 4227 enim
871 4171 1158 4242 quemdam
1182 4171 1236 4225 in
1270 4171 1403 4227 urbe
1434 4169 1764 4227 Alexandria
1783 4173 2079 4228 circulato-

492 4280 620 4319 rem
635 4271 687 4318 et
708 4264 1155 4334 praestigiatorem
1170 4262 1481 4319 exercuisse
1494 4278 1558 4319 ac
1573 4264 1827 4320 docuisse
1838 4265 2073 4331 simiam,

510 4365 566 4409 ut
599 4353 839 4426 agilitate
868 4354 1102 4426 quadam
1137 4358 1189 4408 in
1228 4352 1455 4408 formam
1484 4362 1538 4409 et
1564 4354 1805 4409 habitum
1832 4355 2076 4411 saltatri-

2173 3172 2238 3239 τῇ
2270 3169 2594 3241 ἀπαιδευσίᾳ
2629 3171 2727 3242 τὴν
2756 3173 3070 3245 ἐπωνυμίαν
3098 3175 3446 3247 ἐλέγχεσθαι,
3484 3179 3556 3251 μὴ
3595 3182 3745 3250 εἰρι-

2176 3260 2437 3330 σκόμενος
2470 3262 2562 3314 ἐπὶ
2592 3256 2701 3333 χτῆς
2740 3265 2935 3336 πείρας
2971 3266 2999 3319 ὃ
3024 3268 3367 3339 ὀνομάζεται,
3396 3270 3510 3324 ἀλλ’
3538 3272 3568 3324 ό
3600 3274 3746 3327 κατὰ

2175 3351 2430 3422 ἀλήθειάν
2472 3370 2525 3405 τι
2556 3353 2759 3407 τούτων
2799 3358 3301 3428 προσαγορεύεσθαι
3342 3360 3539 3426 θέλων,
3572 3362 3644 3426 ὡς
3676 3363 3744 3416 ἂν

2179 3441 2253 3512 μὴ
2282 3440 2628 3514 ψευδώνυμος
2660 3445 2692 3516 ή
2720 3444 2907 3515 κλῆσις
2941 3448 3232 3519 ἐλέγχοιτο,
3274 3452 3421 3523 αύτῷ
3449 3453 3525 3522 τῷ
3550 3454 3743 3524 ἐπιτη-

2172 3534 2399 3606 δεύματι
2428 3537 2526 3608 τὴν
2557 3539 2922 3610 προσηγορίαν
2949 3541 3308 3614 πιστώσηταν
3336 3544 3428 3598 τὸν
3454 3545 3614 3598 αὑτὸν
3644 3547 3743 3598 καὶ

2174 3630 2334 3698 ἡμεῖς
2371 3630 2590 3700 τρόπον,
2626 3631 2783 3704 εἴπερ
2807 3633 2897 3687 τὸν
2929 3633 3102 3704 ἀληθῆ
3138 3634 3340 3689 σκοπὸν
3368 3635 3461 3689 τοῦ
3484 3637 3749 3706 Χριστια-

2176 3716 2266 3770 νοῦ
2299 3720 2712 3791 ἐπαγγέλματος
2732 3721 3071 3788 ἐξετάζοντες
3088 3724 3322 3796 εὕρομεν
3351 3744 3365 3757 ·
3388 3727 3487 3779 οὐκ
3520 3725 3585 3780 ἂν
3612 3727 3749 3779 ἐλοίι

2180 3808 2317 3879 μεθα
2342 3811 2416 3879 μὴ
2443 3807 2771 3877 εἶναιτοῦτο,
2798 3815 2933 3885 ὅπερ
2957 3814 3018 3867 τὸ
3041 3815 3210 3886 ὄνομα
3231 3817 3371 3888 ὑπὲρ
3389 3819 3420 3889 ή
3431 3817 3544 3887 μῶν
3574 3821 3746 3885 ἐπαγ-

2176 3901 2424 3968 γέλλεται
2452 3918 2464 3930 ·
2492 3902 2567 3964 ὡς
2596 3902 2661 3955 ἂν
2689 3904 2762 3973 μὴ
2795 3904 2854 3957 τὸ
2886 3906 3010 3976 περὶ
3034 3905 3125 3957 τοῦ
3149 3905 3381 3978 πιθήκου
3410 3906 3647 3978 διήγημα
3680 3907 3747 3959 τὸ

2180 3993 2327 4064 παρὰ
2366 3996 2474 4057 τοῖς
2506 3994 2609 4060 ἔξω
2641 3995 3066 4066 περιφερόμενον
3104 3996 3196 4049 καὶ
3225 3999 3357 4067 ἡμῖν
3394 3997 3745 4070 ἐφαρμόσειε.

2175 4084 2311 4137 Φασὶ
2340 4085 2448 4155 γάρ
2489 4102 2608 4138 τινα
2638 4085 2744 4138 τῶν
2780 4084 3194 4155 θαυματοποιῶν
3225 4088 3317 4141 ἐπὶ
3356 4090 3454 4158 τῆς
3497 4087 3749 4153 Ἀλεξάν-

2171 4174 2303 4245 δρου
2337 4174 2541 4238 πόλεως
2578 4176 2896 4246 ἀσκήσαντα
2936 4177 3164 4249 πίθηκον
3215 4178 3304 4232 διά
3350 4195 3493 4240 τινος
3522 4179 3751 4250 εὐστρο-

2179 4266 2304 4334 φίας
2331 4266 2668 4337 ὀρχηστικῶς
2693 4269 3140 4338 σχηματίζεσθαι,
3168 4269 3258 4322 καὶ
3280 4269 3577 4341 περιθεῖναι
3599 4272 3752 4341 αὐτῷ

2180 4359 2466 4428 πρόσωπον
2500 4357 2841 4429 ὀρχηστικὸν,
2876 4359 2967 4412 καὶ
3003 4360 3201 4431 ἐσθῆτα
3238 4359 3315 4431 τῷ
3359 4361 3751 4432 ἐπιτηδεύματι

2981 4449 3006 4462 θ

507 4449 589 4501 eis
636 4462 758 4503 sese
808 4454 1180 4516 componeret,
1227 4448 1388 4515 eique
1434 4446 1726 4501 saltatricis
1756 4447 2071 4516 apposuisse

2182 4448 2487 4519 πρόσφορον
2509 4465 2523 4479 ·
2550 4449 2645 4502 καὶ
2671 4449 2829 4521 χορὸν
2866 4449 3015 4520 αὐτῷ
3036 4429 3459 4522 περιστήσαντα,
3484 4429 3754 4506 ἐνευδοκι-

508 4555 820 4613 personum,
856 4554 917 4591 ac
961 4544 1171 4591 vestem
1200 4536 1624 4591 circumdedisse
1649 4536 1910 4590 exercitio
1954 4550 2082 4591 con-

507 4631 845 4696 venientem;
908 4635 1119 4684 etcum
1173 4628 1402 4682 chorum
1454 4627 1503 4681 ei
1563 4626 1925 4691 adhibuisset,
1961 4627 2078 4696 pla-

507 4726 692 4778 cuisse
721 4737 785 4776 ac
829 4722 1161 4777 celebratum
1212 4718 1493 4773 hominum
1537 4734 1790 4775 sermone
1816 4721 1867 4773 in
1904 4719 2079 4790 pretio

509 4815 682 4870 fuisse
711 4822 930 4884 prepter
957 4813 1194 4877 simiam,
1225 4828 1350 4883 quae
1388 4814 1456 4866 ad
1481 4812 1761 4867 cantilenae
1796 4812 1986 4867 modos
2012 4827 2078 4866 ac

510 4921 795 4960 numerum
853 4920 974 4961 sese
1013 4905 1251 4962 ﬂecteret
1307 4911 1823 4972 contorqueretque,
1881 4917 1946 4957 ac
1987 4918 2083 4972 per

508 4996 691 5050 omnia
721 5013 842 5067 quae
872 5005 926 5052 et
949 4997 1180 5052 faciebat
1203 5005 1256 5051 et
1283 4995 1464 5049 facere
1496 4994 1801 5060 videbatur,
1827 5001 2079 5048 naturam

507 5090 824 5144 occultaret.
854 5089 991 5144 Cum
1041 5100 1221 5147 autem
1260 5092 1406 5159 capti
1465 5098 1650 5144 essent
1703 5088 1782 5143 rei
1839 5088 2083 5142 novitate

508 5182 1166 5251 spectatores,quemdam
1200 5182 1415 5236 caeteris
1443 5179 1764 5234 astutiorem
1788 5178 1865 5232 ibi
1889 5176 2079 5239 fuisse,

506 5277 600 5347 qui
631 5274 759 5330 ludo
785 5275 1019 5345 quodam
1058 5273 1396 5329 initiantibus
1437 5271 1752 5341 spectaculo
1781 5268 2083 5324 ostenderit

508 5366 722 5425 simiam
756 5382 879 5422 esse
904 5365 1139 5420 simiam.
1156 5364 1600 5419 Acclamantibus
1625 5363 1768 5417 enim
1790 5362 2005 5416 cunctis
2030 5371 2085 5414 et

508 5454 968 5523 applaudentibus
1002 5451 1231 5522 agilitali
1258 5452 1451 5514 simiae,
1481 5451 1548 5504 ad
1567 5458 1785 5505 cantum
1809 5457 1864 5504 et
1890 5447 2085 5501 modu-

509 5543 764 5600 lationem
792 5552 921 5616 aptc
954 5560 1015 5599 se
1065 5542 1336 5598 moventis
1385 5552 1439 5597 et
1468 5539 1916 5610 circumagentis,
1962 5553 2085 5608 pro-

504 5634 704 5704 iecisse
731 5650 851 5692 cum
881 5635 1032 5691 aiunt
1056 5635 1112 5689 in
1143 5635 1424 5692 orchestra
1445 5649 1475 5689 e
1508 5630 1749 5689 bellariis
1779 5645 1841 5687 ea
1869 5644 1987 5698 quae
2011 5637 2087 5683 ta-

2185 4541 2303 4608 μεϊν
2336 4538 2413 4608 τῷ
2450 4538 2665 4609 πιθήκῳ
2694 4539 2828 4611 πρὸς
2866 4539 2957 4592 τὸν
2985 4538 3083 4593 τοῦ
3110 4541 3304 4610 μέλους
3331 4542 3535 4612 ῥυθμὸν
3561 4543 3754 4596 ἐαυτὸν

2182 4628 2536 4697 ἐκλυγίζοντι,
2562 4631 2655 4684 καὶ
2684 4631 2772 4684 διὰ
2803 4631 3015 4685 πάντων
3038 4632 3493 4704 ἐπικρυπτομένῳ
3525 4633 3623 4704 τὴν
3652 4635 3757 4703 φύ-

2183 4736 2286 4784 σιν,
2317 4716 2397 4783 οίς
2423 4720 2594 4773 ἐποίει
2618 4738 2676 4773 τε
2710 4722 2804 4774 καὶ
2838 4723 3108 4791 ἐφαίνετο.
3150 4724 3534 4794 Κατεχομένου
3575 4724 3633 4777 δὲ
3658 4725 3757 4777 τοῦ

2182 4811 2407 4882 θεάτρου
2438 4812 2571 4884 πρὸς
2596 4812 2656 4865 τὸ
2682 4815 3045 4885 καινοπρεπὲς
3072 4813 3164 4868 τοῦ
3189 4814 3480 4884 θεάματος,
3515 4816 3761 4886 παρόντα

2181 4900 2301 4954 τινὰ
2331 4901 2437 4955 τῶν
2459 4903 2814 4974 ἁστειοτέρων
2838 4904 3027 4974 παιδιᾷ
3056 4921 3160 4957 τινι
3188 4904 3359 4971 δεῖξαι
3380 4906 3493 4968 τοῖς
3520 4922 3762 4975 προσκε-

2182 4992 2369 5062 χηνόσι
2402 4992 2478 5063 τῷ
2506 4994 2756 5064 θεάματι,
2793 4995 3021 5065 πίθηκον
3047 4996 3175 5049 ὄντα
3195 4996 3285 5049 τὸν
3311 4996 3561 5067 πίθηκον.
3606 4999 3759 5050 Ἐπι-

2183 5083 2431 5138 6οώντων
2472 5086 2581 5157 γάρ
2624 5086 2860 5152 πάντων,
2894 5089 2988 5145 καὶ
3022 5092 3453 5162 ἐπικροτούντων
3499 5092 3620 5152 ταῖς
3663 5090 3757 5142 τοῦ

2185 5174 2414 5246 πιθήκου
2442 5182 2854 5249 περιστροφαῖς,
2887 5181 3173 5252 εὐρύθμως
3206 5181 3341 5252 πρὸς
3365 5182 3465 5253 τὴν
3488 5181 3630 5252 ᾠδὴν
3663 5181 3758 5234 καὶ

2184 5268 2243 5318 τδ
2285 5268 2444 5338 μέλος
2486 5286 2738 5338 συγκινου
2748 5271 2909 5342 μένου
2933 5312 2948 5337 ,
2976 5274 3129 5343 ῥίψαι
3154 5274 3318 5343 φασὶν
3345 5272 3505 5325 αὐτὸν
3536 5272 3627 5325 ἐπὶ
3657 5272 3758 5342 τῆς

2185 5358 2492 5429 ὀρχήστρας
2527 5361 2635 5414 τῶν
2663 5364 3029 5434 τραγημάτων
3056 5366 3238 5418 ἐκεῖνα
3268 5365 3367 5418 ὅσα
3392 5364 3488 5435 τὴν
3520 5363 3758 5435 λιχνείαν

2185 5447 2292 5499 τῶν
2323 5448 2575 5504 τοιούτων
2604 5451 2806 5523 θηρίων
2829 5452 3112 5520 ἐφέλκεται
3139 5471 3151 5482 ·
3176 5453 3267 5507 τὸν
3288 5454 3344 5507 δὲ
3378 5453 3545 5525 μηδὲν
3569 5452 3763 5522 μελλή-

2189 5555 2373 5604 σαντα,
2409 5541 2595 5611 ἐπειδὴ
2636 5542 3005 5613 διασπαρέντα
3046 5539 3154 5597 εἶδε
3203 5545 3309 5614 πρὸ
3348 5542 3442 5596 τοῦ
3491 5542 3654 5613 χοροῦ
3690 5541 3760 5594 τὰ

2188 5629 2469 5698 ἀμύγδαλα
2491 5674 2504 5697 ,
2543 5632 2904 5703 ἐκλαθόμενον
2950 5635 3045 5705 τῆς
3075 5653 3133 5689 τε
3160 5636 3465 5709 ὀρχήστρας
3487 5677 3502 5703 ,
3530 5636 3623 5689 καὶ
3652 5633 3757 5687 τῶν
