3896 6208
203 381 307 437 ΞΗ

1297 378 1381 433 DE
1443 379 1916 437 PROFESSIONE
1965 378 2405 438 CHRlSTIANA.

3361 383 3471 438 ‘21‘2

213 505 455 576 κρότων,
484 503 575 557 καὶ
612 501 721 555 τῶν
743 502 841 575 τῆς
864 502 1087 574 ἐσθῆτος
1110 503 1532 575 καλλωπισμῶν,
1564 507 1790 577 ἐπιδρα-

1903 509 2024 561 lium
2052 508 2349 564 bestiarum
2380 510 2672 579 ingluviem
2698 508 2982 563 attrahunt
3020 518 3179 579 atque
3210 508 3470 577 invitant;

215 596 342 664 μεῖν
374 610 439 645 τε
458 593 656 655 αὐτοῖς,
691 593 789 645 καὶ⁴
814 594 933 654 ταῖς
949 592 1058 645 τῶν
1088 593 1284 663 χειρῶν
1311 595 1588 665 παλάμαις
1611 596 1796 647 συλλέ-

214 700 340 752 γειν
371 684 438 736 τά
465 684 829 755 εὑρισκόμενα
848 700 861 712 ⁸
903 683 998 735 καὶ
1023 683 1097 747 ὡς
1125 683 1190 738 ἂν
1218 684 1292 755 μὴ
1325 686 1577 754 ἐμποδὼν
1602 686 1688 756 εἴη
1732 687 1794 738 τὸ

215 776 558 844 προσωπεῖον
585 774 665 844 τῷ
685 773 933 844 στόματι,
967 775 1365 845 περιαιρεῖσθαι
1394 777 1533 829 κατὰ
1561 775 1794 846 σπουδὴν

215 864 411 919 ἑαυτοῦ
435 866 546 926 τοῖς
568 863 717 927 ὄνυξι
742 864 840 935 τὴν
864 863 1260 934 σεσοφισμένην
1290 865 1503 937 μορφὴν
1535 864 1796 936 περιθρύ-

215 973 419 1011 πτοντα
443 997 460 1020 ,
486 955 632 1009 ὥστε
681 955 845 1009 αὐτὸν
899 953 1110 1025 ἀθρόως
1150 955 1364 1023 γέλωτα
1405 958 1624 1027 κινῆσαι
1681 960 1794 1019 τοῖς

215 1047 460 1110 θεαταῖς,
515 1046 640 1100 ἀντὶ
679 1047 788 1098 τῶν
824 1046 1064 1098 ἐπαίνων
1106 1063 1164 1098 τε
1213 1047 1305 1099 καὶ
1343 1047 1652 1118 θαύματος,
1691 1049 1795 1101 είδ-

215 1136 392 1206 εχθῶς
426 1138 525 1189 καὶ
563 1136 788 1204 γελοίως
816 1138 878 1189 ἐκ
906 1135 1013 1189 τῶν
1046 1137 1138 1190 τοῦ
1166 1140 1506 1208 προσωπείου
1528 1139 1794 1209 λειψάνων

212 1228 654 1299 διαφαινόμενον.
686 1228 898 1299 Ὠσπερ
923 1224 1016 1282 οὖν
1052 1229 1153 1282 οὐκ
1183 1228 1477 1299 ἐξήρκεσεν
1512 1231 1705 1301 ἐκείνῳ
1734 1232 1795 1284 τὸ

218 1321 608 1389 σεσοφισμένον
645 1318 831 1389 σχῆμα
868 1321 1001 1391 πρὸς
1032 1320 1094 1373 τὺ
1131 1320 1451 1391 νομισθῆναι
1488 1322 1791 1393 ἄνθρωπον,

216 1408 649 1480 ἀπελεγχοείσης
693 1409 752 1462 ἐν
794 1411 857 1479 τῇ
896 1408 1105 1479 λιχνείᾳ
1143 1410 1251 1462 τῶν
1284 1413 1653 1481 τραγημάτων
1696 1413 1791 1482 τῆς

215 1504 456 1573 φύσεως·
487 1501 662 1565 οὕτως
681 1503 729 1555 οἱ
752 1503 826 1573 μὴ
851 1501 1066 1572 άληθῶς
1086 1503 1252 1574 αὐτὴν
1280 1504 1378 1574 τὴν
1406 1504 1565 1572 φύσιν
1586 1506 1794 1558 ἑαυτῶν

216 1599 284 1666 τῇ
324 1595 503 1647 πίστει
534 1592 951 1664 μορφώσαντες,
990 1592 1185 1663 ῥᾳδίως
1214 1596 1270 1646 ὲν
1290 1597 1407 1657 ταῖς
1429 1593 1522 1647 τοῦ
1549 1594 1795 1651 διαϐόλου

217 1686 481 1757 λιχνείαις
507 1684 1003 1754 άπελεγχθήσονται
1022 1683 1149 1738 άλλο
1170 1699 1220 1736 τι
1246 1683 1396 1747 ὄντες
1428 1685 1556 1756 παρ’
1579 1687 1606 1739 ὃ
1628 1689 1786 1755 ἐπαγ.

217 1777 527 1846 γέλλονται.
570 1777 714 1830 Ἀντί
747 1775 857 1846 γάρ
901 1774 1145 1845 ἰσχάδος,
1178 1774 1211 1845 ἦ
1244 1776 1579 1848 ἀμυγδάλης,
1615 1778 1647 1849 ἢ
1689 1779 1797 1831 τῶν

1897 599 2041 651 illam
2067 614 2197 652 vero
2228 600 2360 653 nihil
2400 608 2740 665 cunctatam,
2776 607 2835 653 ut
2867 600 3064 654 viderit
3087 608 3216 654 ante
3243 601 3472 655 chorum

1894 688 2140 759 dispersa
2196 691 2498 761 amygdala,
2531 692 2764 747 oblitam’
2794 699 2847 745 et
2867 692 3201 753 saltationis,
3233 702 3287 746 et
3318 693 3474 761 plau-

1896 794 2080 841 suum,
2112 787 2164 832 et
2198 780 2361 834 vestis
2398 788 2870 842 ornamentorum,
2936 781 3245 835 accurrisse
3274 783 3339 834 ad
3384 796 3471 841 ea,

1895 876 1948 922 et
1979 883 2237 923 manuum
2280 871 2473 940 palmis
2503 872 2789 941 collegisse
2830 887 2951 941 quae
2983 872 3269 936 inveniret,
3312 879 3365 927 et
3406 887 3473 925 ne

1897 959 2291 1029 impedimento
2322 969 2488 1026 esset,
2538 977 2831 1032 personam
2866 961 2945 1016 ori
2987 960 3294 1017 detraxisse
3330 961 3473 1015 cele-

1895 1052 2050 1114 riter,
2083 1059 2245 1121 atque
2268 1053 2539 1123 unguibus
2560 1054 2674 1108 suis
2689 1054 3065 1109 assimulatam
3091 1051 3318 1106 formam
3346 1065 3472 1104 cor-

1896 1144 2112 1213 rupisse
2166 1152 2330 1214 atque
2383 1144 2737 1211 dilacerasse,
2788 1154 2955 1215 atque
2990 1145 3062 1198 ita
3093 1159 3192 1213 pro
3218 1142 3475 1195 laudibus

1896 1244 1949 1291 et
1978 1236 2336 1291 admiratione
2367 1237 2535 1291 risum
2586 1238 2799 1290 abunde
2833 1236 3237 1307 spectatoribus
3268 1235 3474 1288 movis-

1897 1341 1974 1390 se,
2010 1334 2067 1380 ut
2096 1342 2217 1396 quze
2242 1328 2419 1397 turpis
2468 1342 2532 1380 ac
2556 1326 2784 1382 ridicula
2841 1343 2907 1382 ex
2940 1340 3185 1396 personae
3225 1324 3474 1394 reliquiis

1898 1432 1956 1471 se
1978 1418 2419 1487 conspiciendam
2460 1419 2743 1487 praeberet.
2802 1416 3272 1482 Quemadmodum
3306 1415 3475 1485 igitur

1897 1508 1975 1561 illi
2016 1522 2124 1562 non
2152 1508 2290 1562 satis
2332 1508 2433 1561 fuit
2467 1507 2599 1562 falsa
2623 1517 2783 1579 atque
2806 1505 3123 1562 assimulata
3158 1504 3475 1573 adscitaque

1900 1598 2094 1660 forma,
2127 1600 2191 1653 ad
2222 1600 2324 1653 hoc
2363 1610 2421 1653 ut
2460 1601 2624 1654 homo
2660 1600 3093 1660 existimaretur,
3134 1596 3471 1667 deprehensa

1897 1703 1992 1758 per
2026 1690 2316 1760 ingluviem
2351 1690 2703 1744 bellariorum
2732 1697 2926 1743 natura
2953 1707 2965 1742 :
2997 1688 3071 1742 ita
3097 1688 3190 1757 qui
3216 1702 3323 1740 non
3351 1702 3473 1740 rere

1899 1779 2071 1848 ipsam
2108 1786 2357 1834 naturam
2408 1797 2563 1836 suam
2610 1781 2714 1837 fide
2753 1780 3129 1845 formaverint,
3163 1778 3319 1833 facile
3379 1793 3473 1846 per

218 1867 486 1922 τοιούτων
521 1867 693 1930 τινὸς,
723 1866 781 1920 τὸ
810 1866 1085 1931 κενόδοξον
1132 1867 1226 1920 καὶ
1256 1867 1554 1938 φιλότιμον,
1600 1869 1694 1922 καὶ
1733 1871 1794 1924 τὸ

1903 1870 2094 1924 diaboli
2152 1887 2336 1926 escam
2390 1884 2442 1926 et
2501 1874 2793 1942 ingluviem
2854 1874 3273 1932 convincentur,
3323 1870 3470 1943 quod

222 1960 536 2031 φιλοκερδὲς
575 1961 668 2013 καὶ⁸
705 1959 1013 2031 φιλήδονον,
1060 1960 1156 2014 καὶ
1196 1960 1293 2013 ὅσα
1331 1960 1464 2014 ἄλλα
1510 1961 1730 2016 τοιαῦτα
1760 1966 1791 2035 ἡ

218 2053 371 2124 κακὴ
398 2051 491 2105 τοῦ
512 2051 758 2106 διαϐόλου
786 2052 980 2123 ἀγορὰ,
1003 2054 1115 2118 τοῖς
1138 2052 1337 2123 λίχνοις
1365 2053 1473 2107 τῶν
1496 2055 1591 2108 ἀνθ
1601 2056 1795 2126 ρώπων

212 2146 345 2200 ἀντὶ
364 2144 733 2217 τραγημάτων
760 2144 1094 2215 προτιθεῖσα,
1129 2145 1323 2217 ῥαδίως
1348 2147 1426 2209 εἰς
1444 2146 1658 2216 ἔλεγχον
1674 2145 1795 2214 ἄγει

210 2239 319 2302 τὰς
353 2237 679 2307 πιθηκώδεις
706 2235 884 2308 ψυχάς
908 2279 924 2300 ,
953 2236 1002 2288 οἳ
1033 2236 1120 2290 διά
1169 2237 1452 2307 μιμήσεως
1500 2238 1797 2307 ἐσχηματι-

210 2331 430 2402 σμένης
455 2330 551 2383 τὸν
581 2329 1008 2400 Χριστιανισμδν
1043 2327 1436 2396 ὑποκρίνονται.
1462 2328 1524 2380 τὸ
1562 2328 1660 2397 τῆς
1690 2345 1794 2381 σω-

210 2423 492 2495 φροσύνης
525 2422 559 2492 ἢ
592 2422 658 2475 τὸ
691 2422 791 2491 τῆς
818 2420 1148 2491 πραότητος,
1174 2420 1208 2490 ἣ
1244 2435 1385 2482 τινος
1408 2419 1568 2489 ἄλλης
1594 2419 1796 2490 ἀρετῆς

210 2517 564 2587 προσωπεῖον
611 2514 669 2567 ὲν
708 2511 786 2582 τῷ
838 2510 1014 2584 καιρῷ
1059 2510 1166 2562 τῶν
1213 2510 1550 2580 παθημάτων
1584 2512 1794 2572 ἑαυτοῖς

211 2604 591 2672 ἀφανίζοντες.
641 2602 848 2657 Οὐκοῦν
897 2603 1191 2669 ἀναγκαῖον
1237 2601 1302 2655 ἂν
1342 2603 1426 2671 εἴη
1472 2604 1658 2671 νοῆσαι
1698 2600 1793 2654 τοῦ

213 2694 646 2766 Χριστιανισμοῦ
680 2693 741 2746 τὸ
778 2692 1102 2762 ἐπάγγελμα
1125 2710 1137 2722 ·
1175 2692 1327 2765 τάχα.
1348 2692 1414 2746 ἂν
1439 2691 1597 2745 τοῦτο
1618 2693 1793 2760 γενοί-

215 2786 382 2857 μεθα,
406 2787 545 2856 ὅπερ
565 2785 627 2838 τὸ
655 2785 824 2855 ὄνομα
855 2784 1103 2853 βούλεται
1122 2823 1137 2847 ,
1168 2784 1253 2835 ἶνα
1288 2782 1360 2853 μὴ
1392 2782 1520 2854 ψιλῇ
1552 2785 1617 2854 τῇ
1660 2783 1793 2854 ὁμο·

214 2874 400 2945 λογίᾳ,
425 2874 520 2927 καὶ
544 2873 625 2943 τῷ
651 2874 1001 2945 προσχήματι
1024 2872 1118 2926 τοῦ
1143 2872 1403 2943 ὀνόματος
1435 2872 1594 2943 μόνου
1625 2889 1793 2926 κατα-

216 2965 610 3037 μορφούμενοι,
643 2965 771 3020 ἄλλο
802 2982 857 3018 τι
892 2963 1039 3036 παρὰ
1068 2967 1127 3018 τὸ
1158 2964 1479 3035 φαινόμενον
1515 2963 1683 3029 ὄντες,
1719 2963 1795 3035 τῷ

214 3060 283 3112 τὰ
314 3057 533 3129 κρυπτὰ
564 3056 866 3128 καθορῶντι
894 3056 1343 3127 ἐπιδειχθείημεν.

1898 1960 2043 2015 aliud
2076 1962 2186 2015 siut
2221 1972 2383 2031 atque
2415 1977 2525 2033 pra:
2559 1979 2617 2018 se
2645 1961 2822 2016 ferant
2853 1976 2917 2015 ac
2958 1960 3338 2030 profiteantur.
3365 1957 3473 2011 Pro

1900 2050 2101 2105 caricis
2127 2051 2273 2106 enim
2305 2052 2386 2107 vel
2426 2053 2749 2122 amygdali’s,
2795 2060 2889 2107 aut
2947 2049 3259 2120 hujusmodi
3290 2048 3473 2116 aliquo

1895 2143 2037 2203 cibo.
2072 2158 2206 2197 vana
2236 2142 2426 2215 gloria,
2463 2145 2705 2209 ambitio,
2741 2143 2877 2197 lucri
2914 2143 3317 2213 voluptatisque
3353 2149 3471 2196 stu-

1895 2233 2044 2288 dium
2079 2245 2133 2290 et
2154 2248 2493 2305 qurecunque
2522 2242 2648 2289 sunt
2689 2235 2792 2288 alia
2820 2233 3130 2303 hujusmodi
3165 2233 3327 2296 mala,
3357 2230 3474 2285 dia-

1892 2326 2000 2382 boli
2062 2341 2279 2381 annona
2336 2328 2456 2382 loco
2515 2328 2868 2383 bellariorum
2934 2326 3110 2381 avidis
3157 2324 3470 2379 hominibus

1891 2418 2190 2487 proposita,
2230 2419 2510 2473 simiarum
2544 2420 2749 2474 similes
2786 2419 2996 2474 animos
3025 2417 3180 2471 facile
3210 2417 3469 2485 produnt,

1892 2509 1982 2579 qui
2018 2525 2112 2578 per
2150 2511 2332 2563 lictam
2378 2510 2733 2564 imitationem
2775 2509 3253 2565 Christianismum
3298 2507 3468 2561 simu-

1894 2601 2029 2665 lant,
2055 2602 2451 2671 temperautiaa,
2494 2601 2955 2665 mansuetudinis,
2985 2608 3079 2656 aut
3104 2600 3339 2669 alicujus
3394 2600 3472 2652 al-

1901 2695 2072 2749 terius
2099 2692 2315 2750 virtutis
2342 2709 2629 2763 personant
2667 2694 2722 2748 in
2754 2702 2997 2763 tempore
3032 2692 3384 2747 afﬂictionum
3419 2696 3472 2743 et

1902 2784 2273 2839 calamitatum
2304 2786 2409 2841 sibi
2461 2785 2817 2841 detrahentes
2842 2794 2895 2841 et
2944 2793 3278 2840 amoventes.
3305 2782 3472 2853 Igitur

1902 2890 2127 2930 necesse
2192 2875 2355 2930 fuerit
2388 2876 2742 2932 considerare
2775 2884 2827 2931 et
2872 2876 3173 2945 intelligere
3202 2872 3473 2928 Christia-

1902 2965 2063 3021 nismi
2091 2965 2485 3035 professionem
2526 2985 2539 3020 :
2582 2965 2831 3022 fortassis
2881 2967 3024 3021 enim
3054 2965 3169 3019 fieri
3202 2963 3474 3034 possimus

1822 3050 1869 3110 C
1902 3057 1953 3111 id
2005 3058 2147 3127 quod
2189 3073 2385 3112 nomen
2421 3058 2551 3112 illud
2601 3058 2701 3113 sibi
2732 3059 2865 3124 vult,
2898 3073 2967 3113 ne
2998 3059 3126 3111 dum
3158 3057 3303 3111 nuda
3345 3070 3473 3125 pro-

215 3149 460 3204 fessione
490 3163 557 3203 ac
586 3148 770 3219 specie
798 3154 1171 3218 praetertuque
1200 3148 1369 3203 solius
1401 3147 1635 3202 nominis
1686 3145 2031 3217 insignimur,
2067 3146 2211 3202 allud
2255 3156 2418 3217 atque
2453 3147 2734 3203 videamur
2765 3161 2887 3203 esse
2919 3147 2986 3201 ab
3015 3163 3082 3201 eo
3123 3145 3215 3216 qui
3256 3145 3472 3200 occulta

214 3246 467 3299 intuetur
485 3244 503 3275 ‘
531 3242 999 3299 demonstremur.

287 3406 361 3459 Τί
385 3403 565 3460 τοίνυν
590 3405 620 3457 ὁ
651 3403 1077 3475 Χριστιανισμὸς
1105 3401 1166 3467 ἐξ
1195 3403 1363 3472 αὐτῆς
1392 3402 1492 3472 τῆς
1524 3418 1801 3473 προσηγοο

219 3500 347 3570 ρίας
373 3497 609 3560 νοεῖται,
651 3492 867 3564 πρῶτον
895 3491 1339 3562 ἐπισκεψώμεθα.
1379 3492 1534 3544 Ἐστι
1567 3491 1664 3562 μὲν
1702 3486 1801 3545 οὖν

219 3586 377 3658 παρὰ
399 3585 512 3639 τῶν
543 3582 872 3653 σοφωτέρων
919 3580 1142 3651 μείζονά
1169 3598 1288 3635 τινα
1333 3581 1425 3635 καὶ
1457 3581 1797 3651 μεγαλοφυε-

220 3679 419 3748 πέραν
461 3676 677 3738 πάντως
705 3672 1053 3744 ἐξευρεθῆναι
1095 3672 1351 3737 διάνοιαν,
1385 3673 1798 3743 συνεπηρμένην

216 3770 296 3841 τῷ
328 3767 523 3838 ὑψηλῷ
556 3765 650 3820 τοῦ
674 3765 954 3836 ὀνόματος.
990 3766 1057 3818 ’Δ
1082 3765 1138 3818 δὲ
1162 3768 1321 3835 ἡμεῖς
1357 3765 1639 3835 χωροῦμεν
1667 3766 1795 3836 περὶ

216 3859 422 3914 τούτου
462 3856 554 3909 τοῦ
587 3855 875 3925 ὀνόματος.
921 3853 1097 3908 ταῦτά
1142 3855 1276 3906 ἐστι·
1324 3853 1397 3906 Τὸ
1433 3853 1526 3907 τοῦ
1558 3853 1794 3924 Χριστοῦ

218 3954 427 4021 ὄνομα,
453 3948 503 4000 εί
534 3946 668 4016 πρὸς
700 3946 759 3999 τὸ
791 3945 1125 4016 σαφέστερόν
1166 3962 1227 3999 τε
1257 3944 1352 3997 καὶ
1378 3944 1798 4014 γνωριμώτερον

226 4045 382 4113 ῥῆμα
420 4036 792 4110 μετενεχθείη,
822 4037 915 4091 τὸν
955 4035 1178 4106 βασιλέα
1206 4036 1480 4106 σημαίνει,
1510 4035 1608 4104 τῆς
1638 4035 1800 4103 ἁγίας

223 4132 452 4201 Γραφῆς
480 4128 579 4198 τὴν
606 4127 885 4199 βασιλικὴν
922 4128 1079 4194 ἀξίαν
1111 4130 1185 4199 τῇ
1204 4126 1425 4197 τοιαύτῃ
1465 4129 1614 4197 φωνῇ
1659 4126 1801 4181 κατά

222 4243 343 4280 τινα
377 4223 687 4288 ἰδιάζουσαν
711 4223 907 4293 χρῆσιν
934 4220 1362 4290 ἐνδεικνυμένης.
1415 4219 1551 4274 Ἀλλ’
1582 4218 1797 4290 ἐπειδὴ,

1975 3400 2338 3466 Quamobrem
2391 3398 2660 3469 imprimis
2694 3398 2825 3469 quid
2858 3413 2924 3453 ex
2957 3397 3074 3467 ipsa
3114 3397 3474 3467 appellatione

1901 3506 1999 3560 per
2083 3490 2565 3547 Christianismum
2639 3489 2975 3559 intelligatur
3040 3487 3471 3543 consideremus.
3526 3496 3538 3511 ⁸

1900 3583 2047 3639 Fieri
2100 3583 2264 3654 igitur
2326 3590 2527 3653 potest,
2585 3590 2647 3635 ut
2689 3596 2719 3635 a
2771 3580 3205 3652 sapientioribus
3252 3580 3473 3649 quidem

1902 3675 2075 3745 major
2109 3676 2266 3744 plane
2293 3681 2349 3728 et
2376 3673 2607 3743 amplior
2650 3672 2982 3735 intellectus,
3023 3672 3116 3742 qui
3154 3670 3472 3726 sublimitati

1903 3764 2143 3821 nominis
2169 3764 2517 3833 respondeat,
2554 3763 2914 3835 excogitetur.
2967 3762 3098 3829 Qua:
3138 3772 3319 3817 autem
3373 3776 3476 3817 nos

1905 3870 2100 3923 capere
2155 3864 2209 3910 et
2252 3855 2554 3926 intelligere
2611 3856 2679 3910 de
2734 3855 2837 3909 hoc
2893 3854 3112 3909 nomine
3159 3867 3474 3923 possumus,

1906 3948 2021 4001 haec
2044 3953 2171 4001 sunt
2204 3946 2442 4001 :Ghristi
2473 3960 2692 4012 nomen,
2720 3946 2765 4001 si
2792 3946 2859 3999 ad
2888 3945 3178 3999 dilucidius
3199 3943 3480 4013 magisque

1909 4040 2254 4109 perspicuum
2298 4046 2354 4093 et
2398 4038 2677 4093 intellectu
2728 4036 2944 4093 facilius
2975 4037 3199 4092 verbum
3237 4035 3477 4091 transfe-

1907 4138 2082 4194 ratur,
2100 4143 2280 4197 regem
2310 4128 2604 4198 signillcat,
2623 4127 2824 4197 quippe
2844 4141 2970 4180 cum
2990 4136 3178 4181 sancta
3192 4126 3477 4195 Scriptura

1908 4218 2223 4287 huiusmodi
2261 4235 2394 4274 voce
2426 4218 2685 4288 peculiari
2717 4217 2954 4287 quodam
3020 4231 3121 4271 usu
3157 4218 3359 4285 regiam
3396 4217 3480 4269 in-

226 4317 412 4381 καθὼς
442 4333 610 4386 φησιν
654 4318 690 4388 ὴ
724 4316 937 4386 Γραφὴ,
966 4314 1242 4386 άφραστόν
1277 4315 1392 4367 ἔστι
1429 4315 1490 4366 τὸ
1513 4314 1666 4366 Θείον
1705 4314 1799 4367 καὶ

1903 4309 2047 4365 dicet
2096 4309 2438 4378 dignitatem.
2496 4308 2602 4363 Sed
2639 4308 2922 4377 quoniam,
2955 4316 3016 4361 ut
3044 4307 3121 4360 ait
3168 4305 3474 4377 Scriptura,

231 4410 612 4481 ἀκατάληπτον
636 4450 653 4473 ,
709 4408 888 4478 πάσης
942 4408 1335 4479 ὑπερκείμενον
1391 4406 1807 4478 καταληπτικῆς

230 4502 504 4565 ἐπινοίας,
539 4502 854 4568 ἀναγκαίως
874 4502 923 4553 ot
951 4499 1028 4569 τῷ
1060 4499 1198 4569 ἁγίῳ
1227 4497 1502 4567 Πνεύματι
1528 4496 1807 4568 θεοφορού-

236 4609 385 4661 μενοι
424 4589 707 4661 προφῆται
746 4592 838 4642 καὶ
871 4586 1177 4652 ἀπόστολοι,
1220 4585 1433 4647 πολλοῖς
1472 4585 1700 4656 ὀνόμασί
1747 4601 1806 4636 τε

232 4682 328 4735 καὶ
363 4681 629 4750 νοήμασιν
655 4678 750 4731 ἐπὶ
776 4678 876 4747 τὴν
901 4676 1117 4729 σύνεσιν
1146 4674 1246 4746 τῆς
1281 4672 1560 4744 ἀφθάρτου
1595 4671 1808 4741 φύσεως

234 4776 384 4843 ἠμᾶς
425 4769 861 4841 χειραγωγοῦσιν
882 4786 896 4802 ⁸
942 4767 1104 4823 ἄλλου
1140 4766 1277 4836 πρὸς
1315 4765 1445 4821 ἄλλο
1469 4782 1524 4818 τι
1554 4762 1664 4816 τῶν
1691 4762 1808 4816 θεο-

229 4864 461 4936 Ipsm?”
489 4864 780 4933 νοημάτων
812 4862 960 4931 ἡμᾶς
986 4857 1381 4922 διευθύνοντος,
1409 4856 1548 4910 ὣστε
1578 4855 1677 4925 τὴν
1712 4855 1813 4924 μὲν

226 4957 329 5009 ἐπὶ
356 4956 575 5007 πάντων
618 4953 869 5018 ιξουσίαν
894 4951 973 5023 τῷ
1002 4953 1102 5019 τῆς
1145 4949 1419 5021 βασιλείας
1448 4947 1673 5019 ὀνόματι
1706 4966 1811 5001 πα-

223 5044 596 5116 ραδηλοῦσθαι
614 5060 629 5074 ο
653 5045 714 5097 τὸ
734 5043 792 5096 δὲ
833 5042 1039 5104 πάθους
1066 5041 1265 5103 παντὸς
1289 5040 1382 5094 καὶ
1409 5039 1611 5102 κακίας
1628 5038 1810 5103 πάσης

217 5137 437 5206 ἀμιγὲς
464 5136 558 5189 καὶ
585 5134 869 5206 ζλεύθερον
897 5135 1011 5196 τοῖς
1036 5132 1134 5201 τῆς
1166 5131 1367 5202 ἀρετῆς
1396 5130 1653 5201 ὀνόμασιν
1692 5131 1810 5183 ὀνο.

218 5225 539 5298 μάζεσθαι,
579 5225 817 5294 ἑκάστης
847 5224 986 5293 πρὸς
1029 5222 1092 5275 τὸ
1127 5224 1373 5293 κρεῖττον
1418 5221 1715 5292 νοουμένης
1751 5237 1810 5273 τε

216 5321 325 5373 καὶ
345 5317 670 5389 λεγομένης
696 5316 837 5370 ὥστε
856 5316 917 5370 τὸ
936 5313 1070 5368 αὐτὸ
1090 5312 1435 5380 δικαιοσύνην
1454 5330 1513 5366 τε
1536 5307 1695 5377 εἶναι,
1719 5311 1812 5366 καὶ

216 5411 469 5479 σοςρίαν,
495 5408 590 5461 καὶ
625 5409 876 5479 δύναμιν,
912 5407 1008 5459 καὶ
1043 5404 1320 5476 ἀλήθειαν,
1358 5401 1671 5474 ἁγαθότητά
1715 5420 1773 5456 τε
1796 5442 1809 5464 ,

216 5500 325 5552 καὶ
356 5496 530 5566 ζωὴν.
556 5496 651 5550 καὶ
670 5496 965 5567 σωτηρίαν,
998 5496 1092 5549 καὶ
1111 5492 1441 5563 ἀφθαρσίαν,
1473 5492 1565 5545 καὶ
1592 5491 1654 5545 τὸ
1678 5493 1811 5562 ἀμεο

220 5586 505 5656 τᾶὄλητόν
530 5602 589 5638 τε
615 5588 708 5639 καὶ
730 5585 1101 5654 ἀναλλοίωτον,
1144 5586 1236 5639 καὶ
1268 5584 1371 5637 πᾶν
1397 5582 1425 5636 ὃ
1447 5580 1497 5635 τί
1527 5582 1630 5652 πέρ
1669 5583 1813 5637 ἐστιν

308 5760 323 5789 ¹
364 5762 560 5820 Matth.
588 5778 659 5826 vr,
684 5763 735 5818 0.

1906 4416 2108 4457 numen
2131 4400 2375 4455 divinum
2400 4400 2581 4456 verbis
2614 4398 2874 4469 explicari
2902 4412 2966 4452 ac
2996 4397 3200 4469 percipi
3234 4412 3344 4451 non
3378 4413 3477 4468 po-

1906 4503 2033 4558 test,
2065 4494 2265 4564 quippe
2284 4507 2411 4547 cum
2444 4506 2660 4547 omnem
2693 4497 2913 4559 superet
2935 4489 3389 4561 excogitationem
3424 4499 3479 4545 et

1906 4583 2470 4652 comprehensionem,
2529 4582 2842 4637 necessario
2871 4580 2963 4651 qui
3010 4578 3245 4650 Spiritus
3304 4581 3478 4634 sancti

1908 4676 2131 4730 nomine
2175 4674 2439 4729 divinitus
2492 4673 2840 4742 rapiebantur
2858 4671 3134 4741 propheta:
3167 4680 3329 4741 atque
3356 4684 3483 4740 apo-

1909 4766 2056 4829 stoli,
2121 4764 2310 4820 multis
2339 4764 2670 4827 nominibus,
2729 4763 3049 4819 notionibus
3085 4770 3139 4818 et
3161 4760 3483 4816 considera-

1909 4856 2150 4912 tionibus
2179 4855 2246 4909 ad
2294 4853 2707 4924 intelligendum
2737 4852 3199 4922 incorruptibilem
3233 4859 3483 4906 naturam
3528 4865 3534 4871 ’

1911 4962 2014 5002 nos
2046 4948 2200 5017 quasi
2234 4962 2397 5001 manu
2432 4946 2664 5008 ducunt,
2692 4946 2835 5001 alius
2862 4945 2929 4999 ad
2961 4945 3123 4997 aliam
3164 4943 3486 4999 considera-

1913 5040 2115 5094 tionem
2149 5047 2204 5093 et
2236 5039 2572 5093 intellectum
2617 5036 2727 5093 Deo
2758 5036 3172 5091 convenientem
3224 5050 3325 5091 nos
3353 5036 3487 5089 diri-

1914 5136 2121 5196 gentes,
2160 5136 2218 5180 ut
2258 5129 2375 5196 ipsa
2406 5127 2625 5197 quidem
2667 5127 2925 5182 omnibus
2964 5125 3217 5197 imposita
3247 5133 3493 5195 potestas

1913 5220 2064 5289 regni
2118 5218 2335 5274 nomine
2367 5219 2709 5285 declaretur;
2753 5235 2813 5275 ea
2866 5234 2996 5273 vero
3051 5219 3134 5271 vis
3160 5233 3281 5287 qua:
3310 5217 3494 5268 omnis

1914 5309 2140 5365 allectus
2183 5310 2718 5380 perturbationisque
2765 5325 2986 5379 expers,
3034 5316 3087 5359 ct
3111 5307 3183 5360 ab
3220 5305 3367 5359 omni
3407 5302 3487 5355 vi-

1916 5402 2154 5458 tiositate
2202 5416 2266 5455 ac
2314 5401 2519 5455 malitia
2574 5415 2744 5454 vacua
2791 5414 2853 5454 ac
2895 5399 3061 5452 libera
3091 5403 3211 5458 est,
3268 5393 3487 5448 virtutis

1917 5493 2232 5549 nominibus
2254 5491 2601 5563 designetur;
2641 5492 2713 5545 ita
2748 5500 2807 5544 ut
2839 5503 3181 5557 unaquaeque
3206 5487 3380 5540 virtus
3423 5485 3488 5539 de

1917 5594 2115 5643 natura
2145 5586 2533 5642 cxcellentiore
2566 5595 2677 5639 tum
2717 5584 2954 5644 dicatur,
2985 5587 3097 5633 tum
3127 5578 3490 5649 intelligatur;
