3896 6208
499 299 607 355 9..ίὸ

1730 325 1736 336 -’
1766 304 1818 358 S.
1858 302 2183 360 GREGORII
2220 301 2514 360 NYSSENI

3628 297 3726 352 ΞΗ

503 427 666 488 atque
701 418 838 474 idem
874 420 945 474 sit
977 429 1032 476 et
1055 421 1294 491 justitia,
1335 431 1388 478 et
1410 425 1695 495 sapientia,
1729 435 1783 481 et
1807 427 2058 496 potentia.

2178 426 2378 498 ὑψηλὸν
2429 428 2605 497 νόημα
2645 424 2733 478 διὰ
2766 423 2877 478 τῶν
2924 422 3181 476 τοιούτων
3221 420 3499 492 ὀνομάτων
3546 419 3723 490 δηλού-

502 517 556 566 et
587 510 785 566 veritas
809 510 1132 582 honitasque
1162 523 1216 567 et
1238 513 1367 577 vita,
1394 521 1509 568 tum
1534 514 1702 579 salus,
1735 516 2071 584 incorrupti-

503 597 686 654 bilitas
729 599 1238 672 immortalitasque,
1287 611 1400 658 tum
1451 603 1726 658 immutari
1761 621 1824 658 ac
1872 605 2071 659 variari

501 686 688 741 nescia
704 686 900 753 virtus,
922 697 976 743 et
1005 690 1317 760 quicunque
1340 691 1589 747 sublimis
1627 703 1710 748 est
1737 693 2068 760 intellectus,

500 779 594 846 qui
621 793 719 849 per
749 777 863 834 hzec
911 780 1132 835 nomina
1184 781 1512 843 declaretur,
1551 785 1733 837 omnia
1766 783 2067 838 nihilaliud

499 883 666 939 quam
700 867 956 925 Christus
982 879 1034 925 et
1056 871 1164 926 sint
1194 879 1247 926 et
1273 872 1546 926 dicantur.
1583 873 1639 927 Si
1693 874 1858 943 igitur
1890 874 2070 930 omnis

502 959 759 1014 sublimis
794 960 1104 1016 intellectus
1131 961 1183 1014 in
1202 959 1405 1015 Christi
1435 962 1653 1017 nomine
1681 961 2069 1031 comprehendi

501 1051 823 1122 intelligitur
857 1052 1184 1120 (sublimiori
1233 1052 1377 1107 enim
1409 1053 1809 1122 signiﬁcatione
1859 1054 2068 1123 reliqua

499 1157 719 1214 quoque
754 1143 1122 1208 continentur,
1162 1144 1234 1198 ita
1271 1154 1329 1199 ut
1348 1153 1668 1200 caeterorum
1727 1143 2069 1214 unumquod-

501 1248 607 1304 que
644 1248 841 1289 nomen
863 1235 916 1288 in
963 1235 1182 1292 notione
1212 1244 1265 1289 et
1319 1236 1599 1290 intellectu
1639 1237 1788 1308 regni
1823 1235 2070 1290 conside-

499 1325 698 1396 retur),
720 1327 952 1382 fortasse
975 1342 1068 1398 per
1097 1329 1540 1396 consequentiam
1556 1328 1737 1397 aliquo
1761 1325 1921 1382 modo
1937 1327 2066 1396 quid

497 1432 595 1487 per
626 1417 1104 1474 Christianismum
1153 1419 1509 1490 signiﬁcetur,
1557 1419 1986 1474 animadvertere
2015 1427 2068 1474 et

497 1507 800 1578 intelligere
850 1510 1146 1580 possimus.
1201 1509 1257 1564 Si
1287 1510 1431 1564 enim
1490 1509 1610 1578 ejus
1645 1512 1789 1581 quod
1846 1510 2067 1564 excellit

496 1599 641 1653 inter
658 1612 720 1653 ea
753 1599 973 1654 nomina
999 1599 1197 1668 quibus
1225 1598 1652 1668 incnrruptibilis
1669 1609 1721 1653 et
1747 1599 2065 1654 immortalis

495 1697 694 1744 natura
745 1691 1071 1760 explicatur,
1105 1692 1342 1746 nominis
1382 1691 1672 1761 participes
1719 1707 1928 1755 sumus,
1970 1691 2062 1760 qui

2177 535 2355 588 μενον,
2397 519 2574 572 πάντα
2621 517 2712 571 τὸν
2752 515 2985 587 Χριστὸν
3017 515 3113 568 καὶ
3145 511 3287 567 εἶναι
3327 514 3421 566 καὶ
3463 512 3722 581 λέγεσθαι.

2173 609 2234 661 Εἰ
2263 609 2439 662 τοίνυν
2469 608 2758 679 περίληψις
2792 607 2992 669 παντὸς
3018 605 3225 676 ὑψηλοῦ
3263 606 3535 676 νοήματος
3572 605 3624 657 ὲν
3651 603 3725 672 τῷ

2170 699 2264 754 τοῦ
2291 688 2526 770 Χριστοῦ
2548 703 2746 752 νοεῖται
2770 697 2993 767 ὀνόματι
3033 697 3133 767 (τῷ
3165 696 3270 764 γὰρ
3300 695 3606 764 ὑψηλοτέρῳ
3624 693 3728 746 τῶν

2173 789 2581 861 σημαινομένων
2613 791 2704 842 καὶ
2728 789 2798 842 τὰ
2832 787 2993 841 λοιπὰ
3021 786 3364 856 περιέχεται,
3406 785 3480 848 ὡς
3509 784 3725 836 ἕκαστον

2168 878 2277 930 τῶν
2306 878 2478 931 ἄλλων
2521 881 2586 948 τῇ
2635 877 2812 946 ἐννοίᾳ
2844 876 2942 944 τῆς
2991 874 3264 943 βασιλείας
3309 871 3724 942 ὲνθεωρείσθαι),

2168 966 2306 1035 τάχα
2337 965 2405 1019 δι’
2427 965 2716 1019 ἀκολούθου
2746 965 2954 1033 γένοιτο
2986 965 3050 1018 ἀν
3079 980 3162 1026 τις
3187 965 3319 1033 ἡμῖν
3352 964 3449 1031 τῆς
3472 960 3562 1014 τοῦ
3598 963 3728 1031 Χρι·

2173 1056 2488 1125 στιανισμοῦ
2539 1056 2834 1126 ἑρμηνείας
2886 1057 2919 1125 ή
2978 1054 3326 1122 κατανόησις.
3385 1054 3447 1105 Et
3499 1051 3601 1122 γὰρ
3650 1053 3727 1123 τῷ

2169 1147 2488 1218 ὑπερέχοντι
2520 1146 2626 1199 τῶν
2651 1146 2751 1215 τῆς
2777 1145 3054 1216 ἀφθάρτου
3091 1144 3304 1213 φύσεως
3327 1142 3725 1213 ὲρμηνευτικῶν

2167 1237 2442 1308 ὀνομάτων
2483 1234 2953 1308 συνονομαζόμεθα
2989 1238 3037 1288 οἱ
3084 1236 3172 1288 διὰ
3203 1237 3302 1305 τῆς
3336 1237 3416 1296 είς
3455 1233 3607 1286 αὑτὸν
3636 1234 3727 1284 πί-

2169 1347 2338 1393 στεως
2365 1330 2502 1400 πρὸς
2539 1330 2700 1382 αὑτὸν
2734 1328 3126 1398 συναπτόμενοι
3145 1367 3159 1392 ,
3182 1325 3394 1394 ἀνάγκη
3425 1326 3571 1379 πᾶσά
3591 1325 3724 1387 ἐστι,

2168 1422 2260 1474 καὶ
2287 1422 2386 1476 ὅσα
2428 1423 2563 1491 μετὰ
2596 1420 2689 1474 τοῦ
2723 1420 2984 1490 ὀνόματος
3014 1418 3204 1472 τούτου
3240 1419 3366 1488 περὶ
3393 1417 3490 1487 τὴν
3517 1416 3725 1485 ἀφθαρ-

2166 1531 2256 1566 τον
2277 1512 2486 1583 ἐκείνην
2513 1512 2795 1584 θεωρεῖται
2813 1511 2973 1580 φύσιν
2995 1512 3263 1580 νοήματα,
3283 1511 3374 1564 καὶ
3399 1508 3530 1579 πρὸς
3550 1511 3727 1560 ἐκεῖνα

2167 1603 2296 1672 ἡμῖν
2321 1603 2420 1671 τὴν
2449 1601 2764 1671 ὁμωνυμίαν
2790 1600 2930 1654 κατὰ
2953 1600 3013 1654 τὸ
3037 1599 3323 1653 ἀκόλουθον
3349 1599 3604 1667 γίνεσθαι.
3637 1599 3728 1660 Ὠς

2166 1691 2272 1762 γὰρ
2295 1694 2359 1762 τῇ
2383 1694 2583 1762 μετοχῇ
2605 1691 2698 1744 τοῦ
2721 1691 2955 1762 Χριστοῦ
2981 1690 3079 1762 τὴν
3100 1690 3193 1744 τοῦ
3214 1689 3537 1761 Χριστιανοῦ
3562 1706 3727 1757 προσ-

497 1796 595 1849 per
625 1780 784 1836 ﬁdem
815 1781 869 1836 in
904 1798 1027 1837 eum
1069 1798 1194 1836 cum
1222 1783 1340 1851 ipso
1383 1782 1767 1850 conjunginiur
1796 1801 1808 1835 :
1843 1781 2058 1835 omnino

2165 1782 2391 1852 ηγορίαν
2434 1783 2748 1853 ἐσχήκαμεν
2773 1824 2788 1848 ,
2840 1781 2982 1835 οὑτω
3027 1781 3290 1852 προσήκει
3323 1781 3463 1834 κατὰ
3497 1781 3558 1834 τὸ
3591 1782 3724 1834 ὀικό-

497 1881 724 1925 necesse
749 1879 853 1936 est,
883 1879 943 1926 ut
997 1872 1310 1941 quicunque
1363 1887 1470 1926 una
1508 1887 1632 1926 cum
1694 1872 1797 1926 hoc
1844 1873 2064 1927 nomine

498 1963 646 2018 circa
674 1962 1034 2018 immortalem
1071 1965 1219 2018 illam
1244 1975 1500 2018 naturam
1540 1965 2061 2020 consideranturin-

495 2054 772 2118 tellectus,
799 2069 894 2124 per
924 2055 1368 2123 consequentiam
1408 2071 1531 2110 cum
1565 2056 1672 2112 illis
1725 2071 1940 2126 quoque
1965 2071 2064 2110 no-

495 2145 581 2200 bis
605 2146 914 2200 communio
945 2147 1184 2201 nominis
1219 2148 1309 2202 sit.
1362 2145 1432 2202 Ut
1461 2149 1604 2203 enim
1647 2148 2063 2218 participatione

495 2235 722 2300 Christi,
773 2236 1072 2293 Christiani
1113 2239 1526 2311 appellationem
1580 2239 1760 2309 adepti
1807 2256 1990 2296 sumus
2051 2256 2065 2294 :

492 2324 570 2380 ita
608 2340 705 2396 per
736 2340 1080 2396 consequens
1099 2329 1355 2383 convenit
1385 2330 1628 2383 omnium
1648 2344 1864 2400 quoque
1893 2330 2062 2386 subli-

491 2418 663 2472 mium
699 2420 978 2476 nominum
1033 2434 1134 2474 nos
1179 2420 1450 2475 asciscere
1505 2421 1941 2475 communionem
1997 2437 2061 2477 ac

491 2509 830 2565 societatem.
867 2511 946 2566 Ac
974 2511 1429 2580 quemadmodum
1479 2512 1533 2566 in
1564 2520 1756 2567 catena
1792 2513 1884 2582 qui
1915 2526 2056 2576 eam,

491 2613 614 2670 quae
651 2601 706 2656 in
737 2604 1077 2658 extremitate
1109 2613 1215 2668 est,
1249 2612 1598 2658 curvaturam
1634 2605 1934 2670 attraxerit,
1965 2619 2058 2662 eas

2161 1871 2369 1935 λουθον,
2395 1874 2488 1926 καὶ
2515 1873 2730 1927 πάντων
2765 1874 2912 1942 ἡμᾶς
2935 1872 3042 1925 τῶν
3082 1871 3300 1941 ὑψηλῶν
3328 1871 3599 1941 ὀνομάτων
3625 1872 3727 1939 τὴν

2163 1963 2444 2017 κοινωνίαν
2489 1963 2833 2033 ἐφέλκεσθαι.
2878 1963 2986 2016 Καὶ
3031 1963 3278 2034 καθάπερ
3313 1963 3403 2016 ἐπὶ
3434 1962 3665 2024 ἁλύσεως
3696 1964 3726 2014 ὁ

2159 2057 2259 2126 τὴν
2308 2055 2450 2109 κατὰ
2497 2055 2559 2108 τὸ
2605 2055 2773 2126 ἄκρον
2817 2054 3062 2126 ἀγκύλην
3107 2054 3581 2124 ἐπισπασάμενος,
3622 2054 3726 2116 τὰς

2163 2147 2421 2218 συμφυῶς
2449 2147 2712 2217 ἐχομένας
2739 2148 2985 2218 ἀλλήλων
3010 2147 3100 2218 διὰ
3126 2147 3225 2218 τῆς
3256 2149 3384 2215 μιᾶς
3407 2145 3472 2199 ἂν
3501 2143 3726 2213 ἐφελκύ-

2165 2255 2316 2291 σαιτο
2337 2255 2351 2270 ⁸
2385 2237 2578 2303 οὕτως,
2610 2239 2797 2308 ἐπειδὴ
2830 2238 2907 2309 τῷ
2943 2238 3036 2290 τοῦ
3065 2237 3301 2309 Χριστοῦ
3339 2237 3558 2307 ὀνόματι
3589 2254 3726 2305 συμ-

2163 2328 2313 2398 (pud);
2332 2329 2441 2398 ἔχει
2473 2330 2565 2382 καὶ
2586 2328 2655 2381 τὰ
2679 2330 2840 2383 λοιπὰ
2860 2329 2967 2383 τῶν
2990 2329 3402 2400 ὲρμηνευτικῶν
3423 2329 3519 2398 τῆς
3548 2327 3728 2396 ἀφρά-

2163 2438 2289 2473 στου
2313 2422 2405 2473 καὶ
2429 2420 2740 2484 πολυειδοῦς
2776 2421 2990 2491 ἐκείνης
3025 2421 3420 2492 μακαριότητος
3439 2460 3454 2482 ,
3487 2419 3728 2484 ἐπάναγ-

2162 2530 2255 2577 κες
2279 2513 2344 2566 ἂν
2378 2513 2462 2583 εἴη
2488 2514 2576 2566 τὸν
2605 2512 2696 2566 τοῦ
2721 2513 2836 2577 ἑνὸς
2867 2513 3219 2584 δραξάμενον,
3252 2512 3345 2565 καὶ
3378 2512 3444 2565 τὶ
3469 2511 3624 2564 λοιπὰ
3644 2510 3727 2579 τῷ

2162 2607 2241 2660 ἐνὶ
2275 2605 2715 2674 συνεφέλκεσθαι.

490 2715 614 2770 qua:
648 2699 992 2754 continenter
1022 2697 1162 2751 inter
1223 2710 1283 2750 se
1324 2695 1620 2772 cohaerent,
1652 2711 1749 2764 per
1791 2710 1954 2748 unam
1987 2697 2270 2749 attraxerit
2303 2714 2317 2749 :
2354 2695 2425 2748 ita
2466 2695 2723 2764 quoniam
2769 2693 2972 2748 Christi
3016 2693 3221 2748 nomini
3263 2692 3470 2761 reliqua
3510 2706 3728 2760 quoque

491 2792 694 2863 quibus
721 2789 1009 2845 ineﬁ‘abilis
1032 2803 1097 2844 ac
1135 2787 1487 2843 multiformis
1521 2787 1611 2841 illa
1631 2787 1906 2842 beatitudo
1942 2789 2264 2858 explicatur,
2294 2800 2486 2845 natura
2514 2790 2791 2845 cohaerent
2817 2797 2979 2858 atque
3014 2787 3301 2858 conjuncta
3334 2794 3484 2854 sunt,
3505 2801 3730 2841 necesse

490 2885 659 2942 fuerit
686 2897 809 2940 eum
841 2882 932 2951 qui
971 2895 1140 2935 unum
1172 2879 1484 2949 arripuerit,
1510 2895 1618 2934 una
1653 2894 1775 2932 cum
1813 2881 1931 2948 ipso
1956 2881 2162 2949 reliqua
2196 2895 2413 2950 quoque
2443 2881 2731 2936 attrahere.

561 2974 621 3032 Si
655 2973 779 3046 quis
803 2971 968 3044 igitur
994 2985 1191 3026 nomen
1216 2969 1434 3039 quidem
1469 2970 1672 3024 Christi
1700 2977 1900 3030 sumat,
1936 2985 2056 3038 qua:

487 3082 620 3124 vero
659 3080 766 3120 una
795 3078 918 3120 cum
949 3062 1053 3117 hoc
1082 3063 1306 3117 nomine
1333 3061 1770 3128 considerantur,
1805 3063 1911 3116 vita
1946 3077 2054 3116 non

487 3156 758 3228 exprimat
797 3169 973 3226 neque
1002 3159 1358 3224 repraesentet
1391 3171 1404 3206 :
1444 3151 1491 3207 is
1521 3167 1718 3207 nomen
1743 3154 2053 3218 ementitur,

482 3249 638 3320 juxta
668 3247 1001 3319 propositam
1032 3259 1061 3298 a
1101 3245 1260 3299 nobis
1301 3243 1716 3299 similitudinem
1766 3259 2053 3314 personam

486 3339 784 3396 iuanimam
839 3337 1091 3392 humana:
1146 3336 1333 3406 ﬁgura:
1379 3336 1774 3391 conformatam
1825 3345 1880 3390 et
1918 3336 2056 3391 assi-

484 3432 731 3486 milatam
785 3429 958 3484 simiae
991 3442 1292 3497 apponens.
1342 3426 1483 3482 Fieri
1533 3427 1677 3481 enim
1724 3441 1834 3481 non
1879 3434 2057 3495 potest

487 3523 620 3590 quin
644 3519 901 3576 Christus
948 3519 1020 3574 sit
1042 3526 1098 3574 et
1125 3516 1361 3586 justitia,
1394 3526 1448 3573 et
1479 3520 1708 3587 puritas,
1740 3525 1796 3571 et
1825 3519 2053 3583 veritas,

487 3619 654 3680 atque
678 3609 925 3680 cujusvis
949 3609 1074 3662 mali
1111 3609 1318 3674 vitatio,
1355 3623 1529 3678 neque
1553 3608 1900 3665 Christianus
1934 3625 2057 3665 esse

485 3706 670 3768 potest
695 3698 813 3769 (qui
847 3697 1066 3768 quidem
1098 3712 1225 3753 vere
1254 3696 1604 3753 Christianus
1655 3699 1771 3769 sit),
1800 3700 1894 3769 qui
1943 3715 2054 3754 non

487 3787 704 3844 illorum
733 3787 1014 3842 nominum
1057 3803 1274 3858 quoque
1307 3791 1746 3844 communionem
1790 3797 1843 3845 et
1871 3791 2052 3846 socie-

485 3886 653 3936 tatem
684 3879 744 3934 in
775 3895 896 3936 sese
935 3881 1208 3935 ostendat.
1246 3879 1516 3947 Quocirca
1565 3881 1707 3936 sicut
1737 3881 2054 3938 deﬁnitione

487 3971 687 4044 aliquis
706 3971 838 4042 quid
860 3987 954 4041 per
972 3971 1450 4027 Christianismum
1477 3973 1835 4042 signiﬁcetur,
1871 3973 2052 4028 decla-

484 4059 686 4114 raverit
712 4075 728 4114 :
761 4058 1006 4115 dicemus
1061 4060 1205 4129 quod
1236 4059 1691 4116 Christianismus
1721 4061 1792 4115 sit
1822 4061 2053 4116 imitatio

485 4147 683 4203 divinae
726 4148 1059 4205 naturae.Ac
1111 4163 1270 4204 nemo
1315 4149 1618 4205 deﬁnitioni
1645 4158 1917 4220 ,tanquam
1959 4153 2054 4206 im-

484 4239 713 4295 modicae
758 4247 1070 4310 nostraeque
1111 4239 1472 4296 humilitatem
1517 4249 1728 4297 naturae
1770 4242 2051 4314 superanti

483 4330 752 4386 obtrectet
781 4347 795 4385 :
823 4346 933 4386 non
979 4331 1124 4386 enim
1170 4333 1409 4388 excessit
1437 4348 1502 4388 ea
1538 4343 1806 4388 naturam.
1836 4333 1972 4388 Nam
2004 4333 2052 4390 si

481 4423 608 4492 quis
636 4424 865 4492 primam
888 4423 1128 4477 hominis
1149 4424 1515 4479 conditionem
1546 4432 1602 4480 et
1633 4433 1835 4479 statum
1868 4427 2052 4482 consi-

481 4512 778 4577 deraverit,
835 4514 1203 4584 deprehendet
1243 4530 1307 4569 ex
1351 4514 1698 4570 documentis
1729 4515 2047 4588 Scriptum,

2230 2971 2292 3022 Ei
2326 2970 2499 3024 τοίνυν
2529 2972 2588 3024 τὸ
2613 2974 2708 3041 μὲν
2734 2969 2899 3039 ὄνομά
2927 2987 3008 3033 τις
3034 2969 3128 3023 τοῦ
3159 2969 3393 3039 Χριστοῦ
3424 2969 3729 3034 ὑποδύοιτο,

2161 3062 2264 3115 ὅσα
2293 3062 2348 3115 δὲ
2375 3061 2454 3132 τῷ
2497 3062 2717 3132 ὀνόματι
2748 3061 2921 3131 τούτῳ
2954 3061 3332 3130 συνθεωρεῖται
3378 3061 3451 3132 μὴ
3493 3060 3730 3114 δεικνύοι

2161 3153 2239 3223 τῷ
2269 3153 2386 3223 βίῳ,
2419 3153 2810 3223 καταψεύδεται
2838 3151 2930 3204 τοῦ
2958 3151 3215 3222 ὀνόματος
3241 3151 3270 3204 ὀ
3295 3147 3553 3213 τοιοῦτος,
3586 3150 3730 3202 κατὰ

2161 3245 2219 3298 τὸ
2256 3245 2512 3317 προτεθὲν
2563 3247 2696 3315 ἡμῖν
2740 3244 3058 3314 ὑπόδειγμα,
3113 3244 3448 3312 προσωπεῖον
3497 3241 3726 3310 ἄψυχον,

2159 3336 2478 3408 ἀνθρωπίνῳ
2523 3336 2833 3409 χαρακτῆρι
2882 3333 3341 3406 μεμορφωμένον,
3375 3331 3617 3401 περιθεὶς
3649 3331 3731 3400 τῷ

2156 3426 2395 3498 πιθήκῳ.
2435 3425 2570 3480 Οὑτε
2599 3426 2706 3496 γὰρ
2739 3426 2827 3479 τὸν
2855 3425 3088 3495 Χριστὸν
3122 3425 3234 3478 ἔστι
3267 3423 3340 3495 μὴ
3384 3422 3731 3493 δικαιοσύνην

2155 3517 2312 3583 εἶναι,
2344 3519 2436 3572 καὶ
2458 3518 2822 3588 καθαρότητα,
2850 3517 2943 3570 καὶ
2967 3515 3244 3586 ἀλήθειαν,
3275 3515 3367 3567 καὶ
3394 3514 3564 3568 κακοῦ
3593 3531 3733 3565 παν-

2153 3609 2246 3672 τὸς
2295 3607 2678 3678 ἀλλοτρίωσιν,
2723 3605 2844 3658 οὕτε
2881 3605 3201 3676 Χριστιανὸν
3234 3603 3380 3657 ἔστιν
3424 3597 3560 3656 εἶναι
3597 3602 3732 3667 (τόν

2153 3715 2217 3766 γε
2248 3697 2460 3768 ἀληθῶς
2490 3695 2884 3769 Χριστιανὸν),
2915 3696 2989 3767 μὴ
3019 3694 3284 3749 κάκείνων
3309 3694 3415 3748 τῶν
3445 3692 3732 3762 ὀνομάτων

2152 3789 2249 3859 τὴν
2277 3787 2556 3841 κοινωνίαν
2587 3789 2643 3840 ὲν
2667 3785 2844 3856 ἐαυτῷ
2864 3785 3194 3839 δεικνύοντα.
3217 3781 3444 3847 Οὐκοῦν,
3461 3783 3536 3846 ὡς
3555 3784 3619 3836 ἄν
3639 3798 3731 3845 τις

2153 3881 2263 3950 ὅρῳ
2298 3877 2392 3931 τοῦ
2433 3877 2858 3950 Χριστιανισμοῦ
2889 3878 2987 3948 τὴν
3027 3878 3264 3931 διάνοιαν
3302 3875 3689 3948 ὲρμηνεύσειεν
3711 3913 3728 3937 ,

2152 3971 2320 4035 οὕτως
2366 3971 2632 4042 ἐροῦμεν,
2675 3972 2755 4026 ὅτι
2805 3970 3226 4042 Χριπιανισμός
3268 3971 3384 4022 ἐστι
3437 3969 3541 4038 τῆς
3573 3966 3762 4037 θείας-ι

2154 4064 2366 4132 φύσεως
2397 4063 2641 4134 μίμησις.
2671 4064 2780 4117 Καὶ
2802 4064 2988 4134 μηδεὶς
3017 4063 3091 4125 ὡς
3114 4063 3412 4133 ὑπέρογκον
3437 4062 3529 4114 καὶ
3555 4060 3739 4128 ὑπερ-

2154 4154 2400 4208 ϐαίνοντα
2428 4154 2525 4225 τὴν
2553 4155 2650 4226 τῆς
2680 4154 2892 4223 φύσεως
2922 4153 3076 4223 ἡμῶν
3103 4153 3459 4219 ταπεινότητα
3497 4150 3739 4202 διαϐαλ-

2151 4243 2290 4298 λέτω
2326 4245 2417 4298 τὸν
2449 4245 2606 4316 ὅρον·
2641 4245 2702 4298 οὑ
2730 4243 2838 4315 γὰρ
2879 4243 3036 4314 ἐξέϐη
3083 4243 3184 4314 τὴν
3228 4241 3382 4311 φύσιν
3416 4242 3444 4292 ὁ
3475 4241 3628 4309 ὄρος.
3667 4240 3738 4291 ΕΞ

2152 4337 2260 4406 γάρ
2291 4353 2374 4398 τις
2416 4337 2514 4405 τὴν
2557 4335 2776 4406 πρώτην
2817 4336 3145 4389 κατάστασιν
3176 4333 3269 4387 τοῦ
3308 4332 3598 4404 ἀνθρώπου
3639 4332 3737 4384 λο-

2151 4426 2381 4493 γίσαιτο,
2413 4426 2633 4496 εὑρήσει
2663 4425 2750 4479 διὰ
2781 4426 2888 4479 τῶν
2919 4426 3206 4497 Γραφικῶν
3244 4423 3614 4494 διδαγμάτων,
3647 4424 3737 4476 ὅτι

2151 4519 2250 4570 οὑκ
2284 4516 2473 4586 ἐξῆλθε
2504 4517 2570 4570 τὰ
2604 4517 2775 4587 μέτρα
2799 4517 2895 4586 τῆς
2921 4515 3132 4586 φύσεως
3161 4517 3316 4586 ήμῶν
3347 4518 3374 4569 ὁ
3404 4517 3548 4585 ὅρος.
3567 4515 3642 4566 Ἥ
3671 4530 3738 4565 τε

482 4604 628 4672 quod
657 4603 903 4658 deﬁnitio
925 4613 1075 4658 extra
1105 4604 1324 4658 modum
1359 4614 1560 4660 nostra;
1601 4615 1809 4661 natura:
1831 4622 2048 4677 egressa

2163 4608 2263 4679 γὰρ
2297 4607 2484 4679 πρώτη
2520 4607 2613 4660 τοῦ
2651 4607 2936 4678 ἀνθρώπου
2973 4606 3280 4675 κατασκευὴ
3319 4606 3460 4675 κατὰ
3494 4609 3741 4676 μίμησιν

480 4709 593 4750 non
619 4695 712 4752 sit.
750 4693 884 4751 Nam
909 4703 963 4751 et
1009 4696 1183 4766 prima
1230 4697 1470 4753 hominis
1511 4696 1796 4753 fabricatio
1826 4699 1894 4753 ad
1927 4699 2049 4752 imi-

479 4786 742 4842 tationem
791 4786 884 4843 Dei
911 4788 1289 4846 similitudinis
1329 4800 1463 4850 erat.
1512 4789 1696 4861 Moyse
1733 4791 1800 4845 de
1831 4791 2052 4847 homine

479 4876 557 4931 ita
588 4878 1036 4949 philosophante,
1064 4880 1194 4935 dum
1217 4880 1316 4944 ait,
1342 4900 1360 4933 ι
1396 4868 1544 4937 Fecit
1579 4882 1721 4938 Deus
1750 4883 2049 4944 hominem,

478 4967 780 5024 secundum
814 4971 1104 5042 imaginem
1153 4971 1245 5028 Dei
1302 4973 1430 5028 fecit
1472 4991 1596 5030 eum
1633 4976 1674 5006 ¹⁶
1707 4994 1718 5030 :
1756 4994 1775 5026 ι
1815 4983 1869 5029 et
1891 4975 2052 5029 Chri-

478 5059 750 5114 stianismi
809 5061 1079 5130 professio
1139 5072 1242 5128 est,
1307 5074 1367 5118 ut
1421 5065 1582 5119 homo
1641 5066 1936 5121 reducatur
1983 5065 2050 5118 ad

476 5149 766 5219 pristinam
791 5158 846 5206 et
879 5155 1158 5223 antiquam
1184 5154 1522 5211 felicitatem.

549 5238 605 5292 Si
645 5239 812 5309 igitur
857 5244 1163 5313 antiquitus
1207 5244 1367 5300 homo
1426 5246 1519 5301 Dei
1557 5248 1859 5303 similitudo
1909 5257 2049 5315 erat,

477 5323 709 5386 forsitan
746 5329 892 5388 haud
953 5331 1250 5387 absurdam
1295 5343 1348 5389 et
1403 5350 1432 5389 a
1484 5337 1767 5407 proposito
1819 5338 2050 5391 alienam

431 5467 439 5492 ³
476 5415 705 5473 fecimus
760 5421 1155 5491 deﬁnitionem,
1197 5426 1291 5496 qui
1325 5425 1685 5484 imitationem
1737 5428 1934 5483 divinae
1960 5444 2054 5482 na-

478 5515 614 5564 turae
645 5509 1128 5573 Christianismum
1165 5533 1285 5576 esse
1306 5520 1747 5591 pronuntiamus.
1777 5519 2054 5578 Professio

553 5684 594 5716 υ
626 5683 760 5742 Gen.
798 5702 836 5755 i,
861 5688 950 5742 27.

2154 4703 2252 4770 τῆς
2275 4699 2368 4752 τοῦ
2397 4699 2532 4752 Θεοῦ
2560 4698 2874 4769 ὁμοιότητος
2899 4694 2965 4768 ἧν
2995 4698 3155 4762 (οὕτω
3175 4696 3269 4750 τοῦ
3292 4696 3572 4757 Μωὺσέως
3602 4697 3743 4763 περὶ

2152 4792 2242 4845 τοῦ
2293 4789 2577 4862 ἀνθρώπου
2627 4789 3112 4859 φιλοσοφήσαντος,
3166 4789 3222 4840 ὲν
3265 4781 3345 4848 οἷς
3394 4803 3595 4854 φησιν,
3651 4787 3745 4838 ὅτι

2157 4901 2176 4933 ι
2224 4881 2509 4952 Ἐποίησεν
2540 4883 2568 4935 ὁ
2597 4881 2729 4945 Θεὸς
2760 4881 2849 4933 τὸν
2884 4880 3185 4949 ἄνθρωπον⁸
3218 4878 3338 4931 κατ’
3370 4877 3556 4930 εἰκόνα
3593 4876 3743 4928 Θεοῦ

2153 4971 2407 5041 ἐποίησεν
2433 4972 2594 5024 αὑτὸν
2616 4989 2634 5021 ι
2648 4973 2684 5036 ),
2709 4971 2848 5040 καὶὴ
2871 4969 2961 5022 τοῦ
2981 4967 3402 5040 Χριστιανισμοῦ
3423 4967 3743 5034 ἐπαγγελία

2153 5064 2268 5115 ἐστὶ
2296 5063 2354 5115 τὸ
2399 5064 2478 5124 είς
2515 5061 2612 5133 τὴν
2645 5061 2877 5132 ἀρχαίαν
2903 5061 3194 5133 εὑκληρίαν
3229 5059 3609 5130 ἐπαναχθῆναι
3643 5058 3743 5112 τὸν

2153 5153 2454 5220 ἄνθρωπον.

2223 5242 2287 5295 Εἰ
2319 5243 2375 5295 δὲ
2409 5243 2468 5296 τὸ
2519 5244 2741 5314 ἀρχαῖον
2787 5241 2921 5294 Θεοῦ
2959 5241 3209 5312 ὁμοίωμα
3239 5243 3266 5293 ὀ
3312 5239 3610 5311 ἅνθρωπος
3643 5235 3743 5310 ἧν,

2153 5335 2292 5404 τάχα
2326 5335 2426 5388 οὑκ
2454 5335 2558 5401 ἔξω
2586 5335 2677 5388 τοῦ
2711 5333 2912 5387 σκοποῦ
2949 5335 3040 5387 τὸν
3072 5335 3297 5405 ὁρισμὸν
3341 5333 3702 5405 πεποιήμεθα
3728 5374 3743 5397 ,

2159 5427 2385 5498 μίμησιν
2422 5427 2570 5489 θείας
2601 5426 2813 5495 φύσεως
2841 5425 2929 5477 τὸν
2959 5426 3380 5496 Χριστιανισμδν
3411 5421 3554 5480 εἶναι
3593 5427 3748 5478 ἀπο-

2156 5517 2472 5589 φηνάμενοι.
2521 5517 2585 5570 Ἦ
2628 5516 2725 5587 μὲν
2765 5512 2856 5570 οὖν
2890 5517 3179 5588 ὑπόσχεσις
3221 5518 3322 5588 τῆς
3353 5516 3753 5589 προσηγορίας
