3896 6208
271 322 384 409 κιρ

1370 328 1454 384 DE
1492 329 1967 389 PROFESSIONE
1996 331 2432 389 CllRlSTlANA.

3418 338 3523 394 250

275 442 546 515 ἐνεργῶν,
573 443 691 512 ἦτοι
714 441 872 513 σητὺς
889 443 1091 513 τρόπον
1111 448 1230 510 ταῖς
1255 447 1512 513 διανοίαις
1533 451 1850 514 ἐντίκτεται,

1956 449 2169 518 Quibus
2195 450 2374 505 verbis
2423 449 2661 503 ostendit
2686 449 2828 520 quod
2855 452 3006 504 nulla
3065 451 3168 514 vis,
3204 464 3325 519 quae
3354 449 3528 504 beati-

279 536 525 607 ἁχρειῶν
548 535 606 588 τὺ
640 536 802 606 μέρος
827 527 981 607 ᾧπερ
1007 534 1074 590 ἂν
1094 537 1274 610 ἑμφυῇ
1292 552 1305 568 ⁴
1338 540 1454 610 ἢτοι
1477 540 1563 595 διὰ
1589 543 1686 613 τῆς
1714 542 1856 613 βρω-

278 628 446 699 τικῆς
484 644 544 680 τε
590 628 683 681 καὶ
724 629 1087 700 άφανιστικῆς
1118 629 1416 700 δυνάμεως.
1448 634 1496 685 εί
1537 632 1609 704 μὴ
1648 633 1856 703 ταχέως

280 719 669 791 ἀποτιναχθείη
718 720 813 774 τοῦ
879 722 1116 793 μέρους,
1169 723 1305 794 πρὸς
1354 724 1422 778 τὰ
1480 725 1857 794 παρακείμενα

280 808 611 879 μεθέρπων,
655 809 954 883 διαφθορᾶς
988 812 1153 882 ἴχνος.
1203 805 1285 875 οἷς
1328 812 1394 866 ἂν
1426 813 1729 885 ἐμπελάσῃ,
1766 814 1856 867 διὰ

276 898 380 967 τῆς
405 899 675 968 κινήσεως
699 900 1082 971 ἐνσημαίνεται
1103 918 1116 930 ·
1141 902 1198 973 ἢ,
1227 903 1385 974 εἴπερ
1405 903 1474 957 τὰ
1499 904 1648 966 ἐντὸς
1677 907 1855 972 ἀσφα-

278 987 389 1050 λῶς
421 988 565 1059 ἔχοι,
603 989 693 1043 διὰ
719 990 828 1044 τῶν
867 992 1062 1058 ἔξωθεν
1092 994 1463 1064 περιστάσεων
1494 995 1850 1049 ἐπιϐουλεύει.

282 1078 356 1132 Ἢ
381 1080 493 1150 γὰρ
528 1079 595 1134 δι’
623 1081 818 1152 ἡδονῆς
845 1082 935 1136 τὸν
968 1083 1240 1155 θησαυρὸν
1264 1084 1363 1155 τῆς
1391 1086 1617 1157 καρδίας
1644 1087 1859 1156 ἐτοιχω-

278 1169 610 1243 ρύχησεν.ῆ
649 1173 715 1226 δι’
749 1174 937 1245 ἑτέρου
982 1176 1187 1238 πάθους
1232 1176 1388 1230 κενὸν
1413 1178 1512 1248 τῆς
1552 1178 1753 1249 ἀρετῆς
1795 1176 1856 1230 τὸ

274 1259 383 1329 τῆς
424 1260 602 1330 ψυχῆς
641 1261 845 1332 δοκεῖον
888 1263 1147 1333 ἐποίησε,
1179 1263 1337 1335 θυμῷ
1380 1266 1413 1337 ἢ
1460 1265 1664 1337 λύπῃῆ
1711 1265 1855 1336 ἄλλῳ

278 1352 390 1404 τινὶ
426 1352 653 1423 τοιούτῳ
688 1352 852 1407 πάθει
888 1353 981 1407 τὸν
1022 1354 1278 1426 λογισμὸν
1328 1355 1656 1425 ὑποκλέψας.
1703 1357 1856 1410 Ἐπεὶ

277 1437 374 1495 οὖν
417 1443 479 1495 ὲν
522 1446 636 1506 τοίς
681 1443 796 1497 ἀνω
821 1444 1132 1515 θησαυροῖς,
1161 1445 1285 1499 οὔτε
1320 1445 1459 1516 σῆτά
1507 1464 1690 1518 φησιν,
1729 1446 1853 1500 οὔτε

279 1530 488 1600 βρῶσιν
513 1534 543 1585 ὁ
568 1531 773 1603 Κύριος
801 1532 1078 1600 γίνεσθαι,
1103 1533 1227 1587 οὔτε
1257 1536 1356 1606 τὴν
1379 1535 1486 1589 ἀπὸ
1512 1535 1610 1605 τῆς
1636 1535 1854 1589 κλεπτι-

278 1622 385 1694 κῆς
412 1623 611 1677 κακίαν
637 1623 993 1679 διδάσκουσαν
1021 1623 1191 1679 ταῦτα
1208 1664 1223 1688 ,
1258 1626 1401 1697 ἆπερ
1441 1626 1816 1696 ὑπενοήσαμεν
1833 1636 1850 1653 ⁸

277 1717 400 1768 ἐκεῖ
433 1716 753 1786 μεταθετέον
779 1716 878 1787 τὴν
905 1717 1196 1788 ἐμπορίαν,
1222 1719 1278 1770 ὲν
1361 1717 1421 1770 τὸ
1447 1716 1769 1790 θησαυρίσαι
1791 1719 1852 1772 οὐ

1957 542 2200 597 tudinem
2254 541 2401 594 illam
2435 557 2790 611 corrumpere
2826 544 3019 612 possit,
3053 543 3108 596 in
3144 556 3381 612 superna
3416 541 3527 594 vita

1956 639 2232 686 versetur.
2269 628 2403 683 Nam
2437 630 2528 684 ille
2578 631 2672 701 qui
2713 635 2779 685 ad
2830 634 3198 703 corruptelam
3250 640 3304 689 et
3342 634 3527 704 pernio

1956 722 2095 777 ciem
2153 721 2316 790 hujus
2375 721 2498 776 vita:
2557 720 2909 775 multifariam
2988 722 3281 792 multisque
3347 723 3525 775 modis

1955 811 2160 865 variam
2198 825 2352 866 suam
2400 810 2661 864 malitiam
2705 811 2968 866 adversus
3000 810 3292 864 humanam
3352 810 3522 864 vitam

1955 909 2191 967 exercet,
2225 902 2307 956 vel
2338 901 2498 956 tineae
2525 902 2579 955 in
2610 900 2829 955 modum
2875 900 3158 955 mentibus
3194 902 3517 963 innascitur,

1959 1000 2170 1064 partem
2222 994 2529 1061 cuicunque
2561 991 2839 1046 inlueserit
2869 992 3115 1046 inutilem
3141 992 3409 1058 reddens;
3436 992 3520 1045 vel

1955 1101 2052 1155 per
2073 1085 2180 1138 vim
2202 1086 2539 1139 eorrosivam
2577 1091 2630 1137 et
2683 1084 3055 1154 corruptivum
3080 1126 3094 1149 ,
3134 1084 3239 1137 nisi
3269 1083 3521 1138 celeriter

1955 1175 2023 1230 de
2060 1182 2213 1245 parte
2255 1188 2417 1243 quam
2465 1171 2727 1226 invaserit
2770 1186 3039 1226 excussus
3083 1169 3266 1235 fuerit,
3296 1169 3364 1223 ad
3394 1185 3522 1239 pro-

1957 1265 2099 1319 xima
2146 1278 2373 1332 quaeque
2422 1260 2692 1330 serpendo
2760 1260 3137 1329 progrediens,
3182 1274 3522 1330 quaecunque

1954 1353 2222 1409 movendo
2264 1370 2324 1408 se
2366 1352 2683 1420 contigerit,
2743 1351 2811 1405 iis
2864 1351 3157 1421 vestigium
3214 1351 3522 1420 corruptio-

1952 1446 2042 1500 nis
2085 1443 2390 1513 imprimit;
2427 1443 2511 1495 vel
2566 1442 2614 1496 si
2652 1440 2913 1495 interiora
2945 1439 3096 1493 ﬁrma
3121 1454 3185 1493 ac
3235 1446 3351 1493 tuta
3386 1439 3517 1501 sint,

1955 1550 2052 1604 per
2076 1542 2331 1589 externas
2384 1532 2831 1587 circumstantias
2874 1530 3187 1585 insidiatur.
3233 1530 3342 1583 Aut
3373 1528 3516 1582 enim

1955 1628 2231 1696 voluptate
2268 1622 2625 1695 perfodiendo
2673 1623 2858 1678 cordis
2920 1622 3236 1676 thesaurum
3290 1619 3515 1675 invadit.

1956 1726 2049 1772 aut
2071 1733 2167 1788 per
2193 1717 2356 1771 alium
2380 1714 2632 1770 affectum
2658 1730 2721 1770 ex
2750 1713 2946 1767 anima:
2962 1711 3309 1782 receptaculo
3348 1710 3518 1763 virtu-

281 1805 451 1875 μόνον
479 1805 671 1860 ἇσυλόν
692 1824 748 1860 τε
777 1809 873 1861 καὶ
908 1808 1177 1879 ἀμείωτον
1206 1810 1285 1872 είς
1312 1809 1398 1864 ἀεὶ
1429 1808 1691 1880 διαμένει,
1714 1809 1850 1864 ἀλλὰ

1953 1820 2060 1865 tem
2091 1809 2302 1874 eximit,
2330 1808 2415 1862 vel
2438 1807 2541 1873 ira,
2574 1805 2660 1860 vel
2694 1803 2918 1859 tristitia
2946 1811 3001 1858 et
3030 1816 3253 1872 angore,
3288 1799 3373 1854 vel
3411 1799 3515 1851 alia
3598 1809 3605 1816 '

281 1896 383 1949 καὶ
410 1898 729 1967 σπερμάτων
759 1898 932 1971 δίκην,
963 1900 1056 1952 ἐπὶ
1080 1900 1141 1953 τὸ
1165 1900 1560 1954 πολλαπλάσιον
1590 1901 1851 1971 κατεργάα

276 1988 435 2052 ζεται
462 1991 557 2058 τὴν
581 1991 899 2062 ἐπαύξησιν.
934 1991 1055 2064 Χρὴ
1081 1993 1189 2064 γὰρ
1218 1993 1433 2057 πάντως
1465 1995 1530 2064 τῇ
1564 1993 1723 2063 φύσει
1753 1991 1848 2046 τοῦ

267 2076 378 2144 τὴν
403 2077 864 2149 ’παρακαταθήκην
890 2079 1174 2151 δεχομένου
1209 2080 1600 2152 μεγαλύνεσθαι
1630 2082 1727 2153 τὴν
1757 2084 1849 2135 άν-

266 2165 497 2222 τὶδοσιν.
530 2167 741 2240 Ὠσπερ
763 2171 871 2241 γὰρ
898 2173 1055 2242 ἡμεῖς
1086 2171 1227 2225 κατὰ
1246 2173 1345 2243 τὴν
1368 2173 1573 2225 ἑαυτῶν
1598 2171 1849 2242 ἐνεργοῦ-

269 2276 381 2329 μεν
428 2258 606 2327 φύσιν,
654 2262 845 2333 πτωχὰ
888 2248 1254 2335 προσάγοντες
1303 2264 1392 2317 διὰ
1440 2264 1500 2318 τὸ
1547 2264 1848 2333 πεφυκέναι

266 2347 536 2403 τοιοῦτοι·
572 2349 743 2414 οὕτως
777 2351 944 2416 εἰκὸς,
978 2353 1070 2406 τὸν
1109 2354 1166 2406 ὲν
1200 2354 1363 2408 παντὶ
1400 2352 1651 2406 πλούσιον
1696 2351 1844 2418 ὄντα,

265 2441 307 2496 ἆ
339 2442 585 2510 πέφυκεν
616 2441 782 2513 ἔχειν,
811 2443 985 2497 ταῦτα
1016 2447 1128 2508 τοῖς
1153 2444 1547 2517 προδεδωκόσιν
1573 2446 1849 2517 ἀντιχαρί-

266 2531 489 2595 ζεσθαι.
527 2532 734 2603 Μηδεὶς
772 2528 866 2587 οὖν
901 2534 1211 2605 ἀθυμείτω,
1245 2536 1314 2588 τὰ
1345 2535 1482 2589 κατὰ
1516 2536 1616 2607 τὴν
1655 2537 1845 2589 ἑαυτοῦ

266 2622 504 2693 δύναμιν
526 2626 639 2686 τοῖς
670 2624 832 2689 θείοις
865 2624 1158 2697 θησαυροῖς
1193 2625 1579 2696 συνεισφέρων,
1610 2626 1685 2690 ὡς
1714 2626 1847 2697 πρὸς

265 2710 339 2762 τὸ
371 2711 587 2781 μέτρον,
613 2706 689 2766 ὧν
711 2712 930 2777 δέδωκε,
961 2714 1338 2785 κομιούμενος,
1373 2715 1487 2768 ἀλλ’
1513 2716 1845 2786 ἁναμενέτω,

270 2801 420 2858 κατὰ
460 2804 560 2875 τὴν
590 2804 919 2873 ἐπαγγελίαν
957 2805 1051 2859 τοῦ
1090 2807 1335 2871 εἰπόντος
1374 2809 1455 2861 ὅτι
1502 2810 1709 2879 μεγάλα
1738 2808 1848 2860 τῶν

272 2893 494 2967 μικρῶν
524 2896 1068 2964 άντικαταλλάξεται,
1104 2899 1334 2966 οὐράνια
1364 2899 1462 2970 μὲν
1486 2900 1592 2953 τῶν
1625 2900 1845 2970 γηΐνων,

270 2980 423 3036 ἀΐδια
450 2981 508 3035 δὲ
534 2983 643 3037 τῶν
678 2983 984 3057 ὠκυμόρων
1008 2986 1417 3058 διαμειϐόμενος
1440 3004 1450 3015 ‘
1474 2987 1510 3042 ἃ
1534 2988 1757 3042 τοιαῦτα
1779 2991 1844 3059 τῇ

272 3070 439 3140 φύσει
472 3073 650 3138 ἐστὶν,
680 3073 757 3137 ὡς
794 3076 931 3146 μήτε
969 3075 1176 3148 διανοίᾳ
1205 3076 1428 3131 δυνατὸν
1470 3074 1605 3131 εἶναι
1644 3078 1850 3149 ληφθῆ-

271 3178 404 3227 ναι,
458 3163 593 3235 μήτε
639 3167 718 3227 εἰς
752 3166 1053 3238 ἑρμηνείαν
1082 3167 1240 3236 λόγου
1284 3167 1458 3222 ἐλθεῖν
1480 3209 1496 3236 ,
1532 3170 1659 3240 περὶ
1695 3163 1771 3224 ὧν
1814 3172 1847 3240 ἡ

272 3250 635 3318 θεόπνευστος
664 3253 902 3309 διδάσκει
935 3256 1141 3328 Γραφὴ,
1174 3259 1255 3312 ὅτι
1294 3278 1312 3310 t
1362 3258 1497 3312 Οὔτε
1527 3261 1555 3313 ὁ
1578 3258 1851 3330 ὀφθαλμὸς

272 3338 438 3406 εἶδεν,
461 3342 583 3396 οὔτε
617 3341 709 3408 οὖς
738 3346 989 3416 ηκουσεν,
1030 3346 1154 3400 οὔτε
1193 3349 1285 3402 ἐπὶ
1312 3349 1537 3421 καρδίαν
1564 3350 1850 3421 ἀνθρώπου

272 3432 448 3504 ἀνέϐη
474 3474 490 3500 ,
526 3433 564 3488 ἃ.
601 3436 895 3505 ἡτοίμασεν
930 3440 959 3491 ό
994 3438 1126 3502 Θεὸς
1150 3441 1262 3502 τοῖς
1292 3441 1576 3507 ἀγαπῶσιν
1608 3442 1788 3497 αὐτόν.
1826 3461 1844 3492 ›

273 3523 467 3579 Ταῦτά
503 3543 605 3589 σοι,
632 3521 678 3581 ὧ
709 3529 864 3599 τιμία
892 3531 1099 3601 κεφαλὴ
1122 3572 1138 3598 ,
1173 3532 1233 3584 οὐ
1270 3533 1427 3602 μόνον
1454 3533 1593 3603 ὑπὲρ
1617 3532 1723 3588 τῶν
1761 3534 1849 3587 ἐλ-

271 3614 604 3683 λειφθέντων
627 3619 970 3689 γραμμάτων
984 3620 1468 3695 ἀνεπληρώσαμεν,
1496 3624 1631 3677 ἀλλὰ
1665 3627 1757 3677 καὶ
1781 3624 1851 3678 τὰ

275 3704 424 3776 μετὰ
458 3705 631 3761 ταῦτα
680 3709 939 3780 γινόμενα
992 3710 1328 3782 ἐλλείμματα
1375 3712 1848 3783 προεξητάσαμεν.

271 3797 360 3849 Σὺ
401 3795 460 3849 δὲ
491 3815 580 3868 μοι
620 3799 874 3869 πράττοις
906 3803 964 3857 ὲν
987 3802 1177 3873 Κυρίῳ
1204 3802 1573 3873 καταθυμίως.
1601 3804 1771 3857 Τοῦτο
1794 3804 1851 3857 δέ

274 3904 374 3941 σοι
415 3887 502 3957 εἴη
532 3888 817 3955 διαπαντὸς
852 3892 1207 3964 καταθύμιον,
1233 3894 1262 3947 ὅ
1302 3894 1397 3948 καὶ
1432 3894 1509 3966 τῷ
1548 3894 1665 3967 Θεῷ
1692 3912 1852 3966 κεχα-

275 3977 549 4051 ρισμένον
586 3980 721 4044 ἐστὶ,
756 3984 848 4036 καὶ
886 3984 1019 4053 ἡμῖν
1048 3982 1405 4055 καταθύμιόν.

1950 1899 2117 1955 simili
2168 1899 2424 1968 quapiam
2459 1893 2870 1966 perturbatione
2906 1900 2961 1946 et
2992 1891 3188 1945 aﬂ'ectu
3243 1889 3513 1943 rationem

1950 1990 2285 2047 subduceris.
2337 1987 2601 2054 Quoniam
2644 1985 2809 2055 igitur
2862 1982 3128 2038 Dominus
3164 1982 3216 2035 in
3261 1978 3517 2049 supernis

1951 2079 2221 2135 thesauris
2257 2094 2434 2148 neque
2488 2076 2695 2130 tineam
2756 2088 2934 2144 neque
2972 2073 3270 2143 aeruginem
3307 2070 3518 2124 innasci

1948 2171 2104 2236 dicit,
2144 2184 2319 2239 neque
2353 2168 2423 2223 ab
2453 2175 2570 2221 arte
2602 2164 2820 2220 furandi
2858 2164 3121 2218 malitiam
3162 2162 3363 2224 inesse,
3400 2174 3520 2229 quae

1948 2263 2141 2318 doceat
2157 2277 2222 2318 ea
2253 2275 2375 2332 quae.
2400 2256 2967 2318 commemoravimus,
2987 2255 3116 2309 illuc
3140 2251 3517 2308 transferenda

1947 2353 2245 2424 negotiatio
2282 2359 2389 2418 est,
2426 2349 2520 2404 ubi
2560 2364 2668 2403 non
2730 2342 3314 2412 modo,compilationi
3357 2349 3519 2409 atque

1946 2444 2296 2501 diminutioni
2337 2456 2445 2496 non
2497 2437 2720 2494 obnoxii
2764 2435 3008 2492 thesauri
3052 2448 3264 2503 semper
3307 2446 3519 2502 perma-

1948 2544 2097 2602 nent,
2123 2549 2309 2590 verum
2353 2531 2517 2586 etiam
2561 2529 2831 2584 seminum
2875 2528 2928 2581 in
2972 2524 3192 2580 modum
3237 2521 3519 2591 multiplex

1948 2629 2185 2684 eﬂieiunt
2205 2628 2622 2680 incrementum.
2640 2618 2864 2688 Oportet
2889 2615 3033 2671 enim
3067 2628 3294 2685 prorsus
3324 2627 3391 2667 ex
3419 2626 3519 2665 na-

1950 2728 2069 2773 tura
2127 2713 2447 2786 depositarii
2507 2724 2760 2781 magnam
2826 2707 2940 2764 fieri
2992 2703 3515 2761 remunerationem.

1948 2805 2415 2877 Quemadmodum
2474 2803 2617 2858 enim
2672 2814 2773 2855 nos
2799 2814 2867 2854 ex
2920 2804 3116 2851 natura
3148 2802 3337 2849 nostra
3384 2791 3518 2846 faei-

1949 2914 2091 2964 mus,
2126 2905 2182 2950 ut
2214 2895 2397 2950 tenuia
2446 2890 2764 2951 offeramus,
2795 2886 3001 2957 quippe
3053 2898 3178 2937 eum
3209 2887 3404 2934 natura
3437 2879 3517 2933 si-

1951 3005 2074 3045 mus
2105 2990 2245 3043 tales
2276 3025 2290 3048 .
2316 2987 2389 3040 ita
2429 2991 2862 3039 consentaneum
2901 2986 2979 3033 est
3006 2991 3129 3032 eum
3164 2972 3258 3044 qui
3289 2972 3341 3026 in
3368 2971 3517 3026 omni

1953 3093 2009 3132 re
2036 3077 2189 3131 dives
2217 3081 2322 3136 est,
2353 3073 2419 3127 iis
2453 3086 2575 3140 quae
2628 3085 2694 3125 ex
2728 3075 2925 3122 natura
2973 3065 3136 3120 habet
3162 3077 3257 3117 eos
3290 3059 3386 3131 qui
3418 3073 3517 3113 sua

1951 3175 2078 3223 ante
2109 3165 2375 3227 dederint,
2411 3177 2532 3216 esse
2567 3165 3064 3215 remuneraturum.
3088 3150 3166 3208 Ne
3193 3152 3319 3222 quis
3351 3151 3519 3220 igitur

1953 3275 2011 3315 se
2036 3258 2219 3313 animo
2257 3255 2529 3318 demittat,
2582 3251 2710 3305 dum
2738 3264 2858 3319 qua:
2882 3262 2983 3317 pro
3019 3245 3226 3299 viribus
3274 3242 3389 3298 suis
3424 3256 3520 3310 po—

1952 3358 2077 3412 test,
2113 3347 2316 3401 divinis
2346 3343 2510 3397 infert
2541 3343 2837 3404 thesauris,
2879 3337 3039 3407 quasi
3086 3350 3187 3405 pro
3214 3334 3377 3388 modo
3423 3345 3520 3386 eoo

1951 3456 2072 3495 rum
2101 3454 2220 3508 quae
2248 3436 2458 3492 dederit
2490 3443 2847 3503 recepturus;
2873 3429 2968 3485 sed
3006 3434 3188 3498 speret
3220 3426 3375 3494 juxta
3398 3422 3517 3491 pol-

1950 3533 2301 3587 licitationem
2355 3528 2474 3597 ejus
2503 3526 2594 3595 qui
2621 3524 2787 3588 dixit,
2815 3520 2960 3592 quod
3008 3532 3201 3588 magna
3238 3514 3417 3586 parvis
3444 3512 3517 3567 sit

1946 3628 2385 3691 comparaturus,
2413 3614 2735 3670 etelestibus
2784 3611 3004 3682 quidem
3036 3617 3271 3668 terrena,
3307 3601 3513 3672 sempi-

1946 3714 2118 3767 ternis
2156 3724 2285 3765 vero
2311 3709 2422 3762 cito
2444 3708 2685 3776 peritura
2734 3709 3072 3771 permutans,
3099 3712 3222 3768 quae
3247 3694 3379 3749 talia
3416 3706 3518 3746 na-

1949 3812 2069 3858 tura
2098 3810 2249 3864 sunt,
2283 3808 2343 3854 ut
2374 3814 2551 3869 neque
2585 3804 2766 3851 mente
2806 3792 3033 3865 percipi,
3064 3803 3241 3859 neque
3266 3797 3519 3842 sermone

1946 3894 2205 3964 explicari
2242 3891 2481 3962 possint,
2529 3890 2596 3943 de
2651 3888 2851 3956 quibus
2898 3884 3083 3937 divina
3125 3880 3286 3935 docet
3339 3877 3521 3945 Scrip-

1948 3996 2092 4052 tura,
2126 3984 2269 4055 quod
2303 3999 2482 4053 neque
2518 3981 2712 4035 oculus
2762 3978 2980 4040 viderit,
3025 3990 3203 4045 neque
3246 3974 3397 4026 auris
3423 3985 3520 4023 au-

271 4070 503 4135 diverit,
530 4087 701 4142 neque
725 4073 780 4129 in
814 4089 911 4129 cor
944 4076 1179 4132 hominis
1209 4075 1573 4142 ascenderint,
1607 4092 1728 4148 quae
1768 4078 2155 4149 praeparaverit
2189 4078 2331 4131 Deus
2368 4072 2719 4144 diligentibus
2753 4085 2813 4125 se
2847 4071 2889 4124 ⁷.
2933 4068 3028 4121 llis
3061 4067 3180 4128 tibi,
3223 4080 3255 4118 o
3295 4064 3519 4117 charum

271 4171 467 4235 caput,
494 4180 599 4221 non
621 4166 795 4223 solum
826 4172 1222 4239 prmtermissas
1246 4171 1455 4225 litteras
1478 4171 1862 4226 resareivimus
1889 4181 1941 4226 et
1964 4170 2460 4240 compensavimus,
2500 4179 2688 4219 verum
2712 4163 2876 4215 etiam
2901 4174 3021 4226 qua:
3053 4158 3280 4226 posthac
3298 4160 3519 4222 praeter—

272 4261 565 4315 mittentur
590 4276 657 4315 ae
675 4262 880 4333 reliqua
906 4263 1053 4331 ﬁent,
1086 4276 1571 4337 perargumentum
1593 4284 1835 4339 quaerere
1860 4264 2296 4335 anticipavimus.
2320 4262 2401 4315 Tu
2418 4274 2546 4313 vero
2578 4257 2706 4311 mihi
2737 4256 2888 4309 vivas
2920 4253 2974 4306 in
3008 4250 3233 4306 Domino
3251 4264 3316 4302 ex
3350 4243 3517 4300 animi

276 4352 359 4407 tui
388 4351 683 4406 sententia.
718 4350 832 4411 Hoc
860 4364 1039 4413 autem
1063 4372 1278 4430 semper
1302 4359 1400 4416 tibi
1422 4359 1572 4417 cordi
1599 4361 1670 4418 sit
1700 4368 1865 4431 atque
1890 4356 2170 4429 probetur,
2196 4352 2339 4425 quod
2368 4360 2419 4407 et
2441 4349 2549 4405 Deo
2577 4353 2790 4419 gratum
2819 4351 2871 4399 et
2904 4342 3062 4398 nobis
3085 4339 3388 4411 jucundum
3411 4342 3518 4391 est.

346 4529 368 4559 ’
400 4529 421 4587 Ι
452 4529 578 4588 Cor.
619 4546 700 4598 ιιι,
731 4532 787 4590 9.
