3896 6208
405 371 503 425 95!

411 521 2075 553 ψ

1636 365 1688 418 S.
1726 362 2051 417 GBEGORII
2093 358 2385 414 NYSSENI
3547 359 3654 412 9.32

1683 679 1908 764 ΤΟΥ
1981 679 2357 765 ΑΥΤΟΥ

1011 872 1472 984 ΠΕΡΙ
1588 868 3032 1012 ΤΕΛΕΙΟΤΙ-ΙΤΟΣ,

1241 1081 1361 1134 ΚΑΙ
1422 1081 1676 1136 ΟΠΟΙΟΝ
1736 1082 1881 1136 ΧΡΗ
1931 1082 2118 1135 ΕΙΝΑΙ
2165 1083 2302 1135 ΤΟΝ
2357 1079 2807 1150 ΧΡΙΣΤΙΑΝΟΝ,

1513 1237 1709 1290 ΠΡΟΣ
1737 1239 1829 1290 ΟΛ
1845 1237 2131 1290 ΥΜΠΙΟΝ
2159 1237 2534 1291 ΜΟΝΑΧΟΝ.

1708 1559 2340 1650 EJUSDEM

1403 1769 1582 1880 DE
1662 1772 1828 1882 PE
1849 1771 2652 1886 RFECTIONE

1259 1989 1346 2044 ET
1380 1989 1661 2057 QUALE“
1700 1989 2070 2046 OPORTEAT
2108 1989 2277 2046 ESSE
2307 1989 2782 2048 CHRISTIANUM
2805 2029 2823 2056 ,

1525 2139 1619 2194 AD
1652 2138 2045 2194 OLYMPIUM
2075 2138 2526 2196 MONACIIUM.

1660 2295 1923 2348 Francisco
1945 2299 2066 2349 Zino
2091 2296 2390 2363 interprete.

475 2595 688 2664 Quaeris
713 2609 830 2666 qua
866 2595 1078 2650 ratione
1111 2595 1221 2650 vita
1264 2609 1330 2650 ex
1363 2595 1568 2651 virtute
1602 2597 1778 2668 possit
1822 2597 1978 2652 insti-
2005 2606 2028 2663 Α

2151 2599 2441 2671 Πρέπουσα
2475 2600 2540 2669 τῇ
2581 2595 2895 2669 προαιρέσει
2926 2597 2958 2668 ἡ
2995 2593 3194 2669 σπουδὴ
3222 2597 3350 2668 περ)⁸
3380 2598 3473 2652 τοῦ
3511 2600 3651 2670 γνῶ-

410 2688 514 2755 tui,
544 2697 604 2743 ut
634 2687 890 2743 omnibus
918 2685 1218 2743 otiiciorum
1248 2687 1488 2742 numeris
1520 2687 1769 2742 absoluta
1818 2696 1980 2758 atque

409 2778 653 2849 perfecta
681 2778 846 2832 nullis
879 2777 1396 2847 reprehensionibus
1423 2777 1496 2831 sit
1523 2777 1787 2845 obnoxia;
1817 2779 1980 2848 digna

412 2867 654 2939 proiecto
687 2867 1030 2938 professione
1069 2875 1159 2921 tua
1193 2867 1512 2936 postulatio.
1561 2868 1698 2921 Mihi
1729 2883 1859 2922 vero
1897 2870 1981 2922 ni-

410 2960 488 3014 hil
514 2968 655 3014 esset
689 2959 930 3028 Optatius
958 2973 1121 3028 quam
1149 2967 1207 3012 ut
1246 2973 1432 3012 eorum
1463 2973 1584 3028 quae
1609 2959 1765 3028 cupis
1794 2974 1979 3013 exem-

411 3053 502 3124 pla
554 3067 773 3122 possem
822 3067 889 3106 ex
929 3066 1046 3104 mea
1076 3051 1184 3104 vita
1240 3049 1339 3104 tibi
1389 3048 1731 3120 depromere,
1779 3059 1838 3103 ut
1884 3049 1986 3104 do-‘

411 3145 643 3200 ctrinam
689 3144 788 3198 abs
821 3150 876 3198 te
922 3143 1204 3214 quaesitam
1255 3142 1412 3196 factis
1445 3143 1628 3213 potius
1655 3156 1818 3212 quam
1858 3157 1981 3195 ver-

410 3239 498 3294 bis
542 3239 890 3308 explicarem.
944 3237 1017 3292 Ea
1047 3239 1193 3294 enim
1227 3237 1444 3293 demum
1475 3239 1612 3294 bene
1645 3237 1860 3294 vivendi
1898 3238 1982 3292 in-

411 3330 624 3385 stitutio
649 3329 814 3401 digna
846 3336 951 3395 est,
983 3329 1072 3384 cui
1102 3330 1232 3386 (ides
1261 3330 1547 3395 habeatur,
1581 3345 1703 3386 cum
1731 3330 1982 3386 docentis

410 3423 522 3478 vita
558 3424 815 3493 congruit
859 3423 1119 3478 orationi.
1166 3422 1434 3477 Caeterum
1483 3424 1743 3494 quoniam
1791 3441 1876 3478 me
1927 3425 1981 3480 id

410 3515 556 3584 quod
603 3522 733 3583 opto
772 3514 1014 3568 nondum
1053 3524 1366 3569 assecutum
1405 3513 1588 3581 video,
1616 3522 1676 3569 ut
1713 3515 1982 3572 orationis

411 3605 537 3660 loco
561 3598 776 3676 'possim
805 3605 970 3660 vitam
1014 3605 1323 3668 ostendere,
1355 3621 1423 3660 ne
1468 3605 1824 3675 imperfectus
1862 3622 1982 3661 om-

413 3695 546 3750 nino
575 3696 763 3750 videar
804 3705 858 3752 et
896 3711 926 3750 a
953 3697 1109 3766 signo
1153 3711 1265 3765 pra:
1303 3697 1519 3751 inscitia
1559 3697 1777 3766 penitus
1820 3697 1982 3750 aber-

414 3799 560 3850 rare,
590 3787 808 3840 brevem
841 3787 938 3840 tibi
969 3795 1114 3842 recte
1146 3786 1362 3841 vivendi
1397 3785 1686 3840 formulam
1735 3787 1979 3854 tradam;

415 3883 584 3944 atque
626 3874 774 3930 illius
805 3875 1026 3944 quidem
1073 3875 1200 3930 hinc
1221 3875 1332 3943 jam
1381 3876 1632 3930 nascitur
1671 3876 1978 3930 exordium.

2081 2707 2170 2744 ναι
2195 2692 2312 2754 πῶς
2342 2692 2406 2746 ἄν
2429 2707 2512 2754 τις
2551 2688 2638 2744 διὰ
2669 2688 2760 2741 τοῦ
2793 2687 2914 2741 κατ’
2943 2687 3142 2759 ἀρετὴν
3169 2686 3284 2757 βίου
3310 2689 3640 2763 τελειωθείη,

2081 2781 2220 2836 ὥστε
2242 2782 2329 2836 διὰ
2356 2781 2569 2836 πάντων
2604 2777 3010 2850 κατορθωθῆναι
3040 2795 3131 2831 σου
3173 2780 3239 2849 τῇ
3269 2779 3379 2850 ζωῇ
3410 2781 3470 2833 τὸ
3497 2781 3647 2852 ἀμὼ-

2084 2891 2270 2945 μητον.
2308 2872 2450 2942 Ἐγὼ
2484 2871 2541 2925 δὲ
2576 2871 2702 2939 περὶ
2732 2870 2932 2934 παντὸς
2974 2870 3072 2940 μὲν
3103 2870 3168 2923 ἂν
3195 2871 3558 2942 ἐποιησάμην,
3593 2876 3649 2927 ἐν

2080 2965 2157 3035 τῷ
2197 2963 2314 3035 ἐμῷ
2352 2963 2452 3034 βίῳ
2490 2962 2597 3015 τῶν
2627 2961 2709 3014 σοὶ
2754 2961 3196 3031 σπουδαζομένων
3252 2963 3538 3034 εὑρεθῆναι
3585 2966 3654 3019 τὰ

2083 3059 2472 3129 ὑποδείγματα,
2511 3058 2650 3112 ὥστε
2695 3061 2807 3120 τοῖς
2833 3056 3013 3128 ἔργοις
3051 3057 3156 3130 πρὸ
3182 3057 3289 3111 τῶν
3329 3058 3502 3128 λόγων
3533 3061 3654 3115 ἑπι-

2083 3152 2415 3222 ζητουμένην
2453 3151 2556 3204 ὑπὸ
2591 3149 2683 3202 σοῦ
2725 3151 3026 3220 παρασχεῖν
3075 3149 3443 3204 διδασκαλίαν.
3496 3151 3655 3206 Οῦτω

2080 3243 2189 3313 γὰρ
2226 3240 2292 3296 ἂν
2324 3241 2631 3306 ἀξιόπιστος
2671 3237 2739 3312 ἦν
2767 3240 2877 3293 τῶν
2909 3235 3126 3308 ἀγαθῶν
3152 3241 3185 3310 ἠ
3231 3241 3525 3311 ύφήγησις,
3557 3242 3654 3296 τοῦ

2085 3334 2199 3405 βίου
2243 3338 2354 3396 τοῖς
2391 3334 2563 3397 λόγοις
2607 3332 3110 3404 συμφθεγγομένου.
3160 3332 3377 3404 Ἐπειδὴ
3411 3333 3466 3384 δὲ
3499 3333 3660 3388 τοῦτο

2087 3422 2184 3493 μὲν
2213 3421 2441 3493 εὔχομαι
2489 3421 2742 3490 γενέσθαι
2789 3422 2950 3482 ποτὲ,
2999 3419 3093 3474 νῦν
3134 3419 3190 3472 δὲ
3219 3420 3368 3474 οὔπω
3419 3422 3661 3476 τοιοῦτον

2082 3511 2315 3582 ἐμαυτὸν
2358 3511 2587 3582 βλέπων,
2646 3511 2721 3573 ὡς
2768 3510 2888 3563 ἀντὶ
2933 3509 3026 3562 τοῦ
3070 3510 3227 3578 λόγου
3283 3510 3659 3581 προδεικνύειν

2082 3604 2173 3656 τὸν
2229 3603 2362 3674 βίον,
2409 3603 2495 3655 ἵνα
2533 3601 2607 3673 μὴ
2653 3601 2878 3654 καθόλου
2920 3601 3134 3670 δοκοίην
3176 3601 3467 3672 ἀσυντελὴς
3514 3597 3654 3654 εἷναί

2085 3692 2166 3745 σοί
2195 3709 2276 3755 τις
2313 3692 2447 3762 πρὸς
2472 3692 2560 3743 τὸν
2598 3690 2794 3744 σκοπὸν
2819 3692 2913 3744 καὶ
2949 3690 3226 3761 ἀνόνητος,
3253 3691 3336 3760 ἐφ’
3369 3692 3398 3744 ὃ
3417 3691 3496 3745 δεῖ
3525 3709 3653 3746 συν-

2082 3784 2250 3836 τεῖναι
2285 3782 2374 3835 τὸν
2403 3782 2602 3852 ἀκριϐῆ
2636 3781 2768 3852 βίον,
2795 3781 3086 3835 ὑποθέσθαι
3119 3780 3418 3852 διενοήθην,
3468 3781 3652 3835 ὲντεῦο

2086 3873 2177 3926 θεν
2223 3873 2315 3926 τοῦ
2347 3872 2504 3938 λόγου
2538 3872 2636 3944 τὴν
2677 3873 2851 3944 ἀρχὴν
2886 3873 3270 3943 ποιησάμενοςο
3299 3874 3405 3928 Τοῦ
3445 3872 3651 3943 ἀγαθοῦ

416 3963 602 4020 Bonus
660 3963 922 4022 Dominus
977 3974 1167 4023 noster
1199 3965 1360 4022 Jesus
1405 3965 1661 4022 Christus
1713 3981 1836 4030 nos,
1884 3957 2028 4036 quil

2084 3966 2344 4018 Δεσπότου
2397 3965 2552 4036 ήμῶν
2611 3965 2782 4035 Ἰησοῦ
2837 3965 3072 4036 Χριστοῦ
3125 3967 3496 4036 χαρισαμένου
3552 3965 3649 4035 τὴν

414 4053 473 4109 in
503 4055 681 4124 ipsum
731 4056 1028 4117 credimus,
1063 4055 1326 4110 adorandi
1366 4055 1604 4110 nominis
1645 4055 1729 4110 sui
1761 4055 1984 4131 partici-

415 4160 514 4216 pes
563 4143 714 4212 l‘ecit,
769 4154 827 4200 ut
870 4147 984 4201 sive
1029 4148 1250 4209 divites,
1285 4147 1401 4202 sive
1447 4147 1684 4210 nobiles,
1725 4147 1840 4201 sive
1877 4147 1980 4200 ob-

417 4237 590 4300 scuri,
620 4237 736 4292 sive
771 4238 983 4309 inopes,
1013 4239 1127 4294 sive
1155 4238 1420 4294 doctrina:
1461 4247 1555 4293 aut
1585 4238 1868 4310 dignitatis
1901 4238 1986 4291 in-

415 4328 665 4398 signibus
699 4331 946 4386 exornati
994 4331 1189 4395 simus,
1235 4331 1382 4385 nulla
1431 4339 1610 4386 tamen
1663 4347 1728 4385 ex
1767 4346 1824 4384 re
1866 4344 1987 4400 qua:

417 4420 577 4476 nobis
622 4420 765 4477 adsit
794 4422 1158 4486 nominemur,
1191 4423 1286 4477 sed
1332 4423 1417 4477 his
1457 4423 1710 4476 omnibus
1741 4421 1982 4490 rejectis,

415 4513 488 4568 de
534 4527 642 4567 uno
695 4512 913 4566 nomine
962 4512 1134 4580 ipsius
1165 4511 1384 4580 proprie
1431 4511 1770 4579 appellemur
1822 4510 1984 4566 Chri-

416 4602 603 4661 stiani.
662 4603 798 4656 Cum
854 4603 1018 4671 igitur
1074 4602 1212 4655 hanc
1277 4600 1434 4655 nobis
1473 4617 1503 4654 e
1548 4602 1689 4656 emlo
1751 4601 1984 4671 gratiam

418 4691 686 4757 attulerit,
744 4705 925 4760 operte
983 4691 1216 4760 pretium
1271 4697 1354 4744 est
1419 4697 1481 4744 ut
1536 4691 1691 4760 prius
1744 4692 1987 4746 muneris

420 4781 847 4852 magnitudinem
896 4781 1330 4842 consideremus,
1379 4796 1489 4849 quo
1540 4781 1766 4835 meritas
1823 4782 1986 4852 largi-

420 4875 527 4926 tori
557 4873 668 4928 Deo
701 4873 906 4942 gratias
936 4872 1256 4928 habeamus.
1309 4870 1512 4926 Deinde
1557 4871 1694 4925 tales
1736 4871 1792 4925 in
1835 4872 1982 4926 omni

420 4965 529 5019 vita
559 4981 659 5019 nos
693 4973 1031 5034 prmstemus,
1064 4966 1254 5034 quales
1285 4964 1513 5034 requirit
1542 4963 1773 5032 hujusce
1805 4965 1984 5018 nomi—

420 5053 509 5107 nis
551 5053 895 5110 excellentia.
931 5055 1144 5120 Quanta
1188 5057 1258 5108 sit
1298 5053 1468 5122 hujus
1499 5053 1745 5108 muneris
1774 5057 1983 5124 magni-

421 5143 576 5208 tudo,
627 5143 768 5213 quod
820 5145 964 5200 illius
1021 5146 1112 5215 qni
1163 5147 1286 5200 vita:
1326 5153 1529 5201 nostrae
1584 5145 1846 5199 Dominus
1900 5154 1985 5200 est

422 5235 646 5291 nomine
668 5251 1067 5305 nuncupemur,
1104 5237 1261 5291 nobis
1289 5237 1639 5306 perspicuum
1672 5237 1763 5290 ﬁet
1785 5237 1828 5291 si
1851 5236 1978 5306 quid

422 5339 619 5381 nomen
649 5325 874 5394 ipsuma
909 5323 1126 5380 Christo
1167 5325 1456 5380 deductum
1491 5325 1765 5396 signiﬁcet
1803 5325 1981 5378 anim-

423 5415 792 5478 advertemus.
830 5423 890 5470 ut
922 5414 1287 5486 intelligamus
1330 5415 1549 5487 quando
1589 5416 1828 5471 universi
1876 5414 1984 5468 Do-

424 5506 633 5560 minum
664 5507 720 5560 in
755 5507 958 5563 nostris
997 5509 1404 5576 precationibus
1445 5509 1548 5562 hac
1579 5523 1710 5563 voce
1735 5491 1985 5562 nomina-

425 5609 569 5659 mus,
597 5609 759 5664 quam
794 5597 992 5654 animis
1035 5599 1242 5654 nostris
1275 5600 1554 5668 notionem
1585 5598 1981 5668 concipiamus,

426 5691 522 5737 aut
553 5682 682 5752 quid
715 5698 810 5752 per
841 5685 943 5738 hoc
982 5701 1176 5741 nomen
1215 5667 1518 5756 cogitantes
1546 5696 1668 5755 apte
1696 5667 1984 5741 credamus

429 5778 606 5849 ipsum
651 5777 942 5849 appellare.
991 5776 1044 5834 Id
1079 5779 1167 5836 ubi
1215 5789 1556 5850 compertum
1602 5779 1976 5846 habuerimus,

2084 4057 2363 4111 κοινωνίαν
2395 4059 2524 4129 ἡμῖν
2569 4057 2662 4110 τοῦ
2699 4058 3168 4128 πρησκυνουμένου
3197 4057 3478 4128 ὀνόματος,
3511 4055 3652 4110 ὥστε

2085 4149 2230 4218 ἡμᾶς
2261 4149 2325 4200 ἐκ
2357 4147 2576 4218 μηδενὸς
2608 4147 2766 4202 ἄλλου
2798 4147 2906 4201 τῶν
2937 4150 3063 4220 περὶ
3096 4151 3242 4220 ἡμᾶς
3273 4148 3654 4219 ὀνομάζεσθαι,

2085 4239 2184 4293 κᾶν
2213 4239 2460 4304 πλούσιός
2489 4257 2571 4302 τις
2605 4238 2681 4293 ὢν
2705 4239 2860 4310 τύχῃ,
2891 4240 2981 4293 καὶ
3004 4241 3346 4313 εὐπατρίδης,
3383 4240 3486 4294 κᾶν
3525 4241 3653 4293 δυσο

2087 4329 2249 4400 γενὴς
2374 4329 2407 4399 ἢ
2462 4329 2661 4400 πένης,
2689 4331 2782 4383 καὶ
2823 4329 2882 4394 ἐξ
2926 4330 3362 4401 ἐπιτηδευμάτων
3407 4329 3570 4383 τινῶν
3620 4331 3656 4404 ἢ

2084 4421 2409 4491 ἀξιωμάτων
2445 4421 2505 4473 τὸ
2543 4421 2819 4500 γνῴριμον
2853 4421 2971 4494 ἔχῃ,
3020 4423 3234 4476 πάντων
3263 4421 3368 4474 τῶν
3397 4422 3659 4476 τοιούτων

2084 4513 2362 4582 ὀνομάτων
2387 4511 2719 4582 ἀργούντων,
2762 4513 2892 4583 μίαν
2920 4509 3058 4568 εἶναι
3085 4512 3276 4582 κυρίαν
3314 4512 3503 4582 κλῆσιν
3541 4515 3656 4575 τοῖς

2085 4606 2163 4666 εἰς
2192 4604 2351 4657 αὑτὸν
2400 4604 2791 4657 πεπιστευκόσι
2837 4603 3155 4674 δεδώρηται,
3205 4603 3268 4656 τὸ
3296 4605 3656 4673 Χριστιανοὺς

2083 4693 2460 4764 ὀνομάζεσθαι.
2507 4693 2722 4764 Ταύτης
2769 4694 2974 4748 ἄνωθεν
3031 4696 3164 4764 ἡμῖν
3216 4693 3657 4764 ὲπικυρωθείσης

2083 4783 2183 4852 τῆς
2223 4783 2474 4853 χάριτος,
2515 4781 2812 4850 ἀναγκαῖον
2853 4781 2918 4834 ἂν
2950 4781 3035 4850 εῖη
3064 4781 3275 4852 πρῶτον
3307 4781 3408 4849 τῆς
3447 4781 3657 4851 δωρεᾶς

2083 4877 2271 4946 νοῆσαι
2299 4875 2358 4927 τὸ
2390 4872 2636 4943 μέγεθος,
2659 4872 2798 4925 ὥστε
2827 4872 2945 4925 κατ’
2970 4873 3125 4938 ἀξίαν
3152 4870 3546 4940 εύχαριστῆσαι
3573 4869 3657 4941 τῷ

2081 4962 2152 5014 τὰ
2170 4960 2467 5032 τηλικαῦτα
2486 4960 2857 5030 δωρησαμένῳ
2878 4959 3017 5030 Θεῷ.
3035 4959 3262 5012 Ἔπειτα
3287 4959 3345 5012 δὲ
3377 4958 3657 5022 τοιούτους

2082 5050 2305 5114 ἑαυτοὺς
2334 5050 2422 5103 διὰ
2450 5049 2542 5102 τοῦ
2568 5049 2680 5119 βίου
2720 5049 2909 5114 δεῖξαι,
2943 5043 3054 5101 οἷον
3083 5049 3330 5119 ἐπιζητεῖ
3361 5051 3392 5118 ἡ
3425 5048 3520 5100 τοῦ
3554 5067 3658 5117 με-

2082 5142 2246 5210 γάλου
2278 5141 2466 5193 τούτου
2504 5140 2764 5209 ὀνόματος
2788 5138 3034 5210 δύναμις.
3073 5139 3145 5191 Τὸ
3178 5138 3276 5209 μὲν
3298 5134 3389 5192 οῦν
3429 5138 3660 5208 μέγεθος

2085 5233 2185 5301 τῆς
2211 5232 2436 5302 δωρεᾶς,
2477 5225 2545 5301 ἦς
2571 5229 2660 5283 διὰ
2690 5229 2784 5283 τοῦ
2816 5229 3274 5300 συνονομασθῆναι
3304 5229 3380 5298 τῷ
3411 5229 3660 5300 Δεσπότῃ

2087 5324 2186 5392 τῆς
2228 5322 2374 5392 ζωῆς
2406 5321 2562 5390 ἡμῶν
2606 5319 2933 5391 ἠξιώθημεν,
2961 5320 3132 5383 οὕτως
3173 5319 3238 5373 ἂν
3265 5320 3472 5387 γένοιτο
3499 5319 3658 5388 δῆλον

2090 5417 2240 5485 ἡμῖν,
2263 5415 2311 5466 εί
2348 5413 2479 5467 αὐτὸ
2505 5413 2566 5464 τὸ
2595 5411 2992 5482 σημαινόμενον
3024 5411 3116 5464 τοῦ
3144 5410 3281 5465 κατὰ
3303 5410 3394 5462 τὸν
3423 5410 3658 5480 Χριστὸν

2089 5505 2345 5574 ὀνόματος
2366 5504 2760 5574 ’ὲπιγνοίημεν,
2798 5499 2938 5553 ὥστε
2967 5503 3219 5563 συνεῖναι,
3242 5501 3369 5554 ὅταν
3403 5500 3491 5554 διὰ
3527 5500 3657 5552 ταύ-

2089 5616 2186 5669 της
2215 5597 2313 5667 τῆς
2339 5598 2521 5667 φωνῆς
2541 5596 2630 5650 τὸν
2653 5593 2746 5648 τοῦ
2784 5593 2982 5656 παντὸς
3005 5593 3208 5663 Κύριον
3238 5593 3295 5644 ὲν
3324 5596 3442 5655 ταῖς
3467 5593 3657 5660 εὐχαῖς

2091 5684 2556 5757 προσκαλιῦμεθα,
2607 5683 2764 5735 ποίαν
2801 5683 2917 5744 ταῖς
2963 5679 3159 5749 ψυχαῖς
3209 5679 3365 5751 ἡμῶν
3412 5681 3656 5747 ἀναλαμ-

2089 5776 2318 5844 ϐάνομεν
2346 5773 2581 5840 ἔννοιαν,
2632 5772 2663 5840 ἢ
2699 5772 2746 5823 τί
2782 5770 2865 5825 διὰ
2905 5769 2995 5824 τοῦ
3026 5771 3286 5840 ὀνόματος
3318 5767 3501 5821 τούτου
3544 5784 3648 5820 κα-
