3896 6208
247 337 361 396 253

1278 339 1367 395 DE
1403 339 1768 399 PERFECTA
1805 338 2203 398 CIIRISTIANI
2236 340 2491 397 FORMA.

3404 341 3514 401 258

249 453 592 521 τανοοῦντες,
625 453 866 516 εὐσεϐῶς
888 455 1049 510 αὐτὸν
1074 455 1448 512 ἐπικαλεῖσθαι
1478 457 1825 529 πιστεύομεν.

1937 457 2053 527 ipso
2091 460 2312 514 nomine
2352 465 2414 513 ut
2448 432 2719 527 magistro
2753 464 2808 510 et
2852 454 2994 510 duce
3028 454 3095 511 ad
3138 456 3277 510 bene
3324 453 3513 509 beate-

265 543 523 597 Ἐπειδὰν
548 543 603 595 δὲ
627 543 783 596 τοῦτο
810 544 1114 616 νοήσωμεν,
1142 545 1261 599 τότε
1290 547 1356 600 δι’
1387 546 1706 609 ἀκολούθου,
1741 548 1836 600 καὶ

254 635 407 699 οἴους
435 635 699 706 προσήκει
732 637 879 707 ἡμᾶς
901 636 990 690 διὰ
1020 637 1122 707 τῆς
1151 638 1279 710 περί
1326 639 1415 692 τὸν
1450 638 1563 708 βίον
1603 638 1835 709 σπουδῆς

254 725 658 795 ἐπιδειχθῆναι,
724 727 912 795 σαφῶς
946 728 1343 800 μαθησόμεθα,
1391 730 1695 801 διδασκάλῳ
1741 731 1836 783 καὶ

251 814 435 886 ὁδηγῷ
460 816 597 887 πρὸς
630 816 723 869 τὸν
760 816 876 887 βίον
906 818 984 888 τῷ
1018 818 1243 889 ὀνόματι
1297 819 1589 891 χρώμενοι.
1624 818 1834 874 υύκοῦν

249 905 344 959 τὸν
384 905 537 974 ἅγιον
584 906 827 960 Παῦλον.
856 907 992 977 πρὸς
1032 908 1099 961 τά
1141 908 1235 963 δύο
1265 909 1437 963 ταῦτα
1482 909 1834 981 καθηγεμόνα

249 995 585 1067 ποιούμενοι,
620 998 1036 1069 ἀσφαλεστάτην
1077 1000 1271 1070 ἕξομεν
1309 1001 1530 1070 ὁδηγίαν
1562 1003 1694 1071 πρὸς
1732 1000 1832 1071 τὴν

243 1088 360 1141 τῶν
423 1088 779 1160 ζητουμένων
834 1092 1151 1161 σαφήνειαν.
1216 1076 1382 1157 Οὗτος
1431 1091 1540 1162 γὰρ
1596 1091 1832 1162 μάλιστα

244 1180 472 1234 πάντων
498 1180 762 1251 ἀκριϐῶς,
808 1183 903 1235 καὶ
929 1182 982 1234 τί
1014 1184 1209 1237 ἐστινό
1243 1184 1476 1254 Χριστὸς
1517 1184 1828 1254 κατενόησε,

246 1270 349 1324 καὶ
388 1264 499 1324 οἷον
529 1267 670 1325 εἶναι
694 1272 800 1343 χρὴ
827 1272 919 1328 τὸν
952 1273 1421 1345 ἐπονομαζόμενον
1448 1274 1617 1345 αὐτῷ,
1661 1273 1729 1326 δι’
1755 1267 1830 1327 ὧν

248 1361 526 1433 εποίησεν,
562 1365 921 1445 ὑφηγήσατοσ
958 1365 1129 1430 οὖλως
1167 1367 1413 1438 ἐναργῶς
1455 1367 1618 1421 αὐτὸν
1656 1384 1829 1438 μιμη-

250 1454 506 1524 σάμενος,
535 1454 613 1519 ὡς
640 1457 701 1510 ἐν
746 1456 925 1528 ἑαυτῷ
967 1458 1136 1525 δεῖξαι
1185 1459 1276 1513 τὸν
1321 1459 1515 1513 ἑαυτοῦ
1555 1459 1829 1531 Δεσπότην

251 1542 715 1613 μεμορφωμένον,
770 1543 862 1597 διὰ
908 1545 1008 1615 τῆς
1053 1544 1451 1617 ἀκριϐεστάτης
1508 1548 1825 1618 μιμήσεως,

253 1634 682 1704 μεταδληθέντος
724 1635 818 1689 τοῦ
848 1635 947 1706 τῆς
974 1635 1153 1708 ψυχῆς
1184 1638 1349 1691 αὐτοῦ
1379 1638 1551 1703 εἴδους
1598 1639 1733 1710 πρὸς
1765 1639 1827 1692 τὸ

252 1724 630 1794 πρωτότυπον,
649 1726 721 1789 ὡς
740 1726 933 1795 μηκέτι
956 1725 1168 1780 Παῦλον
1188 1722 1523 1782 εἷναιδοκείν
1539 1730 1629 1782 τὸν
1646 1728 1826 1793 ζῶντά

1936 564 2043 620 que.
2072 550 2364 605 vivendum
2417 557 2655 613 utentes,
2691 563 2813 618 quae
2843 549 3002 603 nobis
3038 546 3164 601 vita:
3195 546 3377 602 studia
3422 560 3513 600 se-

1936 642 2153 712 quenda
2208 641 2339 707 sint,
2387 639 2546 696 facile
2583 655 3003 711 cognoscemus.
3050 638 3131 694 Ad
3182 638 3510 692 inec-autem

1935 734 2044 789 duo
2069 750 2190 804 qua:
2217 734 2615 804 investigamus
2649 731 2994 803 percipienda
3027 729 3359 785 tutissimum
3389 728 3510 782 adi-

1937 838 2048 882 tum
2076 828 2418 891 habebimus,
2452 829 2498 884 si
2533 829 2692 883 nobis
2718 828 2779 881 D.
2816 827 3045 881 Paulum
3077 825 3285 880 itineris
3309 824 3508 878 ducem

1936 920 2410 990 proposuerimus.
2460 920 2562 974 liic
2592 920 2737 975 enim
2774 920 3011 974 maxime
3045 918 3288 971 omnium
3322 915 3507 987 exqui-

1932 1012 2069 1076 site,
2122 1022 2175 1067 et
2222 1012 2314 1082 qui
2359 1011 2616 1067 Christus
2684 1010 2758 1066 sit
2805 1013 2995 1075 novit,
3033 1018 3087 1066 et
3126 1010 3340 1080 qualem
3382 1021 3506 1063 esse

1930 1111 2201 1172 oporteat,
2236 1104 2331 1173 qui
2385 1104 2456 1158 ab
2504 1118 2570 1157 eo
2618 1118 2820 1157 nomen
2878 1104 3114 1172 accepit,
3165 1116 3232 1155 ex
3280 1099 3351 1155 iis
3384 1113 3506 1168 quae

1931 1194 2102 1263 gessit
2142 1194 2280 1265 ipse,
2324 1194 2626 1249 declaravit
2660 1213 2674 1248 :
2706 1208 2831 1247 nam
2865 1193 3000 1248 adeo
3047 1198 3303 1247 accurate
3352 1190 3504 1243 illum

1929 1286 2177 1340 imitatus
2217 1293 2322 1352 est,
2358 1293 2417 1339 ut
2447 1285 2505 1341 in
2542 1300 2602 1341 se
2630 1285 2919 1340 Dominum
2960 1287 3140 1356 ipsum
3184 1297 3503 1353 expressum

1929 1375 2255 1440 ostenderit,
2318 1375 2522 1446 quippe
2568 1374 2660 1444 qui
2710 1373 3134 1443 diligentissima
3195 1372 3505 1425 imitatione

1929 1467 2159 1523 formam
2212 1468 2384 1522 animi
2428 1467 2515 1523 sui
2552 1468 2626 1521 ita
2679 1465 2965 1521 transtulit
3012 1464 3068 1519 in
3110 1465 3288 1533 ipsum
3317 1478 3504 1517 exem-

1928 1559 2069 1628 plar,
2103 1566 2163 1613 ut
2189 1572 2296 1612 non
2327 1558 2587 1629 amplius,
2616 1558 2712 1629 qui
2751 1556 3099 1626 loquebatur,
3142 1553 3361 1617 Paulus,
3404 1551 3500 1606 sed

1927 1646 2184 1705 Christus
2236 1664 2360 1705 esse
2418 1648 2719 1716 videretur,
2768 1645 3222 1718 quemadmodum
3273 1645 3502 1715 ipsemet

1928 1740 2084 1803 dicit.
2115 1740 2208 1809 qui
2254 1740 2474 1810 propria
2513 1741 2655 1796 bona
2687 1738 2915 1810 pulchre
2952 1738 3225 1793 sentiebat
3259 1754 3272 1791 :
3306 1753 3325 1786 ι
3353 1733 3501 1800 Quo-

250 1831 317 1868 τε
339 1816 436 1868 καὶ
463 1815 846 1888 φθεγγόμενον,
879 1818 995 1872 ἀλλ’
1026 1818 1187 1873 αὑτὸν
1224 1820 1315 1874 τὸν
1343 1821 1577 1892 Χριστὸν
1592 1823 1651 1874 ἐν
1675 1818 1825 1892 αύτῷ

1933 1831 2079 1885 niam
2107 1832 2560 1901 experimentum,
2594 1850 2613 1883 ι
2651 1830 2827 1900 inquit
2850 1831 2892 1893 ί,
2930 1847 2949 1880 ι
2983 1828 3228 1899 ιιιιιιξιίιίε
3257 1826 3380 1897 ejus
3404 1824 3500 1894 qui

255 1906 382 1978 ζῇν*
415 1907 593 1972 καθώς
619 1926 782 1981 φησιν
811 1912 841 1964 ό
880 1912 1044 1976 καλὸς
1088 1912 1195 1968 τῶν
1232 1912 1374 1966 ἰδίων
1407 1912 1627 1981 ἀγαθῶν
1671 1915 1827 1966 ἐπαι-

252 1997 535 2068 σθόμενος,
566 2000 649 2053 ὅτι
689 2007 723 2054 ι’
749 2003 814 2057 Εἰ
842 2003 1069 2075 δοκιμὴν
1109 2004 1323 2074 ζητεῖτε
1361 2004 1454 2057 τοῦ
1484 2006 1541 2059 ὲν
1580 2005 1702 2075 ἐμοὶ
1733 2004 1846 2061 λα-,-

245 2088 470 2154 λοῦντος
489 2091 748 2163 Χριστοῦ.
785 2113 806 2148 ι
840 2096 981 2163 Καὶ,
1007 2095 1090 2150 δτι
1117 2114 1136 2149 ι
1168 2095 1255 2151 Ζῶ
1284 2095 1341 2149 δὲ
1371 2094 1482 2164 ἐγὼ
1506 2096 1606 2150 οὐκ
1632 2096 1734 2162 ἔτι,
1758 2094 1823 2167 ζῇ

244 2184 306 2239 δὲ
339 2186 400 2237 ὲν
426 2185 548 2254 ἐμοὶ
575 2187 829 2257 Χριστός.
866 2206 887 2241 ι

322 2267 492 2339 οὗτος
521 2271 615 2330 οὖν
641 2277 737 2331 τοῦ
769 2278 909 2332 κατὰ
939 2278 1171 2351 Χριστὸν
1202 2277 1557 2350 ὀνομάζοντος
1593 2278 1824 2353 ἐγνώρι-

246 2383 347 2420 σεν
395 2367 527 2438 ἡμῖν
588 2366 650 2421 τὸ
702 2369 1136 2441 σημαινόμενον,
1193 2371 1404 2434 εἰπὼν,
1456 2371 1539 2423 ὅτι
1592 2369 1826 2441 Χριστός

243 2459 368 2512 ἐστι
393 2458 530 2513 Θεοῦ
555 2458 780 2529 δύναμις
811 2461 905 2514 καὶ
936 2460 1072 2514 Θεοῦ
1103 2460 1285 2530 σοφία,
1316 2460 1453 2514 ἀλλὰ
1486 2462 1580 2515 καὶ
1603 2462 1825 2533 εἰρήνην

243 2550 413 2605 αὐτὸν
439 2550 686 2618 ἐκάλεσε,
713 2552 808 2606 καὶ
832 2552 945 2622 φῶς
966 2552 1279 2624 ἀπρόσιτον,
1312 2555 1370 2608 ὲν
1389 2547 1433 2622 ᾧ
1454 2555 1596 2607 οἰκεῖ
1615 2555 1643 2608 ό
1666 2553 1838 2616 Θεὸς,τ

246 2642 524 2712 ἁγιασμόν
557 2658 618 2697 τε
646 2643 741 2697 καὶ
778 2642 1175 2717 ἀπολύτρωσιν,
1220 2644 1481 2716 ἀρχιερέα
1524 2661 1583 2697 τε
1626 2643 1823 2714 μέγαν,

245 2733 349 2788 καί
374 2734 585 2805 Πάσχα,
634 2733 942 2805 ἱλαστήριον
986 2735 1194 2805 ψυχῶν,
1250 2736 1590 2807 ἀπαύγασμα
1642 2735 1821 2806 δόξης,

246 2828 575 2900 χαρακτῆρα
600 2827 971 2893 ὑποστάσεως,
1001 2830 1096 2882 καὶ
1116 2828 1343 2900 ποιητὴν
1362 2828 1594 2891 αἰώνων,
1628 2829 1825 2901 βρῶμα

248 2920 619 2991 πνευματικὸν
651 2920 745 2974 καὶ
786 2919 969 2991 πόμα,
1016 2921 1110 2975 καὶ
1148 2920 1375 2993 πέτραν,
1406 2920 1500 2974 καὶ
1531 2919 1694 2993 ὓδωρ,
1738 2921 1826 2973 θε-

250 3008 440 3080 μέλιον
472 3009 726 3076 πίστεως,
758 3010 853 3063 καὶ
895 3009 1096 3079 γωνίας
1138 3011 1399 3081 κεφαλὴν,
1434 3010 1530 3064 καὶ
1566 3009 1701 3064 Θεοῦ
1727 3009 1823 3063 τοῦ

524 3102 745 3208 εἰκόνα,
795 3102 889 3208 καὶ
924 3101 1097 3173 μέγαν
1143 3101 1296 3169 Θεὸν,
1345 3102 1585 3174 κεφαλήν
1622 3119 1692 3156 -τε
1724 3101 1818 3156 τοῦ
1847 3146 1895 3208 C

244 3194 351 3265 τῆς
394 3194 717 3264 Ἐκκλησίας
767 3192 1036 3269 σώματος,
1076 3193 1172 3247 καὶ
1206 3192 1307 3264 τῆς
1349 3194 1542 3264 καινῆς
1589 3193 1820 3258 κτίσεως

246 3285 620 3358 πρωτότοκον,
652 3285 749 3340 καὶ
782 3284 1038 3356 ἀπαρχὴν
1065 3284 1173 3338 τῶν
1208 3284 1643 3356 κεκοιμημένων,
1674 3301 1824 3353 πρωί

245 3377 470 3431 τότοκον
490 3377 554 3430 ἐκ
579 3374 811 3448 νεκρῶν,
841 3376 934 3429 καὶ
965 3375 1310 3448 πρωτότοκον
1344 3378 1401 3428 ἐν
1428 3374 1640 3439 πολλοῖς
1670 3374 1824 3429 ἀδελ-

247 3468 394 3538 φοῖς,
444 3468 537 3520 καὶ
592 3466 821 3538 μεσίτην
863 3464 1001 3519 Θεοῦ
1051 3464 1145 3519 καὶ
1187 3464 1522 3540 ἀνθρώπων,
1569 3466 1664 3520 καί⁵
1695 3464 1822 3520 Υἰὺν

250 3558 516 3629 μονογενῆ
544 3557 672 3629 δόξῃ
695 3556 789 3611 καὶ
825 3559 956 3628 τιμῇ
995 3556 1461 3628 ἐστεφανωμένον,
1495 3557 1590 3612 καί¹
1619 3556 1823 3627 Κύριον

244 3650 354 3722 τῆς
388 3650 564 3722 δόξης,
588 3650 684 3704 καὶ
707 3649 882 3722 ἀρχὴν
910 3648 1019 3703 τῶν
1042 3650 1212 3703 ὄντων
1252 3648 1457 3721 (οὕτως
1493 3649 1664 3704 εἰπὼν
1693 3648 1824 3721 περὶ

243 3741 453 3800 αὐτοῦ’
504 3744 601 3807 ’ος
653 3743 802 3795 ἐστιν
854 3741 1068 3813 ἀρχὴ),
1122 3740 1345 3812 βασιλέα
1387 3758 1448 3795 τε
1479 3741 1824 3815 δικαιοσύνης

243 3835 397 3909 πρὸς
440 3833 675 3899 τούτοις,
720 3832 943 3904 βασιλέα
989 3834 1246 3904 εἰρήνης,
1291 3833 1385 3887 καί
1433 3831 1658 3904 βασιλέα
1713 3834 1824 3889 τῶν

248 3926 543 3989 ἁπάντων,
583 3924 985 3997 ἀπερίγραπτον
1043 3923 1233 3994 ἔχοντα
1282 3926 1384 3995 τῇς
1436 3923 1709 3996 βασιλείας
1763 3924 1825 3979 τὸ

244 4017 479 4089 κράτος.
516 4015 624 4069 Καὶ
672 4014 801 4069 ἀλλα
844 4014 1071 4069 τοιαῦτα
1101 4013 1301 4081 πολλὰ,
1345 4009 1421 4069 ὧν
1467 4016 1568 4070 οὐκ
1616 4015 1730 4069 ἔστι
1762 4014 1824 4069 τδ

245 4107 458 4179 πλῆθος
502 4105 699 4177 ῥαδίως
730 4104 1193 4177 ἐξαριθμήσασθαι
1216 4121 1231 4137 ⁸
1285 4107 1429 4179 άπερ
1479 4106 1656 4161 πάντα
1700 4123 1824 4161 συν-

246 4198 475 4253 τεθέντα
516 4196 652 4268 πρὸς
675 4196 902 4268 ἄλληλα.
940 4196 1038 4268 τῆς
1083 4196 1313 4251 ἑκάστου
1359 4197 1469 4251 τῶν
1519 4196 1823 4269 ἐπωνύμων

244 4290 520 4354 διανοίας,
547 4288 612 4343 τὺ
646 4288 776 4359 παρ’
821 4288 1018 4359 ἑαυτῆς
1051 4288 1132 4353 εἰς
1159 4286 1385 4355 ἔνδειξιν
1427 4287 1524 4342 τοῦ
1558 4305 1823 4360 σημαινο-

251 4381 414 4451 μένου
447 4380 936 4451 συνιισφιρούσης,
969 4379 1207 4450 ἔμφασιν
1247 4397 1371 4434 τινα
1398 4380 1498 4449 τῆς
1542 4379 1822 4450 σημασίας

1928 1923 1985 1977 in
2032 1938 2119 1978 me
2168 1924 2410 1993 loquitur
2455 1922 2730 1979 Christus.
2765 1940 2786 1973 ι
2851 1919 2939 1983 Et,
2994 1938 3013 1971 ι
3054 1917 3188 1991 Vivo
3238 1930 3339 1987 ego
3380 1915 3498 1985 jam

1926 2029 2036 2071 non
2064 2029 2185 2087 ego,
2220 2015 2353 2071 vivit
2393 2023 2574 2071 autem
2613 2014 2668 2069 in
2708 2028 2797 2069 me
2825 2009 3149 2068 Christus’.
3189 2030 3209 2065 ι

1997 2283 2096 2340 Hic
2124 2282 2288 2354 igitur
2320 2279 2480 2337 nobis
2509 2285 2563 2335 et
2608 2291 2774 2349 quam
2819 2275 2927 2330 vim
2963 2289 3161 2329 nomen
3201 2273 3307 2328 hoc
3337 2272 3497 2328 Chri—

1927 2386 2048 2432 stus
2085 2375 2284 2429 habeat
2319 2370 2615 2443 patefecit,
2660 2384 2786 2424 cum
2817 2367 3025 2422 diceret
3058 2364 3336 2420 Christum
3372 2378 3497 2419 esse

1926 2468 2022 2523 Dei
2057 2468 2315 2522 virtutem
2341 2475 2395 2519 et
2434 2462 2527 2519 Dei
2562 2460 2910 2531 sapientiam,
2944 2472 3180 2527 eumque
3209 2463 3264 2511 et
3304 2469 3496 2526 pacem

1925 2562 2102 2631 ipsum
2136 2557 2446 2613 nominaret
2481 2563 2535 2609 et
2581 2553 2759 2606 lucem
2801 2548 3262 2613 inaccessibilem,
3295 2546 3350 2601 in
3385 2559 3497 2617 qua

1926 2647 2071 2703 Deus
2103 2646 2394 2706 inhabitat.
2424 2643 2812 2715 expiationem.
2847 2649 2901 2696 et
2943 2641 3396 2709 redemptionem,
3440 2644 3497 2693 et

1923 2740 2259 2799 sacerdotem
2300 2752 2582 2809 magnmn,
2615 2745 2670 2791 et
2693 2734 2929 2793 Pascha.
2962 2743 3013 2790 et
3049 2733 3495 2804 propitiationetn

1923 2831 2251 2892 animarum,
2270 2827 2615 2898 splendorem
2636 2826 2823 2897 gloria:
2838 2831 2892 2880 et
2911 2823 3135 2895 figurant
3153 2822 3493 2885 substantiae,

1922 2930 1977 2977 et
2001 2920 2310 2977 effectorem
2341 2919 2687 2983 saeculorum,
2716 2917 2897 2972 cibum
2932 2930 2996 2970 ac
3024 2923 3211 2986 potum
3239 2912 3500 2984 spiritua-

1924 3016 2050 3078 lem,
2080 3021 2288 3084 petram
2311 3019 2363 3067 et
2388 3025 2605 3081 aquam,
2626 3007 3043 3063 fundamentum
3068 3005 3215 3068 fidei,
3240 3002 3496 3073 etanguli

1923 3113 2107 3176 caput,
2130 3112 2183 3158 et
2204 3102 2296 3157 Dei
2315 3100 2604 3156 invisibilis
2629 3099 2940 3168 imaginem,
2958 3107 3014 3153 et
3031 3110 3284 3167 magnum
3305 3093 3494 3157 Deum,

1924 3193 2344 3266 caputcorporis
2360 3191 2635 3252 Ecclesiae,
2650 3198 2704 3244 et
2721 3204 2873 3243 novae
2894 3197 3159 3243 creatura:
3171 3184 3497 3257 primogeni-

1923 3293 2061 3348 tum,
2088 3290 2141 3339 et
2166 3282 2435 3354 primitias
2451 3294 2639 3336 eorum
2658 3278 2749 3349 qui
2767 3277 3128 3339 dormierunt,
3156 3282 3210 3330 et
3227 3274 3498 3345 primoge-

1923 3375 2099 3430 nitum
2118 3389 2183 3430 ex
2202 3372 2453 3436 mortuis,
2472 3380 2527 3427 et
2548 3367 2966 3441 primogenitum
3000 3367 3054 3420 in
3087 3363 3272 3419 multis
3306 3361 3496 3416 fratri-

1922 3466 2047 3529 bus,
2069 3474 2122 3521 et
2139 3464 2487 3519 mediatorcm
2510 3461 2604 3518 Dei
2621 3470 2675 3516 et
2696 3459 3002 3525 hominum,
3023 3466 3076 3511 et
3093 3455 3289 3510 Filium
3308 3453 3498 3525 unige-

1923 3560 2098 3613 nitum
2142 3556 2314 3629 gloria
2359 3563 2413 3611 et
2464 3553 2675 3607 honore
2709 3556 3056 3613 coronatum,
3111 3556 3167 3603 et
3205 3546 3496 3602 Dominum

1923 3651 2129 3723 gloriae,
2159 3658 2212 3704 et
2242 3662 2425 3704 rerum
2468 3643 2819 3717 principium,
2850 3648 2904 3698 et
2936 3656 3115 3713 regem
3146 3639 3394 3709 iustitiae,
3426 3637 3496 3691 ad

1924 3746 2040 3802 haec
2069 3752 2123 3800 et
2165 3757 2343 3813 regem
2377 3741 2553 3810 pacis,
2581 3746 2636 3794 et
2676 3754 2857 3810 regem
2904 3736 3171 3800 omnimn,
3205 3732 3496 3804 imperium

1924 3836 2076 3907 regni
2124 3835 2293 3890 nullis
2332 3832 2582 3889 terminis
2616 3831 3098 3900 circumscriptum
3135 3826 3496 3881 obtinentem.

1925 3924 2023 3981 His
2058 3935 2112 3981 et
2159 3924 2282 3979 aliis
2322 3922 2376 3978 id
2416 3937 2591 3993 genus
2645 3919 2962 3976 nominibus
3012 3934 3137 3974 eum
3183 3912 3498 3986 appellavit,

1924 4032 2047 4088 qua:
2084 4024 2195 4071 tam
2231 4015 2402 4069 multa
2446 4019 2575 4068 sunt
2604 4022 2665 4067 ut
2706 4027 2819 4083 prae
2848 4008 3195 4065 multitudine
3236 4004 3379 4060 haud
3411 4001 3498 4057 fa-

1922 4107 2029 4162 cile
2072 4120 2302 4161 numero
2354 4101 2744 4174 comprehendi
2798 4100 3033 4170 possint.
3089 4098 3220 4163 Quae
3273 4092 3497 4163 quidem

1923 4198 2106 4255 omnia
2134 4198 2179 4255 si
2216 4199 2357 4252 inter
2385 4211 2444 4251 se
2468 4203 2886 4263 componantur,
2918 4199 2974 4245 et
3004 4188 3344 4258 singulorum
3377 4182 3494 4236 col-

1923 4292 2163 4362 ligantur
2218 4284 2686 4357 signiﬂcationes,
2745 4280 3049 4335 mirabilem
3110 4276 3269 4331 nobis
3330 4275 3496 4343 hujus

1925 4380 2165 4435 nominis
2207 4376 2411 4432 Christi
2445 4375 2553 4428 vim
2593 4371 2863 4443 aperient,
2915 4375 2969 4424 et
3002 4365 3304 4437 majestatis
3346 4365 3495 4419 illius

247 4471 342 4527 τοῦ
392 4472 536 4527 κατὰ
595 4472 831 4543 Χριστὸν
887 4457 1150 4543 όνόμᾶτος
1198 4473 1331 4542 ἡμῖν
1386 4473 1639 4541 ἐμποιεῖ,
1698 4472 1822 4526 ὅσον

1928 4488 2047 4543 quae
2092 4471 2275 4527 verbis
2324 4466 2585 4539 explicari
2649 4465 2864 4533 nequit,
2915 4468 3126 4516 tantum
3179 4456 3495 4522 ostendent,

246 4562 535 4635 χιι-»ροῦμεν
582 4565 650 4633 τῇ
700 4562 847 4633 ψυχῇ
896 4562 1254 4634 κατανοῆσαι,
1306 4560 1560 4617 τοσοῦτον
1606 4561 1675 4615 τὰ
1722 4561 1822 4629 τῆς

247 4658 531 4728 ἀφράστου
564 4654 980 4726 μεγαλειότητος
1009 4655 1138 4723 ἡμῖν
1180 4652 1584 4723 ἐνδεικνύμενα.
1602 4652 1821 4723 Ἐπειδὴ

245 4749 430 4801 τοίνυν
459 4747 641 4818 πάσης
689 4745 846 4811 ἀξίας
882 4762 941 4798 τε
975 4745 1069 4798 καὶ
1109 4743 1358 4808 ἐξουσίας
1390 4743 1483 4797 καί¹
1507 4741 1823 4806 δυναστείας

248 4841 566 4912 ὑπέρκειται
603 4838 666 4892 τὸ
699 4838 798 4909 τῆς
838 4836 1111 4908 βασιλείας
1135 4835 1371 4905 ἀξίωμα,
1401 4837 1468 4907 τῇ
1493 4834 1550 4888 δὲ
1574 4834 1667 4887 τοῦ
1691 4835 1824 4906 Χρι-

250 4928 379 4983 στοῦ
424 4926 763 5000 προσηγορίᾳ
797 4925 1002 4996 κυρίως
1040 4923 1135 4978 καὶ
1178 4923 1407 4995 πρώτως
1448 4922 1510 4976 τὸ
1550 4921 1824 4991 βασιλικὸν

246 5019 665 5088 διασημαίνεται
714 5016 916 5089 κράτος
960 5016 1290 5086 (προηγεῖτο
1342 5013 1479 5086 γάρ,
1535 5012 1717 5076 καθὼς
1766 5016 1824 5067 ὲν

244 5112 367 5171 ταῖς
414 5108 675 5178 ἰστορίαις
717 5107 1015 5178 ἐμάθομεν.
1063 5105 1164 5175 τῆς
1216 5104 1489 5174 βασιλείας
1530 5107 1564 5174 ἢ
1602 5104 1824 5174 χρίσις).

242 5202 315 5267 τῇ
342 5199 401 5252 δὲ
438 5198 685 5269 βασιλείᾳ⁸
712 5199 862 5251 πᾶσα
884 5198 917 5267 ἡ
950 5195 1059 5248 τῶν
1088 5194 1288 5248 λοιπῶν
1322 5195 1707 5267 ἐμπεριέχεται
1731 5193 1847 5248 δύ-.

240 5308 411 5360 ναμις
430 5329 447 5351 ,
476 5289 667 5344 τούτου
694 5289 856 5360 χάριν
885 5290 915 5341 ό
948 5287 1016 5341 τὰ
1050 5287 1412 5358 περιεχόμενα
1443 5287 1783 5359 κατανοήσας
1805 5327 1822 5351 ,

242 5380 342 5433 καὶ
377 5381 479 5449 τὴν
521 5379 873 5450 περιεκτικὴν
899 5378 1009 5431 τῶν
1050 5377 1192 5432 κατὰ
1228 5377 1390 5448 μέρος
1420 5379 1821 5450 συγκατενόησε

241 5470 496 5540 δύναμιν.
535 5468 683 5539 Δῦτη
717 5469 775 5523 δέ
816 5472 965 5525 ἔστιν
1001 5472 1035 5539 ἡ
1067 5468 1347 5540 βασιλεία,
1395 5463 1463 5541 ἧς
1495 5470 1821 5525 ὲνδεικτικὺν

242 5560 419 5631 ὄνομα
462 5561 499 5631 ἡ
534 5559 626 5614 τοῦ
666 5558 899 5633 Χριστοῦ
944 5560 1134 5631 κλῆσις
1179 5560 1348 5616 ἐστιν.
1383 5560 1591 5616 Οὐκοῦν
1634 5560 1822 5633 ἐπειδὴ

324 5737 337 5766 ⁸
369 5733 413 5788 ll
444 5732 575 5789 Cor.
617 5749 736 5797 xm,
766 5735 821 5789 5.
914 5739 934 5770 ⁸
967 5735 1138 5793 Calat.
1173 5735 1348 5798 11,-9.0.

1926 4572 2190 4636 quantum
2227 4560 2428 4617 animis
2468 4566 2522 4614 et
2548 4556 2879 4629 cogitatione
2918 4566 3113 4624 capere
3140 4550 3492 4605 valuerimus.

1926 4654 2153 4720 Verum,
2214 4650 2473 4723 quoniam
2519 4648 2669 4703 omni
2713 4646 2983 4717 dignitati,
3032 4649 3086 4698 et
3124 4640 3399 4712 potentia},
3444 4648 3495 4693 et

1927 4737 2256 4816 principatui
2306 4742 2454 4811 regia
2486 4738 2747 4810 przecellit
2784 4734 3106 4806 amplitudo,
3155 4730 3359 4787 Christi
3400 4743 3491 4782 an-

1928 4848 2033 4893 tem
2066 4836 2288 4891 nomine
2318 4833 2528 4903 regium
2558 4829 2902 4901 significatur
2935 4823 3222 4894 imperium
3261 4828 3407 4890 (nam
3438 4826 3495 4872 ut

1928 4944 1996 4985 ex
2033 4926 2383 4983 historiarum
2427 4923 2585 4978 libris
2628 4920 2955 4982 didicimus,
2993 4915 3146 4986 prius
3186 4920 3491 4983 unguntur,

1926 5019 2022 5089 qui
2057 5018 2227 5074 futuri
2283 5024 2412 5072 sunt
2456 5013 2677 5084 reges),
2718 5024 2885 5081 regno
2931 5015 3111 5061 autem
3159 5004 3339 5058 omnis
3370 5002 3489 5056 reli-

1929 5126 2162 5181 quorum
2194 5108 2475 5164 nominum
2514 5106 2594 5159 vis
2629 5104 2977 5164 continetur;
3020 5112 3088 5152 eo
3119 5098 3173 5150 lit
3219 5103 3279 5150 ut
3307 5096 3399 5163 qui
3432 5108 3490 5146 ea

1928 5217 2049 5271 qua:
2078 5196 2613 5267 comprehenduntur
2653 5191 2959 5264 cognoscit.
2994 5189 3155 5245 simul
3198 5188 3359 5240 etiam
3397 5184 3488 5237 illa

1928 5291 2377 5358 complectentem
2428 5286 2696 5353 intelligat
2735 5289 3080 5354 potestatem.
3148 5278 3259 5330 lloc
3313 5282 3493 5327 autem

1928 5397 2155 5449 regnum
2191 5390 2293 5441 est,
2334 5376 2480 5448 quod
2524 5376 2745 5446 quidem
2785 5387 3011 5445 regnum
3065 5368 3268 5423 Christi
3312 5364 3496 5435 appel-

1931 5476 2132 5529 latione
2163 5472 2454 5526 indicatur;
2488 5466 2851 5534 Quamobrem
2888 5477 3013 5519 cum
3050 5459 3293 5515 omnium
3321 5453 3496 5509 maxi-

1930 5578 2077 5620 mum
2110 5572 2164 5618 et
2197 5558 2619 5624 divinissimmn,
2664 5563 2722 5613 et
2763 5554 2996 5628 primum
3042 5563 3240 5608 nomen
3284 5545 3497 5603 Domini
3543 5618 3547 5622 .
