3896 6208
414 335 549 429 .255

1703 349 1757 403 S.
1796 346 2125 403 GREC‘ORI!
2165 344 2460 402 NYSSENI

3584 335 3699 389 22:5

446 467 619 519 nostri
653 466 866 524 bonitas
898 469 1053 524 nobis
1081 470 1460 538 impertivcrit,
1492 479 1549 524 ut
1575 470 1776 526 Christi
1805 486 2008 540 cogno-

2124 470 2201 523 τοῦ
2236 469 2490 540 μεγίστου
2529 483 2585 517 τε
2625 462 2719 516 καὶ
2750 460 3025 515 θειοτάτου
3052 460 3147 513 καὶ
3192 458 3408 529 πρώτου
3440 456 3551 509 τῶν
3576 456 3701 508 dvo-

448 556 593 610 uiine
641 555 881 610 decorati
932 559 1266 627 appellemur
1296 559 1615 623 Christiani,
1652 576 1881 616 necesse
1925 571 2011 615 est

448 654 508 699 ut
534 647 717 701 omnia
750 649 988 713 nomina,
1021 665 1141 719 quae
1167 667 1355 705 vocem
1385 653 1525 706 hanc
1557 653 2007 720 interpretantur,

448 736 501 790 ir.
555 737 712 792 nobis
761 739 888 793 item
961 743 1372 811 conspiciantur
1419 758 1697 811 expressa,
1751 758 1820 797 ne
1872 742 2010 797 falso

445 829 625 882 vocati
671 828 969 885 Christiani
1016 833 1319 897 videamur,
1366 834 1458 888 sed
1518 850 1584 888 ex
1624 835 1733 887 vita
1765 834 2013 889 testimo-

450 919 599 973 nium
640 921 955 979 habeamus.
1005 924 1190 993 Neque
1237 926 1379 979 enim
1413 941 1481 979 ex
1514 925 1876 995 appellatione
1923 939 2017 977 res

452 1011 610 1077 ﬁunt,
646 1014 740 1067 sed
771 1029 957 1069 earum
986 1017 1230 1084 subjecta
1276 1026 1492 1081 natura,
1520 1032 1859 1085 qttmcunquc
1895 1024 2014 1069 tau-

450 1102 572 1155 dem
605 1103 694 1157 illa
725 1106 814 1165 sit,
850 1108 957 1175 apti
985 1109 1219 1160 non‘tinis
1254 1108 1647 1176 significatione
1682 1107 2010 1160 declaratur.

452 1192 695 1263 Exempli
728 1197 924 1265 gratia,
974 1198 1019 1252 si
1062 1198 1264 1259 arbori,
1297 1208 1391 1251 aut
1440 1206 1605 1266 petrae
1650 1197 1889 1253 hominis
1919 1213 2012 1250 vo-

454 1285 707 1340 cabulum
761 1287 1083 1349 tribuamus,
1123 1288 1314 1341 ideono
1356 1289 1560 1356 planta,
1600 1296 1694 1340 aut
1743 1287 1884 1355 lapis
1914 1288 2017 1339 erit

456 1374 659 1428 homo?
714 1373 934 1429 Minime
985 1393 1148 1443 vero;
1206 1377 1299 1430 sed
1354 1386 1569 1446 oportet
1624 1386 1682 1431 ut
1735 1380 1894 1430 homo
1949 1378 2018 1429 sit

451 1464 626 1532 prius,
675 1464 870 1520 deinde
911 1481 1150 1537 congrua
1188 1468 1361 1536 ipsius
1411 1479 1618 1522 naturae
1658 1469 2017 1537 appellatione

451 1554 762 1610 nominetur
794 1575 807 1609 :
834 1572 897 1611 ac
930 1574 996 1611 ne
1040 1558 1149 1611 illis
1180 1558 1420 1626 quidem.
1453 1575 1572 1628 qute
1604 1560 2015 1614 similitudinem

451 1645 689 1715 aliquam
749 1646 952 1701 habent
1010 1650 1153 1702 inter
1207 1665 1286 1713 se,
1351 1648 1489 1702 idem
1543 1664 1738 1701 nomen
1803 1651 2021 1717 proprie

451 1733 725 1797 convenit,
767 1741 827 1787 ιιι
864 1735 909 1789 si
961 1737 1084 1805 quis
1112 1745 1350 1790 statuam
1387 1738 1661 1791 hominem
1712 1738 1879 1799 diost,
1926 1746 2017 1790 aut

2117 563 2300 631 μάτων
2340 559 2530 628 γέγονε
2554 558 2703 627 παρὰ
2731 554 2823 606 τοῦ
2863 550 3067 620 ἀγαθοῦ
3105 550 3376 602 Δεσπότου
3413 549 3546 618 ἡμῖν
3577 564 3701 598 κοι-

2113 651 2299 713 νωνία,
2345 649 2485 702 ὥστε
2511 649 2633 709 τοὺς
2665 648 2731 717 τῇ
2775 642 3059 714 ἐπωνυμία
3098 640 3192 694 τοῦ
3235 639 3468 711 Χριστοῦ
3520 655 3700 708 τιμη-

2115 742 2305 802 θέντας
2332 738 2688 810 Χριστιανοὺς
2721 733 3085 805 ὀνομάζεσθαι
3105 750 3118 764 ο
3153 733 3447 799 ἀναγκαῖον
3475 728 3540 781 ἂν
3580 729 3704 794 εἴτε,

2117 834 2291 886 πάντα
2317 831 2385 884 τὰ
2418 827 2788 901 ἐρμηνευτικὰ
2815 826 2917 895 τῆς
2948 823 3203 892 τοιαύτης
3236 821 3419 892 φωνῆς
3447 819 3705 889 ὀνόματα

2116 925 2210 976 καὶ
2256 926 2311 975 ὲν
2361 923 2492 993 ἡμῖν
2544 916 2913 989 καθορᾶσθαι,
2961 915 3034 978 ὡς
3082 914 3156 985 μὴ
3205 911 3556 981 ψευδώνυμον
3605 909 3706 974 ἐφ’

2117 1018 2247 1086 ἡμῖν
2280 1011 2417 1066 εἶναι
2460 1013 2561 1081 τὴν
2594 1011 2804 1080 κλῆσιν,
2839 1007 2952 1061 ἀλλ’
2983 1008 3047 1060 ἐκ
3073 1004 3166 1058 τοῦ
3191 1004 3307 1073 βίου
3344 1002 3441 1072 τὴν
3483 1016 3705 1069 pag-cu-

2123 1107 2242 1176 ρίαν
2270 1104 2429 1174 ἔχειν.
2466 1103 2540 1154 Ού
2562 1102 2669 1171 γὰρ
2697 1102 2762 1152 ἐκ
2786 1097 2880 1151 τοῦ
2911 1095 3192 1151 καλεῖσθαί
3217 1112 3268 1146 τι
3292 1093 3351 1145 τὸ
3382 1088 3516 1144 εἶναι
3546 1090 3702 1156 γίνε-

2118 1212 2205 1247 ται
2225 1212 2238 1225 ⁸
2275 1194 2389 1247 ἀλλ’
2416 1197 2448 1263 ἡ
2494 1190 2823 1259 ὑποκειμένη
2864 1188 3045 1257 φύσις,
3073 1186 3159 1239 οἵα
3185 1184 3228 1236 δ’
3264 1182 3328 1236 ἂν
3360 1177 3492 1234 οὖσα
3516 1181 3662 1251 τύχῃ
3683 1220 3698 1239 ,

2119 1286 2205 1339 διὰ
2244 1288 2348 1355 τῆς
2390 1280 2700 1353 προσφυοῦς
2730 1279 2824 1331 τοῦ
2879 1280 3137 1346 ὀνόματος
3170 1274 3443 1343 σημασίας
3491 1271 3701 1339 γνωρί-

2122 1377 2291 1441 ζεται.
2327 1371 2451 1428 Οἷόν
2485 1391 2536 1425 τι
2575 1372 2738 1442 λέγω·
2779 1372 2841 1424 Εἰ
2888 1369 3086 1440 δένδρῳ
3124 1384 3208 1429 τις
3238 1365 3269 1436 ἢ
3303 1365 3474 1434 πέτρᾳ
3519 1379 3699 1432 προσ-

2121 1466 2348 1535 ηγορίαν
2385 1463 2671 1534 ἀνθρώπου
2718 1461 3031 1532 χαρίσαιτο,
3062 1453 3170 1527 ἆρα
3215 1454 3495 1525 ἄνθρωπος
3537 1450 3703 1503 ἔσται

2119 1560 2207 1613 διὰ
2260 1558 2356 1627 τὴν
2399 1557 2607 1626 κλῆσιν,
2658 1555 2691 1625 ἦ
2742 1554 2803 1606 τὸ
2836 1550 3019 1620 φυτὸν,
3052 1549 3084 1621 ἦ
3117 1551 3145 1600 ό
3180 1546 3356 1612 λίθο;;
3402 1545 3515 1598 Οὐκ
3575 1542 3699 1595 ἔστι

2121 1650 2291 1704 ταῦτα
2311 1666 2324 1680 ·
2352 1648 2487 1702 ἀλλὰ
2512 1647 2615 1718 χρὴ
2649 1631 2862 1716 πρῶτον
2895 1636 3035 1694 εἶναι
3059 1637 3361 1708 ἄνθρωπον,
3391 1630 3489 1688 εἷθ’
3520 1634 3700 1696 οὕτως

2122 1738 2480 1809 ὀνομασθῆναι
2513 1739 2578 1806 τῇ
2630 1731 2967 1805 προσηγορίᾳ
3012 1730 3109 1798 τῆς
3142 1726 3372 1795 φύσεως.
3421 1723 3554 1775 Οὐδὲ
3581 1725 3700 1790 ’γὰρ

451 1837 674 1891 equum,
712 1826 859 1881 illius
908 1827 1216 1895 imaginem,
1255 1828 1348 1882 sed
1390 1836 1447 1881 ut
1477 1829 1678 1896 aliquid
1713 1831 1931 1899 proprie
1964 1837 2017 1883 et

2124 1830 2211 1881 ἐπὶ
2245 1828 2351 1881 τῶν
2400 1825 2757 1896 ὀμοιωμάτων
2802 1823 2856 1874 αἱ
2900 1819 3118 1888 κλήσεις
3159 1815 3338 1885 ἔχουσι
3382 1813 3443 1866 τδ
3485 1810 3697 1879 κύριον,

452 1924 580 1964 vere
626 1921 1011 1981 nuncupetur,
1074 1929 1387 1983 germanam
1439 1916 1666 1969 otnnino
1707 1917 2024 1985 appellatio-

453 2013 576 2054 nem
627 2012 819 2057 natura
852 2003 1269 2059 demonstrabit.
1319 2006 1375 2060 Si
1419 2006 1551 2076 quid
1600 2015 1785 2063 autem
1830 2024 1918 2061 ars
1968 2008 2020 2060 in

452 2107 581 2159 aere,
632 2103 725 2149 aut
782 2110 1077 2161 marmore,
1138 2108 1230 2152 aut
1280 2099 1387 2153 alio
1446 2099 1718 2168 ejusmodi
1776 2101 2024 2168 subjecto

453 2181 774 2250 imitabitur,
805 2187 857 2241 id
889 2187 1062 2257 ipsius
1093 2191 1331 2244 mater-ite
1359 2206 1554 2245 nomen
1594 2191 1881 2245 obtinebit.

2118 1921 2193 1984 ὡς
2231 1919 2282 1972 εἴ
2308 1937 2391 1983 τις
2438 1916 2720 1987 ἄνθρωπον
2769 1914 2916 1981 λέγει
2950 1911 3042 1963 τὸν
3068 1907 3378 1979 ἀνδριάντα
3399 1946 3413 1969 ,
3527 1903 3703 1955 ἵππον

2121 2012 2180 2064 τὸ
2214 2010 2471 2081 μίμημα·
2511 2007 2623 2061 ἀλλ’
2668 2008 2714 2058 εἰ
2746 2004 2935 2076 μέλλοι
2970 2019 3022 2054 τι
3073 2000 3275 2071 κυρίως
3316 1997 3409 2049 καὶ
3450 1991 3698 2062 ἀψευδὼς

2121 2100 2501 2172 ὀνομάζεσθαι,
2536 2097 2706 2168 ἀληθῆ
2733 2096 2893 2161 δείξει
2941 2094 3158 2155 πάντως
3185 2092 3282 2161 τὴν
3324 2084 3701 2160 προσηγορίαν

2125 2195 2159 2262 ἠ
2187 2193 2366 2262 φύσις.
2420 2192 2483 2244 Ἦ
2511 2192 2568 2245 δὲ
2609 2189 2975 2258 ἀναδεξαμένη
3004 2185 3100 2257 τὴν
3134 2185 3362 2254 μίμησιν
3392 2180 3518 2248 ὕλη,
3561 2177 3709 2243 ὅπερ

454 2272 521 2327 ἂν
544 2270 677 2329 οῦσα
698 2276 854 2350 τύχῃ,
878 2278 1035 2332 τοῦτο
1060 2280 1154 2333 καὶ
1181 2281 1522 2351 ὀνομάζεται,
1548 2280 1768 2353 χαλκὸς,
1795 2282 1827 2352 ἢ
1853 2281 2020 2345 λίθος,
2059 2284 2093 2354 ἡ
2125 2301 2179 2338 τι
2206 2283 2444 2339 τοιοῦτον
2477 2284 2682 2354 ἕτερον,
2717 2275 2761 2350 ᾧ
2810 2278 3072 2332 ἐπέϐαλεν
3116 2278 3150 2348 ἡ
3195 2276 3357 2347 τέχνη
3423 2270 3487 2324 τδ
3560 2264 3700 2327 εἶδος

452 2366 589 2436 πρὸς
612 2366 673 2420 τὸ
694 2366 880 2423 δοκοῦν
912 2384 1011 2442 σχη
1022 2373 1315 2442 ματίσασα.

431 2522 438 2529 ο
521 2455 867 2527 Quapropter
894 2462 989 2531 qui
1013 2478 1071 2518 se
1097 2465 1379 2518 nominant
1398 2464 1762 2530 Christianos,
1794 2466 1846 2521 id
1869 2467 2025 2536 prius

453 2555 665 2617 Oportet
710 2559 770 2605 ut
807 2552 936 2618 sint,
964 2554 1108 2623 quod
1153 2556 1317 2625 exigit
1354 2556 1533 2626 ipsum
1574 2572 1793 2624 nomen,
1826 2557 2021 2612 deinde

454 2652 572 2692 eam
600 2639 703 2695 sibi
730 2644 1147 2712 appellationem
1179 2648 1613 2703 accommodent.
1657 2649 1734 2702 Ac
1766 2648 2023 2719 quemad-

454 2730 674 2786 modum
724 2735 769 2787 si
803 2735 927 2803 quis
975 2751 1164 2791 verum
1199 2737 1472 2793 hominem
1511 2739 1581 2793 ab
1611 2739 1832 2795 homine
1874 2740 2021 2796 scul-

454 2828 550 2889 pto
579 2821 708 2876 velit
746 2824 1054 2895 seiungere,
1091 2843 1154 2882 ex
1187 2820 1474 2897 utriusque
1507 2830 1931 2899 proprietatibus
1965 2830 2023 2883 id

2197 2460 2406 2516 Οὐκοῦν
2437 2461 2563 2523 τοὺς
2589 2459 2696 2513 ἀπὸ
2728 2457 2822 2511 τοῦ
2870 2454 3105 2529 Χριστοῦ
3141 2454 3362 2516 ἑαυτοὺς
3405 2452 3701 2521 ὀνομάζον-

2129 2572 2246 2618 τας,
2286 2553 2495 2625 πρῶτον
2533 2551 2782 2620 γενέσθαι
2810 2547 2915 2619 χρὴ
2947 2549 3084 2617 ὅπερ
3123 2546 3183 2598 τὸ
3225 2543 3395 2614 ὅνομα
3426 2541 3697 2611 βούλεται,

2129 2642 2228 2699 εἷθ’
2249 2645 2419 2707 οὕτως
2443 2644 2653 2704 ἑαυτοῖς
2680 2640 2984 2711 ἐφαρμόσαι
3014 2637 3112 2708 τὴν
3142 2636 3347 2707 κλῆσιν.
3376 2635 3486 2688 Καὶ
3509 2633 3703 2703 ὥσπερ

2128 2739 2286 2800 εἴτις
2312 2734 2573 2806 διακρίνοι
2597 2732 2703 2786 ἀπὸ
2736 2731 2829 2786 τοῦ
2865 2731 3015 2794 όντος
3047 2727 3332 2799 ἀνθρώπου
3364 2727 3453 2779 τὸν
3486 2725 3699 2796 ὁμωνύ-

2132 2848 2244 2902 μως
2288 2830 2381 2884 ἐπὶ
2410 2828 2511 2899 τῆς
2554 2827 2758 2890 εἰκόνος
2805 2825 3113 2895 λεγόμενον,
3146 2823 3210 2874 ὲκ
3253 2821 3359 2875 τῶν
3392 2818 3697 2890 ἰδιωμάτων

455 2908 643 2972 faciet,
701 2911 931 2968 alterum
976 2930 1232 2972 asserens
1279 2918 1480 2971 animal
1532 2919 1801 2975 rationale
1858 2930 2020 2989 atque

2126 2922 2409 2990 ποιήσεται
2437 2918 2537 2989 τὴν
2570 2917 2838 2990 διάκρισιν
2870 2914 2950 3005 (to
2996 2914 3094 3005 μὲν
3132 2911 3440 3005 γὰρ-ζῶον⁸
3473 2910 3693 3005 λογικὸν

451 3000 664 3071 judicio
709 3004 1015 3073 praeditum,
1060 3007 1289 3062 alterum
1335 3024 1466 3064 vero
1506 3014 1791 3065 materiam
1841 3012 2022 3067 inani-

456 3102 679 3156 matam,
705 3110 826 3163 quae
852 3096 1152 3152 imitatione
1176 3098 1406 3152 formam
1448 3101 1685 3156 induerit
1712 3121 1725 3156 :
1753 3102 1831 3157 sic
1857 3105 2020 3157 etiam

456 3199 585 3239 vere
631 3184 1006 3242 Christianum
1052 3188 1326 3245 hominem
1378 3191 1445 3244 ab
1478 3207 1544 3246 eo
1574 3192 1666 3261 qui
1720 3192 2022 3248 Christiani

457 3279 668 3327 tantum
698 3275 932 3344 Speciem
967 3277 1149 3337 habet.
1181 3295 1247 3334 ex
1276 3281 1496 3350 propria
1526 3283 1817 3353 utriusque
1850 3284 2024 3339 forma

458 3363 878 3436 distinguemus.
919 3366 1045 3425 Veri
1096 3369 1392 3426 Christiani
1441 3372 1670 3429 formam
1714 3377 2026 3446 exprimunt

459 3454 549 3508 illa
578 3457 787 3522 omnia,
817 3475 937 3527 quae
970 3460 1035 3515 de
1078 3460 1297 3517 Christo
1328 3467 1901 3522 connnemoravimus.
1946 3467 2024 3522 Ex

458 3547 656 3612 quibus
704 3563 789 3616 ea,
821 3566 942 3619 qua:
974 3566 1169 3621 capere
1198 3569 1515 3622 possumus,
1549 3557 1826 3612 imitamur
1860 3581 1872 3614 :
1905 3576 2026 3629 qua:

457 3651 588 3691 vero
630 3637 684 3692 in
726 3647 978 3694 naturam
1025 3652 1273 3697 nostram
1308 3645 1377 3698 ad
1416 3645 1736 3702 imitandum
1771 3665 1881 3704 non
1934 3667 2027 3706 ca-

457 3726 615 3791 dunt,
659 3744 721 3783 ea
748 3746 1077 3786 veneramur
1122 3744 1177 3789 et
1228 3736 1484 3791 colimus.
1536 3737 1925 3804 Quamobrem,
1968 3754 2026 3796 ιιι

459 3818 659 3885 aliquis
704 3821 774 3874 sit
803 3822 1078 3890 perfectus
1121 3824 1283 3879 homo
1317 3826 1428 3893 Dei,
1485 3837 1542 3881 ut
1574 3828 1752 3898 inquit
1794 3832 2026 3901 Aposto-

458 3906 544 3961 lus
567 3907 608 3973 ³,
649 3909 798 3963 ιιιιΙΙο
838 3913 998 3965 modo
1031 3928 1125 3983 per
1174 3916 1433 3969 malitiam
1479 3918 1867 3987 perfectionem
1921 3921 2025 3975 im-

458 3998 727 4065 minuens,
781 4013 1012 4069 oportet,
1069 4011 1125 4057 ut
1154 4007 1337 4059 omnia
1385 4009 1629 4073 nomina,
1665 4024 1786 4079 qua:
1820 4010 2026 4066 Christi

458 4089 906 4158 signiﬁcationem
935 4096 1231 4165 explicant,
1270 4098 1320 4151 in
1361 4099 1482 4168 ejus
1520 4100 1632 4154 vita
1669 4103 1867 4171 partim
1897 4104 2025 4157 imi-

456 4180 682 4245 talione,
726 4184 922 4251 partim
977 4190 1327 4244 veneratione
1375 4191 1703 4248 colluceaut.
1751 4193 2029 4259 Quemad—

2123 3009 2455 3081 διανοητικδν
2495 3008 2747 3079 όνομάσει
2766 3049 2781 3075 ,
2815 3005 2877 3058 τὸ
2912 3004 2969 3057 δὲ
2995 3004 3180 3088 ἕτερον
3222 3002 3351 3072 ὓλην
3378 3000 3583 3070 ἄψυχον
3606 3001 3707 3053 διὰο

2129 3104 2409 3174 μιμήσεως
2439 3097 2775 3152 ύπελθοῦσαν
2812 3096 2872 3148 τὸ
2911 3092 3100 3162 εἷδος)·
3141 3092 3281 3146 οῦτω
3303 3093 3396 3143 καὶ
3435 3091 3527 3143 τὸν
3559 3092 3700 3161 Χρι-

2129 3192 2362 3254 στιανδν,
2407 3192 2502 3246 τόν
2538 3207 2595 3244 τε
2630 3188 2842 3261 άληθῶς
2871 3186 3001 3240 ὄντα
3033 3186 3125 3239 καὶ
3154 3184 3243 3237 τὺν
3281 3182 3561 3242 δοκοῦντα.
3604 3181 3696 3235 διὰ

2124 3284 2233 3339 τῶν
2293 3282 2725 3352 ἐπιφαινομένων
2784 3281 2896 3343 τοῖς
2952 3276 3327 3348 χαρακτῆρσιν
3388 3274 3697 3343 ἰδιωμάτων

2127 3374 2553 3446 ὲπιγνωσόμεθα.
2587 3373 2943 3443 Χαρακτῆρες
2974 3369 3030 3422 δὲ
3057 3368 3150 3421 τοῦ
3178 3367 3346 3429 ὅντως
3370 3363 3698 3436 Χριστιανοῦ

2127 3468 2301 3521 πάντα
2323 3465 2547 3520 κάκεῖνά
2564 3466 2729 3526 ἐστιν,
2747 3463 2847 3515 ὅσα
2866 3460 2993 3532 περὶ
3014 3459 3104 3512 τὸν
3124 3458 3355 3527 Χριστὸν
3372 3458 3695 3525 ὲνοήσαμεν.

2126 3553 2226 3613 Ὧν
2261 3560 2361 3612 ὅσα
2394 3558 2491 3628 μὲν
2511 3554 2816 3627 χωροῦμεν,
2860 3551 3169 3624 μιμούμεθα
3188 3567 3201 3579 ·
3232 3550 3334 3603 ὅσα
3360 3549 3415 3602 δὲ
3442 3549 3499 3600 οῦ
3533 3548 3700 3618 χωρεί

2125 3654 2158 3723 ἡ
2188 3651 2347 3720 φύσις
2392 3648 2528 3719 πρὸς
2564 3646 2813 3717 μίμησιν,
2846 3641 3115 3713 σεϐόμεθα
3144 3658 3203 3693 τε
3233 3641 3328 3694 καὶ
3358 3637 3694 3709 προσκυνοῦ-

2130 3759 2249 3811 μεν.
2286 3738 2492 3794 Οὐκοῦν
2520 3736 2697 3789 πάντα
2722 3734 2791 3788 τά
2816 3730 3183 3803 ὲρμηνευτικὰ
3208 3730 3308 3800 τῆς
3334 3727 3426 3781 τοῦ
3457 3724 3691 3799 Χριστοῦ

2129 3831 2401 3902 σημασίας
2447 3828 2684 3898 ὀνόματα.
2729 3825 3057 3895 ὲπιλάμπειν
3105 3821 3211 3892 χρὴ
3259 3821 3336 3891 τῷ
3384 3817 3691 3890 Χριστιανῷ

2130 3924 2256 3994 βίῳ,
2286 3922 2355 3976 τὰ
2388 3921 2485 3992 μὲν
2515 3919 2603 3972 διὰ
2634 3918 2937 3989 μιμήσεως,
2972 3914 3040 3967 τὰ
3068 3914 3124 3967 δὲ
3143 3912 3230 3966 διὰ
3258 3913 3688 3983 προσκυνήσεως,

2127 4015 2175 4066 εί
2213 4012 2394 4084 μέλλοι
2420 4010 2603 4082 ἄρτιος
2650 4004 2787 4062 εἷναι
2819 4009 2848 4060 ὁ
2878 4005 2971 4059 τοῦ
3003 4003 3138 4058 Θεοῦ
3175 4003 3482 4074 ἄνθρωπος,
3516 3999 3693 4061 καθώς

2128 4121 2290 4175 φησιν
2329 4105 2357 4155 ὁ
2397 4098 2731 4162 Ἀπόστολος,
2762 4095 3010 4168 μηδαμοῦ
3041 4094 3130 4147 διὰ
3159 4094 3258 4164 τῆς
3289 4092 3482 4153 κακίας
3508 4092 3692 4160 ἀκρω-

2128 4193 2398 4266 τηριάζων
2426 4192 2522 4263 τὴν
2542 4190 2855 4261 ἀρτιότητα.
2886 4188 3095 4255 ’Ὠσπερ
3117 4185 3224 4255 γὰρ
3254 4186 3301 4236 οἱ
3328 4182 3425 4243 τὰς
3456 4181 3693 4251 μυθικὰς

457 4274 673 4328 modum
705 4275 849 4328 enim
893 4277 984 4346 qui
1021 4282 1394 4336 eommentitia
1438 4282 1743 4339 fabularum
1779 4294 2020 4343 monstra

2128 4281 2409 4353 τερατείας
2435 4280 2468 4349 ἧ
2498 4279 2584 4332 διὰ.
2606 4277 2714 4330 τῶν
2738 4276 2910 4344 λόγων
2939 4274 2971 4344 ἦ
3005 4274 3092 4327 διὰ
3114 4274 3215 4342 τῆς
3237 4272 3509 4343 γραφικῆς
3532 4270 3693 4324 πλάσ-

455 4364 539 4418 vel
580 4366 827 4421 oratione
880 4368 966 4422 vel
1015 4369 1230 4438 pictura
1294 4372 1633 4441 confingunt,
1688 4374 2023 4445 bucepbalus

455 4455 745 4523 quosdam,
780 4466 873 4510 aut
899 4457 1378 4528 hippocentauros,
1426 4472 1519 4517 aut
1545 4465 1899 4535 anguipedes,
1931 4478 2026 4520 aut

453 4545 732 4616 quidpiam
762 4548 909 4601 aliud
939 4563 1001 4602 ex
1028 4549 1264 4606 diversis
1287 4553 1579 4622 generibus
1606 4566 2022 4625 componentes,

454 4651 564 4691 non
622 4638 692 4692 ad
754 4640 1036 4708 exemplar
1089 4650 1298 4696 naturae
1332 4644 1580 4714 dirigunt
1637 4646 2018 4715 imitationem,

454 4726 549 4780 sed
575 4742 834 4796 perversa
866 4727 957 4781 illa
981 4728 1293 4785 inventione
1320 4740 1574 4786 naturam
1598 4743 2017 4803 praetereuntes,

453 4832 564 4871 non
587 4816 886 4885 hominem,
912 4819 1007 4874 sed
1037 4820 1181 4875 aliud
1208 4821 1468 4891 quiddam
1498 4824 1792 4894 eiliugunt;
1820 4826 2024 4895 quippe

452 4907 545 4976 qui
581 4922 648 4961 ex
673 4924 739 4963 eo
781 4911 926 4979 quod
957 4911 1195 4977 videtur,
1227 4914 1280 4966 id
1325 4913 1561 4975 formant
1594 4915 1740 4985 quod
1772 4931 1878 4969 non
1914 4924 2019 4979 est,

451 4999 612 5069 cujus
659 5000 787 5055 licet
831 5002 1014 5073 aliqua
1065 5020 1193 5076 pars
1224 5007 1459 5075 cuipiam
1502 5008 1726 5061 humani
1773 5008 2021 5078 corporis

452 5093 589 5157 parti
644 5093 840 5147 similis
878 5095 1147 5161 videatur,
1204 5111 1367 5151 nemo
1418 5106 1597 5152 tamen
1633 5098 1685 5153 id
1728 5100 1875 5168 quod
1923 5101 2021 5154 ab-

452 5181 616 5236 surda
658 5182 749 5237 illa
795 5186 1189 5253 compositione
1238 5186 1532 5241 conﬂatum
1589 5198 1689 5254 est,
1743 5189 2019 5244 hominem

452 5271 633 5327 dicat:
667 5275 856 5330 eodem
899 5286 1055 5346 pacto
1085 5276 1228 5331 haud
1270 5285 1416 5334 recte
1450 5279 1727 5350 perfectus
1750 5283 2020 5337 Christia-

453 5379 557 5420 nas
611 5367 997 5438 appellabitur,
1063 5369 1159 5439 qui
1214 5371 1294 5425 vel
1354 5386 1382 5423 a
1444 5372 1653 5430 ratione
1707 5375 2016 5430 abhorrens

454 5462 615 5524 caput
656 5457 921 5522 obtineat,
956 5459 1010 5514 id
1038 5471 1122 5516 est
1157 5462 1332 5532 ipsum
1370 5463 1610 5519 universi
1643 5478 1892 5534 corporis
1921 5480 2015 5520 ca-

451 5553 569 5615 put,
605 5548 750 5618 quod
784 5547 1022 5606 Verbum
1060 5563 1163 5617 est,
1217 5552 1319 5609 (ide
1365 5570 1472 5609 non
1508 5555 1721 5624 habeat,
1763 5559 2012 5628 quamvis

525 5727 544 5756 ³
577 5724 613 5778 ll
643 5723 880 5788 Timotb.
920 5746 1004 5795 ιιι,
1038 5729 1123 5784 17.

2128 4389 2312 4435 σοντες
2367 4370 2583 4440 τέχνης,
2628 4366 2991 4439 βουκεφάλους
3037 4364 3210 4426 τινας,
3262 4364 3296 4434 ἢ
3338 4360 3693 4415 ἱπποκενταύ-

2130 4478 2274 4534 ρους,
2308 4462 2341 4528 ἤ
2366 4457 2807 4531 δρακοντόποδας,
2849 4456 2883 4527 ἢ
2913 4456 3039 4510 ἄλλο
3081 4473 3131 4507 τι
3158 4453 3394 4507 τοιοῦτον
3424 4452 3483 4517 ἐξ
3511 4453 3690 4521 ἑτερο-

2125 4551 2297 4619 γενῶν
2321 4549 2678 4612 συντιθέντες,
2703 4548 2761 4600 οὐ
2789 4546 2925 4617 πρὸς
2942 4546 3004 4599 τὸ
3027 4545 3127 4614 τῆς
3154 4544 3366 4614 φύσεως
3392 4543 3691 4613 ἀρχέτυπον

2123 4644 2219 4714 τὴν
2252 4643 2478 4712 μίμησιν
2510 4639 2753 4708 ἄγουσιν,
2786 4636 2922 4690 ἀλλὰ
2953 4636 3039 4689 διὰ
3078 4635 3177 4705 τῆς
3226 4632 3532 4704 παραλόγου
3566 4633 3693 4684 ταύ-

2123 4754 2219 4806 της
2252 4734 2490 4797 ἐπινοίας
2523 4732 2622 4802 τὴν
2664 4730 2823 4798 φύσιν
2870 4729 3241 4800 ἐμφαίνοντες,
3291 4726 3417 4781 ἄλλο
3444 4743 3496 4778 τι
3525 4725 3692 4778 πλάσ-

2126 4843 2305 4891 σουσι,
2353 4825 2446 4878 καὶ
2477 4825 2577 4877 οὐκ
2625 4822 2946 4893 ἄνθρωπον,
2983 4819 3408 4891 σχηματίζοντες
3448 4817 3583 4887 πρὸς
3633 4818 3693 4869 τδ

2120 4915 2309 4971 δοκοῦν
2344 4915 2406 4968 τὸ
2445 4914 2815 4984 ἀνύπαρκτον·
2869 4911 2962 4965 καὶ
2998 4912 3097 4963 οὐκ
3151 4910 3216 4963 ἄν
3276 4926 3358 4972 τις
3411 4909 3693 4979 ἄνθρωπον

2122 5008 2263 5062 εἴποι
2320 5007 2378 5059 τὸ
2427 5004 2805 5075 πεπλασμένον
2857 5003 2946 5056 διὰ
3001 5003 3103 5070 τῆς
3156 5000 3445 5054 ἀλλοκότου
3492 5000 3696 5069 ταύτης

2123 5100 2457 5162 συνθέσεως,
2494 5098 2594 5151 κᾶν
2624 5097 2778 5167 μέρει
2818 5096 2922 5149 τινὶ
2950 5093 3042 5147 τοῦ
3073 5092 3412 5162 ἀνθρωπίνου
3443 5089 3694 5157 σώματος

2121 5191 2437 5261 προσεοικὸς
2489 5189 2626 5260 τύχῃ
2679 5188 2739 5240 τὸ
2772 5186 2935 5257 μέρος
2980 5183 3072 5237 τοῦ
3113 5183 3427 5252 πλάσματος
3453 5197 3465 5211 ·
3519 5180 3688 5244 οὕτως

2120 5283 2225 5336 οὐδ’
2263 5282 2328 5334 ἂν
2381 5278 2699 5351 Χριστιανὸς
2739 5276 2980 5348 ἀκριϐῶς
3025 5272 3351 5344 ὀνομασθείη
3409 5274 3436 5325 ὁ
3474 5271 3572 5341 τὴν
3600 5287 3695 5323 κε-

2120 5372 2293 5442 φαλὴν
2316 5370 2507 5438 ἄλογον
2540 5368 2702 5440 ἔχων,
2731 5365 3030 5427 τουτέστιν,
3061 5364 3090 5415 ὁ
3125 5365 3223 5432 τὴν
3257 5360 3350 5415 τοῦ
3380 5360 3576 5421 παντὸς
3602 5375 3693 5411 κε-

2120 5462 2310 5534 φαλὴν,
2351 5462 2472 5531 ῆτις
2517 5461 2546 5512 ὁ
2578 5458 2747 5526 Λόγος
2776 5455 2945 5519 ἐστὶν,
2976 5456 3033 5507 ὲν
3081 5457 3149 5524 τῇ
3185 5453 3361 5506 πίστει
3419 5450 3493 5521 μὴ
3529 5450 3685 5518 ἔχων,

2120 5554 2222 5609 κᾶν
2256 5555 2311 5607 ἐν
2348 5553 2457 5615 τοῖς
2486 5549 2663 5613 ἄλλοις
2711 5548 2894 5618 ἄρτιος
2925 5541 2980 5620 ᾗ,
3006 5545 3039 5615 ἢ
3074 5546 3101 5598 ὁ
3131 5547 3196 5617 τῇ
3234 5543 3438 5612 κεφαλῇ
3468 5542 3567 5610 τῆς
3597 5538 3686 5593 πίε
