3896 6208
475 336 572 394 259

1701 312 1758 368 S.
1796 310 2123 367 GRECORII
2159 309 2454 366 NYSSENI

3601 289 3710 348 260

477 457 626 521 parte
666 443 887 500 malitia:
916 440 1193 512 capimus,
1223 442 1436 491 tantum
1487 446 1552 487 ex
1599 430 1771 485 altera
1814 428 2040 484 virtutis

2172 429 2247 483 ῗοῦ
2287 430 2396 501 γὰρ
2435 420 2901 498 περιδραξαμένου
2933 414 3033 487 τῆς
3075 426 3272 521 κακῖας
3297 409 3371 521 ,ὶὴ
3410 408 3584 521 ἀρετὴ
3613 411 3718 481 τῆς

476 538 799 594 amittimus.
846 533 986 595 Sed,
1034 540 1095 585 ut
1126 546 1194 583 eo
1230 528 1373 583 unde
1412 526 1661 596 digressa
1707 529 1829 586 est,
1860 535 2042 575 rever-

480 642 624 686 tatur
653 628 862 691 oratio,
890 639 1002 679 una
1029 632 1113 678 est
1143 621 1210 674 ad
1245 633 1433 690 puram
1464 616 1813 683 divinamque
1842 613 2039 675 vitam,

481 724 731 777 virtutem
760 714 1072 772 amantibus
1104 714 1285 774 via,ut
1311 711 1646 779 cognoscant
1680 702 1810 773 quid
1840 700 2043 756 Christi

471 810 800 873 vocabulum
831 805 1103 878 signiﬁcet
1122 846 1138 871 ,
1167 803 1329 872 eique
1356 796 1570 852 vivendi
1605 796 1868 849 rationem
1898 807 1962 846 ex
1994 794 2042 844 vi

470 911 798 963 sanctorum
838 899 1126 954 nominum
1158 895 1364 948 virtute
1395 888 1687 958 expolitam
1725 895 1778 941 et
1820 882 2048 939 concin-

477 1010 605 1049 nam
660 987 1106 1047 accommodent.
1159 984 1513 1050 Quaecunque
1556 978 1723 1046 igitur
1773 974 1936 1029 verba
1982 987 2048 1028 ex

478 1093 674 1141 sancta
699 1082 853 1138 Pauli
878 1079 1128 1136 doctrina
1153 1062 1356 1132 Christi
1386 1069 1838 1141 significationem
1874 1065 2048 1134 expli-

481 1176 663 1232 cantia
689 1173 959 1230 orationis
988 1169 1146 1225 initio
1174 1166 1553 1223 recensuimus
1581 1204 1596 1228 ,
1627 1175 1691 1217 ea
1719 1160 1765 1215 si
1790 1158 1948 1213 nobis
1976 1157 2052 1210 ita

487 1279 864 1338 proponamus
885 1305 899 1330 ,
931 1269 992 1317 ut
1019 1261 1217 1333 partim
1240 1299 1256 1324 ,
1289 1254 1747 1328 quemadmodum
1777 1250 2048 1313 diximus,

485 1358 787 1420 imitemur,
823 1353 1022 1425 partim
1063 1349 1348 1412 colamus,
1392 1345 1730 1402 tutissimum
1774 1342 1935 1398 nobis
1985 1339 2055 1395 ad

488 1449 631 1503 bene
659 1447 924 1514 beateque
954 1440 1246 1497 vivendum
1279 1437 1486 1494 aditum
1516 1435 1849 1491 muniemus.
1877 1435 1918 1486 A
1950 1432 2057 1503 pri-

485 1538 592 1593 mis
622 1537 805 1608 igitur,
827 1549 951 1590 eum
982 1538 1265 1588 servantes
1289 1528 1537 1584 ordinem
1558 1568 1573 1593 ,
1594 1541 1752 1597 quem
1778 1525 1948 1580 series
1973 1538 2059 1578 eo-

488 1644 631 1694 rum,
659 1642 781 1698 quae
802 1626 913 1696 jam
937 1620 1396 1685 enumeravimus,
1421 1619 1682 1689 suggerit,
1701 1616 2055 1687 incipiamus:

2140 521 2309 590 λαϐῆς
2364 518 2744 587 ἐξωλίσθησεν.
2798 506 3007 565 Οὐκοῦν
3059 504 3220 559 πάλιν
3273 502 3365 556 τὸν
3422 501 3479 567 ἐξ
3540 502 3717 571 ἀρχῆς

2144 589 2500 681 ἀναλάϐωμεν
2528 607 2705 675 λόγον,
2731 605 2814 656 ὅτι
2851 599 2949 671 μία
2979 596 3115 668 πρὸς
3147 594 3245 665 τὴν
3268 592 3511 663 καθαράν
3533 608 3593 643 τε
3622 589 3720 642 καὶ

2114 756 2117 763 ,
2145 701 2295 755 θείαν
2319 700 2463 770 ζωήν
2499 700 2615 751 ἐστι
2656 696 2767 755 τοῖς
2818 683 3292 770 φιλαρέτοιςῂόδὸς,
3318 681 3520 749 γνῶναι
3541 680 3594 733 τί
3622 696 3722 748 σηο

2150 792 2327 865 μαίνει
2358 769 2451 843 τοῦ
2491 784 2730 859 Χριστοῦ
2760 784 2821 836 τὸ
2872 781 3044 849 δνομα
3068 817 3082 839 ,
3116 769 3161 843 ᾧ
3191 775 3297 845 χρὴ
3333 774 3427 826 κα)⁸
3457 772 3548 825 τὸν
3590 772 3726 842 ἡμέ-

2146 863 2303 953 τερον
2330 876 2795 951 συμμορφωθῆναι
2830 871 2963 942 βίον,
2997 868 3084 921 διὰ
3113 867 3210 936 τῆς
3243 866 3349 918 τῶν
3370 863 3572 917 λοιπῶν
3603 863 3725 914 ὀνο-

2154 951 2336 1043 μάτων
2408 968 2697 1038 ἐμφάσεως
2748 964 2828 1025 είς
2875 959 3073 1032 ἀρετὴν
3132 953 3543 1028 ρυθμιζόμενον,
3579 951 3727 1005 Ὅσα

2149 1064 2327 1117 τοίνυν
2357 1066 2413 1117 ἐν
2458 1064 2571 1123 τοῖς
2609 1055 2916 1128 προοιμίοις
2958 1051 3053 1105 τοῦ
3078 1050 3238 1117 λόγου
3274 1047 3491 1120 ῥήματά
3535 1061 3594 1097 τε
3628 1044 3728 1097 καὶ

2153 1157 2391 1226 ὀνόματα
2411 1152 2561 1223 παρὰ
2598 1150 2697 1220 τῆς
2749 1145 2913 1215 ἁγίας
2940 1143 3033 1197 τοῦ
3078 1139 3290 1194 Παύλου
3338 1137 3519 1207 φωνῆς
3545 1136 3726 1206 ἑρμη-

2154 1247 2375 1304 νευτικὰ
2420 1246 2518 1315 τῆς
2549 1240 2640 1296 τοῦ
2673 1236 2907 1311 Χριστοῦ
2960 1233 3235 1306 σημασίας
3287 1226 3726 1299 συνελεξάμεθα,

2155 1342 2329 1399 ταῦτα
2380 1337 2672 1412 προθέντες
2705 1336 2784 1397 εἰς
2827 1333 2928 1403 τὴν
2976 1326 3342 1400 προκειμένην
3391 1326 3522 1397 ἡμῖν
3555 1340 3730 1377 σπου-

2156 1437 2272 1508 δὴν,
2298 1429 2709 1504 ἀσφαλεστάτην
2740 1424 2959 1496 ὁδηγίαν
2982 1423 3062 1485 εἰς
3093 1419 3183 1473 τὸν
3211 1417 3324 1489 βίον
3345 1416 3436 1471 τὸν
3451 1414 3572 1471 κατ’
3594 1416 3724 1487 ἀρε-

2157 1506 2257 1599 την
2283 1520 2642 1596 ποιησόμεθα,
2671 1517 2742 1571 τὰ
2796 1516 2895 1585 μὲν
2940 1512 3283 1585 μιμούμενοι,
3316 1506 3495 1572 καθὼς
3534 1508 3593 1560 ἐν
3616 1507 3736 1570 τοῖς

2162 1594 2430 1689 φθάσασιν
2463 1612 2698 1685 εἴρηται,
2721 1608 2788 1662 τὰ
2813 1606 2872 1661 δὲ
2914 1600 3346 1675 προσκυνοῦντες
3387 1597 3483 1652 καὶ
3510 1594 3738 1660 6564(6-

448 1722 450 1724 ’
488 1689 741 1776 Christus
771 1689 865 1772 Dei
893 1715 1070 1769 virtus
1099 1720 1154 1768 et
1183 1712 1453 1783 sapientia
1484 1710 1526 1764 ⁸.
1559 1708 1636 1762 Ex
1672 1708 1759 1764 his
1792 1707 2059 1761 discimus

2172 1727 2339 1783 μενοι.
2371 1704 2616 1761 Γενέσθω
2658 1701 2714 1756 δέ
2747 1701 2879 1772 ἡμῖν
2901 1696 3054 1764 τάξις
3098 1694 3207 1749 τῶν
3239 1690 3541 1783 εἰρημένων
3566 1689 3600 1759 ἡ
3626 1689 3740 1741 άπ-

491 1822 554 1865 ea
583 1820 705 1878 quae
733 1803 1008 1860 divinitati
1036 1776 1404 1865 conveniunt,
1428 1814 1493 1854 ex
1515 1798 1714 1869 quibus
1735 1795 1937 1851 Christi
1962 1810 2063 1850 no-

2172 1776 2481 1875 αρίθμησις.
2509 1792 2717 1851 Οὐκοῦν
2745 1792 2853 1847 ἀπὸ
2882 1789 2989 1844 τῶν
3017 1787 3247 1860 πρώτων
3274 1781 3565 1857 ἀρξόμεθα·
3599 1781 3743 1852 Χρι-

491 1912 619 1954 men
656 1895 815 1951 nobis
854 1892 1223 1950 venerandum
1262 1890 1511 1946 ellicitur.
1561 1888 1773 1944 Etenim
1812 1885 1939 1956 quia
1974 1901 2064 1942 res

494 2003 710 2054 omnes,
736 2002 859 2058 qua:
886 1986 971 2042 vel
1000 2000 1164 2041 sensu
1196 1982 1595 2054 percipiuntur,
1627 1980 1712 2035 vel
1745 1992 1941 2035 sensus
1972 1994 2066 2033 su-

495 2089 689 2152 perant
714 2079 1082 2151 cognitionem
1103 2118 1119 2145 ,
1153 2091 1249 2147 per
1279 2076 1458 2147 ipsum
1488 2073 1694 2129 effectae
1726 2079 1884 2138 sunt,
1921 2080 1977 2127 et
2008 2071 2065 2126 in

496 2173 619 2244 ipso
649 2173 977 2236 consistunt,
997 2168 1307 2225 necessario
1335 2166 1401 2222 ad
1433 2165 1796 2222 deﬁniendam
1830 2163 2068 2218 nominis

497 2263 675 2326 illius,
718 2262 811 2333 qui
841 2271 1039 2316 cuncta
1072 2258 1418 2331 procreavit,
1452 2256 1939 2329 significationem,
1975 2268 2067 2309 sa-

497 2354 704 2426 pientia
732 2363 786 2410 et
811 2354 986 2409 virtus
1015 2351 1441 2421 coniunguntur.
1470 2346 1606 2403 Nam
1639 2363 1708 2404 ex
1745 2347 1958 2402 duabus
1982 2343 2070 2399 his

497 2447 727 2503 vocibus
766 2446 842 2500 ita
872 2444 1144 2515 copulatis
1185 2442 1239 2497 id
1277 2440 1673 2512 intelligimus;
1715 2453 1895 2508 neque
1922 2436 2069 2492 enim

499 2546 685 2594 essent
723 2536 839 2591 haec
877 2549 1072 2606 magna
1112 2539 1167 2589 et
1208 2546 1331 2601 qua:
1367 2530 1517 2585 nulla
1565 2530 1777 2584 ratione
1808 2525 2074 2597 explicari

500 2633 734 2697 possunt
775 2632 1154 2680 creaturarum
1203 2620 1506 2684 miracula,
1550 2618 1656 2673 nisi
1702 2626 1758 2673 et
1803 2614 2071 2687 sapientia

502 2734 692 2776 eorum
723 2715 1159 2788 procreationem
1190 2712 1594 2783 excogitasset,
1628 2718 1683 2765 et
1712 2709 1888 2763 virtus
1912 2747 1927 2773 ,
1956 2720 2077 2776 quae.

505 2827 604 2883 per
650 2808 980 2879 sapientiam
1032 2805 1341 2875 excogitata
1394 2802 1650 2867 fuerant,
1703 2800 2077 2863 coniecisset;

508 2918 606 2976 per
649 2899 905 2954 virtutem
958 2898 1106 2954 enim
1155 2894 1334 2966 ipsius
1384 2894 1668 2965 sapientiae
1716 2890 2080 2963 c0gitationes

508 3007 676 3063 opera
706 2999 855 3047 sunt.

2168 1872 2313 1959 στδς,
2336 1872 2490 1964 φησι,
2508 1887 2640 1943 Θεοῦ
2662 1885 2889 1956 δύναμις
2912 1881 3007 1937 καὶ
3032 1878 3167 1935 Θεοῦ
3198 1878 3380 1947 σοφία.
3406 1874 3506 1929 Διὰ
3532 1872 3741 1928 τούτων

2168 1983 2380 2057 πρῶτον
2417 1981 2516 2053 μὲν
2564 1977 2665 2042 τὰς
2716 1974 3038 2046 θεοπρεπεῖς
3094 1969 3300 2032 ἐννοίας
3352 1966 3440 2021 διὰ
3489 1964 3592 2035 τῆς
3637 1963 3742 2017 τοῦ

2168 2053 2403 2147 Χριστοῦ
2426 2068 2793 2145 προσηγορίας
2829 2065 3167 2138 μανθάνομεν
3190 2100 3206 2126 ,
3238 2059 3305 2115 δι’
3341 2053 3416 2113 ὧν
3448 2056 3746 2126 σεϐάσμιον

2170 2167 2302 2238 ἡμῖν
2336 2163 2398 2217 τὸ
2424 2162 2595 2233 ὄνομα
2642 2160 2875 2230 γίνεται.
2915 2153 3131 2225 Ἐπειδὴ
3158 2151 3267 2223 γὰρ
3293 2152 3443 2205 πᾶσα
3478 2149 3513 2220 ἠ
3543 2147 3744 2210 κτίσις,

2170 2237 2269 2327 ὅση
2291 2272 2354 2309 τε
2385 2256 2451 2326 τῇ
2486 2252 2735 2323 αἰσθήσει
2762 2246 3110 2318 γινώσκεται,
3134 2244 3226 2298 καὶ
3246 2245 3279 2312 ἡ
3303 2242 3401 2313 τῆς
3424 2237 3749 2311 αἰσθητικῆς

2174 2346 2546 2417 ὑπερκειμένη
2594 2342 2993 2413 κατανοήσεως,
3021 2336 3087 2392 δι’
3111 2333 3274 2390 αὐτοῦ
3319 2332 3531 2402 γέγονε,
3560 2329 3652 2384 καὶ
3682 2330 3750 2382 ἐν

2173 2438 2323 2510 αύτῷ
2361 2437 2707 2506 συνέστηκεν,
2729 2431 3040 2502 ἀναγκαίως
3090 2427 3227 2500 πρὸς
3255 2425 3346 2480 τὸν
3376 2422 3600 2495 ὁρισμὸν
3643 2422 3752 2491 τῆς

2174 2529 2269 2584 τοῦ
2307 2524 2540 2599 Χριστοῦ
2579 2522 2881 2594 παρουσίας
2904 2517 2997 2573 τοῦ
3030 2518 3099 2571 τά
3129 2516 3307 2571 πάντα
3341 2513 3688 2584 ποιήσαντος,
3712 2510 3751 2580 ἡ

2180 2618 2339 2689 σοφία
2353 2598 2419 2688 τῇ
2440 2614 2665 2685 δυνάμει
2696 2610 3080 2682 συμπλέκεται.
3101 2605 3272 2660 Τοῦτο
3298 2601 3561 2657 νοούντων
3589 2598 3752 2671 ἡμῶν

2178 2708 2266 2762 διὰ
2286 2706 2384 2778 τῆς
2411 2703 2517 2758 τῶν
2546 2702 2639 2756 δύο
2684 2700 2888 2754 τούτων
2921 2695 3114 2767 φωνῶν
3144 2692 3425 2763 συζυγίας,
3450 2692 3549 2763 τῆς
3589 2689 3754 2745 δυνάο

2183 2797 2326 2869 μεώς
2356 2813 2415 2849 τε
2435 2795 2578 2863 λέγω
2609 2793 2703 2846 καὶ
2734 2791 2833 2861 τῆς
2860 2788 3079 2857 σοφίας,
3117 2788 3199 2841 ὃτι
3222 2784 3322 2840 οὐκ
3348 2783 3413 2839 ἂν
3444 2780 3512 2855 ἦν
3542 2781 3609 2836 τὰ
3652 2797 3756 2853 με-

2181 2888 2321 2958 γάλα
2371 2885 2546 2941 ταῦτα
2587 2884 2681 2937 καὶ
2731 2883 2984 2953 ἄφραστα
3034 2880 3136 2950 τῆς
3185 2877 3414 2941 κτίσεως
3458 2873 3758 2947 θαύματα,

2188 2982 2263 3052 μὴ
2297 2979 2487 3048 σοφίας
2524 2977 2619 3049 μὲν
2650 2976 2748 3047 τὴν
2775 2973 2987 3043 γένεσιν
3016 2971 3194 3026 αὐτῶν
3232 2966 3567 3038 ἐπινοούσης,
3593 2963 3757 3020 δυνά-

514 3059 658 3155 μ-εως
687 3081 745 3135 δὲ
773 3084 841 3152 τῇ
872 3078 1032 3150 σοφίᾳ
1065 3075 1526 3148 παρομαρτούσης
1553 3074 1690 3147 πρὸς
1720 3074 1818 3146 τὴν
1841 3073 1947 3128 τῶν
1984 3071 2281 3144 νοηθέντων
2305 3068 2607 3132 τελείωσιν,
2632 3066 2698 3119 δι’
2728 3061 2798 3137 ἦς
2824 3063 2963 3136 ἔργα
2992 3061 3060 3116 τὰ
3090 3062 3334 3133 νοήματα
3371 3059 3599 3129 γίνεται.

580 3170 788 3227 Christi
814 3148 986 3241 igitur
1006 3148 1342 3239 Vsigniticatio
1373 3168 1430 3220 in
1461 3166 1605 3222 hanc
1631 3165 1904 3236 duplicem
1930 3164 2036 3219 vim
2063 3203 2071 3230 ,

2254 3158 2552 3232 Μερίζεται
2586 3155 2767 3211 τοίνυν
2800 3152 3149 3225 καταλλήλως
3177 3154 3257 3215 εἰς
3302 3150 3493 3221 διπλῆν
3521 3148 3762 3220 ἔμφασιν

515 3262 841 3334 sapientiam
900 3260 1116 3315 scilicet
1173 3258 1588 3326 virtutemque,
1641 3254 1925 3319 dividitur,
1982 3263 2082 3316 ut,

515 3354 738 3428 quando
775 3366 962 3408 rerum
994 3349 1363 3405 universitatis
1398 3346 1831 3418 magnitudinem
1885 3342 2088 3413 aSpici-

516 3463 677 3513 mus,
705 3461 768 3517 ex
799 3459 862 3499 ea
889 3444 1216 3497 immensam
1248 3436 1343 3494 Dei
1375 3437 1632 3493 virtutem
1659 3447 2083 3506 cognoscamus.

517 3535 751 3604 Quando
778 3541 957 3587 autem
983 3530 1398 3586 consideramus
1421 3542 1659 3598 quonam
1684 3525 1845 3580 modo
1875 3539 1937 3579 ea
1968 3536 2091 3595 qua:

519 3628 672 3683 nulla
704 3625 942 3688 fuerant,
978 3623 1158 3694 genita
1207 3621 1340 3685 sint,
1372 3634 1484 3673 tam
1525 3618 1846 3674 multiformi
1892 3627 2089 3671 natura

519 3719 577 3773 in
614 3717 777 3772 rebus
814 3730 910 3782 per
953 3713 1199 3768 divinum
1249 3710 1512 3781 Spiritum
1544 3709 1844 3765 exsistente
1866 3749 1882 3773 ,
1918 3707 2091 3760 incre-

522 3807 746 3862 dibilem
781 3806 958 3875 ipsius
990 3802 1080 3873 qui
1113 3803 1205 3857 illa
1235 3800 1563 3873 excogitarit
1592 3798 1921 3870 sapientiam
1958 3796 2090 3849 ado-

523 3913 712 3956 remus
740 3905 794 3954 et
822 3895 1188 3967 suspiciamus
1209 3934 1224 3960 ,
1249 3894 1410 3965 cujus
1438 3895 1673 3965 cogitata
1700 3895 1819 3964 ipsa
1850 3899 1978 3946 sunt
2009 3888 2093 3944 fa-

525 3997 651 4046 cta:
681 4003 856 4058 neque
887 4002 1017 4042 vero
1045 3988 1237 4059 ignava
1278 3985 1384 4040 erit
1423 3985 1541 4040 haec
1584 3984 1717 4040 fides
1741 4023 1755 4048 ,
1795 3998 1904 4053 qua
1942 3981 2097 4036 Chri-

528 4087 673 4135 stum
708 4093 832 4133 esse
857 4078 1111 4131 virtutem
1137 4084 1191 4133 ct
1220 4076 1541 4148 sapientiam
1571 4074 1866 4140 credimus,
1900 4073 1995 4129 sed
2026 4073 2094 4128 ad

526 4168 660 4224 boni
703 4166 1151 4237 dijudicationem
1199 4166 1362 4222 nobis
1405 4166 1512 4223 erit
1554 4165 1894 4235 adjumento.
1938 4162 2097 4231 Quod

527 4260 674 4315 enim
706 4259 828 4330 quis
861 4257 1180 4329 supplicans
1208 4258 1467 4328 appellat,
1500 4258 1555 4313 id
1577 4257 1644 4312 ad
1667 4257 1907 4328 scipsum
1937 4256 2099 4313 obse-

528 4349 737 4406 crando
766 4348 933 4404 trahit
958 4355 1013 4404 et
1042 4348 1229 4415 ducit;
1270 4357 1432 4419 atque
1468 4349 1785 4403 interiorem
1818 4347 2097 4400 hominem

529 4443 730 4498 virtute
769 4442 842 4495 ita
882 4440 1236 4503 corroborat,
1282 4450 1339 4494 ut
1377 4440 1676 4508 Apostolus
1726 4440 1793 4495 ad
1835 4440 2097 4493 virtutem

2184 3253 2247 3306 τὸ
2275 3252 2369 3306 τοῦ
2396 3248 2633 3320 Χριστοῦ
2671 3246 3097 3320 σημαινόμενον,
3127 3247 3207 3308 εἰς
3233 3242 3331 3315 τὴν
3363 3242 3555 3311 σοφίαν
3578 3257 3639 3294 τε
3663 3241 3765 3294 καὶ

2186 3344 2284 3415 τὴν
2306 3342 2555 3413 δύναμιν,
2582 3340 2649 3394 ἶν’
2680 3341 2807 3394 ὅταν
2840 3337 2939 3409 μὲν
2971 3338 3107 3409 πρὸς
3147 3336 3208 3390 τὸ
3253 3333 3483 3406 μέγεθος
3521 3335 3619 3404 τῆς
3649 3331 3766 3385 τῶν

2187 3434 2356 3488 ὅντων
2387 3433 2694 3495 συστάσεως
2714 3429 3126 3500 ἀποδλέψωμεν,
3160 3427 3257 3499 τὴν
3286 3427 3561 3498 ἄφραστον
3592 3425 3767 3479 αὑτοῦ

2189 3527 2415 3597 δύναμιν
2440 3525 2529 3579 διὰ
2551 3524 2659 3578 τῶν
2674 3519 3240 3594 καταλαμϐανομένων
3270 3520 3569 3589 νοήσωμεν.
3593 3517 3771 3571 Ὅταν

2189 3617 2247 3671 δὲ
2278 3614 2620 3688 λογιζώμεθα
2647 3615 2727 3667 ὅτι
2751 3612 2821 3666 τὰ
2851 3614 2925 3682 μὴ
2954 3610 3086 3665 ὄντα
3113 3608 3389 3681 παρῆλθεν
3412 3611 3492 3672 εἰς
3527 3608 3773 3676 γένεσιν,

2191 3710 2289 3780 τῆς
2331 3706 2642 3769 πολυειδοῦς
2679 3706 2736 3758 ἐν
2767 3706 2879 3767 τοῖς
2925 3696 3042 3756 οὖσι
3087 3689 3303 3771 φύσεως
3344 3698 3431 3753 διὰ
3461 3698 3605 3751 θείου
3636 3697 3774 3751 νεύ-

2197 3817 2363 3873 ματος
2416 3798 2771 3868 ούσιωθείσης
2795 3839 2810 3863 ,
2842 3795 2963 3849 τότε
3008 3793 3106 3864 τὴν
3143 3789 3524 3861 ἀκατάληπτον
3573 3787 3775 3856 σοφίαν

2192 3894 2283 3961 τρν
2312 3887 2870 3963 Χριστὺνιπιστεύειν.
2895 3889 2961 3940 ’Ὀ
2990 3886 3099 3958 γάρ
3129 3901 3212 3948 τις
3236 3882 3569 3937 ἐπικαλεῖται
3598 3897 3780 3950 προσ-ι

2196 3983 2507 4054 ευχόμενος,
2539 3980 2633 4034 καὶ
2663 3979 2797 4051 πρὸς
2824 3978 2853 4032 ὃ
2886 3977 3071 4048 βλέπει
3098 3974 3177 4047 τῷ
3210 3975 3307 4046 τῆς
3344 3973 3522 4045 ψυχῆς
3564 3970 3779 4040 ὀφθαλ-

2199 4075 2305 4148 μῷ,
2341 4075 2498 4129 τοῦτο
2532 4073 2666 4144 πρὸς
2721 4071 2910 4126 ἑαυτὸν
2956 4069 3045 4124 διὰ
3086 4068 3186 4139 τῆς
3238 4066 3404 4137 εὐχῆς
3431 4064 3778 4119 ἐπισπᾶται*

2196 4169 2291 4222 καὶ
2314 4166 2454 4221 οὕτω
2483 4165 2707 4236 δυνάμει
2745 4180 2804 4217 τε
2840 4159 3192 4234 κραταιοῦται
3229 4157 3363 4230 πρὸς
3388 4155 3479 4209 τὸν
3515 4156 3624 4209 ἔσω
3669 4155 3781 4209 ἇν-

2198 4261 2444 4332 θρωπον,
2495 4256 2677 4321 καθώς
2734 4273 2896 4327 φησιν
2941 4255 2969 4308 ὁ
3035 4251 3390 4312 Ἀπόστολος,
3420 4248 3448 4301 ὁ
3480 4249 3620 4318 πρὸς
3668 4248 3784 4320 τὴν

2198 4351 2425 4421 δύναμιν
2455 4348 2664 4419 βλέπων
2695 4345 2962 4418 (Χριστὸς
3009 4343 3066 4398 δέ
3113 4344 3258 4395 ἐστιν
3295 4341 3327 4410 ἠ
3356 4335 3643 4408 δύναμις),
3676 4337 3784 4389 καὶ

2204 4441 2362 4510 σοφὸς
2417 4440 2650 4508 γίνεται,
2677 4435 2858 4499 καθὼς
2906 4437 2940 4506 ἡ
2971 4431 3244 4504 Παροιμία
3277 4428 3460 4498 φησὶν,
3482 4430 3511 4479 ὁ
3554 4424 3650 4497 τὴν
3679 4442 3781 4478 σο-

537 4535 843 4605 respiciens
887 4534 1061 4587 dicit:
1115 4532 1368 4587 Christus
1408 4540 1591 4588 autem
1633 4541 1718 4588 est
1759 4532 1855 4591 Dei
1897 4533 2071 4588 virtus

2172 4521 2174 4539 ’
2204 4501 2357 4602 φίαν-
2379 4501 2820 4599 ἐπικαλούμενος,
2849 4501 2970 4597 ἥτις
3017 4501 3176 4577 πάλιν
3233 4524 3431 4591 νοεῖται
3480 4521 3509 4573 ὀ
3546 4517 3780 4589 Κύριος.

532 4625 600 4681 Et
629 4626 848 4697 sapiens
895 4623 981 4687 iit,
1014 4622 1160 4676 ut'in
1189 4620 1501 4678 Proverbiis
1532 4631 1715 4692 patet,
1751 4623 1844 4693 qui
1877 4623 2067 4693 sapien

2205 4623 2413 4677 Οὐκοῦν
2445 4620 2568 4691 ότῷ
2598 4619 2817 4691 Χριστῷ
2850 4613 3439 4687 συνονομαζόμενος,ὃς
3466 4614 3580 4664 ἐστι
3616 4609 3789 4662 δύνα-

533 4719 665 4773 tiam
699 4719 949 4779 invocat,
983 4730 1105 4785 quae
1137 4714 1362 4769 omnino
1396 4713 1659 4769 Dominus
1688 4729 1811 4770 esse
1845 4714 2071 4784 intelligi

2208 4715 2299 4784 μίς
2328 4731 2386 4767 τε
2429 4714 2523 4766 καὶ
2558 4712 2748 4781 σοφία,
2798 4709 2893 4764 καὶ
2933 4710 2999 4778 τῇ
3046 4707 3272 4776 δυνάμει
3320 4700 3787 4772 συνονομάζεται,

534 4817 626 4862 ῑιιι·
651 4809 694 4861 ⁷.
728 4807 909 4873 Quare
941 4806 1032 4859 illc
1052 4844 1068 4870 ,
1114 4805 1209 4875 qui
1238 4820 1436 4859 nomen
1464 4805 1629 4860 habet
1657 4820 1687 4859 a
1715 4805 1939 4860 Christo
1960 4844 1975 4870 ,
2008 4822 2071 4876 qu

2204 4805 2535 4876 δυναμωθείς
2563 4802 2705 4858 κατὰ
2747 4802 2847 4871 τῆς
2876 4799 3166 4872 ἁμαρτίας,
3212 4796 3308 4851 καὶ
3350 4796 3450 4865 τὴν
3483 4795 3676 4862 σοφίαν
3723 4796 3791 4847 ἐν

478 4963 487 4974 θ
534 4900 714 4952 virtus
760 4905 846 4952 est
873 4902 928 4951 et
957 4895 1250 4966 sapientia,
1274 4895 1450 4951 virtus
1477 4898 1639 4950 etiam
1668 4911 1792 4951 cum
1821 4912 1887 4952 eo
1917 4897 2071 4966 appel

2205 4895 2382 4967 ἐαυτῷ
2418 4892 2595 4960 δείξει,
2624 4897 2691 4965 τῇ
2720 4892 2915 4963 ἐκλογῇ
2935 4890 3026 4944 τοῦ
3058 4890 3343 4960 βελτίονος.
3374 4886 3573 4956 Σοφίας
3593 4885 3651 4938 δὲ
3686 4889 3789 4938 καὶ

536 4988 707 5050 latur,
734 5002 862 5041 cum
895 4986 1156 5041 adversus
1190 4994 1476 5056 peccatum
1518 4996 1741 5043 strenue
1779 5004 1844 5044 ac
1889 4987 2071 5044 fortite

2200 4985 2483 5056 δυνάμεως
2528 4985 2585 5037 ἐν
2614 4985 2743 5053 ἡμῖν
2793 4980 3176 5051 δεικνυμένων,
3208 4979 3306 5049 τῆς
3359 4976 3457 5048 μὲν
3501 4975 3562 5027 τὸ
3617 4973 3787 5027 καλὸν

537 5085 744 5150 pugnat
777 5094 792 5132 :
824 5078 953 5133 dum
985 5093 1114 5133 vero
1145 5077 1197 5131 id
1242 5077 1389 5147 quod
1440 5078 1637 5134 melius
1681 5089 1767 5135 est
1815 5081 1998 5151 eligit,
2047 5082 2071 5137 i:

2202 5076 2553 5147 αἱρουμένης,
2583 5075 2680 5145 τῆς
2709 5074 2764 5126 δὲ
2791 5072 3074 5142 δυνάμεως
3101 5071 3163 5123 τὸ
3208 5067 3396 5139 νοηθὲν
3440 5064 3787 5137 βεϐαιούσης,

538 5170 724 5240 seipso
759 5168 1086 5238 sapientiam
1123 5169 1386 5224 ostendit.
1425 5172 1542 5235 Qua
1572 5171 1793 5240 quidem
1824 5172 2071 5242 sapienti:

2205 5166 2559 5237 κατορθοῦται
2588 5163 2680 5217 τοῦ
2708 5163 2823 5234 βίου
2854 5161 2914 5215 τὸ
2944 5160 3147 5214 τέλειον
3183 5158 3247 5211 δι’
3287 5159 3486 5229 ἀμφοῖν
3537 5156 3789 5225 συμπλε-

536 5261 872 5329 virtutisque
900 5258 1291 5328 conjunctione
1314 5260 1420 5313 vita
1446 5261 1685 5331 perfecta
1710 5264 2066 5319 constituitur

2204 5256 2451 5326 κόμενον.
2503 5255 2658 5309 Ούτω
2691 5256 2783 5309 καὶ
2819 5254 3039 5323 εἰρήνην
3063 5251 3153 5303 τὸν
3185 5249 3419 5321 Χριστὸν
3465 5248 3789 5317 νοήσαντες,

538 5351 710 5405 altera
739 5354 921 5414 enim,
953 5365 1075 5418 qua:
1114 5357 1263 5404 recta
1306 5350 1645 5421 honestaque
1682 5362 1844 5418 sunt,
1893 5355 2071 5425 perspi

2211 5348 2386 5419 άληθῆ
2416 5347 2507 5402 τοῦ
2538 5345 2773 5420 Χριστοῦ
2815 5346 2911 5415 τὴν
2941 5342 3133 5413 κλῆσιν
3167 5339 3250 5409 ἐφ’
3274 5337 3480 5392 ἑαυτῶν
3518 5336 3793 5400 ἐπιδείξο-

537 5440 716 5495 cimus
742 5457 756 5494 :
787 5439 956 5494 altera
986 5479 1001 5503 ,
1032 5454 1153 5509 qua:
1186 5446 1476 5510 perspecta
1518 5439 1782 5497 habemus
1804 5482 1818 5505 ,
1849 5443 2071 5513 exsequi

2216 5457 2334 5510 μεν,
2360 5440 2454 5494 ἐὰν
2489 5440 2575 5494 διὰ
2610 5441 2708 5509 τῆς
2745 5440 2801 5491 ἐν
2844 5438 2978 5507 ἡμῖν
3027 5436 3249 5507 εἰρήνης
3284 5432 3376 5485 τὸν
3423 5428 3659 5501 Χριστὸν
3711 5429 3796 5500 τῷ

540 5544 664 5585 mur
700 5538 753 5584 et
791 5530 1203 5586 confirmamus.
1229 5527 1347 5584 Jam
1382 5544 1513 5585 vero
1539 5528 1821 5588 Christum
1854 5547 1977 5591 esse
2010 5548 2071 5603 pa

2219 5535 2316 5605 βίῳ
2347 5531 2759 5604 ἐπιδειξώμεθα.
2803 5530 3041 5593 Ἐκεῖνος
3090 5526 3188 5599 τὴν
3236 5523 3434 5597 ἔχθραν
3464 5521 3797 5589 ἀπέκτεινε,

630 5705 694 5760 ⁸1
731 5707 855 5764 Cor.
889 5721 926 5775 ι,
958 5704 1049 5762 2i.
1180 5703 1342 5762 Prov.
1372 5719 1435 5774 ιι,
1465 5704 1501 5759 2
1528 5719 1650 5777 sqq.
