3896 6208
206 249 312 308 261

1209 247 1302 304 DE
1335 247 1698 305 PERFECTA
1727 248 2122 308 CIIRISTIANI
2187 251 2444 308 FORMA.

3369 254 3481 314 262

212 369 402 434 καθώς
435 386 599 441 φησιν
627 369 657 421 ό
717 366 1057 432 Ἀπόστολος.
1104 367 1318 421 Ὀὐκοῦν
1368 369 1500 440 μηδὲ
1532 372 1693 440 ἡμεῖς
1737 373 1788 424 tv

1899 386 2018 426 cem
2069 372 2411 442 cogitantes,
2465 384 2648 426 vcram
2690 369 2996 430 Christiani
3047 373 3470 444 appellationem

211 464 438 524 ἑαυτοῖς
465 461 671 531 ταύτην
693 459 1140 530 ζωοποιήσωμεν,
1158 458 1293 512 ἀλλὰ
1320 459 1518 528 νεκρὰν
1539 461 1707 531 αὐτὴν
1737 463 1794 514 tv

215 553 300 624 τῷ
331 553 582 624 ἡμετέρῳ
628 553 894 622 δείξωμεν
941 550 1061 622 βίῳ.
1093 552 1320 621 Μήποτε
1352 552 1450 623 τὴν
1483 552 1663 617 καλῶς
1701 555 1795 607 ἐπὶ

219 647 466 718 σωτηρία
509 645 666 716 ἡμῶν
711 644 866 713 παρά
904 643 998 698 τοῦ
1035 642 1170 696 Θεοῦ
1203 645 1588 716 νεκρωθεῖσαν,
1635 647 1794 717 ἡμεῖς

219 738 310 791 ἐπ’
337 736 539 806 ὀλέθρῳ
571 734 686 788 τῶν
728 733 917 804 ψυχῶν
960 733 1137 803 ἡμῶν,
1172 733 1240 786 δι’
1265 734 1434 806 ὀργῆς
1472 737 1565 788 καὶ
1601 753 1795 808 μνησι-

218 827 414 890 κακίας
455 825 579 880 καθ’
606 824 818 878 ἑαυτῶν
849 825 1262 896 ἀναστήσωμεν,
1292 826 1534 897 πονηρὰν
1555 827 1792 883 ἀνάστα-

214 935 303 974 σιν
334 919 433 987 τῆς
470 917 653 982 καλῶς
697 916 1076 988 ἀποθανούσης
1108 919 1602 990 κατεργασάμενοι.
1652 920 1791 973 Ἀλλ’

214 1014 266 1064 εἰ
297 1011 387 1064 τὸν
426 1009 663 1080 Χριστὸν
693 1008 908 1082 ἔχομεν,
941 1010 1000 1073 ὃς
1030 1010 1177 1062 ἐστιν
1207 1011 1241 1080 ἡ
1273 1011 1484 1082 εἰρήνη,
1516 1011 1608 1064 καὶ
1634 1013 1794 1082 ἡμεῖς

213 1103 275 1155 tv
306 1102 520 1163 ἑαυτοῖς
551 1098 648 1171 τὴν
687 1097 888 1171 ἔχθραν
937 1101 1434 1172 νεκροποιήσωμεν,
1469 1102 1533 1154 ἵν’
1564 1103 1698 1172 ὅπερ
1733 1103 1791 1157 ὲν

210 1192 409 1261 ἐκείνῳ
439 1191 785 1262 πιστεύομεν,
811 1191 970 1245 τοῦτο
1013 1194 1106 1246 καὶ
1133 1195 1190 1246 tv
1210 1193 1289 1265 τῷ
1314 1194 1565 1268 ἡμετέρῳ
1598 1213 1793 1265 κατορ-

212 1281 476 1351 θώσωμεν
507 1279 626 1351 βίῳ.
684 1281 773 1344 ὀς
816 1281 924 1353 γάρ
972 1283 1176 1346 ἐκεῖνος
1225 1282 1287 1335 τὸ
1341 1283 1651 1353 μεσότοιχον
1695 1282 1789 1336 τοῦ

210 1371 468 1443 φραγμοῦ
506 1371 704 1439 λύσας,
739 1372 868 1435 τοὺς
909 1371 1002 1424 δύο
1035 1371 1247 1426 ἔκτισεν
1277 1371 1336 1424 ὲ)
1378 1371 1555 1442 ἑαυτῷ
1585 1375 1666 1436 εἰς
1696 1374 1791 1427 ἕνα

210 1465 398 1519 καινὸν
427 1465 714 1536 ἄνθρωπον
741 1503 756 1530 ,
792 1465 964 1519 ποιῶν
1023 1467 1245 1536 εἰρήνην
1277 1479 1290 1493 '
1328 1464 1470 1518 οὕτω
1507 1466 1600 1519 καὶ
1629 1468 1792 1536 ἡμεῖς

211 1560 294 1622 εἰς
320 1557 664 1626 καταλλαγὰς
689 1558 983 1629 ἀγάγωμεν
1003 1558 1063 1611 ού
1100 1557 1258 1629 μόνον
1291 1559 1416 1622 τοὺς
1439 1556 1636 1622 ἔξωθεν
1659 1559 1790 1628 ἡμῖν

213 1652 721 1724 προσμαχομένους,
750 1651 888 1706 ἀλλά
917 1652 1014 1706 καί⁵
1039 1652 1165 1716 τοὺς
1195 1652 1253 1705 tv
1283 1653 1416 1722 ἡμῖν
1446 1652 1628 1714 αὐτοῖς
1662 1667 1788 1702 σταο

215 1744 525 1807 σιίιζοντας,
572 1742 658 1796 ἶνα
691 1743 885 1814 μηκέτι
936 1744 970 1813 ἡ
1028 1741 1164 1814 σὰρξ
1211 1743 1452 1814 ἐπιθυμῇ
1513 1741 1654 1796 κατά
1695 1740 1789 1794 τοῦ

217 1835 547 1905 πνεύματος,
582 1834 641 1888 τὸ
675 1835 733 1889 δὲ
788 1833 1003 1906 πνεῦμα
1055 1834 1196 1889 κατὰ
1239 1835 1337 1905 τῆς
1385 1834 1616 1905 σαρκός·
1675 1835 1791 1888 ἀλλ’

217 1925 576 1991 ὑποταγέντος
629 1923 722 1978 τοῦ
780 1924 1093 1996 σαρκώδους
1139 1927 1487 1998 φρονήματος
1535 1925 1614 1996 τῷ
1662 1926 1789 1997 θείῳ

205 2013 381 2085 νόμῳ,
415 2015 784 2087 εἰρηνεύωμεν
814 2016 873 2070 tv
896 2017 1130 2081 ἑαυτοῖς,
1163 2017 1242 2081 εἰς
1262 2017 1357 2071 ἕνα
1403 2017 1495 2071 τὸν
1521 2013 1704 2072 καινόν
1728 2035 1788 2071 τε

205 2107 304 2158 καὶ
349 2106 622 2179 εἰρηνικὸν
673 2105 963 2178 ἄνθρωπον
989 2107 1550 2180 ἀναστοιχειωθέντες,
1581 2109 1677 2162 καὶ
1708 2103 1788 2174 εἷς

202 2197 254 2250 οἰ
288 2197 714 2270 δύοιγενόμενοι.
748 2200 987 2271 Εἰρήνης
1015 2200 1124 2271 γὰρ
1145 2201 1291 2272 ὅρος,
1319 2201 1352 2270 ἡ
1381 2199 1489 2253 τῶν
1513 2200 1788 2272 διεστηκό-

199 2303 314 2340 των
345 2287 493 2342 ἐστὶν
521 2287 822 2360 όμοφωνία.
854 2289 1019 2343 Ὅταν
1051 2283 1144 2343 οὖν
1166 2287 1414 2360 ἐξαιρεθῇ
1444 2287 1546 2360 τῆς
1573 2289 1788 2360 φύσεως

200 2378 363 2448 ἡμῶν
386 2380 414 2432 ὁ
443 2377 708 2450 ἐμφύλιος
738 2379 992 2450 πόλεμος,
1017 2379 1138 2434 τότε
1165 2381 1257 2434 καὶ
1281 2383 1461 2452 ἡμεῖς,
1493 2384 1550 2435 tv
1578 2383 1788 2446 ἑαυτοῖς

200 2469 642 2541 εἰρηνεύσαντες,
678 2472 866 2543 εἰρήνη
905 2469 1192 2541 γινόμεθα,
1240 2471 1416 2543 ἀληθῆ
1455 2472 1548 2524 καὶ
1591 2473 1787 2544 κυρίαν

200 2558 464 2629 ὲςςπὴμῶν
487 2559 581 2613 τοῦ
611 2559 842 2630 Χριστοῦ
871 2559 968 2630 τὴν
999 2560 1314 2631 ἐπωνυμίαν
1336 2560 1784 2626 ἐπιδεικνύοντες.

200 2644 324 2707 Φῶς
347 2647 406 2699 δὲ
437 2647 689 2719 ἀληθινὸν
716 2647 811 2701 καὶ
843 2647 923 2719 τῷ
949 2648 1136 2718 ψεύδει
1179 2649 1470 2721 ἀπρόσιτον
1497 2651 1788 2722 νοήσαντες

200 2736 300 2789 τὸν
348 2738 618 2807 Χριστὸν,
653 2737 811 2792 τοῦτο
861 2739 1238 2810 μανθάνομεν,
1271 2739 1354 2794 ὅτι
1396 2740 1502 2815 χρὴ
1563 2741 1656 2795 καὶ
1696 2745 1788 2799 τὸν

201 2826 478 2899 ἡμέτερον
500 2827 612 2896 βίον
641 2829 763 2892 ταῖς
784 2827 876 2882 τοῦ
894 2829 1147 2900 ἀληθινοῦ
1174 2830 1387 2902 Πατρὸς
1411 2831 1591 2886 ἀκτῖσι
1622 2851 1788 2888 κατα-

201 2919 558 2990 φωτίζεσθαι.
586 2921 804 2992 Ἀρεταὶ
830 2921 886 2976 δέ
915 2923 1052 2976 εἰσιν
1083 2925 1138 2977 αἰ
1161 2923 1375 2987 ἀκτῖνες
1396 2924 1490 2979 τοῦ
1517 2926 1666 2995 ἡλίου
1688 2927 1786 2997 τῆς

200 3010 570 3081 δικαιοσύνης,
599 3013 681 3076 εἰς
708 3013 982 3084 φωτισμὸν
1021 3014 1179 3086 ἡμῶν
1215 3017 1598 3088 ἀπορρέουσαι,
1616 3018 1682 3072 δι’
1707 3013 1783 3073 ὧν
1812 3046 1855 3105 c

199 3101 418 3169 γίνεται
454 3101 516 3155 τὸ
549 3102 849 3156 ἀποθέσθαι
893 3103 960 3157 τά
1015 3103 1152 3176 ἔργα
1186 3104 1280 3158 τοῦ
1314 3106 1554 3171 σκότους,
1575 3108 1670 3161 καὶ
1710 3109 1786 3173 ὡς

199 3193 263 3244 tv
301 3190 488 3262 ἡμέρᾳ
517 3193 839 3262 περιπατεῖν
877 3192 1251 3264 εὐσχημόνως,
1279 3195 1372 3248 καὶ
1412 3195 1786 3267 ἀπειπάμενον

199 3279 276 3334 τὰ
311 3280 528 3352 κρυπτά
559 3281 660 3352 τῆς
686 3280 965 3353 αἰσχύνης,
996 3282 1092 3335 καὶ
1122 3282 1299 3336 πάντα
1328 3283 1386 3336 ὲν
1412 3284 1551 3353 φωτὶ
1577 3283 1787 3337 ποιοῦν-

198 3391 293 3434 τα,
329 3374 424 3426 καί
472 3373 637 3427 αὑτὸν
679 3373 796 3440 φῶς
822 3372 1096 3442 γενέσθαι,
1119 3373 1258 3427 ὥστε
1313 3375 1407 3428 καὶ
1442 3375 1622 3440 ἄλλοις
1649 3376 1790 3448 λάμ-

200 3481 331 3518 πειν
374 3463 463 3518 διά
507 3464 616 3518 τῶν
661 3463 859 3534 ἔργων,
899 3464 1036 3536 ὅπερ
1077 3465 1253 3534 φωτός
1303 3467 1449 3520 ἐστιν
1488 3467 1636 3521 ἴδιον.
1667 3469 1786 3523 Κᾶν

201 3557 478 3626 ἁγιασμὺν
508 3555 600 3609 τὸν
626 3554 862 3626 Χριστὸν
886 3552 1023 3611 εἶναι
1046 3558 1346 3629 νοήσωμεν,
1376 3559 1454 3631 τῷ
1492 3560 1673 3630 πάσης
1700 3559 1789 3629 βε-

203 3647 374 3718 ϐήλου
417 3647 512 3702 καὶ
532 3647 845 3719 ἀκαθάρτου
870 3647 1120 3720 πράξεως
1168 3650 1262 3704 καὶ
1293 3651 1518 3718 ἐννοίας,
1543 3650 1664 3722 οὐχὶ
1686 3652 1785 3722 ῥή-

203 3756 342 3809 ματι
378 3738 474 3791 τοῦ
516 3737 786 3824 ἀγιασμοῦ
814 3737 912 3812 τὴν
944 3738 1173 3811 δύναμιν
1220 3740 1624 3811 ὁμολογοῦντες,
1649 3742 1786 3797 ἀλλά

200 3831 288 3901 τῷ
324 3830 448 3899 βαρ.
629 3839 750 3883 ν·-

1895 462 2249 518 ostendemus
2269 502 2284 529 ,
2311 464 2356 517 si
2387 477 2485 532 per
2511 477 2630 518 eam
2663 477 2852 532 pacem
2878 502 2894 529 ,
2928 480 3050 536 quae
3081 466 3138 519 in
3166 464 3328 521 nobis
3355 473 3468 533 est,

1895 553 2182 624 Christum
2211 555 2324 610 vita
2354 562 2543 609 nostra
2580 556 3039 624 expresserimus.
3069 557 3163 612 Ille
3197 557 3472 612 interfecit

1896 646 2242 701 inimicitiam
2262 686 2276 712 ,
2313 654 2375 701 ut
2405 647 2588 716 inquit
2619 648 2918 715 Apostolus
2947 649 2990 703 ⁸.
3034 647 3113 704 Νε
3147 648 3317 720 igitur
3347 664 3469 703 eam

1896 736 1952 798 in
1978 737 2140 792 nobis
2168 737 2280 792 ullo
2307 736 2470 791 modo
2499 738 2830 792 reviviscere
2857 739 3152 809 patiamur,
3183 739 3277 796 sed
3307 740 3472 808 plane

1895 833 2172 880 mortuam
2205 841 2328 882 esse
2352 826 2715 882 declat-emus.
2751 826 2830 883 Ne
2870 828 3132 898 praeclare
3163 843 3264 898 pro
3294 829 3472 883 salute

1893 922 2090 968 nostra
2123 912 2468 968 interfectam
2504 927 2534 966 a
2565 912 2678 969 Deo
2699 957 2713 981 ,
2758 929 2862 970 nos
2902 917 2959 970 in
2998 925 3314 971 nostrorum
3343 931 3471 986 per-

1892 1007 2093 1062 niciem
2127 1005 2437 1061 animorum
2470 1006 2807 1072 irascentes,
2847 1015 2901 1062 et
2944 1008 3276 1078 injuriarum
3307 1007 3492 1066 remi-_

1893 1097 2172 1153 niscentes
2196 1097 2520 1161 excitemus,
2545 1113 2666 1152 eam
2689 1138 2702 1162 ,
2735 1115 2858 1169 quae
2886 1099 3026 1162 bene
3053 1107 3266 1154 mortua
3286 1099 3468 1168 jacet,

1894 1189 2142 1264 improbe
2168 1190 2223 1244 in
2254 1191 2416 1243 vitam
2458 1198 2802 1245 revocantes.
2840 1187 2949 1244 Sed
2992 1204 3117 1245 cum
3163 1189 3469 1244 habeamus

1891 1281 2205 1346 Christum,
2237 1281 2332 1350 qui
2363 1287 2448 1336 est
2479 1295 2582 1351 pax
2602 1321 2616 1346 ,
2651 1297 2752 1337 nos
2784 1281 2915 1336 item
2949 1281 3293 1336 inimicitiam
3321 1281 3470 1336 occi-

1891 1370 2117 1434 damus,
2154 1377 2250 1436 ut,
2283 1369 2428 1440 quod
2465 1371 2521 1424 in
2563 1371 2683 1440 ipso
2724 1372 3037 1436 credimus,
3086 1371 3140 1425 id
3182 1371 3238 1424 in
3277 1379 3470 1427 nostra

1895 1462 2001 1517 vita
2033 1476 2452 1532 prosequamur.
2485 1459 2556 1515 Ut
2583 1462 2674 1517 ille
2715 1463 2860 1517 enim
2918 1461 3158 1516 medium
3199 1461 3468 1532 parietent

1892 1553 2144 1606 maceria:
2172 1551 2390 1607 solvens
2420 1550 2561 1606 duos
2588 1551 2841 1607 condidit
2878 1553 2934 1606 in
2959 1552 3256 1622 semetipso
3279 1553 3332 1607 in
3356 1567 3469 1608 uno

1890 1639 2112 1695 homine
2151 1638 2358 1695 faciens
2408 1654 2600 1709 pacem
2631 1641 2675 1704 θ,
2711 1640 2792 1697 sic
2821 1647 2876 1696 et
2907 1655 3010 1696 nos
3041 1641 3466 1698 reconciliemus

1891 1749 2002 1787 non
2040 1748 2136 1788 eos
2177 1741 2389 1788 tantum
2439 1732 2535 1803 qui
2578 1747 2680 1788 nos
2721 1732 3070 1789 extrinsecus
3115 1743 3464 1806 oppugnant,

1893 1824 1990 1881 sed
2027 1825 2151 1882 illos
2181 1827 2346 1880 etiam
2382 1826 2474 1895 qui
2504 1826 2561 1880 in
2590 1827 2753 1881 nobis
2803 1826 2941 1896 ipsis
2980 1825 3281 1883 seditiones
3311 1841 3469 1882 com-

1891 1923 2150 1978 movent,
2184 1923 2244 1970 ut
2289 1930 2357 1970 ne
2402 1917 2761 1988 concupiscat
2790 1918 3025 1987 amplius
3055 1918 3320 1973 adversus
3351 1917 3468 1988 spi-

1890 2009 2059 2062 ritum
2087 2023 2238 2069 caro.
2268 2017 2324 2064 et
2353 2009 2584 2079 spiritus
2613 2007 2880 2064 adversus
2904 2023 3128 2064 carnem
3154 2025 3170 2076 ;
3204 2007 3303 2064 sed
3331 2023 3467 2079 pru-

1889 2100 2074 2156 dentia
2099 2101 2284 2156 carnis
2309 2101 2414 2172 legi
2438 2100 2637 2156 divinae
2663 2100 2911 2170 subjecta
2932 2139 2948 2164 ,
2976 2100 3032 2155 in
3062 2115 3233 2155 unum
3263 2113 3468 2155 novum

1887 2200 1944 2247 et
1985 2191 2274 2262 paciﬁcum
2322 2190 2598 2246 hominem
2641 2189 2996 2254 readiftcati,
3041 2199 3096 2245 et
3135 2205 3202 2246 ex
3249 2189 3466 2246 duobus
3515 2199 3518 2204 '

1889 2296 2034 2336 unus
2059 2280 2241 2337 eﬂ‘ecti
2276 2281 2330 2335 in
2365 2281 2524 2337 nobis
2555 2280 2691 2350 ipsis
2730 2294 2920 2350 pacem
2965 2280 3288 2335 habeamus.
3337 2278 3466 2335 Haec

1886 2376 2034 2430 enim
2060 2384 2144 2429 est
2176 2373 2327 2442 pacis
2352 2371 2598 2427 deﬁnitio
2617 2411 2632 2438 ,
2665 2378 2724 2425 ut
2753 2369 3138 2426 dissidentium
3167 2368 3467 2425 concordia

1885 2480 2010 2521 esse
2037 2465 2271 2519 dicatur.
2321 2463 2688 2530 Quamobrem
2709 2502 2726 2529 ,
2755 2459 2980 2531 quando
3024 2468 3235 2514 naturae
3262 2470 3466 2516 nostrae

1890 2557 2098 2612 bellum
2131 2556 2456 2611 intestinum
2491 2554 2767 2609 sublatum
2814 2564 2932 2619 est,
2972 2553 3028 2607 in
3078 2551 3238 2607 nobis
3272 2564 3464 2621 pacem

1888 2646 2169 2710 colentes,
2207 2660 2314 2715 pax
2344 2644 2632 2709 ellicimur,
2661 2649 2718 2698 et
2757 2657 2943 2698 veram
2990 2657 3054 2697 ac
3089 2644 3368 2713 propriam
3405 2641 3463 2696 in

1887 2738 2052 2793 nobis
2092 2738 2236 2792 hanc
2264 2728 2469 2792 Christi
2517 2737 2942 2808 appellationem
2989 2735 3358 2792 declaramus.
3393 2736 3466 2788 At

1887 2826 2166 2882 Christum
2197 2841 2320 2882 esse
2350 2825 2527 2880 lucem
2566 2840 2750 2880 veram
2786 2825 2852 2889 ¹⁰,
2879 2831 2934 2880 ει
2979 2839 3008 2879 a
3050 2824 3340 2880 mendacio
3377 2838 3468 2880 re-

1889 2918 2254 2974 motissimam
2282 2916 2722 2981 considerantes,
2757 2916 3025 2971 discimus
3053 2915 3220 2970 vitam
3249 2929 3468 2985 quoque

1887 3019 2135 3066 nostram
2168 3023 2310 3066 verae
2340 3010 2480 3064 lucis
2511 3007 2679 3064 radiis
2710 3007 2974 3063 illustrari
3007 3015 3282 3078 oportere.
3318 3006 3467 3063 Solis

1895 3111 2078 3158 autem
2101 3102 2332 3171 iustitia:
2357 3098 2498 3154 radii
2527 3109 2658 3154 sunt
2681 3099 2813 3168 ipsa:
2839 3100 3091 3165 virtutes,
3119 3114 3240 3169 quae
3265 3098 3331 3152 ad
3365 3111 3468 3155 nos

1887 3193 2283 3249 illuminandos
2313 3199 2611 3256 emanant,
2649 3200 2708 3245 ut
2749 3191 3076 3259 abjiciamus
3110 3205 3277 3261 opera
3310 3199 3467 3246 tene-

1886 3285 2107 3340 brarum
2133 3323 2148 3347 ,
2178 3291 2232 3340 et
2265 3291 2525 3353 tanquam
2559 3283 2614 3338 iu
2647 3281 2735 3338 die
2765 3283 2994 3338 honeste
3023 3282 3369 3338 ambulemus
3396 3280 3464 3349 “,

1885 3385 1941 3432 et
1977 3375 2329 3446 repudiantes
2357 3375 2686 3430 abscondita
2719 3373 3078 3444 turpitudinis
3098 3413 3114 3439 ,
3143 3380 3311 3444 atque
3344 3387 3469 3428 om-

1887 3471 1980 3524 nia
2013 3471 2068 3523 in
2110 3469 2230 3523 luce
2265 3466 2561 3534 facientes,
2599 3466 2703 3538 ipsi
2747 3480 2970 3538 quoque
3010 3467 3102 3520 lux
3131 3464 3464 3531 evadamus,

1884 3571 1939 3617 et
1971 3560 2118 3632 quod
2151 3561 2432 3631 proprium
2461 3570 2543 3615 est
2577 3559 2720 3615 lucis
2740 3598 2755 3624 ,
2803 3559 2928 3614 aliis
2958 3573 3054 3628 per
3083 3571 3248 3628 opera
3278 3556 3468 3627 splen-

1885 3656 2130 3710 deamus.
2161 3651 2369 3719 Quodsi
2397 3652 2680 3706 Christum
2707 3659 2767 3706 ut
2795 3650 3288 3707 sanctiﬁcationem
3331 3663 3460 3704 con-

1885 3743 2255 3800 siderabimus
2289 3743 2354 3806 ",
2386 3741 2457 3796 ab
2507 3740 2778 3812 improbis
2824 3749 2879 3796 et
2931 3741 3164 3810 impuris
3210 3739 3469 3794 omnibus

1884 3847 1999 3893 tum
2030 3836 2194 3890 factis
2217 3843 2332 3888 tum
2359 3833 2791 3904 cogitationibus
2821 3832 3188 3898 abstinentes,
3219 3845 3321 3886 nos
3346 3829 3468 3899 ejus

201 3919 460 3976 nominis
504 3935 629 3977 vere
672 3924 960 3995 participes
1005 3907 1398 3994 ostendemus,
1441 3930 1644 4002 quippe
1687 3933 1782 4004 qui
1822 3948 1930 3990 non
1963 3929 2182 3995 verbis,
2219 3927 2315 3982 sed
2343 3926 2469 3981 vita:
2498 3934 2703 3981 nostra:
2772 3916 3088 3983 actionibus
3154 3922 3470 3982 sanctiﬁca-

203 4010 382 4066 tionis
416 4010 673 4067 virtutem
703 4029 814 4084 ιιι-ιε
842 4015 1006 4070 nobis
1040 4015 1302 4072 feramus.

287 4102 689 4175 Ἀπολύτρωσιν
719 4105 777 4159 δὲ
807 4102 947 4160 εἶναι
976 4106 1068 4159 τὸν
1113 4108 1347 4178 Χριστὸν
1379 4111 1662 4180 μαθόντες,
1691 4115 1782 4168 τὸν

203 4197 400 4252 ἑαυτὸν
425 4197 584 4252 δόντα
607 4197 805 4270 λύτρον
847 4199 990 4270 ὑπὲρ
1025 4199 1205 4271 ἡμῶν,
1244 4201 1402 4256 τοῦτο
1433 4204 1519 4258 διὰ
1548 4206 1645 4276 τῆς
1673 4224 1782 4260 τοιο

1958 4106 2131 4162 Porro
2159 4120 2286 4160 cum
2317 4105 2748 4174 redemptionem
2794 4120 2918 4160 esse
2978 4104 3258 4162 Christum
3294 4107 3468 4164 disci-

1891 4213 2035 4263 mus,
2068 4197 2164 4266 qui
2192 4196 2431 4265 seipsum
2473 4204 2534 4249 ut
2569 4210 2670 4250 nos
2705 4195 3019 4259 redimeret,
3079 4197 3314 4266 pretium
3368 4197 3468 4254 de-

206 4290 375 4359 αύτης
416 4289 602 4360 φωνῆς
643 4292 1115 4363 παιδευόμεθα,τὺ
1166 4293 1354 4364 μαθεῖν
1407 4296 1488 4348 ὃτι
1543 4273 1788 4370 καθάπερ

1891 4287 1990 4349 dit,
2022 4303 2084 4341 ea
2121 4300 2254 4340 voce
2289 4284 2670 4354 intelligimus,
2699 4298 2822 4338 eum
2855 4290 3116 4354 tanquam
3157 4287 3465 4343 mercedem

206 4380 370 4447 τιμήν
410 4396 532 4432 τινα
569 4377 668 4447 τῆς
717 4379 946 4432 ἑκάστου
975 4379 1155 4450 ψυχῆς
1202 4382 1612 4452 παρασχόμενος
1658 4386 1789 4456 ἡμῖν

207 4466 304 4536 τὴν
323 4465 649 4530 ἀθανασίαν,
675 4469 860 4539 κτῆμα
884 4469 1013 4524 ἴδιον
1041 4470 1167 4534 τοὺς
1191 4472 1256 4524 ὲκ
1279 4472 1373 4525 τοῦ
1405 4472 1634 4527 θανάτου
1657 4475 1788 4546 παρ’

209 4555 375 4609 αὐτοῦ
401 4556 490 4609 διὰ
520 4557 620 4624 τῆς
647 4555 792 4627 ζωῆς
813 4558 1281 4630 ἔξαγορασθέντας
1300 4563 1572 4633 ἐποίησεν.
1591 4564 1654 4618 Εἰ
1676 4565 1788 4618 τοί-

210 4665 302 4701 νυν
337 4646 516 4701 δοῦλοι
557 4647 655 4700 τοῦ
686 4649 1106 4720 λυτρωσαμένω
1149 4652 1452 4722 γεγόναμεν
1475 4692 1489 4718 ,
1519 4653 1655 4724 πρὸς
1697 4655 1790 4709 τὸν

211 4739 532 4810 κυριεύοντα
585 4741 805 4805 πάντως
845 4741 1124 4812 ἁψώμεθα,
1148 4743 1223 4806 ὡς
1259 4746 1454 4815 μηκέτι
1487 4747 1632 4816 ἡμᾶς
1658 4749 1787 4800 ἑαυ-

170 4871 185 4906 ,
210 4830 319 4889 τοῖς
360 4827 480 4898 ζῇν,
497 4827 632 4882 ἀλλά
663 4829 743 4898 τῷ
765 4828 1090 4901 κτησαμένῳ
1115 4831 1262 4902 ἡμᾶς
1285 4833 1372 4886 διὰ
1395 4833 1489 4886 τοῦ
1515 4835 1615 4904 τῆς
1643 4836 1789 4906 ζωῆς

177 4907 914 4990 ’ἁπαλλάγματοςηοὺκέτι
961 4921 1069 4992 γὰρ
1118 4922 1328 4976 ἑαυτῶν
1377 4926 1544 4995 ἐσμεν
1587 4925 1786 4998 κύριοι,

213 5008 328 5060 ἀλλ’
355 5009 386 5061 ὁ
433 5009 785 5080 ὼνησάμενός
824 5013 941 5064 ἐστι
979 5012 1203 5084 Κύριος,
1246 5018 1410 5086 ἡμεῖς
1443 5016 1500 5070 δὲ
1532 5018 1695 5072 αὐτοῦ
1722 5021 1792 5074 τά

211 5099 490 5168 κτήματα.
537 5100 747 5154 Οὐκοῦν
792 5103 952 5172 νόμος
981 5102 1134 5157 ἔσται
1179 5106 1275 5176 τῆς
1303 5109 1578 5179 ἡμετέρας
1622 5111 1786 5181 ζωῆς,

203 5189 273 5245 τὸ
299 5189 398 5243 τοῦ
431 5192 776 5263 κυριεύοντος
811 5193 1044 5264 θέλημα.
1078 5196 1290 5270 Ὥσπερ
1328 5199 1435 5270 γὰρ
1487 5202 1581 5254 τοῦ
1622 5201 1789 5256 θανά-

204 5297 304 5335 του
338 5280 664 5351 κρατοῦντος
693 5282 868 5353 ἡμῶν,
901 5286 929 5337 ό
953 5285 1054 5354 τῆς
1079 5285 1350 5357 ἁμαρτίας
1383 5290 1442 5341 tv
1477 5291 1608 5359 ἡμῖν
1629 5291 1790 5362 νόμος

205 5368 588 5433 ιτωλιτεύετοο
619 5370 793 5436 οὕτως
825 5372 1012 5446 ἐπειδὴ
1057 5375 1158 5444 τῆς
1206 5375 1352 5446 ζωῆς
1401 5378 1588 5448 κτῆμα
1630 5381 1791 5451 γεγό-

279 5568 536 5650 ξξξρίιεε.
567 5573 751 5650 "LM.
841 5575 1013 5634 ’ibid.
1106 5581 1148 5614 ¹⁰
1175 5577 1332 5636 Joan.
1371 5595 1406 5650 ι,
1449 5586 1503 5643 9.

213 5643 257 5672 ’⁸
290 5639 310 5693 l
338 5641 469 5696 Cor.
499 5657 575 5706 vi,
602 5641 692 5698 20.

1609 5585 1648 5617 ¹¹
1686 5586 1845 5642 Rom.
1883 5605 2005 5655 χιιι,
2038 5589 2119 5652 12,
2163 5590 2243 5645 15.

1887 4379 2157 4448 cujusque
2191 4374 2380 4440 animi,
2439 4373 2730 4444 praebendo
2783 4373 2946 4429 nobis
2973 4375 3465 4444 immortalitatem,

1887 4484 1989 4524 nos
2011 4488 2042 4524 e
2071 4476 2244 4522 morte
2274 4481 2306 4521 a
2332 4481 2391 4521 se
2419 4481 2516 4537 per
2544 4466 2708 4519 vitam
2743 4474 3025 4536 coemptos
3048 4467 3324 4538 pr0priam
3357 4469 3467 4526 sibi

1886 4561 2290 4631 possessionem
2315 4558 2561 4614 eﬂccisse
2583 4557 2645 4612 ¹³.
2670 4557 2877 4624 Quodsi
2901 4559 3021 4629 ejus
3051 4560 3145 4630 qui
3175 4575 3276 4614 nos
3311 4561 3470 4616 rede-

1885 4655 1985 4708 mit
2018 4653 2196 4710 eii‘ecti
2224 4667 2439 4718 sumus,
2470 4651 2763 4706 Dominum
2791 4652 2865 4706 ita
2889 4667 3207 4723 sequamur,
3241 4652 3470 4708 omnino

1888 4754 1946 4800 ut
1970 4760 2076 4800 non
2109 4745 2346 4815 amplius
2368 4743 2532 4798 nobis
2553 4744 2825 4806 vivamus,
2851 4744 2944 4798 sed
2970 4744 3068 4807 illi,
3095 4745 3187 4812 qui
3212 4758 3313 4800 nos
3343 4744 3470 4800 vita

1891 4852 2003 4891 sua:
2033 4837 2209 4907 pretio
2248 4834 2686 4905 comparavit”:
2723 4849 2828 4888 non
2855 4834 2998 4889 enim
3033 4834 3268 4905 amplius
3290 4837 3472 4892 nostri

1890 4929 2133 4998 ipsorum
2163 4927 2372 4983 domini
2429 4943 2644 4991 sumus,
2687 4927 2783 4982 sed
2829 4927 2922 4981 ille
2969 4925 3061 4994 qui
3109 4943 3211 4984 nos
3270 4930 3473 4984 coemit

1889 5019 2154 5077 Dominus
2178 5029 2284 5087 est,
2321 5035 2425 5074 nos
2476 5027 2660 5073 autem
2704 5018 2825 5088 ejus
2858 5019 3105 5074 dominio
3150 5021 3472 5092 mancipati.

1893 5108 2047 5166 illius
2077 5125 2204 5181 ergo
2234 5111 2489 5167 voluntas
2535 5113 2693 5166 nobis
2733 5126 2832 5181 pro
2856 5111 2972 5182 lege
2996 5113 3211 5166 vivendi
3271 5128 3474 5184 propo-

1897 5201 2001 5256 sita
2034 5203 2124 5255 sit.
2148 5199 2220 5255 Ut
2247 5202 2391 5256 enim
2417 5219 2541 5257 cum
2573 5219 2720 5256 mors
2743 5203 3028 5274 impotenti
3055 5203 3341 5258 dominatu
3363 5219 3472 5260 nos

1898 5303 2192 5362 premeret,
2227 5294 2434 5362 peccati
2468 5294 2553 5349 lex
2584 5295 2639 5348 in
2673 5295 2828 5350 nobis
2883 5295 3065 5349 omnia
3111 5294 3470 5351 administrac

1897 5383 2011 5451 bat,
2054 5383 2158 5448 sic,
2193 5385 2416 5454 quando
2446 5385 2702 5456 vitmjam
2744 5385 2950 5442 addicti
2987 5402 3202 5454 sumus,
3228 5404 3326 5460 par
3360 5388 3471 5446 uti-

2336 5593 2376 5622 ¹¹
2413 5592 2428 5646 Ι
2466 5591 2589 5648 Cor.
2635 5610 2670 5658 ι,
2707 5597 2797 5654 50.
2907 5599 2949 5635 ι’
2991 5598 3277 5656 l'l‘imoth.
3315 5612 3376 5663 ιι,
3411 5593 3467 5653 6.
