3896 6208
441 233 547 287 9.65

1682 227 1740 281 s.
1782 220 2108 280 GREGORII
2142 184 2448 276 mssmf

3572 210 3678 277 961

444 362 550 417 que
582 345 674 410 sit,
699 353 758 402 ut
785 346 958 418 ipsius
994 362 1176 404 rerum
1210 348 1468 418 potientis
1497 345 1723 401 arbitrio
1741 346 2004 415 guberne-

2114 358 2297 411 ναμεν,
2325 339 2619 409 ἀναγκαῖον
2651 338 2716 392 ἂν
2747 338 2855 410 εἴη,
2891 339 3025 410 πρὸς
3054 339 3154 411 τὴν
3204 337 3512 411 κρατοῦσαν
3553 339 3682 410 μεθ.

443 454 591 503 mur,
618 454 687 494 ne
716 441 934 509 quando
961 455 993 494 a
1029 440 1153 494 vita:
1182 439 1458 494 voluntate
1492 453 1586 507 per
1614 443 1894 506 peceatum
1921 447 2005 486 re-

447 528 727 592 cedentes,
752 544 945 583 rursus
977 528 1043 582 ad
1090 528 1400 598 improbum
1446 527 1637 581 mortis
1682 526 1736 578 in
1795 522 2007 576 animos

445 627 668 673 nostros
726 619 1066 674 dominatum
1131 620 1276 673 ultro
1319 618 1656 672 delabamur.
1717 614 1812 668 illa
1880 626 2007 666 vero

445 710 701 779 cogitatio
755 725 854 765 nos
887 711 1151 780 astringet
1181 709 1408 763 Domino
1436 708 1500 771 ¹⁵,
1536 710 1580 761 si
1615 721 1737 759 cum
1770 721 1799 759 a
1838 702 2007 758 Paulo

443 810 559 856 tum
583 802 794 858 Pascha
825 804 891 868 ιθ,
941 810 1058 857 tum
1115 803 1452 860 sacerdotem
1508 801 1837 870 appellatum
1884 813 2007 852 esse

444 893 854 949 audiverimus:
892 911 990 965 pro
1022 895 1183 950 nobis
1211 895 1356 949 enim
1393 906 1522 946 vere
1571 890 1783 945 Pascha
1813 890 2007 943 immo-

443 985 589 1049 latus
636 993 720 1040 est
751 986 1026 1046 Christus.
1054 986 1318 1041 sacerdos
1341 992 1524 1038 autem
1555 982 1886 1037 sacriﬁcium
1915 982 2009 1036 ob—

444 1075 572 1127 tulit
598 1073 708 1129 Deo
753 1075 891 1129 idem
949 1076 1065 1144 ipse
1098 1074 1374 1130 Christus.
1415 1092 1434 1124 ι
1469 1072 1719 1142 Seipsum
1773 1072 1943 1135 enim,
1984 1089 2003 1123 ι

444 1166 648 1234 inquit,
711 1185 731 1219 ‹
767 1167 991 1220 tradidit
1036 1167 1367 1221 oblationem
1403 1174 1457 1220 et
1490 1164 1723 1219 hostiam
1760 1178 1863 1233 pro
1909 1178 2010 1216 no-

445 1258 531 1314 bis
558 1260 619 1311 ¹⁷.
658 1277 676 1309 ι
740 1259 872 1324 Quae
927 1260 1146 1327 quidem
1183 1258 1345 1314 nobis
1377 1256 1707 1312 documento
1740 1263 1889 1323 sunt,
1949 1265 2010 1310 ut

444 1350 537 1419 qui
566 1348 845 1404 Christum
874 1348 983 1403 Deo
1012 1365 1071 1403 se
1109 1349 1440 1403 oblationem
1470 1358 1522 1402 et
1548 1349 1780 1402 hostiam
1829 1346 2012 1401 dedis-

446 1456 526 1506 se,
548 1449 602 1495 et
637 1440 841 1494 factum
874 1455 996 1495 esse
1028 1439 1234 1495 Pascha
1266 1438 1434 1503 videt,
1478 1439 1593 1507 ipse
1621 1453 1840 1507 quoque
1884 1452 2011 1491 cor-

443 1546 547 1598 pus
578 1545 738 1585 suum
773 1529 882 1585 Deo
913 1530 1147 1584 hostiam
1201 1530 1495 1593 viventem,
1549 1539 1818 1591 sanctam,
1873 1529 2011 1583 bene

443 1621 749 1691 placentem
813 1621 1089 1686 exhibeat,
1156 1620 1483 1675 rationabile
1548 1619 1869 1688 obsequium
1930 1619 2010 1672 fa—

443 1720 568 1769 ctus
604 1713 682 1766 ‘9:
714 1712 1057 1769 sacriﬁcandi
1084 1718 1266 1766 autem
1302 1709 1498 1766 modus
1531 1719 1634 1774 est,
1674 1721 1828 1765 utne
1876 1725 2011 1764 con-

444 1803 712 1859 formetur
742 1804 871 1857 huic
903 1804 1128 1866 sazcnln,
1157 1803 1251 1857 sed
1279 1801 1706 1857 trausformetur
1740 1803 1794 1855 in
1853 1816 2013 1856 reno-

443 1894 715 1948 vationem
751 1893 954 1947 mentis
975 1907 1107 1956 suae,
1136 1899 1195 1945 ut
1247 1892 1441 1961 probet
1490 1907 1610 1961 quae
1641 1892 1712 1946 sit
1760 1891 2012 1946 voluntas

447 1981 539 2034 Dei
582 1982 747 2041 bona,
799 1988 853 2036 et
915 1982 1297 2050 heneplaeens,
1353 1989 1407 2036 et
1446 1983 1686 2052 perfecta
1715 1984 1779 2037 ".
1825 1981 2015 2052 Neque

443 2072 588 2125 enim
625 2071 681 2125 in
711 2087 898 2137 carne,
926 2073 1066 2127 bona
1100 2073 1190 2128 Dei
1256 2072 1512 2128 voluntas
1541 2072 1758 2129 ostendi
1813 2081 2010 2143 potest,

444 2164 549 2218 nisi
580 2180 644 2219 ex
675 2165 901 2233 spiritus
930 2164 1046 2234 lege
1082 2163 1391 2219 sacriﬁcata
1416 2167 1525 2221 sit:
1572 2165 2010 2235 quandoquidem

447 2254 733 2323 prudentia
765 2255 946 2310 carnis
982 2255 1204 2309 inimica
1233 2264 1318 2310 est
1343 2254 1473 2319 Deo,
1505 2266 1559 2312 et
1585 2258 1688 2327 legi
1756 2256 1851 2313 Dei
1902 2271 2013 2311 non

443 2353 527 2402 est
557 2345 804 2414 subjecta
829 2347 896 2399 ὀ.
935 2345 1230 2412 Quocirca,
1262 2349 1366 2403 nisi
1398 2349 1554 2419 prius
1593 2363 1725 2403 caro
1784 2347 2014 2402 mortiﬁ-

444 2438 584 2492 catis
612 2437 893 2500 membris,
928 2453 1049 2507 quae
1098 2448 1227 2493 sunt
1258 2456 1421 2509 super
1462 2449 1664 2496 terram
1688 2444 1757 2505 “,
1811 2441 2013 2511 quibus

444 2527 801 2597 obsequimur
830 2530 1118 2599 appetitui,
1155 2547 1251 2601 per
1277 2533 1510 2588 hostiam
1543 2534 1810 2589 viventem
1841 2533 2014 2589 sacri-

447 2617 660 2684 ﬁcetur,
702 2619 1067 2689 beneplaeens
1095 2632 1150 2676 et
1174 2622 1416 2692 perfecta
1465 2623 1558 2678 Dei
1588 2625 1841 2678 voluntas
1889 2625 2011 2679 sine

446 2708 834 2779 impedimento
870 2725 976 2765 non
1009 2721 1190 2781 potest
1214 2713 1268 2767 in
1298 2716 1407 2768 vita
1443 2714 1780 2769 credentium
1826 2715 2015 2770 obser-

445 2799 585 2853 vari.
620 2797 712 2852 Sic
743 2798 908 2854 etiam
938 2799 1067 2854 dum
1104 2800 1362 2860 Christus
1402 2805 1458 2859 in
1495 2805 1721 2875 proprio
1744 2806 2013 2875 sanguine

446 2889 761 2962 propitiatio
794 2891 1196 2958 consideratur,
1226 2895 1542 2959 edocemur,
1596 2905 1656 2950 ut
1707 2911 1810 2953 nos
1875 2898 2009 2953 item

2107 430 2445 501 αρμοσθῆναι
2475 428 2631 499 ήμῶν
2663 429 2760 499 τὴν
2792 428 3096 491 πολιτείαν,
3128 430 3201 499 μή
3242 446 3372 482 ποτε
3402 430 3503 500 τῆς
3535 430 3680 500 ζωῆς

2109 522 2557 594 παρατραπέντες
2593 521 2912 591 θελήματος,
2948 520 3110 573 πάλιν
3141 521 3275 591 πρὸς
3317 521 3408 576 τὸν
3447 522 3682 594 πονηρὸν

2107 615 2215 667 τῶν
2238 614 2423 683 ψυχῶν
2451 614 2606 683 ἡμῶν
2625 612 2903 682 τύραννον,
2922 613 3010 665 τὸν
3037 612 3263 666 θάνατον
3286 612 3447 681 λέγω,
3466 612 3554 666 διὰ
3583 615 3678 684 τῆς

2109 705 2383 774 ἁμαρτίας
2414 703 2891 774 αὑτομολήσωμεν.
2927 704 2989 755 Ἡ
3021 703 3075 756 δὲ
3105 702 3242 774 αὑτὴ
3277 704 3484 757 διάνοια
3512 720 3682 771 προσ‹

2107 796 2378 849 οικειώσει
2411 798 2558 866 ἡμᾶς
2585 795 2662 865 τῷ
2690 794 2932 867 Χριστῷ,
2965 794 3067 849 κᾶν
3098 796 3289 866 Πάσχα
3326 796 3489 850 αὑτὸν
3516 793 3678 864 εἶναι,

2108 887 2212 941 κᾶν
2240 888 2518 959 ἀρχιερέα,
2548 886 2698 957 παρὰ
2726 887 2820 941 τοῦ
2852 887 3063 940 Παύλου
3108 887 3450 958 ἀκούσωμεν.
3484 888 3677 959 Ἐτύθη

2108 979 2217 1050 γὰρ
2241 979 2315 1043 ὡς
2338 979 2553 1050 άληθῶς
2581 980 2721 1049 ὑπὲρ
2750 978 2904 1051 ἡμῶν
2938 978 3001 1032 τὸ
3048 979 3238 1050 Πάσχα
3268 981 3498 1051 Χριστός
3517 997 3534 1012 ο
3563 980 3677 1034 ἀλλ’

2109 1075 2137 1127 6
2168 1074 2367 1143 ἱερεὺς,
2412 1072 2702 1143 προσάγων
2732 1071 2809 1142 τῷ
2845 1071 2964 1143 Θεῷ
2993 1071 3091 1144 τὴν
3128 1072 3339 1136 θυσίαν,
3390 1074 3490 1127 οὑκ
3523 1073 3700 1138 ἄλλοςο

2108 1163 2192 1227 τίς
2224 1165 2337 1215 ἐστι
2391 1164 2523 1232 παρ’
2557 1162 2717 1215 αὑτὸν
2740 1162 2829 1216 τὸν
2872 1164 3124 1233 Χριστόν.
3164 1182 3184 1215 ι
3225 1165 3444 1218 Ἑαυτὸν
3474 1164 3614 1237 γὰρ,
3651 1184 3669 1217 ι

2110 1251 2263 1319 φησι,
2285 1270 2301 1301 ι
2323 1250 2585 1321 ἀνήνεγκε
2618 1251 2930 1321 προσφοράν
2961 1252 3054 1304 καὶ
3082 1251 3271 1306 θυσίαν
3300 1252 3439 1325 ὑπὲρ
3461 1253 3669 1324 ήμῶν.»

2112 1341 2320 1395 υὺκοῦν
2368 1341 2525 1394 τοῦτο
2571 1341 2658 1395 διὰ
2711 1341 2914 1395 τούτων
2967 1342 3342 1414 μανθάνομεν,
3401 1344 3482 1399 ὅτι
3543 1346 3677 1418 πρὸς

2111 1435 2314 1489 ἐκεῖνον
2338 1434 2570 1505 βλέπων,
2597 1434 2686 1487 τὸν
2710 1436 2897 1489 ἑαυτὸν
2920 1438 3336 1508 προσαγαγόντα
3366 1438 3679 1510 προσφορὰν

2113 1528 2206 1579 καὶ
2236 1526 2444 1590 θυσίαν,
2462 1527 2649 1595 Πάσχα
2671 1529 2976 1597 γενόμενον,
2997 1529 3091 1582 καὶ
3105 1528 3265 1591 αὐτὸς
3290 1529 3478 1582 ἑαυτὸν
3501 1546 3682 1601 παρα-

2114 1616 2303 1684 στήσει
2329 1614 2405 1684 τῷ
2441 1614 2560 1685 Θεῷ
2582 1614 2769 1668 ουσίαν
2803 1613 3004 1678 ζῶσαν,
3042 1616 3222 1684 ἁγίαν,
3251 1618 3561 1690 εὐάρεστον,
3589 1617 3681 1672 λο-

2112 1706 2243 1776 γικὴ
2275 1706 2498 1778 λατρεία
2526 1707 2812 1777 γενόμενος
2833 1723 2847 1737 ⁸
2878 1708 2906 1760 6
2930 1705 2985 1760 δὲ
3022 1708 3221 1779 τρόπος
3240 1710 3339 1779 τῆς
3372 1711 3683 1782 ἱερουργίας

2114 1798 2251 1859 ἐστὶ,
2276 1797 2336 1850 τὺ
2376 1798 2450 1868 μὴ
2490 1798 2989 1868 συσχηματίζεσθαι
3018 1798 3097 1870 τῷ
3141 1798 3295 1853 αἰῶνι
3331 1801 3526 1870 τούτῳ,
3547 1801 3681 1854 ἀλλά

2117 1887 2592 1959 μεταμορφοῦσθαι
2614 1891 2679 1960 τῇ
2729 1889 3089 1943 ἀνακαινώσει
3122 1890 3216 1944 τοῦ
3248 1892 3364 1956 νοὸς
3409 1893 3592 1957 αὑτοῦ,
3623 1896 3681 1947 ἐν

2112 1978 2191 2050 τῷ
2215 1977 2545 2047 δοκιμάζειν,
2579 1978 2631 2033 τί
2656 1979 2718 2033 τὸ
2747 1980 2958 2051 θέλημα
2977 1982 3069 2035 τοῦ
3098 1982 3229 2036 Θεοῦ
3257 1984 3316 2036 τὸ
3346 1984 3568 2053 ἀγαθὸν,
3587 1985 3682 2039 καὶ

2114 2073 2438 2141 εὐάρεστον,
2485 2071 2578 2125 καὶ
2631 2071 2855 2126 τέλειον.
2904 2073 2978 2127 Οὑ
3036 2073 3145 2145 γὰρ
3192 2074 3306 2128 ἐστι
3354 2075 3531 2148 ζώσης
3578 2076 3680 2147 τῆς

2116 2162 2335 2233 σαρκὸς,
2355 2163 2446 2215 καὶ
2469 2162 2542 2234 μὴ
2565 2164 2705 2217 κατὰ
2728 2165 2818 2219 τὸν
2842 2166 3206 2237 πνευματικὸν
3236 2163 3679 2239 ἱερουργηθείσης

2114 2254 2296 2325 νόμον,
2322 2254 2381 2307 τὸ
2428 2253 2629 2323 ἀγαθὸν
2656 2254 2750 2307 τοῦ
2783 2255 2918 2310 Θεοῦ
2962 2256 3175 2327 θέλημα
3210 2258 3269 2310 ὲν
3307 2259 3440 2330 αὑτῇ
3471 2258 3681 2331 δειχθῆ-

2113 2363 2201 2400 ναι
2224 2361 2235 2373 ·
2261 2346 2393 2399 διότι
2420 2345 2481 2398 τὸ
2530 2344 2781 2416 φρόνημα
2807 2347 2904 2417 τῆς
2949 2346 3171 2420 σαρκὸς,
3201 2347 3368 2420 ἔχθρα
3415 2350 3495 2413 είς
3525 2349 3678 2412 Θεὸν,

2113 2437 2209 2490 καὶ
2241 2436 2320 2507 τῷ
2366 2437 2515 2507 νόμῳ
2567 2436 2660 2489 τοῦ
2685 2436 2818 2490 Θεοῦ
2852 2437 2950 2508 οὑχ
2986 2438 3368 2496 ὑποτάσσεται.
3405 2439 3538 2493 Οὑδὲ
3572 2439 3681 2510 γὰρ

2113 2527 2357 2591 δύναται,
2405 2528 2508 2590 ἓως
2556 2527 2621 2581 ἂν
2661 2526 2726 2599 ζῇ
2777 2530 2809 2597 ἡ
2865 2528 3022 2599 σὰρξ,
3049 2524 3117 2602 ἧς
3149 2529 3236 2583 διὰ
3287 2515 3385 2597 τῆς
3416 2530 3679 2594 ζωοποιοῦ

2115 2621 2305 2685 θυσίας
2336 2620 2801 2692 ἱερουργηθείσης.
2830 2619 2918 2673 διὰ
2936 2620 3031 2673 τοῦ
3069 2620 3338 2692 νεκρῶσαι
3359 2622 3427 2675 τὰ
3460 2622 3552 2675 ἐπὶ
3579 2624 3682 2693 γῆς

2119 2711 2363 2781 μέλη,δι’
2407 2704 2481 2765 ὧν
2510 2712 2811 2780 ἐνεργεῖται
2850 2710 2918 2763 τὰ
2964 2711 3107 2783 πάθη
3129 2751 3145 2774 ,
3176 2712 3577 2784 ἀνεμποδίστως
3620 2714 3682 2767 τὸ

2115 2804 2406 2875 εὐάρεστον
2436 2803 2532 2857 καὶ
2561 2802 2762 2857 τέλειον
2814 2803 3022 2875 θέλημα
3068 2804 3160 2857 τοῦ
3208 2804 3340 2858 Θεοῦ
3375 2806 3433 2858 ἐν
3471 2810 3538 2878 τῇ
3569 2806 3681 2879 ζωῇ

2116 2894 2264 2966 αὐτῷ
2318 2895 2757 2949 πεπιστευκότων
2801 2894 3297 2967 κατορθωθήσεται.
3340 2896 3530 2961 Οῦτως
3586 2897 3683 2952 καὶ

446 2982 609 3037 nobis
635 2981 768 3051 ipsis
799 2984 1114 3053 propitiatio
1161 2986 1353 3055 simus,
1393 2993 1447 3042 et
1502 2988 1746 3044 membra
1779 2989 2011 3043 mortiﬁ-

2119 2986 2426 3057 ἱλαστήριον
2468 2986 2526 3039 ὲν
2554 2985 2632 3057 τῷ
2663 2985 2778 3056 ἰδίῳ
2832 2986 3024 3057 αἵματι
3056 2988 3085 3040 6
3111 2988 3343 3059 Χριστὸς
3374 2987 3683 3060 νοούμενος,

447 3085 634 3132 cantes
665 3076 876 3129 animos
891 3075 1184 3132 reddamus
1203 3076 1561 3134 immortales.
1585 3077 1812 3145 Quando
1829 3086 2011 3135 autem

2114 3076 2353 3130 διδάσκει
2382 3075 2474 3128 τὸν
2514 3074 2689 3129 ταῦτα
2735 3076 3022 3146 νοήσαντα,
3060 3076 3221 3130 αὑτὸν
3271 3076 3500 3132 ἕκαστον
3532 3080 3687 3148 γενέ-

447 3168 635 3237 glorize
670 3167 927 3238 splendor
952 3176 1007 3223 et
1037 3168 1206 3239 ﬁgura
1238 3169 1560 3224 substantiae
1584 3169 1837 3225 Christus
1879 3170 2016 3226 dici-

447 3266 537 3312 tur
566 3258 634 3321 “,
696 3258 779 3312 his
845 3258 1027 3314 verbis
1093 3258 1429 3314 adorandam
1491 3260 1612 3330 ejus
1675 3261 2012 3330 majestatem

447 3357 628 3403 mente
691 3346 1054 3418 cencipimus.
1118 3348 1322 3404 Paulus
1359 3351 1506 3404 enim
1565 3350 1753 3406 divino
1805 3350 2014 3422 Spiritu

448 3437 686 3496 afﬂatus.
728 3450 785 3493 et
840 3455 967 3494 vere
995 3440 1192 3495 doctus
1226 3455 1256 3494 a
1286 3439 1418 3505 Deo,
1461 3441 1555 3511 qui
1615 3442 1670 3496 in
1727 3443 2015 3499 altitudine

446 3531 763 3586 divitiarum
783 3538 837 3585 et
868 3532 1151 3602 sapientia:
1196 3540 1249 3587 et
1285 3530 1527 3588 scientiae
1579 3532 1671 3588 Dei
1708 3533 2014 3589 divinorum

448 3621 831 3692 mysteriorum
864 3606 1065 3677 arcana
1103 3629 1156 3676 et
1206 3623 1491 3678 recondita
1552 3631 1831 3680 scrutatus
1884 3626 2017 3680 fue-

448 3726 534 3770 rat
562 3717 630 3781 ’³,
671 3732 795 3771 cum
828 3718 896 3773 ad
925 3718 1192 3773 divinitus
1225 3718 1330 3774 sibi
1385 3725 1637 3773 ostensos
1695 3719 2016 3788 splendores

447 3820 634 3862 earum
666 3824 847 3863 rerum
870 3824 993 3879 quae
1014 3808 1258 3880 indagari
1280 3809 1712 3880 investigarique
1735 3818 2016 3879 nequeunt

448 3897 808 3954 declarandos
869 3900 1054 3971 lingua
1120 3902 1445 3956 imbecillior
1505 3909 1674 3977 esset,
1744 3912 2015 3973 quatenus

449 4001 606 4041 suam
639 3987 813 4056 ipsius
845 3988 898 4042 in
927 3990 1184 4059 mysterio
1212 3989 1626 4060 intelligentiam
1660 4005 1821 4046 aures
1869 3993 2016 4047 exci-

449 4077 721 4148 pientium
796 4088 1078 4150 caperent,
1132 4081 1625 4152 signiﬁcationibus
1685 4080 2013 4151 quibusdam

449 4170 840 4238 subindicavit,
889 4179 1097 4228 tantum
1145 4172 1400 4229 videlicet
1446 4174 1700 4242 loquens,
1750 4182 2014 4243 quantum

446 4259 763 4330 cogitationi
853 4263 1097 4318 serviens
1173 4264 1349 4318 oratio
1420 4272 1633 4334 poterat
1719 4264 2010 4334 explicare.

2117 3166 2242 3221 σθαι
2279 3165 2456 3237 ἑαυτῷ
2487 3166 2814 3238 ἱλαστήριον,
2863 3166 2951 3221 διὰ
2987 3169 3086 3238 τῆς
3121 3167 3228 3221 τῶν
3263 3168 3438 3239 μελῶν
3475 3169 3687 3242 νεκρώο

2118 3272 2255 3320 σεως
2282 3254 2378 3327 τὴν
2406 3255 2580 3326 ψυχὴν
2607 3256 2989 3324 άφαγνίζοντα.
3021 3257 3189 3311 Ὅταν
3228 3257 3284 3310 δὲ
3321 3257 3477 3331 δόξης
3505 3260 3685 3314 ἀπαύ-

2117 3363 2308 3417 γασμα
2334 3388 2349 3411 ,
2410 3348 2504 3399 καὶ
2555 3348 2843 3419 χαρακτὴρ
2894 3348 3244 3413 ὑποστάσεως
3276 3352 3306 3404 ὁ
3332 3352 3565 3422 Χριστὸς
3596 3351 3688 3405 λέ-

2115 3456 2279 3509 γηται
2305 3439 2406 3509 τῆς
2434 3440 2911 3512 προσκυνουμένης
2948 3440 3111 3495 αὑτοῦ
3166 3442 3551 3515 μεγαλωσύνης
3595 3443 3688 3497 διὰ

2114 3532 2223 3584 τῶν
2264 3532 2522 3602 ῥημάτων
2550 3531 2754 3585 τούτων
2779 3532 2876 3596 τὰς
2898 3533 3105 3596 ἑννοίας
3124 3533 3594 3605 ἀναλαμϐάνομεν.
3624 3535 3683 3589 '0

2116 3625 2226 3697 γὰρ
2245 3625 2596 3689 θεόπνευστος
2617 3625 2689 3690 ὡς
2723 3625 2936 3697 ἀληθῶς
2967 3626 3063 3680 καὶ
3091 3626 3421 3692 θεοδίδακτος
3449 3628 3680 3692 Παῦλος,

2115 3716 2145 3769 6
2176 3719 2232 3769 ὲν
2264 3716 2342 3786 τῷ
2369 3716 2522 3787 βάθει
2547 3716 2642 3770 τοῦ
2676 3715 2903 3771 πλούτου
2941 3719 3037 3789 τῆς
3071 3718 3261 3788 σοφίας
3297 3720 3390 3773 καὶ
3421 3719 3520 3790 τῆς
3549 3720 3686 3788 γνώ-

2118 3824 2258 3871 σεως
2287 3807 2377 3860 τοῦ
2405 3807 2562 3872 Θεοῦ,
2592 3808 2661 3860 τὰ
2716 3808 2887 3880 ἄδηλα
2919 3810 3014 3862 καὶ
3040 3809 3109 3863 τά
3140 3809 3347 3880 κρύφια
3382 3810 3491 3873 τῶν
3522 3811 3681 3865 θείων

2120 3898 2432 3971 μυστηρίων
2463 3898 2903 3971 διερευνώμενος,
2940 3899 3038 3964 τὰς
3070 3902 3357 3972 γινομένας
3386 3901 3532 3973 αὑτῷ
3562 3901 3681 3956 θεό-

2118 3992 2208 4046 θεν
2248 3991 2541 4063 ὲλλάμψεις
2574 3993 2705 4063 περὶ
2746 3992 2848 4063 τῆς
2891 3992 3000 4046 τῶν
3041 3993 3469 4066 ἀνεξερευνήτων
3497 4012 3555 4049 τε
3585 3994 3683 4049 καὶ

2117 4083 2535 4153 ἀνεξιχνιάστων
2566 4085 2980 4155 κατανοήσεως,
3013 4086 3350 4158 ἀτονωτέραν
3399 4087 3538 4159 ἔχων
3582 4089 3682 4158 τῆς

2115 4172 2352 4236 διανοίας
2382 4171 2479 4243 τὴν
2507 4172 2772 4241 γλῶτταν,
2813 4172 2995 4237 καθὼς
3021 4173 3268 4246 ὲχώρειή
3298 4174 3433 4246 ἀκοὴ
3464 4175 3574 4229 τῶν
3601 4173 3685 4226 δε-

2119 4264 2362 4335 χομένων
2393 4265 2490 4334 τὴν
2521 4265 2735 4319 σύνεσιν
2767 4265 3066 4338 αὑτοῦ,τὴν
3085 4268 3144 4320 ὲν
3175 4266 3252 4338 τῷ
3289 4267 3589 4339 μυστηρίῳ,
3614 4268 3685 4322 δι’

447 4348 581 4403 Nam
622 4365 747 4405 cum
799 4353 983 4407 omnia
1029 4369 1151 4424 qua:
1200 4355 1255 4409 in
1304 4363 1554 4409 naturam
1606 4371 1663 4411 et
1717 4356 2011 4426 potentiam

2118 4356 2456 4425 αἰνιγμάτων
2483 4356 2646 4409 τινῶν
2668 4356 2946 4421 ὑπέδειξεν
2962 4375 2975 4389 ·
3000 4358 3123 4411 ὅσον
3145 4359 3432 4430 ὑπουργεῖν
3455 4361 3522 4431 τῇ
3567 4358 3684 4412 δια-

446 4441 739 4495 humanam
795 4443 999 4497 cadunt
1035 4443 1101 4499 de
1149 4453 1342 4500 natura
1392 4445 1576 4500 divina
1642 4448 2013 4516 cognovisset,

447 4544 715 4599 supremae.
773 4530 921 4585 illius
971 4535 1222 4589 essentia:
1298 4536 1565 4591 rationem
1610 4537 1774 4593 nullis
1822 4538 2015 4593 Imma-

446 4619 533 4674 nis
590 4621 1018 4690 cogitationibus
1077 4624 1198 4694 capi
1272 4627 1770 4698 comprehcndique
1854 4643 2016 4698 posse

445 4710 802 4768 demonstrat.

520 4891 760 4961 Itemque
785 4910 910 4950 cum
944 4912 1010 4952 ea
1039 4914 1161 4969 qua:
1184 4899 1252 4954 de
1280 4899 1398 4971 ipsa
1437 4902 1878 4969 considerantur,
1910 4920 2009 4976 pa-

450 4996 567 5037 cem
601 4983 883 5050 nimirum,
912 4988 1188 5051 virtutem,
1214 4999 1270 5045 et
1307 4991 1499 5057 vitam,
1547 5003 1602 5048 et
1631 4992 1922 5063 justitiam,
1958 5007 2013 5052 et

450 5076 646 5141 lucem,
704 5084 758 5131 et
800 5080 1110 5145 veritatem,
1151 5094 1205 5136 et
1236 5082 1287 5137 id
1321 5098 1496 5154 genus
1553 5086 1658 5140 alia
1714 5101 2011 5157 perseque-

449 5174 623 5231 retur,
661 5167 930 5224 rationem
962 5172 1136 5242 ipsius
1192 5174 1418 5229 omnino
1455 5191 1616 5246 posse
1645 5178 1861 5248 concipi
1916 5194 2014 5233 nc-

448 5260 627 5323 gavit:
662 5257 831 5315 Deum
870 5262 1018 5316 enim
1045 5278 1147 5319 nec
1183 5264 1358 5319 visum
1396 5282 1632 5336 unquam
1688 5266 1881 5333 fuisse,
1914 5283 2015 5324 nec

447 5350 625 5405 visum
659 5350 748 5407 iri.
811 5370 829 5404 ι
868 5353 1038 5419 Quem
1095 5357 1278 5412 nullus
1333 5375 1350 5406 ι
1416 5358 1615 5428 inquit,
1673 5380 1689 5411 ι
1726 5359 2008 5413 hominum

531 5549 575 5628 is
604 5549 623 5602 ι
651 5552 778 5609 ρον,
817 5556 955 5628 νηῖ,
1029 5556 1105 5628 _"_
1128 5557 1291 5612 Hebr.
1320 5572 1419 5617 vn,
1446 5559 1506 5613 Η
1546 5574 1666 5628 sqq.

1768 5562 1810 5592 ιτ
1844 5561 1865 5613 Ι
1893 5559 2142 5635 Timoch
2170 5578 2227 5635 tt,
2268 5562 2300 5616 6
2326 5581 2340 5629 ;
2376 5564 2573 5635 Ephes.
2604 5585 2656 5633 ι’,
2687 5568 2743 5625 2.

445 5618 490 5649 ’θ
522 5616 675 5673 Rom.
714 5638 832 5690 vm,
858 5616 919 5680 ’6.
995 5626 1039 5658 ¹¹
1073 5626 1284 5684 Coloss.
1320 5643 1405 5695 Ill,
1435 5628 1486 5683 5.
1564 5616 1607 5662 '5
1631 5616 1868 5705 ilebrqt,
1901 5632 1954 5685 5.

2114 5630 2143 5686 ll
2178 5616 2303 5688 Cor.
2327 5616 2542 5697 ’κὶιζὶίζ

2117 4445 2236 4517 νοίᾳ
2267 4445 2509 4509 δυνατῶς
2558 4442 2702 4517 εἶχεν
2743 4448 2772 4500 6
2811 4447 2987 4517 λόγος,
3014 4448 3266 4503 τοσοῦτον
3293 4450 3680 4521 φθεγγόμενος.

2118 4537 2304 4591 Πάντα
2324 4537 2430 4608 γὰρ
2475 4538 2575 4591 ὅσα
2612 4541 2779 4608 χωρεί
2822 4540 3193 4613 ἠάνθρωπίνη
3231 4540 3479 4613 δύναμις,
3509 4560 3685 4597 κατα-

2118 4628 2337 4699 νοήσας,
2375 4626 2662 4695 ἀνέφικτον
2698 4646 2759 4682 τε
2797 4631 2888 4683 καὶ
2933 4630 3295 4703 ἀνεπίληπτον
3326 4631 3689 4704 ἀνθρωπίνοις

2117 4718 2396 4789 λογισμοῖς
2431 4717 2522 4773 τὸν
2549 4719 2648 4790 τῆς
2677 4721 3076 4794 ὑπερκειμένης
3105 4722 3288 4788 οὐσίας
3316 4725 3688 4798 προσφέρεται

2115 4807 2290 4877 λόγον.

2134 4947 2151 4962 ,
2188 4902 2277 4956 Διὸ
2322 4904 2391 4958 τὰ
2434 4904 2561 4975 περὶ⁵
2592 4904 2769 4959 αὑτῶν
2815 4905 3163 4979 θεωρούμενα
3196 4908 3388 4978 λέγων,
3438 4910 3687 4982 εἰρήνην,

2118 4995 2212 5048 καὶ
2247 4994 2491 5065 δύναμιν,
2522 4995 2617 5048 καὶ
2644 4995 2807 5067 ζωὴν,
2861 4999 2954 5051 καὶ
2998 4998 3359 5071 δικαιοσύνην,
3405 5000 3499 5054 καὶ
3543 5002 3689 5070 φῶς,

2118 5087 2213 5139 καὶ
2250 5086 2528 5155 ἀλήθειαν,
2556 5088 2648 5139 καὶ
2681 5088 2750 5141 τὰ
2772 5088 2993 5144 τοιαῦτα
3012 5106 3025 5119 ο
3053 5091 3144 5143 τὸν
3174 5091 3302 5162 περὶ
3334 5090 3504 5160 αὑτῆς
3539 5092 3693 5146 ὲκείυ

2114 5196 2212 5249 νης
2239 5178 2417 5246 λόγον,
2452 5178 2693 5247 ἄληπτον
2721 5175 2860 5234 εἷναι
2890 5181 3166 5248 παντελῶς
3184 5182 3489 5255 διωρίσατο,
3514 5183 3694 5237 εἰπὼν

2118 5270 2257 5339 μήτε
2303 5269 2576 5339 ἑωρᾶσθαί
2623 5289 2753 5325 ποτε
2805 5273 2897 5327 τὸν
2938 5274 3092 5335 Θεὸν,
3148 5278 3282 5347 μήτε
3331 5274 3687 5345 ὀφθήσεσθαι.

2124 5379 2142 5410 ί
2191 5362 2284 5412 Ὃν
2312 5356 2418 5412 εἶδε
2482 5380 2499 5413 ι
2532 5362 2658 5434 γὰρ,
2702 5365 2884 5434 φησὶν,
2921 5384 2939 5417 ι
2980 5366 3174 5433 οὐδεὶς,
3217 5366 3338 5420 οὐδὲ
3370 5366 3494 5420 ἰδεῖν
3525 5365 3693 5422 δύνα-

2848 5569 2890 5603 "
2919 5568 3079 5626 Rom.
3105 5585 3201 5637 xu,
3233 5570 3279 5624 Ι.
3385 5566 3429 5599 ¹⁹
3457 5566 3592 5625 ibid.
3626 5566 3705 5653 3.1

3730 5762 3783 5776 -“
