3896 6208
263 309 383 365 265

1293 299 1380 355 DE
1422 294 1786 355 PERFECTA
1831 294 2225 353 CHRISTIANI
2275 292 2531 353 FORMA.

3427 305 3535 363 266

266 441 392 480 ται.
438 440 458 473 ι
490 420 589 476 Διὰ
615 418 774 474 τοῦτο
802 420 1003 491 ζητῶν,
1040 418 1156 484 πῶς
1188 419 1444 490 ὀνομάσει
1486 418 1545 471 τὸ
1579 418 1653 488 μὴ
1699 418 1845 471 δυνά-

1964 414 2119 477 vidit,
2170 429 2273 469 nec
2314 423 2492 484 potest
2517 413 2716 485 videre
2747 416 2814 471 “.
2862 415 3352 488 ldeirco"qu:erens
3398 437 3535 491 quo-

278 531 449 585 μενον
479 514 755 583 λογισμοῖς
775 511 1083 582 ληφθῆναι,
1108 511 1184 575 ὡς
1217 511 1314 581 ούχ
1343 506 1499 581 ε’ύρεν
1528 508 1859 578 ἐμφαντικὸν

269 605 451 674 ὄνομα
494 602 591 672 τῆς
628 600 739 653 τῶν
774 600 1174 671 ἀκαταλήπτων
1220 598 1536 669 ἑρμηνείας,
1572 597 1727 663 δόξαν
1765 596 1858 649 καὶ

272 696 569 748 ὑπόστασιν
617 692 872 762 ὠνόμασε
922 692 983 744 τὸ
1035 690 1427 761 ὑπερκείμενον
1486 689 1685 751 παντὸς
1724 689 1859 755 ἀγα-

269 786 388 852 θςῦ,
437 787 495 840 τὸ
546 785 688 857 μήτε
732 782 1021 853 νοούμενον
1073 781 1260 847 ἀξίως,
1313 782 1448 851 μήτε
1496 779 1852 851 φραζόμενον.

267 880 383 951 Τὴν
406 879 503 949 μὲν
530 872 628 931 οὖν
661 875 1070 947 ὑπερκειμένην
1096 874 1203 925 τῶν
1237 872 1404 925 ὅντων
1437 871 1622 924 οὐσίαν
1647 868 1855 941 ἀφῆκεν

267 972 711 1039 ἀκατονόμαστον
745 967 845 1019 ’τὸ
891 967 948 1018 δὲ
1002 964 1236 1033 συναφές
1282 981 1342 1016 τε
1383 964 1476 1017 καὶ
1534 964 1853 1017 ἀδιάστατον

264 1062 365 1115 τού
400 1061 533 1114 Υἱού
565 1061 699 1131 πρὸς
745 1058 836 1111 τὸν
871 1058 1093 1135 Πατερα
1119 1056 1513 1127 διερμηνεύων,
1561 1056 1653 1108 καὶ
1686 1055 1747 1107 τὸ
1775 1055 1853 1125 τῷ

265 1155 510 1225 ἀορίστῳ
538 1168 597 1205 τε
628 1152 722 1204 καὶ
754 1149 912 1219 ἀϊδίῳ
949 1148 1123 1219 Πατρὶ
1153 1148 1417 1220 ἀορίστως
1446 1166 1504 1201 τε
1547 1148 1639 1201 καὶ
1668 1147 1854 1210 ἀῖδὶως

221 1230 231 1238 ’
267 1244 765 1315 συνθεωρούμενον,
818 1239 1158 1310 ἀπαύγασμα
1186 1239 1345 1309 δόξης
1388 1240 1483 1291 καὶ
1530 1238 1851 1309 χαρακτῆρα

265 1336 623 1404 oms-cauam;
668 1331 1101 1404 προσαγορεύει·
1154 1330 1232 1402 τῷ
1288 1332 1385 1402 μὲν
1433 1331 1846 1401 ἀπαυγάσματι,

263 1429 330 1484 τὺ
382 1398 629 1498 συμφυὲς
678 1398 1121 1494 ἐνδεικνύμενος·
1177 1398 1255 1493 τῷ
1290 1398 1357 1476 ’δὲ
1414 1398 1744 1493 χαρακτῆρι,
1790 1422 1851 1474 τὸ

270 1520 593 1572 ἰσοστάσιον.
624 1516 759 1570 Οὔτε
790 1514 900 1587 γὰρ
925 1514 1093 1584 αὑτῆς
1138 1516 1273 1584 πρὸς
1298 1514 1397 1583 τὴν
1428 1511 1850 1580 ἀπαυγάζουσαν

269 1609 431 1677 φύσιν
462 1608 754 1661 ἐπινοεῖται
794 1624 846 1659 τι
882 1606 1046 1675 μέσον
1068 1648 1083 1671 ,
1116 1604 1239 1658 οὗτε
1266 1622 1349 1668 τις
1378 1605 1472 1674 τοῦ
1506 1604 1849 1676 χαρακτῆρος

269 1698 569 1763 ἐλάττωσις
604 1700 738 1769 πρὸς
790 1698 889 1769 τὴν
940 1699 1030 1751 ὑπ’
1085 1696 1247 1750 αὑτοῦ
1307 1697 1847 1768 χαρακτηριζομένην

1961 505 2124 559 modo
2150 521 2310 576 quem
2360 508 2622 578 cogitatio
2682 524 2791 563 non
2847 512 3161 581 assequitur
3199 514 3532 577 nominaret,

1960 597 2089 665 quia
2121 613 2230 651 non
2266 598 2476 652 invenit
2498 614 2696 656 nomen
2732 602 2989 671 quo.cjus
3019 604 3400 660 excellentiam
3432 622 3533 660 ex-

1959 690 2244 756 primeret,
2311 689 2543 758 gloriam
2600 700 2654 745 et
2704 693 3068 749 substantiam
3122 697 3414 765 appellavit
3477 697 3533 752 id

1959 781 2104 850 quod
2140 782 2395 837 omnibus
2424 783 2672 851 partibus
2706 793 2928 855 superat
2953 800 3115 840 omne
3143 787 3365 851 bonum,
3385 788 3532 858 quod

1959 888 2140 940 neque
2167 866 2343 927 oculis
2375 875 2548 935 cerni,
2576 889 2677 928 nec
2712 885 2893 930 mente
2925 878 3154 947 percipi,
3217 895 3317 933 nec
3348 880 3532 934 verbis

1958 964 2226 1032 explicari
2258 973 2460 1035 potest,
2500 974 2664 1034 atque
2705 966 2779 1020 ita
2834 971 3347 1037 pra-stantissimam
3382 971 3530 1024 illam

1956 1068 2138 1109 rerum
2163 1057 2526 1111 substantiam
2564 1059 2683 1112 sine
2721 1061 2946 1115 nomine
2977 1062 3291 1129 prauerivit.
3326 1063 3533 1117 Arctis-

1956 1146 2149 1200 simam
2177 1153 2357 1202 autem
2390 1149 2874 1214 necessitudinem,
2894 1167 3000 1221 qua
3027 1168 3150 1206 cum
3182 1152 3344 1208 Patre
3366 1154 3533 1209 nullis

1955 1238 2206 1294 terminis
2255 1240 2672 1310 circumscripto
2708 1250 2762 1296 et
2814 1243 3149 1312 sempiterno
3197 1242 3369 1300 Filius
3416 1245 3533 1315 ipse

1955 1329 2076 1384 sine
2139 1331 2389 1385 terminis
2432 1342 2692 1401 perpetuo
2751 1333 3083 1403 conjunctus
3126 1337 3527 1400 consideratur,

1954 1420 2298 1490 splendorem
2331 1422 2519 1491 gloria:
2549 1434 2601 1477 et
2636 1424 2865 1493 ﬁguram
2906 1426 3229 1481 substantia:
3262 1428 3527 1496 appellat;

1953 1513 2248 1582 Splendore
2303 1514 2612 1568 naturalem
2664 1515 2918 1569 unionem
2978 1517 3312 1581 ostendens,
3360 1519 3531 1589 ligura

1953 1612 2134 1658 autem
2184 1604 2440 1660 indicans
2481 1606 2869 1677 aequalitatem.
2903 1606 3113 1663 Etenim
3157 1624 3336 1678 neque
3387 1610 3531 1664 inter

1953 1695 2295 1763 splendorem
2328 1703 2382 1751 et
2418 1696 2792 1764 splendentem
2820 1707 3074 1754 naturam
3106 1702 3343 1757 medium
3370 1702 3533 1758 intel-

270 1791 594 1845 ὑπόστασιν.
664 1790 815 1844 Ἀλλά
863 1791 958 1844 καὶ
997 1792 1025 1843 ὁ
1071 1790 1169 1860 τὴν
1213 1788 1635 1856 ἀπαυγάζουσαν
1687 1787 1845 1857 φύσιν

1952 1785 2160 1856 ιίεἰμη,
2202 1803 2304 1842 nec
2334 1787 2507 1858 ﬁgura
2555 1789 2736 1843 minor
2774 1791 2869 1845 illa
2903 1786 3235 1859 substantia,
3261 1809 3383 1862 quae
3426 1794 3530 1849 sub

272 1881 507 1951 νοήσας.
554 1881 641 1935 καὶ
683 1880 744 1934 τὸ
789 1880 1129 1951 ἀπαύγασμα
1174 1877 1379 1949 ταύτης
1441 1879 1658 1943 πάντως
1713 1896 1846 1933 κατ-

264 1970 479 2041 ενόησε.
524 1971 631 2024 Καὶ
673 1973 701 2025 ὁ
742 1971 802 2025 τὸ
847 1970 1075 2042 μέγεθος
1123 1970 1221 2040 τῆς
1272 1969 1623 2034 ὑποστάσεως
1661 1972 1720 2024 ὲν
1772 1968 1847 2039 νῷ

262 2059 469 2131 λαϐὼν,
492 2059 567 2130 τῷ
587 2061 988 2131 ὲπιφαινομένῳ
1012 2059 1321 2131 χαρακτῆρι
1347 2060 1564 2124 πάντως
1585 2061 1851 2130 ὲμμετρεῖ

261 2153 368 2223 τὴν
421 2152 735 2205 ὑπόστασιν.
771 2153 862 2205 Διὸ
894 2153 990 2206 καὶ
1037 2150 1250 2222 μορφὴν
1281 2151 1372 2205 τοῦ
1408 2150 1543 2204 Θεοῦ
1574 2152 1723 2221 λέγει
1756 2152 1847 2205 τὸν

259 2245 489 2313 Κύριον,
517 2245 579 2297 ού
607 2243 1066 2315 κατασμικρύνων
1096 2246 1160 2315 τῇ
1187 2243 1286 2314 τῆς
1319 2243 1533 2314 μορφῆς
1559 2243 1737 2315 ἐννοίᾳ
1755 2243 1846 2296 τὸν

260 2334 489 2404 Κύριον,
518 2334 655 2388 ἀλλα
682 2334 742 2388 τὸ
773 2333 1005 2406 μέγεθος
1041 2332 1134 2387 τοῦ
1184 2334 1314 2389 Υἱοῦ
1360 2334 1448 2387 διὰ
1489 2333 1588 2405 τῆς
1632 2334 1847 2405 μορφῆς

257 2427 709 2499 ἐνδεικνύμενος,
826 2426 1171 2498 ἐνοεωρεῖται
1218 2425 1311 2480 τοῦ
1356 2424 1566 2498 Πατρὸς
1604 2427 1637 2496 ὴ
1678 2442 1848 2496 μεγα-

256 2518 496 2590 λειότης,
543 2519 778 2590 οὐδαμοῦ
821 2520 921 2589 τῆς
965 2519 1101 2582 ἰδίας
1153 2518 1365 2590 μορφῆς
1411 2517 1845 2589 ὑπερπίπτονσα,

255 2610 384 2663 οὑδὲ
418 2609 523 2674 ἔξω
553 2610 647 2663 τοῦ
694 2611 824 2680 περὶ
852 2609 1020 2680 αὑτὴν
1067 2609 1409 2679 χαρακτῆρος
1460 2607 1844 2680 εύρισκομένη.

262 2701 547 2773 Ἀμορφον
581 2703 689 2773 γὰρ
738 2706 831 2755 καὶ
863 2702 1091 2765 ἀκαλλὲς
1128 2703 1254 2773 περὶ
1292 2699 1382 2754 τὸν
1422 2700 1637 2772 Πατέρα
1672 2701 1843 2766 οὐδὲν,

256 2793 287 2845 ὃ
320 2795 395 2864 μὴ
433 2796 498 2864 τῇ
529 2793 824 2866 ιτιραιύτητι
855 2794 948 2846 τοῦ
985 2792 1322 2862 Μονογενοῦς
1360 2792 1745 2863 ἐπαγάλλεται·
1766 2793 1846 2847 διό

259 2904 428 2955 φησιν
459 2889 487 2940 ὁ
517 2887 717 2959 Κύριος
740 2926 753 2949 ,
789 2888 869 2940 ὅτι
906 2905 924 2937 ι
962 2885 1022 2942 Ὀ
1052 2885 1313 2956 ἑωρακὼς
1342 2887 1463 2956 ἐμὲ,
1496 2886 1707 2958 ἑώρακε
1750 2886 1845 2938 καὶ

256 2977 357 3029 τὸν
394 2977 645 3049 Πατέρα,
679 2997 698 3028 ι
736 2976 1015 3047 σημαὲνων
1045 2976 1131 3029 διὰ
1166 2977 1376 3038 τούτου,
1429 2978 1565 3046 μήτε
1614 2976 1845 3046 ἔλλειψίν

255 3085 381 3122 τινα
437 3065 610 3133 εἶναι,
665 3074 804 3141 μήτε
862 3070 1227 3139 ὑπέρπτωσιν.
1304 3068 1462 3122 Ἀ).λά
1508 3069 1602 3122 καὶ
1657 3069 1841 3140 φέρειν

256 3160 425 3215 αὑτὸν
477 3160 651 3230 λέγων
685 3162 753 3214 τὰ
800 3162 977 3215 πάντα
1014 3161 1092 3232 τῷ
1145 3162 1242 3230 τῆς
1288 3159 1568 3230 δυνάμεως
1613 3162 1839 3232 ῥήματι,

257 3253 378 3308 λύει
407 3253 515 3307 τῶν
546 3255 614 3308 τὰ
659 3256 1052 3325 ἀνεξερεύνητα
1102 3250 1703 3323 πολυπραγμονούντων
1742 3252 1841 3322 τὴν

258 3345 592 3416 ἀμηχανίαν,
647 3346 694 3399 οἳ
738 3347 828 3398 τὸν
862 3330 987 3417 περὶ
1017 3347 1114 3417 τῆς
1161 3345 1292 3415 ’ύλης
1338 3342 1726 3412 ἀναζητοῦντες
1757 3342 1845 3395 λό-

257 3456 379 3506 γον,
411 3438 644 3511 ούδαμοῦ
676 3438 777 3507 τῆς
835 3437 1363 3509 πολυπραγμοσύνης
1394 3436 1658 3499 ἵστανται,
1694 3432 1839 3501 Πῶς,

256 3529 510 3598 λέγοντες
532 3571 548 3591 ,
580 3528 658 3599 τῷ
684 3529 832 3599 ἀύλῳ
858 3532 890 3599 η
935 3528 1033 3600 ὓλη
1058 3546 1072 3595 ;
1105 3530 1198 3582 καὶ
1228 3529 1343 3593 πῶς
1373 3527 1432 3579 τὸ
1466 3526 1627 3579 ποσὸν
1661 3529 1724 3579 ὲκ
1748 3526 1840 3580 τοῦ

256 3621 507 3683 (ix/nou,
554 3623 645 3673 καὶ
689 3624 751 3673 ἐκ
774 3620 866 3673 τοῦ
914 3621 1321 3691 ἀσχηματίστου
1366 3617 1429 3671 τὸ
1482 3617 1700 3688 σχῆμα,
1748 3617 1842 3670 καὶ

256 3715 324 3767 ἐκ
379 3713 476 3766 τοῦ
517 3714 745 3784 ἀοράτου
798 3713 857 3767 τὸ
911 3712 1141 3784 χρῶμα,
1202 3712 1296 3765 καὶ
1344 3714 1408 3765 ἐκ
1453 3710 1547 3764 τοῦ
1589 3711 1840 3782 ἀορίστου

253 3808 321 3859 τὸ
358 3807 473 3866 τοῖς
517 3805 663 3868 ἰδίοις
695 3806 909 3876 μέτροις
938 3804 1449 3876 ἑμπερατούμενονς
1500 3804 1610 3856 Καὶ
1655 3803 1703 3854 εἰ
1737 3817 1842 3871 μη-

253 3896 428 3966 δεμία
480 3896 698 3967 ποιότης
731 3898 850 3968 περὶ
886 3897 946 3949 τὸ
991 3896 1192 3949 ἁπλοῦν
1234 3896 1327 3949 καὶ
1366 3894 1654 3949 ἀσύνθετον
1678 3937 1692 3959 ,
1744 3896 1840 3947 πύ-

257 3988 352 4040 θεν
401 3987 732 4056 ἐμπλέκεται
766 3991 885 4052 ταῖς
930 3990 1056 4059 περὶ
1087 3987 1254 4057 αὑτὴν
1298 3987 1576 4057 ποιότησιν
1619 3988 1652 4057 ἡ
1703 3985 1837 4055 ὕλης

259 4077 448 4130 Πὰντα
501 4076 608 4147 γὰρ
662 4075 834 4131 ταῦτα
886 4078 981 4130 καὶ
1030 4075 1098 4129 τὰ
1143 4074 1366 4128 τοιαῦτα
1414 4074 1521 4126 τῶν
1568 4073 1840 4143 ζητουμέ-

258 4187 366 4221 νων
402 4166 518 4221 λύει
546 4168 575 4219 ὁ
598 4165 788 4230 εἰπὼν,
820 4169 901 4221 ὅτι
932 4168 1001 4220 τὰ
1043 4166 1333 4236 σύμπαντα
1376 4164 1453 4234 τῷ
1498 4166 1701 4234 ῥήματι
1740 4161 1841 4230 τῆς

264 4259 543 4331 Mydgum;
591 4259 756 4314 αὑτοῦ
803 4260 958 4331 φέρει
1006 4262 1035 4313 ὁ
1080 4258 1252 4326 Λόγος
1306 4258 1371 4309 ἐκ
1424 4255 1516 4309 τοῦ
1568 4255 1643 4325 μὴ
1690 4254 1841 4314 δντθῖ

261 4367 284 4402 ε
320 4368 342 4413 ;
377 4350 611 4420 γένεσιν.
650 4351 835 4404 Πάντα
864 4350 991 4421 γὰρ,
1022 4350 1122 4404 ὅσα
1160 4349 1257 4418 τὴν
1302 4347 1462 4402 ᾰῦλον
1509 4345 1691 4415 εἴληχε
1742 4344 1842 4412 φύ-

265 4461 380 4508 σιν,
439 4446 569 4515 μξαν
615 4442 793 4496 αἰτίαν
844 4441 955 4512 ἔχει
998 4442 1095 4511 τῆς
1142 4440 1526 4502 ὑποστάσεως,
1575 4438 1635 4489 τὸ
1688 4436 1838 4506 ῥῆμα

1950 1876 2375 1948 ipsa'signatur.
2418 1879 2525 1934 Sed
2555 1881 2649 1949 qui
2686 1890 2939 1936 naturam
2968 1885 3343 1955 splendentem
3375 1889 3529 1956 cogi—

1950 1977 2051 2033 tat,
2084 1970 2248 2023 simul
2283 1970 2446 2023 etiam
2492 1972 2721 2025 omnino
2773 1974 3116 2043 splendorem
3150 1976 3421 2047 intelligit.
3467 1976 3533 2030 Et

1949 2061 2041 2128 qui
2075 2060 2397 2116 substantia:
2428 2064 2863 2134 magnitudinem
2905 2066 3091 2121 animo
3124 2068 3383 2139 concipit,
3408 2082 3527 2123 eam

1949 2150 2134 2221 ﬁgurze
2168 2151 2224 2205 in
2252 2152 2368 2222 ipsa
2395 2155 2708 2224 conspicua:
2767 2172 2992 2225 prorsus
3038 2157 3318 2212 dimetitur
3348 2174 3531 2229 atqua-

1948 2244 2077 2298 lem.
2109 2242 2229 2310 Qua
2256 2245 2323 2299 de
2353 2259 2520 2301 causa
2552 2256 2606 2302 et
2636 2245 2867 2300 formam
2901 2247 2991 2303 Dei
3028 2247 3319 2303 Dominum
3346 2261 3525 2315 vocat,

1950 2331 2141 2388 fortuna:
2173 2335 2399 2391 notione
2428 2352 2536 2391 non
2567 2337 2901 2393 imminuens
2933 2337 3246 2403 Dominum,
3286 2342 3379 2396 sed
3432 2358 3528 2412 per

1951 2422 2185 2479 formam
2222 2428 2524 2484 ostendens
2549 2430 2985 2498 magnitudinem
3017 2429 3165 2498 Filii,
3204 2448 3313 2501 qua
3367 2435 3529 2491 intel-

1951 2514 2143 2585 ligitur
2197 2515 2381 2573 Patris
2408 2518 2735 2588 amplitudo,
2794 2536 2915 2590 quae
2968 2526 3243 2592 prepriam
3296 2524 3526 2581 formam

1950 2619 2062 2658 non
2093 2605 2331 2671 excedit,
2366 2621 2545 2676 neque
2582 2616 2736 2661 extra
2779 2608 3045 2679 figuram,
3103 2626 3226 2680 qua:
3256 2613 3403 2667 circa
3450 2616 3530 2684 ip-

1951 2711 2064 2750 sam
2093 2703 2198 2760 est,
2235 2697 2533 2751 invenitur.
2567 2696 2713 2750 Nihil
2759 2699 2903 2753 enim
2938 2699 3198 2764 informe,
3237 2703 3373 2756 nihil
3417 2720 3529 2759 non

1949 2786 2239 2856 pulchrum
2274 2788 2327 2842 in
2357 2786 2543 2850 Patre,
2595 2787 2753 2851 nihil,
2794 2790 2939 2860 quod
2972 2805 3079 2845 non
3112 2791 3392 2861 Unigeniti
3430 2794 3529 2849 de-

1950 2879 2124 2932 claret
2155 2879 2866 2948 pulehritudinem.Quare,
2908 2902 2926 2932 ι
2952 2880 3053 2946 Qui
3088 2883 3221 2938 vidit
3254 2900 3361 2949 me,
3397 2905 3416 2939 ι
3449 2885 3529 2940 in-

1948 2972 2068 3040 quit
2116 2970 2416 3035 Dominus,
2466 2990 2486 3023 ι
2523 2972 2654 3026 vidit
2699 2970 2913 3028 Patrem
2940 2976 3008 3041 ’⁸,
3049 2994 3069 3027 ι
3129 2991 3196 3029 ex
3248 2976 3333 3031 his
3390 2978 3528 3033 nihil

1949 3062 2167 3127 deesse,
2199 3064 2338 3117 nihil
2369 3079 2657 3134 superesse
2690 3065 3028 3136 significans.
3065 3067 3377 3134 Quinetiam
3401 3086 3528 3124 cum

1870 3142 1915 3205 C
1948 3156 2131 3208 cmnia
2173 3156 2325 3209 dicat
2371 3170 2494 3211 eum
2532 3165 2754 3226 portare
2818 3159 2987 3211 verbo
3034 3161 3257 3216 virtutis
3317 3166 3525 3226 suae“,

1948 3247 2113 3301 solvit
2158 3246 2562 3304 dubitationem
2598 3263 2790 3302 eorum
2826 3249 2918 3318 qui
2950 3250 3115 3306 nimis
3156 3251 3527 3324 diligenter'ct

1946 3338 2107 3393 anxie
2164 3337 2434 3408 vestigant
2491 3353 2554 3393 ea
2618 3354 2739 3409 qua:
2791 3340 2921 3395 sciri
2980 3357 3090 3395 non
3145 3349 3527 3412 possuntzsi-

1946 3430 2165 3500 quidem
2199 3430 2253 3482 hi
2289 3430 2357 3485 de
2396 3430 2625 3485 materia
2660 3431 3003 3501 requirentes
3050 3436 3338 3500 rationem,
3375 3440 3525 3493 nullo

1945 3520 2115 3574 modo
2161 3536 2273 3591 pra:
2323 3521 2490 3574 nimia
2545 3523 2868 3579 curiositate
2907 3527 3220 3582 consistunt
3263 3541 3354 3585 aut
3393 3547 3526 3586 con-

1945 3613 2255 3682 quiescunt.
2301 3610 2453 3669 Unde
2500 3614 2667 3679 enim,
2712 3616 2986 3684 inquiunt,
3032 3620 3259 3674 materia
3316 3623 3390 3677 sit
3445 3624 3525 3679 illi

1944 3705 2040 3774 qui
2114 3718 2144 3756 a
2218 3705 2449 3759 materia
2544 3705 2828 3774 sejunctus
2866 3709 3039 3763 .est?
3090 3709 3198 3765 Aut
3282 3729 3522 3783 quonam

1944 3806 2107 3866 pacto
2162 3795 2396 3851 ducatur
2455 3806 2718 3866 quantum
2784 3814 2849 3853 ex
2901 3815 2968 3855 eo
3022 3804 3117 3871 qui
3173 3814 3325 3859 caret
3348 3822 3525 3877 quan-

1945 3888 2140 3942 litate?
2187 3895 2281 3942 aut
2330 3903 2395 3942 ex
2441 3888 2535 3942 illo
2592 3889 2784 3959 figura,
2841 3892 2932 3962 qui
2969 3892 3197 3963 ﬁguram
3258 3913 3364 3951 non
3425 3900 3524 3953 ha-

1944 3981 2067 4035 bet?
2100 3987 2194 4034 aut
2221 3981 2375 4035 color
2425 3981 2495 4034 ab
2538 3997 2604 4036 eo
2651 3982 2744 4052 qui
2782 3984 2955 4039 videri
2991 4001 3100 4040 non
3155 3990 3371 4057 potest?
3431 4004 3525 4046 aut

1945 4070 2014 4124 ab
2041 4071 2136 4123 illo
2168 4073 2261 4140 qui
2288 4071 2394 4127 ﬁne
2423 4079 2601 4133 vacat,
2644 4072 2696 4126 id
2732 4073 2879 4142 quod
2919 4076 3154 4143 propriis
3184 4078 3382 4132 ﬁnibus
3435 4080 3521 4133 in-

1944 4161 2226 4214 cluditur?
2252 4160 2407 4226 Quod
2428 4163 2471 4215 si
2498 4162 2646 4215 nulla
2671 4163 2825 4218 adest
2849 4166 3085 4231 qualitas
3108 4166 3342 4237 simplici
3365 4180 3419 4224 et
3439 4172 3545 4224 in-l

1943 4251 2269 4320 composito,
2296 4252 2439 4306 unde
2463 4253 2690 4306 materia
2715 4253 2831 4309 suis
2854 4256 3209 4324 qualitatibus
3229 4271 3311 4314 est
3337 4261 3518 4330 impli—

1942 4344 2088 4397 cita?
2124 4343 2232 4398 llas
2254 4344 2398 4399 enim
2430 4358 2621 4400 omnes
2649 4353 2701 4400 et
2727 4344 2863 4401 alias
2890 4347 3158 4416 ejusmodi
3189 4352 3520 4419 quzestioues

1942 4435 2122 4500 solvit,
2164 4435 2256 4503 qui
2307 4436 2439 4490 dicit
2497 4436 2577 4491 sic
2636 4438 2801 4493 verbo
2854 4440 3074 4496 virtutis
3122 4456 3235 4497 suae
3284 4443 3517 4500 Verbum

261 4539 359 4607 τῆς
404 4537 688 4608 ἀφράστον
731 4535 1030 4607 δυνάμεως.
1093 4535 1185 4588 Ἐκ
1235 4533 1291 4586 δὲ
1352 4532 1554 4585 τούτων
1596 4530 1845 4583 παιδευό-

1951 4529 2134 4584 omnia
2168 4537 2405 4599 portare,
2437 4538 2495 4582 ut
2524 4539 2854 4599 generentur
2876 4548 2941 4588 ex
2963 4535 3149 4589 nihilo.
3170 4536 3518 4609 Quaecunque

263 4628 400 4698 μεθα
455 4629 514 4681 τὸ
567 4627 705 4700 πρὸς
772 4628 904 4680 αὑτὸ
965 4626 1209 4696 βλέπειν,
1258 4623 1350 4694 ἀφ’
1406 4618 1465 4677 οὗ
1521 4622 1625 4675 τῶν
1676 4621 1847 4674 ὄντων

260 4718 407 4769 ἐστὶν
447 4717 742 4786 ἡγένεσις.
791 4717 854 4770 Εἰ
887 4715 996 4787 γὰρ
1038 4715 1245 4768 ἐκεῖθεν
1289 4716 1368 4777 εἰς
1412 4712 1472 4765 τὸ
1514 4707 1647 4765 εἶναι
1699 4728 1844 4780 παρ-

262 4810 525 4880 ήχθημεν,
554 4812 647 4863 καὶ
690 4811 749 4862 ἐν
787 4807 936 4879 αὑτῷ
966 4808 1393 4877 συνεστήκαμεν,
1426 4804 1639 4873 ἀνάγκη
1674 4803 1840 4867 πᾶσα,

265 4900 431 4971 μηδὲν
447 4900 548 4966 ἔξω
574 4902 674 4971 τῆς
688 4902 940 4970 γνώσεως
960 4899 1233 4953 πιστεύειν
1255 4894 1388 4950 εἶναι
1410 4895 1502 4950 τοῦ
1524 4898 1579 4948 ἐν
1595 4889 1637 4962 ᾧ
1653 4897 1839 4964 ἐσμεν,

266 4992 359 5044 καὶ
391 4991 485 5059 ἀφ’
517 4984 580 5044 οὗ
612 4990 937 5059 γεγόναμεν,
973 4987 1067 5041 καὶ
1096 4989 1174 5049 εἰς
1200 4986 1259 5039 ὃν
1301 4984 1619 5053 ἀναλύομεν.
1656 4980 1843 5054 Ταύτῃ

259 5082 319 5134 δὲ
364 5084 435 5153 τῇ
478 5082 684 5152 διανοίᾳ
732 5078 1214 5151 σνγκατορϐοὖται,
1262 5077 1402 5131 κατὰ
1452 5076 1514 5131 τὸ
1563 5073 1737 5137 εἰκὸς,
1785 5076 1845 5127 τὸ

260 5172 408 5225 κατὰ
438 5173 538 5242 τὴν
569 5172 715 5243 ζωὴν
758 5172 1161 5243 ἀναμάρτητον.
1189 5169 1283 5232 Τίς
1320 5168 1429 5238 γὰρ
1470 5166 1529 5233 ἐξ
1560 5166 1724 5220 αὑτοῦ
1752 5166 1847 5219 καὶ

256 5262 327 5316 δι’
359 5262 527 5316 αὑτοῦ
561 5264 658 5316 καὶ
702 5265 760 5316 ἐν
792 5262 942 5334 αὑτῷ
994 5262 1095 5332 ζῇν
1142 5259 1432 5320 πιστεύων,
1467 5258 1715 5329 μάρτυρα
1745 5256 1844 5325 τῆς

260 5353 715 5426 ἀπεμ-,ταινούσης
772 5352 921 5423 ζωῆς
963 5353 1228 5422 τολμήσαι
1274 5351 1603 5420 ποιήσασθαι
1648 5348 1740 5402 τὸν
1785 5349 1844 5402 ὲν

259 5444 414 5518 αὑτῷ
444 5445 545 5518 τὴν
573 5445 803 5499 ἑκάστου
833 5442 976 5516 ζωὴν
1004 5443 1358 5513 περιέχοντα;
1408 5439 1612 5510 Βρῶμα
1651 5438 1707 5494 δὲ
1750 5439 1845 5491 καὶ

261 5538 417 5605 scina.
482 5537 849 5608 πνευματικὸν
898 5535 1178 5607 ὀνομάζων
1227 5533 1317 5587 τὸν
1373 5532 1573 5603 Κύριον
1621 5532 1649 5583 ὁ
1703 5530 1844 5593 Θεῖος

338 5735 428 5789 ’⁸1
463 5732 606 5790 Tim.
644 5749 717 5797 vr,
752 5733 838 5786 16.
913 5734 957 5766 ’⁸
982 5732 1138 5787 Juan.
1165 5748 1274 5796 xw,
1316 5734 1397 5789 l0.

592 5828 858 5890 Ριτιιοι..
907 5829 1017 5889 (in.
1070 5831 1117 5891 Χ
1138 5830 1227 5890 [.l'
1247 5830 1289 5889 ι.

1476 5735 1518 5764 επ
1554 5730 1714 5787 Hebr.
1750 5747 1787 5796 l,
1826 5729 1878 5783 ξ’).

1947 4620 2093 4675 enim
2128 4620 2368 4675 materia:
2390 4620 2471 4674 vel
2503 4622 2825 4692 participem
2853 4627 2936 4679 vel
2960 4636 3236 4696 expertem
3264 4637 3516 4685 naturam

1948 4716 2302 4782 acceperunt,
2342 4729 2504 4768 uuam
2542 4714 2867 4770 substantiae
2889 4732 3111 4773 causam
3136 4720 3357 4786 habent,
3394 4737 3519 4778 ver-

1948 4804 2076 4859 bum
2110 4805 2330 4859 virtutis
2360 4804 2507 4859 illius
2561 4820 2683 4873 qua:
2736 4807 2902 4863 nullis
2938 4811 3118 4865 verbis
3158 4810 3266 4866 dici
3317 4820 3513 4884 potest.

1944 4894 2021 4951 Ex
2055 4912 2165 4966 quo
2192 4897 2569 4963 admonemur,
2599 4909 2659 4952 ut
2693 4914 2837 4964 eum,
2865 4899 3010 4954 unde
3039 4917 3125 4958 res
3150 4917 3338 4960 omnes
3384 4914 3518 4960 orta:

1943 4994 2324 5056 generatasque
2367 4994 2514 5053 sunt,
2561 4988 2892 5044 intueamur.
2943 4989 3154 5047 Etenim
3203 4994 3250 5049 si
3304 4996 3372 5050 ab
3422 4997 3517 5050 illo

1943 5074 2215 5144 procreati
2251 5088 2466 5138 sumus,
2499 5082 2662 5144 atque
2696 5077 2750 5131 in
2779 5092 2843 5132 eo
2875 5081 3252 5149 consistimus,
3292 5084 3517 5138 omnino

1944 5179 2173 5219 necesse
2202 5173 2284 5218 est
2306 5174 2365 5217 ut
2398 5165 2535 5219 nihil
2561 5183 2683 5221 esse
2707 5169 3017 5235 credamus,
3072 5173 3215 5241 quod
3268 5173 3386 5241 ejus
3420 5174 3515 5243 qui

1944 5272 2046 5311 nos
2074 5256 2470 5327 procrearit,in
2501 5272 2611 5325 quo
2642 5260 2837 5323 simus,
2864 5260 2919 5316 in
2954 5278 3115 5332 quem
3151 5264 3513 5329 resolvamur,

1949 5346 2313 5418 cognitionem
2355 5346 2596 5417 effugiat.
2653 5352 2773 5416 Qua
2806 5353 3025 5423 quidem
3060 5355 3414 5426 cogitatione,
3456 5364 3517 5409 ut

1950 5452 2165 5510 aequum
2192 5445 2298 5500 est,
2328 5436 2639 5493 innocentia
2667 5442 2792 5497 vita:
2818 5453 3192 5500 conservatur.
3216 5446 3351 5513 Quis
3368 5445 3515 5500 enim
3576 5486 3582 5493 .

1949 5547 2016 5587 ex
2046 5532 2186 5601 ipso,
2219 5538 2273 5586 et
2299 5545 2395 5603 per
2425 5531 2624 5603 ipsum,
2656 5541 2708 5590 et
2755 5535 2808 5591 in
2842 5537 2960 5611 ipso
2989 5537 3034 5569 "
3071 5556 3129 5595 se
3185 5539 3365 5596 vivere
3396 5552 3519 5593 cre-

1959 5731 2001 5760 "
2028 5730 2187 5782 Ihm.
2227 5746 2299 5798 vi,
2326 5731 2409 5784 56.
