3896 6208
465 393 565 445 267

1703 394 1757 448 S.
1788 389 2119 449 GREGORII
2151 389 2437 446 NYSSENI

3609 386 3719 442 268

465 506 622 571 dens,
658 508 833 577 turpis
862 517 914 561 et
946 509 1232 580 ﬂagitiosae
1280 509 1403 565 vitae
1423 518 1626 565 testem
1664 512 1861 565 habere
1907 510 2029 565 velit

2153 507 2491 570 Ἀπόστολος,
2537 504 2707 560 ταῦτα
2757 502 2843 557 διὰ
2874 504 2982 556 τῶν
3019 501 3325 573 λεγομένων
3356 503 3495 555 νοεῖν
3524 502 3716 554 ὐποτῐ-
3790 527 3795 531 -

465 614 794 668 eum,quem
842 600 1280 671 uniuscujusque
1341 605 1506 658 vitam
1533 607 1587 657 in
1650 619 1708 658 se
1757 602 2037 657 continere

466 689 644 743 sciat?
669 689 862 744 Escam
882 701 1059 746 autem
1085 702 1138 747 et
1161 702 1347 762 potum
1374 695 1710 765 spiritualem
1746 693 2036 748 Dominum

464 780 744 847 appellans
776 781 935 838 divus
969 783 1321 854 Apostolus"
1352 802 1452 842 nos
1505 785 1943 850 commonefacit,
1977 793 2038 839 ut

464 879 716 924 naturam
754 872 1046 927 humanam
1102 890 1209 929 non
1263 876 1587 945 simplicem,
1623 876 1718 930 sed
1752 891 1818 930 ex
1853 883 2036 930 mente

466 978 738 1032 sensuque
802 967 1157 1035 compositam
1217 968 1555 1038 cogitemus,
1606 966 1763 1037 cujus
1818 966 2034 1036 quidem

464 1055 684 1123 utrique
723 1056 862 1125 parti
901 1058 972 1112 sit
1005 1059 1256 1128 proprius
1293 1060 1481 1127 cibus;
1524 1060 1694 1115 solida
1736 1060 1880 1113 enim
1911 1073 2037 1113 esca

461 1159 662 1214 corpus
700 1149 970 1216 nutritur;
1011 1151 1239 1220 spiritali
1292 1151 1553 1206 alimento
1580 1151 1835 1206 valetudo
1867 1150 2036 1205 animi

461 1247 837 1292 conservatur.
861 1239 938 1300 Ac
969 1241 1423 1310 quemadmodum
1461 1242 1516 1296 in
1537 1256 1764 1312 corpore
1786 1242 1958 1296 solida
1983 1250 2037 1296 et

461 1328 681 1381 humida
708 1330 963 1384 alimenta
1018 1333 1159 1387 inter
1208 1348 1268 1389 se
1317 1333 1481 1389 mista
1511 1343 1760 1389 naturam
1791 1334 2037 1388 nutriunt

456 1426 512 1471 et
551 1425 792 1484 tuentur,
822 1419 950 1474 dum
983 1430 1172 1477 mutuo
1206 1433 1468 1479 concocta
1503 1425 1734 1495 singulis
1763 1426 2032 1496 partibus,

456 1523 576 1578 quae
610 1509 664 1562 in
703 1510 864 1567 nobis
893 1526 957 1566 cx
999 1514 1284 1571 elementis
1313 1526 1587 1571 concretae
1616 1525 1769 1581 sunt,
1809 1518 2037 1571 commi-

453 1605 677 1651 scentur
710 1617 723 1653 :
758 1599 839 1654 sic
872 1602 1067 1657 mentis
1102 1603 1419 1657 alimentum
1458 1620 1525 1658 ex
1563 1604 1915 1675 proportione
1948 1606 2035 1659 di-

454 1686 643 1742 videns
675 1686 898 1756 Paulus,
924 1705 1105 1746 escam
1129 1699 1183 1748 et
1216 1701 1406 1761 potum
1437 1702 1595 1748 vocat
1623 1695 1867 1750 eamdem
1894 1710 2032 1763 rem,

455 1786 615 1847 prout
649 1787 853 1853 aptetet
881 1783 1099 1853 proprie
1121 1785 1186 1839 ad
1211 1785 1596 1855 accipientium
1623 1802 1784 1843 usum
1816 1802 2034 1843 accom-

454 1870 726 1926 modatur.
764 1871 899 1927 Nam
933 1874 1219 1931 imbecillis
1259 1875 1586 1948 afﬂictisque
1617 1880 1775 1947 panis
1810 1879 1898 1941 fit,
1934 1894 2034 1935 cor

456 1962 690 2018 hominis
718 1964 1083 2034 confirmans;
1111 1967 1272 2038 aegris
1293 1979 1474 2024 autem
1507 1978 1562 2023 et
1597 1969 1759 2039 hujus
1780 1970 1901 2024 vitae
1934 1970 2033 2023 mi-

455 2053 601 2108 seria
629 2054 1021 2123 laborantibus,
1064 2072 1127 2112 ac
1164 2067 1447 2128 propterea
1497 2060 1803 2116 sitientibus
1851 2061 1913 2115 lit
1950 2062 2032 2115 vi-

458 2160 589 2201 num
620 2146 771 2202 cordi
803 2147 1043 2203 laetitiam
1088 2148 1401 2207 afferens".

523 2329 751 2399 Oportet
775 2335 957 2389 autem
994 2344 1091 2400 per
1121 2344 1185 2386 ea
1215 2345 1335 2399 qua:
1370 2330 1516 2386 dicta
1567 2338 1698 2387 sunt
1751 2331 1857 2385 vim
1907 2348 2032 2388 ora-

454 2420 618 2478 tionis
654 2421 974 2491 intelligere,
1021 2436 1146 2492 .qua
1197 2425 1415 2477 animus
1478 2438 1543 2478 ex
1608 2411 1870 2493 praesenti
1925 2442 2031 2481 usu

456 2511 690 2582 gratiam
718 2514 995 2583 accipiens
1026 2513 1212 2578 alitur,
1250 2520 1312 2567 ut
1366 2513 1573 2568 indicat
1624 2513 1854 2585 aenigma
1899 2513 2032 2570 Pro-

455 2601 650 2671 phetae,
684 2603 775 2672 qui
808 2602 927 2658 loco
953 2618 1191 2673 pascuae,
1226 2611 1280 2659 et
1307 2619 1447 2674 aqua
1480 2604 1798 2661 refectionis
1828 2620 2030 2660 conso-

456 2692 715 2749 lationem
763 2694 1036 2765 signiﬁcat
1066 2695 1135 2763 ³ο,
1193 2710 1317 2766 qua:
1346 2696 1596 2751 oratione
1650 2696 2031 2753 laborantibus

454 2795 511 2839 et
542 2784 760 2842 afﬂictis
790 2787 1101 2842 adhibetur.
1135 2788 1233 2842 Sin
1264 2788 1465 2858 aliquis
1497 2788 1663 2844 etiam
1727 2790 1795 2844 ad
1829 2801 2033 2862 myste-

455 2876 601 2931 rium
632 2877 931 2947 respiciens
963 2879 1112 2935 dicat
1138 2880 1322 2934 cibum
1355 2888 1409 2934 et
1447 2888 1633 2951 potum
1667 2882 1890 2952 proprie
1930 2880 2034 2936 Do-

457 2968 667 3023 minum
697 2969 992 3035 nominari,
1028 2984 1098 3025 ne
1124 2968 1178 3024 id
1208 2969 1427 3041 quidem
1467 2985 1497 3025 a
1534 2986 1794 3042 germana
1824 2973 2033 3042 signiti-

434 3051 672 3117 'catione
699 3062 1022 3117 recesserit:
1053 3077 1180 3118 vere
1208 3063 1352 3118 enim
1382 3076 1515 3117 caro
1541 3063 1714 3132 ipsius
1739 3072 1822 3119 est
1851 3064 2030 3129 cibus,

460 3159 513 3206 et
542 3153 770 3223 sanguis
796 3152 918 3221 ejus
954 3167 1081 3208 vere
1121 3161 1208 3209 est
1239 3160 1402 3224 potus
1430 3153 1495 3209 “.
1527 3154 1705 3224 Atque
1734 3162 2029 3209 memorata

2140 598 2312 661 θεται,
2355 599 2435 651 ὅτι
2480 599 2539 651 οὐ
2591 597 2866 667 μονοειδής
2918 598 3064 649 ἐστιν
3094 597 3128 665 ἡ
3172 594 3483 665 ἀνθρωπίνη
3529 591 3723 663 φύσις,

2139 692 2275 746 ἀλλὰ
2314 692 2408 744 τοῦ
2457 690 2649 761 νοητοῦ
2688 689 2823 762 πρὸς
2856 690 2917 743 τὸ
2957 690 3213 760 αἰσθητὸν
3246 687 3722 758 συγκεκραμένοιι,

2142 784 2418 848 ίδιάζουσα
2438 784 2557 837 καθ’
2580 784 2766 853 ἕτερον
2790 781 2896 836 τῶν
2920 784 2976 834 ἐν
3001 783 3130 852 ἡμῖν
3153 779 3539 850 θεωρουμένων
3567 779 3723 832 ἐστὶν

2138 878 2171 947 ἡ
2204 877 2395 948 τροφήο
2440 877 2538 945 τῆς
2580 875 2679 946 μὲν
2706 874 2969 943 αἰσθητῆς
2999 871 3250 943 βρώσεως
3294 871 3355 924 τὸ
3391 870 3549 941 σῶμα
3593 870 3723 923 δια-

2137 968 2463 1039 κρατούσης,
2498 968 2595 1038 τῆς
2623 965 2679 1018 δέ
2709 965 3081 1035 πνευματικῆς
3112 963 3319 1034 τροψῆς
3347 962 3444 1034 τὴν
3476 961 3723 1032 ψυχικὴν

2138 1059 2473 1130 ἐμποιούσης
2501 1060 2631 1127 ἡμῖν
2659 1055 2891 1121 εὐεξίαν.
2949 1053 3087 1108 Ἀλλ’
3133 1055 3321 1124 ὥσπερ
3346 1054 3435 1106 ἐπὶ
3472 1052 3564 1106 τοῦ
3599 1054 3720 1106 σώ-

2140 1167 2328 1221 ματος,
2373 1149 2435 1202 τὸ
2484 1148 2700 1219 στερεόν
2740 1165 2800 1217 τε
2844 1147 2937 1200 καὶ
2986 1146 3149 1215 ὑγρὸν
3176 1146 3275 1216 τῆς
3319 1146 3543 1215 τροφῆς,
3590 1144 3722 1213 μετ’

2138 1243 2309 1298 ἄλλων
2334 1241 2664 1313 μιγνύμενα,
2704 1239 3070 1310 συντηρητικὰ
3098 1240 3197 1308 τῆς
3230 1237 3440 1305 φύσεως
3475 1237 3721 1304 γίνεται,

2136 1334 2225 1388 διὰ
2270 1334 2367 1404 τῆς
2411 1330 2748 1401 καταλλήλου
2795 1329 3009 1400 πέψεως
3066 1330 3281 1398 ἑκάστῳ
3331 1327 3437 1381 τῶν
3482 1329 3539 1381 ἐν
3574 1329 3719 1397 ἡμῖν

2139 1420 2487 1490 στοιχειωδῶς
2533 1417 2990 1489 συγκεκραμένων
3036 1415 3519 1487 καταμιγνύμενα’
3567 1417 3721 1468 κατὰ

2135 1512 2226 1565 τὸν
2282 1510 2446 1565 αὐτὸν
2494 1511 2693 1580 τρόπον
2740 1508 3076 1577 ἁναλογικῶς
3123 1509 3152 1560 ό
3205 1507 3413 1570 Παῦλος
3463 1507 3556 1560 καὶ
3606 1508 3721 1577 τὴν

2138 1602 2332 1673 νοητὴν
2366 1600 2721 1672 καταμερίζει
2766 1599 2994 1671 τροφὴν,
3048 1597 3250 1669 βρῶσιν
3295 1597 3572 1668 ὀνομάζων
3612 1599 3721 1651 καὶ

2136 1693 2292 1747 πόσιν
2324 1693 2384 1746 τὸ
2417 1692 2548 1745 αὐτὸ
2594 1693 2846 1762 πρᾶγμα,
2876 1690 3012 1763 πρὸς
3055 1690 3152 1761 τὴν
3181 1690 3373 1761 ’χρείαν
3401 1689 3505 1743 τῶν
3538 1708 3721 1761 προσ-

2136 1785 2451 1857 φερομένων
2492 1784 2708 1847 οἰκείως
2745 1780 3239 1853 μεθαρμοζόμενον.
3285 1782 3409 1845 Τοῖς
3458 1781 3554 1852 μὲν
3598 1780 3720 1852 γὰρ

2062 1862 2106 1918 Β
2134 1876 2383 1932 ἀτονοῦσι
2411 1875 2507 1929 καλ⁸
2535 1874 2916 1945 ἐκλελυμένοις
2963 1874 3126 1943 ἄρτος
3164 1872 3390 1941 γίνεται,
3437 1872 3720 1943 στηρίζων

2135 1968 2359 2040 καρδίαν
2393 1966 2677 2037 ἀνθρώπου
2701 1981 2714 1995 ³
2747 1968 2857 2029 τοῖς
2901 1965 2956 2018 δὲ
2992 1963 3293 2036 κεκμηκόσι
3321 1963 3410 2017 διὰ
3446 1962 3543 2034 τὴν
3570 1963 3721 2033 πρὸς

2133 2059 2226 2113 τὸν
2262 2058 2374 2130 βίον
2405 2057 2590 2112 τοῦτον
2630 2056 3027 2127 ταλαιπωρίαν,
3065 2056 3158 2109 καὶ
3188 2056 3274 2111 διὰ
3300 2055 3456 2109 τοῦτο
3481 2055 3718 2126 γενομὲ

2134 2166 2246 2214 νοις
2291 2149 2594 2218 διψώδεσιν,
2632 2142 2772 2210 alvo;
2819 2146 3046 2214 γίνεται,
3091 2145 3188 2217 τὴν
3235 2145 3459 2218 καρδίαν
3498 2146 3579 2208 είς
3608 2146 3716 2198 εὐ-

2134 2243 2409 2315 φροσύνην
2438 2241 2605 2310 ἄγων.

2206 2338 2367 2390 Νοεῖν
2403 2335 2459 2388 δὲ
2504 2333 2609 2405 χρὴ
2658 2331 2744 2386 διὰ
2786 2330 2895 2384 τῶν
2946 2328 3249 2402 εἰρημένων
3282 2328 3375 2382 τοῦ
3418 2327 3575 2397 λόγου
3607 2326 3722 2398 τὴν

2133 2428 2381 2500 δύναμιν,
2432 2426 2494 2481 δι’
2560 2420 2620 2480 οὗ
2665 2424 2922 2496 τρέφεται
2966 2424 2999 2493 ἡ
3045 2422 3191 2492 ψυχὴ
3247 2420 3588 2492 καταλλήλως
3634 2424 3717 2491 τῇ

2132 2522 2311 2594 χρείᾳ,
2348 2519 2446 2591 τὴν
2489 2519 2583 2572 ἀπ’
2612 2516 2775 2570 αὐτοῦ
2805 2516 2964 2588 χάριν
3008 2513 3429 2587 προσδεχομένη,
3459 2513 3597 2567 κατὰ
3646 2513 3716 2567 τὸ

2133 2614 2359 2683 αἴνιγμα
2398 2608 2493 2663 τοῦ
2532 2608 2833 2679 προφήτου,
2891 2607 2949 2671 ὃς
2988 2606 3136 2677 τόπῳ
3189 2605 3349 2676 χλόης
3393 2604 3486 2657 καὶ
3512 2602 3715 2668 ὓδατος

2133 2700 2492 2762 ἀναπαύσεως
2531 2699 2626 2767 τὴν
2678 2700 2742 2751 ἐκ
2768 2696 2861 2749 τοῦ
2895 2695 3053 2764 λόγου
3099 2694 3390 2765 γινομένην
3443 2694 3556 2755 τοῖς
3610 2710 3712 2745 κε-

2133 2792 2368 2865 κμηκόσι
2421 2788 2770 2862 παραμυθίαν
2826 2788 3191 2858 διασημαίνει.
3242 2787 3305 2839 Εί
3354 2786 3412 2839 δέ
3458 2785 3592 2857 πρὸς
3640 2785 3713 2838 τὸ

2135 2883 2431 2955 μυστήριόν
2494 2899 2579 2945 τις
2631 2880 2865 2951 βλέπων,
2924 2878 3119 2951 βρῶμα
3168 2880 3262 2932 καὶ
3315 2878 3464 2948 πόμα
3503 2877 3713 2947 κυρίως

2132 2975 2490 3045 ὀνομάζεσθαι
2507 2974 2657 3042 λέγοι
2681 2972 2772 3025 τὸν
2800 2972 3023 3042 Κύριον,
3058 2971 3179 3025 οὐδὲ
3203 2970 3362 3024 τοῦτο
3387 2971 3484 3042 τῆς
3511 2969 3713 3040 κυρίας

2127 3068 2421 3137 ’ἐμφάσεως
2463 3064 2833 3131 ἀπεξένωται·
2870 3063 3086 3135 ἀληθῶς
3129 3063 3236 3135 γὰρ
3282 3066 3315 3134 ή
3361 3063 3495 3133 σὰρξ
3536 3062 3714 3117 αὐτοῦ

2132 3157 2334 3230 βρῶσίς
2363 3159 2497 3223 ἐστι,
2530 3158 2624 3211 καὶ
2655 3156 2715 3210 τὸ
2740 3150 2879 3227 αἷμα
2920 3154 3086 3208 αὐτοῦ
3118 3154 3331 3226 ἀληθῶς
3375 3158 3489 3208 ἐστι
3523 3155 3711 3218 πόσις,

459 3243 678 3313 quidem
725 3243 1140 3315 significatione,
1178 3244 1436 3301 omnibus
1481 3259 1606 3300 cum
1642 3253 1911 3316 potestate
1948 3244 2029 3300 fa-

2144 3249 2282 3303 ’Λλλ’
2317 3248 2537 3328 ἐπὶιτῆς
2567 3247 2969 3321 προρρηθείσης
3003 3247 3099 3318 μὲν
3123 3247 3377 3311 διανοίας,
3410 3248 3543 3299 πᾶσι
3583 3246 3712 3300 κατ’

369 3363 375 3369 ~
460 3336 640 3391 cultas
661 3336 820 3390 datur
853 3342 914 3390 ut
944 3337 1240 3408 participes
1271 3337 1384 3392 sint
1433 3335 1619 3400 Verbi,
1650 3336 1801 3408 quod
1848 3336 1915 3392 ab
1962 3335 2029 3391 iis

459 3426 551 3495 qui
582 3425 872 3495 requirunt
904 3426 1038 3481 illud
1083 3435 1391 3498 acceptum,
1426 3427 1484 3481 fit
1546 3428 1706 3484 cibus
1751 3435 1806 3483 et
1868 3437 2028 3498 potus

459 3516 579 3573 sine
609 3517 928 3572 discrimine
968 3527 1241 3587 gustatus.
1289 3519 1349 3572 In
1383 3519 1555 3574 altera
1586 3528 1768 3573 autem
1822 3518 2031 3591 signifi-

458 3609 674 3663 catione
706 3623 814 3662 non
873 3609 994 3663 sine
1027 3610 1345 3679 probatione
1407 3619 1499 3664 aut
1553 3610 1671 3666 sine
1706 3612 1909 3667 dilectu
1972 3612 2028 3666 fit

458 3699 731 3768 ejusmodi
766 3698 872 3754 cibi
904 3706 1175 3769 potusque
1203 3701 1582 3772 participatio,
1627 3717 1749 3757 cum
1786 3704 2026 3775 Aposto-

458 3790 546 3844 lus
575 3790 648 3843 ita
677 3788 985 3844 deﬁnierit:
1030 3809 1050 3842 ι
1084 3789 1291 3846 Probet
1351 3802 1556 3858 autem,
1611 3795 1810 3864 inquit,
1843 3812 1902 3851 se
1948 3797 2028 3867 ip-

458 3893 584 3932 sum
616 3877 874 3947 quisque,
907 3886 961 3933 et
988 3880 1067 3934 sic
1089 3880 1156 3934 de
1189 3896 1329 3952 pane
1369 3882 1461 3937 illo
1492 3882 1642 3947 edat,
1668 3892 1722 3938 et
1748 3884 1815 3939 de
1861 3886 2028 3940 calice

457 3969 627 4023 bihat.
661 3968 762 4036 Qui
793 3970 938 4024 enim
967 3970 1190 4042 indigne
1231 3974 1532 4030 manducat
1586 3985 1640 4031 et
1689 3976 1844 4041 bibit,
1880 3978 2027 4048 judi-

457 4061 602 4116 cium
649 4061 753 4117 sibi
781 4062 1075 4118 manducat
1102 4070 1157 4117 et
1184 4063 1322 4118 bibit
1352 4066 1419 4121 ⁸².
1452 4085 1471 4119 ι
1540 4064 1658 4122 Huc
1694 4075 1874 4121 autem
1940 4084 2028 4124 re-

456 4152 698 4224 spiciens
729 4154 1063 4223 evangelista
1092 4155 1253 4226 plane
1280 4155 1500 4212 videtur
1527 4158 1779 4213 eamdem”
1821 4160 2027 4231 signifi-

456 4243 725 4299 cationem
762 4242 1137 4309 confirmasse,
1170 4260 1292 4300 cum
1322 4248 1568 4319 mysticae
1596 4250 1867 4319 passionis
1893 4260 2028 4305 tem-

457 4348 588 4402 pore
639 4334 838 4391 nobilis
891 4335 983 4391 ille
1042 4345 1266 4392 senator
1323 4337 1675 4395 immaculata
1715 4340 2028 4411 mundaque

455 4423 687 4479 sindone
725 4424 1011 4480 involvens
1040 4425 1256 4481 Domini
1287 4443 1489 4499 corpus
1521 4432 1576 4486 in
1610 4448 1753 4487 novo
1786 4442 1839 4488 et
1887 4449 2026 4503 pum

456 4523 808 4569 monumento
859 4518 1041 4585 posuit
1079 4518 1147 4571 “.
1218 4518 1582 4585 Quamobrem
1655 4534 1708 4580 et
1779 4526 2020 4597 Apostoli

455 4614 726 4678 praecepto
778 4615 835 4661 et
859 4609 1208 4678 evangelista;
1274 4611 1660 4670 observatione
1708 4631 2022 4673 commone-

455 4713 597 4763 mur,
629 4707 687 4752 ut
718 4709 1130 4755 sacrosanctum
1190 4703 1402 4759 homini
1450 4722 1654 4778 corpus
1701 4725 1836 4779 pura
1887 4726 2021 4767 con-

455 4790 682 4844 scientia
714 4790 1103 4861 suscipiamus.
1133 4792 1289 4860 Quod
1337 4798 1383 4851 si
1416 4798 1595 4870 aliqua
1650 4802 1860 4870 peccati
1907 4818 2023 4857 ma-

455 4881 577 4933 cula
611 4881 809 4937 infecta
835 4884 930 4948 sit,
983 4899 1103 4940 eam
1142 4901 1282 4958 aqua
1320 4888 1686 4961 lacrymarum
1735 4894 2021 4953 abluanius

453 4977 508 5023 et
544 4985 933 5041 expurgemus.
967 4972 1170 5031 Verum
1220 4979 1346 5048 quia
1392 4981 1555 5036 etiam
1613 4990 1765 5051 petra
1820 4985 2020 5040 dicitur

453 5058 708 5115 Christus
735 5061 802 5126 ",
850 5078 969 5117 eam
1023 5067 1185 5122 nobis
1226 5068 1279 5121 id
1312 5084 1510 5126 nomen
1565 5073 1755 5129 afferet
1810 5077 2017 5131 utilita-

453 5162 584 5218 tem,
616 5159 675 5207 ut
705 5163 910 5208 rectam
950 5156 1162 5213 vivendi
1189 5161 1456 5218 rationem
1488 5163 1699 5220 firmam
1744 5182 1806 5222 ac
1850 5169 2020 5223 stabi-

453 5246 561 5300 lem
606 5253 911 5314 teneamus,
938 5248 1079 5302 etin
1110 5250 1277 5306 rebus
1334 5250 1582 5310 adversis
1636 5255 1847 5313 fortiter
1893 5274 2019 5328 per-

452 5335 693 5392 ferendis
753 5346 1072 5395 constantes
1119 5340 1314 5408 simus,
1376 5344 1749 5418 adversusque
1800 5365 2017 5405 onmem

454 5427 659 5495 peccati
699 5427 962 5499 impetum
1003 5439 1258 5488 strenuos
1307 5442 1471 5504 atque
1519 5435 1754 5493 invictos
1806 5440 2017 5501 animos

454 5527 809 5585 praestemus:
843 5538 908 5577 ex
946 5522 1033 5577 bis
1067 5523 1211 5579 enim
1238 5525 1404 5582 rebus
1456 5536 1510 5583 et
1565 5530 1687 5586 aliis
1746 5530 2018 5601 ejusmodi

2129 3340 2372 3406 ἐξουσίαν
2416 3341 2561 3393 ἐστὶν
2616 3341 2649 3410 ἡ
2706 3340 2961 3410 μετουσία
3009 3338 3103 3392 τοῦ
3152 3338 3361 3406 Λόγου,
3405 3338 3464 3402 ὃς
3494 3337 3713 3406 γίνεται

2129 3433 2323 3505 βρῶμα
2369 3433 2462 3486 καὶ
2511 3432 2660 3503 πόμα
2709 3432 3149 3502 προσφερόμενον
3199 3430 3543 3498 ἁδιακρίτως,
3597 3427 3710 3481 ὐπὸ

2129 3527 2236 3579 τῶν
2272 3523 2671 3594 ἐπιζητούντων
2703 3523 2865 3577 αὐτὸν
2895 3522 3320 3593 λαμϐανόμενος.
3370 3521 3491 3575 Ἐπὶ
3521 3520 3577 3573 δὲ
3603 3520 3709 3592 τῆς

2128 3616 2320 3687 ἐτέρας
2359 3614 2583 3678 ἐννοίας,
2624 3613 2723 3667 οὐκ
2752 3613 2898 3668 ἔστιν
2944 3611 3296 3678 ἁνεξέταστος
3324 3612 3418 3667 καὶ
3453 3611 3706 3682 ἀδιάκριο

2126 3724 2215 3771 τος
2246 3709 2279 3779 ὴ
2306 3706 2405 3774 τῆς
2436 3704 2689 3775 τοιαύτης
2716 3705 2921 3776 τροφῆς
2947 3721 3003 3757 τε
3034 3703 3126 3758 καὶ
3174 3704 3383 3767 πόσεως
3418 3701 3707 3772 μετουσία,

2126 3799 2297 3863 οὕτως
2335 3797 2429 3852 τοῦ
2477 3796 2797 3852 Ἀποστόλου
2830 3794 3324 3868 προσδιορίσαντος,
3375 3796 3455 3849 ὅτι
3485 3813 3503 3845 ι
3547 3795 3706 3846 Δοκι-

2130 3887 2347 3959 μαζέτω
2370 3886 2426 3941 δὲ
2456 3886 2684 3951 ἕκαστος
2717 3887 2927 3953 ἑαυτὸν,
2963 3886 3057 3940 καὶ
3098 3884 3268 3949 οὕτως
3315 3887 3379 3941 ἐκ
3410 3883 3501 3937 τοῦ
3534 3884 3707 3954 ἄρτου

2125 3978 2367 4039 ἐσθιέτω,
2400 3979 2494 4031 καὶ
2526 3979 2589 4030 ἐκ
2626 3976 2720 4030 τοῦ
2752 3978 3010 4048 ποτηρίου
3040 3976 3261 4030 πινέτω.
3302 3977 3361 4029 '0
3386 3976 3441 4029 δὲ
3468 3975 3706 4039 ἀναξίως

2124 4068 2316 4122 ἐσθίων
2339 4067 2431 4122 καὶ
2455 4056 2660 4131 πίνων,
2682 4067 2759 4129 είς
2788 4068 2959 4137 κρῖμα
2977 4064 3153 4136 ἑαυτῷ
3173 4064 3338 4119 ἐσθίει
3364 4064 3456 4117 καὶ¹
3482 4064 3641 4118 πίνει.
3679 4083 3701 4117 ι

2090 4220 2099 4228 ι
2125 4161 2268 4231 Πρὸς
2295 4159 2322 4212 ὃ
2347 4176 2434 4230 μοι
2463 4158 2611 4212 δοκεῖ
2632 4158 2660 4211 ὁ
2690 4155 3076 4227 εὐαγγελιστὴς
3103 4155 3331 4226 βλέπων,
3366 4154 3707 4225 ἠσφαλισμέο

2124 4268 2230 4314 νως
2266 4250 2328 4304 τὸ
2372 4249 2579 4303 τοιοῦτο
2627 4247 3147 4321 παρασημήνασθαι,
3183 4246 3264 4300 ὃτι
3309 4247 3364 4299 ἐν
3402 4244 3482 4315 τῷ
3519 4246 3709 4318 καιρῷ

2124 4343 2215 4397 τοῦ
2253 4341 2514 4414 μυστικοῦ
2547 4339 2751 4402 πάθους
2780 4340 2808 4391 δ
2831 4339 3122 4409 εὐσχήμων
3150 4339 3351 4400 ἐκεῖνος
3384 4335 3713 4423 βουλευτὴς,

2124 4435 2337 4503 ἀσπίλῳ
2365 4434 2458 4487 καὶ
2495 4431 2709 4502 καθαρᾷ
2743 4432 2808 4500 τῇ
2848 4429 3043 4483 σινδόνι
3080 4429 3139 4482 τὸ
3169 4430 3327 4500 σῶμα
3358 4428 3448 4482 τοῦ
3491 4430 3705 4500 Κυρίου

2126 4523 2413 4588 διαλαϐὼν,
2438 4520 2609 4591 καινῷ
2639 4537 2697 4572 τε
2730 4520 2823 4571 καὶ
2854 4517 3076 4589 καθαρῷ
3113 4519 3352 4589 μνήματι
3377 4517 3670 4572 ἐναπέθετο
3688 4534 3705 4550 ·

2128 4618 2267 4672 ὥστε
2320 4615 2479 4687 νόμον
2522 4614 2684 4668 πᾶσιν
2726 4613 2854 4682 ἡμῖν
2892 4611 2952 4664 τό
2981 4627 3040 4664 τε
3070 4611 3165 4668 τοῦ
3210 4611 3528 4665 Ἀποστόλου
3560 4628 3707 4685 παρ-

2130 4704 2377 4774 άγγελμα
2401 4700 2670 4771 γενέσθαι,
2710 4700 2803 4753 καὶ
2825 4698 2886 4752 τὸ
2917 4699 3010 4753 τοῦ
3034 4699 3415 4770 εὐαγγελιστοῦ
3452 4702 3707 4773 παρατή-

2133 4811 2298 4867 ρημα,
2346 4792 2439 4846 τοῦ
2473 4791 2689 4863 καθαρᾷ
2727 4793 2794 4862 τῇ
2845 4792 3146 4862 συνειδήσει
3196 4792 3257 4845 τὸ
3307 4791 3463 4863 ἅγιον
3503 4794 3708 4847 ὐποδέ-

2129 4884 2316 4956 χεσθαι
2351 4881 2507 4953 σῶμα
2529 4896 2544 4911 θ
2580 4881 2633 4933 εἴ
2653 4881 2754 4933 πού
2790 4899 2871 4945 τις
2908 4880 2968 4945 ἐξ
2993 4882 3267 4953 ἁμαρτίας
3300 4883 3384 4954 εἴη
3417 4882 3594 4954 κηλὶς,
3624 4884 3706 4955 τῷ

2129 4977 2281 5031 ὕδατι
2305 4975 2412 5029 τῶν
2444 4973 2692 5046 δακρύων
2722 4972 3166 5044 “oppetam;
3217 4973 3375 5027 Ἀλλὰ
3404 4975 3579 5045 πέτρα
3609 4975 3670 5028 λε
3689 5006 3709 5017 -

2127 5072 2353 5140 γόμενος
2380 5071 2407 5121 ό
2440 5067 2692 5139 Χριστὸς,
2728 5066 2999 5137 ὠφελήσει
3040 5066 3128 5119 διὰ
3158 5065 3249 5119 τοῦ
3288 5067 3547 5135 ὀνόματος
3575 5067 3705 5121 τού-

2125 5180 2218 5216 του
2250 5163 2412 5233 ἡμᾶς,
2444 5161 2501 5213 ἐν
2533 5159 2609 5230 τῷ
2641 5159 2821 5229 παγίῳ
2867 5176 2925 5210 τε
2960 5159 3052 5211 καὶ
3098 5158 3415 5228 ἁμεταθέτῳ
3447 5159 3548 5228 τῆς
3581 5162 3707 5212 κατ’

2127 5256 2326 5325 ἀρετὴν
2355 5251 2520 5322 ζωῆς,
2553 5252 2643 5305 καὶ
2670 5253 2726 5304 ἐν
2752 5249 2830 5320 τῷ
2858 5249 3099 5321 στερρὦ
3132 5250 3275 5320 ἔχειν
3301 5250 3434 5321 πρὸς
3467 5250 3564 5321 τὴν
3593 5251 3704 5304 τῶν

2126 5345 2462 5417 παθημάτων
2528 5344 2837 5414 ὑπομονὴν,
2884 5342 2978 5395 καὶ
3033 5343 3119 5395 διὰ
3172 5342 3265 5395 τοῦ
3321 5343 3454 5414 πρὸς
3521 5346 3704 5397 πᾶσαν

2126 5436 2430 5509 προσϐολὴν
2481 5435 2750 5507 ἁμαρτίας
2802 5435 3090 5489 ἀντίτυπον
3134 5436 3228 5490 καὶ
3280 5436 3559 5489 ἀνένδοτον
3604 5436 3704 5507 τὴν

2124 5530 2299 5602 ψυχὴν
2327 5528 2757 5582 ἐπιδείκνυσθαι·
2785 5526 2870 5579 διὰ
2901 5525 3104 5581 τούτων
3143 5529 3249 5598 γὰρ
3281 5530 3373 5581 καὶ
3404 5527 3514 5580 τῶν
3533 5528 3723 5581 τοιού-

523 5713 570 5746 ²⁸
598 5713 847 5802 Ῑξίξτλξρ
872 5716 939 5770 16
967 5734 1089 5802 sqq.
1165 5722 1209 5755 "
1239 5719 1385 5782 Psal.
1410 5741 1527 5796 CIII,
1557 5726 1644 5783 l5.
1722 5727 1766 5760 "
1787 5725 2087 5802 Psal.xxn,
2117 5729 2168 5784 2.
2252 5729 2293 5763 "
2325 5727 2484 5785 Joan.
2506 5742 2581 5793 vl,
2609 5725 2695 5782 56.
2774 5724 2859 5780 “l
2888 5723 3014 5782 Cor.
3040 5722 3223 5791 31,28.
3304 5721 3349 5755 ³⁸
3372 5720 3507 5780 Luc.
3538 5735 3701 5787 unt,

454 5784 541 5840 53.
634 5783 679 5816 ³⁸
700 5785 717 5838 Ι
740 5782 868 5842 Cor.
892 5802 949 5854 ι,
978 5782 1033 5844 ιζ
