3896 6208
267 346 378 402 Ξϐξ)

1302 343 1391 400 DE
1428 341 1788 401 PERFECTA
1815 343 2206 400 CHRISTIANI
2232 333 2492 403 renata.

3412 340 3520 403 270

270 478 388 515 των
438 460 610 533 πέτεκι
651 458 744 516 διαὶ
789 460 949 531 ἡμεῖς
984 459 1236 529 ἐσόμεθα,
1279 461 1622 531 μιμούμενοι,
1674 460 1852 523 καθώς

1961 473 2063 515 nos
2086 459 2215 516 item
2242 464 2448 517 erimus
2478 470 2651 532 petra,
2690 463 2742 517 in
2768 470 2960 518 natura
2995 464 3173 535 fragili
3212 466 3425 521 ﬁrmum
3465 474 3520 523 et

272 557 399 609 ἐστι
440 553 680 617 δυνατὸν,
725 555 784 607 ἐν
820 554 888 623 τῇ
921 555 1128 623 τρεπτῇ
1168 551 1326 621 φύσει
1361 552 1422 605 τὸ
1456 552 1720 622 ἄτρεπτον
1760 550 1852 604 τοῦ

274 646 549 700 Δεσπότου
592 646 685 700 καὶ
717 645 1068 716 ἀμετάθετονμ
1111 644 1174 696 Εἰ
1223 643 1280 696 δὲ
1314 642 1342 695 6
1371 643 1533 705 αὐτὸς
1563 641 1714 712 παρά
1758 640 1852 694 τοῦ

275 736 445 805 σοφοῦ
472 736 849 808 ἀρχιτέκτονος
882 734 978 788 καὶ
1025 733 1274 803 θεμέλιος
1310 733 1565 795 πίστεως,
1606 733 1697 786 καὶ
1746 748 1855 799 γω-

274 828 389 891 νίας
435 827 648 899 κεφαλὴ
697 826 1042 897 ὀνομάζεται,
1084 825 1206 878 οὐδὲ
1244 824 1401 877 τοῦτο
1435 825 1570 894 πρὸς
1616 825 1712 894 τὴν
1757 822 1851 876 τοῦ

272 920 394 973 κατ’
426 918 626 990 ἀρετὴν
678 919 795 989 βίου
852 916 1207 988 συνεισφορὰν
1256 916 1542 979 ἀσυντελὲς
1574 917 1705 986 ἡμῖν
1735 917 1853 969 ὲπι-

270 1009 636 1079 δειχθήσεται.
664 1007 1036 1079 Διδασκόμεθα
1059 1006 1166 1079 γὰρ
1194 1006 1281 1060 διὰ
1311 1006 1535 1069 τούτων,
1564 1008 1645 1059 ὅτι
1674 1006 1852 1075 πάσης

270 1099 485 1169 ἀγαθῆς
516 1098 810 1161 πολιτείας,
833 1098 926 1150 καὶ
957 1097 1155 1159 παντὸς
1183 1093 1390 1163 ἀγαθοῦ
1442 1094 1755 1165 μαθήματός
1790 1111 1850 1146 τε

273 1192 372 1243 καὶ
400 1190 846 1261 ἐπιτηδεύματος,
879 1190 971 1244 καὶ
1000 1189 1142 1262 ἀρχὴ
1173 1189 1267 1242 καὶ
1304 1188 1457 1252 τέλος
1494 1187 1642 1241 ἐστὶν
1677 1189 1706 1240 6
1734 1186 1851 1239 Κύ-

275 1299 413 1353 ριος,
467 1283 537 1335 Ἦ
569 1299 629 1334 τε
664 1282 774 1351 γὰρ
819 1281 972 1344 ἐλπὶς
1002 1280 1088 1351 (ῆν
1137 1280 1258 1334 ἀντὶ
1308 1279 1549 1350 κεφαλῆς
1601 1277 1846 1348 νοοῦμεν,

273 1372 412 1443 πρὸς
453 1372 520 1443 ἢν
551 1373 732 1425 πάντα
767 1372 976 1443 βλέπει,
1027 1370 1097 1424 τά
1142 1372 1264 1424 κατ’
1308 1368 1508 1441 ἀρετὴν
1554 1365 1849 1430 σπουδαζό-

276 1462 433 1529 μενα)
472 1460 680 1522 ἐκεῖνός
726 1459 896 1520 ἐστιν,
947 1455 1118 1519 οὕτως
1146 1455 1531 1527 ὠνομασμένος
1570 1455 1719 1526 παρά
1755 1452 1847 1506 τοῦ

273 1550 510 1615 Παύλου,
554 1550 648 1604 καὶ
696 1551 731 1620 ή
767 1548 910 1620 ἀρχὴ
956 1550 1055 1619 τῆς
1104 1546 1311 1617 ὑψηλῆς
1352 1545 1557 1616 ταύτης
1598 1543 1690 1597 τοῦ
1736 1542 1849 1613 βίου

275 1641 659 1715 πυργοποιίας,
686 1643 720 1712 ἡ
750 1643 830 1702 είς
855 1640 1016 1693 αὐτὸν
1043 1639 1251 1707 γίνεται
1286 1637 1489 1701 πίστις,
1523 1638 1606 1704 ἐφ’
1637 1630 1703 1707 ἦς
1742 1629 1851 1687 οἷόν

274 1752 403 1788 τινα
444 1733 691 1802 θεμέλιον
722 1733 816 1796 τὰς
852 1731 1026 1802 ἀρχὰς
1062 1729 1158 1783 τοῦ
1206 1728 1322 1799 βίου
1367 1727 1850 1797 καταϐαλλομένων

1957 549 2298 607 inmutabile
2354 552 2565 606 Domini
2616 554 2787 608 robur
2832 571 2930 625 pro
2968 557 3177 613 virihus
3219 558 3518 614 imitantes.

1955 639 2110 706 Quod
2136 651 2317 697 autem
2347 658 2377 696 a
2402 645 2652 713 sapiente
2681 647 2984 701 architecto
3016 648 3059 680 ³⁸
3102 647 3518 703 fundamentum

1956 734 2148 789 fidei“
2191 745 2247 790 et
2291 738 2472 805 anguli
2525 746 2687 806 caput
2712 738 2757 769 ³⁷
2811 748 3176 808 nuncupatur,
3213 740 3265 793 id
3300 754 3520 809 quoque

1956 826 2113 880 nobis
2151 824 2219 880 ad
2244 827 2409 880 vitam
2452 843 2514 882 ex
2550 829 2752 883 virtute
2805 829 3193 885 instituendam
3246 831 3517 899 espediet.

1956 913 2050 970 Sic
2075 919 2222 971 enim
2279 918 2549 972 bonarum
2600 921 2842 974 omnium
2894 928 2950 976 et
2980 921 3519 975 administrationum

1954 1007 2220 1071 civilium,
2272 1015 2328 1062 et
2379 1008 2815 1079 disciplinarum,
2866 1020 2920 1065 et
2971 1011 3348 1067 institutorum
3402 1018 3518 1065 tum

1954 1094 2321 1165 principium,
2350 1105 2468 1151 tum
2506 1098 2669 1153 etiam
2716 1100 2874 1155 finem
2927 1116 3050 1156 esse
3096 1101 3384 1156 Dominum
3437 1101 3522 1155 di-

1953 1185 2181 1241 scimus.
2222 1184 2356 1241 Nam
2387 1194 2443 1243 et
2473 1203 2621 1257 spes,
2662 1204 2824 1260 quam
2863 1205 2961 1259 pro
2989 1192 3167 1261 capite
3198 1192 3519 1261 accipimus,

1953 1277 2019 1331 ad
2093 1292 2260 1346 quam
2328 1287 2492 1333 rectae
2555 1281 2913 1351 honestaeque
2999 1285 3246 1338 actiones
3313 1291 3521 1339 nostra?

1953 1382 2146 1424 omnes
2171 1369 2420 1450 tendunt,
2451 1371 2541 1425 ille
2563 1373 2873 1427 nominatus
2895 1382 2979 1428 est
3011 1389 3041 1427 a
3063 1374 3232 1430 Paulo
3260 1375 3338 1437 ³⁸;
3374 1383 3428 1429 et
3463 1376 3521 1430 in

1952 1459 2225 1528 principio
2273 1460 2517 1540 .hujusce
2560 1465 2682 1518 vitae
2751 1464 2966 1519 aedificii
3018 1465 3164 1534 quod
3233 1466 3301 1521 ad
3340 1466 3521 1536 ipsum

1953 1549 2249 1620 dirigitur,-
2318 1552 2539 1619 ﬁdes”,
2598 1554 2653 1608 in
2703 1569 2813 1623 qua
2878 1554 3003 1610 vitae
3067 1544 3332 1625 principia
3383 1565 3520 1609 tan-

1955 1656 2120 1711 quam
2189 1641 2541 1699 fundamenta
2592 1645 2851 1715 jacimus,
2919 1654 2973 1702 et
3034 1646 3366 1716 quotidianis
3407 1645 3525 1701 ollis

1954 1732 2057 1787 ciis
2119 1748 2287 1803 puras
2347 1741 2462 1788 tum
2528 1735 2887 1804 cogitationes
2949 1744 3064 1789 tum
3124 1735 3366 1791 actiones
3426 1749 3525 1789 no-

277 1825 466 1896 ἡμῶν,
500 1824 590 1877 καὶ
617 1824 699 1877 διὰ
742 1823 1121 1894 καθημερινῶν
1146 1820 1585 1903 κατορθωμάτων
1624 1818 1721 1882 τὰς
1750 1838 1848 1873 κα·

1956 1831 2097 1878 stras
2148 1824 2517 1889 moderamur,
2576 1835 2740 1896 atque
2786 1826 2882 1891 ita,
2917 1825 3082 1896 ‘quod
3145 1827 3385 1882 universi
3435 1836 3523 1881 est

277 1916 458 1987 θαρᾶς
481 1917 679 1980 ἐννοίας
700 1932 759 1969 τε
780 1916 875 1968 καὶ
894 1914 1176 1985 ἐνεργείας
1204 1911 1657 1983 νομοθετούντων,
1681 1910 1854 1972 οὕτως

275 2009 311 2078 ἠ
354 2006 448 2059 τοῦ
494 2008 689 2070 παντὸς
728 2005 936 2077 κεφαλὴ
978 2006 1072 2059 κα)⁸
1105 2004 1348 2075 ἡμετέρα
1388 2003 1592 2072 γίνεται
1624 2001 1850 2072 κεφαλὴ,

271 2102 392 2161 τοῖς
422 2098 515 2150 δύο
557 2098 653 2166 τῆς
696 2096 843 2164 ζωῆς
891 2095 1046 2167 ἡμῶν
1094 2094 1312 2165 τοίχοις,
1357 2097 1468 2157 τοῖς
1509 2110 1573 2145 τε
1603 2092 1746 2147 κατὰ
1793 2092 1855 2145 τὸ

270 2189 437 2260 σῶμα
466 2189 560 2241 καὶ
580 2189 678 2260 τὴν
709 2188 909 2259 ψυχὴν,
939 2187 1007 2242 δι’
1033 2185 1447 2258 εὐσχημοσύνης
1485 2185 1577 2239 καὶ
1609 2183 1851 2255 καθαρό-

266 2296 437 2349 τητος
460 2280 1022 2351 ὲποικοδομουμένοις,
1056 2279 1143 2334 διὰ
1180 2280 1281 2350 τῆς
1311 2277 1542 2347 ἀγωνίου
1583 2277 1855 2348 συμφυΐας

268 2370 472 2443 ἑαυτὴν
502 2372 907 2443 ἐφαρμόζουσα.
952 2373 1040 2435 Ὠς
1071 2371 1167 2425 ἐὰν
1194 2370 1416 2441 ἐλλείπῃ
1444 2368 1505 2422 τὸ
1530 2369 1715 2441 ἕτερον
1743 2369 1854 2423 τῶν

265 2462 744 2533 οίκοδομημάτων,
773 2463 892 2533 ἦτοι
915 2462 1017 2532 τῆς
1057 2462 1196 2516 κατὰ
1223 2460 1285 2514 τὸ
1312 2460 1631 2532 φαινόμενον
1659 2460 1856 2531 εὐσχη-

273 2554 519 2624 μοσύνης
543 2556 610 2624 τῇ
636 2554 733 2624 τῆς
755 2552 949 2623 ψυχῆς
962 2550 1294 2624 καθαρότητι
1341 2552 1415 2622 μὴ
1449 2550 1855 2621 συνοικοδομοῦ-

270 2645 468 2715 μένης,
522 2643 558 2713 ἢ
593 2643 692 2715 τῆς
752 2643 988 2714 ψυχικῆς
1044 2642 1244 2714 ἀρετῆς
1295 2641 1375 2713 τῷ
1422 2641 1728 2712 φαινομένῳ
1779 2641 1854 2715 μὴ

272 2733 713 2805 συμϐαινούσης,
742 2735 844 2787 οὐκ
883 2734 949 2787 ἂν
975 2733 1183 2803 γένοιτο
1214 2730 1307 2787 τοῦ
1338 2733 1626 2805 η’μιτελοῦς
1665 2734 1852 2789 τούτου

272 2825 393 2897 βίου
420 2824 631 2894 κεφαλὴ
655 2827 685 2879 6
712 2825 964 2896 Χριστὸς,
1012 2826 1041 2878 6
1087 2825 1222 2897 μόνῃ
1252 2828 1318 2897 τῇ
1345 2826 1503 2896 διπλῇ
1532 2842 1590 2878 τε
1618 2826 1710 2879 κα)⁵
1739 2827 1853 2879 δια-

269 2917 449 2987 γωνίᾳ
479 2915 759 2987 οἰκοδομίᾳ
802 2916 993 2968 ἑαυτὸν
1036 2916 1393 2987 ὲφαρμόζξων⁹
1418 2916 1538 2969 οὐδὲ
1585 2917 1693 2989 γάρ
1738 2918 1853 2971 ἐστι

268 3007 516 3072 δυνατὸν,
562 3004 731 3079 χωρὶς
776 3006 876 3077 τῆς
915 3006 1024 3061 τῶν
1062 3007 1155 3061 δύο
1183 3007 1378 3078 τοίχων
1428 3006 1721 3079 συμϐολῆς,
1752 3014 1855 3079 γω-

270 3096 391 3160 νίας
430 3096 702 3167 γενέσθαι.
737 3096 869 3150 Τότε
902 3093 996 3151 οῦν
1035 3098 1414 3169 ὲπιτεθήσεται
1455 3098 1531 3170 τῷ
1572 3100 1854 3173 οίκοδομή-
1896 3176 1899 3179 _

1955 1923 2139 1983 caput,
2167 1926 2414 1971 nostrum
2439 1917 2603 1971 etiam
2640 1926 2805 1987 caput
2841 1916 3091 1984 eﬂicitur,
3136 1931 3261 1973 cum
3308 1920 3524 1975 duobus

1954 2003 2080 2058 vita:
2106 2013 2325 2071 nostrae,
2354 2005 2604 2076 corporis
2632 2006 2889 2061 videlicet
2914 2015 3077 2078 atque
3109 2007 3297 2071 animi,
3348 2008 3521 2063 muris

1954 2110 2052 2165 per
2078 2096 2415 2153 honestatem
2451 2106 2505 2152 et
2555 2099 2843 2167 puritatem
2896 2099 3228 2154 constructis
3273 2100 3525 2169 angulari

1955 2187 2342 2256 conjunctione
2368 2196 2492 2258 apte
2521 2190 2779 2245 coluerat.
2810 2190 2965 2255 Quod
3010 2190 3056 2244 si
3086 2192 3255 2245 altera
3278 2205 3404 2260 pars
3436 2190 3526 2245 de-

1954 2279 2029 2335 sit
2048 2278 2298 2345 aediiicio,
2336 2290 2395 2335 ut
2423 2283 2507 2336 vel
2541 2282 2710 2336 animi
2764 2282 2976 2350 puritas
3023 2283 3376 2351 conspicuam
3428 2296 3525 2335 ex-

1954 2371 2230 2426 trinsecus
2257 2373 2597 2428 honestatem
2623 2388 2733 2427 non
2768 2371 2986 2434 haheat,
3010 2373 3094 2426 vel
3124 2371 3238 2426 haec
3274 2386 3395 2441 quae
3444 2372 3522 2426 vi-

1953 2462 2113 2517 detur
2133 2464 2300 2518 animi
2323 2467 2526 2518 virtute
2549 2471 2725 2528 vacet,
2747 2462 2869 2532 ejus
2911 2477 3117 2517 manca:
3144 2462 3522 2531 inchoatmqne

1953 2556 2076 2609 vita;
2108 2562 2273 2625 caput
2315 2568 2422 2608 non
2458 2554 2562 2609 erit
2590 2553 2866 2618 Christus,
2920 2554 3122 2624 quippe
3176 2553 3269 2623 qui
3318 2553 3523 2624 duplici

1955 2645 2317 2716 angularique
2359 2644 2581 2699 fabricae
2611 2643 2987 2698 tantummodo
3030 2644 3292 2714 quadrat;
3346 2657 3525 2713 neque

1952 2736 2121 2799 enim,
2172 2735 2277 2791 nisi
2303 2735 2413 2790 duo
2440 2741 2774 2790 concurrant
2816 2733 3071 2803 parietes,
3120 2732 3350 2802 angulus
3403 2732 3523 2786 fieri

1954 2833 2153 2897 potest.-
2181 2826 2360 2892 Quare
2389 2833 2521 2881 tunc
2549 2826 2858 2896 imponetur
2879 2823 3110 2880 aedilicio
3140 2833 3331 2878 nostro
3372 2836 3524 2878 sum-

1954 2917 2032 2972 mi
2076 2917 2357 2988 angularis
2391 2916 2598 2987 fastigii
2644 2916 3160 2987 pulchritudomum
3201 2929 3266 2970 ex
3294 2922 3525 2985 utraque

1954 3015 2109 3080 parte
2157 3007 2224 3062 ad
2279 3016 2484 3063 rectam
2532 3007 2748 3063 virtutis
2782 3020 3031 3062 normam
3072 3007 3267 3077 duplex
3313 3007 3424 3062 vita
3469 3019 3525 3063 et

1955 3110 2126 3160 recta.
2152 3108 2206 3154 et
2234 3107 2519 3171 constans,
2546 3106 2601 3154 et
2622 3098 2759 3153 nihil
2786 3098 3268 3169 ohliquicurvique
3291 3099 3522 3164 habens,

273 3204 410 3258 ματι
440 3186 596 3258 ἡμῶν
618 3186 713 3241 τοῦ
741 3187 1133 3259 ἀκρογωνιαίου
1169 3189 1231 3242 τὸ
1272 3188 1483 3254 κάλλος,
1526 3190 1650 3244 ὅταν
1678 3192 1852 3263 ἀμφο-

1956 3192 2345 3263 perpendiculo
2372 3191 2640 3246 concinne
2659 3190 2764 3245 erit
2789 3191 3214 3245 accommodata.

266 3284 510 3354 τέρωθεν
533 3282 627 3337 τὸν
666 3281 824 3354 ὀρθὸν
853 3282 947 3336 τοῦ
992 3282 1105 3353 βίου
1136 3282 1336 3338 κανόνα
1362 3285 1427 3355 τῇ
1465 3282 1573 3337 τῶν
1610 3283 1820 3355 ἀρετῶν
1860 3285 2087 3356 σπάρτῳ
2128 3284 2373 3355 ἀποταθῇ
2404 3281 2736 3355 ὲναρμονίως
2781 3284 2810 3336 ὃ
2853 3281 3071 3347 διπλοῦς
3108 3282 3241 3352 βίος,
3280 3282 3438 3358 ὀρθός
3464 3301 3527 3340 τι

269 3378 369 3431 καὶ
388 3376 767 3446 ἀδιάστροφος,
793 3376 887 3429 καὶ
910 3376 1060 3429 οὐδὲν
1091 3374 1228 3446 ἔχων
1255 3377 1313 3428 ὲν
1339 3374 1517 3446 ἐαυτῷ
1545 3375 1754 3429 σκολιὸν
1789 3375 1824 3447 ἢ
1850 3375 2364 3445 κατηγκυλωμὲνον.

346 3468 544 3521 Εἱκόνα
581 3466 638 3520 δὲ
672 3466 767 3519 τοῦ
793 3465 925 3520 Θεοῦ
951 3463 1044 3520 τοῦ
1082 3466 1312 3538 ἀοράτου
1340 3466 1429 3520 τὸν
1461 3466 1694 3539 Χριστὸν
1732 3467 1851 3520 ὀνο-

270 3559 463 3631 μάζων
500 3561 530 3612 6
578 3557 812 3624 Παῦλος,
844 3557 936 3612 τὸν
984 3558 1077 3612 ἐπὶ
1124 3558 1340 3614 πάντων
1378 3557 1510 3612 Θεὸν
1552 3559 1645 3613 καὶ
1678 3558 1852 3629 μέγαν

268 3650 407 3704 Θεόν
424 3667 440 3680 ο
468 3649 565 3704 καί
585 3648 811 3712 ταύταις
841 3647 950 3720 γὰρ
974 3651 1093 3713 ταῖς
1123 3651 1328 3719 φωναῖς
1355 3648 1722 3721 ἀνακηρύσσει
1755 3648 1849 3703 τοῦ

266 3741 532 3813 ἀληθινοῦ
568 3741 835 3795 Δεσπότου
856 3741 919 3795 τὸ
946 3741 1248 3812 μεγαλεῖον,
1281 3740 1454 3811 λέγων
1472 3758 1487 3774 ο
1520 3740 1658 3796 «Τοῦ
1685 3741 1851 3814 μεγά-

266 3835 373 3887 λου
410 3830 546 3885 Θεοῦ
572 3832 663 3885 καὶ
689 3832 938 3903 Σωτῆρος
972 3831 1127 3903 ἡμῶν
1159 3831 1336 3902 Ἰησοῦ
1366 3831 1599 3904 Χριστοῦ
1618 3849 1633 3865 ο
1672 3850 1689 3885 ι
1729 3821 1855 3897 καὶ,⁸

271 3948 293 3977 ι
348 3922 444 3987 Ἐξ
474 3919 551 3976 ῶν
573 3924 602 3976 ὁ
623 3923 868 3994 Χριστὸς,
904 3924 965 3978 τὸ
986 3923 1126 3978 κατὰ
1152 3923 1351 3994 σάρκα,
1372 3925 1401 3976 6
1421 3922 1497 3978 ῶν
1521 3925 1612 3977 ἐπὶ
1633 3924 1848 3979 πάντων

266 4017 433 4080 Θεὸς,
469 4016 752 4087 εὐλογητὸς
778 4019 857 4082 είς
895 4017 1021 4080 τοὺς
1045 4017 1246 4081 αἰῶνας
1263 4032 1278 4047 ·
1304 4035 1323 4068 ι
1365 4015 1537 4071 ταῦτα
1559 4013 1652 4072 οὖν
1675 4016 1849 4086 λέγων

272 4127 378 4163 που
401 4149 418 4171 ,
456 4107 697 4162 παιδεύει
720 4108 809 4162 διὰ
845 4107 954 4163 τῶν
994 4107 1301 4180 λεγομένων
1331 4110 1497 4180 ἡμᾶς,
1538 4109 1621 4164 ὅτι
1658 4109 1745 4163 ἀεὶ
1773 4108 1850 4162 ὢν

271 4200 410 4269 ὅπερ
454 4199 603 4253 ἐστὶν
648 4200 797 4269 (ἔστι
836 4199 892 4253 δὲ
936 4201 1130 4264 ἐκεῖνο,
1180 4200 1317 4270 ὅπερ
1365 4200 1394 4253 6
1438 4199 1513 4253 ῶν
1564 4200 1850 4254 ἐπίσταται

2024 3465 2097 3519 At
2144 3481 2272 3521 vero
2324 3478 2449 3519 cum
2493 3462 2586 3519 Dei
2641 3463 2934 3521 invisibilis
2993 3464 3284 3537 imaginem
3321 3466 3524 3526 Paulus

1952 3556 2230 3612 Christum
2263 3556 2499 3627 appellat
2524 3555 2592 3619 “,
2644 3562 2699 3611 et
2727 3557 2781 3611 in
2815 3556 3071 3612 omnibus
3105 3556 3273 3613 Deum
3318 3568 3372 3614 et
3406 3575 3524 3614 ina-

1953 3664 2120 3720 gnum
2146 3647 2315 3704 Deum
2340 3648 2359 3718 (
2387 3647 2475 3703 his
2498 3646 2643 3703 enim
2668 3648 2892 3704 vocibus
2929 3649 3043 3703 veri
3069 3648 3279 3704 Domini
3312 3653 3525 3722 magni-

1945 3740 2191 3796 tudinem
2247 3739 2544 3811 praedicat,
2583 3755 2602 3790 ι
2640 3738 2838 3811 Magni,
2879 3758 2898 3793 ι
2932 3741 3203 3808 inquiens,
3241 3755 3260 3795 ι
3299 3743 3432 3808 Dei,
3469 3749 3525 3798 et

1951 3831 2250 3888 Salvatoris
2295 3831 2471 3886 nostri
2517 3829 2645 3886 Jesu
2679 3830 2891 3897 Christi,
2916 3832 3002 3900 u;
3042 3853 3062 3886 ι
3094 3841 3170 3898 et,
3206 3850 3225 3886 ι
3263 3835 3343 3890 Ex
3394 3836 3523 3905 qui;

1949 3923 2054 3981 hns
2139 3923 2395 3979 Christus
2459 3922 2759 3978 secundum
2834 3937 3097 3991 carnem,
3153 3926 3247 3996 qui
3312 3934 3397 3982 est
3466 3929 3521 3982 in

1950 4015 2208 4071 omnibus
2273 4013 2418 4069 Deus
2472 4012 2794 4069 benedictus
2853 4014 2905 4068 in
2966 4017 3163 4071 saecula
3185 4020 3233 4050 ιι
3270 4036 3288 4070 ι
3326 4022 3379 4086 ),
3425 4026 3524 4074 nos

1951 4107 2131 4168 docet,
2179 4120 2305 4172 eum
2383 4116 2598 4173 semper
2647 4116 2810 4166 esse,
2852 4105 2943 4171 qui
3006 4114 3109 4160 est.
3162 4106 3255 4161 Est
3339 4114 3520 4161 autem

1951 4198 2043 4253 ille
2073 4197 2266 4266 major,
2299 4209 2461 4264 quam
2517 4200 2576 4245 ut
2605 4192 2844 4247 humana
2896 4203 3078 4251 mente
3132 4196 3520 4265 comprehendi

279 4290 438 4354 μόνος
458 4293 501 4360 ),
549 4290 649 4360 τῆς
694 4290 754 4345 δὲ
791 4291 1136 4363 ἀνθρωπίνης
1178 4291 1567 4363 καταλήψεως,
1610 4292 1716 4346 κᾶν
1762 4292 1849 4347 dial.

1956 4288 2164 4360 possit,
2226 4285 2273 4342 si
2322 4300 2508 4339 secum
2559 4285 2676 4357 ipse
2735 4296 3015 4349 versetur,
3064 4300 3158 4357 per
3204 4285 3518 4343 felicitatem

270 4382 424 4454 αὐτῷ
452 4383 540 4438 διὰ
572 4383 858 4454 προκοπῆς
897 4382 1230 4455 προσεγγίζῃ
1274 4386 1304 4437 6
1346 4384 1415 4437 τὰ
1461 4384 1574 4438 ἀνω
1610 4383 1844 4456 φρονῶν,

272 4473 505 4527 πάντοτε
538 4473 617 4545 τῷ
647 4476 747 4544 ῐσῳ
777 4475 960 4545 μέτρῳ
986 4476 1446 4546 ύπερανέστηκεν.
1473 4467 1643 4539 Οὗτος
1672 4474 1850 4529 τοίνυν

272 4563 601 4634 ὑπερέκεινα
644 4565 825 4635 πάσης
864 4563 1118 4633 γνώσεώς
1156 4582 1215 4619 τε
1254 4567 1349 4620 καὶ
1399 4566 1775 4638 καταλήψεώς.
1821 4568 1851 4620 6

270 4656 551 4725 ἀφραστός
585 4672 644 4709 τε
679 4658 774 4709 καὶ
809 4656 1168 4728 ἀνεκλάλητος
1201 4657 1296 4711 καὶ
1331 4657 1641 4728 ἀδιήγητος,
1676 4659 1762 4711 ἵνα
1790 4674 1851 4712 σε

272 4752 479 4817 ποιήσῃ
502 4746 662 4801 πάλιν
699 4745 885 4802 εἰκόνα
921 4746 1077 4806 Θεοῦ.
1108 4748 1202 4800 καὶ
1230 4747 1392 4812 αὐτὸς
1422 4749 1526 4802 ὑπὸ
1547 4748 1849 4819 φιλανθρω‹

272 4837 403 4899 πίας
441 4837 660 4906 ἐγένετο
686 4837 850 4893 εἰκὼν
878 4838 971 4892 τοῦ
1004 4838 1139 4893 Θεοῦ
1174 4838 1268 4893 τοῦ
1306 4838 1540 4911 ἀοράτου
1560 4855 1574 4870 ο
1614 4837 1752 4890 ῶστε
1781 4842 1847 4909 τῇ

276 4929 385 5000 ἰδία
410 4933 615 5001 μορφῇ,
638 4931 706 5001 ἢν
737 4930 1016 4994 ἀνέλαϐεν,
1054 4932 1113 4985 ὲν
1136 4932 1217 4984 σοὶ
1253 4929 1623 5003 μορφωθῆναι,
1661 4930 1755 4983 καὶ
1788 4930 1849 4982 σὲ

271 5021 437 5075 πάλιν
472 5023 538 5076 δι’
575 5024 767 5077 ἑαυτοῦ
801 5024 935 5096 πρὸς
958 5023 1050 5077 τὸν
1071 5025 1392 5095 χαρακτῆρα
1420 5022 1512 5076 τοῦ
1542 5019 1848 5092 ἀρχετύπου

273 5114 781 5185 συσχηματισθῆναι
824 5115 1086 5177 κάλλους,
1133 5116 1213 5177 είς
1266 5114 1328 5167 τὸ
1392 5100 1673 5182 γενέσθαι,
1714 5112 1850 5183 ὅπερ

266 5200 338 5275 ἧς
366 5203 427 5269 ἐξ
458 5206 647 5277 ἀρῇς.
677 5205 885 5259 Οὐκοῦν
908 5207 959 5259 εί
992 5204 1275 5276 μέλλοιμεν
1309 5203 1663 5273 γίνεσθαικαὶ
1690 5204 1850 5274 ἡμεῖς

267 5297 436 5349 εἰκὼν
476 5296 572 5350 τοῦ
629 5297 765 5350 Θεοῦ
809 5296 904 5351 τοῦ
948 5297 1219 5369 ἀοράτου,
1264 5296 1398 5365 πρὸς
1433 5297 1494 5350 τὸ
1533 5295 1848 5366 ἐκκείμενον

236 5390 403 5459 ,ἡμῖν
432 5386 528 5440 τοῦ
562 5386 677 5457 βίου
712 5388 1017 5458 ὑπόδειγμα
1061 5386 1360 5440 τυποῦσθαι
1393 5388 1536 5457 ζωῆς
1584 5386 1849 5458 προσήκει

262 5479 366 5551 τῆς
397 5477 559 5549 ημῶν
584 5479 646 5532 τὸ
672 5474 807 5544 εἶδος
826 5496 840 5510 ·
873 5479 1031 5534 τοῦτο
1066 5479 1124 5534 δέ
1158 5481 1274 5533 ἐστι
1305 5478 1390 5545 τίς
1416 5477 1477 5532 τὺ
1523 5479 1687 5550 σαρκὶ
1718 5477 1851 5541 ζῶν-

362 5677 449 5751 ται
486 5679 616 5735 (Ζοτὲ
636 5694 726 5751 ιιι,
762 5680 844 5751 to,
923 5679 968 5711 ³⁸
990 5680 1186 5751 Ephes.
1219 5696 1277 5749 ιι,
1308 5681 1400 5739 90.
1476 5681 1519 5713 ³⁷
1552 5679 1684 5736 Luc.
1719 5696 1810 5746 xx,
1852 5679 1935 5734 i7.

267 5751 311 5783 υ
338 5740 447 5803 1'4.
484 5766 543 5816 ιι,
584 5750 666 5803 15.
711 5740 785 5781 ’δ’
809 5750 963 5805 “om.
998 5740 1072 5820 ιί.
1097 5753 1150 5810 5a

1953 4379 2198 4436 caelestia
2238 4378 2524 4441 sentiens,
2582 4387 2637 4433 et
2694 4378 2958 4449 aequalem
3020 4376 3260 4447 undique
3303 4394 3521 4434 mensu-

1951 4485 2091 4525 ram.
2157 4468 2256 4523 Hic
2300 4468 2466 4539 igitur
2542 4469 2701 4541 longe
2768 4468 3165 4540 prastantior,
3226 4484 3388 4539 quam
3464 4474 3524 4524 ut

1952 4561 2190 4641 hum‘apa
2251 4560 2567 4630 cognitione
2622 4560 3138 4632 comprehendatur,
3194 4560 3287 4632 qui
3353 4562 3522 4617 nullis

1950 4622 2153 4720 verbis,
2220 4654 2369 4709 nulla
2417 4655 2685 4725 oratione,
2731 4658 2883 4711 nulla
2931 4659 2985 4714 vi
3029 4658 3175 4725 dici,
3231 4659 3519 4725 enarrari,

1950 4744 2288 4799 declararive
2330 4751 2548 4814 potest,
2603 4754 2665 4799 ut
2709 4754 2761 4801 te
2807 4762 3035 4816 prorsus
3084 4747 3287 4803 faceret
3336 4748 3525 4820 imagi-

1951 4850 2075 4889 nem
2123 4833 2266 4899 Dei,
2309 4836 2428 4906 ipse
2466 4852 2566 4907 pro
2606 4852 2707 4892 sua
2754 4853 2880 4909 erga
2953 4839 3226 4895 hominem
3285 4839 3522 4897 benevo-

1953 4926 2119 4980 lentia
2170 4924 2348 4981 factus
2391 4934 2479 4983 est
2529 4928 2709 4999 imago
2768 4926 2861 4982 Dei
2895 4929 3206 4994 invisibilis,
3254 4929 3357 4985 hoc
3416 4940 3522 4992 est.

1952 5017 2022 5072 ad
2083 5016 2336 5072 humana:
2391 5025 2606 5072 natura!
2660 5033 2972 5074 mensuram
3027 5036 3148 5077 sese
3190 5021 3428 5084 demisit,
3462 5031 3524 5078 ut

1952 5125 2055 5164 nos
2103 5109 2169 5163 ad
2204 5108 2510 5165 divinitatis
2543 5125 2856 5165 mensuram
2888 5112 3236 5167 extollamur.
3269 5113 3343 5167 Ea
3375 5115 3521 5168 enim

1955 5199 2123 5255 fuerit
2180 5201 2480 5270 negotiatio
2542 5201 2662 5255 Filii
2716 5201 2854 5269 Dei,
2908 5211 2968 5257 ut
3028 5207 3247 5275 propria
3306 5206 3520 5271 forma,

1950 5308 2112 5362 quam
2143 5292 2394 5361 sumpsit,
2426 5291 2649 5347 eiTectus
2680 5294 2844 5349 homo
2866 5336 2881 5360 ,
2915 5311 2975 5351 se
3005 5312 3196 5351 rursus
3246 5297 3311 5351 ad
3342 5312 3525 5351 exeru-

1949 5383 2119 5454 plaris
2157 5382 2579 5452 pulchritudinis
2621 5383 2844 5453 figuram
2879 5384 3171 5456 eﬂingeret,
3201 5394 3257 5439 ut
3286 5397 3431 5442 esset
3471 5385 3523 5440 id

1951 5474 2096 5545 quod
2155 5473 2311 5530 initio
2350 5471 2552 5531 fuerat.
2609 5473 2844 5531 Proinde
2906 5487 2966 5531 ut
3012 5492 3115 5534 nos
3179 5478 3310 5534 item
3354 5478 3526 5535 simus

2044 5681 2086 5715 ³⁸
2153 5679 2280 5737 Cor.
2313 5695 2353 5748 ι,
2388 5680 2469 5767 7..
2516 5679 2560 5716 ³⁹
2592 5677 2712 5734 Gal.
2746 5693 2828 5750 ιιι,
2860 5680 2893 5736 5
2920 5694 3041 5750 sqq.
3138 5681 3182 5712 *θ
3202 5679 3322 5738 Col.
3356 5695 3394 5745 ι,
3430 5668 3523 5746 ιὸρ
3578 5694 3585 5709 ι
