3896 6208
490 344 604 426 ιιι

1757 361 1815 417 S.
1856 358 2180 417 GllEGORll
2218 359 2512 418 NYSSENI

3640 367 3752 423 27‘!

498 481 682 551 imago
719 478 1009 535 invisibilis
1052 477 1181 544 Dei,
1213 477 1278 532 ad
1312 476 1653 546 propositum
1678 476 1835 531 trabis
1881 492 2054 532 exeni-

2167 496 2286 542 τας,
2338 479 2412 549 μὴ
2461 477 2599 531 κατὰ
2644 478 2820 549 σάρκα
2867 478 2985 551 ζῇν.
3029 478 3138 533 Καὶ
3170 480 3278 551 γὰρ
3323 481 3351 549 ἡ
3394 479 3750 551 πρωτότυπος

491 573 613 643 plar
647 572 772 627 vita:
801 579 989 626 nostra
1017 570 1231 626 vivendi
1274 572 1415 625 ratio
1460 568 1809 640 exprimenda
1837 576 1920 624 est
1952 587 1965 621 :
2002 584 2066 623 eo

493 663 746 718 nimirum
772 670 955 732 pacto,
990 672 1051 717 ut
1079 662 1133 716 in
1168 676 1333 717 carne
1373 661 1634 723 viventes,
1667 659 1885 714 minime
1914 660 2065 713 viva-

492 768 614 809 mus
650 753 950 807 secundum
984 753 1281 815 carnem“,
1312 752 1576 823 siquidem
1607 758 1659 805 et
1689 751 1943 820 princeps
1973 750 2065 803 illa

490 842 582 899 Dei
622 844 912 900 invisibilis
944 843 1139 913 imago,
1166 859 1286 914 qua:
1311 843 1377 897 ad
1407 858 1506 897 nos
1542 856 1637 911 per
1666 840 1940 910 Virginem
1971 857 2065 909 ap-

492 937 896 1007 propinquavit,
931 952 1025 1006 per
1068 936 1249 990 omnia
1281 935 1348 990 ad
1386 935 1638 989 humanae
1668 941 1876 988 natum
1914 934 2064 987 simi-

494 1027 774 1082 litudinem
822 1036 1047 1081 eatenus
1077 1011 1297 1081 'tentata
1349 1032 1453 1088 est,
1502 1030 1561 1076 ut
1601 1023 1807 1078 nullum
1859 1022 2063 1092 peccati

491 1118 920 1187 experimentum
965 1118 1286 1188 susceperit.
1338 1136 1356 1168 ί
1395 1116 1494 1182 Qui
1534 1125 1810 1186 peccatum
1846 1129 1953 1168 non
1987 1113 2064 1167 fe-

490 1208 587 1271 cit,
621 1222 720 1264 nec
749 1210 1000 1265 inventus
1033 1216 1117 1263 est
1157 1208 1315 1264 dolus
1355 1208 1408 1262 in
1445 1223 1539 1262 ore
1576 1206 1779 1275 ejus“.
1811 1225 1829 1257 ι
1863 1205 2063 1271 Quem-

490 1299 780 1353 admodum
815 1301 977 1370 igitur
1010 1300 1053 1354 si
1085 1300 1338 1370 pingendi
1370 1308 1539 1354 artem
1570 1297 1925 1359 disceremus,
1951 1312 2065 1351 ma-

412 1435 417 1439 .
486 1388 657 1458 gister
682 1388 917 1458 aliquam
948 1390 1103 1443 nobis
1134 1389 1494 1457 pulcherrime
1525 1388 1791 1458 depictam
1831 1385 2060 1440 formam

490 1479 540 1530 in
566 1479 749 1532 tabula
788 1487 1133 1548 proponeret,
1163 1480 1321 1550 cujus
1349 1496 1399 1535 ιιι
1431 1495 1529 1534 sua
1555 1495 1822 1550 quemque
1849 1479 2061 1549 pictura

484 1580 756 1640 eporterct
785 1571 1245 1640 pulchritudinem
1273 1572 1494 1632 inutari.
1518 1581 1576 1625 ttt
1604 1571 1845 1626 omnium
1869 1568 2062 1631 tabulae

483 1662 550 1715 ad
590 1672 924 1732 propostum
976 1662 1720 1740 pulchritudinisexemplar
1754 1661 2063 1731 expoliren-

482 1761 607 1807 tur:
632 1753 734 1817 sic,
757 1754 1012 1823 quoniam
1048 1770 1162 1810 sua:
1186 1757 1417 1825 quisque
1447 1756 1569 1808 vita:
1608 1754 1780 1823 pictor
1816 1752 2057 1816 exsistit,

2168 570 2346 641 ἐκείνη
2379 568 2470 622 τοῦ
2506 571 2735 642 ἀοράτου
2768 570 2901 623 Θεοῦ
2933 570 3114 637 εἰκὼν,
3163 573 3195 641 ἡ
3224 571 3313 624 διὰ
3349 570 3446 642 τῆς
3471 570 3750 642 Παρθένου

2119 672 2129 681 ·
2167 658 2567 730 ὲπιδημήσασα,
2598 660 2862 732 ἐπειράθη
2890 662 2987 731 μὲν
3012 660 3154 717 κατὰ
3179 661 3360 716 πάντα
3378 703 3392 726 ,
3421 662 3541 716 καθ’
3569 663 3753 731 ὁμοιό-

2165 766 2301 820 τητα
2321 749 2420 820 τῆς
2443 750 2787 821 ἀνθρωπίνης
2811 752 3044 820 φύσεως,
3071 754 3238 824 μόνης
3268 753 3310 806 δ’
3331 753 3390 805 ού
3420 752 3753 824 παρεδέξατο

2164 840 2264 910 τῆς
2302 841 2573 911 ἁμαρτίας
2613 842 2710 912 τὴν
2755 846 2967 909 πεῖραν.
3003 846 3136 907 (⁸·ος
3180 843 3446 914 ἁμαρτίαν
3487 844 3596 914 γὰρ
3651 845 3753 895 ούκ

2166 933 2409 1002 ἐποίησε,
2441 952 2459 985 ι
2494 934 2677 1002 φησὶν,
2719 954 2736 985 ι
2765 934 2872 988 οὐδ’
2892 934 3091 1005 εὑρέθη
3127 934 3277 999 δόλος
3308 936 3367 988 ὲν
3399 934 3476 1005 τῷ
3517 935 3753 1003 στόματι

2165 1023 2349 1078 αὑτοῦ.
2376 1044 2394 1076 ι
2415 1026 2621 1096 Ὥσπερ
2662 1027 2861 1090 τοίνυν,
2885 1029 2933 1079 εί
2966 1026 3060 1098 τὴν
3088 1026 3441 1097 ζωγραφικὴν
3465 1027 3755 1079 ἐπαιδευό-

2168 1114 2306 1185 μεΟα
2333 1116 2550 1187 τέχνην,
2587 1118 2874 1187 προθέντος
2908 1120 3041 1188 ἡμῖν
3077 1118 3168 1171 τοῦ
3204 1118 3523 1171 διδασκάλου
3545 1118 3751 1171 κεκοιλ-

2164 1205 2512 1277 λωπισμένην
2530 1208 2650 1261 τινὰ
2674 1212 2886 1280 μορφὴν
2911 1210 3000 1261 ἐπὶ
3030 1210 3253 1272 πίνακος
3271 1226 3284 1239 ’
3315 1210 3420 1262 ἔδει
3448 1209 3659 1272 πάντως
3688 1210 3751 1261 τὸ

2163 1298 2257 1351 ἀπ’
2286 1298 2497 1369 ἐκείνης
2528 1298 2721 1361 κάλλος
2751 1299 2845 1351 ἐπὶ
2873 1300 2970 1371 τῆς
3005 1300 3137 1363 ἰδίας
3169 1300 3396 1354 ἕκαστον
3425 1301 3751 1371 ζωγραφίας

2167 1390 2531 1460 μιμήσασθαι,
2563 1390 2703 1444 ὥστε
2737 1393 2861 1454 τοὺς
2886 1393 3099 1447 πάντων
3129 1393 3363 1455 πίνακας
3389 1391 3528 1446 κατὰ
3553 1392 3612 1445 τὸ
3646 1394 3750 1446 ὲκ-

2164 1482 2415 1552 κείμενον
2436 1482 2527 1536 τοῦ
2549 1483 2770 1547 κάλλους
2791 1482 3090 1555 ὑπόδειγμα
3110 1483 3575 1555 καλλωπισθῆνάιθ
3597 1484 3750 1537 κατά

2161 1571 2251 1625 τὸν
2304 1574 2465 1629 αὐτὸν
2509 1576 2705 1645 τρόπον
2729 1615 2743 1641 ,
2786 1553 2971 1647 ἐπειδὴ
3018 1553 3120 1645 τῆς
3172 1575 3305 1638 ιδίας
3353 1553 3580 1638 ἕκαστός
3624 1575 3749 1629 ἐστι

2122 1736 2124 1738 τ
2163 1662 2309 1731 ζωῆς
2362 1662 2669 1735 ζωγράφος,
2697 1668 2929 1734 τεχνῖτις
2973 1665 3029 1718 δὲ
3068 1666 3166 1736 τῆς
3207 1665 3562 1735 δημιουργίας
3604 1666 3749 1718 ταύ-

2160 1770 2259 1824 της
2298 1754 2442 1808 ἐστὶν
2473 1757 2506 1826 ἠ
2548 1756 2882 1827 προαίρεσις,
2928 1754 3192 1826 χρώματα
3231 1757 3286 1809 δὲ
3322 1757 3457 1827 πρὸς
3502 1757 3599 1829 τὴν
3630 1759 3748 1810 άπε-

483 1843 677 1898 artifex
710 1853 888 1899 autem
933 1843 1160 1913 hujusce
1202 1846 1381 1914 operis
1422 1846 1674 1899 voluntas
1712 1851 1817 1909 est,
1851 1844 2054 1898 colores

2162 1847 2422 1918 εργασίαν
2453 1848 2552 1919 τῆς
2586 1849 2870 1912 είκόνοςάί
2904 1849 3092 1919 ἀρεταί
3114 1865 3127 1877 ·
3162 1850 3401 1912 κίνδυνος
3428 1851 3487 1902 οὐ
3519 1851 3744 1920 μικρὸς,

484 1947 612 1987 vero
637 1932 706 1987 ad
757 1933 1163 2003 exprimendam
1197 1934 1485 2005 imaginem
1521 1935 1750 1989 virtutes
1777 1941 1925 2001 sunt,
1950 1948 2060 1987 non

2116 2008 2126 2017 .
2165 1935 2535 2008 μεταχαράξαι
2569 1936 2662 1990 τοῦ
2697 1938 3052 2012 πρωτοτύπου
3092 1940 3319 2004 κάλλους
3362 1942 3457 2012 τὴν
3506 1944 3749 2013 μίμησιν

484 2024 760 2080 mediocre
789 2025 1089 2094 periculum
1127 2033 1233 2090 est,
1261 2042 1327 2081 ne
1360 2042 1388 2080 a
1432 2026 1854 2097 pulchritudinis
1888 2041 2054 2081 exem-

2159 2028 2220 2091 είς
2242 2030 2475 2100 εἰδεχθές
2499 2046 2550 2082 τι
2580 2030 2674 2083 καὶ
2698 2031 2943 2100 ἄμορφον
2988 2035 3326 2103 προσωπεῖον
3345 2072 3360 2097 ,
3390 2033 3475 2086 διὰ
3502 2033 3608 2085 τῶν
3638 2039 3746 2104 ῥυ-

482 2114 618 2183 plari
669 2114 737 2169 ad
779 2124 987 2185 turpem
1036 2130 1100 2170 ac
1139 2115 1433 2172 deformem
1488 2117 1722 2188 aliquam
1776 2130 2060 2186 personam

482 2203 697 2260 recedat
727 2205 980 2270 imitatio,
1007 2212 1060 2260 et
1093 2220 1191 2276 pro
1223 2204 1436 2261 Domini
1477 2206 1648 2261 forma
1683 2205 1908 2276 elligiem
1942 2203 2061 2258 vitii

480 2294 719 2352 sordidis
769 2297 1044 2353 coloribus
1082 2297 1491 2354 adumbremus.
1521 2296 1707 2369 Itaque
1746 2311 1843 2368 pro
1876 2304 2060 2352 nostra

480 2386 621 2443 virili
672 2387 828 2442 nobis
856 2388 1172 2444 enitendum
1204 2396 1310 2455 est,
1336 2397 1395 2444 ut
1416 2389 1678 2444 virtutum
1704 2390 1917 2446 colores
1939 2389 2061 2459 puri

479 2479 611 2543 sint,
634 2487 689 2535 et
708 2479 945 2536 scienter
973 2479 1254 2551 periteque
1285 2482 1349 2537 ad
1372 2482 1745 2552 excipiendam
1774 2481 2059 2551 imaginem

477 2570 957 2633 commisceantur.
990 2579 1050 2626 ut
1083 2572 1336 2644 imaginis
1369 2573 1546 2644 imago
1573 2574 1766 2638 simus,
1798 2581 1852 2629 et
1881 2572 2059 2640 quoad

477 2659 597 2732 ejus
630 2661 744 2717 ﬁeri
781 2670 980 2733 potest,
1026 2663 1330 2719 imitatiOne
1372 2666 1660 2734 perspicua
1699 2664 2061 2734 pulchritudi-

477 2753 564 2809 nis
599 2754 908 2824 exemplum
948 2755 1341 2824 exprimamus,
1367 2764 1427 2809 ut
1462 2756 1694 2810 faciebat
1720 2754 1942 2821 Paulus,
1967 2754 2058 2824 qui

477 2857 543 2897 ex
570 2843 770 2898 virtute
797 2844 961 2898 vitam
986 2844 1299 2911 instituens,
1323 2844 1528 2900 Christi
1558 2846 1799 2901 imitator
1820 2846 1921 2901 fuit
1940 2847 2005 2899 ι’.
2035 2865 2054 2897 ι

478 2932 636 3000 Quod
663 2934 708 2989 si
740 2934 941 2990 clarius
975 2950 1037 2992 ea
1079 2937 1353 3007 sigillatim
1387 2936 1635 2991 oratione
1682 2939 1933 3007 persequi
1964 2953 2059 2993 vo-

477 3026 680 3091 lumus,
709 3026 909 3095 quibus
956 3027 1217 3082 imitando
1262 3027 1552 3098 imaginem
1582 3036 2055 3096 repracsentamus,

478 3129 619 3170 unus
670 3115 821 3169 color
874 3123 958 3171 est
1007 3115 1306 3173 humilitas.
1369 3134 1390 3169 ι
1429 3116 1651 3181 Discite,
1687 3135 1707 3169 ι
1742 3117 1937 3187 inquit,
1977 3138 1996 3170 ε
2027 3134 2057 3173 a

476 3219 581 3272 me,
616 3206 743 3276 quia
774 3207 921 3263 mitis
948 3221 1069 3262 sum
1094 3215 1149 3264 et
1175 3208 1395 3272 humilis
1428 3207 1593 3264 corde
1616 3208 1662 3240 “
1694 3227 1709 3263 :
1745 3227 1763 3262 ι
1807 3209 1945 3264 alter
1968 3218 2053 3265 est

475 3297 753 3367 patientia,
785 3315 904 3370 qua:
931 3307 1077 3370 quot,
1091 3300 1270 3356 modis
1302 3302 1355 3356 in
1386 3300 1619 3372 imagine
1644 3301 1933 3358 invisibilis
1959 3301 2053 3357 Dei

475 3390 857 3460 conspicitur?
882 3392 976 3446 ubi
1029 3392 1215 3463 gladii,
1251 3402 1304 3446 et
1344 3392 1536 3457 fustes,
1578 3403 1633 3448 et
1667 3395 1904 3459 vincula,
1932 3410 2054 3449 ver-

475 3481 623 3549 bera,
656 3483 827 3552 alapis
872 3485 1104 3540 maxillae
1128 3501 1432 3555 percussae,
1468 3485 1637 3543 facies
1660 3490 1835 3558 sputis
1862 3488 2050 3553 oblita,

473 3570 685 3626 humeri
739 3572 1058 3631 verberibus
1104 3574 1313 3639 traditi,
1343 3575 1607 3645 judicium
1643 3578 1890 3648 impium,
1927 3594 2054 3635 cru-

472 3663 608 3720 delis
639 3665 931 3731 sententia,
976 3667 1178 3724 milites
1209 3668 1751 3737 subsannationibus,
1784 3671 2051 3726 irrisioni-

448 3746 598 3820 ‘bus,
629 3758 975 3815 contumeliis
1003 3768 1057 3814 et
1094 3760 1286 3814 calami
1313 3761 1756 3831 percussionibus
1787 3762 2051 3818 immitem

472 3847 795 3913 sententiam
832 3864 930 3919 per
971 3849 1192 3907 delicias
1225 3853 1635 3917 exacerbantes,
1665 3854 1824 3917 clavi,
1856 3861 1909 3909 et
1954 3854 2047 3921 fel,

471 3942 528 3991 tt
564 3944 801 4005 acetum,
839 3946 891 3992 et
938 3939 1262 4009 gravissima
1298 3956 1527 4011 quasque
1576 3941 1680 4012 ipsi
1734 3943 1853 3997 sine
1884 3955 2050 3997 causa

472 4024 640 4091 illata,
673 4025 782 4081 imo
815 4043 944 4083 vero
974 4043 1074 4099 pro
1108 4029 1598 4086 innumerabilibus
1626 4031 1904 4087 beneficiis
1933 4030 2050 4086 red-

472 4112 582 4168 dita
613 4130 626 4168 :
656 4121 785 4170 tunc
818 4116 908 4171 ille
937 4132 1050 4188 quo
1078 4122 1239 4173 modo
1272 4120 1377 4176 ista
1408 4129 1684 4190 patrantes
1737 4121 1883 4176 ultus
1927 4121 2050 4176 est?

477 4224 497 4262 ι
521 4207 700 4274 Pater,
733 4228 750 4262 ι
796 4208 993 4281 inquit,
1027 4230 1045 4265 ι
1075 4212 1299 4285 ignosce
1333 4214 1460 4281 illis,
1483 4215 1610 4285 quia
1639 4217 1888 4271 nesciunt
1916 4216 2047 4288 quid

470 4295 681 4352 faciunt
702 4296 769 4353 ⁸⁷.
802 4318 820 4351 ι
852 4298 1043 4358 Nonne
1091 4313 1302 4373 poterat
1330 4313 1521 4361 contra
1556 4321 1651 4362 eos
1679 4309 1932 4377 superius
1962 4307 2047 4362 vel

470 4389 667 4443 cmlum
707 4391 1060 4465 perfringere,
1099 4398 1183 4452 vel
1239 4399 1389 4467 ipsos
1440 4408 1601 4454 terra:
1650 4400 1891 4455 hiatibus
1922 4401 2047 4455 abo-

469 4478 604 4547 lere,
639 4483 721 4538 vel
769 4482 1046 4542 dimovere
1082 4504 1151 4544 ex
1198 4490 1430 4561 pr0priis
1478 4492 1726 4545 terminis
1778 4508 1961 4557 mare,
1991 4500 2044 4548 et

469 4574 819 4644 voraginibus
879 4587 1077 4632 terram
1106 4580 1473 4649 submergere,
1508 4584 1593 4636 vel
1647 4582 2040 4638 Sodomiticum

472 4663 612 4734 ignis
650 4665 876 4722 imbrem
926 4666 1211 4725 demittere
1261 4672 1423 4726 unico
1460 4673 1658 4739 .verbo,
1699 4675 1782 4730 vel
1819 4675 2041 4745 aliquod

470 4754 615 4812 aliud
647 4758 903 4814 acerbum
936 4761 1257 4831 supplicium
1287 4763 1572 4835 irrogare?

537 4936 791 4992 Attamen
856 4939 969 4995 haec
1038 4941 1221 4996 omnia
1279 4944 1394 4999 miti
1459 4945 1794 5017 patientique
1858 4950 2040 5004 animo

471 5028 711 5097 pertulit,
745 5032 974 5102 vitaeque
1002 5044 1106 5089 tuae
1151 5051 1246 5106 pcr
1288 5037 1528 5108 seipsum
1572 5039 1720 5111 leges
1765 5042 2042 5111 patientiae

470 5118 641 5175 dedit.
682 5120 775 5176 Sic
803 5124 908 5177 alia
939 5129 1129 5181 omnia
1172 5131 1224 5182 in
1254 5130 1500 5200 principe
1522 5130 1614 5186 Dei
1649 5133 1886 5203 imagine
1916 5133 2043 5189 licet

467 5211 697 5277 intueri,
733 5213 800 5268 ad
830 5231 992 5285 quam
1031 5219 1125 5289 qui
1155 5221 1396 5291 respicit,
1427 5232 1480 5276 et
1524 5223 1589 5277 ad
1624 5222 1745 5293 ejus
1785 5225 2045 5279 similitu-

469 5302 650 5358 dinem
715 5304 949 5362 formam
1005 5319 1237 5364 exornat
1292 5328 1469 5378 suam,
1518 5313 1634 5384 ipse
1689 5329 1908 5389 quoque
1984 5316 2043 5368 fit

469 5396 643 5469 imago
686 5397 777 5454 Dei
852 5400 1146 5458 invisibilis
1196 5419 1294 5475 per
1354 5407 1701 5462 tolerantiam
1751 5423 2038 5478 expressa.

468 5486 788 5555 Qui’autem
819 5491 1082 5551 Ecclesiae
1115 5505 1281 5567 caput
1315 5497 1595 5555 Christum
1621 5515 1745 5556 esse
1766 5499 1959 5555 didicit
1979 5501 2049 5567 ⁸⁸,

422 5728 429 5739 .
533 5683 753 5767 iliom.
788 5710 900 5757 vin,
940 5695 999 5748 l‘2
1019 5713 1138 5767 sqq.

462 5767 516 5812 τ.
536 5751 626 5809 25.

2161 2121 2352 2191 παρῶν
2395 2120 2721 2192 χρωμάτων,
2767 2122 2889 2176 ἀντὶ
2929 2122 3022 2176 τοῦ
3070 2122 3396 2177 Δεσποτικοῦ
3437 2124 3605 2188 εἴδους
3644 2125 3746 2178 τὸν

2161 2217 2259 2287 τῆς
2287 2216 2483 2279 κακίας
2533 2217 2852 2289 χαρακτῆρα
2887 2221 3413 2291 σκιογραφήσαντας.
3459 2221 3617 2274 Ἀλλὰ
3657 2223 3744 2287 ὡς

2161 2304 2276 2358 ἐστι
2327 2305 2585 2369 δυνατὸν,
2646 2306 2861 2378 καθαρά
2912 2308 3020 2361 τῶν
3069 2310 3275 2381 ἀρετῶν
3326 2310 3394 2363 τά
3451 2310 3741 2382 χρώματα,

2161 2399 2304 2454 κατά
2345 2418 2468 2454 τινα
2513 2401 2762 2471 τεχνικὴν
2802 2400 2946 2472 μίξιν
2992 2403 3128 2474 πρὸς
3176 2402 3380 2474 ἄλληλα
3425 2422 3738 2477 συγκεκροτ-

2165 2491 2320 2561 μξνα,
2360 2490 2494 2560 πρὸς
2537 2490 2636 2561 τὴν
2686 2489 2779 2543 τοῦ
2830 2490 3061 2554 κάλλους
3112 2492 3340 2563 μίμησιν
3375 2493 3744 2564 παραλαμϐἀο

2161 2601 2294 2649 νειν,
2347 2582 2487 2637 ὥστε
2533 2583 2784 2651 γενέσθαι
2820 2584 2967 2654 ἡμᾶς
3012 2583 3111 2652 τῆς
3162 2584 3371 2646 εἰκόνος
3419 2584 3616 2651 εἰκόνα,
3663 2586 3742 2639 δι’

2161 2675 2415 2747 ἐνεργοῦς
2459 2676 2532 2737 ὡς
2578 2670 2688 2728 οἷόν
2737 2691 2808 2728 τε.
2849 2677 3131 2745 μιμήσεως
3187 2675 3596 2747 ἑκμαξαμένους
3672 2680 3743 2731 τὸ

2162 2757 2514 2834 πρωτότυπον
2563 2763 2775 2827 κάλλος,
2813 2764 2888 2826 ὡς
2926 2764 3162 2816 ὲποίειό
3211 2764 3435 2830 Παῦλος,
3491 2767 3739 2839 μιμητὴς

2162 2855 2258 2908 τοῦ
2310 2853 2547 2926 Χριστοῦ
2597 2855 2683 2908 διὰ
2729 2854 2821 2908 τοῦ
2857 2855 2979 2909 κατ’
3018 2855 3214 2926 ἀρετὴν
3264 2856 3378 2925 βίου
3430 2859 3736 2929 γινόμενος.

2162 2945 2225 2997 Ei
2263 2945 2319 2997 δὲ
2370 2945 2474 3015 χρὴ
2522 2945 2616 2998 καὶ
2671 2942 2738 2997 τὰ
2795 2943 2915 2997 καθ’
2966 2943 3192 2997 ’ἑκαστον
3240 2944 3604 3014 διευκρινῆσαι
3650 2946 3739 3015 τῷ

2160 3034 2323 3105 λόγῳ,
2374 3034 2442 3088 δι’
2493 3028 2569 3088 ὧν
2618 3036 2651 3106 ἡ
2699 3035 2800 3104 τῆς
2848 3035 3055 3098 εἰκόνος
3116 3019 3344 3105 μίμησις
3398 3036 3621 3105 γίνεται,
3670 3036 3738 3090 ἓν

2161 3124 2359 3196 χρῶμα
2397 3128 2429 3196 ἠ
2470 3128 2956 3199 ταπεινοφροσύνῃ.
3008 3145 3025 3177 ι
3080 3126 3289 3182 Μάθετε
3332 3148 3350 3180 ι
3388 3129 3515 3199 γὰρ,
3544 3130 3734 3200 φησὶν,

2167 3236 2185 3269 ι
2234 3218 2327 3270 ἀπ’
2363 3217 2517 3288 ἐμοῦ,
2552 3219 2633 3271 ὅτι
2670 3219 2845 3291 πρᾶός
2892 3221 3030 3290 εἰμι,
3076 3219 3172 3272 καὶ
3212 3222 3464 3285 ταπεινὸς
3491 3225 3556 3293 τῇ
3599 3240 3736 3292 καρ-

2158 3307 2265 3379 δία.
2319 3328 2337 3360 ι
2396 3308 2621 3380 Ἕτερον
2668 3309 2883 3380 χρῶμα,
2937 3311 2968 3380 ἡ
3019 3309 3388 3380 μακροθυμία,
3436 3314 3469 3383 ἡ
3517 3313 3631 3376 πῶς
3660 3317 3732 3386 τῇ

2159 3400 2325 3454 εἰκόνι
2370 3400 2463 3453 τοῦ
2499 3401 2728 3471 ἀοράτου
2775 3400 2911 3455 Θεοῦ
2960 3404 3313 3471 ὲπιςρανεῖσα;
3354 3405 3613 3475 Μάχαιρά
3668 3422 3735 3460 τε

2160 3492 2253 3546 καὶ
2287 3491 2438 3558 ξύλα,
2478 3493 2572 3546 καὶ
2621 3492 2793 3563 δεσμὰ
2825 3494 2919 3547 καὶ
2959 3494 3240 3564 μάστιγες,
3289 3493 3535 3561 σιαγόνες
3570 3497 3735 3564 ῥαπι-

2158 3584 2418 3653 ζόμεναι,
2474 3584 2763 3654 πρόσωπον
2809 3584 3217 3655 ἐμπτυόμενον,
3277 3584 3446 3637 νῶτον
3497 3590 3734 3655 πληγαῖς

2156 3673 2523 3744 ἐκδεδομένον,
2576 3676 2857 3745 κριτήριον
2904 3675 3116 3740 ἀσεϐὲς,
3165 3674 3436 3744 ἀπόφασις
3491 3676 3732 3746 ἀπηνὴς,

2158 3763 2486 3834 στρατιῶται
2546 3765 2642 3833 τῆς
2706 3764 3032 3836 σκυθρωπῆς
3084 3764 3405 3834 ἀποφάσεως
3454 3783 3733 3837 κατατρυ-

2157 3855 2384 3924 φῶντες,
2433 3857 2491 3907 ὲν
2536 3855 2866 3927 χλευασμοῖς
2911 3858 3003 3911 καὶ
3050 3858 3353 3929 είρωνείαις
3392 3858 3486 3911 καὶ
3518 3862 3633 3920 ταῖς
3659 3861 3729 3912 ὲκ

2156 3947 2401 4018 καλάμου
2429 3948 2683 4018 πληγαῖς,
2706 3943 2847 4018 ἧλοι,
2870 3949 2963 4003 καὶ
2987 3949 3139 4021 χολὴ,
3169 3951 3262 4003 καὶ
3288 3947 3409 4014 ὅξος
3437 3949 3728 4003 καὶιπάντα

2154 4038 2222 4092 τὰ
2239 4038 2538 4105 δεινότατα,
2566 4038 2688 4093 ἄνευ
2711 4040 2887 4103 αἰτίας
2909 4040 3056 4111 αὐτῷ
3094 4042 3495 4112 προσαγόμενοι,
3528 4042 3728 4111 μᾶλλον

2153 4128 2209 4193 δὲ
2261 4130 2400 4202 ὑπὲρ
2440 4131 2537 4201 τῆς
2581 4130 2918 4201 πολυτρόπου
2969 4132 3281 4202 εὐεργεσίας
3333 4133 3725 4202 άντιδιδόμενα.

2154 4220 2250 4284 Τίς
2267 4216 2358 4275 οῦν
2375 4221 2515 4276 κατὰ
2537 4220 2638 4275 τῶν
2660 4222 2829 4275 ταῦτα
2858 4222 3148 4276 ποιούντων
3170 4225 3200 4294 ἡ
3225 4224 3434 4293 άμυνα;
3470 4242 3487 4274 ι
3518 4225 3725 4293 Πάτερ,

2155 4309 2503 4384 συγχώρησον
2530 4312 2714 4376 αὐτοῖς
2734 4328 2748 4342 δ
2781 4313 2841 4365 ού
2866 4312 2972 4384 γάρ
3001 4311 3173 4365 οἴδασι
3206 4313 3258 4366 τί
3296 4314 3528 4368 ποιοῦσι.
3569 4334 3589 4368 ι
3630 4316 3725 4386 Μὴ

2151 4404 2250 4457 ούκ
2281 4399 2349 4474 ἦν
2381 4403 2601 4457 δυνατὸν
2633 4403 2837 4457 ἄνωθεν
2880 4405 3063 4469 αὐτοῖς
3111 4404 3271 4457 αὐτὸν
3309 4406 3601 4479 ὲπιρρῆξαι
3630 4408 3727 4469 τὸν

2150 4496 2395 4566 οὐρανὸν,
2426 4495 2459 4566 ἢ
2495 4496 2729 4566 χάσματι
2754 4495 2857 4565 γῆς
2881 4496 3198 4564 ἐξαφανίσαι
3228 4498 3354 4561 τοὺς
3383 4500 3660 4570 ὑϐριστάς,
3688 4501 3723 4571 ἢ

2147 4586 2466 4640 ἐπεκϐαλεῖν
2510 4586 2614 4650 ἔξω
2660 4588 2767 4641 τῶν
2804 4588 2948 4642 ἰδίων
2987 4591 3127 4660 ὅρων
3160 4593 3257 4662 τὴν
3291 4591 3584 4656 θάλασσαν,
3632 4594 3728 4646 καὶ

2145 4682 2256 4742 τοῖς
2280 4679 2459 4748 βυθοῖς
2484 4680 2702 4749 ποιῆσαι
2721 4680 2820 4749 τὴν
2843 4681 2944 4750 γῆν
2969 4682 3314 4753 ὑποϐρύχιον,
3337 4686 3367 4754 ἢ
3392 4684 3488 4755 τὴν
3512 4685 3728 4755 Σοδομι-

2147 4770 2301 4840 τικὴν
2333 4770 2514 4832 αὐτοῖς
2550 4769 2822 4824 ἐπιϐαλεῖν
2849 4772 2941 4825 τοῦ
2979 4774 3150 4845 πυρὸς
3180 4774 3503 4845 ἐπομϐρίαν,
3537 4777 3569 4847 ἢ
3598 4777 3728 4830 ἄλλο

2144 4879 2195 4915 τι
2229 4863 2449 4932 ποιῆσαι
2475 4862 2582 4915 τῶν
2612 4863 2953 4933 σκυθρωπῶν
2979 4866 3066 4920 διὰ
3090 4868 3542 4937 προστάγματος;

2227 4954 2387 5007 Ἀλλά
2429 4954 2601 5007 ταῦτα
2634 4955 2863 5025 ῆνεγκεν
2901 4958 2957 5009 ὲν
3006 4957 3267 5029 πρᾳότητι
3306 4958 3400 5012 καὶ
3442 4957 3728 5029 μακροθυη

2150 5044 2268 5115 μία,
2303 5047 2331 5097 ὁ
2367 5045 2443 5115 τῷ
2492 5045 2569 5115 σῷ
2609 5045 2706 5117 βίῳ
2744 5044 2810 5098 δι’
2855 5048 3047 5101 ἑαυτοῦ
3080 5047 3382 5118 νομοθετῶν
3419 5049 3477 5101 τὸ
3515 5050 3729 5121 μακρό-

2149 5136 2340 5208 θυμον.
2378 5137 2533 5191 Ούτω
2562 5139 2656 5191 καὶ
2682 5136 2750 5190 τά
2784 5139 2917 5192 ἄλλα
2948 5140 3124 5194 πάντα
3150 5143 3277 5211 περὶ
3308 5143 3407 5212 τὴν
3440 5142 3729 5213 πρωτότυ-

2146 5244 2246 5281 πον
2276 5227 2370 5280 τοῦ
2400 5228 2532 5281 Θεοῦ
2574 5229 2756 5283 εἰκόνα
2790 5230 2935 5283 ἐστιν
2971 5232 3117 5296 ἰδεῖν,
3152 5235 3285 5305 πρὸς
3311 5235 3376 5305 ἣν
3421 5237 3449 5288 ὁ
3481 5234 3724 5306 βλέπων,

2145 5319 2239 5370 καὶ
2286 5320 2404 5372 κατ’
2461 5320 2673 5390 ἐκείνην
2713 5322 2959 5392 ἐναργῶς
2998 5324 3354 5390 καλλωπίζων
3395 5326 3492 5396 τὴν
3522 5328 3726 5381 ἑαυτοῦ

2147 5408 2380 5479 μορφὴν,
2416 5408 2577 5462 εἰκὼν
2599 5411 2694 5464 καὶ
2726 5410 2887 5473 αὐτὸς
2915 5412 3125 5479 γίνεται
3152 5414 3244 5468 τοῦ
3272 5414 3404 5468 Θεοῦ
3429 5415 3524 5467 τοῦ
3549 5416 3727 5469 άοοά-

2141 5519 2256 5566 του,
2294 5501 2380 5554 διὰ
2416 5502 2508 5572 τῆς
2540 5501 2817 5573 ὑπομονῆς
2857 5503 3333 5578 ζωγραφούμενος.
3378 5506 3436 5559 ὀ
3463 5505 3520 5558 δὲ
3550 5523 3728 5576 κεφα-

1220 5699 1306 5753 u‘l
1342 5702 1483 5754 Pctr.
1522 5718 1577 5765 ιι,
1619 5701 1708 5755 ‘2'2.
1789 5702 1831 5733 ’δυ
1859 5699 1874 5752 Ι
1904 5700 2030 5757 Cor.

2189 5703 2274 5758 l6.
2352 5703 2395 5734 δεῖ
2430 5701 2619 5757 Matth.
2651 5702 2838 5772 xr,29.
2916 5703 2960 5737 ⁸⁷
2990 5703 3125 5761 Luc.
3160 5719 3314 5775 xxtn,
3339 5706 3427 5762 δι.
3507 5703 3552 5737 ⁸⁸
3573 5703 3721 5778 Eph.
