3896 6208
260 212 372 267 275

1272 209 1358 264 DE
1390 209 1752 266 PEltFECTA
1788 208 2186 267 CHRISTIANI
2225 210 2487 267 FORMA.

3408 213 3512 269 271

254 324 365 394 λὴν
392 322 490 393 τῆς
532 321 857 393 Ἐκκλησίας
882 323 972 376 τὸν
1002 323 1236 394 Χριστὸν
1264 322 1400 378 εἶναι
1444 324 1650 395 μαθὼν,
1687 324 1825 379 τοῦτ(

1945 324 2077 378 illud
2119 325 2174 379 in
2211 324 2403 395 primis
2433 322 2658 394 cogitet,
2694 302 3029 380 unam/esse
3063 323 3262 396 capitis
3296 334 3351 382 et
3385 331 3516 384 sub-

252 433 301 469 π
319 414 380 487 (ὴ
414 414 627 467 πάντων
654 412 989 479 διανοείσθω,
1013 414 1096 467 ὅτι
1119 416 1265 467 πᾶσα
1292 415 1501 486 κεφαλὴ
1525 414 1603 486 τῷ
1632 417 1846 469 ὑποκει-

250 518 295 568 μ
318 507 424 578 ένῳ
463 503 667 577 σώματι
716 507 965 575 ὁμοφυής
998 507 1114 558 ἐστι
1147 506 1241 559 καὶ
1280 504 1579 577 ὁμοούσιος,
1623 506 1717 559 καλ⁸
1747 507 1846 576 μία

252 599 358 663 τίς
391 601 503 653 ἐστι
531 598 631 651 τῶι
662 598 784 651 καθ’
815 597 1043 652 ἕκαστον
1082 598 1258 670 μελῶν
1302 599 1437 670 πρὸς
1468 601 1529 653 τὸ
1556 602 1674 655 ὅλον
1707 618 1845 671 συμ-

255 691 440 760 φυῖα,
489 688 576 742 διὰ
610 690 740 759 μιᾶς
775 688 1075 759 συμπνοίας
1116 689 1559 761 κατεργαζομένη
1597 691 1730 761 πρὸς
1775 691 1845 743 τὰ

269 780 410 852 μέρη
442 780 519 851 τῷ
568 780 736 845 παντὶ
787 778 886 849 τὴν
921 779 1279 849 συμπάθειαν.
1329 782 1537 835 υὺκοῦν
1578 781 1631 834 εἴ
1668 799 1721 834 τι
1749 782 1842 835 τοῦ

268 869 522 941 σώματός
565 872 717 924 ἐστιν
761 870 935 936 ἐκτὸς,
970 870 1129 924 τοῦτο
1162 873 1255 925 καὶ
1295 873 1430 943 πρὸς
1472 872 1570 943 τὴν
1603 873 1844 944 κεφαλὴν

260 961 483 1025 πάντως
527 960 825 1032 ἀλλοτρίως
856 961 988 1031 ἔχει.
1031 961 1279 1015 Παιδεὺει
1305 962 1489 1015 τοίνυν
1524 962 1615 1016 διὰ
1640 963 1843 1017 τούτων

262 1056 296 1110 ὁ
325 1054 481 1121 λόγος
512 1055 678 1123 ἡμᾶς,
710 1055 848 1125 ὅπερ
877 1055 1023 1107 ἐστὶν
1062 1056 1095 1124 ἡ
1128 1055 1335 1126 κεφαλὴ
1367 1055 1508 1110 κατά
1532 1057 1629 1128 τὴν
1659 1056 1838 1126 φύσιν,

259 1145 427 1198 τοῦτο
455 1147 547 1198 καὶ
576 1147 641 1199 τὰ
679 1146 802 1198 καθ’
846 1146 1074 1200 ἕκαστον
1113 1147 1354 1214 γίνεσθαι
1386 1149 1541 1219 μέλη,
1576 1150 1659 1202 ἵνα
1707 1150 1842 1220 πρὸς

259 1238 365 1308 τὴν
397 1237 638 1308 κεφαλὴν
664 1237 879 1301 οἰκείως
908 1238 1022 1309 ἔχῃ.
1066 1239 1252 1309 Ἡμεῖς
1282 1239 1338 1292 δέ
1376 1241 1541 1308 ἐσμεν
1582 1241 1653 1294 τὰ
1681 1241 1838 1311 μέλη,

260 1332 312 1385 ot
343 1332 422 1393 είς
459 1329 520 1382 τὸ
550 1329 714 1400 σῶμα
739 1328 835 1384 τοῦ
868 1329 1102 1400 Χριστοῦ
1135 1330 1528 1393 συντελοῦντες.
1573 1333 1634 1385 Et
1665 1333 1841 1387 τοίνυν

260 1439 348 1484 τις
369 1423 506 1491 ἄρας
526 1422 587 1474 τὸ
608 1421 768 1492 μέλος
792 1421 885 1474 τοῦ
906 1420 1164 1492 Χριστοῦ,
1193 1424 1393 1495 ποιήσῃ
1417 1423 1574 1494 μέλος
1596 1425 1796 1495 πόρνης
1823 1443 1836 1455 ·

259 1508 377 1565 οἷόν
401 1529 519 1567 τινα
546 1512 823 1583 μάχαιραν
851 1511 1104 1581 ἐμϐαλὼν
1144 1513 1242 1584 τὴν
1285 1514 1581 1567 ἀκόλαστον
1614 1514 1835 1580 λύσσαν,

256 1603 355 1660 διὰ
386 1604 479 1658 τοῦ
502 1608 737 1675 πονηροῦ
760 1604 950 1658 τούτου
984 1603 1187 1668 πάθους
1210 1606 1271 1658 τὸ
1299 1605 1457 1676 μέλος
1491 1607 1706 1671 πάντως
1739 1607 1839 1678 τῆς

263 1696 511 1765 κεφαλῆς
544 1695 917 1766 ἠλλοτρίωσεν.
943 1694 1101 1749 Οὕτω
1132 1695 1189 1750 δὲ
1212 1696 1307 1749 καὶ
1327 1696 1397 1750 τά
1427 1696 1589 1751 λοιπά
1616 1699 1714 1768 τῆς
1735 1716 1835 1752 κα-

261 1788 399 1851 κίας
425 1789 643 1859 ὄργανα,
682 1789 945 1861 μάχαιραι
974 1790 1234 1858 γίνονται,
1269 1789 1336 1843 δι’
1369 1784 1442 1844 ὧν
1468 1791 1536 1845 τὰ
1572 1792 1704 1863 μέλη
1736 1792 1831 1846 τοῦ

262 1881 546 1951 συμφυοῦς
580 1881 942 1952 ἀποτέμνεται
985 1881 1267 1953 σώματος,
1312 1883 1403 1935 καὶ
1451 1883 1552 1953 τῆς
1592 1883 1831 1955 κεφαλῆς

252 1971 577 2041 ἀφορίζεται
605 1972 799 2030 πάντα,
835 1972 1017 2037 καθὼς
1051 1972 1117 2027 ἂν
1141 1973 1238 2044 τὴν
1258 1974 1432 2045 τομὴν
1461 1974 1732 2048 ἐνεργήσῃ
1763 1975 1830 2029 τὰ

252 2062 427 2134 πάθη.
465 2065 582 2117 Ἵνα
606 2059 699 2118 οὖν
729 2065 907 2118 τοίνυν
931 2067 988 2118 ὲν
1016 2065 1093 2137 τῷ
1117 2066 1256 2120 κατά
1280 2066 1441 2137 φύσιν
1461 2067 1579 2121 ὅλον
1605 2067 1830 2140 διαμένῃ

249 2153 315 2206 τὸ
341 2153 521 2222 σῶμα,
564 2155 699 2227 πρὸς
727 2156 826 2226 τὴν
860 2156 1101 2227 κεφαλὴν
1129 2158 1344 2221 οἰκείως
1381 2157 1526 2228 ἔχειν
1565 2160 1830 2230 προσήκει

247 2246 348 2297 καὶ
374 2244 445 2298 τά
475 2245 599 2299 καθ’
628 2246 856 2300 ἕκαστον
887 2247 1048 2318 μέλη,
1073 2243 1180 2301 οἷον
1208 2250 1450 2321 καθαρὰν
1468 2250 1545 2320 τῷ
1567 2251 1709 2321 λόγῳ
1734 2252 1831 2321 τῆς

247 2338 442 2400 οὐσίας
461 2339 562 2409 τὴν
589 2338 831 2410 κεφαλὴν
866 2339 1238 2396 συντελοῦντα,
1260 2341 1321 2393 Εἰ
1350 2341 1654 2410 ἀφθαρσίαν
1677 2343 1828 2398 νοοῦ-

249 2448 358 2500 μεν
378 2430 480 2501 τὴν
510 2429 767 2501 κεφαλὴν,
798 2433 857 2484 ὲν
884 2432 1161 2503 ἀφθαρσίᾳ
1194 2433 1297 2504 χρὴ
1329 2435 1545 2497 πάντως
1576 2436 1828 2490 συνεστά-

246 2538 340 2575 ναι
367 2523 437 2576 τὰ
467 2523 625 2593 μέλη.
668 2523 824 2577 Οὕτω
853 2527 947 2578 καὶ
981 2525 1051 2577 τά
1086 2525 1221 2579 ἄλλα
1250 2527 1513 2596 νοήματα,
1542 2528 1643 2582 ὅσα
1676 2530 1708 2599 ἡ
1738 2546 1829 2583 κε-

247 2612 395 2684 φαλή
450 2617 684 2677 νοεῖται,
733 2617 827 2669 καὶ
882 2617 971 2669 ἐπὶ
1015 2617 1122 2669 τῶν
1164 2616 1339 2687 μελῶν
1373 2619 1681 2677 ,ἀκόλουθόν
1712 2621 1826 2674 ἐστι

245 2704 605 2776 καθορᾶσθαι,
630 2705 726 2776 τὴν
749 2707 990 2778 εἰρήνην,
1012 2708 1101 2760 τὸν
1122 2709 1413 2781 ἀγιασμὸν,
1432 2710 1530 2782 τὴν
1549 2710 1823 2784 ἀλήθειαν,

248 2797 345 2849 καὶ
373 2796 551 2850 πάντα
576 2797 645 2849 τά
672 2797 915 2852 τοιαῦτα.
956 2798 1055 2852 Διὰ
1095 2800 1201 2870 γὰρ
1232 2801 1326 2853 τοῦ
1356 2800 1487 2855 Υἱοῦ
1532 2802 1700 2856 ταῦτα
1732 2805 1826 2858 καὶ

242 2887 319 2940 τὰ
347 2888 573 2941 τοιαῦτα
620 2890 678 2941 ἐν
721 2892 833 2954 τοῖς
879 2889 1062 2960 μέλεσι
1102 2891 1394 2957 δείκνυται,
1437 2893 1516 2964 τῷ
1566 2895 1825 2966 ωμφυῶς

1868 1666 1910 1720 Β

244 2980 392 3077 ἔχειν
423 2981 566 3034 αὐτὰ
588 2983 742 3077 ’προς
773 2981 1141 3077 τὴν-’κεφαλὴν
1187 2986 1579 3077 μαρτυρείσθαι
1602 3004 1617 3021 ο
1653 2986 1824 3051 οὕτως
1851 3020 1894 3077 c

245 3071 492 3134 εἰπάντος
521 3072 616 3125 τοῦ
656 3073 1000 3138 Ἀποστόλου,
1030 3076 1112 3128 ὅτι
1145 3076 1351 3139 ἐκεῖνος
1383 3076 1481 3144 μέν
1502 3079 1648 3130 ἐστιν
1674 3079 1707 3148 ἠ
1736 3095 1826 3131 κε-

242 3163 415 3233 φαλὴ,
451 3165 512 3229 ἐξ
536 3163 699 3218 αὑτοῦ
733 3165 790 3219 δὲ
820 3167 929 3220 πᾶν
971 3166 1032 3219 τὸ
1060 3166 1220 3237 σῶμα
1254 3167 1824 3239 συναρμολογούμενον

242 3257 343 3309 καὶ
371 3255 839 3328 συμϐιϐαζόμενον
863 3256 948 3311 διὰ
987 3258 1167 3328 πάσης
1196 3259 1361 3329 ἁφῆς,
1404 3258 1501 3329 τῆς
1529 3259 1647 3313 κατ’
1675 3259 1825 3331 ἐνέρ-

242 3365 401 3415 γειαν
446 3351 505 3401 ἐν
538 3349 721 3419 μέτρῳ
756 3349 874 3411 ἑνὸς
920 3349 1147 3403 ἑκάστου
1184 3351 1403 3422 μέρους,
1460 3350 1558 3420 τὴν
1596 3349 1823 3422 αὔξησιν

240 3436 340 3489 τοῦ
368 3436 617 3507 σώματος
660 3440 913 3491 ποιεῖται.
956 3439 1069 3491 Καὶ
1095 3439 1254 3491 τοῦτο
1290 3441 1554 3511 προσήκει
1599 3440 1684 3493 διὰ
1725 3441 1821 3494 τοῦ

244 3524 342 3594 τῆς
370 3524 613 3596 κεφαλῆς
641 3526 903 3596 ὀνόματος
941 3526 1289 3597 παιδευθῆναι
1317 3569 1332 3592 ,
1384 3531 1467 3584 ὃτι
1511 3529 1699 3601 ὥσπερ
1732 3532 1822 3585 ἐπὶ

240 3614 352 3667 vim
393 3613 549 3678 ζώων
576 3618 639 3668 ἐκ
674 3620 774 3686 τῆς
810 3617 1051 3687 κεφαλῆς
1089 3617 1206 3671 ἐστι
1248 3618 1326 3689 τῷ
1356 3619 1566 3689 σώματι
1596 3619 1655 3673 τὸ
1687 3622 1822 3691 πρὸς

236 3707 340 3770 τὰς
363 3707 641 3776 ἐνεργείας
668 3708 944 3777 ἐνδόσιμον
971 3724 984 3736 °
1021 3709 1087 3762 δι’
1109 3708 1387 3780 ὀφθαλμοῦ
1409 3710 1516 3780 γὰρ
1539 3711 1630 3764 καὶ
1655 3712 1821 3781 ἀκοῆς

238 3796 307 3851 τά
351 3794 479 3849 καθ’
520 3795 745 3850 ἕκαστον
776 3796 1079 3862 εὐθύνεται,
1112 3799 1148 3866 ἦ
1178 3816 1235 3851 τε
1272 3798 1360 3854 διά
1393 3800 1567 3853 ποδῶν
1608 3801 1820 3868 κίνησις

240 3888 391 3958 καὶὴ
420 3885 512 3939 διὰ
545 3888 736 3958 χειρῶν
756 3889 1004 3961 ἐνέργεια
1028 3906 1042 3921 ·
1073 3891 1134 3943 οὐ
1169 3892 1277 3962 γὰρ
1307 3890 1451 3945 ἔστιν
1476 3893 1509 3963 ἢ
1541 3891 1818 3962 ὀφθαλμοῦ

243 3980 318 4052 μὴ
352 3980 772 4046 ἐπιστατοῦντος
803 3983 913 4036 τῶν
956 3983 1425 4054 σπουδαζομένων,
1467 3986 1500 4055 ἢ
1554 3986 1627 4056 μὴ
1671 3986 1819 4057 δεχο-

242 4072 412 4141 ,ιένης
467 4071 566 4142 τῆς
617 4074 783 4144 ἀκοῆς
831 4073 930 4144 τὴν
983 4076 1278 4145 ὑφήνησιν,
1327 4075 1553 4139 δεόντως
1599 4094 1651 4129 τι
1707 4078 1816 4131 τῶν

238 4164 617 4235 προκειμένων
641 4164 894 4231 γενέσθαι
920 4184 933 4196 ’
969 4165 1110 4219 οὕτω
1140 4166 1244 4238 χρὴ
1275 4166 1415 4220 κατά
1435 4168 1534 4237 τὴν
1560 4169 1818 4241 ἀληθινὴν

238 4254 483 4326 κεφαλὴν
529 4256 626 4308 καὶ
662 4258 808 4325 ἡμᾶς
852 4257 915 4310 τὸ
951 4256 1110 4326 σῶμα
1160 4257 1507 4328 καταλλήλως
1550 4260 1815 4313 κινεῖσθαι

1931 416 2071 486 jecti
2117 416 2363 485 corporis
2397 422 2670 481 naturam,
2725 422 2779 471 et
2826 416 3040 486 singula
3098 419 3337 473 membra
3386 434 3512 474 cum

1946 516 2061 563 toto
2113 508 2364 576 naturali
2437 507 2672 578 quadam
2741 509 3145 565 necessitudine
3218 513 3513 581 conjuncta

1945 614 2087 665 esse,
2122 614 2244 667 qua:
2274 605 2456 667 partes
2499 596 2602 652 toti
2653 597 2727 650 ita
2772 598 3046 661 conciliat,
3090 605 3150 651 ut
3197 599 3338 653 miro
3381 614 3514 654 con-

1946 705 2110 746 sensu
2153 690 2295 744 inter
2323 703 2383 743 se
2413 688 2767 742 conveniant.
2818 688 2897 743 Ex
2942 704 3053 759 quo
3082 690 3144 743 ﬁt
3175 697 3255 756 ut,
3301 690 3349 747 si
3376 691 3511 761 quid

1945 788 2097 836 extra
2128 796 2331 851 corpus
2360 787 2466 843 est,
2501 780 2553 833 id
2597 780 2759 836 etiam
2789 795 2819 833 a
2848 782 3027 851 capite
3063 782 3286 837 omnino
3317 782 3508 851 sejun-

1945 880 2090 927 ctum
2128 872 2220 927 sit.
2258 871 2333 926 Ex
2364 872 2468 926 hoc
2509 872 2673 942 igitur
2714 873 3091 944 intelligimus,
3133 874 3275 944 quod
3317 882 3511 929 natura

1943 970 2107 1033 caput
2135 971 2240 1026 est,
2268 963 2408 1017 idem
2440 963 2555 1018 ﬁeri
2589 962 2802 1034 singula
2839 964 3101 1029 membra,
3134 972 3192 1019 ut
3221 979 3347 1027 cum
3391 950 3511 1035 ipso

1942 1056 2122 1125 capite
2170 1055 2390 1125 pmprie
2445 1056 2727 1125 amiceque
2774 1056 3144 1112 consentiant.
3178 1055 3289 1113 Nos
3329 1065 3509 1113 autem

1943 1147 2183 1201 mentbra
2209 1161 2421 1212 sumus,
2459 1147 2550 1216 qui
2578 1148 2632 1201 in
2659 1147 2865 1202 Christi
2898 1162 3099 1218 corpus
3126 1149 3505 1206 coalescimus.

1942 1237 2123 1303 Quare
2172 1240 2218 1294 si
2269 1241 2393 1310 quis
2445 1241 2745 1294 membrum
2792 1240 3001 1295 Christi
3052 1242 3268 1304 tollens,
3313 1241 3512 1296 etliciat

1944 1330 2247 1385 membrum
2291 1332 2595 1386 meretricis
2617 1332 2682 1395 ‘9,
2720 1331 2806 1386 hic
2834 1330 3039 1387 rabiem
3072 1331 3334 1401 improbae
3360 1332 3509 1387 illius

1942 1422 2185 1477 libidinis
2221 1409 2504 1491 'tanquam
2553 1421 2790 1491 gladium
2840 1422 3150 1493 arripiens,
3212 1438 3308 1492 per
3368 1423 3509 1478 hanc

1942 1526 2164 1582 pravam
2202 1514 2667 1583 perturbationem
2700 1515 3002 1569 membrum
3035 1528 3262 1583 prorsus
3289 1514 3508 1570 abscin-

1941 1604 2019 1657 dit
2062 1619 2091 1657 a
2127 1606 2324 1675 capite.
2368 1604 2463 1659 Sic
2503 1605 2629 1659 item
2662 1605 2867 1675 reliqua
2901 1606 3118 1661 malitia:
3146 1606 3506 1662 instrumenta

1939 1704 2068 1752 sunt
2110 1697 2273 1752 veluti
2323 1696 2507 1767 gladii,
2542 1698 2740 1767 quibus
2784 1698 3023 1753 membra
3067 1713 3097 1751 a
3131 1698 3353 1769 proprio
3387 1714 3508 1754 cor-

1939 1805 2070 1859 pore
2113 1796 2484 1859 amputantur,
2524 1800 2576 1845 et
2611 1791 2795 1844 omnia
2842 1791 3203 1861 sejunguntur
3247 1807 3277 1845 a
3307 1793 3502 1861 capite,

1939 1895 2172 1950 quorum
2204 1881 2498 1934 sectionem
2530 1880 2966 1949 perturbationes
3003 1880 3264 1937 eﬂiciunt.
3299 1879 3367 1935 Ut
3404 1881 3503 1952 igi-

1939 1979 2028 2023 tur
2059 1977 2232 2023 totum
2274 1984 2476 2040 corpus
2521 1970 2573 2023 in
2620 1970 2853 2023 naturali
2893 1969 3133 2025 amicitia
3164 1985 3288 2025 cum
3323 1971 3503 2042 capite

1936 2068 2273 2130 permaneat,
2303 2075 2516 2130 mquum
2542 2070 2625 2116 est
2661 2071 2721 2115 ut
2747 2072 2934 2115 mutua
2964 2062 3257 2117 concordia
3286 2064 3501 2134 singula

1934 2151 2064 2207 item
2100 2152 2339 2207 membra
2382 2153 2522 2207 inter
2567 2168 2626 2207 se
2670 2153 3091 2223 conjungantur.
3133 2153 3500 2219 Quamobrem

1933 2259 2057 2299 cum
2106 2245 2281 2312 ipsum
2331 2254 2493 2314 caput
2547 2260 2653 2298 non
2704 2244 2865 2298 niodo
2931 2259 3125 2314 purum
3156 2285 3172 2310 ,
3223 2245 3493 2315 integrum

1930 2343 2250 2405 castumque
2296 2339 2407 2399 sit,
2454 2337 2546 2391 sed
2603 2338 2718 2407 ipsa
2766 2338 3003 2407 quodam
3054 2336 3217 2392 modo
3263 2339 3495 2408 puritas,

1931 2426 2213 2495 integritas
2261 2436 2315 2481 et
2355 2428 2581 2484 castitas
2626 2429 2991 2494 existimetur,
3035 2445 3158 2500 quae
3189 2430 3291 2485 sub
3347 2431 3498 2500 ejus-

1928 2521 2073 2575 modi
2117 2530 2282 2590 caput
2332 2522 2572 2575 membra
2626 2533 2993 2591 concurrunt,
3043 2539 3106 2578 ca
3173 2523 3299 2579 item
3338 2540 3495 2594 pura,

1930 2616 2243 2684 incorrupta
2298 2623 2556 2685 castaque
2606 2616 2716 2671 sint
2762 2623 3190 2671 consentaneum
3240 2626 3344 2672 est.
3390 2614 3498 2671 De-

1929 2707 2093 2775 nique
2138 2704 2403 2776 quidquid
2457 2706 2526 2761 de
2579 2706 2755 2776 capite
2802 2706 3128 2777 c0gitamus,
3184 2714 3246 2760 ut
3282 2720 3493 2776 pacem,

1929 2798 2372 2863 sanctimoniam,
2412 2797 2722 2860 veritatem,
2770 2805 2824 2851 et
2868 2797 2972 2850 alia
3015 2797 3197 2851 omnia
3247 2795 3495 2865 ejusdem

1929 2890 2164 2959 generis,
2220 2891 2276 2944 in
2334 2890 2595 2945 membris
2632 2905 2851 2959 quoque
2907 2887 3296 2959 conspicienda
3343 2897 3494 2944 sunt.

1929 2982 2033 3038 Per
2065 2982 2260 3037 Filium
2294 2983 2439 3038 enim
2489 2982 2602 3037 haec
2633 2991 2687 3037 et
2713 2982 2840 3036 talia
2890 2982 2944 3035 in
2984 2981 3241 3037 membris
3271 2982 3498 3036 demon-

1929 3083 2195 3138 strantur,
2228 3075 2373 3143 quod
2421 3090 2483 3130 ea
2515 3073 2751 3127 naturali
2788 3074 3198 3129 necessitudine
3242 3087 3367 3127 cum
3410 3087 3498 3128 ca-

1926 3167 2037 3236 pite
2067 3158 2361 3221 cohaerere
2389 3165 2460 3220 sit
2511 3164 2827 3219 testimonio
2876 3164 3288 3235 comprobatum
3321 3182 3334 3217 :
3368 3177 3494 3218 cum

1926 3260 2008 3315 sic
2061 3259 2357 3329 Apostolus
2400 3256 2623 3319 dixerit,
2673 3256 2954 3311 Christum
3009 3270 3131 3311 esse
3186 3266 3370 3325 caput,
3423 3270 3493 3311 ex

1926 3366 2035 3419 quo
2085 3357 2259 3404 totum
2313 3364 2512 3419 corpus
2567 3355 2909 3419 compactum
2948 3354 3001 3401 et
3048 3362 3353 3402 connexum
3396 3361 3495 3417 per

1924 3459 2141 3497 omnem
2169 3443 2487 3511 juncturam
2520 3440 2819 3497 secundum
2844 3438 3219 3509 Operationem
3251 3436 3307 3491 in
3339 3450 3492 3492 men-

1924 3548 2106 3589 suram
2134 3533 2569 3604 uniuscujusque
2598 3531 2824 3588 membri
2864 3541 3212 3602 augmentum
3241 3528 3492 3599 corporis

1924 3626 2052 3681 facit
2073 3628 2138 3680 ⁸ο.
2206 3626 2338 3680 Illud
2395 3634 2655 3694 praeterea
2724 3638 2788 3678 ex
2843 3623 2947 3678 hoc
3000 3622 3194 3692 capitis
3265 3621 3490 3703 nomine

1922 3718 2133 3773 discere
2163 3717 2422 3771 debemus
2444 3735 2456 3770 :
2481 3714 2937 3785 quemadmodum
2969 3714 3022 3768 in
3051 3712 3383 3768 animalibus
3419 3727 3489 3768 ex

1921 3810 2098 3879 capite
2127 3808 2377 3877 provenit
2416 3807 2632 3878 corpori
2662 3805 2729 3861 ad
2771 3805 3043 3877 agendum
3073 3805 3293 3861 occasio
3326 3810 3491 3875 atque

1922 3897 2193 3959 incitatio,
2244 3894 2513 3967 siquidem
2562 3904 2617 3950 et
2666 3894 2865 3967 pedum
2906 3903 2961 3950 et
3010 3909 3269 3950 manuum
3308 3901 3499 3949 motus

1920 3998 2082 4058 atque
2111 4003 2278 4058 opera
2311 3987 2494 4041 omnia
2539 3988 2823 4042 oculorum
2853 3996 2907 4041 et
2949 3992 3165 4041 aurium
3199 4000 3303 4056 ope
3347 3984 3491 4039 diri-

1920 4088 2161 4149 guntur;
2192 4080 2391 4134 etenim
2424 4079 2528 4133 nisi
2560 4078 2708 4150 oculi
2737 4078 2963 4146 praesint
2984 4078 3274 4146 satagenti,
3302 4084 3357 4131 et
3391 4091 3491 4129 au-

1919 4172 1997 4228 ris
2040 4172 2326 4239 imperium
2360 4168 2615 4237 excipiat,
2652 4168 2787 4221 nihil
2822 4181 3013 4221 eorum
3059 4181 3182 4235 qua:
3206 4167 3487 4235 proposita

1920 4270 2050 4314 sunt
2083 4268 2232 4313 recte
2263 4258 2378 4312 ﬁeri
2420 4265 2600 4325 potest
2629 4273 2642 4309 :
2676 4256 2759 4310 sic
2788 4269 2851 4309 ex
2883 4254 2998 4308 veri
3024 4255 3224 4325 capitis
3262 4261 3489 4310 sentcn-

239 4348 375 4415 πρὸς
416 4348 597 4400 πᾶσαν
624 4347 801 4418 ὁρμὴν
826 4348 918 4401 καὶ
957 4347 1256 4418 ἐνέργειαν,
1287 4351 1532 4419 ὅπουπερ
1554 4353 1582 4404 ὁ
1610 4352 1817 4416 πλάσας

1927 4354 1993 4406 lia
2032 4365 2230 4419 corpus
2264 4349 2317 4402 in
2359 4349 2523 4404 rebus
2549 4347 2808 4402 omnibus
2849 4344 3010 4400 modo
3042 4345 3109 4400 ad
3147 4345 3274 4407 hoc,
3324 4344 3489 4399 modo

236 4437 326 4491 τὸν
370 4439 669 4510 ὀφθαλμὸν,
717 4439 750 4510 ἥ
796 4441 826 4492 ὁ
872 4441 1139 4510 φυτεύσας
1182 4441 1242 4494 τὸ
1283 4438 1376 4505 οὖς
1420 4442 1810 4513 καθηγήσεται.

250 4526 399 4581 Ἐπεὶ
435 4522 531 4581 οὖν
562 4529 595 4597 ή
625 4527 832 4600 κεφαλὴ
860 4528 927 4582 τὰ
967 4529 1078 4595 ᾅνω
1102 4528 1307 4600 βλέπει,
1348 4533 1441 4585 καὶ
1470 4532 1538 4585 τὰ
1570 4532 1702 4604 μέλη
1734 4534 1817 4589 δεῖ

233 4620 474 4683 πάντως,
495 4618 566 4672 τά
597 4619 994 4690 ὑφηρμοσμένα
1017 4624 1083 4691 τῇ
1113 4622 1341 4693 κεφαλῇ,
1364 4622 1588 4681 ἕπεσθαι
1617 4628 1684 4697 τῇ
1712 4625 1812 4695 τῆς
1857 4649 1865 4655 ·

232 4710 477 4781 κεφαλῆς
500 4710 714 4782 ὀδηγίᾳ,
760 4712 854 4765 καὶ
885 4714 1020 4783 πρὸς
1057 4714 1124 4767 τὰ
1167 4712 1279 4768 ἀνω
1310 4714 1410 4785 τὴν
1442 4716 1612 4787 ῥοπὴν
1645 4716 1807 4787 ἔχειν.

234 4802 404 4854 Ὅταν
436 4801 495 4854 δὲ
522 4802 867 4872 πρωτότοκον
897 4803 996 4873 τῆς
1034 4804 1264 4868 κτίσεως
1286 4800 1427 4859 εἶναι
1456 4805 1617 4859 αὑτὸν
1643 4807 1810 4860 ἀκού⁸

228 4907 443 4961 σπωμιν,
476 4893 574 4947 καὶ
601 4893 942 4963 πρωτότοκον
972 4896 1035 4948 ὲκ
1077 4896 1306 4965 νεκρῶν,
1337 4898 1430 4950 καί⁸
1470 4898 1812 4967 πρωτότοκον

217 4985 293 5035 ἐν
317 4983 535 5047 πολλοῖς
563 4983 830 5053 ἀδελφοτς,
865 4985 1083 5056 πρῶτον
1126 4987 1221 5055 μὲν
1248 4987 1345 5051 τὰς
1368 4989 1648 5058 αἱρετικάς
1678 4990 1810 5043 ὑπο-

210 5074 420 5143 λήψεις
444 5074 921 5147 ἀποπεμπὼμεθα,
957 5078 1033 5140 ὼς
1064 5078 1318 5148 οὐδεμίαν
1353 5081 1680 5152 συνηγορίαν
1714 5081 1812 5151 τῆς

207 5167 475 5235 πονηρᾶς
499 5165 680 5218 αὐτῶν
720 5167 1141 5236 δογματοποιίας
1178 5171 1242 5223 ὲκ
1282 5171 1390 5225 τῶν
1432 5173 1804 5244 προκειμένων

208 5257 493 5327 ῥημάτων
530 5258 778 5327 ἐχούσας.
813 5260 966 5315 Μετὰ
995 5261 1165 5314 ταῦτα
1203 5262 1260 5315 δὲ.
1290 5264 1380 5315 καὶ
1417 5264 1486 5316 τὰ
1532 5264 1668 5336 πρὸς
1713 5264 1804 5318 τὸν

204 5349 416 5417 ἠθικὸν
441 5347 557 5416 βίον
580 5348 670 5403 διὰ
696 5350 900 5404 τούτων
926 5354 1056 5424 ἡμῖν
1082 5353 1431 5407 συντελοῦντα
1461 5358 1802 5426 κατανοήσω-

205 5454 347 5509 μεν.
388 5438 609 5512 Ἐπειδὴ
642 5440 752 5512 γὰρ
780 5440 871 5496 τὸν
900 5444 1176 5516 Μονογενῆ
1207 5444 1340 5499 Θεὸν
1362 5446 1453 5499 τὸν
1479 5445 1572 5499 τοῦ
1602 5447 1801 5510 παντὸς

1918 4445 1984 4499 ad
2030 4443 2162 4498 illud
2199 4441 2468 4512 agendum
2520 4439 2680 4510 dirigi
2736 4446 2789 4494 et
2832 4438 3037 4493 moveri
3087 4444 3324 4508 oportet,
3356 4450 3489 4506 quo-

1917 4551 2134 4605 cunque
2164 4535 2254 4589 illc
2282 4534 2373 4604 qui
2403 4533 2556 4587 tinxit
2586 4533 2809 4587 oculum
2837 4541 2891 4587 et
2919 4530 3185 4603 plantavit
3206 4544 3391 4583 aurem
3412 4529 3481 4591 ⁵³,

1916 4630 2098 4685 ducet.
2132 4628 2362 4696 Quando
2401 4627 2566 4696 igitur
2596 4632 2760 4697 caput
2789 4639 2910 4695 quae
2943 4639 3107 4695 supra
3146 4629 3274 4677 sunt
3318 4622 3484 4691 respi-

1915 4723 2011 4783 cit,
2064 4736 2204 4790 opus
2255 4727 2340 4775 est
2404 4727 2462 4773 ut
2500 4735 2620 4788 quae
2665 4717 2830 4787 capiti
2881 4725 3006 4786 apte
3065 4714 3309 4770 subnexa
3353 4720 3485 4767 sunt

1914 4810 2179 4877 membra,
2214 4809 2389 4879 ipsius
2414 4809 2611 4878 capitis
2633 4810 2856 4863 ductum
2878 4813 3205 4882 sequantur.
3234 4811 3287 4858 et
3315 4805 3381 4859 ad
3417 4819 3481 4859 ea

1910 4918 2031 4973 quae
2082 4918 2249 4971 supra
2306 4909 2433 4956 sunt
2485 4885 2723 4954 tendant.
2790 4897 2987 4951 Verum
3041 4897 3299 4965 quoniam
3354 4912 3479 4952 eum

1868 5023 1877 5033 ι
1910 5010 2034 5049 esse
2073 4993 2495 5062 primogenitum
2523 4999 2794 5046 creatura:
2821 4988 3086 5043 discimus
3110 4988 3156 5020 "
3185 4998 3240 5043 et
3275 4988 3479 5058 primo-

1914 5085 2154 5153 genitum
2192 5097 2255 5136 ex
2290 5082 2522 5136 mortuis
2542 5082 2609 5145 ⁸³,
2656 5090 2709 5136 et
2739 5081 3162 5150 primogenitum
3206 5081 3258 5132 in
3290 5077 3480 5132 multis

1917 5172 2267 5233 fratribus".
2320 5171 2555 5239 primum
2591 5173 2809 5241 quidem
2856 5171 3143 5227 hzereticas
3190 5168 3478 5238 opiniones

1910 5265 2233 5324 rel‘utemus,
2265 5271 2454 5333 utpote
2489 5279 2609 5331 qua:
2644 5264 2854 5318 nullum
2879 5280 2943 5317 ex
2975 5261 3265 5333 propositis
3296 5258 3475 5313 verbis

1912 5371 2080 5427 pravo
2131 5369 2231 5411 suo
2272 5355 2507 5424 dogmati
2538 5370 2784 5424 quazrcre
2817 5353 3175 5423 patrocinium
3224 5351 3473 5422 possint;

1907 5446 2101 5503 deinde
2144 5462 2270 5503 vero
2316 5462 2435 5517 qua:
2466 5446 2623 5502 nobis
2667 5445 2735 5499 ad
2777 5445 2940 5499 vitam
2972 5451 3027 5499 et
3063 5458 3246 5500 mores
3279 5458 3345 5499 ex
3388 5443 3478 5497 his

288 5611 538 5672 “lCor.
575 5618 764 5684 v1.15.
841 5620 885 5652 ⁸ο
908 5618 1103 5693 Epltes.
1146 5641 1218 5691 tv,
1268 5621 1350 5679 £6.
1429 5626 1467 5655 ⁵³
1497 5623 1639 5680 Psal.
1670 5641 1819 5687 xcm,
1848 5624 1898 5677 9.
1977 5627 2020 5657 "
2043 5623 2259 5680 Coloss.
2296 5641 2333 5688 t.
2367 5626 2448 5679 l5.
2527 5623 2572 5656 "
2601 5623 2711 5679 ibid
2772 5626 2852 5680 l8.
2931 5625 2975 5656 ⁹⁴⁶
3002 5622 3159 5679 Rom.
3203 5641 3316 5689 νιι..
3349 5621 3439 5677 '2').
