3896 6208
466 298 571 365 375

1697 296 1755 353 S.
1795 295 2122 352 GliEGORlI
2155 295 2448 354 NYSSENI

3609 304 3713 360 276

468 418 783 475 conducunt
821 418 1254 474 consideremus.
1280 417 1478 473 ilostes
1509 417 1675 488 igitur
1704 418 1795 474 Dei
1823 420 1869 474 si
1910 419 2033 472 uni-

2136 421 2486 493 δημιουργόν,
2513 420 2604 475 τὸν
2630 421 2691 486 ἐξ
2717 413 2800 487 οὗ,
2831 421 2922 477 καὶ
2947 422 3014 478 δι’
3035 414 3120 487 οὗ,
3148 424 3239 478 καὶ
3268 426 3325 477 ὲν
3351 416 3397 493 ᾧ
3422 424 3489 479 τά
3510 427 3715 494 πάντα,

471 512 714 582 genitum
747 510 913 565 Deum
937 549 951 573 ,
984 509 1226 563 universi
1257 508 1590 571 effectorem,
1630 524 1695 563 ex
1718 515 1828 579 q'uo
1855 517 1909 563 et
1940 524 2037 578 per

473 596 635 674 quem
683 610 738 657 et
791 601 846 655 in
898 615 1009 670 quo
1038 600 1224 654 omnia
1248 600 1317 665 ³⁸,
1346 599 1550 655 factum
1598 615 1721 655 esse
1754 599 1945 654 dicunt
1982 608 2038 654 et

467 703 716 752 creatum
750 707 781 748 a
822 692 951 760 Deo,
983 692 1214 762 ideoque
1249 700 1309 746 ut
1338 700 1607 747 creaturae
1645 691 1870 747 fratrem
1925 691 2035 746 diei

467 793 740 842 creatum
795 786 1217 857 primogenitum
1271 792 1549 848 asserunt,
1599 798 1723 837 cum
1774 783 2036 853 temporis

465 880 592 948 jure
639 878 1022 933 tantummodo
1073 877 1367 947 praecellat,
1422 876 1880 946 quemadmodum
1928 877 2038 930 Ru-

470 971 572 1024 ben
603 984 713 1024 non
746 976 937 1023 natura
956 1007 971 1032 ,
1002 968 1098 1024 sed
1127 968 1384 1038 temporis
1415 968 1769 1037 praerogativa
1799 967 2036 1037 propriis

469 1059 734 1116 fratribus
761 1059 1205 1130 praeponebatur:
1233 1058 1364 1114 illud
1388 1058 1657 1128 imprimis
1683 1067 1876 1112 contra
1900 1060 2035 1114 istos

469 1149 757 1204 dicendum
791 1158 896 1213 est,
928 1148 1177 1205 eumdem
1208 1163 1317 1203 non
1343 1163 1506 1219 posse
1530 1156 1584 1203 et
1615 1148 1955 1219 unigenitum
1980 1156 2034 1204 et

467 1241 887 1312 primogenitum
917 1240 1065 1295 credi
1093 1256 1109 1293 :
1153 1248 1249 1294 aut
1276 1241 1419 1295 enim
1450 1240 1761 1312 unigenitus
1804 1247 1909 1305 est,
1938 1249 2034 1294 aut

467 1346 535 1386 ex
577 1331 841 1386 fratribus
889 1330 1286 1400 primogenitus
1314 1347 1329 1385 :
1362 1330 1408 1385 si
1457 1329 1796 1401 unigenitus,
1833 1329 2034 1385 fratres

467 1437 577 1477 non
611 1421 805 1487 habet;
856 1420 941 1477 sin
976 1420 1208 1475 fratrum
1258 1421 1676 1491 primogenitus,
1719 1421 2037 1493 unigenitus

466 1528 644 1584 neque
667 1527 813 1575 esse,
843 1526 1023 1582 neque
1053 1510 1162 1566 dici
1194 1518 1378 1582 potest
1408 1512 1655 1567 omnino.

535 1603 716 1669 Quare
735 1617 862 1658 cum
888 1602 1005 1658 haec
1037 1604 1260 1658 nomina
1290 1602 1345 1657 in
1372 1602 1561 1658 eodem
1587 1603 1884 1660 convenire
1906 1619 2037 1659 con-

460 1697 730 1769 jnngique
771 1695 1082 1767 nequeant,‘
1110 1693 1254 1765 quod
1290 1694 1404 1750 ﬁeri
1448 1711 1556 1750 non
1587 1676 1763 1768 possit
1791 1707 1852 1751 ut
1890 1697 2031 1752 idem

463 1797 518 1846 et
549 1788 860 1860 unigenitus
892 1794 948 1842 et
980 1786 1374 1857 primogenitus
1407 1789 1741 1852 nominetur,
1772 1788 1827 1841 in
1884 1787 2037 1841 Scri-

468 1890 628 1952 ptura
659 1888 840 1936 autem
874 1880 941 1935 de
977 1876 1158 1935 Verbo
1189 1879 1302 1946 illo,
1331 1877 1476 1949 quod
1510 1887 1630 1933 erat
1661 1878 1714 1933 in
1740 1878 2033 1948 principio,

468 1974 704 2037 dicatur,
736 1971 1049 2042 unigenitus
1083 1969 1250 2033 Deus,
1276 1978 1332 2025 et
1374 1986 1575 2026 rursus
1603 1970 1745 2041 apud
1780 1969 2032 2037 Paulum,

471 2064 875 2136 Primogenitus
902 2063 1083 2118 omnis
1110 2070 1377 2117 creaturas
1400 2080 1414 2116 :
1434 2062 1679 2117 veritatis
1705 2061 1916 2133 judicio
1953 2061 2035 2116 sic

469 2163 687 2229 oportet
720 2155 838 2210 haec
880 2153 1100 2208 nomina
1133 2166 1393 2222 separare
1436 2158 1490 2206 et
1535 2152 1877 2222 distinguere
1911 2150 2036 2205 dili-

467 2258 678 2322 genter,
733 2255 794 2303 ut
853 2244 1203 2316 Unigenitum
1254 2244 1627 2313 intelligamus
1669 2244 1721 2298 id
1769 2242 2032 2309 Verbum,

468 2340 615 2412 quod
646 2348 731 2395 est
765 2345 894 2393 ante
944 2338 1175 2403 saecula;
1205 2336 1386 2390 omnis
1433 2342 1614 2389 autem
1660 2342 1930 2391 creaturae
1978 2335 2031 2388 in

473 2432 696 2487 Christo
738 2429 916 2491 facta.
965 2426 1205 2482 Verbum
1249 2440 1467 2481 carnem
1514 2424 1714 2478 factum
1766 2440 1887 2479 esse
1916 2423 2036 2478 Pri-

469 2522 829 2591 mogenitum.
862 2518 1092 2585 Quodsi,
1122 2532 1232 2587 quo
1271 2516 1432 2570 modo
1478 2516 1569 2570 ille
1603 2523 1659 2569 et
1704 2514 2035 2584 primogeni-

464 2622 557 2672 tus
585 2628 650 2667 ex
678 2610 931 2671 mortuis,
955 2618 1010 2664 et
1033 2607 1425 2679 primogenitus
1466 2606 1519 2659 in
1555 2606 1743 2660 multis
1773 2605 2035 2659 fratribus

469 2705 833 2775 intelligatur,
877 2703 1258 2765 didicerimus,
1320 2700 1483 2757 simul
1528 2699 1691 2753 etiam
1734 2712 1845 2767 quo
1871 2697 2035 2751 modo

466 2797 541 2853 sit
575 2803 843 2851 creaturae
877 2793 1296 2862 primOgenitus,
1343 2803 1757 2861 cognoscemus.
1799 2785 1898 2841 Est
1936 2787 2037 2859 igi-

467 2897 556 2942 tur
608 2900 675 2941 ex
728 2883 965 2939 mortuis
1004 2881 1402 2952 primogenitus
1459 2887 1555 2933 aut
1603 2879 1865 2949 primitiae
1909 2879 2039 2933 dor-

466 2976 750 3032 mientium
775 2975 824 3008 "
852 2973 1051 3038 factus,
1096 2979 1156 3027 ut
1189 2973 1337 3027 omni
1371 2972 1523 3026 carni
1560 2969 1628 3025 ad
1672 2971 2032 3026 resurrectio—

2139 513 2298 585 ἔργον
2341 510 2480 568 εἶναι
2521 514 2614 567 τοῦ
2648 513 2806 577 Θεοῦ,
2840 517 2932 568 καὶ
2965 516 3191 586 κτίσμα,
3226 517 3320 569 καὶ
3363 518 3597 590 ποίημα,
3626 520 3721 572 λέ-

2137 621 2323 672 γουσιν
2350 605 2399 658 οί
2425 604 2701 675 θεομάχοι,
2735 606 2829 657 καὶ
2851 604 2935 658 διὰ
2968 606 3124 659 τοῦτο
3149 607 3331 677 πάσης
3354 610 3453 678 τῆς
3478 610 3717 674 κτίσεως

2139 697 2481 768 πρωτότοκον
2530 697 2690 750 αὐτὸν
2746 695 2998 765 λέγεσθαι
3024 738 3039 761 ,
3107 699 3425 769 διορίζονται
3450 716 3465 729 ο
3526 700 3583 770 ἢ,
3635 702 3717 764 ὡς

2136 788 2362 858 ἀδελφὸν
2407 788 2534 841 ὄντα
2561 789 2658 857 τῆς
2688 789 2938 852 κτίσεως,
2985 790 3168 859 μόνοις
3207 794 3319 853 τοῖς
3371 789 3465 842 τοῦ
3513 792 3717 862 χρόνον

2139 879 2447 950 πρεσϐείοις
2469 880 2630 934 αὐτὸν
2656 880 3072 951 προτερεύοντα,
3101 881 3177 939 ὡς
3209 881 3298 934 τὸν
3341 881 3570 951 Ῥουϐὶμ
3596 883 3717 934 τῶν

2142 969 2286 1022 ίδίων
2319 969 2583 1039 ἀδελφῶν,
2613 971 2673 1023 οὐ
2710 970 2866 1040 φύσει
2895 970 3332 1041 προτεταγμένον
3354 1010 3370 1035 ,
3416 970 3550 1022 ἀλλά
3597 973 3720 1032 τοῖς

2137 1061 2203 1114 ὲκ
2248 1061 2439 1132 χρόνου
2495 1061 2807 1134 πρεσϐείοις
2866 1060 3291 1131 προτερεύοντα·
3345 1060 3557 1132 πρῶτον
3608 1062 3719 1131 μὲν

2137 1153 2295 1209 τοῦτο
2343 1155 2478 1227 πρὸς
2508 1154 2749 1218 ἐκείνους
2782 1155 2990 1226 ῥητέον,
3040 1154 3121 1207 ὅτι
3150 1153 3252 1206 οὐκ
3283 1152 3397 1206 ἔστι
3425 1152 3513 1206 τὸν
3541 1152 3716 1205 αὐτὸν

2137 1247 2233 1301 καὶ
2263 1245 2525 1316 μονογενῆ
2549 1246 2644 1299 καὶ
2671 1245 3011 1316 πρωτότοκον
3038 1242 3409 1297 πιστεύεσθαι.
3440 1243 3573 1297 Οὐτε
3596 1244 3716 1315 γὰρ

2135 1337 2165 1391 ό
2211 1334 2503 1406 μονογενὴς
2568 1334 2705 1406 μετὰ
2761 1333 3002 1402 ἀδελφῶν
3055 1335 3256 1385 νοεῖται
3278 1348 3295 1364 ο
3355 1331 3476 1385 οὔτε
3534 1333 3718 1402 χωρὶς

2134 1427 2378 1497 ἀδελφῶν
2400 1428 2429 1480 ό
2452 1426 2809 1499 πρωτότοκος,
2837 1425 3127 1496 μονογενὴς
3153 1424 3367 1488 πάντως
3388 1422 3509 1476 οὐτε
3534 1422 3624 1476 εστ
3633 1440 3715 1491 ιν,

2136 1516 2260 1570 οὐτε
2291 1516 2527 1585 λέγεται.

2206 1608 2413 1662 Οὐκοῦν
2439 1606 2731 1678 ἀσύμϐατά
2755 1607 2869 1659 ἐστι
2894 1607 2987 1659 καὶ
3010 1604 3350 1675 ἀκοινώνητα
3377 1602 3546 1657 ταῦτα
3567 1602 3717 1674 πρὸς

2135 1698 2339 1771 ἄλληλα
2368 1699 2461 1751 ἐπὶ
2489 1698 2585 1751 τοῦ
2615 1698 2779 1751 αὐτοῦ
2813 1698 2883 1751 τὰ
2916 1698 3185 1767 νοήματα,
3230 1696 3307 1758 ὡς
3340 1693 3592 1747 ἀδύνατον
3618 1687 3717 1745 εἶ-

2136 1808 2246 1857 ναι,
2277 1790 2345 1843 τὰ
2366 1790 2459 1843 δύο
2485 1790 2577 1843 τὸν
2606 1790 2767 1843 αὐτὸν
2796 1787 3176 1860 ὀνομάζεσθαι,
3205 1787 3296 1840 καὶ
3322 1784 3581 1855 μονογενῆ
3608 1785 3718 1837 καὶ

2137 1882 2501 1953 πρωτότοκον.
2537 1880 2696 1934 Ἀλλὰ
2747 1881 2852 1951 μὴν
2900 1881 3110 1950 εἴρηται
3155 1876 3304 1948 παρά
3338 1876 3438 1945 τῆς
3479 1874 3715 1945 Γμφῆς

2135 1973 2264 2045 περὶ
2316 1970 2409 2025 τοῦ
2466 1972 2538 2025 ὲν·
2574 1973 2717 2043 ἀρχῇ
2767 1972 2917 2034 όντος
2948 1970 3144 2038 Λόγου,
3190 1968 3271 2022 ὃτι
3320 1967 3349 2020 ό
3400 1965 3717 2037 Μονογενὴς

2134 2063 2286 2127 Θεὸς,
2316 2062 2660 2136 Πρωτότοκος
2686 2065 2863 2132 πάσης
2889 2061 3136 2124 κτίσεως.
3160 2058 3368 2115 Οὐκοῦν
3394 2057 3719 2128 ὲπιμερίσαι

2136 2157 2400 2227 προσήκει
2445 2153 2523 2225 τῷ
2554 2154 2835 2225 μυστηρίῳ
2862 2154 2961 2223 τῆς
2992 2150 3267 2222 ἀληθείας,
3301 2148 3552 2219 ἑκάτερον
3577 2147 3716 2199 τού-

2133 2265 2242 2301 των
2273 2248 2381 2301 τῶν
2413 2247 2688 2317 ὀνομάτων
2713 2245 2948 2310 εὐσεϐῶς
2977 2244 3376 2298 διαστείλαντα*
3419 2241 3556 2295 ὥστε
3585 2241 3715 2294 Mo-

2134 2338 2327 2410 νογενῆ
2359 2338 2455 2409 μὲν
2484 2335 2620 2391 εἶναι
2652 2338 2743 2390 τὸν
2772 2334 3091 2409 προαιώνιον
3120 2335 3313 2403 Λόγον,
3339 2332 3437 2403 τῆς
3464 2331 3520 2384 δὲ
3564 2330 3715 2401 μετά

2133 2430 2307 2485 ταῦτα
2332 2432 2389 2484 ὲν
2416 2429 2494 2500 τῷ
2521 2428 2742 2500 Χριστῷ
2772 2428 3070 2498 γενομένης
3107 2426 3337 2487 κτίσεως
3368 2421 3712 2494 πρωτότοκον

2135 2519 2387 2590 γενέσθαι
2418 2518 2509 2572 τὸν
2545 2518 2736 2586 Λόγον,
2773 2518 2948 2588 σάρκα
2977 2516 3284 2586 γενόμενον.
3331 2512 3436 2566 Καὶ
3465 2512 3601 2580 ὅπερ
3631 2509 3712 2564 ἂν

2136 2614 2267 2683 ἡμῖν
2294 2610 2579 2681 ἐγγένηται
2607 2610 2806 2679 νόημα,
2836 2607 3176 2679 πρωτότοκον
3210 2606 3370 2660 αὐτὸν
3398 2606 3461 2657 ὲκ
3490 2602 3712 2674 νεκρῶν

2135 2701 2274 2759 εἶναι
2306 2703 2586 2774 μαθόντες,
2615 2703 2709 2756 καὶ
2741 2700 3080 2773 πρωτότοκον
3103 2700 3159 2752 ὲν
3184 2698 3393 2760 πολλοῖς
3421 2695 3667 2764 ἀδελφοῖς
3694 2711 3708 2726 ⁸

2135 2800 2308 2851 ἐκεῖνο
2331 2797 2424 2850 καὶ
2453 2796 2544 2849 ἐπὶ
2562 2795 2639 2866 τῷ
2663 2793 2989 2865 πρωτοτόκῳ
3015 2791 3115 2860 τῆς
3144 2790 3372 2851 κτίσεως
3400 2784 3711 2848 ἀκολούθως

2134 2890 2416 2960 νοήσομεν.
2444 2886 2650 2939 Οὐκοῦν
2672 2887 2734 2939 ἐκ
2758 2883 2965 2956 νεκρῶν
2991 2882 3088 2953 μὲν
3113 2879 3452 2951 πρωτότοκος
3472 2876 3709 2945 γίνεται,

2134 2985 2162 3037 ό
2194 2981 2413 3052 ἀπαρχὴ
2441 2980 2549 3033 τῶν
2579 2977 2990 3049 κεκοιμημένων
3013 2975 3318 3046 γενόμενος,
3345 2972 3433 3026 ἵνα
3463 2971 3712 3042 όδοποιὴσ

463 3081 589 3122 nem
623 3065 727 3120 iter
759 3065 996 3135 aperiret
1017 3064 1085 3119 ".
1116 3064 1363 3133 Cumque
1396 3078 1520 3126 nos,
1552 3062 1645 3133 qui
1687 3072 1883 3118 natura
1912 3077 2032 3118 era-

2137 3091 2204 3146 σῃ
2232 3075 2395 3140 σαρκὶ
2419 3074 2517 3144 τὴν
2545 3074 2859 3127 ἀνάστασιν.
2907 3071 3014 3125 Καὶ
3062 3070 3269 3142 μέλλων
3311 3070 3456 3141 ἡμᾶς
3485 3066 3570 3121 διὰ
3602 3066 3707 3136 τῆς

465 3171 589 3212 mus
629 3154 723 3210 filii
775 3155 892 3220 iraa,
944 3154 1156 3210 cmlesti
1202 3156 1551 3224 generatione
1594 3169 1691 3225 per
1734 3170 1931 3224 aquam
1976 3164 2031 3210 et.

465 3244 730 3317 Spiritum
766 3246 907 3301 filios
940 3245 1080 3301 lucis
1105 3253 1159 3299 et
1199 3244 1307 3300 diei
1341 3244 1479 3299 filios
1516 3252 1661 3300 esset
1710 3243 2028 3308 eliecturus,

463 3337 733 3409 ejusmodi
773 3337 1124 3408 generatione
1148 3336 1203 3391 in
1224 3334 1483 3390 Iordanis
1522 3334 1747 3390 flumine
1772 3336 1883 3389 dux
1917 3335 2033 3405 ipse

464 3431 764 3503 praecessit,
808 3440 866 3485 ut
900 3428 969 3503 ad
1001 3437 1212 3483 natura:
1250 3438 1451 3483 nostrae
1489 3428 1757 3497 primitias
1792 3427 2034 3496 Spiritus

463 3502 693 3594 gratiam
746 3502 1071 3584 attralteret,
1121 3519 1176 3573 id
1219 3527 1304 3574 est
1355 3528 1413 3573 ut
1456 3535 1648 3575 omnes
1695 3534 1760 3574 ex
1800 3518 2035 3587 spiritali

462 3613 878 3685 regeneratioue
916 3613 984 3667 ad
1010 3612 1178 3666 vitam
1224 3621 1515 3683 generatos
1544 3612 1742 3667 fratres
1788 3613 1905 3682 ipse
1936 3626 2034 3683 per

463 3720 659 3774 aquam
702 3712 757 3759 et
805 3703 1071 3775 Spiritum
1122 3705 1469 3774 antegenitus
1515 3706 1899 3760 constitueret.
1948 3703 2034 3758 Ad

464 3795 717 3850 eumdem
771 3796 993 3850 modum
1055 3802 1323 3850 creatura:
1372 3796 1429 3850 in
1491 3794 1713 3851 Christo
1761 3803 2035 3865 generata:

462 3887 644 3954 ipsum
689 3886 1108 3956 primogenitum
1150 3887 1477 3954 cogitantes,
1525 3887 1593 3942 ab
1636 3888 1895 3958 opinione
1944 3889 2034 3957 pia

463 3978 689 4033 minime
728 3979 1140 4033 recesserimus.
1177 3976 1445 4044 Quoniam
1475 3980 1644 4049 igitur
1675 3988 1832 4035 vetus
1881 3993 2034 4033 crea-

464 4080 589 4124 tura
618 4070 857 4135 transiit,
888 4084 985 4139 per
1007 4077 1290 4140 peccatum
1334 4069 1545 4125 inutilis
1570 4070 1803 4137 reddita,
1828 4085 2035 4125 neces—
2062 4068 2065 4079 ‘

463 4162 614 4217 sario
644 4171 769 4232 post
803 4163 1096 4217 transitum
1130 4178 1320 4218 eorum
1350 4178 1470 4233 quze
1501 4164 1679 4218 deleta
1708 4171 1860 4226 sunt,
1910 4179 2034 4219 suc-

463 4254 633 4310 cessit
656 4269 798 4309 nova
825 4255 949 4310 vitae
974 4264 1249 4320 creatura,
1281 4271 1402 4325 quae
1437 4271 1531 4326 per
1560 4257 2028 4326 regenerationem

460 4356 516 4403 et
558 4341 1020 4404 resurrectionem
1061 4364 1125 4404 ex
1176 4351 1408 4404 mortuis
1454 4352 1833 4416 constituitur,
1870 4353 2029 4418 cujus

462 4440 721 4510 princeps
762 4447 1066 4507 auctorque
1104 4441 1229 4494 vitae
1272 4441 1669 4510 primogenitus
1709 4452 1795 4497 est
1843 4453 1896 4498 ct
1940 4461 2030 4515 ap-
2058 4431 2103 4486 Ι)

461 4532 715 4601 pellatur.
740 4531 916 4601 Atque
939 4532 1054 4584 hac
1084 4529 1302 4600 quidem
1333 4546 1506 4601 pauca
1541 4533 1907 4587 studiosisad
1940 4550 2027 4588 re-

460 4622 743 4691 pellendos
775 4621 1147 4680 adversarios,
1178 4632 1232 4674 et
1257 4618 1324 4674 ad
1366 4621 1799 4690 perspiciendam
1828 4622 2031 4675 verita-

459 4722 572 4770 tem
604 4715 753 4770 satis
781 4720 964 4767 erunt.
1007 4711 1185 4778 Quare
1211 4711 1323 4780 jam
1364 4727 1528 4783 quam
1565 4714 1718 4767 utilia
1772 4714 1883 4768 sint
1918 4713 2033 4768 haec

460 4806 629 4861 verba
653 4806 719 4860 ad
750 4806 1006 4860 virtutem
1041 4811 1096 4858 et
1125 4805 1317 4867 vitam,
1348 4804 1587 4860 breviter
1616 4821 2028 4873 percurramus.

463 4897 654 4954 Ruben
690 4913 880 4954 eorum
910 4898 1001 4967 qui
1036 4905 1159 4967 post
1193 4912 1253 4953 se
1297 4898 1466 4968 geniti
1500 4905 1631 4953 sunt
1662 4896 1881 4964 fratres,
1925 4902 2027 4967 pri-

458 4988 768 5057 mogenitus
820 4986 987 5040 fuit“
1025 5007 1039 5042 :
1074 4987 1457 5057 cognationem
1502 4994 1703 5051 autem,
1756 5001 1863 5056 qua
1903 5002 2027 5041 cum

458 5078 581 5148 ipso
608 5077 894 5147 conjuncti
920 5086 1099 5141 erant,
1133 5079 1351 5147 signum
1383 5091 1602 5146 quoque
1627 5078 1681 5130 in
1705 5076 1786 5133 eis
1821 5078 2033 5147 perspi-

458 5183 624 5222 cuum
671 5169 1036 5239 primogenita
1078 5168 1258 5224 simile
1306 5166 1636 5231 testabatur,
1696 5176 1754 5222 ut
1788 5167 2030 5223 fraterna

456 5262 743 5331 sanguinis
785 5262 1100 5327 coniunctio
1133 5260 1320 5315 formae
1352 5261 1713 5317 similitudine
1752 5260 2025 5317 declarata

459 5354 699 5425 ignorari
728 5369 839 5409 non
870 5361 1073 5424 posset.
1098 5352 1445 5424 Quapropter
1472 5354 1518 5409 si
1549 5368 1648 5409 nos
1676 5354 1805 5409 item
1832 5354 2022 5409 eodem

458 5446 622 5501 modo
639 5461 735 5515 per
766 5445 1229 5515 regenerationem
1273 5460 1429 5517 aqua:
1455 5453 1510 5502 et
1544 5445 1772 5515 spiritus
1807 5444 2021 5498 Domini

2132 3164 2335 3220 ἄνωθεν
2375 3166 2698 3235 γεννήσεως,
2732 3164 2798 3230 δι’
2832 3162 3019 3225 ὓδατος
3047 3162 3139 3214 κο)⁸
3182 3159 3515 3231 Πνεύματος,
3556 3158 3710 3221 υἱοὺς

2131 3257 2343 3328 ἡμέρας
2370 3259 2461 3310 καὶ
2484 3257 2629 3321 υἱοὺς
2655 3256 2829 3326 φωτὸς
2849 3250 3271 3327 ἀπεργάζεσθαι,
3298 3253 3421 3316 τοὺς
3445 3249 3710 3322 πρότερον

2132 3350 2291 3412 όντας
2339 3348 2503 3402 τέκνα
2549 3338 2707 3413 φύσει
2755 3348 2961 3420 ὀργῆς.
3015 3347 3175 3410 αὐτὸς
3227 3345 3546 3415 καθηγεῖται
3604 3341 3710 3411 τῆς

2132 3439 2386 3511 τοιαύτῆς
2427 3442 2767 3512 γεννήσεως,
2821 3441 2879 3493 ὲν
2924 3438 3003 3507 τῷ
3052 3438 3250 3509 ῥείθρῳ
3282 3436 3374 3490 τοῦ
3418 3433 3704 3506 Ἰορδάνου,

2133 3533 2225 3586 ἐπὶ
2246 3532 2341 3604 τὴν
2364 3533 2615 3604 ἀπαρχὴν
2632 3532 2729 3603 τῆς
2751 3532 2963 3603 φύσεως
2981 3530 3157 3602 ἡμῶν,
3170 3530 3269 3601 τὴν
3283 3528 3380 3581 τοῦ
3396 3525 3530 3581 Πντύ
3538 3541 3709 3596 ματος

2134 3625 2291 3695 χάριν
2335 3626 2793 3694 ἐπισπασάμενος.
2843 3624 3004 3676 Ὥστε
3063 3623 3269 3683 πάντας
3318 3620 3442 3681 τοὺς
3489 3621 3553 3671 ὲκ
3600 3616 3707 3686 τῆς

2135 3718 2505 3787 πνευματικῆς
2551 3717 2959 3786 ἀναγεννήσεως
3003 3715 3082 3778 εἰς
3125 3712 3269 3784 ζωὴν
3314 3708 3705 3779 γεννωμένους.

2134 3809 2396 3878 ἀδελφοὺς
2441 3809 2777 3881 χρηματίσαι
2827 3806 2920 3860 τοῦ
2972 3804 3423 3878 προγεννηθέντος
3471 3801 3557 3854 διά
3604 3799 3705 3853 τοῦ

2134 3901 2324 3965 ὕδατός
2352 3918 2410 3955 τε
2451 3902 2540 3954 καὶ
2580 3899 2912 3972 Πνεύματος.
2954 3897 3110 3953 Κατά
3156 3897 3248 3950 τὸν
3296 3895 3456 3950 αὐτὸν
3482 3893 3703 3964 τρόπον,

2135 3996 2227 4048 καὶ
2265 3995 2364 4064 τῆς
2409 3996 2467 4047 ὲν
2511 3984 2730 4065 Χριστῷ
2775 3991 3069 4063 γενομένης
3103 3990 3331 4052 κτίσεως
3365 3986 3706 4059 πρωτότοκον

2132 4087 2290 4140 αὐτὸν
2318 4084 2580 4147 νοοῦντες,
2607 4086 2706 4137 οὐκ
2739 4082 2842 4148 ἔξω
2870 4080 3127 4153 γινόμεθα
3154 4080 3254 4149 τῆς
3283 4075 3537 4139 εὐσεϐοῦς
3566 4075 3711 4128 ὐπο-

2132 4177 2364 4248 λήψεως.
2430 4175 2643 4246 Ἐπειδὴ
2673 4175 2781 4245 γὰρ
2810 4176 2843 4245 ἡ
2876 4172 3073 4244 ἀρχαία
3109 4170 3286 4232 κτίσις
3329 4166 3573 4238 παρῆλθε
3613 4164 3711 4220 διὰ

2131 4268 2229 4339 τῆς
2256 4268 2531 4339 ἁμαρτίας
2559 4264 2936 4335 ἀχρειωθεῖσα,
2968 4261 3278 4331 ἀναγκαίως
3301 4259 3399 4331 τὴν
3420 4256 3529 4311 τῶν
3561 4257 3708 4324 dea-

2131 4358 2419 4413 νισθέντων
2462 4358 2695 4429 πάροδον
2727 4354 2993 4418 διεδέξατο
3021 4355 3063 4424 ἡ
3085 4351 3245 4422 καινὴ
3270 4354 3368 4421 τῆς
3398 4348 3542 4418 ζωῆς
3584 4347 3707 4400 κτί-

2133 4467 2234 4513 σις,
2269 4449 2355 4502 διὰ
2398 4448 2499 4517 τῆς
2545 4450 2951 4516 ἁναγεννήσεως
2982 4445 3075 4497 καὶ
3113 4442 3211 4513 τῆς
3242 4444 3306 4494 ὲκ
3332 4439 3542 4510 νεκρῶν
3570 4438 3707 4490 ἀνα-

2131 4540 2371 4601 στάσεως
2397 4537 2760 4606 συνισταμένη
2782 4552 2795 4565 ’
2841 4531 2910 4605 ἦς
2934 4534 2962 4585 ὁ
2994 4532 3231 4603 ἀρχηγὸς
3260 4531 3359 4600 τῆς
3389 4529 3538 4598 ζωῆς
3567 4529 3706 4599 ἡγη-

2131 4628 2380 4696 σάμενος,
2411 4627 2750 4696 πρωτότοκος
2789 4624 2886 4694 τῆς
2934 4622 3080 4691 ζωῆς
3122 4620 3327 4689 γίνεται
3370 4618 3465 4671 καὶ
3502 4615 3705 4686 όνομά-

2129 4717 2300 4781 ζεται.
2357 4716 2517 4777 Ἀλλ’,
2532 4716 2678 4779 ὅπως
2718 4714 2824 4785 χρὴ
2864 4714 2999 4783 πρὸς
3046 4715 3172 4775 τοὺς
3216 4708 3709 4779 ἀντιτεταγμένους

2127 4806 2293 4875 ἔχειν,
2340 4804 2406 4858 δι’
2449 4805 2643 4874 ὀλίγων
2671 4804 2779 4857 τῶν
2828 4802 3130 4875 εἰρημένων
3174 4799 3351 4873 ῥᾴδιον
3397 4797 3463 4852 ἂν
3496 4800 3709 4866 γένοιτο

2125 4900 2237 4960 τοίς
2283 4896 2752 4967 φιλοπονωτέροις,
2793 4896 3040 4966 αὐτάρκη
3087 4891 3401 4964 συμμαχίαν
3434 4890 3570 4961 πρὸς
3601 4890 3706 4960 τὴν

2127 4987 2384 5059 ἀλήθειαν
2416 4987 2577 5057 ἔχειν.
2610 4988 2797 5048 Ὅπως
2819 4986 2864 5039 δ’
2884 4986 2950 5040 ἂν
2974 4984 3167 5056 φανείη
3197 4980 3547 5036 συντελοῦντα
3568 4981 3705 5052 πρὸς

2126 5080 2217 5131 τὸν
2246 5079 2365 5132 κατ’
2394 5078 2596 5149 ἀρετὴν
2623 5077 2734 5147 βίον
2758 5076 2826 5130 τά
2855 5079 3076 5149 ῥήματα
3103 5073 3301 5135 ταῦτα,
3340 5072 3429 5125 διὰ
3457 5071 3706 5142 βραχέων

2127 5169 2562 5241 ὲπελευσόμεθα’
2599 5170 2944 5241 Πρωτότοκος
2988 5164 3057 5239 ἦν
3100 5166 3208 5221 τῶν
3257 5168 3373 5236 μετ’
3408 5164 3573 5217 αὐτὸν
3621 5165 3709 5216 διᾶ

2133 5265 2436 5337 γεννήσεως
2466 5262 2852 5334 παραχθέντων
2903 5263 2933 5314 ό
2972 5258 3234 5329 Ῥουϐίμο
3280 5258 3357 5319 ὡς
3405 5255 3708 5327 ἐμαρτύρει

2131 5358 2241 5418 τοῖς
2274 5356 2391 5426 μετ’
2420 5355 2581 5409 αὐτὸν
2627 5353 2929 5423 γεννηθεῖσι
2979 5351 3078 5423 τὴν
3126 5350 3262 5422 πρὸς
3300 5347 3461 5402 αὐτὸν
3508 5348 3708 5415 συγγέ-

2131 5464 2276 5499 νειαν
2297 5447 2326 5498 ό
2345 5446 2759 5515 ἐπιφαινόμενος
2787 5442 2969 5505 αὐτοῖς
2994 5439 3299 5513 χαρακτὴρ,
3327 5436 3541 5499 οἰκείως
3567 5435 3709 5503 πρὸς

457 5537 661 5605 fratres
704 5539 873 5609 geniti
921 5553 1135 5604 sumus,
1179 5537 1273 5609 qui
1302 5548 1524 5609 propter
1561 5553 1661 5593 nos
1718 5535 1897 5591 factus
1938 5545 2023 5591 est

2134 5536 2217 5590 τὸν
2245 5535 2582 5607 πρωτότοκον
2611 5532 2773 5603 ἔχων,
2798 5530 2938 5586 ὥστε
2971 5531 3045 5603 μὴ
3079 5526 3390 5600 ἀγνοεῖσθαι
3422 5524 3521 5598 τὴν
3553 5524 3707 5578 ἀδελ-

535 5715 580 5761 ⁹⁸
625 5714 777 5780 Rom.
814 5734 888 5779 XI.
919 5718 1007 5773 56.
1086 5716 1176 5772 ".1
1209 5718 1334 5773 Cor.
1372 5732 1459 5780 xv,
1499 5717 1590 5771 20.

1685 5713 1773 5768 ’τι
1808 5710 2004 5766 Thess.
2035 5724 2108 5777 tv,
2147 5711 2228 5766 13.

2303 5713 2346 5743 ⁸⁵⁸
2380 5710 2515 5767 Gen.
2553 5724 2704 5773 xm,
2736 5706 2824 5771 52.
