3896 6208
268 276 383 332 277

1279 287 1368 344 ne
1409 288 1765 351 euersam
1812 296 2211 359 cumsuam
2250 281 2513 368 sonus.
3425 328 3535 386 278

267 390 509 462 φότητα,
543 389 630 445 διὰ
651 390 748 463 τῆς
778 393 918 447 κατὰ
944 395 1042 466 τὴν
1073 398 1282 470 μορφὴν
1307 403 1620 476 ὁμοιότητος
1652 426 1836 482 μαρτυ-

1956 416 2351 489 primogenitus
2412 424 2466 478 in
2521 424 2708 480 multis
2753 425 3042 499 fratribus,
3086 447 3304 504 aequum
3349 448 3436 493 est
3477 451 3532 496 ut

276 482 574 571 ρουμένην.
623 482 831 537 Οὐκοῦν
867 487 916 538 εἰ
965 485 1051 541 διὰ
1085 490 1183 558 τῆς
1224 491 1528 564 όμοτρόπου
1564 498 1865 571 ἀναγεννή-

276 588 444 636 σεως,
472 564 567 642 τῆξ
592 574 655 626 δι’
682 573 874 639 ὓδατος
908 576 1002 629 καὶ
1029 578 1356 651 πνεύματος,
1391 585 1483 638 καὶ
1518 564 1690 658 ἡμεῖς*
1708 564 1861 644 ἀδελ-

279 664 379 731 φο).
410 663 499 716 τοῦ
531 665 731 735 Κυρίου
763 667 1088 737 γεγόναμεν,
1140 670 1234 723 τοῦ
1280 671 1346 725 δι’
1378 676 1523 745 ἡμᾶς
1570 681 1859 749 γενομένου

278 752 625 822 πρωτοτόκου
662 754 721 806 ὲν
755 755 969 820 πολλοις
1001 757 1246 829 ἀδελφοῖς
1268 779 1281 792 ·
1314 764 1603 821 ἀκόλουθον
1650 768 1715 822 ἂν
1748 770 1856 842 εἴη,

274 841 368 896 διὰ
388 843 495 895 τῶν
517 844 611 897 τοῦ
648 844 765 915 βίου
797 850 1162 920 χαρακτήρων
1208 854 1564 911 ἐπιδεικνύειν
1595 860 1692 932 τὴν
1720 841 1855 934 πρὸς

152 962 167 972 -
273 933 441 987 αὐτὸν
466 936 787 1006 ἀγχιστείαν
809 956 823 969 ⁸
862 941 1316 1014 ἔμμορφουμένου
1341 951 1405 1019 τῇ
1437 948 1547 1023 ζωῇ
1579 954 1611 1022 ἡ
1620 953 1736 1018 μῶν
1763 933 1856 1010 τοῦ

273 1028 621 1098 πρωτ-οτάκου
666 1030 768 1097 τῆς
817 1033 1065 1098 κτίσεως.
1118 1037 1252 1092 Τίνα
1292 1040 1350 1093 δὲ
1395 1045 1714 1115 χαρακτῆρα
1757 1048 1857 1119 τῆς

271 1119 484 1173 ἐκείνου
518 1120 731 1191 μορφῆς
757 1123 904 1194 παρά
933 1125 1033 1195 τῆς
1054 1127 1275 1201 Γραφῆς
1301 1134 1735 1209 μεμαθήκαμεν;
1759 1142 1855 1195 Ὃν

272 1210 492 1274 πολλοῖς
507 1213 826 1283 εἰρήκαμεν,
855 1216 936 1269 ὅτι
954 1235 972 1266 ι
1006 1218 1305 1291 Ἀμαρτίαν
1319 1224 1417 1277 οὐκ
1432 1226 1587 1299 ὲποίη
1597 1245 1707 1296 σεν,
1732 1232 1853 1285 οὐδὲ

271 1301 472 1373 εὑρέθη
495 1302 644 1367 δόλος
671 1305 729 1357 ἐν
760 1304 835 1376 τῷ
869 1306 1093 1378 στόματι
1121 1310 1311 1367 αὐτοῦ.
1348 1332 1366 1365 ι
1395 1316 1602 1373 Οὐκοῦν
1636 1322 1685 1374 εί
1721 1321 1851 1392 μέλ-

271 1391 457 1463 λοιμεν
479 1393 697 1464 ἀδελφοὶ
722 1399 1080 1467 χρηματίζειν
1102 1400 1194 1454 τοῦ
1222 1404 1673 1479 καθηγησαμένου
1695 1412 1850 1483 ήμῶν

269 1484 371 1551 τῆς
403 1487 727 1557 γεννήσεως,
769 1488 832 1540 τὸ
860 1489 1241 1562 ἀναμάρτητον
1267 1494 1364 1565 τῆς
1397 1496 1542 1568 ζωῆς
1568 1502 1600 1571 ὴ
1609 1500 1727 1571 μῶν
1761 1521 1850 1557 am-

270 1576 538 1632 στὼσεται
563 1578 661 1651 τὴν
689 1580 828 1649 πρὸς
859 1582 1068 1637 ἐκεῖνον
1100 1586 1440 1655 συγγένειαν,
1493 1592 1722 1663 μηδενὸς
1751 1594 1847 1666 ρύ-

270 1682 379 1720 που
430 1668 528 1739 τῆς
583 1670 717 1741 πρὸς
775 1673 875 1743 τὴν
950 1673 1295 1747 καθαρότητα
1351 1682 1646 1751 συναφείας
1696 1688 1845 1758 ἡμᾶς

269 1758 642 1830 ἀφορίζοντος.
697 1762 855 1819 Ἀλλά
906 1766 1001 1820 καὶ
1049 1767 1364 1843 δικαιοσύνη
1396 1774 1503 1855 καὶ,
1522 1775 1786 1849 ἁγιασμὸς
1818 1781 1848 1833 ὁ
1877 1760 1920 1817 Β

270 1852 619 1919 πρωτότοκός
659 1856 791 1920 ἐστι,
836 1859 927 1912 καὶ
957 1858 1168 1931 ἀγάπη,
1202 1863 1297 1917 καὶ
1326 1852 1720 1937 ἀπολύτρωσις,
1752 1874 1846 1927 καὶ

269 1939 346 1993 τὰ
373 1941 605 1997 τοιαῦτα.
635 1945 843 1998 Οὐκοῦν
876 1948 925 2000 εί
968 1947 1057 2002 διὰ
1088 1948 1197 2003 τῶν
1225 1950 1480 2006 τοιούτων
1512 1953 1606 2007 καὶ
1644 1958 1672 2009 ὁ
1701 1958 1836 2028 ἠμέ-

263 2048 430 2103 τερος
471 2037 928 2108 χαρακτηρίζοιτο
970 2039 1105 2109 βίος,
1135 2041 1342 2115 ὲναργῆ
1374 2046 1722 2118 παρεξόμεθα
1744 2049 1843 2120 τῆς

260 2123 544 2191 εὐγενείας
573 2127 730 2198 ἡμῶν
763 2128 831 2184 τά
880 2131 1253 2204 γνωρίσματα,
1295 2134 1435 2191 ὥστε
1463 2138 1553 2192 τὸν
1583 2137 1755 2194 ταῦτα
1782 2141 1842 2194 ὲν

258 2214 329 2283 τῇ
362 2212 472 2285 ζωῇ
501 2215 818 2288 καθορῶντα
845 2223 911 2291 τῇ
942 2221 1207 2294 ἡμετέρᾳ,
1240 2230 1681 2301 προσμαρτυρεῖν
1711 2230 1843 2301 ἡμῖν

1964 508 2088 563 vitae
2146 510 2317 580 signis
2384 523 2630 569 nostram
2695 531 2820 573 cum
2883 520 3004 590 ipso
3069 526 3533 585 necessitudinem

1962 597 2359 656 ostendamus:
2396 601 2520 656 vita:
2553 603 2699 658 enim
2746 614 2945 663 nostra:
2982 608 3211 667 formam
3255 615 3535 685 impressit

1962 688 2357 760 primogenitus
2395 699 2680 749 creaturae.
2721 696 2857 763 Quae
2881 710 3059 755 autem
3094 703 3167 758 sit
3192 705 3312 774 ejus
3339 707 3531 765 formae

1960 788 2112 843 nota,
2152 795 2217 835 ex
2254 779 2535 853 Scriptura
2576 800 2721 857 saepe
2751 795 3325 854 commemoravimus.
3364 817 3385 850 ι
3421 799 3529 866 Qui

1959 878 2270 939 peccatum,
2314 893 2332 924 ι
2373 874 2570 944 inquit,
2615 896 2634 929 ι
2667 893 2776 933 non
2824 880 2970 947 fecit,
3014 899 3115 939 nec
3151 885 3404 945 inventus
3442 899 3529 945 est

1958 961 2118 1017 dolus
2167 962 2220 1017 in
2267 979 2360 1019 ore
2405 966 2525 1035 ejus
2548 969 2615 1022 ⁸⁸.
2649 989 2668 1021 ι
2726 968 2961 1028 Proinde
3021 983 3205 1031 utrum
3250 978 3397 1035 illius
3432 983 3525 1051 qui

1957 1053 2313 1121 generatione
2346 1058 2629 1124 praecessit
2673 1061 2933 1131 appellari
2967 1063 3159 1122 fratres
3202 1067 3522 1137 debeamus,

1950 1140 2269 1211 innocentia
2311 1147 2435 1200 vitae
2484 1149 2861 1206 testimonium
2910 1153 3079 1222 dabit,
3120 1156 3167 1211 si
3213 1159 3363 1214 nulla
3411 1176 3527 1215 ma-

1953 1233 2074 1288 cula
2097 1248 2127 1287 a
2160 1235 2411 1304 puritatis
2432 1239 2825 1309 conjunctione
2857 1259 2957 1299 nos
2986 1249 3343 1317 separaverit.
3370 1249 3520 1307 Prae-

1951 1328 2099 1376 terea
2124 1322 2339 1392 justitia
2381 1334 2465 1382 est
2509 1329 2929 1400 pr'rtnogenitus,
2959 1342 3014 1390 et
3045 1338 3432 1405 sanctiﬁcatio,
3468 1352 3522 1399 et

1950 1411 2217 1481 Charitas,
2268 1425 2325 1472 et
2362 1421 2687 1490 redemptio,
2736 1431 2791 1480 et
2822 1426 2926 1481 alia
2972 1428 3265 1497 ejusmodi.
3310 1431 3523 1498 Quibus

1949 1504 1995 1558 si
2027 1504 2135 1559 vita
2188 1507 2314 1563 item
2358 1518 2550 1566 nostra
2580 1512 2744 1571 fuerit
2778 1516 3059 1590 insignita,
3092 1520 3228 1578 adeo
3258 1524 3520 1594 praeclara

1947 1596 2310 1668 prmbebimus
2341 1609 2546 1658 nostrae
2593 1606 2893 1664 nobilitatis
2937 1610 3159 1679 indicia,
3194 1622 3272 1680 ut,
3298 1615 3393 1685 qui
3425 1616 3519 1671 illa

1947 1691 2335 1758 conspexerint
2360 1690 2417 1746 in
2452 1703 2639 1748 nostra
2680 1696 2814 1762 vita,
2846 1698 2948 1769 ipsi
2976 1715 3195 1772 quoque
3224 1719 3325 1760 nos
3358 1702 3520 1760 Chri-

1947 1778 2018 1834 sti
2041 1778 2242 1835 fratres
2283 1796 2428 1847 esse,
2482 1784 2593 1839 sint
2640 1794 2809 1843 testes
2843 1787 3036 1846 luturi.
3076 1791 3193 1861 Ipse
3234 1796 3381 1850 enim
3432 1804 3521 1851 est

1942 1868 2038 1939 qui
2066 1873 2495 1930 resurrectionis
2523 1876 2687 1932 nobis
2720 1879 2932 1935 aditum
2956 1882 3232 1953 patefecit,
3267 1892 3324 1941 et
3359 1885 3430 1941 ob
3456 1887 3515 1942 id

1941 1958 2198 2027 primitiae
2228 1958 2617 2019 dormientium
2649 1965 2827 2025 factus
2856 1981 2960 2026 est.
2986 1969 3097 2027 Nos
3128 1973 3293 2044 igitur
3323 1989 3517 2032 omnes

1941 2060 2350 2110 resurrecturos
2398 2055 2456 2110 in
2502 2057 2613 2113 ictu
2658 2061 2803 2115 oculi
2857 2062 2915 2118 in
2962 2065 3262 2121 novissima
3317 2068 3450 2123 tuba
3470 2069 3517 2101 ⁶⁶

1939 2157 2122 2213 perea
2147 2143 2564 2217 demonstravit,
2600 2158 2715 2206 tum
2755 2168 2877 2224 quae
2916 2155 2971 2210 in
3010 2156 3218 2228 seipse,
3245 2168 3362 2215 tum
3393 2176 3516 2232 quae

1949 2234 2003 2288 in
2029 2236 2247 2293 caeteris
2277 2239 2372 2309 qui
2411 2254 2442 2294 a
2468 2250 2646 2298 morte
2675 2245 3022 2312 tenebantur,
3046 2248 3247 2306 etfacit.

252 2303 362 2375 τὴν
395 2306 528 2378 πρὸς
561 2308 652 2361 τὸν
695 2311 928 2380 Χριστὸν
953 2312 1309 2387 ἀδελφότητα.
1342 2316 1514 2381 Αὐτὸς
1541 2320 1649 2393 γάρ
1689 2321 1837 2376 ἐστιν
1872 2322 1901 2376 ὁ
1928 2323 2146 2391 ἀνοίξας
2192 2303 2325 2399 ἡμῖν
2356 2331 2455 2403 τὴν
2486 2330 2657 2404 θύραν
2688 2336 2788 2407 τῆς
2830 2303 3244 2406 ἀναστάσεωςςη
3265 2344 3360 2397 καὶ
3425 2344 3517 2397 διὰ

251 2400 416 2456 τοῦτο
434 2402 656 2476 ἀπαρχὴ
680 2404 789 2459 τῶν
816 2409 1230 2481 κεκοιμημένων
1249 2413 1552 2483 γενόμενος.
1586 2413 1710 2470 Ὅτι
1771 2417 1870 2488 μὲν
1905 2414 1998 2473 οὖν
2027 2420 2226 2486 πάντες
2253 2400 2671 2499 ἀναήησόμεθα
2702 2400 2761 2484 ὲν
2786 2431 2991 2505 ἀτόμῳ,
3024 2435 3081 2487 ὲν
3114 2400 3252 2508 ῥοπῇ
3319 2436 3523 2506 ὀφθαλο

256 2493 385 2565 μού.
429 2497 490 2550 ἐν
532 2500 598 2568 τῇ
645 2499 851 2575 ἐσχάτῃ
888 2501 1146 2573 σάλπιγγι
1174 2522 1188 2537 ·
1222 2504 1380 2560 τοῦτο
1410 2507 1629 2575 ἔδειξεν,
1668 2505 1751 2574 οίς
1776 2527 1836 2564 τε
1873 2512 1958 2582 ἐφ’
1984 2514 2179 2569 ἑαυτοῦ
2209 2518 2303 2572 καὶ
2333 2515 2415 2584 οἷς
2560 2520 2669 2577 τῶν
2700 2493 2924 2592 λοιπῶν,
2943 2493 3065 2582 ’τῶν
3092 2493 3195 2582 ύπὸ
3226 2493 3375 2582 ’ποῦ’
3415 2529 3514 2584 ϐα-

251 2585 419 2640 νάτου
461 2590 864 2661 κρατηθέντων,
892 2594 1168 2667 ἐποίησεν.

327 2682 402 2735 Ού
457 2684 565 2754 μὴν
619 2686 709 2757 ίση
754 2690 1085 2756 κατάστασις
1115 2694 1174 2747 ἐν
1221 2693 1300 2766 τῷ
1348 2695 1487 2770 μετά
1522 2695 1694 2753 ταῦτα
1738 2692 1842 2770 βίῳ

250 2773 468 2839 πάντας
512 2778 640 2840 τοὺς
686 2778 751 2832 ἐκ
783 2779 877 2834 τοῦ
907 2784 1009 2853 τῆς
1060 2784 1163 2855 γῆς
1201 2785 1458 2857 χώματος
1498 2790 1839 2854 ἀναστάντας

252 2865 552 2930 ἐκδέξεται.
579 2868 715 2923 ἀλλά
762 2890 781 2922 ι
811 2873 1211 2945 Πορευσόμεθα,
1236 2896 1256 2930 ι
1292 2879 1477 2949 φησὶν,
1513 2881 1602 2934 toi
1638 2882 1737 2953 μὲν
1771 2882 1839 2937 τά

247 2958 439 3025 ἀγαθά
477 2962 802 3029 ποιήσαντες
827 3002 843 3027 ,
881 2967 962 3028 είς
998 2966 1292 3022 ἀνάστασιν
1334 2969 1480 3041 ζωῆς
1503 2988 1519 3004 ·
1564 2973 1615 3026 οἱ
1667 2972 1724 3025 δὲ
1768 2973 1839 3028 τὰ

2007 2697 2207 2755 Verum
2234 2701 2289 2756 in
2314 2717 2380 2758 ea
2410 2719 2531 2775 quae
2553 2705 2737 2762 futura
2767 2714 2852 2765 est
2879 2709 2988 2764 vita
3017 2724 3125 2766 non
3152 2709 3295 2768 idem
3318 2728 3512 2773 omnes

1934 2799 2148 2848 δίει-ηρ
2218 2796 2432 2852 tumulo
2494 2806 2783 2870 surgentes
2853 2800 3059 2872 excipit
3119 2809 3338 2870 status,
3408 2808 3508 2863 sed

1938 2898 1959 2932 ι
1992 2880 2172 2947 Ibunt,
2214 2903 2233 2937 ι
2286 2883 2496 2956 inquit,
2528 2906 2548 2940 ι
2576 2889 2671 2959 qui
2706 2889 2850 2945 bona
2891 2889 3160 2957 fecerunt,
3216 2893 3273 2949 in
3317 2909 3510 2951 resur-

1934 2972 2234 3029 rectionem
2260 2977 2405 3040 vitm,
2439 2978 2532 3047 qui
2563 2994 2692 3035 vero
2727 2982 2870 3036 mala
2923 2991 3168 3055 egerunt,
3225 2984 3284 3040 in
3330 3000 3516 3042 resur-

249 3047 438 3116 φαῦλα
470 3051 791 3120 πράξαντες,
821 3055 903 3118 είς
928 3055 1223 3113 ἀνάστασιν
1255 3058 1506 3131 κρίσεως.
1538 3080 1558 3114 ι
1598 3063 1759 3117 Ὥστε
1787 3063 1836 3117 εί

1940 3062 2237 3118 rectionem
2258 3063 2453 3134 judicii
2475 3067 2540 3121 ⁸¹.
2573 3086 2593 3120 ι
2624 3047 2988 3134 Quamobrem
3032 3072 3079 3129 si
3110 3072 3272 3143 cujus
3304 3075 3416 3129 vita
3441 3076 3511 3132 ad

246 3156 400 3204 τινος
428 3140 566 3212 πρὸς
605 3142 704 3215 τὴν
755 3142 989 3217 φοϐερὰν
1042 3147 1256 3218 ἐκείνην
1307 3151 1630 3223 κατάκρισιν
1664 3155 1694 3207 ὁ
1721 3152 1835 3224 βίος

249 3231 442 3302 βλέπει
466 3250 481 3265 ’
529 3227 704 3302 οὗτος,
753 3237 860 3291 κᾶν
900 3236 992 3292 διὰ
1031 3239 1129 3309 τῆς
1156 3240 1360 3295 ἀνωθεν
1391 3244 1693 3315 γεννήσεως
1722 3247 1834 3309 τοῖς

244 3323 501 3393 ἀδελφοῖς
546 3326 642 3380 τοῦ
679 3328 883 3398 Κυρίου
931 3330 1430 3404 συναριθμούμενος
1470 3334 1627 3407 τύχῃ.
1661 3353 1832 3391 κατα-

242 3416 504 3485 ψεύδεται
531 3418 628 3473 τοῦ
669 3420 951 3492 ὀνόματος,
983 3423 1042 3477 ἐν
1070 3426 1135 3496 τῇ
1170 3429 1351 3497 μορφῇ
1385 3427 1484 3497 τῆς
1510 3429 1708 3492 κακίας
1737 3430 1834 3499 τὴν

244 3508 393 3581 πρὸς
421 3511 512 3564 τὸν
556 3514 899 3584 πρωτότοκον
925 3517 1243 3587 ἀγχιστείαν
1290 3517 1639 3588 ἀρνούμενος.
1689 3521 1746 3574 Ὀ
1775 3521 1832 3574 δὲ

246 3600 482 3672 μεσίτης
508 3601 643 3655 Θεοῦ
675 3604 770 3657 καὶ
810 3605 1133 3677 ἀνθρώπων,
1164 3608 1193 3660 ὁ
1220 3608 1288 3661 δι’
1318 3607 1512 3663 ἑαυτοῦ
1546 3610 1831 3664 συνάπτων

244 3690 331 3762 τῷ
355 3691 476 3762 Θεῷ
502 3692 563 3747 τὸ
589 3694 951 3766 ἀνθρώπινον,
979 3699 1154 3752 ἐκεῖνο
1193 3700 1450 3754 συνάπτει
1480 3700 1661 3770 μόνον,
1694 3702 1831 3774 ὅπερ

242 3782 321 3836 ἂν
344 3782 453 3852 τῆς
477 3784 612 3855 πρὸς
629 3786 759 3841 Θεὸν
790 3790 1071 3858 συμφυΐας
1101 3789 1249 3856 ἀξιον
1386 3791 1598 3863 Ὥσπερ
1621 3786 1713 3845 οὖν
1741 3792 1832 3845 τὸν

241 3874 458 3928 ἑαυτοῦ
505 3875 781 3947 ἄνθρωπον
824 3884 890 3953 τῇ
933 3881 1158 3952 δυνάμει
1215 3883 1312 3953 τῆς
1353 3881 1604 3955 θεότητος
1651 3883 1831 3955 ἑαυτῷ

244 3964 664 4036 προσῳκείωσε,
697 3970 857 4040 μέρος
893 3972 991 4041 μὲν
1014 3971 1112 4041 τῆς
1145 3971 1331 4041 κοινῆς
1358 3971 1571 4041 φύσεως
1597 3972 1746 4039 ὄντα,
1766 3974 1828 4027 οὐ

246 4056 360 4127 μὴν
392 4058 511 4121 τοῖς
542 4058 763 4113 πάθεσιν
789 4062 1218 4117 ὑποπεπτωκότα
1242 4064 1342 4134 τῆς
1371 4062 1587 4132 φύσεως
1615 4067 1726 4127 τοῖς
1750 4065 1828 4128 είς

241 4146 531 4218 ἁμαρτίαν
561 4149 979 4222 ἑκκαλουμένοις
1008 4153 1027 4223 (
1057 4171 1075 4205 ι
1098 4153 1396 4223 Ἀμαρτίαν
1422 4174 1440 4207 ι
1483 4154 1610 4225 γὰρ,
1644 4154 1828 4226 φησὶν,

247 4256 271 4290 ι
300 4239 405 4292 οὐκ
438 4240 714 4313 ἐποίησεν,
744 4244 865 4297 οὐδὲ
915 4244 1111 4317 εὑρέθη
1173 4244 1321 4309 δόλος
1368 4247 1427 4299 ὲν
1477 4244 1555 4316 τῷ
1603 4245 1829 4315 στόματι

242 4327 420 4383 αὐτοῦ
458 4349 479 4383 ›
506 4330 549 4401 )°
601 4332 744 4385 οὕτω
775 4334 1019 4398 καὶτοὺς
1043 4335 1164 4387 καθ’
1191 4335 1415 4389 ἕκαστον
1455 4334 1713 4406 προσάξει
1760 4336 1826 4405 τῇ

1932 3150 2339 3210 formidandam
2386 3157 2536 3211 illam
2601 3167 2815 3229 spectat
2872 3160 3406 3231 condemnationem,
3462 3165 3512 3221 is

1938 3243 2157 3298 tametsi
2213 3259 2313 3314 per
2366 3248 2835 3316 regenerationem
2887 3250 2956 3304 ad
3003 3250 3243 3311 fratrum
3294 3251 3512 3311 Domini

1934 3347 2223 3388 numerum
2256 3334 2399 3392 forte
2426 3336 2701 3406 ascriptus
2742 3338 2836 3405 sit,
2870 3354 3071 3394 nomen
3096 3341 3414 3411 ementitur,
3451 3344 3510 3400 in

1933 3425 2155 3480 malitiae
2193 3425 2364 3481 forma
2410 3428 2617 3482 nullam
2651 3443 2776 3484 cum
2822 3431 3188 3502 primogenita
3229 3437 3511 3505 cognatio-

1934 3531 2055 3569 nem
2086 3531 2198 3587 praa
2241 3532 2301 3572 se
2338 3517 2544 3575 ferens.
2591 3519 2857 3577 Mediator
2894 3529 3076 3579 autem
3108 3524 3203 3581 Dei
3245 3535 3301 3583 et
3331 3528 3510 3584 homi-

1933 3621 2087 3672 num,
2114 3607 2210 3676 qui
2257 3623 2354 3678 per
2382 3610 2627 3681 scipsum
2672 3626 2846 3684 genus
2883 3612 3179 3672 humanum
3222 3617 3509 3690 conjungit

1939 3696 2071 3764 Deo,
2114 3700 2293 3755 solum
2334 3702 2467 3758 illud
2510 3704 2797 3776 conjungit
2824 3706 2968 3776 quod
3013 3721 3077 3762 ea
3117 3708 3507 3778 conjunctione

1933 3789 2007 3844 sit
2040 3787 2287 3859 dignum.
2318 3790 2786 3858 Quemadmodum
2835 3795 3040 3849 virtute
3088 3795 3276 3851 divina
3323 3798 3507 3854 homi-

1933 3897 2060 3937 nem
2089 3883 2288 3952 induit,
2315 3893 2542 3941 eatenus
2571 3886 2793 3956 quidem
2810 3886 3062 3943 humanae
3095 3898 3309 3946 natura:
3332 3892 3507 3961 parti-

1932 3972 2130 4043 cipem,
2173 3987 2234 4030 ut
2256 3977 2422 4032 nullis
2455 3984 2664 4033 naturae
2696 3979 3201 4048 perturbationibus
3223 3984 3288 4040 ad
3306 4000 3506 4055 pecca-

1930 4073 2045 4118 tum
2067 4067 2433 4123 excitantibus
2457 4068 2794 4139 subjaceret:
2825 4087 2845 4121 ι
2868 4070 3155 4128 Peccatum
3181 4092 3201 4127 ι
3229 4075 3399 4142 enim,
3420 4078 3505 4132 in-

1933 4156 2072 4225 quit,
2094 4176 2113 4208 ‹
2139 4172 2249 4212 non
2271 4157 2421 4223 fecit,
2443 4173 2544 4214 nec
2564 4160 2819 4216 inventus
2833 4172 2919 4217 cst
2935 4164 3166 4218 dolusin
3179 4180 3273 4220 ore
3295 4167 3446 4234 ejus:
3475 4184 3507 4219 ι

1933 4246 2015 4301 sic
2055 4246 2305 4301 homines
2337 4247 2585 4317 singulos
2620 4246 2689 4301 ad
2720 4248 3024 4305 divinitatis
3051 4253 3500 4307 communionem

1932 4336 2185 4403 adducet,
2228 4336 2274 4392 si
2324 4336 2459 4392 nibil
2504 4352 2568 4392 ea
2617 4338 2925 4396 divinitatis
2973 4340 3365 4411 conjunctione
3408 4344 3494 4399 in-

242 4421 517 4493 συναφεεᾳ
543 4422 643 4492 τῆς
669 4421 942 4495 θεότητος,
976 4428 1027 4479 εί
1060 4427 1227 4498 μηδὲν
1251 4427 1538 4496 ἐπάγοιντο
1562 4428 1663 4497 τῆς
1691 4426 1825 4499 πρὸς

1940 4424 2158 4497 dignum
2186 4423 2437 4480 ali‘erant.
2476 4422 2534 4480 Si
2565 4426 2691 4496 quis
2712 4427 2973 4483 nimirum
2995 4445 3122 4486 vere
3146 4430 3220 4485 sit
3236 4431 3498 4501 templum

239 4509 482 4564 τδΘεῖον
512 4514 808 4583 συναφείας
835 4516 1071 4581 ἀνάξιον.
1117 4517 1255 4571 Ἀλλ’
1290 4518 1344 4571 εί
1384 4536 1466 4582 τις
1495 4517 1708 4590 ἀληθῶς
1739 4517 1823 4587 εἴη

238 4599 382 4655 Θεοῦ
413 4603 561 4670 ναὸς,
592 4605 759 4674 μηδὲν
805 4607 1005 4672 κακίας
1053 4609 1266 4663 εἴδωλον
1298 4612 1392 4664 καὶ
1440 4609 1722 4681 ἀφίδρυμα
1767 4609 1825 4662 ὲν

237 4695 429 4766 ἑαυτῷ
461 4698 753 4768 περιέχων,
786 4694 939 4764 οὗτος
968 4701 1073 4755 ὑπὸ
1096 4703 1189 4756 τοῦ
1219 4703 1438 4775 μεσίτου
1465 4704 1600 4776 πρὸς
1631 4720 1818 4775 μετου-

236 4790 369 4843 σίαν
412 4788 518 4859 τῆς
567 4791 819 4860 θεότητος
861 4793 1368 4866 παραληφθήσεται.
1403 4795 1641 4867 καθαρὸς
1672 4797 1826 4865 γενό-

238 4897 408 4950 μενος
455 4882 594 4954 πρὸς
639 4883 737 4955 τὴν
786 4884 1049 4957 ὑποδοχὴν
1093 4886 1191 4958 τῆς
1222 4886 1387 4941 αὐτοῦ
1437 4887 1821 4959 καθαρότητος.

234 4970 385 5025 Οὔτε
413 4973 523 5044 γὰρ
551 4976 633 5038 είς
660 4977 986 5047 κακότεχνον
1027 4978 1203 5050 ψυχὴν
1241 4978 1604 5032 εἰσελεύσεται
1642 4978 1823 5047 σοφία,

236 5060 430 5125 καθὼς
447 5064 476 5115 ό
499 5063 657 5133 λόγος
689 5065 872 5137 φησὶν,
906 5065 1028 5119 οὔτε
1052 5070 1081 5120 ὁ
1108 5067 1341 5140 καθαρὸς
1368 5072 1433 5141 τῇ
1468 5068 1663 5140 καρδίᾳ
1700 5068 1825 5122 ἄλλο

224 5167 287 5204 τι
320 5152 472 5221 παρά
498 5152 591 5206 τὸν
615 5153 748 5208 Θεὸν
773 5157 832 5209 ὲν
859 5156 1039 5227 ἑαυτῷ
1067 5156 1255 5227 βλέπει
1278 5174 1290 5188 υ
1322 5151 1365 5225 ᾧ
1384 5158 1471 5211 διὰ
1494 5160 1591 5229 τῆς
1615 5157 1819 5229 ἀφθαρο

222 5241 367 5303 σίας
399 5243 845 5315 προσκολληθεὶς,
879 5246 1030 5311 ὲντὸς
1062 5247 1259 5301 ἑαυτοῦ
1290 5250 1467 5301 πᾶσαν
1490 5248 1588 5319 τὴν
1606 5246 1816 5321 ἀγαθὴν

217 5330 518 5404 βασιλείαν
546 5335 781 5403 ἐδέξατο.
826 5338 1042 5392 Μᾶλλον
1081 5339 1124 5392 δ’
1158 5338 1225 5393 ἂν
1256 5339 1465 5407 γένοιτο
1494 5341 1623 5411 ἡμῖν
1649 5357 1817 5394 κατα-

216 5423 410 5495 φανὲς
433 5425 494 5478 τὸ
515 5425 825 5497 λεγόμενον,
855 5431 906 5482 εί
936 5430 1037 5501 τὴν
1067 5429 1161 5484 τοῦ
1189 5430 1394 5502 Κυρίου
1416 5431 1619 5501 φωνὴν,
1641 5431 1708 5502 ῆν
1730 5430 1817 5485 διὰ

214 5517 335 5587 τῆς
360 5516 593 5587 ’Μαρίας
622 5519 757 5590 πρὸς
799 5523 926 5586 τοὺς
968 5522 1297 5588 ἀποστόλους
1331 5523 1641 5594 πεποίηται,
1677 5524 1813 5594 πρὸς

292 5702 353 5738 ⁸⁸
393 5702 412 5757 ι
447 5701 592 5760 Patr.
629 5721 685 5760 ιι.
717 5706 806 5763 Ἡ.
886 5708 970 5764 “l
999 5710 1105 5766 Cor
1157 5729 1244 5775 κν,
1279 5714 1364 5770 ‘32.

1926 4517 2043 4581 Dei,
2076 4517 2400 4588 nullumque
2445 4518 2668 4574 malitia;
2712 4519 3066 4576 simulacrum
3122 4532 3215 4577 aut
3257 4531 3496 4580 statuam

1925 4609 2224 4675 contineat,
2271 4609 2319 4664 is
2347 4624 2377 4663 a
2417 4608 2737 4675 mediatore,
2767 4619 2828 4666 ut
2874 4610 3178 4669 divinitatis
3206 4615 3479 4685 particeps

1926 4699 2052 4765 ﬁat,
2099 4700 2438 4766 admittetur,
2476 4716 2600 4756 cum
2646 4717 2819 4773 purus
2866 4704 2939 4759 sit
2986 4712 3053 4760 et
3092 4704 3162 4760 ad
3204 4706 3497 4775 puritatem

1926 4787 2102 4859 ipsius
2148 4788 2553 4860 suscipiendam
2602 4788 2853 4845 idoneus.
2882 4790 3069 4861 Neque
3105 4791 3252 4846 enim
3286 4791 3340 4846 in
3374 4805 3477 4845 ma-

1926 4879 2154 4936 levolam
2197 4881 2458 4947 animam,
2494 4888 2552 4935 ut
2583 4880 2850 4951 scriptum
2897 4889 2983 4936 est
3014 4882 3082 4946 “,
3114 4881 3365 4936 introibit
3411 4894 3500 4936 sa-

1925 4973 2151 5043 pientia,
2181 4978 2237 5027 et
2263 4973 2356 5043 qui
2388 4972 2628 5028 mundus
2678 4981 2762 5028 est
2811 4971 2997 5037 corde,
3031 4971 3168 5027 nihil
3210 4973 3264 5027 in
3312 4973 3497 5043 seipse

1927 5071 2125 5134 przetcr
2156 5062 2323 5118 Deum
2348 5063 2565 5126 videns.
2597 5063 3026 5134 incorrupteque
3050 5063 3155 5134 ipsi
3185 5066 3490 5129 cohaerens,

1925 5170 2089 5209 omne
2126 5154 2329 5209 bonum
2375 5170 2603 5224 regnum
2647 5156 2701 5210 in
2751 5169 2812 5209 se
2849 5155 3079 5224 accepit.
3130 5155 3395 5209 Caeterum
3438 5153 3492 5207 id

1924 5248 2070 5317 quod
2122 5247 2267 5311 dico,
2310 5249 2485 5318 magis
2529 5250 2890 5318 perspicuum
2915 5248 3027 5312 ﬁet,
3073 5248 3120 5303 si
3169 5250 3331 5303 verba
3369 5264 3494 5316 qum

1924 5337 2190 5393 Dominus
2233 5338 2496 5408 apostolis
2558 5355 2652 5408 per
2706 5338 2930 5394 Mariam
2989 5338 3232 5392 nuntiari
3291 5340 3490 5403 voluit,

1925 5430 2395 5486 considerabimus
2427 5449 2439 5484 :
2476 5448 2495 5481 ι
2530 5430 2806 5496 Ascendo,
2832 5449 2850 5482 ι
2883 5430 3080 5500 inquit,
3118 5446 3137 5479 ι
3172 5428 3239 5481 ad
3275 5428 3495 5485 Patrem

1924 5537 2102 5579 meum
2127 5528 2181 5577 et
2210 5520 2425 5577 Patrem
2451 5528 2713 5589 vestrum,
2742 5531 2797 5579 et
2831 5520 2999 5578 Deum
3024 5534 3203 5576 meum
3231 5531 3283 5577 et
3320 5518 3493 5576 Deum

1442 5714 1484 5745 θ’
1507 5714 1661 5771 Joan.
1689 5733 1740 5778 v.
1772 5714 1857 5768 ‘29.
1943 5717 1985 5748 θ’
2029 5714 2157 5771 εει).
2195 5730 2234 5777 ι,
2264 5714 2313 5768 i.
