3896 6208
433 302 536 355 279

1596 306 1652 363 S.
1697 309 2018 366 CREGDRII
2063 313 2352 369 NYSSENI

3571 311 3670 366 ἑτι)

432 416 672 463 vestrum
715 409 778 461 ⁶³.
818 429 835 462 ι
873 408 996 465 llzec
1021 410 1164 464 enim
1196 410 1272 465 ait
1303 414 1573 471 mediator
1601 419 1745 474 inter
1784 420 1997 477 Patrem

2112 429 2200 497 τὴν
2253 427 2547 496 σαφήνειαν
2593 424 2703 477 τῶν
2754 422 3059 495 εἰρημένων
3117 419 3673 494 συμπαραλάσοιμενο

432 507 488 553 et
528 499 810 555 abdicatos
843 500 1003 563 ﬁlios,
1051 502 1145 571 qui
1200 503 1456 561 inimicos
1509 508 1597 563 Dei
1627 512 2002 568 reconciliavit

433 604 581 644 vera:
621 598 675 644 et
719 591 821 645 soli
864 591 1166 649 Divinitati.
1215 592 1351 648 Nam
1405 598 1532 667 quia
1582 615 1678 669 per
1714 612 1998 672 peccatum

426 678 592 747 juxta
609 680 987 750 propheticum
1016 698 1321 740 sermonem
1353 687 1572 741 alienati
1598 699 1724 745 sunt
1754 694 2001 752 homines

432 782 464 820 a
507 769 719 823 vivilica
754 771 938 837 vulva,
988 780 1041 827 et
1087 783 1409 828 erraverunt
1455 776 1525 831 ab
1579 786 1736 834 utero
1789 782 1843 835 in
1892 799 2002 854 quo

436 855 652 912 formati
695 857 935 922 fuerant,
976 875 1076 929 pro
1124 862 1353 917 veritate
1385 864 1732 924 mendacium
1780 869 2002 941 loquen-

434 954 517 1001 tes
544 946 613 1012 “,
642 946 851 1004 idcirco
877 958 1086 1005 natura:
1121 953 1426 1007 communis
1458 955 1730 1024 primitias
1755 975 1850 1029 per
1877 976 2002 1017 cor-

429 1049 537 1104 pus
583 1042 636 1090 et
669 1037 905 1093 animam
962 1053 1275 1105 assumens,
1331 1057 1532 1113 easque
1589 1049 1737 1103 nulla
1795 1052 2002 1108 malitia

432 1127 627 1183 mistas
661 1137 755 1183 aut
802 1132 1202 1189 contaminatas
1232 1135 1286 1189 in
1328 1151 1387 1191 se
1415 1152 1750 1197 conservans
1780 1155 2004 1203 sanctas

433 1217 615 1274 eliccit
646 1237 660 1273 :
691 1228 749 1274 ut
793 1236 888 1276 eas
934 1223 1282 1293 incorruptas
1336 1225 1599 1285 dedicans
1632 1229 1803 1299 Patri,
1838 1234 2003 1291 simul

432 1310 597 1363 etiam
636 1312 878 1367 traheret
906 1314 1175 1384 quidquid
1204 1317 1286 1373 eis
1332 1330 1528 1375 natura
1572 1331 1625 1377 et
1677 1339 1880 1395 genere
1917 1343 2006 1383 co-

432 1409 656 1473 gnatum
702 1413 867 1467 esset,
899 1412 954 1459 et
995 1421 1113 1470 eos,
1150 1409 1243 1477 qui
1277 1410 1515 1466 abdicati
1547 1414 1849 1486 rejectique
1887 1418 2003 1475 l‘ue—

431 1502 584 1559 rant,
624 1495 764 1551 ﬁhos
807 1496 1080 1562 redderet,
1133 1508 1189 1554 et
1234 1502 1488 1557 inimicos
1542 1502 1637 1559 Dei
1697 1506 2004 1569 divinitatis

430 1585 554 1654 ejus
598 1586 896 1657 participes
958 1588 1181 1645 faceret.
1224 1590 1292 1645 Ut
1337 1607 1468 1663 ergo
1505 1610 1701 1652 massa:
1750 1601 2006 1668 primitiae

335 1682 338 1685 ‘
431 1678 670 1747 puritate
723 1685 889 1748 atque
935 1680 1249 1737 innocentia
1293 1699 1422 1739 vero
1468 1683 1616 1741 Patri
1645 1695 1701 1744 et
1735 1688 1846 1745 Deo
1880 1707 2006 1747 con-

431 1768 627 1824 ciliata:
669 1777 797 1825 sunt
835 1793 847 1826 :
890 1772 972 1827 sic
1021 1773 1187 1828 etiam
1241 1790 1363 1839 nos,
1416 1777 1507 1847 qui
1554 1794 1735 1836 massa
1787 1799 1999 1852 sumus,
2034 1762 2077 1817 Β

432 1858 629 1915 iisdem
676 1862 988 1919 rationibus
1036 1881 1161 1920 cum
1206 1869 1456 1924 veritatis
1492 1867 1655 1927 Patre
1700 1874 2005 1946 conjunge-

432 1966 577 2019 mur,
627 1952 675 2007 si
723 1954 1043 2012 mediatoris
1094 1956 1464 2015 innocentiam
1519 1971 1573 2030 et
1631 1970 2003 2024 constantiam

431 2055 533 2113 pro
574 2044 786 2101 viribus
822 2046 1183 2131 imitabimur.
1217 2048 1310 2106 Sic
1363 2055 1510 2109 enim
1561 2057 1770 2115 erimus
1813 2062 2004 2133 unige-

432 2134 533 2191 niti
580 2134 674 2190 Dei
713 2151 915 2192 corona
964 2154 1029 2193 ex
1078 2141 1353 2210 lapidibus
1400 2148 1680 2214 pretiosis,
1730 2152 1908 2209 honor
1951 2166 2007 2212 et

382 2244 387 2249 '
433 2226 607 2295 gloria
650 2243 748 2297 per
779 2229 950 2283 vitam
1002 2230 1200 2287 ell‘ecti.
1245 2233 1381 2289 Nam
1429 2236 1635 2295 Paulus
1665 2242 1818 2307 dicit,
1864 2262 2005 2316 quo-

432 2318 582 2372 niam
633 2338 651 2370 ι
687 2319 933 2376 Minuisti
960 2338 1083 2378 eum
1117 2326 1284 2394 paulo
1334 2328 1517 2383 minus
1546 2332 1614 2386 ab
1655 2337 1860 2405 angelis
1882 2339 1949 2403 “,
1980 2359 1999 2392 ›

430 2420 656 2481 propter
703 2413 1009 2468 cruciatum
1051 2418 1267 2473 mortis.
1323 2418 1565 2490 Maiores,
1599 2426 1743 2480 enim
1785 2442 2005 2488 nostros

432 2500 488 2553 in
511 2501 680 2570 spina:
706 2509 960 2557 naturam
1005 2505 1074 2560 ob
1102 2517 1390 2575 peccatum
1422 2527 1723 2572 conversos
1752 2518 1856 2574 sibi
1890 2523 2008 2592 ipse

432 2608 499 2648 ex
546 2595 741 2649 mortis
781 2594 1142 2666 dispositione
1195 2615 1455 2656 coronam
1508 2607 1656 2669 l'ecit.
1694 2620 1749 2664 et
1792 2614 2005 2682 spinam

433 2685 488 2737 in
524 2684 786 2740 honorem
819 2695 873 2742 et
904 2690 1132 2758 gloriam
1160 2692 1419 2760 patiendo
1450 2704 1825 2756 commutavit.
1861 2705 2008 2770 Quo-

433 2782 579 2831 circa
631 2793 757 2832 cum
812 2782 980 2834 semel
1034 2783 1224 2837 mundi
1272 2796 1552 2854 peccatum
1602 2795 1909 2862 sustulerit,
1954 2807 2010 2853 et

434 2868 909 2954 capithcoronam
941 2871 1009 2926 de
1037 2874 1215 2942 spinis
1256 2881 1552 2953 acceperit,
1587 2891 1647 2936 ut
1697 2902 1762 2940 ex
1799 2888 2009 2946 honore

435 2966 487 3013 et
519 2949 694 3030 gloria
728 2975 988 3017 coronam
1027 2973 1375 3032 contexeret,
1431 2949 1538 3026 non
1589 2991 1817 3045 parvum
1864 2985 2008 3050 peri-

434 3051 620 3104 culum
650 3058 754 3116 est,
803 3067 871 3106 ne
900 3054 1087 3123 aliquo
1122 3057 1284 3111 modo
1327 3069 1554 3130 propter
1589 3064 1890 3137 improbam
1924 3076 2007 3128 vi-

434 3152 544 3197 tam
574 3145 759 3199 tribuli
800 3161 923 3201 esse
977 3157 1033 3202 et
1079 3150 1253 3218 spina:
1282 3151 1757 3223 deprehendamur
1796 3181 1809 3217 :
1849 3173 2013 3234 atque

435 3236 511 3288 ita
542 3235 599 3289 in
640 3237 820 3292 media
856 3237 1067 3294 Domini
1104 3257 1330 3309 corona,
1363 3262 1485 3315 quae
1533 3264 1631 3318 per
1667 3259 2013 3312 communio-

434 3342 560 3381 nem
593 3330 840 3397 corporis
873 3330 993 3399 ejus
1023 3332 1102 3396 lit,
1137 3334 1346 3401 inserti,
1404 3354 1588 3394 vocem
1630 3342 1775 3397 illam
1806 3346 2008 3413 justam

438 3418 664 3473 omnino
711 3421 1074 3478 exaudiamus
1109 3442 1122 3478 :
1172 3442 1190 3473 ι
1233 3426 1442 3490 Amice,
1475 3433 1754 3499 quomodo
1792 3436 1897 3491 huc
1929 3438 2011 3492 in-

434 3510 619 3576 trasti,
656 3528 765 3568 non
799 3513 1007 3570 habens
1041 3525 1244 3573 vestem
1270 3522 1568 3589 nuptialem
1593 3524 1666 3579 ‘5?
1689 3544 1709 3578 ι
1737 3532 2012 3596 quomodo

435 3611 511 3669 te,
555 3618 680 3660 cum
726 3620 878 3662 esses
917 3606 1095 3676 spina,
1151 3608 1293 3663 inter
1335 3626 1430 3666 eos
1479 3616 1571 3682 qui
1622 3616 1690 3669 ad
1747 3634 2008 3676 coronam

435 3709 614 3750 meam
657 3711 723 3751 ex
761 3696 970 3753 honore
1003 3710 1053 3753 et
1078 3700 1251 3769 gloria
1285 3704 1682 3762 conﬁciendam
1714 3712 1826 3780 apti
1857 3722 2007 3781 sunt,

435 3786 812 3843 contexuisti?
863 3807 882 3839 ι
923 3790 1055 3855 Qum
1104 3795 1393 3847 conventio
1448 3796 1670 3853 Christo
1703 3802 1769 3857 ad
1804 3803 2012 3860 Belial?

435 3877 569 3942 Quae
612 3894 740 3949 pars
794 3881 942 3936 fideli
982 3899 1106 3937 cum
1154 3886 1399 3942 inlitlcli?
1442 3887 1572 3953 Qum
1612 3894 1848 3952 societas
1903 3900 2010 3954 luci

436 3972 505 4026 ad
551 3973 805 4029 tenebras
839 3976 918 4029 ενι
962 3995 980 4026 ι

2108 519 2484 591 ι,Πορεύομαι,
2520 536 2539 569 ο
2588 517 2742 586 φησὶ,
2794 534 2811 566 ι
2842 515 2978 586 πρὸς
3019 515 3109 567 τὸν
3155 514 3373 585 Πατέρα
3420 530 3522 584 μου
3584 514 3679 566 καὶ

2105 610 2324 680 Πατέρα
2354 608 2526 679 ὑμῶν,
2553 606 2806 661 καὶ-Θεόν
2834 624 2933 675 μου
2961 606 3051 658 καὶ
3079 604 3210 659 Θεὸν
3247 604 3419 674 ὑμῶν.
3445 623 3465 656 ι
3492 604 3683 658 Ταῦτα

2104 700 2212 770 γὰρ
2241 701 2270 751 ὁ
2305 699 2529 770 μεσίτης
2563 696 2762 767 μεταξὺ
2789 696 2883 748 τοῦ
2910 696 3121 765 Πατρός
3149 695 3242 748 καί¹
3268 694 3378 747 τῶν
3401 694 3687 765 ἀποκηρύς

2104 806 2246 841 κτων
2274 788 2501 857 φησὶν.ὁ
2533 786 2597 840 δι’
2628 785 2820 839 ἑαυτοῦ
2850 787 2977 848 τοὺς
3010 785 3234 854 ἐχθροὺς
3260 785 3352 838 τοῦ
3381 783 3513 838 Θεοῦ
3544 801 3686 837 κατ-

2056 890 2057 893 ‘
2103 877 2335 943 αλλάξας
2375 878 2442 947 τῇ
2488 875 2711 945 ἀληθινῇ
2741 876 2833 928 καὶ
2864 875 2998 946 μόνῃ
3028 860 3272 944 Θεότητι.
3306 874 3521 944 Ἐπειδὴ
3547 874 3682 945 γὰρ,

2104 968 2245 1022 κατὰ
2279 968 2371 1020 τὸν
2417 966 2750 1038 προφητικὸν
2800 967 2976 1032 λόγον,
3024 965 3538 1036 ἁπηλλοτριώθησαν
3578 966 3689 1035 τῆς
3740 983 3749 992 ο

2106 1057 2366 1123 ζωοποιοῦ
2400 1061 2609 1130 μήτρας
2637 1056 2724 1110 διὰ
2754 1058 2854 1127 τῆς
2883 1056 3151 1127 ἁμαρτίας
3176 1055 3227 1108 oi
3260 1053 3553 1126 ἅνθρωποι,
3583 1056 3689 1108 καὶ

2105 1154 2211 1206 ἀπὸ
2239 1155 2336 1222 τῆς
2366 1151 2600 1222 γαστρὸς
2630 1148 3032 1219 ἐπλανήθησαν,
3063 1148 3121 1201 ὲν
3216 1144 3581 1215 ὲπλάσθησαν,
3616 1143 3690 1196 τὸ

2103 1244 2296 1314 ψεῦδος
2328 1245 2447 1298 ἀντὶ
2476 1243 2577 1312 τῆς
2595 1240 2875 1311 -ἁληθείας
2909 1238 3257 1309 λαλήσαντες,
3303 1236 3490 1290 τούτου
3516 1236 3690 1307 χάριν

2104 1311 2200 1406 τὴν
2232 1335 2486 1405 ἀπαρχὴν
2513 1311 2612 1404 τῆς
2638 1332 2819 1402 κοινῆς
2843 1329 3054 1400 φύσεως
3080 1327 3380 1391 άναλαόὼν,
3401 1328 3486 1381 διὰ
3502 1311 3716 1397 ψυχῆς

2104 1443 2163 1481 τε
2193 1427 2286 1478 καὶ
2317 1424 2586 1494 σώματος,
2621 1422 2780 1489 ἁγίαν
2811 1420 3054 1491 ἐποίησε,
3084 1418 3262 1487 πάσης
3288 1417 3483 1480 κακίας
3501 1416 3688 1487 ἀμιγῆ

2103 1535 2163 1570 τε
2208 1518 2302 1569 καὶ
2346 1515 2717 1585 ἀπαράδεκτον
2748 1512 2914 1584 αὐτὴν
2949 1514 3005 1565 ὲν
3045 1509 3221 1579 ἐαυτῷ
3248 1506 3516 1570 διασώσας
3539 1524 3551 1536 ·
3587 1507 3690 1559 ἵνα

2103 1608 2306 1677 ταύτην
2351 1606 2589 1670 ἀναθεὶς,
2624 1605 2712 1658 διὰ
2752 1605 2852 1674 τῆς
2894 1602 3220 1673 ἀφθαρσίας,
3259 1599 3337 1670 τῷ
3378 1600 3550 1670 Πατρὶ
3576 1598 3692 1669 τῆς

2105 1701 2430 1771 ἀφθαρσίας,
2480 1698 2945 1767 συνεπισπάσηται
2991 1695 3055 1748 δι’
3097 1694 3265 1765 αὐτῆς
3307 1692 3415 1746 πᾶν
3459 1693 3519 1744 τὸ
3550 1706 3695 1760 συγ⁶

2110 1792 2263 1857 me;
2293 1791 2431 1844 κατὰ
2463 1789 2562 1861 τὴν
2588 1789 2748 1860 φύσιν
2773 1790 2907 1860 αὐτῇ
2942 1790 3033 1842 καὶ
3066 1772 3361 1858 ὁμόφυλον,¹
3393 1783 3486 1837 καὶ
3510 1798 3697 1852 προσ-

2108 1882 2323 1954 δέξηται
2371 1882 2495 1945 τοὺς
2543 1878 2959 1951 ἀποκηρύκτους
2987 1882 3065 1942 είς
3109 1879 3207 1947 τὴν
3254 1875 3539 1939 υἱοθεσίαν,
3585 1875 3696 1928 καὶ

2110 1976 2234 2037 τοὺς
2277 1974 2505 2045 ἐχθροὺς
2546 1971 2640 2025 τοῦ
2683 1971 2818 2025 Θεοῦ
2869 1971 2949 2033 είς
2977 1971 3074 2041 τὴν
3102 1969 3200 2038 τῆς
3241 1966 3488 2036 θεότητος
3513 1964 3695 2017 αὑτοῦ

2114 2066 2420 2137 μετουσίαν.
2452 2063 2679 2124 Οὐκοῦν,
2708 2062 2895 2132 ὥσπερ
2915 2063 2949 2132 ἡ
2974 2061 3194 2131 ἀπαρχὴ
3222 2058 3315 2112 τοῦ
3343 2057 3691 2127 φυράματος,

2110 2159 2196 2212 διὰ
2227 2158 2597 2229 καθαρότητός
2639 2174 2699 2209 τε
2730 2156 2820 2209 καὶ
2853 2154 3120 2216 ἀπαθείας
3145 2150 3395 2222 ιρκειώθη
3435 2148 3511 2220 τῷ
3542 2148 3692 2219 ἀλη-

2113 2250 2240 2322 θινῷ
2269 2252 2443 2321 Πατρὶ
2489 2251 2583 2303 καὶ
2622 2247 2742 2318 Θεῷ
2767 2264 2781 2279 ο
2831 2246 2972 2300 οὕτω
3002 2245 3096 2299 καὶ
3131 2246 3290 2315 ἡμεῖς
3333 2243 3393 2296 τὸ
3431 2241 3692 2313 φύραμα,

2110 2345 2197 2398 διὰ
2221 2345 2330 2397 τῶν
2356 2344 2555 2413 ὁμοίων
2583 2341 2717 2395 ὁδῶν
2758 2339 2836 2412 τῷ
2863 2339 3039 2409 Πατρ)⁸
3076 2335 3178 2408 τῆς
3210 2336 3513 2407 ἀφθαρσίας
3558 2334 3695 2386 κολ-

2111 2435 2476 2506 ληθησόμεθα,
2507 2433 2593 2486 διά
2634 2432 2726 2489 τοῦ
2760 2430 3120 2502 μιμήσασθαι,
3154 2429 3333 2492 καθὼς
3360 2427 3423 2482 ἂν
3516 2427 3694 2479 δυνα-

2110 2528 2221 2593 τὸν,
2247 2526 2342 2580 τοῦ
2379 2526 2599 2596 μεσίτου
2623 2525 2684 2579 τὸ
2706 2524 2913 2587 ἀπαθές
2936 2540 2994 2576 τε
3021 2520 3503 2576 καὶάναλλοίωτον.
3526 2517 3699 2572 Οὕτω

2112 2613 2220 2689 γὰρ
2253 2617 2487 2686 ἐσόμεθα
2500 2615 2597 2668 τοῦ
2630 2613 2958 2683 Μονογενοῦς
2986 2612 3119 2665 Θεοῦ
3144 2611 3400 2679 στέφανος
3429 2612 3491 2662 ὲκ
3518 2607 3699 2661 λίθων

2111 2709 2329 2779 τιμίων,
2357 2707 2490 2778 τιμὴ
2539 2706 2630 2759 καὶ
2658 2705 2784 2768 δόξα
2829 2703 2917 2757 διὰ
2943 2702 3037 2756 τοῦ
3067 2702 3178 2773 βίου
3205 2701 3502 2769 γενόμενοι.
3546 2698 3701 2766 Φησὶ

2113 2799 2219 2869 γὰρ
2248 2801 2276 2851 ὁ
2305 2797 2513 2860 Παῦλος
2536 2836 2550 2862 ,
2583 2797 2665 2849 ὅτι
2699 2792 2909 2864 (Βραχύ
2936 2811 2986 2846 τι
3018 2791 3180 2847 αὑτὸν
3208 2788 3567 2851 ἐλαττώσας,›
3596 2785 3700 2842 διὰ

2112 2890 2173 2943 τὸ
2203 2888 2432 2959 πάθημα
2461 2888 2555 2941 τοῦ
2583 2886 2814 2941 θανάτου
2841 2925 2856 2950 ,
2921 2904 2939 2935 ι
2972 2882 3124 2955 παρά
3170 2882 3297 2945 τοὺς
3346 2880 3629 2948 ἀγγέλους.
3670 2896 3693 2931 ι

2117 2984 2253 3047 Τοὺς
2295 2984 2555 3054 πρότερον
2588 2982 2667 3044 είς
2698 2977 3131 3048 ἀκάνθης,φύσιν
3162 2972 3554 3046 μετατεθέντας
3596 2970 3704 3024 διὰ

2114 3078 2213 3146 τῆς
2245 3073 2539 3145 ἁμαρτίας,
2574 3071 2832 3141 στέφανον
2862 3069 3040 3139 ἑαυτῷ
3062 3066 3148 3120 διὰ
3176 3068 3274 3136 τῆς
3304 3062 3445 3117 κατά
3475 3060 3563 3114 τὸν
3588 3058 3701 3114 θά-

2115 3185 2271 3223 νατον
2293 3165 2601 3237 οἰκονομίας
2627 3164 2901 3234 ἐποίησεν,
2932 3164 3010 3227 είς
3037 3159 3200 3230 τιμὴν
3226 3158 3318 3211 καὶ
3341 3154 3495 3219 δόξαν
3524 3168 3705 3223 μετει-

2117 3258 2465 3328 στοιχειώσας
2494 3255 2581 3308 διά
2612 3252 2706 3306 τοῦ
2737 3253 2943 3314 πάθους
2984 3251 3083 3321 τὴν
3116 3247 3375 3302 ἄκανθαν.
3430 3243 3704 3305 Κίνδυνος

2114 3346 2205 3403 οὖν
2228 3350 2288 3402 οὐ
2328 3348 2541 3419 μικρὸς,
2577 3344 2722 3410 ἅπαξ
2749 3343 2843 3397 τοῦ
2888 3343 3135 3411 αἴροντος
3168 3339 3263 3410 τὴν
3297 3333 3568 3406 ἁμαρτίαν
3590 3332 3702 3385 τοῦ

2114 3444 2358 3512 κόσμου,
2401 3440 2492 3493 τὸν
2535 3438 2595 3502 ἐξ
2625 3435 2874 3491 ἀκανθῶν
2908 3434 3168 3503 στέφανον
3216 3426 3573 3487 ἀναλαϐόντος
3615 3426 3704 3496 τῇ

2114 3532 2343 3601 κεφαλῇ,
2390 3530 2476 3582 ἵνα
2518 3529 2718 3597 ποιήσῃ
2748 3525 2838 3578 τὸν
2866 3526 2929 3576 ὲκ
2957 3522 3122 3592 τιμῆς
3155 3537 3213 3572 τε
3241 3518 3333 3571 καὶ
3367 3515 3522 3584 δόξης
3549 3529 3700 3581 συμ-

2117 3624 2447 3692 πλεκόμενον
2483 3620 2764 3687 στέφανον,
2796 3612 3085 3686 εὑρεθῆναί
3115 3628 3237 3664 τινα
3279 3606 3525 3681 τρίεολον
3557 3602 3703 3656 ὄντα

2112 3715 2201 3769 διὰ
2226 3712 2319 3766 τοῦ
2350 3712 2518 3765 κακοῦ
2553 3710 2668 3780 βίου
2710 3707 2806 3763 καὶ
2855 3704 3116 3768 ἄκανθαν,
3165 3697 3285 3754 εἶτα
3332 3701 3389 3752 ὲν
3433 3696 3581 3766 μέσῳ
3608 3694 3704 3765 τῷ

2114 3805 2428 3875 Δεσποτικῷ
2480 3802 2727 3872 στεφάνῳ
2781 3800 2868 3853 διὰ
2920 3797 3018 3866 τῆς
3071 3793 3165 3848 τοῦ
3224 3792 3472 3860 σώματος
3522 3784 3699 3839 αὑτοῦ

2114 3897 2395 3960 κοινωνίας
2429 3893 2904 3966 παρενειρόμενον.
2960 3889 3103 3960 Πρξς
3146 3885 3205 3938 ὃν
3240 3886 3359 3955 ὲρεῖ
3389 3880 3605 3939 πάντως
3654 3876 3697 3947 ἡ

2117 3988 2297 4044 δικαία
2326 3987 2516 4056 φωνήε·
2554 4004 2572 4036 ι
2604 3984 2728 4047 Πῶς
2761 3980 3008 4051 εἰσῆλθες
3046 3972 3168 4042 ὧδε,
3201 3974 3275 4047 μὴ
3321 3974 3459 4043 ἔχων
3488 3967 3699 4034 ἔνδυμα

436 4063 615 4135 γάμου
636 4082 651 4130 ;
676 4083 695 4116 ι
736 4064 860 4131 Πῶς
889 4067 1229 4138 συνεπλάκης
1272 4073 1383 4134 τοῖς
1416 4072 1504 4126 διά
1531 4076 1695 4146 τιμῆς
1730 4080 1823 4132 καὶ
1857 4081 2014 4152 δόξης
2049 4085 2126 4153 τῷ
2160 4079 2280 4152 ἐμῷ
2312 4078 2560 4147 στεφάνῳ
2594 4070 3041 4145 ἐνηρμοσμένοις,
3102 4067 3313 4124 ἄκανθα
3375 4063 3487 4128 ὥν;
3544 4081 3563 4112 ί
3589 4058 3701 4125 Τίς

436 4159 688 4214 κοινωνία
708 4160 930 4231 Χριστῷ
950 4162 1086 4231 πρὸς
1114 4163 1304 4217 Βελίαν
1327 4181 1341 4229 ;
1369 4166 1463 4230 Τίς
1494 4169 1652 4239 μερὶς
1673 4172 1847 4243 πιστῴ
1873 4175 2011 4246 μετᾶ
2048 4175 2275 4230 ἀπίστου
2299 4192 2313 4238 ;
2355 4173 2420 4225 Τί
2447 4170 2622 4225 κοινὸν
2650 4167 2729 4238 τῷ
2757 4168 2895 4235 φωτὶ
2921 4164 3054 4236 πρὸς
3081 4164 3141 4216 τὺ
3167 4160 3383 4223 σκότος;
3412 4175 3430 4207 ι

506 4252 586 4306 Ne
628 4252 852 4321 quando
891 4252 1059 4324 igitur
1089 4254 1202 4308 vita
1250 4266 1440 4311 nostra
1479 4268 1671 4315 contra
1717 4279 1818 4320 nos
1845 4266 2006 4335 ejus-

436 4344 583 4399 modi
634 4343 819 4399 verbis
875 4346 1253 4415 compelletur,
1307 4350 1457 4404 omni
1515 4354 1700 4408 studio
1742 4357 1901 4412 nobis
1952 4360 2005 4413 in

434 4450 556 4491 eam
599 4450 788 4490 curam
837 4446 921 4491 est
969 4437 1421 4507 incumbendum,
1474 4452 1531 4497 ut
1565 4447 1787 4515 spinosa
1828 4451 2011 4504 omnia
2045 4430 2088 4484 D

435 4536 551 4583 tum
581 4528 743 4591 facta,
774 4536 889 4582 tum
922 4529 1089 4591 dicta,
1122 4539 1234 4584 tum
1264 4535 1501 4602 cogitata
1533 4552 1598 4591 ex
1636 4540 1784 4593 omni
1818 4551 2008 4597 nostra

434 4621 543 4674 vita
591 4620 857 4674 convulsa
906 4619 1289 4689 projiciamus.
1340 4634 1400 4678 ut
1450 4642 1582 4695 pura
1621 4629 2013 4702 inuocentique

437 4710 658 4765 vivendi
709 4712 925 4765 ratione
958 4712 1135 4765 honor
1182 4721 1235 4768 et
1270 4716 1443 4785 gloria
1495 4719 1818 4789 elliciamur,
1852 4734 2014 4796 atque

438 4802 679 4856 universi
724 4810 892 4871 caput
959 4802 1377 4875 nobismetipsis
1427 4810 1503 4862 uti
1549 4827 1605 4865 re
1645 4816 1882 4882 pretiosa
1920 4832 2014 4872 co-

436 4904 719 4946 ronemus.
752 4891 969 4949 Nullius
1003 4894 1149 4948 enim
1179 4897 1257 4949 rei
1301 4898 1424 4954 vilis
1454 4903 1569 4955 vult
1593 4919 1716 4959 esse
1748 4905 2011 4964 Dominus

436 4981 553 5044 ille,
601 4983 695 5050 qui
732 4983 919 5052 glorim
972 4984 1239 5043 Dominus
1280 4998 1363 5044 est
1408 4991 1475 5045 “.
1528 4992 1792 5065 Quisquis
1848 5000 2014 5069 igitur

438 5072 496 5125 in
548 5074 769 5129 homine
817 5083 929 5130 tum
977 5078 1303 5135 abscondito
1331 5094 1445 5137 tum
1484 5087 1774 5144 manifesto
1813 5091 2014 5146 abhor-

346 5222 348 5225 ,
440 5170 527 5217 ret
579 5163 650 5218 ab
707 5164 859 5218 omni
912 5168 1254 5235 turpitudine
1311 5182 1364 5228 et
1417 5175 1677 5240 vanitate,
1724 5196 1870 5246 eum,
1919 5183 2012 5252 qui

436 5253 627 5322 gloriae
661 5269 771 5309 non
803 5254 1113 5324 ignominiae
1144 5259 1409 5318 Dominus
1437 5273 1543 5329 est,
1577 5269 1678 5323 sibi
1710 5271 2013 5342 principem

437 5346 746 5403 constituit.
804 5347 1073 5405 Praeterea
1131 5355 1458 5426 principium
1495 5370 1619 5416 est:
1664 5373 1828 5434 atque
1878 5359 2015 5419 adeo

435 5453 619 5495 rerum
652 5440 898 5495 omnium
931 5443 1258 5515 principiqu
1295 5451 1520 5508 minime
1547 5454 1783 5509 alienum
1821 5457 1889 5510 ab
1919 5456 2008 5521 iis,

437 5544 558 5598 quae
580 5545 643 5587 ex
682 5532 801 5600 ipso
824 5545 1261 5605 consequuntur.
1296 5541 1659 5606 Quamobrem
1694 5545 1741 5600 si
1770 5546 1895 5617 quis
1927 5549 2012 5601 vi-

2196 4268 2283 4330 Ὠς
2313 4265 2379 4319 ἂν
2403 4259 2493 4316 οὖν
2527 4262 2599 4333 μὴ
2621 4257 2890 4332 τ[οι]αὖτά
2926 4271 3056 4310 ποτε
3087 4256 3303 4325 ῥήματα
3323 4247 3442 4302 καθ’
3469 4248 3634 4318 ἡμῶν
3666 4252 3708 4305 ὁ

2119 4360 2230 4430 βίος
2263 4357 2419 4428 ἡμῶν
2448 4353 2822 4413 ὲκκαλὲσαιτο,
2852 4346 3207 4419 ἐπιμελητέον
3246 4344 3310 4397 ἂν
3337 4340 3423 4411 εἴη
3449 4340 3547 4395 τοῦ
3583 4342 3706 4397 πᾶν

2119 4449 2422 4512 ἀκανθῶδες
2450 4448 2607 4517 ἔργον
2638 4461 2696 4496 τε
2726 4443 2819 4496 καὶ
2858 4442 3028 4511 ῥῆμα,
3055 4438 3146 4491 καὶ
3166 4436 3363 4506 νόημα,
3392 4433 3481 4487 διὰ
3511 4433 3706 4506 πάσης

2113 4542 2213 4612 τῆς
2238 4539 2381 4609 ζωῆς
2410 4537 2502 4592 τοῦ
2535 4536 2648 4605 βίου
2674 4533 2829 4602 ἡμῶν
2855 4526 3355 4590 ἀποσκευάσασθαι,
3391 4525 3478 4577 ἵνα
3503 4529 3570 4595 τῇ
3599 4544 3708 4580 κα·-

2116 4634 2257 4704 θαρᾷ
2281 4648 2339 4684 τε
2367 4631 2458 4684 καὶ
2478 4627 2676 4683 ἀπαθεῖ
2700 4623 2942 4693 πολιτείᾳ.
2966 4621 3096 4692 τιμὴ
3122 4621 3215 4673 καὶ
3243 4616 3368 4680 δόξα
3384 4617 3704 4687 γενόμενοι,

2114 4725 2212 4795 τὴν
2254 4721 2346 4776 τοῦ
2396 4720 2595 4781 παντὸς
2636 4716 2875 4787 κεφαλὴν
2903 4714 2968 4767 δι’
2997 4712 3204 4766 ἑαυτῶν
3234 4709 3704 4780 στεφανώσωμεν,

2117 4816 2303 4885 ὥσπερ
2336 4830 2389 4865 τι
2434 4808 2714 4878 κειμήλιον
2762 4807 2854 4860 καὶ
2902 4804 3089 4873 κτῆμα
3129 4801 3208 4872 τῷ
3245 4800 3491 4870 Δεσπότῃ
3536 4799 3708 4867 γενό-

2114 4884 2285 4978 μενοι,
2320 4902 2545 4963 Οὐδενὸς
2573 4900 2680 4970 γὰρ
2711 4898 2906 4965 ἀτίμου
2936 4894 3290 4963 καταδέχεται
3320 4890 3523 4961 Κύριος
3554 4884 3709 4944 εἶναι

2109 5015 2168 5050 τε
2202 4996 2294 5049 καὶ
2322 4991 2575 5060 λέγεσθαι
2614 4991 2639 5041 ὁ
2662 4989 2759 5057 τῆς
2782 4985 2938 5053 δόξης
2970 4983 3188 5054 Κύριος.
3220 4981 3425 5037 Οὐκοῦν
3447 4981 3478 5033 ὀ
3511 4982 3711 5053 πάσης

2111 5085 2494 5159 ἀσχημοσύνης
2539 5100 2597 5134 τε
2645 5080 2738 5132 καὶ
2777 5076 3057 5147 βδελυρίας
3094 5074 3393 5145 ἀλλότριος,
3441 5073 3588 5126 κατά
3637 5090 3710 5126 τε

2109 5184 2214 5249 τὸν,
2248 5178 2487 5251 κρυπτὸν
2534 5174 2627 5227 καὶ
2676 5172 2996 5241 φαινόμενον
3044 5166 3331 5237 ἄνθρωπον
3356 5205 3371 5229 ,
3422 5164 3709 5235 δεσπότην

2119 5271 2310 5328 ἑαυτοῦ
2356 5269 2587 5323 ποιεῖται
2634 5265 2724 5317 τὸν
2753 5262 2911 5331 δόξης
2959 5261 3053 5313 καὶ
3094 5260 3194 5312 οὐκ
3233 5256 3459 5325 ἀτιμίας
3487 5253 3709 5324 Κύριον

2114 5350 2246 5420 ὄντα
2292 5379 2352 5415 τε
2397 5359 2490 5415 καὶ
2534 5356 2842 5426 λεγόμενον.
2900 5353 3057 5405 Ἔστι
3107 5351 3201 5405 καὶ
3233 5348 3415 5421 ἀρχή·
3464 5345 3707 5417 omnes

2116 5455 2312 5519 παντὸς
2344 5453 2661 5524 πράγματος
2688 5447 2787 5500 οὐκ
2817 5444 3109 5515 ἀλλοτρίως
3148 5442 3287 5515 πρὸς
3311 5440 3380 5494 τὰ
3411 5437 3530 5509 μεθ’
3566 5440 3708 5491 ἐαυ-

2111 5549 2208 5619 τὴν
2242 5547 2371 5618 ἔχει.
2407 5546 2467 5598 Ei
2491 5541 2599 5613 γὰρ
2623 5540 2768 5610 ζωὴν
2794 5536 2890 5608 τὴν
2917 5535 3091 5607 ἀρχὴν
3119 5530 3257 5589 εἶναί
3289 5550 3373 5595 τις
3403 5531 3657 5600 ὁρίσαιτο
3683 5545 3702 5561 ’

507 5644 729 5728 “1:10am
753 5664 847 5716 xx,
882 5649 969 5706 l7.
1049 5652 1093 5686 δ”
1122 5653 1263 5713 Psal.
1296 5675 1423 5727 Lvn,
1450 5661 1501 5717 «ί,
1583 5663 1627 5693 ⁸⁸
1650 5659 1812 5719 Hebr.
1856 5678 1917 5728 ιι,
1953 5662 2005 5721 7.

2112 5666 2130 5696 ε
2161 5664 2349 5720 Matth,
2388 5677 2523 5728 un,
2562 5657 2642 5715 τε.
2722 5650 2764 5681 ⁸⁷
2791 5647 2834 5705 ιι
2861 5648 2989 5706 Cor.
3018 5667 3086 5719 vt,
3124 5650 3207 5705 l5.
3285 5649 3328 5680 θ’
3357 5647 3500 5703 Psal.
3530 5661 3705 5712 nm,

438 5713 486 5779 8,
524 5714 604 5771 i0.
