3896 6208
268 315 370 371 9-81

1268 315 1357 370 DE
1412 317 1775 373 l‘EllFECTA
1834 319 2227 376 CHRiSTIANl
2288 322 2549 378 FORMA.

3429 326 3537 381 989.

272 430 393 502 ζωὴ
449 430 661 491 πάντως
714 430 810 482 καὶ
859 430 922 482 τὸ
963 432 1100 499 μετὰ
1148 430 1245 503 τὴν
1289 433 1463 504 ἀρχὴν
1518 404 1670 489 ἔσται
1712 434 1859 488 νοού-

1964 443 2071 490 tam
2113 438 2445 507 principium
2491 435 2784 503 deﬁnierit,
2822 437 2931 490 vita
2966 436 3202 491 omnino
3227 445 3355 507 post
3383 438 3535 506 prin-

277 536 481 594 μενον
530 522 624 574 καὶ
664 524 713 575 εἰ
760 520 877 589 φῶς
911 524 943 593 ἡ
980 522 1143 594 ἀρχὴ,
1199 524 1315 594 φῶς
1348 526 1442 579 καὶ
1482 527 1542 579 τὸ
1590 526 1728 598 μετὰ
1762 528 1860 597 τὴν

274 614 456 685 ἀρχὴν
489 612 829 685 νοηθήσεται.
879 614 945 666 Τί
996 610 1088 667 οὖν
1119 614 1209 668 δια
1250 615 1343 669 τοῦ
1378 618 1651 671 πιστεύειν
1700 618 1861 672 αὐτὸν

277 700 421 758 εἶναι
469 706 642 777 ἀρχὴν
693 704 1102 776 ὠφελούμεθας
1164 707 1237 760 Τὸ
1287 708 1540 777 γενέσθαι
1587 710 1861 774 τοιούτους

276 800 444 870 ἡμᾶς,
467 799 584 851 οἵαν
615 795 756 863 εἶναι
784 799 884 870 τὴν
914 798 1086 869 ἀρχὴν
1109 798 1265 871 ἡμῶν
1292 794 1754 872 πεπιστεύκαμεν.
1784 803 1860 856 Οὐ

272 888 385 960 γὰρ
406 889 630 952 σκότους
655 890 799 961 ἁρχὴ
826 889 887 942 τὸ
906 888 1019 959 φῶς
1042 889 1370 962 ὀνομάζεται
1397 910 1410 922 ·
1449 893 1570 945 οὐδὲ
1595 893 1696 963 τῆς
1719 893 1862 964 ζωῆς

274 982 358 1045 εἰς
384 983 558 1052 ἀρχὴν
589 981 931 1052 τεταγμένης
955 1020 971 1045 ,
1014 981 1103 1035 τὸν
1140 982 1366 1037 θάνατον
1414 984 1475 1037 τὸ
1511 985 1729 1056 συνεχὲς
1762 986 1862 1057 τῆς

274 1070 425 1141 ζωῆς
458 1072 782 1142 ὲνοήσαμεν.
844 1071 982 1124 ⁹Αλλ’
1031 1073 1077 1125 εἰ
1115 1072 1188 1143 μή
1232 1089 1318 1136 τις
1347 1074 1599 1145 ὁμοφυῶς
1634 1074 1770 1144 πρὸς
1801 1075 1862 1128 τὸ

276 1162 687 1234 καθηγούμενον
714 1162 849 1233 ἔχοι,
874 1162 942 1216 δι’
971 1163 1240 1228 ἀπαθείας
1271 1165 1361 1218 καί
1392 1167 1594 1237 ἀρετῆς
1622 1170 1686 1239 τῇ
1716 1168 1858 1239 ἀρχῇ

280 1255 703 1324 συναπτόμενος,
758 1254 860 1307 οὐκ
912 1254 977 1308 ἂν
1022 1253 1231 1324 γένοιτο
1250 1250 1445 1310 ’τούτου
1486 1258 1719 1329 ἀρχὴμή
1750 1258 1860 1311 τῶν

278 1346 449 1400 ὗντων
493 1347 661 1418 ἀρχή.
712 1343 997 1401 Σκοτεινοῦ
1053 1345 1204 1417 βίου,
1259 1349 1287 1400 6
1332 1349 1730 1420 κοσμοκράτωρ
1765 1347 1859 1403 τοῦ

282 1438 526 1501 σκότους,
552 1437 708 1510 ,ἀρχή
736 1455 749 1468 ο
774 1438 874 1508 τῆς
906 1438 1282 1509 θανατηφόρου
1325 1440 1618 1511 ἁμαρτίας,
1660 1442 1688 1494 6
1723 1440 1863 1511 ἔχων

279 1530 375 1582 τοῦ
405 1528 633 1582 θανάτου
664 1528 726 1581 τὸ
758 1529 977 1598 κράτος.
1027 1529 1140 1581 Οὐκ
1166 1528 1312 1583 ἔστιν
1341 1526 1433 1583 οὖν
1458 1529 1544 1583 διὰ
1583 1530 1861 1602 μοχθηρᾶς

282 1621 428 1690 ζωῆς
459 1621 563 1674 ὑπὸ
591 1621 691 1691 τὴν
724 1619 820 1673 τοῦ
868 1620 1092 1683 σκότους
1135 1620 1308 1692 ἀρχὴν
1350 1620 1717 1691 τεταγμένον,
1761 1623 1862 1693 τὴν

283 1714 485 1777 παντδς
514 1713 717 1783 ἀγαθοῦ
740 1713 914 1785 ἀρχὴν
942 1714 1134 1768 ἑαυτοῦ
1164 1708 1302 1766 εἶναι
1329 1711 1506 1780 λέγειν
1532 1714 1704 1785 ἀρχήν
1723 1731 1737 1744 ο
1764 1714 1862 1784 τῆς

281 1802 342 1855 δὲ
373 1802 543 1871 αὐτῆς
570 1803 746 1872 ἔχεται
775 1803 1014 1866 διανοίας

286 1895 390 1959 τὰς
429 1894 573 1958 θείας
604 1896 781 1963 φωνὰς
811 1895 1215 1967 ἐκλαμϐάνουσι
1246 1935 1261 1959 ,
1310 1895 1371 1949 τὸ
1404 1897 1498 1949 καὶ
1529 1894 1753 1966 βασιλέα
1786 1897 1864 1950 διο

285 1986 575 2057 καιοσύνης
600 2003 659 2038 τε
686 1987 779 2040 καὶ
804 1987 1025 2058 εἰρήνης
1044 1987 1205 2055 αὐτὸν
1227 1986 1604 2058 ὀνομάζεσθαι.
1648 1986 1709 2042 Ὀ
1727 1974 1862 2058 γὰρ,

280 2078 422 2132 κατὰ
450 2077 547 2149 τήν
574 2077 922 2132 διδασκαλίαν
947 2079 1048 2149 τῆς
1079 2080 1413 2150 προσευχῆς,
1449 2080 1621 2134 ἐλθεῖν
1653 2082 1737 2134 ἐπ’
1764 2082 1864 2137 αὐτ

278 2170 371 2223 τὸν
414 2172 514 2241 τὴν
562 2169 656 2223 τοῦ
705 2170 841 2224 Θεοῦ
890 2170 1168 2241 βασιλείαν
1207 2171 1518 2242 εὐχόμενος,
1565 2172 1751 2243 μαθὼν
1781 2174 1862 2226 ὅτι

274 2264 623 2335 δικαιοσύνης
655 2282 714 2318 τε
744 2265 838 2319 καὶ
864 2266 1083 2337 εἰρήνης
1129 2267 1245 2319 ἐστὶ
1278 2265 1531 2335 βασιλεὺς
1558 2268 1586 2319 6
1613 2266 1863 2338 ἀληθινὸς

278 2356 534 2425 βασιλεὺς
561 2395 577 2419 ,
639 2357 974 2430 κατορθώσει
1043 2357 1260 2422 πάντως
1325 2358 1403 2429 τῷ
1456 2359 1571 2430 ἰδίῳ
1618 2360 1719 2430 βίῳ
1764 2360 1863 2431 τὴν

273 2448 622 2518 δικαιοσύνην
651 2467 710 2501 τε
743 2451 838 2503 καὶ
863 2451 1106 2521 εἰρήνην,
1148 2450 1234 2503 ἴνα
1264 2449 1580 2523 βασιλεύσῃ,
1613 2450 1800 2514 αἰτῶν,
1834 2453 1862 2504 6

271 2540 375 2611 τῆς
407 2540 758 2611 δικαιοσύνης
794 2540 1047 2612 βασιλεὺς
1092 2543 1187 2595 καὶ
1224 2543 1323 2613 τῆς
1364 2543 1606 2615 εἰρήνης.
1655 2543 1863 2597 Οὐκοῦν

274 2634 510 2703 στρατὸς
548 2634 645 2704 μὲν
668 2637 869 2687 νοεῖται
902 2632 995 2687 τοῦ
1024 2633 1311 2704 βασιλέως,
1343 2628 1493 2688 πᾶσα
1525 2635 1693 2705 ἀρετή
1723 2652 1735 2665 ο
1773 2634 1864 2688 διὰ

272 2727 386 2798 γὰρ
434 2727 538 2797 τῆς
584 2726 929 2797 δικαιοσύνης
972 2743 1033 2778 τε
1085 2728 1179 2780 καὶ
1223 2727 1447 2798 εἰρήνης
1500 2728 1677 2791 πάσας
1707 2722 1862 2797 οἶμαι

275 2815 385 2868 δεῖν
410 2814 509 2880 τὰς
538 2818 738 2888 ἀρετὰς
770 2820 911 2871 νοεῖν
937 2832 950 2847 ·
984 2817 1142 2880 εἴτις
1172 2813 1265 2871 οὖν
1297 2818 1728 2888 λειποτακτήσας
1756 2817 1863 2871 ἀπὸ

273 2909 376 2979 τῆς
409 2907 504 2961 τοῦ
538 2908 672 2962 Θεοῦ
709 2909 967 2980 στρατιᾶς
988 2948 1004 2972 ,
1052 2911 1117 2980 τῇ
1149 2909 1452 2981 παρατάξει
1485 2910 1593 2963 τῶν
1625 2909 1860 2980 ἀλλοφύ-

274 3000 387 3053 λῶν
437 3000 629 3053 ἑαυτὸν
680 2999 995 3067 καταλέξειε
1021 3041 1036 3065 ,
1084 2999 1176 3054 τοῦ
1237 3001 1459 3073 εύρέτου
1517 3002 1614 3073 τῆς
1667 3002 1863 3065 κακίας

274 3091 506 3162 ὁπλίτης
553 3091 874 3163 γενόμενος,
922 3093 1015 3147 καί⁸
1063 3092 1469 3164 ἀποδυσάμενος
1514 3093 1606 3146 τὸν
1638 3092 1862 3165 θώρακα

274 3185 376 3257 τῆς
403 3185 769 3256 δικαιοσύνης,
806 3185 899 3239 καὶ
947 3188 1127 3240 πᾶσαν
1156 3185 1255 3257 τὴν
1305 3186 1587 3256 εἰρηνικὴν
1626 3205 1859 3241 παντευ-

274 3277 403 3345 χίαν
429 3293 443 3306 ο
474 3275 591 3339 πῶς
620 3270 773 3340 οὗτος
804 3276 910 3329 ὑπὸ
938 3275 1029 3328 τὸν
1053 3274 1273 3344 βασιλέα
1302 3277 1400 3345 τῆς
1426 3276 1645 3346 εἰρήνης
1668 3276 1863 3347 ταχθή-

276 3386 453 3434 σεται,
485 3370 747 3440 ῥίψασπις
774 3368 873 3439 τῆς
896 3368 1153 3439 ἀληθείας
1182 3367 1470 3439 γενόμενος
1494 3385 1507 3432 ;
1537 3370 1704 3440 Δῆλον
1732 3370 1862 3442 γὰρ,

273 3463 359 3516 ὃτι
384 3462 449 3514 τὸ
482 3462 751 3532 ἐπίσημον
778 3459 941 3515 αὐτοῦ
989 3461 1088 3530 τῆς
1114 3459 1380 3524 ὁπλίσεως
1406 3459 1568 3524 δείξει
1594 3460 1685 3513 τὸν
1713 3461 1865 3531 βασι-

274 3554 523 3617 λεὼντα,
559 3556 677 3607 ἀντὶ
703 3554 802 3623 τῆς
836 3552 1408 3623 ὲνσκιογραφουμένης
1440 3555 1553 3616 τοῖς
1576 3553 1759 3617 ὅπλοις
1788 3554 1865 3605 εἰ·

275 3648 438 3709 κόνος
463 3648 522 3699 ἐν
553 3644 629 3716 τῷ
660 3645 966 3717 χαρακτῆρι
1003 3644 1097 3698 τοῦ
1145 3644 1260 3714 βίον
1305 3643 1563 3697 δεικνύων
1605 3644 1696 3698 τὸν
1729 3645 1863 3698 καθ·

272 3738 602 3810 ηγούμενον.
643 3739 729 3803 Ὦς
778 3738 1050 3809 μακάριος
1090 3739 1318 3802 ἐκεῖνος,
1362 3740 1391 3792 6
1430 3739 1533 3792 ὑπὸ
1576 3738 1676 3811 τὴν
1714 3738 1865 3793 θείαν

273 3830 617 3902 στρατηγίαν
659 3829 1027 3902 τεταγμένος,
1079 3830 1172 3883 καὶ
1225 3831 1335 3893 τοῖς
1377 3832 1619 3901 τάγματι
1659 3832 1767 3885 τῶν
1805 3833 1866 3887 ὲν

275 3921 553 3992 μυριάσιν
579 3922 986 3993 ἀριθμουμένων
1012 3921 1449 3992 κατειλεγμένος,
1479 3923 1573 3976 καί⁵
1604 3924 1739 3995 μετὰ
1764 3924 1866 3995 τῆς

272 4012 487 4077 κακίας
514 4012 600 4065 διὰ
626 4014 729 4067 τῶν
756 4014 968 4085 ἀρετῶν
1012 4015 1362 4084 ὁπλιζόμενος
1383 4056 1397 4078 ,
1432 4018 1488 4070 αἶ
1536 4016 1634 4088 τὴν
1684 4018 1867 4072 εἰκόνα

271 4105 372 4161 10-3
398 4104 683 4177 βασιλέως,
707 4105 801 4160 τοῦ
825 4107 1183 4185 ἐνδυσαμένου
1208 4107 1397 4171 αὑτὰς,
1427 4107 1862 4178 ὲνσημαίνονται.

273 4201 391 4254 Καὶ
416 4198 467 4252 τί
490 4201 593 4272 χρὴ
625 4201 933 4271 περαιτέρω
957 4200 1045 4254 τὸν
1078 4200 1233 4269 λόγον
1259 4202 1541 4272 προάγειν,
1568 4202 1747 4266 πάσας
1766 4202 1865 4267 τὰς

278 4293 504 4362 φωνὰς,
552 4287 641 4355 αἶς
686 4292 747 4345 τὸ
794 4291 888 4345 τοῦ
937 4292 1173 4363 Χριστοῦ
1228 4286 1864 4364 διερμηνεύεταιδνομα,

278 4384 608 4456 προτιθέντα
635 4386 700 4455 τῇ
731 4383 1018 4455 ἀκολουθίᾳ
1044 4385 1143 4453 τῆς
1188 4384 1506 4450 ἐξετάσεως,
1551 4386 1619 4439 δι’
1647 4380 1722 4441 ὧν
1750 4385 1866 4439 ἔστι

1964 528 2170 599 cipium
2220 530 2575 600 intelligetur.
2629 528 2685 582 Si
2725 529 2815 582 lux
2845 537 2931 585 est
2971 529 3329 599 principium,
3383 535 3440 584 et
3475 544 3540 583 ea

1964 630 2088 692 post
2110 622 2439 692 principium
2481 622 2834 705 cogi‘tabitur.
2870 621 3009 688 Quid
3037 622 3207 693 igitur
3233 637 3359 678 eum
3393 621 3540 691 pri'n-

1962 716 2164 785 cipium
2205 730 2329 770 esse
2376 715 2665 770 credentes
2707 714 3096 784 assequimur?
3139 713 3195 768 Id
3243 714 3539 777 nimirum,

1894 852 1905 861 .
1963 814 2024 859 ut
2080 807 2218 860 tales
2266 809 2464 869 simus,
2511 806 2674 877 quale
2724 805 3052 877 principium
3112 813 3360 859 nostrum
3418 818 3541 858 esse

1963 897 2318 954 credidimus.
2373 897 2562 969 Neque
2605 899 2752 953 enim
2803 899 3147 954 tenebrarum
3208 896 3538 967 principium

1963 992 2055 1045 lux
2093 991 2329 1057 dicitur;
2384 1006 2586 1059 neque,
2640 1004 2764 1044 cum
2807 990 2876 1044 ad
2935 989 3267 1059 principium
3312 988 3422 1040 vita
3470 986 3543 1042 sit

1963 1083 2213 1138 instituta
2259 1092 2424 1152 atque
2473 1081 2703 1148 directa,
2729 1098 2856 1137 eum
2888 1082 3140 1136 ordinem
3173 1087 3226 1134 et
3257 1079 3382 1133 vitae
3412 1093 3545 1133 cun-

1962 1175 2322 1230 tinuationem
2356 1181 2587 1228 mortem
2627 1172 3106 1229 esserdidicimus.
3152 1171 3306 1237 Quod
3336 1170 3380 1225 si
3417 1169 3543 1240 quis

1963 1275 2173 1322 naturae
2201 1265 2563 1323 similitudine
2587 1280 2695 1320 non
2731 1272 2997 1334 sequatur
3016 1263 3373 1333 principium,
3394 1260 3542 1330 quod

1961 1359 2245 1431 praecedit,
2297 1359 2459 1427 eique
2498 1365 2623 1427 apte
2663 1355 2979 1410 innocentia
3016 1354 3328 1421 virtuteque
3355 1352 3541 1406 cohaa-

1963 1461 2115 1517 reat,
2157 1451 2280 1521 ejus
2319 1450 2652 1521 principium
2701 1462 2823 1503 esse
2874 1461 2982 1500 non
3047 1444 3248 1515 poterit
3306 1443 3398 1498 ille
3447 1442 3543 1512 qui

1963 1558 2148 1598 rerum
2200 1541 2534 1612 principium
2588 1547 2693 1593 est.
2748 1539 3012 1592 Obscura;
3072 1534 3545 1602 tenebricosaque

1962 1636 2086 1690 vita:
2133 1634 2460 1704 principium
2501 1640 2588 1687 est
2624 1630 2814 1684 mundi
2871 1628 3033 1683 istius
3074 1641 3140 1681 ac
3195 1624 3543 1681 tenebrarum

1963 1727 2271 1796 princeps;
2324 1722 2592 1779 mortiferi
2652 1719 2862 1792 peccati
2911 1719 3242 1789 principium
3295 1723 3382 1772 est
3430 1715 3541 1779 ille,

1037 1843 1053 1868 ,
1103 1805 1216 1866 τοῖς
1248 1804 1387 1875 πρὸς
1416 1803 1475 1855 τὸ
1507 1803 1635 1857 ἴδιον
1662 1803 1861 1873 ἀγαθὸν

1966 1817 2060 1888 qui
2109 1817 2305 1871 mortis
2353 1815 2518 1870 habet
2553 1820 2906 1884 potestatem.
2946 1809 3156 1875 Idcirco
3203 1823 3314 1863 non
3364 1815 3546 1877 potest

1964 1925 2110 1976 eum,
2147 1909 2242 1976 qui
2295 1909 2565 1962 bonorum
2607 1904 2853 1960 omnimn
2881 1900 3213 1972 principium
3249 1906 3356 1962 est,
3387 1898 3545 1969 prin-

1964 2001 2171 2072 cipium
2200 2015 2360 2055 suum
2388 2014 2515 2055 esse
2536 1997 2741 2060 dicere,
2776 1996 2869 2065 qui
2890 1994 2994 2050 sub
3020 1993 3372 2048 tenebrarum
3396 1990 3547 2060 prin—

1965 2093 2110 2162 cipio
2156 2092 2425 2161 ﬂagitiose
2469 2090 2638 2144 vitam
2683 2086 2959 2153 instituit;
2999 2086 3095 2156 qui
3140 2099 3305 2140 voces
3329 2083 3546 2138 divinas

1965 2186 2033 2241 ad
2064 2186 2337 2255 propriam
2365 2182 2656 2238 utilitatem
2687 2181 2990 2251 excipiunt,
3014 2179 3205 2234 eodem
3234 2178 3398 2233 modo
3429 2176 3547 2231 ani-

1965 2277 2073 2331 mis
2110 2274 2432 2339 aﬂicientur,
2477 2288 2604 2327 cum
2650 2272 2883 2341 iustitia:
2929 2270 3194 2340 pacisque
3221 2284 3402 2337 regem
3446 2282 3547 2321 no-

1966 2369 2170 2424 minari
2214 2367 2500 2435 Christum
2553 2365 2882 2434 intelligent.
2915 2361 3131 2416 Etenim
3179 2360 3275 2430 qui
3324 2374 3391 2414 ex
3425 2373 3546 2427 pre-

1965 2462 2127 2517 candi
2174 2460 2469 2530 disciplina
2512 2459 2793 2519 obsecrat,
2840 2463 2901 2510 ut
2956 2458 3013 2509 in
3056 2453 3301 2523 seipsum
3361 2450 3547 2504 veniat

1965 2565 2196 2623 regnum
2232 2548 2474 2612 Domini,
2512 2560 2638 2600 cum
2681 2561 2805 2600 eum
2833 2546 2928 2615 qui
2960 2558 3088 2599 vere
3118 2551 3203 2598 est
3234 2556 3353 2602 rex,
3377 2538 3546 2608 justi-

1965 2645 2057 2700 tia:
2108 2652 2163 2698 et
2228 2641 2383 2713 pacis
2442 2654 2625 2710 regem
2679 2652 2805 2695 esse
2867 2635 3228 2707 cognoverit,
3276 2631 3543 2703 justitiam

1965 2750 2195 2808 prorsus
2243 2741 2299 2789 et
2348 2748 2536 2804 pacem
2589 2732 2647 2786 in
2696 2730 2923 2801 propria
2969 2729 3082 2783 vita
3125 2726 3543 2795 complectetur,

1964 2836 2026 2883 ut
2060 2826 2115 2881 in
2149 2841 2207 2881 se
2233 2840 2327 2881 rex
2354 2823 2586 2894 iustitiae
2617 2828 2672 2877 et
2697 2821 2845 2890 pacis
2871 2826 3079 2888 regnet.
3112 2817 3266 2884 Quod
3302 2816 3348 2871 si
3377 2814 3545 2883 hujus

1965 2918 2110 2989 regis
2147 2915 2447 2973 exercitum
2490 2914 2726 2968 virtutes
2772 2910 2983 2965 faciunt
3029 2908 3202 2979 (nam
3237 2905 3450 2977 jnstitia
3492 2911 3547 2960 et

1963 3023 2100 3079 pace
2144 3008 2382 3063 arbitror
2427 3004 2658 3059 virtutes
2700 3016 2891 3058 omnes
2941 3000 3246 3069 intelligi),
3300 2997 3394 3066 qui
3450 2992 3583 3051 Dei‘

1965 3099 2213 3153 militiam
2253 3097 2516 3153 deserens
2568 3110 2630 3150 se
2673 3102 2934 3163 tanquam
2983 3090 3205 3145 malitiae
3245 3085 3546 3142 inventoris

1965 3191 2222 3255 militem,
2253 3189 2468 3258 abjecto
2489 3187 2718 3257 iustitiae
2748 3185 2973 3239 thorace
3004 3190 3057 3238 et
3084 3181 3235 3236 omni
3268 3187 3547 3234 armatura

1962 3282 2226 3356 paciﬁca,
2274 3281 2328 3335 in
2379 3280 2497 3334 acie
2541 3277 2982 3332 adversariorum
3034 3273 3366 3337 constituet,
3410 3287 3549 3342 quo-

1962 3375 2127 3430 modo
2170 3374 2258 3426 hic
2288 3388 2317 3425 a
2354 3371 2587 3426 veritate
2635 3369 2850 3423 alienus
2882 3365 2986 3421 sub
3026 3363 3258 3434 justitire
3290 3378 3415 3433 rege
3440 3365 3548 3417 col-

1964 3466 2235 3520 locabitur
2258 3464 2281 3517 ?
2305 3462 2437 3531 Ejus
2458 3463 2602 3516 enim
2632 3468 2929 3514 armatura:
2950 3456 3164 3526 insigne
3184 3454 3343 3524 plane
3364 3468 3544 3524 regem

1963 3558 2140 3627 ipsius
2186 3554 2480 3620 indicabit,
2533 3553 2734 3624 quippe
2775 3549 2868 3621 qui
2905 3545 3121 3602 vivendi
3174 3545 3386 3599 ratione
3425 3551 3547 3597 tan-

1963 3663 2128 3719 quam
2187 3646 2451 3716 impressa
2510 3644 2680 3699 armis
2740 3640 2977 3710 imagine
3026 3639 3223 3694 ducem
3285 3634 3544 3691 ostendat

1964 3756 2143 3795 suum.
2194 3738 2375 3804 Quare
2427 3735 2618 3790 beatus
2670 3734 2780 3797 ille,
2836 3731 2929 3802 qui
2988 3731 3044 3785 in
3103 3729 3288 3784 divina
3349 3727 3546 3781 militia

1964 3829 2297 3884 constitutus
2329 3837 2431 3891 est,
2457 3833 2509 3878 et
2556 3822 2841 3877 ordinibus
2871 3834 3061 3876 eorum
3086 3818 3179 3888 q'ui
3212 3817 3265 3870 in
3299 3815 3547 3869 millibus

1966 3920 2200 3973 millium
2226 3923 2588 3972 numerantur
2614 3912 2926 3982 adscriptus
2964 3911 3031 3974 θ’,
3064 3915 3257 3964 contra
3282 3905 3545 3960 malitiam

1966 4011 2263 4065 virtutibus
2310 4015 2577 4068 armatur,
2616 4020 2740 4075 qua
2781 4004 2835 4057 in
2866 4017 2932 4058 eo
2978 4002 3073 4071 qui
3108 4002 3257 4071 ipsas
3303 3997 3548 4051 induerit

1966 4105 2260 4173 imaginem
2301 4101 2448 4169 regis
2493 4098 2898 4153 demonstrant.
2930 4093 3224 4154 Caeterum,
3269 4088 3402 4160 quid
3463 4094 3549 4142 est

1967 4208 2195 4250 necesse
2247 4199 2305 4245 ut
2358 4204 2453 4245 eas
2502 4201 2689 4250 voces,
2739 4184 2941 4254 quibus
2979 4179 3187 4235 Christi
3224 4190 3420 4232 nomen
3450 4189 3547 4228 ex-

1968 4288 2205 4358 plicatur
2242 4292 2298 4337 ct
2353 4282 2419 4335 ad
2455 4286 2662 4334 rectam
2692 4291 2757 4331 ex
2791 4275 2996 4327 virtute
3020 4268 3236 4325 vivendi
3280 4266 3546 4320 rationem

1967 4357 2303 4450 pervenitur,
2354 4387 2481 4426 cum
2532 4384 2594 4425 ea
2647 4365 2886 4422 nominis
2942 4362 3162 4433 propria
3207 4360 3282 4415 sit
3328 4357 3434 4421 vis,
3487 4363 3549 4410 ut

442 4477 535 4529 τὸν
567 4453 695 4529 κακέ
720 4476 919 4546 ἀρετήν
949 4453 1059 4545 βίον
1084 4476 1436 4546 ὁδηγηθῆναι,
1481 4478 1711 4531 ἑκάστου
1746 4478 1861 4531 6‘16-

1971 4471 2131 4528 nobis
2160 4468 2389 4525 omnino
2426 4462 2493 4519 ad
2527 4463 2652 4517 vita:
2682 4457 3075 4531 perfectionem
3098 4453 3392 4516 conducat,
3420 4462 3548 4519 pro-

280 4585 475 4639 ματος.
519 4567 610 4621 διὰ
638 4568 739 4635 τῆς
763 4542 991 4629 ⁷οἰκείοις
1020 4542 1333 4637 ἐμφάσεως,
1382 4569 1767 4639 συνεργοῦντος
1811 4587 1861 4623 τι

1969 4564 2258 4636 ponentes,
2311 4570 2474 4628 atque
2524 4553 2718 4608 ordine
2755 4549 3122 4609 deelarautes,
3174 4542 3389 4613 longius
3422 4554 3548 4610 pro-

276 4662 499 4723 πάντως
545 4661 676 4731 ἡμῖν
727 4659 864 4732 πρὸς
912 4660 1009 4731 τὴν
1055 4662 1149 4714 τοῦ
1200 4661 1315 4731 βίον
1365 4663 1680 4730 τελείωσιν;
1729 4664 1867 4719 ἀλλὰ

274 4750 463 4813 καλῶς
496 4751 641 4820 ἔχειν
674 4751 815 4821 φημὶ
845 4751 945 4820 τὴν
979 4751 1087 4803 τῶν
1137 4754 1617 4823 μνημονευθὲντων
1664 4758 1863 4810 ἀνακε-

275 4841 695 4913 ςαλαιώσασθαι
750 4844 1006 4915 μνήμην·
1062 4843 1202 4897 ὥστε
1252 4846 1374 4899 τινὰ
1422 4846 1675 4914 γενέσθαι
1713 4865 1865 4920 χειρ-
1906 4882 1909 4885 -

278 4934 529 5003 cru,th
551 4935 681 5004 ἡμῖν
706 4934 840 5005 πρδς
862 4934 952 4987 τὸν
979 4935 1073 4988 τοῦ
1098 4936 1255 5003 λόγου
1284 4939 1502 5002 σκοπὸν,
1536 4938 1593 4992 ὃν
1612 4938 1670 5005 ἐξ
1692 4941 1864 5011 ἀρχῆς

276 5026 597 5097 ὑπεθέμεθα
627 5045 641 5058 ο
678 5026 998 5098 ζητοῦντες,
1051 5028 1168 5092 πῶς
1212 5030 1277 5084 ἄν
1324 5047 1410 5095 τις
1452 5031 1513 5084 τὸ
1556 5031 1760 5085 τέλειον
1807 5034 1865 5086 ὲν

276 5119 463 5190 ἑαυτῷ
498 5116 910 5190 κατορθώσειεν.
968 5115 1136 5190 υἷμαι
1169 5120 1295 5193 γὰρ,
1342 5123 1390 5174 εἰ
1421 5123 1506 5176 ἀεὶ
1533 5123 1692 5177 τοῦτο
1716 5124 1866 5191 λογί-

272 5212 451 5277 ζοιτο,
482 5211 567 5264 ὅτι
597 5212 852 5276 κοινωνός
882 5213 995 5265 ἐστι
1041 5211 1133 5265 τοῦ
1165 5215 1635 5285 προσκυνούμενον
1664 5216 1864 5286 ὀνόμα-

266 5319 394 5367 10;,
429 5301 573 5356 κατά
607 5302 667 5354 τὸ
693 5301 869 5370 δόγμα
896 5302 1004 5355 τῶν
1031 5303 1343 5357 ἀποστόλων
1376 5305 1698 5375 Χριστιανὸς
1727 5322 1865 5376 χρη-

269 5392 552 5465 ματίζων,
588 5393 901 5461 ἀναγκαίως
932 5394 1027 5447 καὶ
1053 5394 1162 5447 τῶν
1191 5393 1363 5448 ἄλλων
1392 5393 1690 5467 ὀνομάτων.
1722 5391 1804 5460 οἷς
1835 5396 1865 5448 6

264 5485 522 5555 Χριστὸς
554 5489 774 5543 νοεῖται.
813 5487 909 5540 καί⁵
937 5487 1022 5556 ἐφ’
1046 5486 1239 5542 ἑαυτοῦ
1280 5485 1449 5553 δεῖξαι
1481 5489 1580 5559 τὴν
1612 5488 1862 5560 δύναμιν,

265 5575 542 5639 κοινωνὸς
570 5576 806 5647 ἑκάστης
833 5576 1078 5648 κλήσεως
1100 5579 1189 5633 διὰ
1214 5577 1309 5633 τοῦ
1342 5578 1456 5650 βίον
1488 5580 1788 5649 γινόμενος.

1965 4630 2321 4726 grediamur?
2372 4661 2497 4703 cum
2532 4643 2671 4699 satis
2702 4654 2821 4696 mea
2871 4636 3093 4709 quidem
3152 4632 3424 4689 sententia
3449 4630 3545 4695 sit,

1967 4722 2014 4804 si
2057 4761 2142 4812 ea,
2192 4759 2315 4814 quae
2365 4734 2941 4796 commemoravimus,
2986 4726 3253 4784 memoria
3308 4722 3548 4778 breviter

1967 4811 2276 4912 repetentes
2314 4834 2368 4889 in
2403 4843 2677 4887 summam
2711 4824 3060 4894 redigamus,
3103 4832 3225 4889 qua:
3274 4814 3433 4912 nobis
3476 4811 3547 4912 ad

1967 4902 2091 4990 eu'm
2141 4930 2303 4984 ﬁnem
2334 4934 2592 4993 tanquam
2624 4920 2733 4974 dux
2767 4914 3020 4975 exsistat,
3067 4923 3228 4979 quem
3277 4902 3546 4961 orationis

1962 5023 2119 5080 initio
2162 5015 2568 5090 proposuimus,
2609 5022 2733 5064 cum
2778 5006 2875 5059 abs
2923 5011 2977 5060 te
3024 5006 3383 5072 quaereretur,
3409 5011 3548 5067 quo-

1965 5113 2128 5171 modo
2168 5110 2291 5183 quis
2328 5109 2380 5162 in
2416 5106 2601 5175 seipse
2632 5097 2935 5171 perfectum
2977 5092 3198 5148 vivendi
3235 5104 3410 5162 genus
3448 5101 3541 5141 as-

1963 5206 2119 5276 sequi
2169 5181 2378 5274 posset.
2429 5197 2488 5252 Si
2527 5193 2655 5266 quis
2695 5189 2842 5247 enim
2886 5185 3109 5242 assidue
3158 5181 3452 5237 meditetur
3488 5184 3548 5230 et

1965 5271 2189 5372 cogitet,
2239 5310 2301 5351 se
2360 5286 2626 5347 adorandi
2690 5281 2933 5339 nominis
2998 5291 3121 5334 esse
3186 5271 3541 5372 participem,

1973 5364 2121 5452 ct'ex
2150 5386 2527 5462 apostolorum
2570 5378 2824 5437 instituto
2852 5370 3228 5428 Christianum
3258 5364 3391 5430 dici,
3418 5376 3547 5462 eum

1972 5500 2073 5559 ego
2106 5454 2446 5553 singularum
2480 5474 2608 5528 vita:
2658 5465 3084 5542 appellationum
3117 5454 3547 5559 compotem-ta-

1971 5548 2141 5639 cium.
2176 5548 2489 5630 necessario
2512 5564 2679 5623 etiam
2725 5561 2958 5619 aliorum
3000 5554 3310 5620 nominum,
3344 5548 3547 5624 quibus

263 5672 544 5730 Christus
572 5679 942 5742 nuncupatur,
978 5674 1219 5733 arbitror
1246 5675 1302 5732 in
1340 5692 1399 5734 se
1440 5677 1557 5747 ipso
1591 5685 1941 5733 ostensurum
1984 5687 2105 5732 esse
2137 5672 2486 5742 potestatem.

375 5788 427 5823 ⁶⁹
454 5787 626 5861 Apoc.
651 5805 751 5863 vn,
780 5790 808 5847 ι
840 5807 958 5865 sqq.
