3896 6208
433 235 539 293 253

1708 265 1766 321 S.
1797 265 2118 325 GREGORII
2158 269 2203 327 Ν
2208 272 2453 331 YSSENI

3572 286 3679 347 ΞΜ

501 346 657 415 Quod
695 363 874 410 autem
905 357 1049 426 dico,
1076 362 1157 419 sic
1187 364 1299 425 fere
1329 370 1493 429 habet
1520 394 1533 430 :
1570 375 1697 432 Tria
1728 387 1853 436 sunt
1879 396 1959 452 qu;

501 439 726 471 ιιιίριῖηιιι
757 444 919 471 "tu-.-
950 447 1222 471 .I--I___,,.
1291 466 1300 471 .
1460 464 1496 471 -.
1557 465 1569 471 -

2062 418 2072 451 ι
2173 385 2299 443 Οἷόν
2328 407 2380 443 τι
2397 390 2538 459 λέγω
2563 407 2577 424 ·
2600 382 2757 462 ’Τρία
2778 391 2844 446 τά
2876 394 3383 466 χαρακτηριζόμενα
3415 398 3509 452 τοῦ
3541 402 3675 471 Χρι-

427 434 728 495 Christiani
757 444 920 499 vitam
946 447 1227 509 declarant
1254 466 1417 530 atque
1443 464 1806 536 distinguunt,
1834 434 1998 537 acjtio,

422 887 550 946 dine
568 895 889 968 collocatur,
921 919 1042 973 quae
1070 908 1252 965 animo
1277 917 1510 986 cogitata
1545 918 1705 978 factis
1739 926 1993 996 exsequi-

420 986 532 1036 tur.
586 983 642 1039 Si
690 989 821 1058 quid
875 994 1066 1053 horum
1127 1001 1292 1072 igitur
1342 983 1465 1073 nos,
1519 1019 1580 1065 ut
1633 1015 1711 1078 tit,
1772 983 1991 1074 aut.ad

419 1073 711 1143 agendum,
759 1090 853 1136 aut
908 1085 975 1139 ad
1023 1091 1395 1161 cogitandum,
1431 1108 1524 1154 aut
1562 1103 1628 1158 ad
1661 1073 1991 1176 loquendum

418 1158 608 1230 ducit;
638 1182 778 1238 opus
802 1181 905 1237 est,
950 1187 1006 1229 ut
1037 1158 1215 1237 onimia
1280 1197 1468 1244 nostra
1519 1176 1632 1248 tuin
1668 1158 1835 1263 dicta,
1871 1211 1987 1257 tum

416 1248 584 1318 facta,
637 1267 749 1313 tum
787 1265 1023 1335 cogitata
1066 1271 1135 1325 ad
1183 1274 1423 1333 divinam
1457 1296 1644 1340 earum
1680 1291 1985 1357 notionum,

415 1343 618 1410 quibus
652 1348 909 1409 Christus
954 1356 1289 1431 declaratur,
1331 1373 1571 1440 regulam
1620 1378 1703 1435 sic

413 1440 527 1496 tur,
558 1447 617 1491 ut
658 1442 792 1497 nihil
831 1448 1153 1518 cogitemus,
1186 1457 1325 1512 nihil
1357 1461 1624 1528 dicamus.
1652 1469 1786 1524 nihil
1817 1440 1983 1529 facia-

412 1538 555 1591 mus,
598 1531 744 1600 quod
778 1548 808 1586 a
841 1538 1061 1594 sublimi
1101 1559 1288 1600 carum
1312 1550 1711 1622 significatione
1740 1563 1978 1620 recedat.

410 1610 545 1670 Nam
605 1627 662 1673 ut
713 1625 985 1713 quidquid
1027 1647 1137 1688 non
1172 1645 1257 1692 est
1298 1610 1391 1695 ειν
1412 1643 1516 1699 fide
1552 1610 1982 1723 Paulus

406 1709 524 1760 tum
580 1708 797 1779 dicit",
834 1717 908 1771 ita
938 1710 1038 1778 nos
1076 1724 1263 1782 eodem
1294 1732 1456 1787 modo
1488 1708 1805 1817 cogitantes.
1821 1743 1978 1813 plane

407 1807 705 1863 possumus
753 1803 1054 1876 allirmare,
1115 1830 1454 1890 quaecunque
1501 1841 1610 1881 non
1676 1808 1978 1902 respiciunt

1132 1882 1147 1885 _
1366 1882 1381 1890 _
1678 1882 1976 1902 ---Γ---.η

405 1882 708 1956 Christum,
754 1908 850 1949 seu
897 1901 1081 1966 verba,
1135 1920 1232 1961 seu
1267 1923 1429 1979 opera
1468 1915 1598 1979 sint,
1637 1935 1731 1975 seu
1769 1925 1976 1995 cogita-

1302 1975 1318 1979 -
1588 1975 1596 1979 ν
1779 1975 1945 1995 "0""

405 1975 609 2043 tiones,
664 1981 756 2036 illa
802 1990 986 2044 omnia
1024 1994 1095 2048 ad
1127 1995 1182 2050 id
1235 2003 1462 2059 omnino
1508 2019 1780 2079 spectare,
1827 2017 1975 2086 quod

405 2064 615 2086 (Vl-_'--.
781 2082 791 2086 ι
898 2079 909 2086 ⁸

1538 2064 1553 2077 ι
1702 2064 1780 2079 ἀπ’
1830 2064 1974 2086 1""

402 2064 628 2125 Christo
667 2079 1005 2134 contrarium
1039 2094 1143 2140 est.
1176 2086 1278 2154 Qui
1318 2093 1462 2148 enim
1510 2108 1664 2153 extra
1694 2102 1870 2160 lucem
1919 2116 1974 2162 et

401 2156 567 2213 vitam
603 2171 709 2227 est,
732 2166 779 2222 is
800 2166 854 2223 in
888 2174 1128 2233 tenebris
1160 2195 1387 2248 prorsus
1415 2196 1467 2240 et
1507 2199 1684 2247 morte
1712 2211 1818 2250 non
1850 2212 1974 2254 esse

400 2263 513 2331 non
553 2261 753 2322 potest.
797 2263 1160 2326 Quamobrem
1208 2273 1279 2336 si,
1323 2278 1469 2345 quod
1513 2295 1578 2334 ex
1613 2284 1832 2341 Christo
1861 2305 1970 2345 non

1209 2320 1279 2336 __,
1366 2320 1469 2331 ην..
1514 2320 1578 2334 υ.
1614 2320 1832 2341 unus“,
1862 2320 1970 2345 ιιυιι

400 2320 482 2402 tit,
526 2320 582 2397 et
610 2345 813 2403 dicitur
841 2360 896 2406 et
927 2358 1220 2425 cogitatur,
1253 2320 1355 2428 illi:
1378 2368 1522 2436 quod
1548 2380 1632 2426 est
1672 2374 1815 2431 bono
1841 2393 1972 2433 con-

395 2432 647 2500 trarium,
696 2440 1050 2509 conjunctnm
1092 2458 1178 2504 est
1210 2470 1224 2506 :
1262 2468 1330 2509 ex
1362 2456 1465 2514 hoc
1522 2463 1698 2520 cuivis
1736 2468 1968 2524 manife-

396 2529 542 2576 stum
581 2523 767 2594 fuerit,
819 2532 870 2588 id
901 2538 1044 2606 quod
1073 2539 1200 2598 hinc
1224 2545 1522 2619 colligitur,
1566 2554 1797 2623 scilicet,
1824 2562 1967 2629 quod

394 2612 669 2685 relinquat
706 2619 1008 2693 Christum,
1051 2634 1144 2701 qui
1180 2636 1248 2689 ab
1276 2612 1385 2695 illo'
1418 2612 1701 2711 sejunctus
1744 2612 1856 2704 est:
1872 2669 1969 2722 per

392 2719 516 2773 qua:
537 2709 620 2762 vel
641 2713 845 2782 cogitat
873 2720 1097 2790 aliquid,
1130 2727 1211 2780 vel
1232 2730 1361 2798 agit,
1387 2709 1755 2805 vel'loquitur.
1778 2709 1966 2800 Divina

393 2795 565 2865 igitur
599 2801 687 2854 illa
726 2803 1012 2875 Prophetm
1048 2816 1211 2870 verba
1246 2822 1527 2879 verissima
1558 2837 1684 2883 sunt
1722 2851 1735 2886 :
1775 2851 1793 2884 ι
1821 2834 1966 2891 Prae-

396 2886 708 2946 varicantes
756 2901 1002 2967 reputavi
1059 2918 1249 2963 omnes
1300 2925 1613 2979 peccatores
1663 2927 1901 2982 terrae“.
1938 2947 1956 2980 ι

400 2971 472 3030 Ut
513 2980 657 3033 enim
689 2985 781 3053 qui
825 2986 1101 3048 Christum
1148 2997 1201 3052 in
1249 3008 1722 3070 persecutionibus
1772 3030 1959 3089 negat,

400 3067 557 3089 ,,__,_.
744 3078 756 3089 .
805 3079 817 3089 .

1251 3067 1262 3070 ,
1698 3067 1717 3070 -
1772 3067 1959 3089 ---ορ-ς

385 3067 559 3127 divini
611 3078 851 3135 nominis
917 3089 1303 3153 praevaricator
1348 3105 1473 3166 est;
1525 3103 1607 3158 sic
1667 3108 1853 3176 etiam,
1913 3116 1959 3170 si

385 3160 513 3229 quis
555 3167 861 3237 veritatem,
893 3181 946 3229 et
968 3175 1264 3246 justitiam,
1297 3194 1351 3241 et
1390 3160 1759 3263 sanctitatem,
1793 3209 1847 3255 et
1879 3204 1961 3259 in-

387 3254 723 3324 tegritatem,
771 3271 827 3316 et
887 3266 932 3319 si
991 3270 1122 3337 quid
1181 3274 1323 3330 aliud
1388 3281 1575 3336 virtuti
1628 3293 1959 3350 conveniens

382 3344 677 3415 cogitatur,
727 3363 909 3424 negat,
941 3365 993 3411 et
1024 3376 1133 3430 quo
1173 3372 1416 3436 tempore
1449 3384 1638 3430 contra
1670 3384 1958 3448 perturba-

383 3435 560 3495 tiones
604 3450 657 3496 et
691 3445 821 3500 vitia
867 3447 1081 3506 fortiter
1126 3435 1474 3526 pugnandum
1516 3478 1623 3535 est,
1661 3473 1784 3529 vitae
1821 3491 1956 3532 con-

383 3530 642 3585 stantiam
670 3535 881 3605 ahjicit,
922 3540 969 3595 is
1001 3556 1029 3594 a
1055 3543 1323 3615 Propheta
1353 3530 1740 3622 praavaric'ator
1770 3570 1954 3637 appel-

382 3619 527 3675 latur
558 3641 572 3678 :
610 3624 666 3680 in
698 3627 784 3684 his
812 3632 956 3685 enim
995 3635 1230 3706 singulis
1272 3658 1302 3696 a
1339 3619 1581 3715 Christo,
1624 3656 1713 3722 qui
1745 3668 1830 3713 est
1861 3661 1952 3717 illa

2103 479 2321 534 στιανοῦ
2342 481 2432 534 τὸν
2462 482 2572 551 βίον
2605 483 2740 550 ἐστὶ,
2758 483 2976 554 πρᾶξις,
2997 485 3172 554 λόγος,
3193 486 3464 557 ἐνθύμιον.
3508 492 3674 564 Ἀρχὴ

1916 563 1995 631 i0;
2099 569 2208 642 γὰρ
2238 570 2445 640 γίνεται
2473 572 2629 642 λόγου
2649 575 2849 638 παντὸς
2875 578 2906 647 ἡ
2929 577 3134 631 διάνοια
3151 595 3163 608 ·
3188 577 3440 651 δεύτερον
3456 581 3515 634 δέ
3536 563 3674 653 μετά

2096 660 2196 731 τὴν
2226 661 2540 732 ἐνθύμησιν,
2581 666 2609 716 6
2641 664 2796 733 λόγος
2846 669 2982 730 ἐστὶ,
3027 668 3123 739 τὴν
3170 671 3574 726 ἐντυπωθεῑσαν
3609 678 3673 746 τῇ

2095 751 2238 823 ψυχῇ
2272 753 2508 807 διάνοιαν
2537 755 2626 810 διὰ
2667 757 2766 827 τῆς
2809 759 2997 829 φωνῆς
3043 760 3419 817 ἐκκαλύπτων.
3468 765 3674 837 Τρίτην

1971 866 1996 877 -
2094 843 2150 896 δὲ
2173 843 2324 909 τάξιν
2352 846 2537 917 ἐπέχει
2571 847 2708 918 μετά
2731 850 2822 903 τὸν
2855 850 2978 904 νοῦν
3024 852 3116 904 καὶ
3150 853 3241 906 τὸν
3271 853 3424 923 λόγον
3455 858 3486 926 ἡ
3530 860 3675 928 πρᾶ-

2095 931 2195 997 ξις,
2225 933 2287 986 τὸ
2324 936 2511 1004 νοηθὲν
2551 940 2630 1000 είς
2675 938 2956 1009 ἐνέργειαν
2984 940 3211 1009 ἄγουσα.
3262 942 3490 1009 Οὐκοῦν,
3540 946 3673 999 ὅταν

2092 1027 2170 1089 εἴς
2198 1043 2252 1079 τι
2279 1027 2480 1081 τούτων
2497 1031 2644 1099 ἡμᾶς
2665 1031 2971 1096 ἀκολούθως
2999 1034 3076 1103 τῷ
3103 1034 3204 1104 βίῳ
3226 1038 3668 1108 προσαγάγηται,

2091 1115 2270 1181 καλῶς
2303 1116 2414 1188 ἔχει
2444 1120 2640 1184 παντὸς
2673 1121 2766 1175 καὶ
2805 1123 2962 1191 λόγου
2992 1126 3086 1177 καὶ
3108 1125 3272 1197 ἔργου
3305 1130 3398 1181 καὶ
3431 1128 3672 1201 ἐνθυμή-

2092 1222 2262 1275 ματος
2292 1208 2358 1259 τά
2383 1208 2501 1262 θεῖα
2522 1210 2693 1264 ταῦτα
2715 1213 2982 1283 νοήματα,
3009 1214 3076 1267 δι’
3104 1208 3178 1269 ὧν
3196 1219 3225 1269 6
3247 1217 3447 1289 Κύριος
3462 1223 3666 1274 νοεῖται

2087 1297 2179 1349 καὶ
2207 1297 2553 1369 ὀνομάζεται,
2581 1302 2649 1355 δι’
2677 1304 2961 1373 ἀκριϐείας
2989 1308 3423 1373 ἐπισκοπεῖσθαι,
3451 1315 3525 1382 μὴ
3557 1311 3667 1379 ἔξω

2085 1388 2182 1458 τῆς
2210 1389 2493 1460 δυνάμεως
2528 1393 2636 1447 τῶν
2673 1394 2891 1465 ὑψηλῶν
2920 1398 3144 1454 ἐκείνων
3176 1402 3453 1471 ὀνομάτων
3491 1403 3668 1475 φέρη-

2083 1495 2171 1532 ται
2218 1481 2376 1550 ήμῶν
2406 1482 2438 1552 ἢ
2478 1484 2540 1537 τὸ
2566 1483 2743 1556 ἔργον,
2780 1487 2813 1557 ἢ
2847 1489 2875 1540 6
2906 1488 3084 1555 λόγος,
3123 1492 3157 1561 ἦ
3191 1491 3251 1544 τδ
3283 1493 3555 1565 ἐνθύμιον.
3574 1497 3667 1559 Ὡς

2082 1569 2191 1641 γάρ
2216 1573 2242 1624 6
2269 1572 2477 1637 Παῦλός
2502 1592 2683 1644 φησιν,
2714 1578 2793 1631 ὅτι
2820 1580 2947 1642 πᾶν,
2971 1581 2998 1633 ὃ
3019 1581 3091 1653 μὴ
3127 1582 3191 1636 ἐκ
3214 1584 3468 1649 πίστεως.
3488 1587 3667 1658 ἀμαρ-

2080 1661 2171 1714 τία
2195 1662 2361 1715 ἐστίν·
2404 1663 2576 1730 οὕτως
2621 1666 2770 1721 ἔστιν
2819 1670 2883 1722 ἐκ
2921 1669 3016 1723 τοῦ
3054 1671 3347 1726 ἀκολούθου
3384 1675 3665 1746 νοήσαντα

2010 1734 2051 1789 Β
2081 1752 2267 1822 σαφῶς
2319 1754 2719 1827 ἀποφήνασθαι,
2759 1760 2840 1813 ὅτι
2906 1762 3013 1816 πᾶν
3044 1761 3073 1815 ὃ
3104 1761 3178 1834 μὴ
3226 1765 3307 1829 είς
3353 1734 3591 1836 Χριστὸν
3623 1769 3658 1838 ἢ

2081 1847 2250 1918 ῥῆμα.
2284 1846 2316 1918 ἢ
2348 1846 2526 1919 ἔργον,
2560 1850 2593 1921 ἢ
2618 1851 2816 1923 νόημα.
2841 1854 2919 1916 είς
2943 1853 3004 1908 τὸ
3026 1855 3399 1925 ἀντικείμενον
3428 1858 3508 1928 τῷ
3524 1860 3661 1931 Χρι-

2074 1935 2187 2006 στῷ
2210 1937 2426 2003 πάντως
2462 1941 2582 2012 ὁρᾷ.
2608 1942 2682 1995 Ού
2717 1944 2826 2014 γὰρ
2851 1945 2967 1998 ἔστι
2988 1945 3079 1999 τὸν
3108 1946 3211 2012 ἔξω
3243 1947 3419 2016 φωτὸς
3447 1948 3479 2020 ἦ
3510 1950 3659 2020 ζωῆς

2075 2027 2382 2097 γενόμενον,
2412 2029 2487 2101 μὴ
2500 2032 2556 2083 ἐν
2579 2032 2760 2086 σκότει
2787 2034 3054 2107 πάντωςῆ
3087 2037 3144 2090 ἐν
3165 2036 3378 2108 θανάτῳ
3406 2034 3561 2092 εἶναι.
3589 2040 3654 2092 Ei

2073 2119 2251 2173 τοίνυν
2266 2121 2325 2174 τὸ
2348 2121 2421 2193 μὴ
2443 2122 2582 2176 κατὰ
2599 2125 2830 2196 Χριστὸν
2858 2128 3241 2201 ἐνεργούμενόν
3260 2148 3318 2184 τε
3342 2132 3437 2185 καὶ
3457 2132 3651 2186 λαλού-

2077 2227 2257 2280 μενον,
2277 2212 2369 2265 καὶ
2389 2213 2695 2283 νοούμενον,
2728 2217 2863 2289 πρὸς
2877 2219 2936 2271 τὸ
2954 2219 3031 2290 τῷ
3059 2220 3245 2292 ἀγαθῷ
3277 2222 3649 2294 ἀντικείμενον

2072 2302 2284 2366 οἰκείως
2306 2302 2436 2373 ἔχει’
2459 2306 2616 2360 παντὶ
2632 2307 2788 2377 δῆλον
2807 2308 2871 2364 ἂν
2887 2311 2992 2382 εἴη,
3011 2311 3072 2364 τὸ
3087 2311 3176 2364 διὰ
3192 2311 3397 2368 τούτων
3416 2315 3646 2384 ἀναφαι-

2070 2391 2312 2461 νόμενον,
2346 2394 2425 2447 ὄτι
2453 2395 2642 2467 ἀφίησι
2655 2398 2744 2451 τὸν
2765 2400 3016 2471 Χριστὸν,
3046 2402 3071 2453 6
3101 2401 3204 2466 ἔξω
3241 2403 3448 2457 ἐκείνου
3490 2405 3649 2472 γενό·

2074 2500 2250 2554 μενος,
2287 2484 2351 2538 δι’
2381 2480 2456 2541 ὧν
2497 2488 2529 2560 ἧ
2576 2490 2773 2543 νοεῖταί
2806 2509 2880 2552 τι,
2915 2492 2948 2564 ἢ
2978 2495 3224 2564 πράττει,
3256 2496 3288 2566 ἢ
3323 2496 3640 2566 φθέγγεται.

2070 2575 2274 2628 Οὐκοῦν
2301 2577 2553 2647 ἀληθεύει
2584 2580 2758 2651 ἡθεία
2781 2581 2876 2635 τοῦ
2907 2585 3188 2655 προφήτου
3218 2588 3389 2659 φωνὴ.
3411 2589 3445 2659 ἦ
3473 2606 3639 2661 φησι·

2075 2683 2094 2716 ι
2127 2666 2568 2737 Παραϐαίνοντας
2619 2671 2950 2743 ἐλογισάμην
2986 2676 3193 2739 πάντας
3219 2678 3342 2740 τοὺς
3383 2679 3644 2749 ἀμαρτωο

2067 2752 2190 2818 λοὺς
2216 2756 2314 2825 τῆς
2344 2756 2467 2827 γῆς.
2501 2777 2520 2810 ι
2573 2759 2659 2823 Ὠς
2711 2760 2820 2831 γὰρ
2848 2764 2875 2814 6
2901 2761 2991 2815 τὸν
3033 2765 3266 2835 Χριστὸν
3296 2766 3353 2819 ἐν
3380 2770 3491 2830 τοῖς
3517 2767 3640 2821 διωο

2065 2849 2223 2915 γμοῖς
2252 2849 2645 2922 ἀρνησάμενος,
2681 2853 3004 2924 παραϐάτης
3028 2856 3144 2908 ἐστὶ
3172 2855 3266 2909 τοῦ
3302 2875 3641 2928 προσκυνου-

2068 2936 2227 3006 μένου
2252 2938 2509 3011 ὀνόματος
2532 2957 2547 2971 ο
2578 2942 2721 2996 οὕτω
2746 2944 2840 2998 καὶ
2871 2945 2925 2997 εί
2962 2962 3045 3008 τις
3080 2946 3338 3017 ἀλήθειαν
3377 2948 3410 3020 ἢ
3444 2951 3543 3021 τὴν
3560 2951 3641 3003 δι-

2063 3028 2353 3100 καιοσύνην
2379 3032 2688 3105 ἀρνήσαιτο,
2720 3034 2752 3106 ἢ
2780 3034 2873 3089 τὸν
2916 3037 3185 3109 ἁγιασμόν
3211 3057 3271 3092 τε
3311 3042 3403 3094 καὶ
3427 3040 3641 3113 ἀφθαρ-

2065 3118 2204 3182 σίαν,
2249 3121 2281 3191 ἢ
2339 3122 2392 3174 εί
2432 3140 2484 3176 τι
2539 3124 2667 3179 ἄλλο
2691 3126 2799 3179 τῶν
2844 3129 2964 3181 κατ’
2999 3128 3198 3200 ἀρετὴν
3223 3132 3544 3202 νοουμένων,
3577 3135 3639 3188 ἐν

2059 3208 2235 3280 καιρῷ
2260 3212 2358 3283 τῆς
2379 3214 2488 3267 τῶν
2534 3215 2871 3287 παθημάτων
2906 3222 3337 3293 ἐπικρατήσεως,
3369 3224 3638 3279 ἀποϐάλοι

2056 3298 2150 3349 τοῦ
2187 3297 2322 3368 βίου,
2352 3303 2672 3375 παραϐάτης
2691 3307 3007 3377 ὀνομάζεται
3029 3310 3133 3363 ὑπὸ
3154 3315 3252 3380 τῆς
3273 3312 3634 3383 προφητείας·

2056 3388 2123 3441 δι’
2154 3390 2385 3446 ἑκάστου
2414 3394 2617 3449 τούτων
2663 3397 2754 3451 τὸν
2787 3398 2960 3455 ταῦτα
2998 3402 3124 3455 ὄντα
3168 3403 3521 3475 παραϐαίνων
3548 3404 3636 3475 τῷ

2057 3480 2175 3552 βίῳ.
2214 3484 2279 3537 Τί
2313 3481 2406 3539 οὖν
2435 3485 2539 3558 χρὴ
2564 3489 2820 3558 πράττειν
2853 3492 2944 3546 τὸν
2969 3494 3068 3565 τῆς
3099 3496 3340 3567 μεγάλης
3371 3497 3464 3550 τοῦ
3498 3496 3637 3567 Χρι-

2057 3573 2181 3626 στοῦ
2236 3577 2552 3648 ἐπωνυμίας
2582 3580 2908 3651 ἀξιωθέντα;
2951 3584 3004 3637 τί
3056 3586 3203 3651 ἄλλο,
3237 3587 3270 3658 ἢ
3310 3587 3397 3642 διά
3429 3590 3634 3654 παντὸς

2053 3665 2377 3737 φιλοκρινεῖν
2408 3669 2463 3722 ἐν
2490 3671 2666 3742 ἐαυτῷ
2693 3673 2759 3727 τὰ
2778 3675 3024 3747 νοήματά
3076 3694 3134 3731 τε
3163 3680 3259 3732 καὶ
3283 3678 3349 3733 τὰ
3378 3680 3628 3749 ῥήματα,

2051 3756 2144 3809 καὶ
2162 3757 2229 3811 τά
2257 3757 2414 3830 ἔργα,
2441 3763 2548 3815 εἴτε
2572 3764 2708 3835 πρὸς
2741 3767 2974 3837 Χριστὸν
2999 3767 3231 3824 ἕκαστον
3268 3770 3469 3825 τούτων
3501 3772 3629 3843 βλέ-

1810 3842 1949 3898 icu-
2050 3864 2162 3909 πει,
2206 3852 2316 3903 εἴτε
2356 3850 2450 3905 τοῦ
2507 3856 2741 3927 Χριστοῦ
2790 3858 3177 3931 ἡλλοτρίωταις
3224 3862 3398 3933 Πολλὴ
3428 3863 3484 3918 δὲ
3523 3865 3623 3933 τῆς

379 3992 493 4039 tum
519 3991 773 4059 cogitata,
793 3999 1090 4066 tumdicta,
1120 4013 1235 4061 tum
1268 4009 1408 4066 facta
1439 4014 1728 4086 diligenter
1759 4027 1946 4094 explo-

374 4080 481 4141 ret,
512 4085 588 4141 et,
624 4088 804 4137 utrum
833 4102 1020 4145 eorum
1044 4095 1256 4167 singula
1286 4102 1351 4155 ad
1387 4104 1664 4165 Christum
1697 4116 1942 4185 tendant,

373 4181 443 4222 an
508 4170 578 4225 ab
622 4172 717 4228 illo
763 4178 875 4233 sint
922 4184 1117 4248 aliena,
1174 4190 1481 4260 dijudicet?
1526 4199 1709 4259 Multis
1764 4220 1941 4266 autem

371 4259 550 4315 modis
580 4262 636 4317 ﬁt
670 4266 781 4323 haec
819 4276 1077 4341 praeclara
1112 4259 1454 4351 dijudicalio.
1495 4259 1943 4366 Quidquidenim

2047 3937 2369 4010 διακρίσεως
2393 3942 2500 3997 τῶν
2522 3944 2778 4001 τοιούτων
2800 3949 2946 4003 ἐστὶν
2974 3950 3005 4020 ή
3040 3949 3276 4005 εὐκολία.
3315 3954 3380 4006 '0
3411 3953 3624 4054 γάρδιὰ

2048 4031 2251 4093 πάθους
2281 4033 2423 4098 τινὸς
2455 4037 2773 4109 ἐνεργεῖται,
2810 4039 2842 4111 ἢ
2874 4043 3093 4106 νοεῖται,
3203 4042 3447 4111 λέγεται,
3466 4043 3625 4098 τοῦτο

2045 4122 2298 4194 οὐδεμίαν
2327 4124 2437 4196 ἔχει
2463 4129 2599 4198 πρὸς
2633 4130 2721 4183 τὸν
2743 4131 2974 4201 Χριστὸν
3004 4135 3338 4203 συμφωνίαν,
3370 4134 3505 4187 ἀλλά
3526 4135 3623 4189 τὸν

2045 4213 2365 4284 χαρακτῆρα
2389 4215 2482 4269 τοῦ
2515 4218 2891 4289 ἀντικειμένου
2918 4221 3091 4291 φέρει,
3122 4222 3180 4286 ὃς
3208 4223 3326 4277 ἀντὶ⁵
3357 4222 3619 4296 βορϐόρου

2043 4303 2110 4355 τὰ
2144 4304 2288 4374 πάθη
2319 4305 2396 4377 τῷ
2423 4309 2734 4381 μαργαρίτῃ
2760 4311 2857 4382 τῆς
2878 4311 3056 4382 ψυχῆς
3081 4314 3479 4385 προσαλείφων,
3514 4315 3620 4385 τήν

370 4353 781 4418 perturbatione
814 4362 993 4434 aliqua
1033 4378 1127 4423 aut
1165 4375 1362 4443 agitur,
1405 4392 1497 4436 aut
1528 4389 1817 4455 cOgitatur,
1848 4404 1941 4448 aut

370 4439 573 4475 (linit...-
659 4444 711 4475 ιιι
780 4464 900 4475 λη..-
971 4456 1041 4475 ,τι
1088 4459 1098 4471 .
1137 4468 1150 4475 ,
1296 4466 1307 4475 .
1357 4468 1368 4475 .

2331 4353 2393 4377 ,τ
2423 4353 2734 4381 ,ηιηηηηι
2771 4353 2853 4382 ..,,
2881 4353 3052 4382 ,ιν-λη,
3087 4353 3479 4385 ..ρνυαηωτωη
3525 4353 3617 4385 ..εν

2062 4395 2361 4464 ιαμπηδόνα
2406 4397 2501 4451 τοῦ
2549 4400 2730 4470 τιμίου
2776 4401 2923 4455 λίθου
2971 4404 3394 4475 διαλυμαίνεται.
3445 4406 3519 4459 Τὸ
3554 4407 3617 4460 δὲ

367 4439 592 4507 dicitur,
658 4444 712 4501 id
777 4464 901 4505 cum
970 4439 1461 4523 Christo—minime
1511 4439 1785 4545 congruit,
1841 4484 1935 4538 sed

366 4528 667 4588 adversarii
721 4548 907 4595 notam
948 4552 1003 4598 et
1044 4546 1334 4620 imaginem
1399 4562 1560 4628 gerit,
1614 4568 1708 4634 qui
1765 4573 1937 4628 animi

364 4624 673 4694 margarita:
710 4643 811 4698 pro
847 4646 1006 4689 emno
1041 4624 1478 4707 perturbationes
1527 4624 1814 4725 admiscet,
1874 4675 1935 4721 ut

362 4714 588 4781 pretiosi
615 4717 808 4789 lapidis
830 4726 1173 4795 splendorem
1195 4736 1463 4797 deformet
1482 4759 1545 4800 ac
1561 4714 1761 4808 deleat.
1776 4714 1933 4821 (iudd

361 4813 493 4856 vero
520 4804 589 4859 ab
629 4810 777 4864 omni
807 4813 1025 4870 turbida
1069 4819 1353 4881 allectione
1392 4843 1622 4887 vacuum
1650 4846 1705 4891 et
1734 4855 1929 4909 purum

361 4899 470 4955 est,
507 4893 562 4947 id
607 4898 672 4951 ad
720 4906 1134 4974 tranquillitatis
1184 4923 1462 4974 auctorem
1520 4934 1574 4979 et
1625 4893 1927 5001 principem

361 4991 599 5051 spectat,
649 4990 742 5057 qui
764 4990 1020 5053 Christus
1044 5009 1149 5064 est,
1178 5019 1243 5058 ex
1271 5022 1380 5076 quo
1403 4990 1660 5082 tanquam
1693 5034 1758 5073 ex
1789 4990 1927 5090 puro

358 5071 789 5147 incorruploque
816 5080 982 5152 fonte,
1011 5090 1103 5158 qui
1133 5107 1264 5150 suas
1292 5098 1457 5154 animi
1482 5104 1734 5164 notiones
1761 5118 1926 5181 atque

360 5160 453 5181 Λα,
707 5169 720 5181 .
848 5173 861 5181 .
1032 5179 1045 5181 -

1688 5160 1730 5164 κ-
1764 5160 1926 5181 ψη---

357 5160 672 5223 allectiones
705 5169 888 5228 haurit
927 5185 983 5231 et
1014 5179 1244 5251 derivat,
1297 5190 1457 5245 talem
1497 5209 1620 5249 cum
1653 5200 1927 5273 principio

356 5260 518 5323 atque
545 5256 757 5328 origine
805 5262 1216 5328 similitudinem
1262 5291 1375 5347 pra:
1422 5297 1481 5337 se
1512 5256 1670 5363 feret:
1710 5256 1924 5359 qualem

355 5343 567 5402 obtinet
605 5363 730 5405 cum
777 5352 898 5425 ipso
934 5355 1107 5426 fonte,
1146 5343 1279 5435 qua;
1316 5367 1371 5425 in
1419 5373 1598 5431 rivulo
1629 5343 1921 5449 'de'currit,

353 5446 583 5506 quasque
621 5439 675 5495 in
720 5445 981 5516 amphora
1023 5454 1334 5525 resplendet
1376 5475 1545 5534 aqua.
1572 5466 1780 5525 Etenim
1811 5439 1920 5530 una

444 5605 669 5668 "Rom.
709 5631 816 5673 xw.
861 5622 947 5674 23.
1027 5628 1069 5658 ⁷¹
1101 5628 1244 5686 Psal.
1271 5649 1459 5696 cxvm,
1492 5640 1605 5697 ll9.

2044 4482 2343 4555 καθαρεῦον
2378 4486 2559 4557 πάσης
2588 4490 2867 4560 ἐμπαθοῦς
2902 4492 3213 4557 διαθέσεως,
3250 4495 3383 4565 πρὸς
3400 4496 3492 4550 τὸν
3511 4495 3617 4566 ἀρ-

2041 4575 2207 4645 χηγὸν
2247 4578 2345 4647 τῆς
2390 4579 2655 4643 ἀπαθείας
2697 4581 2901 4649 βλέπει,
2943 4585 3000 4647 ὃς
3040 4586 3184 4639 ἐστιν
3216 4588 3245 4640 6
3272 4588 3522 4656 Χριστὸς,
3552 4588 3617 4654 ἐξ

2038 4659 2119 4727 οὗ,
2147 4666 2395 4739 καθάπερ
2428 4672 2492 4725 ἐκ
2519 4672 2763 4744 καθαρᾶς
2788 4677 2879 4729 καὶ
2911 4677 3190 4748 ἀφράκτου
3215 4679 3419 4748 πηγῆς,
3451 4680 3617 4751 ἀρυό-

2043 4758 2200 4825 μενός
2214 4774 2296 4821 τις
2317 4761 2397 4823 είς
2427 4762 2614 4816 ἑαυτὸν
2635 4764 2702 4818 τά
2722 4767 2985 4836 νοήματα,
3010 4768 3259 4839 τοιαύτην
3282 4771 3459 4842 ἐαυτῷ
3476 4772 3615 4842 πρὸς

2036 4845 2098 4898 τὸ
2130 4850 2476 4919 πρωτότυπον
2501 4853 2663 4919 δείξει
2708 4856 2807 4927 τὴν
2844 4858 3157 4930 ὁμοιότητα,
3192 4860 3279 4947 οἵα
3309 4863 3426 4914 ἐστὶ
3473 4864 3611 4934 πρὸς

2033 4936 2094 4991 τὸ
2141 4939 2280 5012 ὕδωρ
2328 4943 2404 5015 τῷ
2448 4943 2621 5012 ὕδατι,
2660 4947 2738 5018 τῷ
2780 4965 2840 5002 τε
2883 4950 3103 5022 πηγαίῳ
3131 4940 3215 5022 τῷ
3240 4952 3477 5024 βρύοντι,
3509 4954 3608 5008 καὶ

2031 5025 2108 5097 τῷ
2159 5029 2368 5085 ἐκεῖθεν
2411 5035 2468 5086 ἐν
2519 5034 2594 5105 τῷ
2644 5036 2884 5108 ἀμφορεῖ
2924 5041 3454 5145 velamus-vd)..qu
3496 5043 3609 5145 γὰρ

2027 5120 2092 5189 τῇ
2120 5120 2281 5188 φύσει
2316 5124 2349 5194 ή
2380 5124 2707 5196 καθαρότης,
2733 5128 2767 5198 ἦ
2807 5146 2865 5181 τε
2899 5130 2958 5181 ἐν
2988 5130 3209 5201 Χριστῷ
3237 5131 3331 5184 καὶ
3369 5134 3403 5203 ἠ
3436 5133 3493 5186 ἐν
3523 5133 3607 5203 τῷ

2031 5209 2307 5280 μετέχοντι
2356 5214 2721 5289 θεωρουμένη.
2768 5218 2905 5272 Ἀλλ’
2949 5222 2978 5272 6
3027 5220 3124 5290 μὲν
3169 5222 3441 5291 πηγάςἙν
3479 5225 3509 5275 6
3545 5223 3607 5278 δὲ

2034 5299 2271 5370 μετέχων
2322 5303 2568 5375 ἀρύεται,
2615 5309 2865 5378 μετάγων
2915 5310 3008 5362 ἐπὶ
3033 5308 3122 5416 τὸν
3163 5310 3275 5381 βίον
3295 5311 3373 5412 ’τὸ
3410 5314 3468 5367 ἐν
3491 5315 3607 5416 τοῖς

2027 5387 2262 5462 νοήμασι
2290 5394 2512 5461 κάλλοςο
2540 5398 2680 5453 ὥστε
2708 5401 3026 5471 συμφωνίαν
3065 5396 3203 5457 εἶναι
3227 5400 3324 5456 τοῦ
3355 5405 3604 5477 κρυπτοῦ

2025 5481 2310 5554 ἀνθρώπου
2349 5488 2485 5560 πρὸς
2525 5489 2617 5545 τόν
2673 5492 3015 5564 φαινόμενον,
3055 5494 3458 5570 συμϐαινούσης
3499 5497 3604 5570 τῆς

3528 5650 3556 5695 ὃ
