3896 6208
308 200 420 261 35
1382 206 1467 261 DE
1501 206 1863 262 PERFECTA
1896 207 2292 265 CliRlSTlANl
2330 209 2586 266 FORMA.
3476 205 3578 263 286

313 317 408 370 τοῦ
434 314 550 386 βίου
573 315 987 391 εὖσχημοσὺνης
1004 320 1119 383 τοῖς
1148 317 1288 373 κατά
1308 321 1538 392 Χριστὸν
1566 320 1895 391 κινουμένοις

2008 328 2060 373 ιιι
2107 320 2294 377 eadem
2324 329 2428 385 est,
2476 337 2596 391 qua:
2626 322 2679 374 in
2712 318 2953 385 Christo,
2981 325 3035 373 et
3071 332 3194 389 quae
3220 322 3277 372 in
3308 320 3577 373 mentibus

312 410 575 479 νοήμασι.
2011 410 2216 465 nostris
2238 411 2577 480 conspicitur
2598 412 2829 480 puritas.
2854 408 2961 465 Sed
2985 408 3076 462 illa
3109 409 3163 462 in
3208 408 3356 463 fonte
3394 409 3578 463 nasci-

313 513 430 566 tur,
466 504 579 556 lucc
607 501 731 557 inde
770 510 959 555 manat
991 510 1046 557 et
1080 503 1134 557 in
1164 519 1264 560 nos
1291 504 1573 559 derivatur
1606 522 1620 557 :
1663 517 1784 557 eam
1824 502 2107 554 notionnm
2160 502 2619 569 pulchritudinem
2673 502 2741 556 ad
2792 502 2955 555 vitam
3007 517 3194 556 secum
3236 501 3480 562 trahens,
3523 508 3574 553 nt

313 592 624 647 a'lsconditi
670 592 1060 663 manifestiqne
1103 595 1342 651 hominis
1375 594 1755 649 convenientia
1794 598 1848 646 et
1887 599 2150 660 tanquam
2207 602 2511 649 concentus
2559 593 2780 663 quidam
2814 603 3089 664 appareat,
3134 609 3259 647 cum
3300 593 3423 647 vita:
3461 607 3579 646 mo-

311 687 545 738 destiam
577 692 630 737 et
657 684 999 738 honestatem
1034 686 1284 740 notiones
1318 703 1383 741 ex
1424 687 1646 741 Christo
1686 682 2069 754 provenientes
2113 685 2466 740 moderentur
2503 692 2557 739 et
2602 690 2877 738 moveant.

388 776 556 829 Τοῦτο
605 777 788 830 τοίνυν
850 779 996 841 ἐστὶ,
1052 781 1191 835 κατά
1254 797 1317 848 γε
1365 780 1461 852 τὴν
1512 782 1651 851 ἐμὴν
1692 779 1893 851 κρίσιν,

2074 776 2132 831 In
2183 779 2286 833 hoc
2333 779 2499 847 igitur
2550 778 2692 847 (meo
2746 777 2965 847 quidem
3007 776 3241 847 judicio)
3299 776 3582 831 Christia-

312 867 376 919 τὸ
417 867 476 919 ἐν
669 868 982 939 Χριστιανῷ
1028 868 1127 941 βίῳ
1178 870 1409 935 τέλειον,
1454 872 1482 925 ὃ
1530 872 1749 925 πάντων
1787 870 1895 923 τῶν

2002 882 2087 922 nae
2140 868 2266 922 vita:
2312 868 2585 938 perfectio
2607 869 2710 923 sita
2767 876 2871 930 est,
2940 877 3000 921 ut
3051 868 3334 921 nominum
3370 868 3574 935 quibus

312 957 593 1027 ὀνομάτων
621 959 701 1021 είς
744 956 806 1010 τδ
853 958 948 1011 τοῦ
981 960 1220 1030 Χριστοῦ
1251 961 1665 1031 διασημαίνεται
1702 960 1892 1029 ὄνομα,

310 1048 375 1101 τὺ
399 1048 687 1102 κοινωνίαν
712 1047 857 1118 ἔχειν
889 1050 948 1101 ιν
976 1047 1121 1120 ψυχῇ
1157 1068 1219 1104 τε
1251 1052 1343 1104 καὶ
1377 1052 1539 1122 λόγῳ,
1569 1051 1665 1105 καὶ
1699 1052 1757 1103 ὲν
1782 1050 1893 1111 τοῖς

311 1138 412 1194 τοῦ
438 1140 557 1210 βίου
599 1140 1040 1211 ἐπιτηδεύμασιν,
1074 1130 1213 1194 ὥστε
1248 1142 1461 1211 ὁλοτελῆ
1488 1144 1578 1195 τὸν
1605 1141 1894 1211 ἀγιασμὺν,

318 1230 462 1284 κατά
509 1229 608 1300 τὴν
656 1228 905 1297 εὐλογίαν
934 1226 1029 1281 τοῦ
1074 1229 1308 1295 Παύλου,
1335 1232 1420 1300 ἐφ’
1442 1228 1656 1291 ἑαυτοῦ,
1688 1230 1744 1283 ὲν
1776 1228 1894 1280 ὁλο-

317 1320 507 1392 κλήρῳ
548 1319 629 1391 τῷ
657 1320 870 1390 σώματι
918 1319 1005 1373 (αἱ
1035 1322 1104 1391 τῇ
1140 1319 1285 1391 ψυχῇ
1341 1320 1437 1373 καὶ
1477 1319 1554 1389 τῷ
1600 1317 1893 1387 πνεύματι,

316 1412 425 1479 ἔξω
455 1411 554 1482 τῆς
570 1409 702 1483 πρὸς
728 1410 791 1464 τδ
820 1410 990 1465 κακὸν
1025 1411 1303 1481 ἐπιμιξίας
1330 1410 1591 1482 διηνεκῶς
1625 1409 1895 1480 φυλασσό-

321 1520 499 1573 μενον.
524 1505 587 1558 Εί
622 1502 680 1557 δέ
716 1520 801 1567 τις
851 1502 998 1571 λέγοι
1023 1501 1463 1573 δυσκατόρθωτον
1502 1499 1660 1564 εἶναι,
1703 1501 1888 1572 ἐπειδὴ

2001 957 2208 1013 Christi
2247 974 2449 1015 nomen
2496 958 2845 1029 signiﬁcatur
2878 960 3196 1029 participes,
3244 973 3436 1012 eorum
3469 958 3575 1011 vim

1999 1058 2055 1106 et
2077 1051 2288 1114 animo,
2316 1060 2372 1108 et
2392 1051 2664 1115 oratione,
2689 1061 2742 1105 et
2768 1050 2986 1105 vivendi
3013 1047 3282 1106 institutis
3302 1049 3579 1117 exprima-

1994 1157 2136 1205 mus,
2187 1149 2248 1197 ut
2300 1141 2606 1197 absolutam
2655 1140 2803 1193 illam
2854 1155 2883 1193 a
2925 1139 3092 1195 Paulo
3140 1137 3574 1193 commendatam

1993 1233 2342 1288 sanctitatem
2378 1232 2743 1301 suscipientes
2766 1232 2833 1296 τ’,
2858 1246 2959 1286 nos
2982 1231 3197 1299 integro
3236 1236 3292 1284 et
3320 1243 3573 1299 corpore,

1992 1331 2046 1377 et
2075 1324 2282 1387 animo.
2313 1330 2369 1378 et
2401 1322 2600 1393 spiritu
2631 1322 2782 1377 nulla
2818 1322 2945 1377 mali
2977 1320 3335 1390 permistione
3381 1326 3575 1373 conta-

1994 1413 2232 1470 minatos
2274 1428 2687 1469 conservemus.
2724 1411 2878 1477 Quod
2912 1412 2958 1466 si
2999 1411 3126 1481 quis
3155 1410 3222 1464 ad
3270 1408 3569 1479 perfectam

1994 1506 2250 1560 virtutem
2283 1504 2683 1574 assequemlam
2714 1503 3087 1557 difficillimam
3123 1515 3249 1556 esse
3269 1499 3438 1555 vitam
3472 1497 3573 1552 ob-

320 1594 588 1666 ἄτριπτος
604 1592 814 1666 μόνοςὸ
851 1593 950 1664 τῆς
982 1594 1214 1655 κτίσεως
1262 1592 1485 1663 Κύριος,
1519 1591 1726 1663 τρεπτὴ
1758 1591 1814 1644 δὲ
1853 1595 1886 1663 ἡ

1996 1595 2168 1665 iiciat,
2200 1611 2326 1651 cum
2345 1612 2411 1651 ex
2440 1595 2588 1650 omni
2618 1602 2871 1649 creatura
2912 1593 3065 1648 solus
3109 1590 3471 1647 immutabilis
3498 1591 3572 1644 sit

322 1684 639 1756 ἀνθρωπίνη
658 1684 833 1755 φύσις,
857 1685 951 1738 καὶ
984 1684 1119 1756 πρὸς
1139 1685 1233 1747 τὰς
1257 1683 1555 1755 μεταϐολὰς
1572 1682 1891 1754 ἐπιτηδείως

1996 1685 2272 1753 Christus,
2310 1687 2634 1742 inconstans
2682 1692 2868 1739 autem
2912 1692 3108 1738 natura
3151 1684 3388 1737 humana
3416 1688 3471 1735 et
3503 1678 3573 1733 ad

326 1774 466 1845 ἔχει,
507 1776 623 1840 sub;
649 1771 740 1829 οὖν
770 1777 882 1829 ἐστι
906 1775 1149 1839 δυνατὸν,
1179 1776 1240 1829 τὸ
1271 1778 1329 1830 ὲν
1364 1775 1442 1846 τῷ
1476 1775 1664 1845 ἀγαθῷ
1698 1774 1891 1844 πάγιόν

1998 1777 2332 1851 mutationes
2357 1775 2637 1845 proclivis,
2671 1773 2904 1842 ideoque
2939 1772 3055 1826 fieri
3085 1786 3194 1825 non
3220 1785 3399 1840 posse,
3426 1776 3487 1822 ut
3509 1769 3574 1822 ad

325 1878 389 1921 τε
417 1864 508 1917 καὶ
556 1864 954 1935 ἀμετάτρεπτον
1003 1866 1062 1917 ἐν
1094 1868 1159 1936 τῇ
1221 1869 1429 1937 τρεπτῇ
1481 1865 1894 1937 κατορθωθῆναι

320 1950 506 2021 φύσει·
536 1953 667 2023 πρὸς
695 1953 875 2009 τοίνυν
904 1955 997 2008 τὸν
1024 1955 1260 2009 τοιοῦτον
1283 1956 1455 2025 λόγον,
1488 1957 1662 2010 ἐκεῖνό
1692 1973 1893 2028 φαμεν,

313 2042 402 2096 ὅτι
458 2043 559 2096 οὐκ
608 2044 723 2097 εστι
762 2046 1168 2116 στεφανωθῆναι
1232 2064 1352 2100 τινα
1382 2047 1471 2101 τὸν
1523 2048 1597 2119 μὴ
1649 2048 1895 2119 νομίμως

314 2134 623 2205 ἀθλήσαντα
644 2152 662 2169 ·
687 2136 789 2189 οὐκ
819 2135 884 2189 ἂν
910 2135 967 2190 δὲ
1000 2137 1210 2205 γένοιτο
1251 2138 1497 2209 νομίμως
1540 2138 1785 2210 ἄθλησις,
1818 2138 1894 2210 μὴ

312 2223 469 2286 ὄντος
483 2222 577 2276 τοῦ
604 2225 1082 2296 προσπαλαίοντος.
1113 2229 1175 2281 Et
1212 2223 1303 2281 οὖν
1328 2229 1400 2299 μὴ
1421 2224 1489 2299 ἦν
1520 2229 1549 2281 6
1581 2229 1891 2292 ἀντίπαλος,

314 2315 507 2368 οὐδ’ἂν
536 2318 566 2369 6
601 2317 861 2385 στέφανος
892 2313 961 2388 ἦν
984 2333 999 2347 ⁸
1039 2321 1073 2388 ἡ
1119 2319 1243 2388 νίκη
1271 2318 1380 2391 γάρ
1404 2318 1525 2372 καθ’
1569 2319 1767 2391 ἑαυτὴν
1793 2321 1894 2373 οὐκ

312 2404 484 2469 ἐστιν,
510 2406 607 2459 ea»
641 2405 714 2478 μὴ
750 2403 858 2478 ᾗτὺ
886 2406 1213 2478 ἡττώμενον.
1246 2409 1451 2462 Οὐκοῦν
1487 2410 1621 2480 πρὸς
1665 2410 1795 2463 αὐτὸ
1826 2409 1889 2464 τὸ

313 2497 552 2566 τρεπτδν
575 2498 674 2569 τῆς
724 2498 937 2568 φύσεως
969 2499 1127 2570 ἡμῶν
1179 2499 1594 2570 ἀγωνισώμεθα,
1625 2495 1735 2555 οἷόν
1790 2517 1893 2554 τινι

312 2588 597 2657 ἀντιπάλῳ
642 2588 730 2642 διὰ
766 2588 875 2643 τῶν
913 2589 1188 2661 λογισμῶν
1222 2591 1676 2662 συμπλεκόμενοι,
1709 2592 1770 2644 οὐ
1805 2592 1894 2645 διά

313 2679 412 2734 τοῦ
442 2680 768 2736 καταϐαλεῖν
812 2681 983 2753 αὐτὴν
1041 2683 1257 2747 νικηταὶ
1293 2682 1589 2752 γινόμενοι,
1634 2681 1769 2735 ἀλλά
1806 2681 1894 2736 διὰ

314 2770 411 2824 τοῦ
454 2770 528 2841 μὴ
556 2774 907 2843 συγχωρῆσαι
936 2774 1141 2825 πεσεῖν.
1177 2772 1310 2826 Οὐδὲ
1336 2772 1445 2843 γάρ
1476 2772 1633 2842 μόνον
1671 2772 1808 2844 πρὸς
1834 2771 1892 2825 τδ

315 2861 488 2916 καδν
511 2864 541 2915 δ
568 2862 850 2932 ευιθρωτως
872 2865 940 2934 τῇ
968 2867 1142 2935 τροπῇ
1181 2864 1377 2934 χρῆται
1424 2861 1480 2938 (ἦ
1509 2864 1617 2935 γὰρ
1651 2864 1719 2918 ἂν
1748 2864 1894 2934 ἀμή-

315 2970 482 3019 χανον
504 2948 573 3025 ἦν
609 2954 772 3008 αὐτὸν
804 2956 862 3007 ὲν
885 2954 1075 3024 ἀγαθῷ
1102 2954 1373 3023 γενέσθαι,
1397 2957 1446 3009 εί
1482 2955 1617 3027 πρὸς
1647 2956 1709 3009 τὸ
1743 2958 1893 3010 ὲναν-

314 3045 431 3099 τίον
459 3044 618 3115 μόνον
670 3044 768 3115 τὴν
811 3045 982 3117 ῥοπὴν
1010 3040 1154 3117 εἶχεν
1184 3048 1248 3099 ἐκ
1275 3045 1509 3115 φύσεως)
1538 3062 1552 3078 ο
1577 3048 1693 3100 νυνὶ
1728 3046 1786 3100 δὲ
1832 3045 1894 3099 τὸ

1993 1882 2114 1923 eam
2144 1868 2552 1938 perveniamus,
2591 1866 2778 1936 ibique
2806 1865 2945 1919 firmi
2976 1872 3030 1919 et
3055 1861 3425 1917 immutabiles
3444 1875 3579 1915 con-

1994 1958 2281 2025 sistamus,
2329 1957 2459 2012 huic
2511 1956 2992 2026 respondebimus,
3058 1953 3316 2006 athletam
3368 1950 3575 2004 nullum

1992 2050 2268 2116 coronari,
2303 2050 2396 2121 qui
2425 2064 2532 2103 non
2566 2049 2806 2119 legitime
2864 2044 3161 2101 certaverit
3183 2044 3265 2111 7';
3298 2053 3574 2097 certamen

1992 2158 2158 2214 porro
2184 2158 2294 2198 non
2317 2158 2440 2199 esse
2461 2141 2784 2211 legitimum,
2822 2138 2869 2194 si
2899 2137 3085 2192 nullus
3111 2149 3349 2205 quocum
3368 2148 3577 2203 pugnes

1993 2236 2139 2293 adsit
2166 2235 2539 2292 adversarius.
2570 2232 2937 2299 Quamobrem
2971 2230 3016 2284 si
3046 2225 3398 2282 adversarius
3466 2239 3575 2278 non

1993 2334 2098 2390 est,
2123 2342 2328 2382 corona
2377 2341 2486 2380 non
2528 2324 2673 2390 erit;
2717 2320 2949 2375 victoria
3000 2319 3167 2378 enim,
3218 2317 3324 2371 nisi
3370 2314 3577 2384 aliquid

1995 2421 2197 2473 victum
2226 2420 2319 2482 sit,
2352 2432 2475 2472 esse
2505 2430 2611 2470 non
2643 2420 2844 2484 potest.
2897 2409 3030 2466 Cum
3078 2409 3171 2462 illo
3203 2407 3389 2478 igitur,
3426 2403 3573 2474 quod

1993 2510 2050 2563 in
2083 2518 2278 2563 natura
2306 2514 2498 2562 nostra
2520 2504 2779 2558 mutabile
2800 2510 2907 2567 est,
2935 2508 3197 2569 tanquam
3228 2512 3350 2552 cum
3374 2495 3573 2549 adver-

1994 2600 2142 2655 sario
2169 2613 2233 2654 ea
2267 2599 2481 2654 ratione
2518 2594 2815 2673 compositi
2864 2595 3211 2649 decertemus
3232 2633 3245 2654 ,
3280 2599 3337 2643 ut
3395 2589 3572 2658 ipsam

1994 2705 2103 2744 non
2157 2687 2501 2759 dejicientes,
2560 2685 2656 2741 sed
2707 2683 2906 2740 cadere
2970 2697 3078 2737 non
3143 2678 3522 2750 permittentes
3553 2715 3570 2742 ,

1993 2780 2236 2835 victores
2294 2778 2491 2833 simus.
2548 2775 2734 2846 Neque
2782 2788 2912 2829 vero
2958 2772 3027 2827 ad
3078 2770 3281 2824 malum
3333 2774 3579 2821 tantum-

1994 2870 2159 2924 modo
2191 2868 2615 2938 propensionem
2649 2865 2813 2921 habet
2847 2864 3014 2918 homo
3050 2879 3062 2916 :
3103 2875 3228 2916 nam
3262 2860 3309 2914 si
3343 2856 3411 2911 ad
3458 2870 3578 2911 eam

1996 2968 2214 3031 partem
2251 2959 2517 3014 duntaxat
2550 2965 2746 3012 natura
2794 2954 3051 3026 proclivis
3078 2958 3246 3015 esset,
3274 2949 3341 3005 ad
3370 2950 3575 3003 bonum

1994 3069 2116 3109 sese
2138 3068 2248 3107 non
2275 3058 2462 3122 posset
2492 3057 2832 3105 convertere.
2869 3046 3027 3102 Nunc
3058 3054 3238 3099 autem
3272 3040 3579 3114 pulcherri-

317 3135 608 3190 κάλλιστον
628 3137 727 3208 τῆς
754 3139 958 3210 τροπῆς
990 3138 1167 3211 ἔργον,
1198 3142 1231 3209 ἡ
1262 3140 1320 3191 ὲν
1346 3141 1457 3202 τοῖς
1492 3139 1717 3207 ἀγαθοῖς
1748 3140 1894 3191 ἐστιν

2000 3160 2148 3199 mum
2180 3143 2446 3198 motionis
2474 3156 2617 3211 opus
2645 3147 2754 3203 est,
2784 3140 2964 3209 ipsum
2997 3138 3050 3191 in
3072 3135 3232 3191 bonis
3268 3134 3580 3188 incremen-

318 3227 569 3299 αὔξησις,
619 3228 850 3283 πάντοτε
883 3229 984 3299 τῆς
1017 3230 1152 3299 πρὸς
1185 3230 1244 3284 τὸ
1293 3232 1537 3303 κρεῖττον
1561 3229 1896 3295 ἀλλοιώσεως

318 3319 414 3372 ὲπὶ
440 3320 502 3373 τὸ
522 3319 792 3392 θειότερον
831 3322 1229 3393 μεταποιούσης
1245 3322 1336 3375 τὸν
1367 3321 1545 3386 καλῶς
1579 3321 1897 3393 ἀλλοιούμε-

319 3429 432 3465 νον.
480 3412 688 3466 Οὐκοῦν
729 3414 791 3467 τδ
840 3414 1066 3485 φοϐερὸν
1112 3412 1251 3468 εἶναι
1308 3414 1497 3469 δοκοῦν
1545 3415 1710 3486 (λέγω
1737 3416 1793 3469 δὲ
1836 3416 1899 3470 τὸ

319 3503 561 3574 τρεπτὴν
590 3504 746 3574 ἡμῶν
765 3500 910 3559 εἶναι
951 3506 1049 3576 τὴν
1081 3505 1288 3575 φύσιν).
1323 3503 1436 3559 οἷόν
1459 3523 1512 3559 τι
1540 3506 1738 3578 πτερὸν
1762 3508 1898 3577 πρὸς

318 3591 422 3664 τὴν
451 3594 544 3647 ιπὶ
565 3593 633 3646 τὰ
664 3593 836 3665 μείζω
857 3595 1051 3665 πτῆσιν
1079 3596 1109 3648 6
1136 3594 1288 3662 λόγος
1317 3594 1591 3659 ὑπέδειξεν
1610 3612 1625 3626 °
1672 3596 1749 3659 ὡς
1802 3595 1898 3667 ζη-

327 3684 463 3754 μίαν
491 3679 631 3737 εἷναι
677 3686 807 3756 ἡμῖν
849 3685 909 3738 τὸ
946 3686 1022 3756 μὴ
1056 3684 1314 3738 δύνασθαι
1354 3685 1453 3756 τὴν
1484 3685 1619 3755 πρὸς
1643 3685 1701 3738 τὸ
1727 3688 1900 3758 κρεῖτ-

318 3792 422 3830 τον
450 3776 722 3830 ἀλλοίωσιν
737 3778 1013 3845 δέξασθαι.
1031 3777 1122 3850 Μὴ
1146 3779 1325 3833 τοίνυν
1346 3778 1621 3833 λυπείσθω
1639 3782 1668 3832 6
1688 3778 1898 3849 βλέπων

316 3872 387 3923 ἐν
421 3869 492 3940 τῇ
526 3867 681 3937 φύσει
702 3870 759 3922 τὸ
782 3869 919 3940 πρὸς
949 3868 1047 3941 τὴν
1082 3869 1381 3941 μεταϐολὴν
1404 3870 1727 3939 ἐπιτήδειον,
1764 3869 1899 3924 ἀλλὰ

318 3960 469 4033 πρὸς
489 3961 550 4013 τὸ
574 3963 808 4032 κρεῖττον
846 3963 1062 4026 πάντως
1112 3962 1509 4033 ἀλλοιούμενος,
1544 3965 1637 4016 καὶ
1670 3963 1779 4016 ἀπὸ
1816 3962 1900 4015 δό-

318 4053 426 4124 ξης
453 4053 537 4115 είς
564 4053 717 4119 δόξαν
739 4053 1271 4124 μεταμορφούμενος,
1293 4052 1434 4105 οὓτω
1470 4052 1772 4123 τρεπὲσθω,
1807 4052 1900 4107 διά

316 4144 425 4213 τῆς
456 4140 580 4196 καθ’
608 4144 823 4217 ἡμέραν
868 4144 1149 4214 αὐξήσεως
1177 4145 1406 4198 πάντοτε
1450 4144 1710 4214 κρείττων
1751 4144 1898 4213 γινό-

324 4252 506 4307 μενος,
539 4236 637 4291 καὶ
682 4236 771 4290 ἀεὶ
803 4234 1195 4305 τελειούμενος,
1248 4236 1345 4290 καὶ
1384 4236 1651 4305 μηδέποτε
1684 4238 1820 4307 πρὸς
1839 4235 1900 4288 τὸ

321 4327 497 4399 πέρας
526 4327 744 4397 φθάνων
778 4326 878 4397 τῆς
910 4327 1263 4399 τελειότητος.
1288 4328 1498 4381 Αὐτίκα
1527 4327 1636 4399 γάρ
1657 4328 1805 4381 ἔστιν
1825 4327 1901 4391 ὼς

321 4417 540 4489 ἀληθῶς
566 4418 837 4489 τελειότης
860 4418 921 4472 τὸ
950 4419 1218 4489 μηδέποτε
1248 4418 1440 4489 στῆναι
1474 4418 1609 4489 πρὸς
1639 4418 1701 4472 τὺ
1724 4420 1902 4490 κρεῖτ-

1998 3244 2136 3297 tutn,
2167 3250 2292 3289 cum
2357 3234 2563 3302 impetu
2596 3231 2708 3294 illo,
2741 3244 2853 3300 quo
2880 3228 2948 3283 ad
2972 3227 3167 3282 melius
3199 3223 3494 3287 trahimur,
3532 3220 3579 3277 is

1997 3328 2091 3397 qui
2116 3335 2261 3381 recte
2288 3334 2555 3387 movetur,
2590 3322 2813 3378 assidue
2859 3318 3194 3374 transfertur
3228 3316 3296 3370 ad
3340 3329 3404 3370 ea
3456 3330 3581 3383 quae

1998 3418 2269 3474 diviniora
2300 3423 2448 3471 sunt.
2474 3414 2530 3469 Id
2559 3428 2713 3485 ergo,
2750 3412 2897 3481 quod
2921 3408 3322 3465 formidandum
3357 3404 3579 3460 videba-

2001 3518 2109 3571 tur,
2144 3523 2339 3578 nempe
2363 3515 2616 3562 naturam
2652 3516 2899 3560 nostram
2930 3501 3245 3557 mutabilem
3286 3511 3433 3563 esse,
3480 3509 3581 3551 no-

1998 3599 2085 3655 bis
2115 3608 2373 3667 tanquam
2415 3597 2553 3661 alas,
2581 3594 2782 3671 qqibus
2805 3591 2873 3646 ad
2904 3591 3110 3659 majora
3143 3587 3408 3650 volemus,
3441 3600 3579 3654 pra:—

1998 3688 2129 3743 bcrc
2152 3687 2654 3742 demonstravimus
2685 3702 2701 3740 ι
2737 3683 2940 3738 damno
2971 3681 3117 3736 enim
3147 3677 3200 3733 id
3232 3677 3395 3732 nobis
3426 3677 3578 3729 futu-

1999 3796 2120 3835 rttm
2152 3779 2344 3844 fuisse,
2368 3778 2417 3833 si
2458 3778 2815 3832 mutationem
2840 3773 2907 3828 ad
2937 3772 3131 3827 melius
3146 3769 3429 3837 suscipere
3466 3780 3579 3818 non

2001 3885 2311 3940 possemus.
2351 3865 2432 3922 Ne
2460 3867 2588 3937 quis
2617 3866 2785 3943 igitur
2804 3865 2915 3920 vim
2948 3864 3001 3918 in
3030 3870 3226 3916 natura
3259 3855 3579 3912 mutationi-

1999 3962 2103 4016 bus
2126 3968 2308 4031 aptam
2325 3967 2380 4016 et
2408 3960 2659 4015 idoneam
2687 3972 2921 4014 cernens
2943 3955 3127 4010 doleat
3162 3960 3255 4006 aut
3277 3962 3580 4017 conquera-

1999 4063 2112 4120 tur,
2138 4054 2236 4110 sed
2260 4069 2385 4109 sese
2428 4052 2777 4108 continenter
2809 4049 2866 4105 in
2925 4048 3122 4103 melius
3157 4055 3482 4115 promovens
3526 4051 3579 4097 et

1998 4145 2067 4202 de
2095 4147 2267 4216 gloria
2290 4145 2347 4199 in
2375 4122 2608 4215 'gloriam
2635 4141 3000 4203 transferens,
3033 4135 3373 4205 quotidianis
3409 4135 3581 4187 incre-

1998 4237 2196 4291 mentis
2224 4236 2300 4289 ita
2328 4242 2591 4297 vertatur,
2629 4240 2689 4286 ut
2735 4232 2792 4285 in
2824 4228 2942 4282 dies
2972 4226 3165 4280 melior
3203 4231 3258 4278 et
3285 4222 3579 4293 perfectior

2001 4328 2117 4394 flat,
2144 4341 2245 4382 nec
2276 4339 2516 4395 unquam
2573 4338 2632 4379 se
2659 4320 2728 4375 ad
2762 4316 3116 4391 perfectionis
3154 4325 3353 4370 metam
3393 4332 3582 4385 perve-

2006 4422 2160 4476 nisse
2199 4418 2304 4475 sibi
2332 4413 2684 4488 persuadeat.
2721 4413 2798 4466 lia
2836 4408 2983 4466 enim
3014 4422 3137 4462 vere
3170 4403 3435 4475 perfectio
3466 4412 3575 4466 est,

320 4482 428 4564 τον-
442 4482 827 4581 αὐξανόμενον,
861 4482 995 4583 μηδι
1013 4482 1118 4564 τινι
1142 4482 1666 4584 πέρατιπεριορίσαι
1689 4482 1789 4581 τὴν
1804 4525 1895 4563 τε·

2009 4521 2070 4566 ιιι
2123 4509 2219 4581 qui
2287 4482 2518 4578 augetur
2582 4505 2639 4559 in
2682 4501 3232 4569 melius,.nunquam
3285 4495 3574 4558 consistat,

319 4597 594 4672 λειότητα.

393 4782 443 4817 ’³
467 4783 487 4837 ι
512 4779 704 4839 Tltess.
738 4801 787 4850 v,
819 4783 910 4839 £5.
988 4785 1033 4816 ⁷³
1058 4783 1100 4837 li
1128 4781 1269 4837 Tim.
1307 4798 1367 4851 Il,
1402 4784 1455 4838 εἰ.

2005 4618 2183 4671 neque
2224 4599 2478 4655 terminis
2525 4596 2652 4653 ullis
2693 4592 3085 4667 perfectionem
3128 4586 3407 4643 existimet
3453 4597 3578 4639 esse

2010 4693 2352 4751 conclusam.
