3896 6208
387 260 497 314 287⁷

1694 268 1749 323 S.
1786 269 2108 325 GREGOlill
2140 270 2432 327 NYSSENI

3529 278 3633 335 288

394 415 514 428 ..φ-...-

1566 428 2131 440 ,α-.-ἡορς-ιρτ--ι--μκ

534 418 1603 450 _——_—m--
1614 428 1669 434 _.-
1680 428 3596 460 M__—mw

1215 584 1442 670 ΤΟΥ
1514 586 1660 672 ΕΝ
1727 580 2092 675 ΑΓΙΟΙΣ
2162 589 2784 676 ΓΡΗΓΟΡΙΟΥ

748 773 1102 887 ΠΕΡΙ
1190 774 1491 890 ΤΟΥ
1581 778 1999 893 ΚΑΤΑ
2087 779 2507 897 ΘΕΟΝ
2620 778 3269 931 ΣΚΟΠΟΥ

387 1007 502 1060 Ιίυ
551 1012 685 1063 THE
734 1013 920 1064 ΚΑΤΑ
973 1013 1359 1067 ΑΛΗΘΕΙΑΝ
1396 1004 1778 1070 ΑΣΚΗΣΕΩΣ
1802 1032 1817 1047 ’
1856 1017 1990 1070 ΚΑΙ
2022 1018 2220 1071 ΠΡΟΣ
2259 1019 2446 1072 ΤΟΥΣ
2476 1017 3045 1073 ΑΠΑΙΤΗΣΑΝΤΑΣ
3074 1015 3410 1069 ΑΣΚΗΤΑΣ
3448 1011 3638 1075 ΠΕΡΙ

461 1128 601 1179 ΤΗΣ
645 1125 1057 1182 ΕΥΣΕΒΕΙΑΣ
1101 1131 1434 1184 ΣΚΟΠΟΥ⁹
1482 1100 1615 1185 IfAI
1662 1133 1804 1185 ΤΟΥ
1851 1133 2043 1189 ΘΠΩΣ
2076 1134 2228 1188 ΧΡΗ
2261 1135 2627 1189 ΣΥΝΕΙΝΑΙ
2655 1131 3023 1188 ΑΛΛΗΛΟΙΣ
3056 1131 3191 1185 ΚΑΙ
3225 1131 3272 1183 Σ
3284 1126 3638 1184 ΥΝΑΓΩΝῙ·

455 1241 729 1298 ΖΕΣΘΑΙ
743 1283 758 1309 ,
802 1244 897 1298 ΥΠ
901 1247 942 1298 0
951 1246 1283 1300 ΤΥΠΩΣΙΣ.

1455 1503 1552 1593 S.
1616 1506 1721 1593 P.
1781 1506 1900 1595 N.
1958 1504 2535 1598 GREGOBII

818 1715 1000 1825 DE
1082 1712 1878 1831 PROPOSITO
1958 1716 2726 1833 SECUNDUM
2788 1718 3179 1833 DEUM

387 1952 483 2010 ET
539 1919 1147 2011 EXERCITATIONE
1203 1954 1441 2011 JUXTA
1504 1954 1970 2045 VERITATEM;
2028 1958 2123 2014 ET
2188 1957 2287 2013 AD
2348 1954 2798 2013 RELIGIOSOS
2845 1953 2981 2023 QUI
3033 1952 3637 2010 PBOPOSUERANT

459 2064 1000 2134 QUAESTIONEJI,
1046 2067 1146 2121 DE
1198 2066 1552 2123 PIETATIS
1590 2067 1847 2137 SCOPO,
1907 2068 2002 2124 ET
2042 2069 2140 2124 DE
2184 2066 2524 2124 RATIONE
2577 2067 2722 2135 QUA
2779 2065 3015 2124 INTER
3066 2066 3155 2123 SE
3208 2064 3635 2123 CONVERSA-

453 2180 756 2237 RENTUR
799 2181 896 2238 ET
950 2182 1099 2239 UNA
1149 2183 1765 2253 CONCERTARENT,
1816 2184 2267 2244 DESCRIPTIO
2323 2184 2739 2243 SUMMARIA.

1326 2362 1399 2412 Ex
1423 2362 1630 2425 interpr.
1653 2362 1902 2412 Fredcrici
1927 2361 2140 2424 Morelli,
2163 2362 2377 2413 Profess.
2401 2363 2523 2426 Reg.
2549 2363 2746 2413 Decani.

455 2650 515 2708 Si
568 2652 713 2724 quis,
746 2653 1080 2723 cogitatione
1136 2655 1414 2725 paululum
1491 2673 1521 2712 a
1576 2675 1804 2731 corpore
1864 2676 1949 2716 se-

2123 2664 2189 2717 Εῐ
2210 2680 2291 2726 τις
2318 2662 2546 2734 σμικρὸν
2596 2663 2909 2733 ἀποστήσας
2947 2663 3040 2716 τοῦ
3081 2663 3332 2735 σώματος
3368 2665 3467 2736 τὴν
3519 2666 3629 2721 Std-

380 2745 592 2816 juncta,
649 2753 703 2801 et
738 2764 768 2799 a
803 2748 1276 2815 perturbationum
1323 2753 1584 2806 Servitute
1612 2762 1667 2807 et
1720 2755 1951 2807 stultitia

382 2836 546 2905 plane
578 2836 865 2898 liberatus,
919 2836 1219 2905 perspicaci
1253 2851 1317 2892 ac
1365 2840 1580 2894 sincera
1602 2844 1808 2899 mentis
1838 2847 1954 2898 acie

384 2939 543 2979 suum
574 2923 743 2992 ipsius
766 2923 1009 2977 animum
1046 2923 1276 2980 intuitus
1308 2925 1491 2992 fuerit,
1526 2928 1580 2981 in
1601 2930 1723 2997 ejus
1757 2938 1950 2986 natura

383 3032 511 3071 cum
574 3014 668 3069 Dei
694 3029 819 3086 erga
843 3031 945 3070 nos
974 3015 1314 3080 charitatem,
1386 3027 1498 3072 tum
1551 3021 1753 3090 Opiﬁcii
1806 3022 1953 3080 illius

270 3102 283 3113 ’
382 3112 719 3163 voluntatem
772 3122 907 3175 pure
944 3108 1267 3178 conspicict.
1297 3107 1410 3163 lloc
1442 3110 1587 3165 enim
1621 3113 1783 3168 modo
1817 3130 1951 3171 con-

383 3198 634 3254 siderans
660 3199 933 3267 appetitus
958 3199 1222 3268 impetum
1254 3199 1321 3254 ad
1356 3199 1410 3254 id
1444 3201 1590 3271 quod
1627 3205 1948 3273 praeclarum

382 3293 758 3362 Optimumque
792 3298 895 3355 est,
928 3289 1133 3345 homini
1160 3299 1477 3360 cognatum,
1499 3300 1554 3347 et
1592 3295 1748 3363 quasi
1773 3296 1952 3353 colla:-

381 3393 592 3439 tentem
620 3392 672 3439 et
704 3383 927 3438 insilum
958 3383 1291 3453 comperict;
1327 3391 1381 3437 et
1419 3384 1776 3456 intelligibilis
1803 3387 1952 3445 illius

382 3492 447 3531 ac
534 3476 704 3531 beata:
784 3474 1055 3545 imaginis,
1139 3474 1298 3542 cujus
1370 3474 1531 3530 homo
1597 3476 1951 3532 simulacrum

380 3576 487 3631 cst,
520 3566 972 3637 imperturbatum
998 3580 1061 3619 ac
1108 3562 1317 3619 felicem
1349 3579 1586 3620 amorem
1626 3575 1833 3624 natura:
1858 3586 1953 3625 co-

380 3661 649 3729 pulatum.
681 3656 879 3712 Verum
893 3672 1045 3711 error
1076 3655 1294 3725 quidam
1325 3655 1516 3710 harum
1536 3654 1947 3727 aspectabilium

381 3766 567 3805 rerum
602 3758 655 3804 et
682 3765 803 3819 qua:
833 3763 1049 3817 semper
1072 3747 1246 3801 ﬂuunt
1275 3762 1372 3817 per
1409 3748 1643 3803 rationis
1673 3761 1949 3819 expertem

305 3893 311 3899 ,
382 3839 737 3900 aﬂ'ectum,et
777 3838 1108 3907 voluptatem
1159 3852 1440 3903 amaram,
1494 3838 1837 3895 instrenuum
1894 3848 1949 3896 et

381 3932 668 3987 incautum
701 3945 812 4000 pne
845 3931 1060 3999 ignavia
1091 3929 1331 3984 animum
1365 3930 1645 4000 decipiens
1672 3940 1836 4002 atque
1863 3933 1948 3987 in-

2054 2773 2220 2818 νοιαν,
2246 2756 2339 2808 καὶ
2367 2754 2466 2823 τῆς
2496 2753 2603 2806 τῶν
2633 2754 3088 2818 παθῶνδουλείας
3114 2771 3173 2807 τε
3205 2757 3299 2809 καὶ
3320 2758 3631 2832 ἀφροσύνης

2054 2847 2158 2912 ἔξω
2182 2847 2488 2917 γενόμενος,
2521 2845 2727 2917 εὐδήλῳ
2778 2846 2870 2899 καὶ
2927 2847 3209 2915 εἰλικρινεῖ
3249 2847 3492 2917 λογισμῷ
3531 2849 3631 2917 τὴν

2052 2938 2214 2999 αὐτὸς
2242 2938 2433 2991 ἑαυτοῦ
2463 2939 2666 2992 κατίδοι
2709 2937 2885 3008 ψυχήν
2911 2954 2924 2969 ο
2971 2938 3160 3007 δψεται
3188 2939 3443 3010 καθαρῶς
3471 2942 3529 2992 ὲν
3561 2941 3633 3010 τῇ

2052 3029 2250 3097 ταύτης
2290 3026 2447 3097 φύσει
2480 3029 2570 3081 τοῦ
2600 3028 2733 3081 Θεοῦ
2753 3032 2850 3098 τήν
2875 3046 2934 3081 τε
2963 3029 3091 3099 περὶ
3119 3030 3264 3100 ἡμᾶς
3291 3030 3513 3101 ἀγάπην
3532 3030 3630 3082 καὶ

2051 3119 2112 3172 τὸ
2146 3119 2386 3190 βούλημα
2415 3120 2512 3191 τῆς
2542 3120 2750 3173 ἐκείνου
2798 3119 3173 3190 δημιουργίας.
3212 3119 3447 3191 Εὐρήσει
3496 3121 3628 3190 γὰρ.

2051 3210 2236 3263 τοῦτον
2262 3210 2350 3262 τὸν
2386 3211 2584 3279 τρόπον
2616 3212 2948 3273 ἐπισκοπῶν,
2977 3211 3427 3283 συνουσιουμένην
3448 3229 3507 3264 τε
3536 3212 3630 3265 καὶ

2054 3306 2472 3372 συμπεφυκυῖαν
2496 3302 2573 3373 τῷ
2605 3301 2878 3374 ἀνθρώπῳ
2905 3305 3003 3374 τὴν
3045 3304 3137 3357 ἐπὶ
3164 3303 3224 3357 τὸ
3255 3303 3419 3357 καλόν
3447 3320 3505 3355 τε
3532 3305 3631 3357 καὶ

2050 3394 2270 3465 ἄριστον
2293 3394 2392 3464 τῆς
2418 3394 2711 3466 ἐπιθυμίας
2745 3396 2920 3465 ὁρμήν
2944 3411 2958 3425 ·
2993 3394 3086 3447 καὶ
3126 3396 3222 3464 τῆς
3251 3393 3447 3464 νοητῆς
3484 3394 3629 3446 ὲκεί-

2050 3501 2147 3554 νης
2175 3486 2268 3538 καὶ
2322 3486 2593 3558 μακαρίας
2641 3486 2867 3550 εἰκόνος.
2900 3482 2966 3558 ἧς
2993 3488 3020 3539 ὁ
3049 3485 3333 3557 ἅνθρωπος
3381 3485 3627 3555 μίμημα,

2049 3576 2138 3629 τὸν
2167 3578 2348 3646 ἀπαθῆ
2369 3577 2461 3630 καὶ
2487 3579 2753 3649 μακάριον
2774 3578 2951 3649 ἔρωτα
2988 3578 3334 3649 συνημμένον
3353 3581 3418 3647 τῇ
3443 3578 3625 3644 φύσει.

2063 3668 2221 3721 Ἀλλὰ
2249 3669 2421 3739 πλάνη
2454 3689 2535 3734 τις
2559 3670 2668 3723 τῶν
2702 3670 2914 3741 ὁρατῶν
2935 3669 3141 3723 τούτοιν
3171 3672 3263 3722 καὶ
3282 3671 3510 3741 ῥεόντων
3538 3669 3624 3720 ἀεὶ

2048 3758 2133 3811 διὰ
2165 3760 2364 3823 πάθους
2397 3760 2589 3829 ἀλόγου
2626 3762 2715 3814 καὶ
2751 3761 3159 3833 πικρᾶςήδονῆς
3188 3762 3287 3833 τὴν
3321 3762 3498 3832 ἀμελῆ
3531 3764 3622 3816 καὶ

2048 3842 2353 3920 ἀφύλακτον
2382 3852 2486 3905 ὐπ’)
2530 3852 3006 3924 ρᾳθυμίαςψυχὴν
3055 3854 3324 3908 ἀπατῶσα
3363 3856 3457 3907 καὶ
3492 3872 3622 3923 γοη-

2049 3945 2300 4008 τεύουσα,
2356 3946 2492 4017 πρὸς
2525 3947 2722 4000 κακίαν
2753 3947 2898 3999 ἕλκει
2936 3947 3133 4017 δεινὴν,
3177 3947 3523 4016 γεννωμένην
3560 3963 3621 4000 τε

382 4034 635 4088 cantans,
672 4023 739 4078 ad
776 4021 1041 4077 nefarium
1076 4021 1269 4075 vitium
1316 4022 1483 4074 trahit
1513 4037 1543 4077 e
1582 4023 1708 4078 vita:
1735 4024 1947 4079 deliciis

2052 4036 2117 4089 ὲκ
2144 4034 2252 4089 τῶν
2280 4036 2478 4106 ἡδονῶν
2520 4037 2611 4091 τοῦ
2652 4037 2787 4108 βίου,
2823 4039 2916 4093 καὶ
2951 4038 3224 4107 γεννῶσαν
3258 4038 3482 4092 θάνατον
3512 4040 3621 4101 τοῖς

379 4123 723 4187 procreatum
760 4122 814 4169 et
847 4120 1077 4167 mortem
1137 4112 1251 4167 suis
1299 4114 1636 4169 amatoribus
1698 4115 1945 4185 gignens.

379 4210 673 4280 Propterea
713 4208 959 4263 veritatis
990 4205 1260 4266 notitiam.
1323 4205 1467 4276 quod
1502 4207 1743 4262 salutare
1771 4209 1946 4262 metti-

378 4309 688 4357 camentum
728 4309 813 4357 est
870 4300 1087 4363 animis,
1124 4297 1423 4377 Salvatoris
1459 4300 1633 4354 nostri
1675 4302 1848 4371 gratia
1879 4301 1947 4356 iis

376 4395 472 4465 qui
506 4409 628 4447 cum
664 4392 935 4448 desiderio
963 4392 1294 4460 percipiunt,
1346 4391 1542 4461 largita
1575 4401 1677 4456 erit,
1713 4406 1821 4460 qua
1845 4393 1947 4446 sol-

279 4478 290 4488 ’
375 4488 522 4541 vitur
551 4501 684 4541 sane
710 4486 858 4540 fraus
888 4499 1008 4551 qua:
1068 4483 1339 4537 hominem
1374 4484 1624 4537 incantat
1652 4500 1668 4548 ;
1702 4495 1756 4538 et
1790 4484 1947 4554 igno-

375 4579 503 4634 bilis
544 4576 720 4632 iastus
771 4576 957 4631 carnis
987 4576 1355 4645 exstinguitur
1412 4582 1468 4629 et
1531 4576 1941 4644 comprimitur,

376 4673 555 4725 anima
572 4685 693 4740 qua:
722 4677 832 4723 tam
863 4676 1068 4721 arctam
1104 4669 1355 4736 copulam
1388 4675 1547 4720 nacta
1583 4674 1668 4721 est
1695 4682 1792 4737 per
1813 4670 1948 4722 veri-

375 4764 504 4819 tatis
529 4765 703 4817 lucem
764 4760 831 4814 ad
868 4774 1069 4813 numen
1117 4758 1361 4812 divinum
1399 4765 1454 4813 et
1504 4759 1735 4812 salutem
1788 4774 1944 4814 suam

374 4853 625 4907 deducta.
657 4852 761 4905 Par
781 4860 864 4905 est
889 4851 1073 4917 igitur,
1109 4857 1167 4902 ut
1190 4851 1236 4904 is
1275 4851 1366 4919 qui
1388 4864 1590 4918 corpus
1615 4860 1669 4903 et
1700 4850 1942 4904 animum

368 4946 527 5014 juxta
567 4944 783 5013 pietatis
824 4943 995 5012 legem
1054 4941 1324 4996 adducere
1365 4940 1474 4996 Deo
1520 4943 1745 5011 cogitat,
1782 4951 1945 5013 atque

372 5037 719 5090 incruentum
765 5044 1029 5102 etpurum
1083 5033 1183 5102 ipsi
1213 5033 1419 5086 cultum
1464 5032 1758 5097 exhibere,
1818 5034 1941 5089 vitae

369 5127 562 5182 ducem
600 5123 932 5178 instituendo
991 5123 1131 5191 piam
1196 5121 1389 5185 ﬁdem,
1420 5137 1580 5190 quam
1621 5131 1937 5178 sanctorum

281 5262 284 5266 .
367 5232 532 5273 voces
566 5231 662 5287 per
693 5228 908 5269 onmem
941 5214 1098 5268 nobis
1138 5210 1478 5282 Scripturam
1511 5213 1767 5275 clamant,
1808 5215 1942 5269 adro

2053 4125 2253 4197 ἑαυτῆς
2285 4129 2555 4195 ἐρασταῖς.
2574 4129 2672 4181 Διὰ
2698 4129 2854 4182 τοῦτο
2879 4130 2975 4199 τὴν
3004 4129 3202 4198 γνῶσιν
3224 4129 3323 4200 τῆς
3344 4128 3624 4199 ἀληθείας,

2051 4214 2112 4267 τὸ
2159 4216 2421 4288 σωτήριον
2452 4221 2570 4280 ταῖς
2603 4218 2799 4288 ψυχαῖς
2826 4220 3142 4289 φάρμακον,
3173 4222 3207 4291 ὴ
3235 4218 3328 4272 τοῦ
3367 4221 3623 4291 Σωτῆρος

2052 4307 2207 4377 ἡμῶν
2248 4312 2359 4371 τοῖς
2390 4308 2538 4380 πόθῳ
2568 4310 2877 4381 δεχομένοις
2935 4313 3242 4383 ἐδωρήσατο
3282 4312 3440 4383 χάρις
3464 4330 3477 4341 ·
3529 4314 3623 4382 ὑφ’

2051 4393 2118 4469 ἧς
2133 4398 2313 4453 λύεται
2344 4402 2440 4470 μὲν
2480 4404 2512 4473 ἡ
2543 4402 2724 4474 ἀπάτη
2761 4405 2793 4474 ἡ
2822 4404 2911 4457 τὸν
2947 4404 3230 4475 ἄνθρωπον
3252 4405 3586 4475 γοητεύουσα
3607 4425 3622 4437 ·

2049 4489 2111 4543 τὸ
2127 4489 2185 4543 δὲ
2207 4491 2305 4561 τῆς
2336 4493 2533 4563 σαρκὸς
2559 4494 2750 4565 ἄτιμον
2784 4496 3208 4550 κατασϐέννυται
3247 4498 3521 4567 φρόνημα,
3544 4497 3623 4567 τῷ

2050 4581 2148 4653 τῆς
2167 4582 2424 4654 ἀληθείας
2475 4586 2616 4654 φωτὶ
2661 4585 2795 4659 πρὸς
2823 4588 2881 4640 τὺ
2918 4588 3071 4641 Θεῖόν
3091 4605 3149 4640 τε
3177 4589 3270 4641 καὶ
3298 4588 3396 4660 τὴν
3424 4589 3621 4657 ἑαυτῆς

2053 4670 2323 4741 σωτηρίαν
2353 4673 2719 4744 ὀδηγουμένης
2740 4675 2834 4744 τῆς
2854 4674 3049 4746 ψυχῆς,
3080 4677 3112 4747 ἢ
3141 4675 3239 4745 τὴν
3270 4675 3463 4729 ἕνωσιν
3504 4676 3617 4728 ἑδέ-

2052 4756 2196 4821 ξατο.
2222 4760 2313 4811 Δεῖ
2348 4760 2524 4812 τοίνυν
2558 4761 2649 4813 τὸν
2681 4762 2940 4832 μέλλοντα
2970 4763 3145 4835 ψυχὴν
3176 4764 3266 4817 καὶ
3291 4764 3452 4835 σῶμα
3480 4767 3617 4817 κατά

2050 4847 2138 4900 τὸν
2150 4849 2246 4918 τῆς
2280 4849 2559 4914 εὐσεϐείας
2587 4852 2747 4921 νόμον
2763 4852 3057 4925 προσάγειν
3078 4853 3216 4925 Θεῷ,
3235 4855 3327 4908 καὶ
3349 4854 3447 4924 τὴν
3468 4854 3625 4906 ἀναίο

2053 4958 2257 5012 μακτον
2284 4943 2429 5015 αὐτῷ
2455 4945 2547 4998 καὶ
2575 4944 2822 5016 καθαρὰν
2858 4948 3163 5001 ἀποδιδόναι
3189 4947 3460 5020 λατρείαν,
3485 4949 3614 5018 ἡγε-

2052 5035 2187 5103 μόνα
2212 5052 2271 5087 τε
2296 5034 2390 5088 τοῦ
2424 5036 2539 5106 βίου
2560 5036 2656 5105 τὴν
2676 5037 2870 5108 εὐσεϐῆ
2894 5037 3075 5092 πίστιν
3108 5039 3446 5109 ποιούμενον,
3477 5040 3543 5110 ἢν
3559 5040 3616 5091 al

2047 5125 2154 5178 τῶν
2184 5126 2353 5192 ἁγίων
2382 5127 2557 5196 φωναὶ
2580 5126 2666 5180 διὰ
2697 5128 2875 5199 πάσης
2901 5131 3031 5200 ἡμῖν
3070 5129 3232 5199 βοῶσι
3260 5130 3502 5200 Γραφῆς,
3526 5128 3620 5183 οὔ-

2046 5234 2152 5279 τως
2182 5216 2407 5288 εὐπειθῆ
2448 5219 2543 5272 καὶ
2576 5220 2785 5289 εὐήνιον
2816 5220 2913 5291 τὴν
2940 5220 3116 5292 ψυχὴν
3154 5224 3267 5285 τοῖς
3294 5223 3390 5293 τῆς
3415 5223 3616 5295 ἀρετῆς

367 5310 696 5379 morigerum
764 5314 818 5361 et
890 5305 1351 5361 obsecundantem
1427 5304 1666 5358 animum
1724 5306 1982 5388 virtutis‘

2051 5310 2332 5364 ἐπιδιδόναι
2381 5312 2629 5383 δρόμοις·
2658 5312 2848 5367 λύοντα
2883 5317 2980 5386 μὲν
3005 5317 3194 5371 ἑαυτὸν
3229 5317 3337 5371 τῶν
3368 5316 3461 5370 τοῦ
3498 5318 3613 5388 βίου

366 5401 657 5455 curriculis
722 5399 1017 5463 exhibere,
1103 5397 1342 5469 seipsum
1399 5413 1429 5450 a
1508 5397 1739 5453 vinculis
1816 5381 1982 5454 vitze‘

2051 5402 2256 5473 δεσμῶν
2279 5445 2293 5469 ,
2324 5404 2444 5457 ὅλον
2470 5404 2525 5457 δὲ
2556 5409 2621 5476 τῇ
2665 5407 2845 5461 πίστει
2868 5409 2962 5461 καὶ
2998 5409 3077 5480 τῷ
3103 5409 3201 5480 βίῳ
3226 5409 3318 5463 τοῦ
3352 5409 3487 5463 Θεοῦ
3521 5410 3606 5481 μό-

367 5492 698 5547 exsolvendo
719 5532 734 5556 ,
767 5499 938 5544 totum
965 5504 1093 5545 vero
1121 5505 1178 5544 se
1217 5490 1338 5544 ﬁdei
1372 5497 1425 5543 et
1451 5489 1573 5543 vita:
1604 5489 1692 5544 Dci
1725 5497 1933 5544 tantmn

2051 5510 2130 5546 vov
2152 5494 2451 5563 γινόμενον,
2479 5496 2653 5551 εἰδότα
2674 5499 2876 5567 σαφῶς.
2896 5501 2971 5563 ὡς
2997 5494 3110 5569 ὲνῷ
3125 5501 3305 5565 πίστις
3334 5502 3619 5562 εὐσεϐείας

367 5580 651 5643 tradendo,
682 5581 808 5634 dum
841 5580 1057 5649 penitus
1089 5580 1364 5648 cognitum
1392 5578 1658 5647 planeque
1713 5592 1933 5648 perspe-

2051 5586 2134 5639 καὶ
2153 5585 2263 5661 βίος
2279 5585 2583 5657 ἄμεμπτος,
2606 5590 2721 5643 ἐκεῖ
2739 5594 2831 5643 καὶ
2848 5587 3083 5661 Χριστοῦ
3098 5595 3325 5666 πάρεστι
3346 5595 3576 5665 δύναμις
3598 5614 3611 5628 ·

369 5685 515 5728 ctum
550 5673 735 5734 habet,
764 5672 812 5728 ci
850 5672 993 5729 apud
1042 5688 1200 5731 quem
1239 5671 1454 5738 pictatis
1483 5671 1617 5727 ﬁdes
1668 5682 1717 5726 ct
1754 5671 1923 5729 incul-

2051 5679 2094 5730 ὲν
2234 5676 2289 5729 δὲ
2326 5679 2561 5749 Χριστοῦ
2609 5681 2855 5751 δύναμις,
2918 5685 3032 5738 ἐκεῖ
3095 5689 3289 5751 κακίας
3330 5688 3615 5763 ἀποφυγή.

3379 5841 3425 5857 σθ
