3896 6208
248 303 356 361 289

1388 294 1477 348 DE
1514 284 1890 352 iNSTlTUTO
1935 291 2376 352 CHRISTiANO.

3399 293 3505 348 290

252 415 416 484 Μέγα
461 410 548 482 δὴ,
589 407 732 481 μέγα
776 407 913 481 πρὸς
946 407 1140 476 κτῆσιν
1173 405 1280 460 τῶν
1324 408 1528 479 νοητῶν
1550 409 1662 473 τοῖς
1687 407 1836 478 φόϐῳ

1940 415 2063 477 pata
2091 406 2200 462 vita
2230 403 2474 469 exsistit,
2503 403 2666 458 etiam
2696 402 2902 460 Christi
2935 401 3238 476 potentiam
3277 401 3507 467 adesse;

251 505 562 578 δεχομένοις
594 501 653 554 τὸ
697 501 858 570 ἅγιον
891 499 1194 571 βάπτισμα.
1220 499 1292 552 Τὸ
1319 497 1428 570 γὰρ
1467 498 1718 553 πλούσιον
1743 499 1837 552 καὶ

255 597 485 666 ἄφθονον
519 593 743 666 Πνεῦμα
783 593 846 646 τὸ
881 592 1002 664 ρἐν
1033 591 1120 645 ἀεὶ
1151 593 1263 656 τοῖς
1291 591 1598 662 δεχομένοις
1622 591 1722 663 τὴν
1740 589 1838 662 χά-

256 703 360 759 ριν,
389 681 457 759 ἦς
475 685 525 736 οί
550 683 696 752 ἅγιοι
720 680 1100 752 πληρωθέντες
1123 681 1428 741 ἀπόστολοι,
1450 677 1570 744 ταῖς
1590 680 1682 734 τοῦ
1705 681 1838 751 Χρι-

253 777 378 832 στοῦ
414 774 766 846 Ἐκκλησίαις
795 773 920 836 τοὺς
944 773 1189 844 καρποὺς
1209 772 1552 838 ἐπεδείξαντο
1580 771 1671 824 τοῦ
1698 770 1835 841 πλη-

251 866 520 939 ρώματος,
547 863 732 929 τοῦτο,
759 865 872 926 τοῖς
899 863 997 934 τὴν
1031 862 1238 934 δωρεὰν
1274 861 1578 934 εἰλικρινῶς
1616 861 1836 932 δεξαμέ-

248 973 358 1019 νοις
387 954 528 1008 κατὰ
555 953 619 1006 τὸ
659 952 860 1024 μέτρον
893 949 994 1019 τῆς
1023 951 1252 1005 ἑκάστου
1289 951 1396 1004 τῶν
1435 951 1836 1022 μετειληφότων

246 1047 486 1110 πίστεως
512 1083 530 1108 ,
570 1043 832 1115 συνεργὸν
867 1045 960 1096 καὶ
1013 1041 1256 1096 σύνοικον
1286 1043 1610 1115 παραμένει,
1633 1049 1832 1102 οίκοδο·

250 1137 390 1208 μοῦν
419 1139 477 1190 ὲν
509 1135 724 1205 ἑκάστῳ
753 1134 815 1188 τὸ
851 1133 1054 1202 ἀγαθὸν
1092 1133 1228 1206 πρὸς
1265 1134 1365 1204 τὴν
1416 1136 1514 1206 τῆς
1554 1135 1728 1208 ψυχῆς
1777 1142 1834 1193 ὲν

245 1230 361 1290 τοῖς
393 1227 491 1298 τῆς
517 1227 752 1290 πίστεως
802 1225 984 1298 ἔργοις
1030 1225 1287 1296 σπουδήν.
1337 1226 1457 1298 Χρὴ
1483 1223 1572 1282 οὖν
1608 1229 1834 1284 ἕκαστον

247 1317 406 1389 ἡμῶν
430 1317 496 1372 δι’
516 1317 720 1389 ἀρετῆς
769 1315 1148 1387 προκόπτοντα
1181 1316 1268 1369 ἀεὶ
1320 1318 1617 1388 προσάγειν
1643 1322 1834 1376 ἑαυτὸν

245 1411 326 1474 είς
392 1408 560 1481 ἄνδρα
603 1407 835 1472 τέλειον,
869 1405 1011 1460 κατὰ
1054 1406 1148 1460 τὸν
1194 1406 1515 1461 Ἀπόστολον
1548 1451 1562 1474 ,
1600 1428 1618 1461 ι
1657 1411 1832 1484 Μέχρι

246 1503 684 1572 καταντήσωμεν
709 1500 760 1552 οἱ
783 1499 980 1562 πάντες
1001 1500 1078 1561 είς
1095 1497 1194 1568 τὴν
1222 1499 1448 1568 ἑνότητα
1473 1501 1570 1570 τῆς
1599 1501 1834 1566 πίστεως
1878 1500 1886 1507 ’

245 1593 346 1647 καὶ
379 1593 477 1664 τῆς
499 1591 850 1662 ἐπιγνώσεως
872 1589 966 1643 τοῦ
999 1588 1127 1642 Υίοῦ
1159 1590 1252 1643 τοῦ
1279 1589 1438 1655 Θεοῦ,
1465 1594 1540 1656 είς
1564 1592 1733 1662 ἄνδρα
1755 1595 1836 1648 τέ-

248 1685 416 1750 λειον,
445 1686 525 1748 εἰς
558 1683 752 1754 μέτρον
785 1681 1003 1754 ἡλικίας
1037 1682 1131 1735 τοῦ
1167 1682 1530 1754 πληρώματος
1571 1687 1666 1738 τοῦ
1694 1689 1830 1758 Χριο

252 1775 412 1832 στοῦ.
442 1795 461 1827 ι
502 1775 565 1828 Ἦ
614 1775 712 1845 μὲν
746 1773 838 1828 τοῦ
875 1773 1127 1845 σώματος
1161 1775 1299 1845 πρὸς
1345 1773 1404 1827 τὸ
1433 1776 1674 1830 ἀνελθεῖν
1709 1777 1827 1830 ὲπίο
1866 1745 1910 1804 Β

252 1867 428 1930 δοσις,
459 1867 606 1920 οὐδὲν
619 1865 868 1936 ἐφ’ὴμῖν.
886 1867 960 1920 Οὐ
983 1865 1092 1937 γὰρ
1116 1868 1180 1937 τῇ
1199 1865 1292 1919 τοῦ
1317 1865 1606 1936 ἀνθρώπου
1638 1867 1833 1940 γνώμῃ

249 1959 348 2012 καὶ
382 1957 536 2028 ἡδονῇ
568 1947 758 2029 μετρεῖι
781 1957 842 2010 τὸ
876 1957 1104 2028 μέγεθος
1131 1959 1166 2028 ἠ
1202 1958 1380 2028 φύσις,
1401 1959 1535 2013 ἀλλὰ
1567 1963 1632 2031 τῇ
1665 1961 1834 2032 αὐτῆς

245 2051 393 2120 ὁρμῇ
427 2049 521 2102 καὶ
549 2049 784 2122 ἀνάγκῃ.
808 2049 881 2102 Τὸ
907 2049 964 2102 δὲ
1001 2049 1102 2119 τῆς
1126 2049 1304 2120 ψυχῆς
1329 2051 1386 2103 ὲν
1419 2053 1484 2121 τῇ
1525 2051 1623 2121 τῆς
1651 2051 1833 2122 γεννή-

247 2155 391 2202 σεως
424 2137 721 2192 ἀνανεώσει
755 2139 954 2210 μέτρον
983 2140 1077 2192 καὶ
1112 2139 1326 2204 κάλλος,
1359 2140 1503 2212 ἅπερ
1535 2140 1715 2194 δίδωσι
1743 2140 1832 2194 διὰ

243 2233 347 2304 τῆς
370 2231 466 2285 τοῦ
497 2231 788 2304 δεχομένου
831 2232 1066 2303 σπουδῆς
1095 2233 1128 2304 ή
1155 2231 1250 2286 τοῦ
1298 2234 1612 2304 Πνεύματος
1651 2234 1828 2304 χάρις,

242 2322 347 2394 τῆς
372 2322 649 2394 ἡμετέρας
677 2323 913 2394 ἢρτηται
960 2323 1186 2394 γνώμης
1205 2339 1218 2352 ⁸
1266 2325 1390 2378 ὅσον
1436 2323 1546 2394 γὰρ
1577 2325 1834 2388 ὲκτείνεις

241 2415 373 2478 τοὺς
407 2413 550 2486 ὑπὲρ
579 2415 677 2485 τῆς
723 2415 1008 2479 εὐσεὸείας
1059 2415 1299 2484 ἀγῶνας,
1344 2415 1598 2468 τοσοῦτον
1647 2415 1833 2469 καὶτὸ

241 2502 344 2572 τῆς
367 2502 554 2572 ψυχῆς
586 2504 982 2559 συνεκτείνεται
1011 2505 1254 2576 μέγεθος.
1291 2506 1398 2559 Καὶ
1419 2505 1514 2576 τὴν
1539 2505 1638 2576 μὲν
1663 2505 1832 2558 ἀΐδιον

241 2593 414 2666 ζωὴν,
435 2595 532 2649 καὶ
562 2595 657 2667 τὴν
683 2595 920 2668 ἄρρητον
951 2597 1009 2649 ὲν
1031 2596 1276 2668 οὐρανοῖς
1299 2596 1707 2666 εὐφροσύνην,ή
1737 2593 1830 2648 τοῦ

243 2683 570 2754 Πνεύματος
593 2685 775 2739 δίδωσι.
813 2685 968 2758 χάρις
988 2702 1002 2718 ο
1036 2686 1134 2756 τὴν
1169 2686 1226 2738 δὲ
1255 2685 1416 2750 ἀξίαν
1455 2685 1548 2739 τοῦ
1581 2685 1832 2751 δέξασθαι

243 2775 314 2828 τὰ
337 2777 514 2849 δῶρα,
544 2777 638 2830 καὶ
678 2777 988 2831 ἀπολαῦσαι
1015 2778 1114 2848 τῆς
1156 2777 1398 2848 χάριτος,
1429 2777 1574 2850 δδιὰ
1610 2777 1708 2848 τῆς
1746 2777 1833 2830 πί-

246 2883 425 2930 στεως
460 2867 615 2938 παρὰ
640 2867 768 2930 τοὺς
799 2868 992 2932 πόνους
1018 2867 1155 2940 ἔρως
1179 2869 1312 2940 ἔχει.

1937 499 2028 552 ubi
2059 513 2189 552 vero
2213 497 2417 552 Christi
2445 496 2621 552 virtus
2661 504 2766 562 est,
2801 495 2874 550 ibi
2899 496 3018 550 vitii
3050 494 3174 566 fuga
3203 506 3306 550 est.
3333 493 3511 566 Magni

1937 589 2180 658 profecto
2221 589 2507 654 momenti,
2545 588 2747 659 magni,
2787 587 3036 657 inquam,
3083 593 3170 642 est
3223 585 3290 640 ad
3328 601 3511 640 rerum

1938 677 2858 748 intelligibiliumcomparationem
2889 677 2942 729 in
2963 677 3033 731 iis
3054 675 3290 745 quicum
3317 675 3513 729 timore

1938 777 2128 823 sancto
2161 768 2488 838 baptismate
2516 768 2685 821 tincti-
2702 777 2849 822 sunt.
2870 765 3003 820 Nam
3026 767 3176 822 dives
3201 774 3254 821 et
3280 765 3512 835 opulen-

1936 866 2028 914 tus
2062 859 2318 929 Spiritus,
2354 859 2444 928 qui
2479 873 2694 928 semper
2721 857 3028 912 infunditur
3059 858 3114 912 in
3144 873 3238 913 eos
3265 858 3359 928 qui
3385 873 3511 928 gra-

1937 953 2065 1006 tiam
2089 959 2436 1021 acceperunt,
2463 967 2570 1020 qua
2603 951 2782 1005 sancti
2805 950 3036 1019 apostoli
3073 950 3282 1015 referti,
3307 949 3510 1004 Christi

1935 1042 2202 1099 Ecclesiis
2233 1043 2446 1099 fructus
2479 1043 2868 1113 complementi
2936 1042 3300 1098 ostenderunt
3327 1042 3396 1097 iis
3416 1042 3512 1112 qui

1936 1150 2135 1191 munus
2167 1136 2383 1190 sincere
2411 1135 2777 1200 admiserunt,
2804 1149 2905 1205 pro
2937 1148 3195 1190 mensura
3246 1135 3513 1203 cujusque

1933 1241 2122 1282 eorum
2158 1227 2253 1298 qui
2308 1227 2432 1282 fidei
2460 1228 2752 1298 participes
2798 1226 2976 1291 fuere,
3013 1225 3281 1295 adjuvans
3311 1234 3366 1282 ct
3406 1241 3512 1281 una

1936 1317 2186 1373 habitans
2214 1329 2515 1388 permanet,
2547 1326 2613 1374 'et
2645 1319 2846 1374 bonum
2908 1319 2958 1372 in
2995 1333 3328 1388 unoquoque
3378 1333 3514 1370 con-

1935 1411 2117 1474 struit,
2151 1411 2216 1465 ad
2269 1411 2466 1466 anima:
2498 1410 2738 1467 studium
2785 1411 2839 1464 in
2873 1409 2994 1464 fidei
3053 1409 3326 1479 operibus.
3372 1407 3514 1478 Ergo

1935 1517 2032 1572 par
2061 1514 2165 1567 est,
2199 1511 2258 1558 ut
2281 1504 2516 1574 quisque
2547 1513 2792 1558 nostrum
2841 1519 3058 1572 semper
3097 1518 3154 1557 se
3187 1502 3242 1556 in
3313 1503 3514 1556 virtute

1937 1595 2304 1664 proficientem
2369 1595 2437 1650 ad
2500 1597 2671 1650 virum
2720 1596 3015 1666 perfectum
3067 1597 3320 1660 adducat,
3354 1595 3512 1664 juxta

1938 1686 2178 1756 Apostoli
2210 1688 2438 1750 dictum,
2458 1706 2476 1739 ι
2505 1687 2803 1757 Quousque
2823 1703 3182 1744 occurramus
3213 1702 3405 1740 omnes
3441 1686 3510 1740 ad

1941 1777 2202 1832 unitatem
2235 1778 2378 1842 fidei,
2399 1785 2453 1833 et
2483 1779 2776 1849 agnitionis
2800 1777 2919 1832 Filii
2949 1778 3064 1845 Dei,
3087 1778 3153 1833 ad
3191 1778 3362 1833 virum
3390 1793 3514 1848 per-

1935 1869 2162 1933 fectum,
2191 1870 2258 1925 ad
2287 1887 2598 1928 mensuram
2625 1873 2802 1927 aetatis
2831 1871 3183 1942 plenitudinis
3211 1869 3414 1925 Christi
3436 1871 3508 1922 ί.»

1933 1961 2192 2031 Corporis
2241 1971 2389 2018 certe
2434 1971 2786 2032 augmentum
2841 1961 2907 2016 ad
2949 1961 3360 2017 increscendum
3405 1975 3514 2014 non

1933 2051 1988 2106 in
2029 2051 2189 2107 nobis
2223 2053 2386 2107 situm
2425 2061 2525 2108 est.
2563 2051 2994 2122 Haudquaquam
3024 2063 3216 2107 natura
3241 2067 3305 2106 ex
3339 2050 3514 2105 homi-

1935 2143 2020 2198 nis
2043 2143 2308 2200 scntentia
2347 2150 2400 2197 et
2435 2142 2657 2197 libidine
2692 2152 2954 2198 staturam
3001 2144 3245 2206 metitur,
3285 2142 3378 2196 sed
3413 2154 3515 2196 suo

1935 2231 2223 2302 ipsiuSmet
2252 2233 2454 2302 impetu
2485 2239 2538 2287 et
2569 2233 2915 2287 necessitate.
2965 2230 3146 2285 Animi
3180 2247 3304 2285 vero
3335 2231 3390 2284 in
3424 2244 3515 2282 or-

1934 2332 2023 2378 tus
2068 2324 2420 2379 renovatione
2461 2324 2657 2378 modus
2684 2332 2738 2378 et
2769 2323 2957 2389 decus,
2987 2339 3107 2392 qua:
3137 2323 3370 2392 Spiritus
3389 2338 3514 2394 gra-

1935 2415 2006 2467 tia
2061 2414 2306 2483 largitur,
2335 2429 2433 2483 per
2469 2413 2590 2482 ejus
2623 2413 2729 2483 .qui
2763 2423 3023 2483 acceptus
3055 2421 3160 2478 est,
3191 2415 3452 2482 studium,
3483 2432 3514 2472 a

1933 2505 2164 2560 consilio
2187 2515 2378 2559 nostro
2403 2504 2638 2575 pendent
2668 2524 2681 2560 :
2716 2521 2840 2558 nam
2869 2517 3075 2576 quanto
3102 2507 3276 2576 magis
3303 2507 3515 2563 labores

1933 2610 2031 2664 pro
2055 2591 2252 2663 pietate
2272 2593 2542 2658 extendis,
2562 2602 2713 2650 tanto
2735 2596 2896 2650 etiam
2929 2595 3101 2665 magis
3118 2597 3282 2650 animi
3306 2600 3514 2669 magni-

1935 2684 2064 2739 tudo
2095 2685 2258 2740 simul
2283 2686 2614 2741 extenditur.
2654 2685 2716 2739 Et
2741 2691 3128 2756 sempiternam
3155 2691 3318 2742 vitam
3355 2699 3515 2760 atque

1933 2775 2258 2832 itteﬂ‘abilem
2273 2793 2394 2848 qua}
2413 2777 2464 2832 in
2483 2779 2638 2832 cmlis
2658 2787 2740 2834 est
2761 2780 2997 2833 laetitiam
3019 2780 3260 2851 ejusdem
3284 2782 3516 2852 Spiritus

1937 2869 2110 2938 gratia
2134 2869 2390 2924 concedit
2417 2887 2430 2922 :
2455 2869 2757 2940 accipiendi
2795 2886 2924 2928 vero
2948 2887 3172 2927 munera
3202 2871 3517 2944 dignitatem

1939 2967 1992 3014 et
2011 2959 2184 3031 gratia
2213 2957 2448 3024 fruendi,
2475 2976 2627 3015 amor
2646 2976 2744 3032 per
2770 2961 2928 3016 fidem
2955 2963 3232 3020 laboribus
3254 2965 3482 3021 obtinet.

317 3046 690 3122 Πῳελθοῦσαι
724 3047 782 3102 δὲ
831 3049 912 3112 είς
949 3048 1145 3103 ταύτὸν
1181 3047 1492 3118 δικαιοσύνη
1531 3047 1706 3120 ἔργων
1740 3048 1835 3102 καὶ

2011 3051 2131 3106 Jam
2167 3066 2295 3106 vero
2326 3051 2394 3106 ad
2429 3051 2569 3107 idem
2621 3067 2926 3123 progressa:
2963 3069 3188 3124 Operum
3228 3056 3440 3126 justitia
3467 3065 3516 3114 et

244 3142 570 3211 Πνεύματος
609 3139 788 3210 χάρις,
845 3140 926 3203 είς
969 3141 1036 3211 ἢν
1088 3139 1348 3212 συνῆλθον
1399 3141 1596 3212 ψυχὴν,
1633 3139 1836 3210 ταύτην

244 3235 398 3306 ζωῆς
449 3233 726 3304 μακαρίας
778 3233 899 3302 μετ’
972 3232 1216 3303 ἀλλήλων
1267 3231 1608 3304 ἐνέπλησανσ
1655 3229 1840 3296 διαζυ-

243 3327 434 3393 γεῖσαι
466 3323 525 3377 δὲ
562 3323 654 3376 ἀπ’
679 3322 926 3395 ἀλλήλων
967 3323 1118 3376 οὐδὲν
1149 3325 1216 3395 τῇ
1250 3322 1396 3393 ψυχῇ
1454 3322 1642 3395 κέρδος
1697 3339 1838 3394 παρ-

246 3417 489 3488 ἔχουσιν.
531 3413 608 3468 Ἦ
637 3431 695 3468 τε
723 3414 836 3486 γὰρ
881 3412 974 3467 τοῦ
1013 3413 1148 3468 Θεοῦ
1194 3415 1354 3486 χάρις
1381 3413 1579 3484 ψυχαῖς
1609 3413 1838 3484 φευγού-

249 3523 375 3569 σαις
431 3505 532 3574 τὴν
597 3504 874 3576 σωτηρίαν
923 3504 1026 3558 οὐκ
1073 3505 1186 3577 ἔχει
1235 3506 1540 3576 ὲπιφοιτᾷν,
1571 3505 1606 3576 ἦ
1658 3521 1716 3557 τε
1740 3503 1842 3575 τῆς

245 3597 342 3652 τοῦ
377 3595 670 3669 ἀνθρώπου
700 3595 903 3668 ἀρετῆς
932 3596 1180 3667 δύναμις,
1203 3597 1302 3651 οὐκ
1324 3598 1546 3668 ἐξαρκεῖ
1573 3595 1693 3650 καθ’
1710 3597 1841 3649 ἑαυ-

244 3691 348 3760 τὴν
384 3689 528 3760 πρὸς
557 3689 728 3760 τὸτῆς
760 3688 909 3760 ζωῆς
939 3683 1078 3754 εἶδος
1102 3689 1430 3743 ἀναϐιϐάσαι
1469 3687 1644 3759 ψυχὰς
1684 3689 1842 3758 ἀμοι-

245 3781 462 3852 ρούσας
506 3781 606 3850 τῆς
633 3782 876 3853 χάριτος.
919 3801 938 3833 ι
983 3782 1110 3836 Ἐὰν
1157 3781 1234 3854 μὴ
1275 3781 1475 3854 Κύριος
1512 3781 1840 3853 οἱκοδομήσῃ

244 3869 432 3936 οἶκον,
479 3871 576 3924 καὶ
615 3872 820 3946 φυλάξῃ
871 3873 1046 3938 πόλιν,
1089 3875 1169 3935 είς
1206 3872 1384 3944 μάτην
1416 3875 1464 3926 οἰ
1496 3873 1620 3944 περὶ
1671 3871 1843 3926 ταῦτα

245 3963 512 4018 πονοῦσι.
551 3981 571 4015 ι
623 3964 926 4018 Κάντεῦοεν
958 3965 1340 4036 διδασκόμεθα,
1373 3965 1447 4038 μὴ
1486 3965 1597 4018 δεῖν
1627 3967 1842 4036 φρονεῖν

241 4059 372 4112 ταῖς
392 4055 766 4127 ἀνθρωπίναις
789 4057 1045 4120 σπουδαῖς
1068 4056 1185 4111 ὅλον
1208 4056 1421 4110 κεῖσθαι
1443 4056 1534 4110 τὸν
1559 4057 1839 4126 στέφανον’

241 4149 369 4202 ἀλλ’
399 4148 699 4219 ἀναφέρειν
726 4148 820 4201 ἐπὶ
855 4148 918 4201 τὺ
951 4147 1046 4202 τοῦ
1071 4147 1204 4201 Θεοῦ
1233 4147 1445 4218 θέλημα
1468 4147 1562 4211 τὰς
1598 4145 1842 4218 περὶτοῦ

239 4241 441 4304 τέλους
464 4239 709 4303 ἐλπίδας.
745 4240 902 4294 Ἐστι
931 4240 988 4294 δὲ
1019 4240 1229 4309 Θέλημα
1253 4238 1386 4292 Θεοῦ
1409 4238 1469 4291 τὸ
1494 4237 1730 4312 καθᾶραι
1755 4237 1846 4292 διὰ

237 4331 354 4402 τῆς
387 4332 614 4403 χάριτος
651 4331 751 4403 τὴν
779 4331 978 4405 ψυχὴν,
1000 4330 1248 4404 καθαρὰν
1275 4331 1443 4401 αὐτὴν
1473 4333 1844 4401 προσαγαγεῖν

1941 3142 2176 3214 Spiritus
2230 3141 2428 3213 gratia,
2487 3143 2541 3195 in
2597 3156 2704 3211 qua
2747 3142 2929 3197 anima
2952 3154 3374 3210 concurrerunt,
3400 3161 3518 3201 eam

1939 3235 2094 3290 beata
2124 3233 2234 3287 vita
2263 3233 2513 3288 certatim
2545 3233 2818 3303 complent
2842 3251 2856 3299 ;
2883 3234 2979 3288 sed
2999 3250 3027 3286 a
3059 3250 3118 3290 se
3147 3235 3383 3291 invicem
3405 3237 3510 3293 dis-

1933 3326 2158 3394 junctaa,
2238 3325 2449 3379 nullum
2510 3326 2705 3379 anima:
2753 3325 3181 3381 emolumentum
3240 3329 3518 3386 exhibent.

1941 3415 2150 3470 Etenim
2189 3414 2281 3470 Dei
2325 3415 2501 3487 gratia
2556 3417 2610 3470 in
2662 3417 2859 3474 animis
2883 3418 2977 3488 qui
3018 3419 3249 3474 salutem
3285 3421 3518 3492 fugiunt,

1941 3523 2050 3561 non
2085 3514 2262 3577 potest
2293 3506 2608 3578 frequenter
2637 3507 2851 3564 adesse.
2895 3507 3144 3566 Hominis
3177 3527 3306 3566 vero
3345 3514 3518 3568 virtu-

1941 3599 2013 3654 tis
2047 3600 2131 3653 vis
2165 3614 2262 3669 per
2288 3613 2348 3656 se
2391 3615 2500 3654 non
2537 3598 2736 3655 suliicit
2764 3600 2830 3654 ad
2869 3601 3082 3657 animos
3113 3603 3300 3674 gratiae
3329 3583 3518 3675 exper-

1943 3697 2046 3753 tes,
2082 3689 2148 3744 ad
2173 3691 2294 3745 vitae
2329 3689 2557 3744 formam
2599 3691 2904 3746 absolutam
2929 3693 3286 3750 extoilendos.
3324 3713 3344 3748 ι
3407 3697 3520 3752 Nisi

1943 3777 2210 3835 Dominus
2241 3781 2593 3836 aedificaverit
2624 3781 2868 3846 domum,
2901 3791 2956 3838 et
2987 3785 3309 3842 custodierit
3335 3787 3520 3842 civita-

1943 3879 2074 3939 tem,
2102 3873 2156 3926 in
2189 3887 2385 3926 vanum
2416 3873 2802 3928 laboraverunt
2841 3875 2931 3945 qui
2968 3876 3242 3932 aedificant
3273 3895 3391 3933 eam
3415 3881 3459 3935 ³.
3497 3897 3518 3931 ι

1945 3961 2081 4018 Hinc
2127 3963 2422 4018 edocemur
2462 3980 2570 4019 non
2607 3980 2731 4020 esse
2763 3966 2818 4020 in
2849 3976 3082 4022 mentem
3127 3968 3520 4034 inducendum,

1944 4055 1999 4108 in
2033 4054 2273 4109 humano
2305 4054 2487 4110 studio
2509 4062 2675 4110 totam
2699 4057 2858 4111 sitam
2873 4072 2995 4112 esse
3017 4072 3272 4112 coronam
3299 4075 3314 4123 ;
3337 4075 3520 4114 verum

1945 4147 2012 4200 ad
2043 4145 2137 4201 Dei
2185 4146 2518 4205 voluntatem
2559 4143 2901 4200 referendam
2957 4159 3080 4199 esse
3115 4161 3266 4215 spem
3303 4145 3369 4201 de
3415 4147 3520 4203 fine

1946 4239 2245 4294 obtinendo
2277 4256 2292 4294 :
2323 4251 2488 4308 porro
2547 4234 2642 4290 Dei
2674 4236 2928 4290 voluntas
2955 4243 3060 4298 est,
3095 4243 3154 4288 ut
3186 4235 3369 4288 anima
3427 4251 3518 4306 per

1945 4329 2176 4401 gratiam
2216 4336 2478 4400 purgetur
2525 4335 2580 4382 et
2619 4340 2755 4396 pura
2784 4339 2848 4380 ac
2873 4325 3074 4380 munda
3101 4323 3212 4380 Deo
3243 4322 3520 4382 offeratur.

234 4423 326 4494 τῷ
361 4421 502 4493 Θεῷ.
535 4421 678 4486 Τοὺς
704 4421 812 4494 γὰρ
833 4423 1104 4486 τοιούτους
1135 4425 1162 4476 ὁ
1188 4419 1390 4494 Κύριος
1421 4422 1730 4494 μακαρίζει,
1759 4421 1836 4475 λέ·

1949 4421 2082 4476 Nam
2108 4412 2373 4476 Dominus
2405 4415 2675 4489 ejusmodi
2708 4416 2896 4472 beatos
2936 4417 3213 4488 prmdicat,
3263 4432 3386 4472 cum
3421 4419 3521 4486 ait,

209 4531 369 4581 ,γων
391 4530 406 4545 ο
451 4534 470 4566 ι
507 4514 786 4586 Μακάριοι
805 4515 855 4568 oi
879 4514 1191 4586 καθαροιτῇ
1219 4513 1433 4585 καρδίᾳ,
1461 4515 1542 4567 ὅτι
1575 4515 1729 4567 αὐτοὶ
1753 4515 1846 4569 τὸν

233 4603 388 4656 Θεὸν
415 4603 663 4673 ὄψονται.
693 4624 714 4657 ι
749 4605 918 4677 Ὁρᾷς
946 4605 1007 4658 τὸ
1038 4603 1290 4676 βραϐεῖον
1315 4605 1414 4675 τῆς
1437 4604 1842 4676 καθαρότητοςς

233 4693 308 4748 Τί
352 4697 614 4764 κρεῖττον
639 4695 733 4748 τοῦ
773 4695 900 4750 tam
938 4697 1028 4750 τὸν
1054 4696 1203 4762 Θεὸν,
1233 4695 1415 4760 καθὼς
1433 4698 1564 4768 ἡμῖν
1591 4697 1843 4767 ὲγχωρεῖ;

1955 4534 1972 4567 ι
2005 4515 2154 4569 Beati
2185 4513 2388 4568 mundo
2417 4512 2602 4572 corde.
2630 4511 2758 4582 quia
2788 4511 2891 4581 ipsi
2921 4510 3088 4566 Deum
3119 4509 3378 4566 videbunt
3407 4512 3449 4566 ³.
3499 4529 3518 4563 ι

1947 4605 2186 4661 Videsne
2220 4605 2472 4677 puritatis
2497 4604 2776 4675 praemium
2795 4602 2820 4654 ?
2852 4600 2994 4671 Quid
3030 4603 3224 4659 melius
3247 4613 3330 4659 est
3357 4618 3521 4674 quam

1949 4695 2118 4752 Deum
2138 4695 2344 4760 videre,
2365 4704 2634 4766 quatenus
2659 4695 2817 4750 nobis
2829 4709 3152 4750 concessum
3177 4705 3260 4749 est
3277 4695 3300 4748 ?
3316 4693 3523 4750 Idcirco

227 4790 336 4844 Διὸ
398 4790 497 4842 καὶ
535 4789 566 4841 ὁ
611 4789 774 4842 Δαϐὶδ
825 4791 966 4844 αίτεί
1004 4790 1180 4854 τοῦτο,
1227 4789 1436 4860 λέγων·
1487 4807 1506 4841 ι
1542 4788 1842 4860 Γενέσθωή

224 4880 459 4952 καρδία
489 4897 593 4950 μου
628 4880 860 4952 ἄμωμος
881 4884 994 4946 τοῖς
1021 4881 1353 4953 δικαιώμασί
1373 4899 1488 4946 σου,
1505 4880 1652 4944 ὅπως
1680 4879 1747 4934 ἂν
1773 4880 1848 4952 μὴ

217 4969 561 5042 aia-an).
614 4991 634 5025 ι
681 4971 966 5027 Φοδεῖσθαι
1023 4973 1233 5028 κελεύει
1255 4973 1354 5044 τὴν
1403 4972 1701 5044 αἰσχύνην
1755 4973 1851 5026 καὶ

211 5057 564 5114 ἀποθέσθαι
586 5061 797 5116 κελεύει
815 5062 1041 5134 ταύτην,
1063 5063 1139 5126 ὼς
1159 5061 1360 5134 ἐσθῆτα
1383 5062 1660 5135 ῥυπῶσαν.
1682 5063 1852 5118 Πάλιν

205 5154 280 5208 δέ
317 5164 512 5222 φησν
551 5152 729 5206 «Τότε
759 5155 820 5207 οὐ
854 5153 1219 5225 μὴαίσχυνθῶ
1252 5157 1308 5208 ὲν
1340 5154 1418 5226 τῷ
1447 5172 1512 5226 με
1541 5155 1854 5209 ὲπιόλέπειν

205 5246 327 5300 ἐπὶ
361 5243 565 5307 πάσας
591 5243 687 5308 τὰς
707 5245 926 5310 ἐντολάς
950 5263 1065 5301 σου.
1099 5265 1119 5298 ι
1165 5245 1254 5300 Ἐν
1281 5245 1388 5318 γὰρ
1421 5246 1498 5318 τῷ
1528 5245 1854 5319 πληρώματι

205 5335 344 5390 tim
377 5332 631 5388 ἐντολῶν
655 5334 865 5389 τίθεται
893 5336 952 5389 τὸ
986 5335 1213 5408 Πνεῦμα
1253 5336 1351 5408 τὴν
1379 5336 1708 5408 παρρησίαν.
1739 5337 1849 5391 Καὶ

206 5429 422 5483 πάλιν
450 5443 468 5456 ·
503 5442 524 5476 ι
549 5427 791 5498 Καρδίαν
825 5427 1070 5498 καθαρὰν
1098 5427 1280 5480 κτίσον
1311 5429 1367 5480 ὲν
1405 5427 1549 5496 ἐμοὶ,
1577 5427 1606 5479 ὁ
1634 5425 1794 5490 Θεὸς·
1823 5444 1841 5478 ι

208 5521 354 5586 καὶ,
396 5537 424 5571 α
477 5517 756 5590 Πνεῦματι
779 5519 1093 5589 ἡγεμονικῷ
1121 5517 1372 5592 στήριξδν
1405 5535 1490 5590 με.
1528 5537 1546 5570 ι
1591 5516 1846 5587 Ἀλλαχοῦ

1947 4790 2112 4846 etiam
2158 4787 2326 4843 David
2353 4788 2458 4843 hoc
2486 4789 2727 4859 postulat
2747 4788 2970 4842 dicens:
3001 4804 3020 4838 ι
3057 4784 3174 4840 Fiat
3203 4801 3298 4841 cor
3343 4801 3522 4842 meum

1947 4880 2286 4950 inculpatum
2333 4881 2386 4934 in
2413 4879 2906 4950 justificationibus
2963 4878 3093 4942 tuis,
3147 4888 3207 4932 ut
3246 4895 3354 4934 non
3392 4894 3526 4936 con-

1948 4971 2149 5027 fundar
2177 4971 2222 5026 ⁵.
2267 4990 2286 5024 ι
2319 4969 2483 5026 lubet
2531 4971 2770 5026 dedecus
2803 4977 3063 5032 metuere.
3109 4978 3159 5026 et
3192 4972 3295 5026 hoc
3327 4987 3526 5028 exuere

1948 5061 2220 5133 praecipit,
2256 5069 2517 5130 tanquam
2549 5068 2753 5116 vestem
2777 5060 3076 5116 sordidam.
3100 5059 3314 5118 Rursus
3340 5073 3523 5118 autem

1951 5155 2027 5207 ait
2051 5171 2064 5207 :
2101 5171 2119 5205 ι
2146 5151 2302 5207 Tunc
2324 5168 2430 5206 non
2459 5151 2787 5220 eonfundar,
2814 5169 2936 5210 cum
2962 5169 3290 5226 perspexero
3319 5157 3374 5210 in
3403 5169 3524 5209 om-

1951 5245 2115 5300 nibus
2165 5242 2440 5299 mandatis
2499 5244 2609 5298 tuis
2635 5244 2678 5297 ⁸.
2751 5263 2772 5298 ι
2827 5244 2963 5300 Nam
3031 5246 3084 5300 in
3141 5245 3522 5300 mandatorum

1953 5336 2146 5392 effectu
2191 5333 2434 5404 Spiritus
2485 5336 2790 5391 libertatem
2849 5353 2913 5393 ac
2958 5337 3210 5392 ﬁduciam
3268 5337 3522 5392 collocat.

1955 5430 2154 5484 lterum
2199 5429 2272 5481 ait
2327 5427 2524 5482 idem:
2583 5447 2601 5480 ι
2667 5428 2778 5483 Cor
2817 5429 3080 5484 mundum
3123 5443 3248 5484 crea
3304 5430 3358 5483 in
3415 5443 3521 5493 me,

1957 5515 2100 5572 Deus
2128 5519 2149 5547 ⁶
2181 5533 2196 5584 ;
2232 5534 2250 5568 ι
2297 5525 2372 5580 et,
2419 5536 2436 5568 ι
2475 5515 2680 5588 Spiritu
2715 5518 3003 5590 principali
3021 5517 3284 5574 confirma
3318 5536 3403 5574 me
3424 5519 3464 5571 ⁷.
3499 5535 3520 5568 ι

291 5722 318 5755 ³
357 5715 593 5787 Ephrs.
623 5730 697 5778 tv,
721 5716 806 5770 t3.
888 5716 908 5746 ¹
931 5713 1073 5771 Psztl.
1096 5732 1272 5782 crsu,
1299 5719 1344 5772 f.
1422 5715 1442 5747 ³
1462 5714 1649 5768 Μ;.ιι1ι.
1675 5730 1725 5779 v,
1751 5713 1804 5768 8.

1940 5712 2068 5771 Psal.
2093 5726 2279 5774 ωινιιι.
2305 5711 2393 5768 80.
2471 5713 2490 5745 ⁸
2519 5711 2648 5770 ibid.
2680 5711 2731 5768 6.
2812 5716 2832 5746 ⁸
2864 5713 3006 5772 l'sal.
3035 5727 3088 5780 1.,
3113 5713 3197 5768 12.
3249 5715 3267 5745 ⁷
3290 5714 3422 5771 ibid.
3445 5713 3527 5767 Η.
