3896 6208
421 358 523 411 291

1617 340 1675 399 S.
1714 336 2038 397 CREGORLI
2083 334 2373 394 NYSSENI

3568 327 3673 388 292

422 473 566 530 Alibi
596 484 724 528 vero
749 471 1050 540 interrogat
1081 486 1095 521 :
1144 486 1162 519 ι
1197 465 1334 534 Quis
1388 463 1649 520 ascendet
1679 464 1733 518 in
1759 471 1999 517 montem

2104 464 2159 516 δὲ
2177 464 2376 535 ἐρωτᾷν
2410 480 2429 513 ι
2454 461 2549 524 Τίς
2569 460 2898 531 ἀναϐήσεται
2926 459 3005 521 εἷς
3030 452 3092 511 τὸ
3120 455 3243 528 ὅρος
3267 454 3361 509 τοῦ
3385 456 3590 528 Κυρίου
3610 474 3624 521 ς
3647 472 3669 507 ι

428 563 684 620 Domini?
714 582 732 615 ι
765 561 960 617 deinde
1002 561 1316 629 respondet,
1368 576 1387 609 ι
1422 555 1691 611 lnnocens
1740 556 1995 610 manibus

423 666 479 711 et
510 655 714 709 mundo
744 652 907 707 corde
928 653 969 705 ⁸.
1014 673 1032 703 ι
1071 650 1175 704 Par
1214 660 1298 705 est
1356 664 1486 720 ergo
1514 664 1636 702 eum
1664 648 1758 716 qui
1794 647 1997 716 appetit

424 746 646 817 adjungi
669 746 854 808 alicui,
891 758 1070 798 mores
1118 743 1267 796 illius
1299 741 1519 794 imitari.
1582 741 1748 809 Igitur
1770 753 1998 792 necesse

423 848 508 911 est
540 849 597 891 ut
639 839 819 891 anima
862 853 984 906 quae
1025 835 1227 891 Christi
1268 848 1469 903 sponsa
1532 832 1646 886 fieri
1703 832 1994 894 desiderat,

424 929 816 998 pulchritudini
861 928 1065 983 Christi
1112 927 1293 996 quoad
1352 924 1475 993 ejus
1517 915 1632 978 fieri
1684 924 1883 993 poterit
1923 922 1997 976 si-

425 1020 568 1072 milis
589 1018 681 1072 tiat
719 1038 733 1073 :
763 1027 996 1086 Oportet,
1031 1018 1273 1085 inquam,
1311 1023 1369 1067 ut
1396 1014 1576 1067 aninta
1606 1029 1727 1081 qua:
1744 1012 1996 1065 advolare

426 1110 490 1162 ad
523 1108 734 1163 Numen
771 1111 994 1178 cogitat,
1026 1117 1079 1163 et
1108 1107 1385 1160 adluerere
1406 1104 1647 1167 Christo,
1675 1118 1836 1157 omne
1867 1118 1996 1172 pec-

423 1208 602 1252 catum
626 1214 655 1252 a
676 1215 735 1254 se
753 1199 1006 1268 expellat,
1028 1197 1231 1251 furtum
1248 1195 1390 1260 dico,
1415 1202 1467 1249 et
1494 1194 1760 1263 rapinam,
1778 1193 1998 1247 etadnl-

423 1290 642 1355 terium,
678 1297 732 1343 et
768 1289 1077 1354 avaritiam,
1129 1298 1184 1341 et
1231 1291 1644 1351 scortationem,
1696 1296 1750 1338 et
1803 1286 1997 1354 lingua:

421 1381 594 1442 virus,
630 1389 683 1434 et
709 1394 869 1434 omne
895 1379 1245 1433 manifestum
1275 1378 1597 1432 delictorum
1622 1392 1814 1447 genus,
1836 1384 1998 1446 atque

421 1474 585 1526 etiam
619 1476 917 1533 occultum,
946 1469 1253 1539 cujusmodi
1279 1480 1365 1523 est
1405 1467 1642 1531 invidia,
1675 1466 1993 1530 diffidentia,

420 1561 755 1631 malignitas,
792 1560 962 1625 fraus,
1000 1567 1053 1612 et
1092 1572 1426 1627 quaecunque
1480 1556 1585 1608 alia
1644 1554 1869 1608 latentia
1917 1556 1998 1608 vi—

422 1652 624 1705 tiorum
660 1651 935 1714 examina,
966 1664 1087 1719 qua:
1117 1664 1272 1718 atque
1296 1655 1365 1701 ac
1409 1658 1658 1716 apertum
1689 1654 1996 1700 erratorum

421 1758 593 1813 genus
626 1742 742 1796 odit
774 1740 1082 1810 Scriptura,
1112 1748 1166 1794 et
1199 1739 1569 1793 ahominatur.
1599 1736 1843 1802 Quorum
1883 1736 1998 1790 dis-

2105 554 2223 607 εἶτα
2254 552 2603 624 ἀποκρίνεται
2629 566 2643 581 ο
2678 568 2697 602 ι
2737 548 2937 612 Ἀθῶος
2978 549 3155 619 χερσὶ,
3195 547 3291 600 καὶ
3333 546 3571 617 καθαρὸς
3609 547 3676 616 τῇ

2106 645 2318 716 καρδία.
2358 665 2376 696 ι
2408 646 2498 696 Δεῖ
2534 639 2625 695 οῦν
2657 642 2748 695 τὸν
2768 639 3135 709 ἐπιθυμοῦντα
3167 638 3510 709 οἱκειωθῆναί
3549 655 3677 702 τινι,

2104 737 2195 789 τδν
2253 736 2459 787 ἐκείνου
2509 734 2707 802 τρόπον
2745 731 3048 802 μιμεῖσθαι.
3098 730 3304 783 Οὐκοῦν
3337 731 3549 800 ἀνάγκη
3584 730 3681 783 καὶ

2104 827 2200 898 τὴν
2252 823 2486 894 Χριστοῦ
2523 821 2792 875 ποθοῦσαν
2829 822 3080 889 γενέσθαι
3111 822 3328 893 νύμφην
3362 823 3559 894 ψυχὴν,
3601 822 3681 893 τῷ

2104 917 2196 970 τοῦ
2231 915 2461 986 Χριστοῦ
2481 912 2809 984 ὁμοιωθῆναι
2848 913 3033 965 κάλλει
3064 912 3124 966 τὸ
3148 914 3287 967 κατά
3315 913 3563 983 δύναμιν.
3591 917 3682 969 Δεῖ

2105 1009 2201 1081 τὴν
2236 1008 2533 1078 μέλλουσαν
2563 1005 2889 1059 ἀνίπτασθαι
2928 1004 3064 1075 πρὸς
3095 1004 3154 1058 τὸ
3182 1005 3336 1058 Θεῖον
3363 1005 3561 1075 ψυχὴν,
3586 1008 3682 1060 καὶ

2106 1102 2398 1155 κολλᾶσθαι
2427 1097 2669 1170 Χριστῷ,
2716 1099 2893 1150 πᾶσαν
2941 1096 3244 1162 ἐξελαύνειν
3289 1099 3558 1168 ἁμαρτίαν
3586 1099 3681 1167 ἀφ’

2105 1197 2324 1265 ἑαυτῆς,
2360 1193 2564 1265 κλοπὴν
2615 1192 2777 1260 λέγω,
2830 1193 2923 1245 καὶ
2968 1190 3223 1261 ἁρπαγὴν
3273 1192 3365 1245 καὶ
3410 1192 3680 1262 μοιχείαν,

2105 1288 2200 1341 καὶ⁵
2238 1287 2570 1353 πλεονεξίαν,
2602 1285 2697 1339 καὶ
2721 1284 2974 1356 πορνείαν
2996 1284 3090 1336 καὶ
3112 1283 3361 1353 γλώσσης
3381 1284 3554 1350 νόσον,
3584 1284 3683 1338 καὶ

2107 1382 2214 1433 πᾶν
2243 1381 2363 1432 ὅσον
2389 1377 2629 1449 ἐμφανὲς
2667 1375 3076 1447 ἁμαρτημάτων
3113 1375 3285 1443 γένος,
3320 1375 3412 1427 καὶ
3437 1374 3561 1427 ὅσον
3585 1374 3684 1427 λα-

2106 1469 2484 1544 θραῖον,τοῦτό
2512 1470 2628 1520 ἐστι
2655 1466 2869 1536 φθόνος,
2898 1465 3146 1527 ἀπιστία,
3176 1465 3488 1534 κακοήθεια,
3508 1463 3681 1527 δόλος,

2105 1565 2199 1617 καὶ
2247 1563 2370 1615 ὅσον
2418 1560 2646 1614 ὓπουλον
2673 1561 2773 1629 τῆς
2812 1559 3010 1622 κακίας
3041 1557 3264 1627 σμῆνος,
3301 1558 3436 1628 ὅπερ
3470 1556 3531 1621 ἐξ
3562 1557 3683 1610 ἴσου

2103 1653 2182 1725 τῷ
2221 1652 2437 1724 φανερῷ
2468 1652 2754 1722 γένει’τῶν
2796 1638 3207 1721 ἁμαρτημάτων
3243 1650 3275 1720 ή
3306 1647 3498 1720 Γραφὴ
3536 1644 3687 1718 μισεῖ

2104 1749 2197 1801 καὶ
2224 1746 2588 1817 βδελύσσεται.
2612 1745 2768 1806 Τίνος
2796 1744 3117 1813 ὲσκόρπισεν
3143 1742 3272 1794 ὀστᾶ
3296 1744 3324 1796 ὁ
3348 1739 3583 1811 Κύριοςς
3620 1740 3683 1793 σύ

422 1836 619 1905 sipavit
648 1850 775 1890 ossa
817 1834 1081 1889 Dominus
1104 1837 1125 1867 ⁸
1153 1835 1176 1885 ?
1216 1848 1398 1888 nonne
1437 1832 1749 1886 hominibus
1782 1831 1999 1900 placere

2104 1840 2208 1893 τῶν
2233 1837 2738 1910 ἀνθρωπαρὲσκωνς
2781 1836 2914 1889 Τίνα
2943 1833 3325 1905 βδελύσσεταιό
3344 1832 3565 1904 Κύριος,
3606 1833 3684 1898 ὡς

423 1929 756 1983 studentium
786 1928 803 1980 ί
837 1926 1006 1993 Quem
1034 1925 1384 1979 ahominatur
1408 1923 1670 1977 Dominus
1707 1933 1765 1975 ut
1787 1923 2005 1975 facino-'

422 2035 609 2073 rosum
636 2027 688 2074 et
723 2018 1204 2089 sanguinolentum
1232 2018 1256 2069 ?
1282 2030 1466 2070 nonne
1490 2013 1780 2070 subdolum
1815 2013 1993 2067 virum

421 2121 476 2165 et
510 2110 958 2164 fraudulentum?
983 2124 1129 2173 nam,
1171 2127 1190 2159 ι
1219 2106 1410 2161 Virum
1447 2107 1774 2176 sanguinum
1803 2111 1858 2160 et
1896 2106 1997 2158 do-

422 2202 598 2256 losum
628 2201 976 2254 ahominatur
1007 2199 1380 2256 Dominus‘°.i
1399 2196 1591 2252 Nonne
1616 2205 1801 2268 aperte
1831 2195 1998 2251 David

423 2294 492 2349 iis
528 2312 547 2344 ‹
591 2294 686 2363 qui
717 2294 1016 2362 loquuntur
1067 2305 1255 2360 pacem
1301 2304 1424 2345 cum
1460 2289 1657 2343 vicinis
1687 2288 1826 2348 suis,
1858 2287 1999 2341 mala

421 2398 552 2439 vero
590 2385 643 2437 in
699 2383 960 2437 cordibus
1002 2382 1119 2436 suis
1176 2382 1242 2443 η,
1289 2400 1307 2433 ι
1362 2379 1742 2450 imprecatur?
1787 2376 1999 2433 Idcirco

420 2474 583 2528 etiam
610 2474 665 2527 in
698 2472 968 2527 mandatis
988 2471 1275 2535 habemus,
1301 2478 1360 2525 ut
1393 2484 1570 2541 neque
1593 2470 1660 2523 ab
1680 2467 2001 2525 hominibus

424 2571 611 2637 laudes
643 2584 998 2641 aucupentur,
1034 2584 1214 2639 nequc
1253 2545 1679 2639 ignominiarum
1737 2567 1806 2622 ab
1865 2567 2003 2638 ipsis

424 2678 768 2739 acceptarum
805 2667 1049 2738 pudeat:
1099 2666 1300 2721 etenim
1353 2680 1451 2720 eos
1484 2667 1576 2736 qui
1620 2680 1714 2736 per
1756 2672 2002 2721 ostenta-

423 2763 625 2817 tionem
674 2763 932 2818 virtutem
969 2758 1209 2831 aliquam
1235 2770 1492 2815 exercent
1524 2758 1810 2831 Scriptura
1841 2773 1999 2815 sacra

2096 1936 2186 1989 τὸν
2220 1934 2388 2004 ἐναγῆ
2419 1934 2512 1986 καὶ
2561 1932 2873 2003 μιαιφόνονς
2913 1931 2972 1983 οὐ
3008 1930 3099 1982 τὸν
3125 1925 3352 1987 ὕπουλον
3386 1928 3553 1999 ἄνδρα
3587 1929 3682 1981 καὶ

2098 2027 2297 2091 δόλιον;
2323 2045 2342 2078 ι
2365 2025 2558 2095 Ἄνδρα
2581 2044 2599 2075 ι
2630 2027 2738 2095 γὰρ
2774 2043 2791 2075 ι
2813 2022 3057 2093 αἱμάτων
3089 2021 3176 2074 καὶ
3198 2020 3365 2074 δόλιον
3392 2019 3678 2091 βδελύσσε-

2097 2138 2188 2173 ται
2203 2119 2424 2191 Κύριος.
2438 2138 2456 2170 ι
2478 2118 2552 2171 υύ
2572 2117 2817 2189 φανερῶς
2838 2117 2866 2168 ό
2884 2113 3045 2168 Δαὸὶδ
3059 2117 3168 2177 τοῖς
3183 2110 3430 2167 λαλοῦσιν
3455 2114 3677 2184 εἰρήνην

2106 2212 2244 2283 μετὰ
2280 2211 2391 2265 τῶν
2441 2210 2667 2281 πλησίον
2708 2207 2904 2274 αὐτῶν,
2952 2207 3098 2260 κακά
3124 2207 3180 2259 δὲ
3207 2207 3263 2258 ὲν
3290 2208 3409 2268 ταῖς
3430 2205 3673 2276 καρδίαις

2106 2302 2304 2369 αὐτῶν,
2337 2302 2678 2373 καταρᾶται;
2714 2299 2813 2352 Διά
2845 2294 3002 2352 τοῦτο
3045 2297 3138 2351 xa't
3168 2296 3672 2367 παραγγελλόμεθα,

2106 2396 2244 2468 μήτε
2272 2394 2373 2459 τὰς
2401 2393 2554 2465 παρὰ
2586 2392 2888 2464 ἀνθρώπων
2932 2390 3208 2461 εὐφημίας
3260 2387 3492 2452 διώκειν,
3539 2389 3672 2459 μήτε

2101 2487 2200 2551 τὰς
2226 2486 2355 2557 παρ’
2385 2483 2565 2539 αὐτῶν
2592 2482 2812 2553 ἀτιμίας
2854 2479 3235 2551 αἰσχύνεσθαι·
3266 2479 3391 2541 τοὺς
3418 2477 3525 2548 γὰρ
3557 2479 3674 2529 ἐπι-

2100 2574 2386 2638 δεικτικῶς
2411 2574 2528 2627 οἴαν
2555 2573 2679 2627 τινὰ
2703 2573 2900 2644 ἀρετὴν
2930 2568 3233 2634 ποιοῦντας,
3262 2570 3553 2638 ἀποστερεῖ
3570 2566 3675 2619 τῶν

2101 2668 2159 2721 ὲν
2195 2666 2442 2737 οὐρανοῖς
2492 2663 2698 2735 μισθῶν
2742 2664 2775 2734 ἡ
2809 2662 3021 2735 Γραφὴ,
3068 2661 3143 2723 ὡς
3169 2659 3398 2713 ἐνταῦθα
3436 2658 3529 2712 τὸν
3566 2656 3675 2711 τῶν

2102 2756 2402 2829 ἀνθρώπων
2432 2754 2914 2826 ἀπολαμϐάνοντας
2942 2753 3184 2809 ἔπαινον.

423 2852 673 2908 mercede
702 2868 819 2921 quae
849 2851 903 2905 in
933 2852 1085 2906 caelis
1108 2858 1191 2904 est
1219 2850 1418 2919 privat,
1440 2856 1624 2919 utpote
1650 2851 1743 2920 qui
1768 2850 1857 2905 hic
1887 2847 2252 2904 laudationem
2284 2846 2563 2901 hominum
2594 2845 2868 2915 accipiunt
2887 2845 2952 2898 “.

494 2945 598 3000 Sed
636 2947 908 3015 inquiunt,
941 2946 1001 2998 Et
1044 2943 1316 3014 quomodo
1346 2944 1478 2999 dicit
1510 2943 1768 2999 Dominus
1800 2962 1814 2997 :
1848 2961 1867 2995 ι
1907 2940 2000 2997 Sic

424 3036 603 3091 luceat
649 3036 739 3089 lux
796 3045 978 3090 vestra
1030 3048 1215 3089 coram
1274 3022 1623 3098 hominibus,
1668 3044 1727 3088 ut
1784 3033 2002 3088 videant

2186 2940 2347 2995 Ἀλλά
2389 2955 2557 3010 φασισ
2605 2939 2716 2993 Καὶ
2759 2937 2876 3001 πῶς
2928 2935 3075 3005 λέγει
3126 2936 3155 2990 ό
3202 2934 3424 2998 Κύριος,
3468 2951 3489 2986 ι
3524 2935 3679 3007 Δαμδ

2104 3034 2260 3103 φάτω
2321 3032 2380 3085 τὸ
2435 3031 2552 3101 φῶς
2605 3029 2760 3101 ὐμῶν
2814 3028 3118 3100 ἔμπροσθεν
3172 3027 3281 3081 τῶν
3340 3026 3675 3098 ἀνθρώπων,

425 3140 587 3196 opera
620 3135 796 3181 vestra
840 3126 1015 3186 bona,
1060 3132 1115 3179 et
1156 3123 1457 3194 glorificent
1500 3125 1711 3181 Patrem
1760 3137 1999 3181 vestrum

2105 3124 2251 3187 ὅπως
2304 3123 2452 3177 ἴδωσι
2516 3121 2584 3175 τά
2626 3120 2764 3175 καλά
2816 3119 2951 3192 ἔργα
3005 3119 3196 3190 ὑμῶν,
3263 3120 3356 3173 καὶ
3414 3119 3679 3185 δοξάσωσι

425 3218 518 3288 qui
568 3219 623 3274 in
665 3218 818 3271 caelis
855 3226 940 3272 est
971 3217 1048 3270 ¹³⁶ἒ
1081 3236 1099 3268 ι
1136 3218 1276 3287 Ergo
1315 3216 1418 3270 hoc
1453 3216 1548 3271 tibi
1579 3218 1829 3283 dicimus,
1857 3218 2003 3273 hunc

425 3324 730 3364 sermonem
765 3311 1078 3379 praecipere,
1112 3315 1170 3362 ut
1192 3311 1235 3362 is
1261 3310 1352 3378 qui
1384 3307 1475 3363 Dei
1503 3311 1771 3365 mandatis
1795 3311 2005 3366 obtem-

426 3411 598 3471 perat,
627 3400 887 3471 quidquid
916 3399 1068 3464 facit,
1090 3403 1143 3453 in
1172 3399 1323 3453 illum
1349 3402 1607 3456 intuendo
1632 3402 1817 3467 faciat,
1842 3408 2005 3471 atque

424 3494 552 3548 huic
600 3494 700 3548 soli
741 3493 956 3562 placere
1007 3491 1263 3554 studeat,
1313 3494 1515 3546 nullam
1572 3493 1641 3546 ab
1690 3492 2004 3551 hominibus

424 3584 650 3655 gloriam
681 3581 929 3637 venando
970 3600 983 3636 :
1019 3597 1207 3636 rerum
1240 3581 1413 3652 fugiat
1450 3583 1666 3653 quidem
1717 3585 1905 3640 laudes
1938 3586 2004 3640 ab

426 3675 513 3729 his
534 3675 787 3739 tributas,
827 3686 1039 3727 necnon
1086 3674 1532 3737 ostentationem,
1570 3686 1668 3744 per
1698 3674 1861 3727 vitam
1901 3689 2002 3728 au-

424 3773 533 3820 tem
575 3774 629 3820 et
668 3780 832 3834 Opera
888 3772 1282 3833 cognoscatur,
1326 3771 1386 3817 ut
1430 3768 1765 3833 spectatores
1809 3766 2002 3819 horum

423 3855 623 3919 ell'ecti,
659 3870 765 3909 non
808 3855 963 3919 dixit,
1007 3863 1373 3909 ostentantem
1408 3870 1467 3910 se
1502 3858 1861 3921 admirentur,
1908 3856 2003 3910 sed

424 3949 638 4005 Patrem
670 3956 906 4004 vestrum
941 3949 1035 4018 qui
1063 3948 1116 4001 in
1145 3947 1301 4002 cretis
1322 3954 1406 4001 est
1434 3948 1762 4017 glorificent.
1782 3946 1914 4000 Nam
1936 3962 2003 4002 eo

426 4038 655 4109 gloriam
685 4053 900 4092 onmem
934 4035 1123 4093 referri
1162 4035 1342 4106 jubet,
1387 4045 1553 4106 atque
1598 4038 1664 4090 ad
1702 4037 1849 4091 illius
1903 4051 2003 4092 vo-

427 4129 687 4183 luntatem
719 4128 987 4182 actionem
1009 4142 1226 4183 omnem
1257 4127 1469 4197 perlici,
1492 4125 1634 4198 apud
1655 4141 1816 4197 quem
1836 4128 1999 4182 etiam

426 4237 635 4277 merces
660 4221 940 4291 proposita
967 4229 1052 4275 est
1081 4223 1304 4279 virtutis
1333 4236 1581 4294 operum.
1609 4220 1854 4290 Cupidus
1883 4230 2001 4276 esto

424 4311 669 4373 laudum,
708 4324 830 4380 quae
881 4311 936 4364 in
986 4311 1201 4385 superis
1248 4296 1597 4379 consistunt,
1645 4312 1833 4367 dicens
1868 4312 2001 4367 illud

424 4402 684 4457 Davidis:
722 4419 742 4453 ι
784 4402 942 4473 Apud
976 4413 1028 4459 te
1062 4404 1183 4460 laus
1209 4420 1330 4459 mea
1356 4407 1419 4460 ιδ.
1460 4425 1479 4457 ι
1515 4405 1600 4469 Et,
1637 4424 1655 4457 ι
1683 4405 1739 4459 In
1771 4405 2000 4460 Domino

2104 3216 2195 3269 τὸν
2236 3215 2452 3287 Πατέρα
2499 3213 2652 3285 ὑμῶν
2695 3214 2782 3268 τὸν
2824 3215 2882 3267 ἐν
2924 3216 3036 3277 τοῖς
3071 3214 3351 3283 οὐρανοῖςς
3382 3233 3401 3264 ι
3433 3211 3683 3281 Λέγομεν

2103 3302 2195 3361 οῦν
2245 3325 2364 3371 σοι,
2412 3308 2494 3360 ὃτι
2549 3305 2757 3359 κελεύει
2805 3307 2833 3358 ὁ
2886 3304 3042 3374 λόγος
3095 3302 3186 3358 τὸν
3253 3303 3514 3374 ἑπόμενον
3555 3300 3683 3367 ταῖς

2104 3393 2342 3462 ἐντολαῖς
2378 3397 2471 3451 τοῦ
2512 3397 2681 3462 Θεοῦ,
2719 3399 2825 3451 πᾶν
2863 3395 3000 3467 ὅπερ
3046 3390 3111 3450 ἂν
3157 3398 3322 3465 ποιῇ,
3363 3395 3497 3466 πρὸς
3532 3396 3684 3448 ἐκεῖ-

2102 3508 2191 3544 νον
2247 3491 2508 3561 βλέποντα
2565 3491 2767 3556 ποιεῖν,
2821 3489 2916 3542 καὶ
2962 3486 3136 3557 τούτῳ
3183 3487 3330 3557 μόνῳ
3380 3486 3640 3554 ἀρέσκειν
3664 3525 3683 3551 ,

2108 3580 2375 3653 μηδεμίαν
2426 3583 2577 3653 παρά
2618 3580 2729 3634 τῶν
2779 3576 3080 3649 ἀνθρώπων
3116 3577 3272 3644 δόξαν
3321 3576 3639 3648 θηρώμενον
3664 3586 3680 3608 δ

2104 3668 2237 3724 ἀλλὰ
2277 3666 2499 3738 φεύγειν
2533 3669 2632 3740 μὲν
2675 3669 2801 3733 τοὺς
2840 3666 2990 3739 παρὰ
3022 3666 3228 3720 τούτων
3274 3665 3543 3730 ἐπαίνους,
3581 3666 3689 3720 καὶ

2104 3761 2203 3833 τὴν
2237 3761 2516 3826 ἐπίδειξιν,
2558 3761 2647 3815 διὰ
2670 3760 2725 3813 δὲ
2752 3758 2846 3813 τοῦ
2874 3759 2989 3829 βίου
3016 3758 3109 3813 καλ⁸
3133 3759 3241 3812 τῶν
3263 3758 3435 3831 ἔργων
3474 3754 3687 3828 γνωρί-

2102 3852 2288 3917 ζεσθαι
2309 3854 2435 3915 πᾶς’
2464 3853 2612 3915 ὅπως
2635 3851 2827 3904 θεαταὶ
2852 3849 3052 3904 τούτων
3079 3851 3378 3920 γενόμενοι,
3402 3849 3501 3901 οὐκ
3524 3842 3681 3913 εἶπε,

2100 3946 2434 4019 Θαυμάσωσι
2458 3946 2547 4000 τὸν
2570 3946 3028 4017 ἐπιδεικνύμενον,
3063 3945 3217 4011 ἀλλὰ,
3252 3965 3269 3998 ι
3293 3945 3557 4011 Δοξάσωσι
3578 3945 3684 4003 τὸν

2102 4036 2322 4109 Πατέρα
2359 4035 2511 4109 ὐμῶν
2538 4037 2629 4091 τὸν
2674 4038 2731 4091 ὲν
2771 4035 2883 4102 τοῖς
2914 4038 3177 4110 οὐρανοῖς.
3212 4057 3231 4089 ι
3278 4038 3425 4090 Ἐκεῖ
3447 4037 3544 4107 γὰρ
3576 4054 3683 4092 κε·-

2100 4130 2246 4183 λεύει
2276 4131 2456 4184 πᾶσαν
2491 4127 2854 4202 ἀναφέρεσθαι
2888 4129 3064 4197 δόξαν,
3097 4132 3191 4184 καὶ
3224 4126 3361 4203 πρὸς
3380 4131 3440 4184 τὸ
3462 4131 3682 4186 ἐκείνου

2102 4221 2314 4293 θέλημα
2365 4221 2564 4294 πρᾶξιν
2607 4218 3004 4294 ἀπαρτίζεσθαι
3049 4224 3254 4289 πᾶσαν,
3308 4224 3437 4295 παρ’
3488 4215 3533 4290 ᾧ
3578 4222 3685 4278 καὶ

2103 4313 2294 4384 μισθὸς
2337 4310 2621 4367 ἀπόκειται
2657 4312 2763 4368 τῶν
2811 4313 2911 4384 τῆς
2955 4310 3157 4385 ἀρετῆς
3204 4314 3401 4386 ἔργων.
3444 4315 3680 4385 Ὀρέγου

2099 4406 2207 4459 τῶν
2236 4407 2348 4461 ἄνω
2380 4406 2638 4470 ἐπαίνων,
2660 4405 2720 4460 τὸ
2755 4405 2849 4460 τοῦ
2871 4405 3034 4461 Δαᾶὶδ
3051 4405 3252 4476 λέγων·
3293 4426 3312 4460 ι
3343 4401 3501 4478 Παρὰ
3534 4407 3623 4461 σοὶ
3649 4400 3682 4459 6

424 4495 733 4548 laudabitur
771 4495 956 4547 anima
999 4510 1117 4549 mea
1144 4496 1209 4550 ¹⁵.
1260 4515 1279 4548 ι
1320 4496 1455 4550 Eum
1501 4498 1594 4566 qui
1647 4497 1874 4554 honoris
1908 4498 1999 4553 hic

2104 4496 2321 4562 ἔπαινός
2349 4515 2470 4570 μου.
2511 4517 2530 4551 ι
2566 4498 2698 4564 Καὶ,
2734 4519 2753 4551 ι
2801 4499 2889 4553 Ἐν
2924 4499 3004 4571 τῷ
3035 4501 3224 4571 Κυρίῳ
3257 4492 3682 4571 ἐπαινεθήσεται

424 4587 608 4642 collati
639 4594 902 4656 appetens
927 4593 1031 4648 est,
1062 4585 1325 4643 Dominus
1353 4588 1492 4642 inter
1522 4586 1773 4645 infideles
1805 4605 1998 4645 recen-

422 4690 523 4735 set.
556 4678 792 4741 Etenim,
857 4696 877 4729 ι
923 4676 1209 4743 Quomodo
1264 4694 1363 4734 vos
1419 4681 1670 4749 potestis,
1712 4699 1731 4732 ι
1798 4682 1995 4753 inquit,

428 4784 447 4817 ι
487 4768 737 4830 credere,
777 4765 870 4836 qui
917 4767 987 4821 ab
1036 4766 1350 4823 hominibus
1375 4769 1606 4838 g-Zoriam
1638 4771 1911 4842 accipitis,
1940 4778 1998 4826 et

423 4857 673 4927 gloriam,
704 4872 825 4927 qua:
857 4873 887 4911 a
943 4856 1055 4912 Deo
1092 4857 1209 4913 solo
1256 4867 1362 4925 est,
1396 4874 1506 4915 non
1565 4863 1806 4932 quaeritis
1830 4864 1924 4917 ὀἳ
1968 4883 1987 4916 ι

2104 4590 2138 4660 ἡ
2162 4588 2310 4661 ψυχή
2337 4604 2461 4661 μου.
2488 4610 2507 4643 ι
2535 4591 2639 4645 Τὸν
2666 4592 2767 4662 τῆς
2799 4589 3032 4646 ἐνταῦθα
3058 4588 3224 4662 τιμῆς
3253 4590 3534 4662 ἐφιέμενον
3556 4590 3682 4657 τοῖς

2102 4680 2350 4745 ἀπίστοις
2387 4682 2739 4752 ὲγκαταλέγει
2768 4682 2797 4734 ὁ
2829 4681 3053 4754 Κύριος.
3084 4700 3103 4734 ι
3130 4678 3254 4746 Πῶς
3283 4700 3301 4734 ι
3332 4682 3441 4753 γάρ
3465 4696 3486 4734 ι
3511 4681 3683 4738 δύνα-

2102 4771 2249 4839 σθε,›
2276 4770 2460 4845 φησὶν,
2489 4790 2507 4824 ι
2527 4774 2683 4844 ὑμεῖς
2706 4772 3001 4837 πιστεύειν,
3017 4773 3171 4839 δόξαν
3193 4774 3345 4845 παρά
3370 4766 3684 4845 ἀνθρώπων

2099 4860 2461 4932 λαμϐάνοντες
2481 4878 2494 4892 ο
2520 4862 2615 4915 καὶ
2638 4862 2736 4933 τὴν
2756 4862 2911 4930 δόξαν
2932 4863 3029 4935 τὴν
3059 4881 3134 4917 πα
3142 4864 3209 4935 ρά
3234 4862 3327 4916 τοῦ
3348 4862 3507 4931 μόνον
3534 4864 3679 4917 Θεοῦ

422 4947 619 5004 Odium
648 4948 809 5002 etiam
843 4965 910 5004 ex
946 4951 1183 5005 occultis
1213 4952 1415 5006 erratis
1461 4961 1564 5008 est.
1602 4952 1837 5010 Proinde
1866 4954 1994 5011 audi

2104 4952 2158 5005 at)
2210 4946 2539 5023 ξητοῦντες;
2586 4972 2607 5006 ι
2670 4953 2790 5008 Τῶν
2842 4955 3063 5024 ἀφανῶν
3107 4958 3223 5009 ἐστι
3273 4956 3367 5010 καὶ
3414 4955 3475 5008 τὸ
3515 4958 3680 5025 μῖσος

422 5039 712 5095 Dominum
758 5042 1075 5098 dicentem:
1127 5061 1147 5096 ι
1190 5042 1293 5109 Qui
1352 5045 1469 5100 odit
1518 5046 1743 5101 fratrem
1802 5064 1993 5112 suum,

2104 5041 2523 5113 ἁμαρτημάτων.
2571 5044 2682 5097 Καὶ
2718 5045 2948 5100 ἄκουσον
2996 5042 3090 5100 τοῦ
3127 5046 3329 5116 Κυρίου
3383 5044 3674 5115 λέγοντος

421 5134 693 5187 homicida
720 5143 823 5188 est.
868 5134 933 5189 Et
961 5135 1119 5190 scitis
1176 5136 1439 5205 quoniam
1495 5139 1675 5192 omnis
1725 5139 1997 5193 homicida

2104 5135 2197 5187 ιὈ
2230 5133 2401 5205 μισῶν
2431 5135 2523 5189 τὸν
2558 5128 2784 5208 ἀδελφὺν
2819 5136 3002 5205 αὐτοῦ,
3051 5139 3493 5211 ἀνθρωποκτόνος
3529 5140 3671 5197 ἐστι.

421 5240 531 5281 non
556 5226 716 5281 habet
750 5227 914 5280 vitam
945 5236 1206 5283 aeternam
1235 5228 1332 5281 ⁸⁷.»
1355 5228 1541 5299 Itaque
1578 5230 1799 5300 expellit
1826 5245 1857 5283 a
1889 5231 1996 5285 vita

2104 5226 2202 5278 Καὶ
2241 5227 2419 5279 οἴδατε
2462 5226 2545 5281 ὄτι
2589 5224 2696 5293 πᾶς
2744 5229 3186 5301 ἀνθρωποκτόνος
3223 5230 3322 5284 οὐκ
3360 5230 3472 5300 ἔχει
3522 5232 3671 5303 ζωὴν

418 5332 544 5370 eum
575 5318 666 5387 qui
697 5318 812 5373 odit
843 5318 1068 5374 fratrem
1101 5335 1286 5389 suum,
1332 5329 1590 5391 tanquam
1638 5321 1994 5376 homicidam.

2104 5315 2327 5371 αἰώνιον.
2369 5339 2387 5371 ι
2432 5322 2724 5376 Ἐκϐάλλου
2757 5319 2849 5377 οὖν
2872 5324 2970 5394 τῆς
2998 5324 3144 5395 ζωῆς
3165 5324 3253 5378 τὸν
3280 5324 3545 5395 μισοῦντα
3575 5325 3669 5378 τὸν

417 5405 536 5460 Jam
563 5424 692 5462 vero
724 5410 868 5478 quod
915 5411 1124 5464 nullum
1174 5411 1468 5467 discrimen
1525 5411 1599 5466 sit
1657 5411 1801 5465 inter
1848 5410 1989 5464 mala

2104 5410 2340 5480 ἀδελφὸν,
2374 5411 2562 5485 ῶσπερ
2589 5415 2678 5467 τὸν
2700 5414 3040 5485 ἀνδροφόνον.
3067 5418 3189 5470 Ὅτι
3210 5418 3266 5470 δὲ
3296 5417 3522 5488 οὐδεμία
3549 5417 3671 5474 δια-

418 5497 568 5551 intus
599 5500 779 5553 abdita
828 5508 881 5555 et
931 5516 995 5555 ea
1047 5515 1167 5572 quae
1202 5508 1416 5570 patent,
1461 5499 1587 5555 audi
1615 5501 1936 5571 Apostolum
1973 5520 1987 5556 :

2104 5501 2237 5573 φορὰ
2285 5503 2390 5555 τῶν
2419 5502 2566 5556 ἔνδον
2611 5502 3009 5575 κεκρυμμένων
3042 5506 3226 5559 κακῶν
3279 5505 3417 5582 πρὸς
3457 5505 3527 5559 τὰ
3567 5508 3668 5577 ἑμ-

426 5607 444 5640 ι
475 5588 541 5642 Ει
573 5591 716 5647 sicut
761 5594 1288 5664 non-probaverunt,
1318 5614 1341 5648 ο
1379 5593 1588 5663 inquit,
1623 5613 1642 5644 ι
1683 5594 1851 5649 Deum
1893 5593 1990 5649 ha-

2104 5594 2260 5663 φανῆ.
2294 5595 2522 5649 ἄκουσον
2553 5596 2644 5649 τοῦ
2687 5595 3008 5652 Ἀποστόλου
3029 5615 3042 5628 ·
3079 5618 3098 5651 ι
3140 5594 3336 5662 Καθὼς
3366 5599 3467 5653 οὐκ
3496 5595 3678 5652 ἐδοκί-

489 5699 511 5731 ⁶
535 5698 677 5786 P‘sal.
700 5716 853 5786 xit-tu:
880 5703 935 5786 '5,
964 5711 1016 5758 4.
1093 5704 1115 5736 ⁹
1138 5702 1287 5786 Psal.
1310 5705 1449 5786 νεῖ..
1520 5705 1562 5735 ¹⁰
1590 5704 1732 5786 ibid:
1752 5776 1766 5786 .
1803 5707 1841 5738 ¹¹
1873 5703 1999 5786 ﬁstul

2113 5722 2207 5770 vn,
2239 5707 2351 5786 5....
2376 5709 2417 5741 ’³
2445 5708 2631 5766 Matth.
2674 5727 2750 5783 rt,
2781 5712 2833 5768 l.
2910 5712 2954 5745 ¹³
2975 5711 3166 5769 Matth.
3198 5729 3247 5784 ν,
3287 5713 3371 5775 16.
3449 5714 3496 5747 ³⁸
3516 5712 3675 5775 Ρειιυ

420 5784 533 5838 ut,
569 5772 661 5824 26.
740 5772 784 5803 ”
810 5771 953 5829 Psal.
983 5789 1183 5841 nam,
1209 5775 1262 5830 5.
1358 5773 1581 5829 "Juan.
1617 5790 1668 5843 ν,
1707 5776 1794 5830 44.
1872 5776 1914 5807 "
1939 5776 1999 5833 ll

2106 5796 2143 5831 l.
2169 5792 2251 5846 tn,
2287 5776 2373 5831 l5.
