3896 6208
217 343 330 401 295

1357 340 1444 395 DE
1484 339 1855 398 INSTITUTO
1906 339 2348 397 ClililSTlANO.

3371 348 3472 404 2%

221 476 427 532 μασαν,
472 478 492 513 ι
526 460 676 531 φησὶ,
717 480 737 513 ι
767 460 858 513 τὸν
886 461 1021 514 Θεὸν
1053 460 1196 531 ἔχειν
1224 463 1281 513 ὲν
1319 460 1633 529 ἐπιγνώσει.
1666 479 1804 531 παρ-

1924 474 2036 513 )ειε
2067 458 2120 511 in
2150 459 2376 523 notitia,
2422 457 2647 512 tradidit
2689 457 2811 513 illos
2875 457 3016 515 Deus
3069 458 3124 515 in
3183 462 3477 532 reprobunt

217 554 426 607 ἔδωκεν
469 554 661 615 αὐτοὺς
728 554 810 615 εἰς
857 550 1115 624 ἀδόκιμον
1160 551 1321 617 νοῦν,
1374 555 1549 605 ποιεῖν
1600 552 1668 605 τά
1720 550 1795 623 μὴ

218 644 549 717 καθήκοντα,
581 643 1049 715 ¹ιππληρωμένους
1100 644 1250 716 πάσῃ
1292 642 1509 713 ἀδικίᾳ,
1548 641 1793 714 πορνεία,

220 736 474 806 πονηρία,
509 734 814 806 πλεονεξίᾳ,
847 734 1014 807 κακία
1034 752 1047 765 ·
1083 735 1315 806 μεστοὺς
1345 734 1561 804 φθόνου,
1594 733 1753 802 φόνου
1777 774 1792 797 ,

219 825 413 894 ἔριδος,
446 825 634 887 δόλου,
665 821 995 894 κακοηθείας
1015 840 1029 853 ·
1059 822 1403 894 ψιθυριστάς,
1438 822 1794 884 καταλάλους,

219 916 551 985 θεοστυγεῖς,
582 914 868 987 ὑϐριστὰς,
891 912 1294 986 ὑπερηφάνους,
1325 912 1610 977 ἀλαζόνας,
1636 914 1798 982 ὲφευ-

223 1007 385 1079 ρέτας
415 1006 626 1072 κακῶν,
658 1004 908 1075 γονεῦσιν
933 1004 1196 1070 ἀπειθεῖς,
1232 1005 1543 1068 ἀσυνέτους,
1571 1004 1785 1058 ἀσυνθὲ-

216 1116 366 1164 τους,
400 1097 721 1169 ἀστόργους,
748 1098 1065 1164 ἀσπόνδους,
1087 1098 1471 1169 ἀνελεήμονας.
1503 1096 1712 1157 Οἴτινες
1738 1094 1800 1147 τὸ

218 1190 499 1259 δικαίωμα
546 1189 640 1243 τοῦ
672 1188 808 1242 Θεοῦ
842 1189 1153 1257 ἐπιγνόντες
1178 1230 1193 1252 ,
1229 1190 1311 1243 ὅτι
1356 1190 1407 1241 οἱ
1458 1186 1528 1240 τά
1576 1187 1799 1241 τοιαῦτα

222 1280 557 1351 πράττοντες
602 1278 742 1345 ἄξιοι
790 1278 1019 1332 Θανάτου
1067 1277 1225 1331 εἰσίν.
1265 1296 1284 1329 ι
1334 1277 1496 1347 Ὁρᾷς
1530 1276 1675 1337 ὅπως
1703 1273 1801 1344 τὴν

222 1371 554 1442 κακοήθειαν
588 1370 683 1424 καὶ
714 1369 814 1442 τὴν
845 1368 1221 1439 ὑπερηφανίαν
1251 1368 1347 1420 καὶ
1393 1366 1483 1420 τὸν
1524 1366 1674 1419 δόλον
1708 1366 1802 1417 καὶ

222 1461 295 1514 τὰ
326 1460 489 1514 λοιπὰ
515 1459 625 1514 τῶν
670 1459 950 1531 κρυπτῶν,
1001 1459 1079 1530 τῷ
1112 1458 1256 1529 φόνῳ
1295 1458 1388 1511 καὶ
1420 1460 1487 1528 τῇ
1524 1455 1805 1525 πλεονεξίᾳ

227 1554 321 1609 καὶ
351 1556 465 1617 τοῖς
486 1552 746 1614 τοιούτοις
786 1553 920 1605 πᾶσι
948 1549 1253 1615 συνέταξεν.
1295 1549 1451 1603 Οὕτω
1479 1548 1533 1601 δέ
1566 1550 1680 1600 ἐστι
1711 1563 1805 1599 πο-

231 1645 372 1716 νηρὰ
426 1647 523 1699 καὶ
560 1644 787 1697 δυσίατα
839 1643 910 1696 τὰ
961 1646 1081 1706 ταῖς
1133 1644 1332 1713 ψυχαῖς
1379 1638 1804 1713 ἐγκεκρυμμένα

230 1737 382 1791 κακά
406 1777 422 1801 ,
456 1735 598 1789 ὥστε
627 1737 700 1806 μὴ
722 1736 951 1789 δυνατὸν
978 1730 1117 1789 εἶναι
1154 1734 1242 1788 διὰ
1275 1733 1442 1805 μόνης
1476 1732 1575 1802 τῆς
1599 1730 1807 1803 ἀνθρωο

1902 564 2148 615 sensum,
2179 560 2240 604 ut
2269 549 2472 604 faciant
2500 565 2564 604 ea
2595 565 2718 621 qua:
2749 564 2857 605 non
2894 552 3257 620 conveniunt,
3302 556 3480 625 reple.

1903 650 1988 695 tos
2016 642 2164 694 omni
2198 642 2508 710 iniquitate,
2542 643 2770 707 malitia,
2801 643 3185 710 fornicatione,
3221 647 3475 712 avaritia,

1902 732 2185 801 nequitia;
2215 734 2406 801 plenos
2440 732 2662 799 invidia,
2725 735 3046 802 homicidio,
3103 737 3475 800 contentione,

1903 823 2051 889 dolo,
2094 825 2475 894 malignitate;
2531 840 2882 891 susurrones,
2943 826 3304 891 detractores,
3368 825 3481 883 Deo

1904 910 2156 977 odibiles,
2195 916 2648 980 contumeliosos,
2682 917 2969 985 superbos,
3008 918 3202 982 elatos,
3230 918 3481 971 invento-

1906 1018 1995 1059 res
2028 1006 2318 1071 malorum,
2350 1006 2673 1074 parentibus
2698 1021 2804 1059 non
2828 1006 3183 1069 ‘obedieutes,
3214 1006 3483 1076 insipien-

1907 1106 2011 1161 tes,
2055 1096 2471 1165 incompositos,
2513 1097 2632 1151 sine
2660 1097 2969 1163 aﬂ‘ectione,
3008 1100 3216 1168 absque
3253 1098 3480 1164 findere,

1905 1187 2024 1241 sine
2077 1186 2479 1241 misericordia.
2526 1186 2631 1253 Qui
2687 1203 2810 1242 cum
2841 1190 3109 1258 justitiam
3153 1190 3246 1245 Dei
3281 1205 3485 1259 cogno-

1909 1275 2135 1340 vissent,
2164 1290 2271 1328 uon
2298 1276 2710 1339 intellexerunt,
2733 1278 2994 1345 quoniam
3023 1278 3115 1346 qui
3139 1279 3263 1331 talia
3291 1285 3483 1348 agunt,

1910 1375 2084 1420 morte
2116 1366 2262 1437 digni
2309 1373 2438 1421 sunt
2463 1367 2527 1419 ⁸⁸.
2565 1386 2582 1419 ι
2639 1365 2804 1422 Vides
2836 1376 2895 1421 ut
2950 1369 3368 1439 malignitatem,
3429 1376 3486 1424 et

1911 1458 2253 1527 superbiam,
2285 1467 2338 1512 et
2374 1457 2620 1511 fraudem
2650 1466 2704 1512 et
2730 1467 2923 1512 (πέπειστο
2949 1461 3164 1513 occulta
3194 1460 3322 1513 vitia
3349 1459 3484 1513 (ταξιιί

1910 1556 1964 1602 et
1993 1547 2259 1614 avaritizc,
2293 1555 2458 1616 atque
2491 1547 2761 1613 ejusmodi
2800 1549 2957 1601 malis
3000 1548 3257 1602 omnibus
3288 1548 3487 1612 adjun-

1912 1639 2103 1694 xerit?
2137 1639 2215 1693 lta
2243 1654 2407 1708 porro
2440 1653 2709 1706 perversae
2748 1648 2801 1692 ct
2847 1651 3042 1693 sanatu
3079 1639 3327 1695 ditliciles
3358 1648 3489 1694 sunt

1918 1729 2118 1783 animis
2149 1729 2486 1784 absconditae
2522 1730 2694 1794 labes,
2733 1737 2791 1783 ut
2818 1730 2975 1784 nefas
2996 1731 3067 1785 sit
3093 1732 3212 1786 solo
3248 1730 3488 1785 humano

232 1829 403 1899 πίνης
437 1827 667 1896 σπουδῆς
700 1828 790 1880 καὶ
825 1827 1025 1898 ἀρετῆς
1060 1824 1320 1897 ἐκτρῖψαι
1359 1823 1454 1877 καὶ
1487 1822 1718 1886 ἀνελεῖν,
1760 1821 1809 1874 εί

1924 1819 2099 1874 studio
2127 1834 2191 1873 ac
2226 1820 2429 1873 virtute
2450 1819 2624 1874 deteri
2657 1828 2822 1889 atque
2887 1822 3075 1885 eximi,
3131 1822 3238 1876 nisi
3287 1826 3334 1876 si
3365 1824 3489 1892 quis

232 1920 313 1991 μή
349 1936 433 1981 τις
461 1918 557 1988 τὴν
579 1916 672 1969 τοῦ
712 1917 1022 1988 Πνεύματος
1056 1916 1282 1987 δύναμιν
1311 1914 1597 1986 σύμμαχον
1639 1929 1810 1986 προσ-

227 2010 394 2083 λάϐῃ.
447 2009 537 2061 Διὸ
564 2009 659 2063 καὶ
695 2009 725 2061 ὁ
773 2008 937 2062 Δαϐίδ
968 2023 1153 2080 φησιν’
1192 2026 1211 2060 ι
1284 2008 1379 2061 Ἐκ
1418 2006 1527 2060 τῶν
1569 2005 1812 2077 κρυφίων

233 2119 338 2174 μου
368 2100 665 2172 καθάρισόν
698 2118 786 2170 με,
822 2100 917 2154 καὶ
937 2101 1031 2153 ἀπ’
1057 2097 1350 2170 ἀλλοτρίων
1381 2099 1563 2167 φεῖσαι
1579 2096 1670 2150 τοῦ
1690 2094 1813 2150 δού-

231 2193 326 2246 λου
358 2209 479 2247 σου.
536 2212 555 2246 ι
607 2193 705 2245 Ἐκ
735 2176 830 2245 δύο
858 2191 967 2263 γάρ
1006 2193 1035 2244 ὁ
1067 2186 1148 2255 εἷς
1189 2190 1473 2261 ἄνθρωπος
1502 2189 1811 2260 ἥρμοσται,

228 2282 417 2354 ψυχῆς
457 2299 520 2335 τε
554 2283 648 2335 καὶ
686 2280 961 2351 σώματος.
998 2281 1109 2335 Καὶ
1146 2280 1207 2333 τὸ
1243 2281 1364 2351 μὲν,
1410 2279 1573 2333 αὑτοῦ
1617 2278 1817 2343 ἔξωθέν

230 2378 385 2428 ἐστιν
408 2392 425 2405 ’
453 2376 489 2446 ἡ
511 2374 590 2439 δὲ,
622 2373 769 2427 ἔνδον
801 2372 953 2445 παρά
988 2373 1078 2426 τὸν
1109 2370 1222 2443 βίον
1251 2372 1421 2443 μένει.
1457 2372 1576 2444 Χρὴ
1607 2368 1700 2427 οὖν
1726 2372 1818 2424 τὸν

232 2468 528 2538 ἄνθρωπον
572 2468 635 2521 τὸ
685 2467 783 2537 μὲν
830 2465 1028 2531 ἔξωθεν
1074 2467 1509 2538 παραγρυπνεῖν,
1551 2464 1818 2536 τηροῦντα

238 2560 317 2629 μή
338 2577 392 2613 τι
412 2559 522 2611 τῶν
549 2557 832 2631 σφαλερῶν
857 2557 1271 2628 ἁμαρτημάτων
1300 2556 1627 2628 προσπεσὸν,
1652 2572 1821 2609 κατα-

238 2651 399 2721 σείσῃ
452 2650 550 2702 καὶ
600 2646 908 2718 διαφθείρῃ.
953 2646 1090 2718 Περὶ
1130 2639 1193 2700 οὗ
1252 2645 1345 2699 καί
1407 2648 1435 2719 ό
1498 2645 1821 2707 Ἀπόστολος

239 2741 460 2796 ἀπειλεῖ
489 2740 687 2807 λέγων’
726 2758 744 2790 ι
777 2739 883 2793 Τὸν
912 2737 1200 2809 φθείροντα
1236 2738 1329 2791 τὸν
1366 2737 1491 2791 ναὸν
1529 2737 1624 2791 τοῦ
1662 2737 1819 2801 Θεοῦ,

240 2832 439 2904 φθερεῖ
471 2835 501 2887 ὁ
537 2831 689 2895 Θεός.
725 2850 744 2883 ι
794 2831 905 2902 Τὴν
937 2831 996 2883 δὲ
1023 2831 1169 2885 ἔνδον
1217 2830 1304 2884 διά
1347 2831 1526 2902 πάσης
1566 2833 1823 2904 φρουρεῖν

244 2923 516 2993 φυλακῆς,
543 2925 615 2993 μή
647 2939 730 2986 τις
754 2921 911 2990 λόγος
945 2920 1142 2984 κακίας
1170 2923 1234 2974 ὲκ
1270 2920 1467 2990 βάθους
1499 2921 1661 2975 ποθὲν
1689 2923 1825 2974 ἀνα-

248 3015 455 3084 κύψας,
495 3013 591 3065 καὶ
620 3013 712 3067 τὸν
748 3013 845 3084 τῆς
884 3012 1164 3075 εὐσεϐείας
1187 3012 1446 3083 λογισμὸν
1472 3012 1823 3083 διαφθείρας,

1923 1911 2164 1980 Spiritus
2196 1910 2493 1980 potentiam
2553 1912 2953 1979 cpitulatricem
2987 1918 3369 1985 assumpserit.
3401 1918 3490 1972 ld-

1918 2004 2069 2058 circo
2108 2002 2184 2056 ait
2215 2000 2417 2057 David:
2450 2020 2469 2053 ι
2507 2000 2592 2055 Ab
2623 2003 2852 2059 occultis
2887 2006 3022 2061 meis
3059 2007 3260 2061 munda
3290 2024 3395 2074 me,
3438 2018 3494 2063 et

1920 2095 1989 2150 ab
2018 2096 2212 2150 alienis
2240 2109 2405 2164 parce
2434 2107 2594 2148 servo
2653 2103 2745 2149 tuo
2770 2096 2836 2149 ".
2876 2115 2895 2147 ι
2951 2088 3096 2151 ’Νειηι
3152 2114 3219 2153 ex
3277 2099 3493 2155 duobus

1922 2200 2067 2242 unus
2102 2186 2266 2239 homo
2321 2198 2604 2239 connexus
2642 2191 2748 2251 est,
2798 2201 2860 2240 ex
2893 2187 3075 2240 animo
3131 2188 3384 2243 videlicet
3436 2197 3491 2243 et

1922 2295 2171 2350 corpore.
2233 2279 2412 2349 Atque
2475 2279 2578 2334 hoc
2636 2279 2856 2349 quidem
2914 2284 3068 2333 extra
3131 2281 3309 2349 ipsum
3360 2284 3519 2337 estz'

1925 2374 2140 2425 animus
2174 2380 2354 2424 autem
2409 2370 2558 2426 intus
2618 2379 2838 2439 propter
2874 2372 3041 2424 vitam
3099 2379 3300 2427 manet.
3343 2372 3493 2438 Qua-

1926 2471 2150 2533 propter
2180 2460 2459 2514 hominem
2491 2468 2705 2530 oportet
2760 2460 2897 2516 foris
2950 2463 3171 2531 quidem
3205 2463 3494 2533 evigilare,

1924 2552 2270 2609 observando
2301 2566 2369 2605 ne
2393 2550 2523 2621 quid
2556 2567 2621 2605 ex
2655 2553 2983 2621 periculosis
3013 2554 3227 2610 delictis
3251 2555 3497 2612 incrdens

1926 2644 2205 2699 concutiat
2241 2652 2296 2698 et
2321 2650 2653 2712 corrumpat.
2693 2641 2767 2697 De
2822 2658 2931 2713 quo
2991 2646 3153 2698 etiam
3205 2649 3499 2714 Apostolus

1928 2735 2233 2801 minitatur,
2258 2748 2384 2788 cum
2420 2734 2535 2811 ait:
2573 2752 2591 2783 ι
2634 2733 2693 2786 Si
2730 2734 2858 2803 quis
2891 2722 3153 2804 templum
3202 2736 3295 2791 Dei
3327 2738 3501 2791 viola-

1930 2828 2086 2892 verit,
2148 2827 2427 2898 disperdet
2486 2841 2611 2880 eum
2672 2824 2816 2881 Deus
2838 2826 2906 2880 '°.
2958 2847 2978 2878 ι
3041 2827 3146 2881 Par
3207 2837 3291 2884 est
3336 2832 3502 2883 etiam

1930 2920 2097 2973 animi
2125 2935 2322 2975 sensus
2357 2919 2579 2973 intimos
2612 2921 2760 2974 omni
2791 2922 3046 2975 cautione
3097 2922 3400 2986 custodire,
3435 2938 3506 2979 ne

1933 3027 2037 3081 qua
2063 3012 2382 3067 vitiositatis
2403 3012 2543 3067 ratio
2565 3012 2816 3067 alicunde
2846 3029 3130 3084 emergens
3151 3029 3180 3068 e
3210 3014 3503 3084 profundo,

246 3103 593 3174 δουλώσηται
639 3103 741 3171 τὴν
778 3100 974 3172 ψυχὴν,
1030 3101 1322 3172 πληρώσας
1353 3101 1461 3154 τῶν
1510 3100 1813 3154 διελκόντωι

1934 3105 2233 3175 depravata
2264 3105 2730 3174 pietatisjudicio,
2790 3105 3026 3158 animam
3055 3106 3127 3160 'ad
3185 3107 3505 3161 servitutem

251 3196 429 3265 αὐτὴν
444 3194 620 3264 λάθρα
649 3193 856 3247 παθῶν.
881 3213 899 3244 ι
924 3193 999 3247 Οὐ
1018 3192 1246 3260 ζεύξεις,
1277 3212 1295 3247 ι
1325 3194 1489 3264 φησιν
1507 3196 1536 3247 ὁ
1562 3193 1813 3265 μακάριος

1934 3195 2164 3267 redigat,
2202 3210 2324 3251 cum
2353 3195 2639 3251 aﬂ‘ectibus
2670 3196 2843 3265 ipsam
2873 3198 3088 3249 occulte
3121 3195 3509 3250 divellentibus

247 3287 516 3357 Μωῦσῆς,
547 3306 565 3337 ι
597 3287 655 3338 ὲν
671 3288 739 3356 τῇ
758 3285 925 3339 ἄλωνί
953 3302 1047 3339 σου
1066 3283 1181 3348 ζῶα
1202 3284 1462 3355 ἀλλογενῆ
1482 3286 1571 3338 ἐπὶ
1591 3285 1654 3339 τδ
1676 3285 1826 3339 αὐτό·

246 3375 388 3446 οἷον,
416 3376 549 3449 βοῦν’
576 3378 671 3431 καὶ
701 3377 838 3429 δνον.
863 3376 998 3430 Οὐδὲ
1025 3379 1348 3446 συνυφανεῖς
1378 3378 1435 3430 ὲν
1471 3375 1669 3447 ίματίῳ
1686 3375 1831 3448 ἔριον

247 3471 405 3541 λίνῳ.
457 3470 534 3523 Οὐ
568 3471 905 3539 γεωργήσεις
947 3469 1007 3522 ἐν
1045 3471 1112 3540 τῇ
1141 3469 1292 3541 χώρᾳ
1324 3471 1424 3539 τῆς
1463 3470 1567 3539 γῆς
1593 3484 1686 3521 σου
1737 3467 1832 3521 δύο

248 3561 502 3632 καρποὺς
535 3562 629 3613 ἐπὶ
654 3561 716 3613 τὸ
752 3560 903 3613 αὑτό.
936 3560 1071 3614 Οὐδὲ
1105 3560 1355 3631 δεύτερον
1382 3559 1476 3612 τοῦ
1501 3558 1767 3614 ἐνιαυτοῦ.
1806 3578 1827 3613 ι

249 3657 370 3710 Οὐκ
391 3653 676 3717 ἐπιϐαλεῖς
702 3652 1014 3725 ἐτερογενὲς
1040 3652 1176 3731 ζῶον
1203 3654 1295 3707 ἐπὶ
1323 3653 1509 3724 ἕτερον
1536 3653 1617 3716 είς
1646 3653 1831 3725 γονήν.

323 3839 400 3891 Τί
442 3837 617 3891 ταῦτα
648 3838 890 3908 βούλεται
913 3838 982 3893 τὰ
1005 3838 1338 3912 αἱνίγματα;
1369 3840 1432 3892 τὸ
1462 3840 1536 3913 μὴ
1557 3841 1666 3894 δεῖν
1694 3844 1750 3895 ὲν
1772 3844 1838 3915 τῇ

249 3932 401 4002 αὐτῇ
426 3928 576 4000 ψυχῇ
607 3930 797 3983 κακίαν
819 3931 915 3985 καὶ
943 3929 1143 4003 ἀρετὴν
1170 3929 1532 4001 συμφυτεύειν
1564 3931 1839 4003 ἀλλήλαις.

250 4024 397 4079 Ποία
434 4023 592 4093 φιλία
610 4023 954 4096 σωφροσύνης
981 4023 1117 4095 πρὸς
1147 4024 1417 4095 ἀκρασίαν
1440 4041 1455 4086 ;
1480 4024 1607 4077 ποία
1637 4023 1843 4079 δικαιο-

1935 3288 2247 3357 repleverit.
2285 3305 2303 3338 ι
2350 3284 2470 3341 Non
2518 3287 2740 3357 junges,
2781 3306 2798 3339 ι
2829 3287 3007 3357 inquit
3038 3287 3233 3342 beatus
3266 3286 3506 3358 Moyses,

1942 3397 1962 3431 ι
1996 3379 2053 3432 in
2093 3393 2218 3433 area
2249 3387 2342 3432 tua
2373 3377 2574 3432 diversi
2605 3380 2821 3450 generis
2846 3380 3101 3432 anim-alia
3129 3379 3311 3444 simul,
3342 3378 3510 3433 veluti

1938 3470 2130 3525 bovem
2154 3477 2208 3524 et
2233 3470 2447 3525 asinum
2470 3471 2535 3523 ²¹.
2560 3469 2744 3541 Neque
2768 3479 3026 3526 contexes
3050 3472 3103 3524 in
3136 3472 3299 3542 pallio
3329 3472 3512 3526 lanam

1939 3560 2205 3617 liuo.Non
2225 3563 2373 3617 coles
2396 3562 2447 3615 in
2471 3563 2589 3618 solo
2611 3572 2769 3617 terra:
2792 3570 2897 3616 tua:
2920 3564 3029 3618 duo
3049 3564 3208 3618 simul
3234 3562 3512 3618 fructuum

1940 3671 2160 3726 genera.
2179 3654 2366 3726 Neque
2387 3656 2470 3711 bis
2493 3671 2587 3725 per
2605 3671 2807 3709 annum
2822 3656 2886 3709 ".
2901 3674 2920 3708 ι
2942 3656 3156 3709 Animal
3177 3656 3401 3708 alterius
3420 3669 3513 3723 ge-

1940 3747 2089 3803 neris
2113 3763 2221 3802 non
2246 3746 2414 3801 facies
2433 3749 2581 3802 coire
2601 3762 2725 3802 cum
2748 3748 2920 3801 altero
2942 3747 3007 3801 ad
3032 3745 3426 3816 procreandum
3443 3749 3511 3801 ’³.

2016 3841 2156 3909 Quid
2195 3843 2308 3897 haec
2344 3843 2449 3897 sibi
2480 3844 2669 3897 volunt
2700 3842 3029 3913 aenigmata?
3061 3842 3208 3911 quod
3238 3843 3292 3895 in
3321 3843 3514 3897 eodem

1945 3934 2130 3987 animo
2155 3934 2345 3987 vitium
2393 3942 2447 3989 et
2502 3935 2758 3988 virtutem
2823 3949 3113 3989 conserere
3141 3936 3283 3989 inter
3312 3951 3371 3991 se
3407 3951 3518 3992 non

1948 4033 2224 4094 oporteat.
2275 4023 2408 4091 Quae
2439 4025 2809 4095 temperantia:
2865 4026 3107 4079 amicitia
3159 4035 3245 4081 est
3273 4042 3395 4080 cum
3433 4027 3517 4080 in-

252 4117 434 4186 σύνης
454 4116 596 4188 πρὸς
618 4117 830 4171 ἀδικίαν
846 4117 1086 4187 όμόνοια;
1112 4116 1197 4170 ἀεὶ
1208 4116 1269 4169 τὸ
1293 4116 1478 4189 ἕτερον
1494 4117 1813 4184 ὑπεξίστατα

1948 4116 2333 4170 continentia?
2370 4115 2500 4182 Qua:
2531 4115 2763 4185 justitize
2811 4116 3105 4169 concordia
3147 4125 3232 4170 est
3278 4133 3400 4170 cum
3434 4121 3519 4171 in-

246 4209 339 4279 τῷ
385 4207 583 4280 ἑτέρῳ.
618 4209 711 4261 Δεῖ
742 4204 836 4262 οὖν
865 4207 955 4262 τὸν
991 4207 1155 4278 σοφὸν
1192 4208 1461 4280 γεωργὸν,
1498 4208 1749 4280 καθάπερ
1780 4211 1813 4262 ὲτ

1944 4206 2157 4278 justitia
2182 4208 2205 4261 ?
2232 4207 2477 4260 Alterum
2510 4210 2729 4277 semper
2746 4206 2961 4260 decedit
2991 4207 3164 4260 altero
3202 4208 3515 4266 accedente.

246 4299 362 4368 τῆς
393 4302 581 4370 πηγῆς
611 4299 844 4369 ποτίμου
875 4299 970 4352 καὶ
1001 4298 1210 4370 ἀγαθῆς
1232 4340 1248 4365 ,
1294 4299 1512 4370 καθαρά
1560 4300 1813 4373 παραπέμ

1951 4299 2219 4366 Quocirca
2250 4298 2569 4368 prudentem
2619 4299 2911 4368 agricolam
2954 4304 3213 4366 tanquam
3239 4316 3269 4354 e
3291 4302 3519 4371 potabili

244 4402 388 4440 ⁶πειν
413 4386 510 4439 τοῦ
543 4385 660 4456 βίου
686 4388 755 4439 τά
784 4387 1031 4457 νάματα’
1060 4387 1197 4458 μόνα
1219 4386 1288 4442 τά
1320 4388 1412 4441 τοῦ
1442 4388 1576 4443 Θεοῦ
1604 4390 1813 4461 γεώργυ

1951 4399 2006 4445 et
2044 4391 2189 4445 bono
2217 4389 2365 4444 fonte
2392 4404 2562 4460 puros
2590 4391 2964 4445 transmittere
2997 4392 3120 4448 vitm
3178 4392 3328 4448 rivos
3357 4408 3523 4464 opor-

246 4478 477 4541 εἰδότα,
509 4477 606 4531 καὶ
637 4478 849 4542 τούτοις
877 4478 1134 4532 πονοῦντα
1169 4479 1256 4533 διὰ
1290 4479 1427 4551 βίου,
1462 4480 1556 4533 καὶ
1588 4479 1811 4551 παραμὲ

1953 4488 2051 4544 tet,
2091 4480 2308 4551 quippe,
2341 4483 2434 4550 qui
2482 4480 2597 4536 sola
2642 4478 2736 4535 Dei
2781 4482 2997 4536 novalia
3043 4482 3188 4537 culta
3234 4486 3409 4552 novit,
3436 4492 3525 4540 at-

245 4586 423 4623 νοντα
446 4583 462 4595 °
491 4569 642 4632 ὅπως
669 4569 772 4622 κᾶν
799 4569 1106 4639 ὑποφύηταί
1128 4587 1211 4633 τις
1237 4569 1384 4635 ξένος
1406 4570 1663 4642 λογισμὸς
1692 4571 1750 4624 ὲν
1771 4588 1813 4623 τι

1956 4589 2061 4644 que
2097 4574 2152 4628 in
2188 4574 2273 4629 bis
2300 4588 2397 4645 per
2424 4574 2590 4628 vitam
2612 4615 2628 4641 ,
2663 4573 2904 4630 laborem
2965 4576 3278 4645 impendere
3338 4592 3526 4648 perse-

244 4661 486 4734 κρυφίῳ
513 4660 617 4731 τῆς
649 4660 889 4733 ἀρετῆς,
908 4663 1037 4727 τοὺς
1074 4664 1200 4726 σοὺς
1230 4662 1355 4717 ίδὼν
1390 4663 1581 4728 πόνους
1617 4666 1645 4718 ό
1674 4664 1811 4718 πάντ

1957 4670 2149 4728 verat,
2211 4670 2272 4718 ut
2326 4663 2577 4733 quamvis
2631 4670 2857 4718 externa
2907 4671 2962 4720 et
3029 4665 3208 4720 aliena
3277 4666 3525 4736 quaedam

240 4752 433 4823 ὁρῶν,
472 4751 687 4820 ταχέως
727 4753 796 4821 τῇ
832 4749 1026 4804 ἑαυτοῦ
1060 4751 1283 4822 δυνάμει
1313 4751 1411 4824 τὴν
1443 4751 1673 4806 ὕπουλον
1701 4753 1813 4823 ῥίζα

1962 4756 2225 4828 cogitatio
2274 4754 2593 4825 subreperet
2619 4755 2672 4809 in
2698 4756 2916 4810 occulto
2967 4757 3209 4823 virtutis,
3259 4759 3351 4826 qui
3387 4759 3529 4813 videt

240 4845 377 4898 τῶν
407 4841 691 4912 λογισμῶν
717 4842 826 4914 πρὸ
847 4842 949 4912 τῆς
985 4842 1222 4914 βλάστης
1264 4846 1536 4915 ἐκτεμεῖν.
1573 4844 1708 4899 Οὐδὲ
1747 4844 1813 4913 γά

1959 4847 2166 4909 omnia,
2200 4855 2325 4901 tuos
2347 4847 2579 4899 intuitus
2611 4844 2848 4908 labores.
2882 4845 2993 4900 cito
3039 4861 3138 4899 sua
3172 4849 3346 4919 ipsius
3373 4857 3531 4919 pote-

240 4938 425 4991 ἐστιν
461 4935 729 5005 ἁμαρτεῖν
760 4932 858 5003 τῆς
890 4932 1124 4999 ἐλπίδος,
1158 4933 1277 4987 οὐδὲ
1303 4933 1652 5005 ἀνεκδίκητον
1680 4936 1813 5004 μεῖνε

1962 4945 2105 4989 state
2133 4935 2388 4989 latentem
2408 4932 2799 5003 cogitationum
2834 4932 3075 4987 radicem
3128 4942 3256 4990 ante
3310 4950 3531 5005 germen

232 5028 359 5082 τὸν
391 5024 482 5079 ἀεὶ
503 5021 911 5095 παρεδρεύοντα
936 5022 1017 5095 τῷ
1038 5022 1176 5094 Θεῷ.
1200 5024 1263 5078 Et
1286 5022 1342 5077 δὲ
1374 5026 1474 5095 τὴν
1500 5027 1557 5078 ὲν
1580 5023 1659 5095 τῷ
1685 5024 1813 5089 Eua:

1962 5024 2269 5083 exscindat.
2302 5021 2487 5093 Neque
2514 5025 2661 5078 enim
2698 5024 2779 5078 l‘as
2809 5032 2892 5078 est
2922 5039 2952 5077 a
2988 5041 3085 5095 spe
3115 5026 3398 5091 aberrare,
3432 5042 3532 5081 ne-

228 5118 439 5191 γελίῳ
470 5117 669 5187 χήραν,
712 5117 746 5187 ἥ
776 5117 1021 5187 προσῆγε
1064 5116 1165 5186 μὲν
1197 5116 1255 5169 οὐ
1297 5116 1663 5190 φιλανθρώπῳ
1698 5131 1813 5187 κριτ

1963 5129 2071 5183 que
2088 5114 2318 5167 inultum
2348 5127 2570 5168 manere
2598 5128 2723 5169 cum
2741 5113 2834 5183 qui
2860 5129 3077 5184 semper
3101 5115 3142 5168 Ν
3153 5118 3324 5170 nmini
3351 5116 3533 5169 adhae-

220 5211 311 5266 τὸ
356 5207 470 5277 τῆς
494 5205 712 5268 ἀδικίας
743 5204 975 5275 μέγεθος
1001 5246 1016 5272 ,
1045 5207 1078 5277 ἡ
1105 5204 1162 5258 δὲ
1192 5205 1359 5277 πολλὴ
1388 5207 1516 5278 περὶ
1542 5209 1642 5277 τὴν
1671 5205 1813 5277 δέησι

1962 5212 2067 5260 ret.
2092 5203 2248 5269 Quod
2273 5202 2319 5258 si
2356 5203 2599 5267 viduam,
2643 5220 2765 5273 quae
2796 5206 2851 5259 in
2906 5203 3201 5275 Evangelia
3258 5220 3534 5259 memora-

228 5301 445 5376 σχολὴ
478 5300 577 5352 καὶ
605 5298 876 5371 καρτερία
901 5299 1179 5371 νικήσασα
1209 5296 1302 5351 τοῦ
1334 5298 1587 5352 δικαστοῦ
1617 5299 1709 5354 τὸν
1741 5314 1813 5371 rp

1965 5305 2056 5351 tur
2074 5295 2141 5360 “,
2176 5294 2243 5349 ad
2269 5295 2508 5364 judicem
2538 5310 2648 5349 non
2714 5296 3008 5365 benignum
3042 5296 3269 5350 adduxit
3323 5297 3535 5367 injuriae

224 5414 400 5460 πον,
439 5392 672 5447 ικκαλεῖ
713 5392 850 5464 πρὸς
894 5390 994 5463 την
1033 5389 1130 5446 τοῦ
1163 5390 1515 5461 ἀδικήσαντος
1552 5391 1813 5463 τιμωρίαι

1965 5390 2323 5462 magnitudo,
2370 5398 2425 5446 et
2481 5390 2652 5445 multa
2702 5391 3042 5446 muliercula:
3106 5393 3158 5444 in
3224 5393 3538 5460 precatione

226 5492 330 5569 μὴ
372 5484 571 5541 ⁴εοίνυν
598 5482 734 5555 μηδὲ
778 5483 844 5536 σὺ
888 5482 1320 5555 προσευχόμενος
1362 5481 1620 5555 ἀπείπης.
1658 5483 1721 5536 Et
1750 5482 1813 5553 γὰ

1967 5480 2232 5539 sedulitas
2262 5494 2325 5535 ac
2355 5479 2782 5552 perseverantia,
2827 5479 3034 5551 judicis
3082 5480 3331 5537 moribus
3380 5494 3544 5552 supe-

323 5688 387 5721 ιο
440 5683 604 5741 Rom.
643 5700 685 5749 I,
738 5686 924 5742 28—39.
1027 5690 1069 5722 "
1112 5687 1257 5744 Psal.
1299 5704 1455 5751 xvur,
1499 5691 1585 5753 15,
1621 5690 1705 5745 14.

224 5765 287 5797 ³³
318 5754 518 5815 Deut.
552 5772 686 5825 nn,
717 5758 771 5813 9.
859 5759 906 5791 “
927 5758 1058 5816 Luc.
1093 5763 1245 5830 sint,
1278 5760 1313 5816 5
1341 5776 1462 5830 sqq.

1930 5689 2059 5748 Cor.
2102 5704 2186 5754 ιιι,
2222 5686 2313 5745 17.
2388 5687 2629 5762 ’ἤῡευι
2658 5703 2795 5754 nn,
2832 5689 2918 5747 10.
3011 5691 3054 5721 ²²
3096 5687 3271 5747 Levit.
3311 5706 3426 5757 xu,
3457 5686 3544 5744 19.
3650 5694 3657 5699 ’
