3896 6208
460 360 570 417 9.95

1639 417 1650 427 _
1686 353 1742 409 S.
1785 351 2114 410 οιιεοοῐιιι
2145 352 2441 409 NYSSENI

3612 359 3714 416 296

462 474 620 532 ratis.
653 471 829 543 ipsum
862 470 927 526 ad
960 469 1294 541 punitionem
1327 468 1450 539 ejus
1499 472 1591 539 qui
1630 470 1865 537 in}uritts
1921 468 2036 526 fue-

2141 473 2201 524 τὸ
2234 473 2448 544 ἐκείνης
2479 471 2605 543 περὶ
2654 470 2753 543 τὴν
2806 469 2989 541 δέησιν
3036 469 3284 536 ἀναιδὲς,
3321 470 3582 543 ἄρχοντος
3619 473 3715 525 ἀν-

462 572 549 618 rat
591 564 848 619 excitavit
882 582 895 618 :
934 577 1002 617 ne
1037 578 1168 617 vero
1207 571 1262 616 tu
1299 578 1517 633 quoque
1564 563 1617 615 in
1668 563 1876 614 orando
1927 562 2036 617 Dio

465 656 703 711 animum
756 654 1119 725 despondeas.
1159 653 1293 708 Nam
1355 656 1400 709 si
1436 655 1584 731 illius
1610 654 1788 707 viduae
1820 654 2036 709 invere-

465 745 663 801 cundia
721 747 773 799 in
832 745 1108 816 precando
1153 747 1507 815 magistratus
1551 744 1776 795 immitis
1819 753 2037 797 senten-

463 839 593 892 tiam
626 835 795 902 ﬂexit,
830 837 923 906 qui
956 853 1055 892 nos
1082 837 1136 891 in
1175 836 1356 891 studio
1395 840 1576 889 cultus
1614 833 1704 889 Dei
1747 834 2037 905 desperare

389 942 393 951 ‘
464 930 775 983 convenit?
816 929 988 999 Cujus
1035 927 1466 983 misericordiam
1530 942 1673 996 saepe
1749 935 2036 996 poscentes

464 1028 809 1075 autevertere
837 1023 1002 1075 nosti.
1048 1040 1067 1073 ι
1114 1020 1494 1084 ΑΞιιιιιΙειηὶυί,
1534 1040 1552 1071 ι
1600 1022 1774 1089 inquit
1803 1019 2038 1088 Aposto-

465 1114 573 1175 lus,
621 1131 639 1161 ι
679 1112 987 1181 spiritualia
1030 1106 1383 1167 charismata.
1432 1110 1494 1163 Et
1533 1112 1713 1166 adhuc
1740 1113 1821 1166 his
1850 1112 2037 1165 excel-

462 1206 745 1260 lentiorem
778 1206 922 1259 viam
955 1205 1112 1259 vobis
1145 1202 1377 1258 ostendo
1398 1203 1465 1256 “‘.
1524 1202 1580 1256 Si
1632 1204 1833 1273 linguis
1867 1204 2038 1258 homi-

464 1313 592 1350 num
635 1297 828 1365 loquar
866 1303 920 1350 et
955 1294 1293 1365 angelorum,
1338 1293 1662 1347 charitatem
1698 1302 1879 1347 autem
1924 1308 2035 1347 non

462 1389 712 1448 habeam,
743 1386 920 1440 factus
945 1400 1067 1439 sum
1110 1384 1260 1439 velut
1295 1399 1371 1439 ωε
1402 1399 1627 1446 sonans,
1675 1392 1770 1437 aut
1822 1385 2039 1455 cymba-

461 1479 572 1533 lum
603 1478 843 1531 tinniens
867 1479 933 1529 “.
967 1496 986 1529 ι
1014 1475 1169 1542 Quod
1204 1492 1331 1531 vero
1357 1476 1641 1529 charitatis
1684 1475 1892 1529 lucrum
1936 1476 2034 1541 sit,

463 1568 550 1623 hic
604 1570 883 1623 declarat:
917 1588 933 1619 ι
958 1568 1212 1623 Charitas
1254 1581 1362 1620 non
1409 1568 1717 1631 tumulatur,
1758 1582 1865 1620 non
1910 1582 2035 1636 per-

462 1672 644 1729 peram
681 1660 813 1729 agit.
860 1675 969 1712 non
1028 1656 1271 1722 inﬂatur,
1316 1673 1424 1711 non
1467 1667 1550 1713 est
1589 1660 1898 1720 ambitiosa,
1926 1675 2034 1714 non

460 1754 654 1816 quaerit
690 1762 811 1817 qua:
869 1762 967 1799 sua
1000 1757 1147 1811 sunt,
1182 1762 1290 1800 non
1348 1747 1625 1811 irritatur,
1672 1764 1779 1801 non
1834 1748 2036 1819 cogitat

2140 563 2335 633 ηλεοῦς
2383 563 2559 616 ἔκλινε
2598 562 2843 633 γνώμην,
2892 561 3007 625 πῶς
3032 563 3178 631 ἡμᾶς
3205 561 3310 633 χρὴ
3336 562 3436 631 τῆς
3464 563 3596 634 περὶ
3629 563 3719 616 τὸν

2143 654 2275 707 Θεὸν
2315 654 2623 723 ἀπογνῶναι
2661 656 2924 726 σπουδῆς;
2956 650 3030 711 Οῦ
3057 656 3117 709 τὸ
3151 656 3298 718 ἕλεος
3327 656 3550 725 φθάνειν
3574 652 3719 720 οἶδας

2143 744 2403 808 πολλάκις
2423 746 2547 809 τοὺς
2576 745 2878 811 αἰτοῦντας.
2911 765 2929 798 ι
2965 748 3217 819 Ζηλοῦτε,
3254 766 3272 799 ι
3303 747 3465 818 φησὶν
3489 748 3518 799 δ
3560 747 3720 800 Ἀπό-

2145 835 2358 899 στολος,
2395 853 2414 886 ι
2457 835 2526 889 τά
2560 837 2904 905 πνευματικά
2951 839 3304 909 χαρίσματα·
3344 839 3438 893 καὶ
3470 838 3553 891 ἔτι
3598 839 3719 892 καθ’

2145 923 2469 994 ὑπερϐολὴν,
2509 925 2626 977 ὁδον
2662 927 2790 995 ὑμῖν
2825 927 3093 998 δείκνυμι.
3141 928 3266 981 Ἐὰν
3298 929 3418 992 ταῖς
3444 926 3721 997 γλώσσαις

2142 1014 2250 1066 τῶν
2290 1015 2590 1087 ἀνθρώπων
2636 1017 2781 1070 λαλῶ
2832 1021 2927 1073 καὶ
2968 1020 3075 1073 τῶν
3115 1020 3382 1088 ἀγγέλων,
3414 1021 3639 1090 ἀγάπην
3666 1022 3722 1074 δὲ

2147 1103 2222 1174 μὴ
2246 1104 2373 1171 ἔχω,
2397 1107 2595 1173 γέγονα
2615 1108 2813 1177 χαλκὸς
2834 1110 3052 1180 ﬁxit-mi}
3080 1110 3357 1180 κύμϐαλον
3382 1110 3669 1176 ἀλαλάζον.
3696 1131 3715 1164 ι

2144 1196 2208 1247 Τί
2246 1196 2302 1249 δέ
2348 1196 2407 1250 τὸ
2447 1198 2633 1268 κέρδος
2674 1203 2773 1271 τῆς
2810 1201 3062 1273 ἀγάπης,
3103 1202 3352 1256 ἐντεῦθεν
3392 1203 3571 1272 δηλοῖ·
3611 1204 3722 1256 «Ἠ

2143 1287 2327 1356 ἀγάπη
2364 1288 2424 1339 ού
2455 1288 2628 1359 ζηλοῖ,
2647 1291 2706 1342 οὐ
2737 1291 3158 1362 περπερεύεται,
3193 1294 3254 1345 οὐ
3285 1293 3594 1361 φυσιοῦται,
3619 1296 3723 1346 οὐκ

2143 1380 2459 1448 ἀσχημονεῖ,
2488 1382 2547 1432 οὐ
2589 1382 2740 1452 ζητεῖ
2766 1384 2835 1436 τά
2862 1385 3079 1454 ἑαυτῆς,
3124 1385 3184 1437 ού
3227 1384 3612 1455 παροξύνεται,
3658 1387 3721 1438 οὐ

2144 1468 2416 1536 λογίζεται
2451 1472 2511 1525 τὸ
2538 1472 2705 1526 κακὸν
2733 1512 2747 1538 ,
2780 1475 2840 1527 ού
2872 1476 3051 1546 χαίρει
3084 1479 3149 1546 τῇ
3181 1476 3364 1546 ἀδικίᾳ
3386 1493 3399 1507 ·
3435 1478 3724 1547 συγχαίρει

2143 1558 2471 1633 τῇ’ἀληθείᾷ
2495 1601 2511 1624 ,
2542 1562 2719 1616 πάντα
2755 1564 2966 1632 στέγει,
2999 1564 3176 1617 πάντα
3217 1566 3491 1627 πιστεύει,
3536 1568 3721 1620 πάντα

2144 1651 2386 1716 ἐλπίζει,
2434 1654 2612 1708 πάντα
2653 1656 2933 1726 ὑπομένει·
2979 1659 3011 1727 ἡ
3048 1658 3234 1729 ἀγάπη
3272 1658 3528 1711 οὐδέποτε
3571 1659 3726 1711 ἐκπί-

2147 1761 2287 1797 πτει.
2318 1764 2337 1795 ι
2380 1744 2445 1797 Τί
2477 1745 2634 1799 τοῦτό
2670 1748 2852 1812 ἐστιν;
2896 1748 2958 1800 El
2988 1748 3080 1801 καὶ
3112 1749 3220 1801 τῶν
3248 1748 3421 1802 ἄλλων
3448 1766 3534 1811 τις
3566 1749 3721 1819 τύχοι

461 1839 687 1903 malum,
750 1854 858 1891 non
911 1838 1110 1907 gaudet
1150 1852 1319 1910 super
1359 1839 1670 1907 iniquitate,
1726 1840 2033 1909 congaudet

2140 1837 2508 1906 χαρισμάτων,
2552 1834 2628 1891 ὢν
2653 1838 2712 1892 τὸ
2740 1840 2963 1909 Πνεῦμα
3000 1839 3226 1911 παρέχει
3268 1838 3537 1908 (γλώσσας
3575 1840 3720 1908 λέγω

464 1930 697 1994 veritati,
731 1928 913 1981 omnia
935 1927 1150 1991 sulfert,
1176 1928 1361 1982 omnia
1392 1928 1587 1991 credit,
1622 1931 1805 1983 omnia
1828 1940 2031 1999 sperat.

461 2021 646 2073 omnia
672 2019 927 2074 sustinet.
954 2018 1207 2076 Charitas
1226 2035 1506 2089 nunquam
1534 2021 1737 2076 excidit
1759 2022 1825 2075 ³⁷.
1852 2039 1871 2071 ι
1894 2022 2033 2088 Quid

462 2112 563 2165 hoc
594 2112 670 2165 rei
696 2112 823 2166 est?
864 2109 1104 2165 Tametsi
1132 2112 1236 2165 alia
1263 2111 1388 2180 quis
1425 2111 1668 2165 obtineat
1707 2112 1871 2178 dona,
1914 2129 2036 2185 quae

462 2203 707 2270 Spiritus
730 2204 957 2273 priehet,
992 2202 1207 2272 linguas
1236 2202 1358 2255 dico
1401 2203 1669 2272 gentium,
1710 2212 1764 2257 et
1806 2208 2037 2275 praphe-

460 2296 611 2362 tiam,
637 2305 688 2348 et
714 2294 997 2349 scientiam
1030 2302 1085 2347 et
1118 2295 1466 2347 sanationum
1503 2308 1752 2356 munera,
1794 2298 2034 2351 nondum

462 2402 590 2440 vero
654 2401 790 2455 pure
851 2385 1113 2439 liberatus
1173 2383 1359 2448 fuerit,
1409 2382 1651 2454 Spiritus
1688 2387 1917 2450 auxilio,
1966 2389 2037 2442 ab

461 2478 865 2542 atlectionihus,
887 2492 1007 2546 quae
1034 2477 1180 2531 intus
1225 2478 1568 2545 perturbant,
1620 2493 1801 2548 neque
1840 2480 2036 2535 salutis

461 2572 759 2641 perfectum
795 2571 849 2624 in
877 2571 1059 2624 animo
1108 2570 1568 2624 medicamentum
1606 2572 1921 2640 acceperit;
1982 2573 2037 2626 in

461 2667 655 2719 timore
683 2679 846 2718 casus
875 2661 1055 2716 adhuc
1086 2662 1360 2723 consistit,
1403 2661 1532 2731 quia
1576 2661 1900 2716 charitatem
1926 2678 2036 2718 non

461 2754 645 2818 habet,
691 2768 815 2823 quae
840 2752 1051 2805 stabilit
1073 2759 1129 2805 et
1178 2750 1467 2804 confirmat
1502 2750 1555 2804 in
1602 2751 1821 2807 virtutis
1862 2763 2032 2808 statu.

460 2842 687 2908 Quando
715 2843 966 2913 igitnvrad
987 2850 1040 2896 te
1058 2841 1266 2896 venerit
1289 2841 1622 2911 precationis
1646 2843 1792 2897 illius
1814 2844 2039 2915 opulen-

460 2936 558 3000 tia,
594 2943 726 2989 tunc
768 2948 931 2988 sensu
970 2946 1176 3003 pauper
1194 2940 1332 2995 esto,
1356 2932 1690 2987 submittens
1720 2931 1770 2989 te
1799 2951 2037 3007 semper,

460 3034 512 3081 ct
556 3025 839 3093 charitatis
884 3030 1265 3078 ornamentum
1316 3031 1575 3094 tanquam
1622 3023 2036 3080 fundamentum

461 3117 677 3189 aliquod
718 3115 962 3171 thesauri
1007 3115 1195 3184 gratia:
1234 3115 1418 3168 animo
1459 3130 1808 3185 comparans,
1844 3123 1902 3170 et
1940 3116 2037 3169 ad-

460 3224 648 3265 versus
684 3224 898 3262 omnem
940 3193 1192 3261 affectum
1226 3216 1466 3266 certans,
1507 3220 1792 3278 quormque
1819 3208 1886 3260 ad
1923 3208 2035 3277 pie-

460 3298 587 3354 tatis
637 3305 847 3361 metam
882 3305 1099 3351 ventum
1136 3297 1260 3350 erit.
1308 3295 1521 3350 Rursus
1574 3296 1750 3366 inquit
1805 3298 2039 3367 Aposto-

459 3401 542 3444 tus
581 3407 594 3444 :
641 3407 659 3439 ι
696 3388 753 3441 Si
805 3403 925 3456 qute
973 3388 1029 3440 in
1082 3387 1303 3443 Christo
1352 3402 1487 3440 nova
1537 3397 1813 3451 creatura,
1854 3398 2037 3442 vetera

459 3480 791 3537 transierunt
813 3480 881 3535 ³⁸.
925 3497 946 3531 ι
1015 3479 1278 3533 Cteterum
1338 3494 1530 3533 novam
1578 3486 1884 3532 creaturam
1939 3494 2038 3548 ap-

460 3572 675 3644 pellavit
733 3570 968 3640 Spiritus
1026 3568 1201 3623 sancti
1254 3568 1737 3633 iuhahitationem,
1786 3569 1840 3622 in
1901 3585 2039 3638 puro

460 3674 511 3718 et
545 3663 822 3732 inculpato
859 3661 1023 3715 corde
1051 3660 1312 3730 omnique
1343 3660 1550 3713 malitia
1579 3666 1742 3729 atque
1778 3661 2040 3729 improbi-

461 3763 570 3810 tate
606 3770 668 3809 ac
701 3755 969 3809 dedecore
1000 3753 1194 3809 libero.
1234 3750 1369 3805 Nam
1406 3751 1629 3822 quando
1658 3753 1875 3807 animus
1909 3768 2036 3822 pec-

461 3854 641 3925 eatum
685 3847 811 3900 odio
853 3854 1180 3915 prosecutus
1234 3841 1420 3905 fuerit,
1448 3859 1512 3896 ac
1571 3859 1629 3899 se
1670 3859 1768 3913 pro
1822 3845 2036 3900 viribus

463 3938 679 3993 virtutis
718 3935 1181 3991 administrationi
1217 3934 1523 3999 tradiderit,
1570 3945 1732 4005 atque
1771 3951 1895 3990 cum
1929 3937 2038 3990 vita

455 4037 825 4085 commutatus
891 4029 1129 4098 Spiritus
1186 4028 1238 4081 in
1309 4041 1369 4081 se
1426 4027 1656 4093 gratiam
1713 4028 2030 4097 acreperit,

462 4137 641 4177 novus
673 4121 900 4175 eilcetus
931 4127 1015 4175 est
1054 4127 1224 4183 totus,
1250 4126 1303 4174 et
1330 4128 1616 4189 reparatus
1642 4126 1805 4189 atque
1827 4121 2037 4175 instan-

463 4224 631 4268 ratus.
671 4208 981 4276 Quinetiam
1013 4209 1178 4275 istud,
1210 4227 1229 4259 ι
1261 4206 1577 4277 Expurgate
1599 4215 1756 4262 vetus
1798 4208 2037 4264 fermen—

460 4313 612 4366 tum,
661 4310 720 4355 ut
763 4303 884 4356 sitis
927 4315 1068 4354 nova
1103 4301 1422 4368 eonspersio
1460 4299 1526 4365 ‘9,
1571 4319 1588 4350 ι
1644 4308 1697 4353 et
1742 4302 1846 4354 hoc
1900 4316 2036 4371 quo—

463 4409 586 4464 que,
627 4411 646 4444 ι
687 4392 1007 4463 Epulemur,
1040 4407 1150 4445 non
1206 4392 1260 4445 in
1294 4392 1565 4446 fermento
1599 4392 1789 4455 veteri,
1832 4393 1926 4447 sed
1982 4394 2034 4447 in

2136 1925 2328 1993 γενῶν,
2362 1928 2453 1980 καὶ
2487 1930 2842 2000 προφητείαν,
2882 1930 2977 1983 καὶ
3008 1930 3227 1998 γνῶσιν,
3277 1932 3371 1983 καὶ
3400 1932 3717 2001 χαρίσματα

2141 2020 2425 2090 ἰαμάτων),
2461 2020 2685 2090 μηδέπω
2711 2021 2767 2073 δὲ
2795 2021 3042 2093 λυτρωθῇ
3074 2021 3332 2093 καθαρῶς
3357 2023 3465 2076 άπὸ
3494 2025 3603 2076 τῶν
3632 2024 3716 2076 ἔνο

2135 2110 2223 2163 δον
2250 2110 2604 2180 ἐνοχλούντων
2648 2112 2833 2166 παθῶν
2878 2117 2944 2186 τῇ
2996 2112 3088 2167 τοῦ
3130 2115 3442 2184 Πνεύματος
3473 2115 3712 2186 βοηθείᾳ,

2141 2199 2274 2269 μηδὲ
2320 2201 2382 2255 τὸ
2422 2201 2627 2255 τ’έλειον
2659 2205 2759 2275 τῆς
2806 2203 3081 2275 σωτηρίας
3125 2205 3183 2258 ἐν
3217 2207 3280 2275 τῇ
3319 2205 3463 2274 ψυχῇ
3493 2205 3709 2273 δέξηται

2138 2288 2453 2361 φάρμακον·
2486 2294 2544 2345 ἐν
2584 2292 2734 2364 φόϐῳ
2777 2293 3113 2363 καθέστηκεν
3156 2295 3235 2347 ἔτι
3263 2295 3362 2365 τῆς
3409 2294 3667 2358 πτώσεως
3691 2336 3708 2359 ,

2136 2382 2234 2453 τὴν
2266 2383 2628 2453 στηρίζουσαν
2681 2385 2774 2438 καὶ
2819 2384 3142 2455 βεϐαιοῦσαν
3189 2388 3247 2438 ἐν
3279 2389 3346 2456 τῇ
3378 2387 3475 2457 τῆς
3512 2388 3710 2458 ἀρετῆς

2139 2474 2323 2528 στάσει
2373 2476 2447 2546 μὴ
2502 2476 2639 2546 ἔχων
2680 2477 2920 2548 ἀγάπην.
2944 2477 3116 2532 Ὅταν
3152 2473 3246 2531 οὖν
3298 2478 3423 2549 ἔλθῃ
3481 2480 3617 2551 πρὸς
3652 2482 3712 2533 σὲ

2136 2563 2235 2632 τῆς
2262 2563 2496 2633 δεήσεως
2523 2566 2738 2635 ἐκείνης
2773 2568 2808 2618 ό
2835 2566 3063 2631 πλοῦτος
3081 2609 3096 2632 ,
3130 2568 3250 2621 τότε
3277 2568 3428 2637 γίνου
3457 2568 3535 2639 τῷ
3575 2586 3709 2640 φρο-

2138 2653 2341 2723 νήματι
2376 2654 2563 2724 πένης,
2595 2656 2915 2709 ὑποπίπτων
2966 2657 3094 2720 ἀεὶ,
3140 2658 3236 2710 καὶ
3262 2658 3323 2711 τὸ
3369 2659 3467 2729 τῆς
3493 2661 3711 2729 ἀγάπης

2138 2742 2320 2810 καλὸν,
2351 2744 2540 2817 ὥσπερ
2572 2745 2692 2799 τινὰ
2726 2747 2967 2818 κρηπίδα
3001 2747 3094 2801 τοῦ
3131 2748 3230 2817 τῆς
3265 2748 3482 2820 χάριτος
3513 2749 3711 2820 θησαυ-

2142 2836 2257 2907 ροῦ,
2302 2838 2613 2909 προσδοκῶν
2638 2843 2705 2911 τῇ
2738 2840 2909 2911 ψυχῇ,
2944 2840 3038 2893 καὶ
3076 2840 3211 2911 πρὸς
3239 2842 3344 2893 πᾶν
3373 2840 3709 2910 ἀγωνιζόμεο

2137 2945 2228 2991 νος
2273 2929 2473 2995 πάθος,
2512 2932 2672 3003 μέχρι
2713 2931 2806 2985 τοῦ
2839 2932 3118 3000 ἐφικέσθαι
3156 2934 3249 2987 τοῦ
3294 2934 3392 3003 τῆς
3432 2932 3713 2995 εὐσεδείας

2141 3021 2364 3074 σκοποῦ.
2390 3021 2557 3074 Πάλιν
2580 3022 2743 3091 φησὶν
2758 3021 2786 3073 ὁ
2818 3022 3134 3086 Ἀπόστολος
3151 3039 3164 3052 ·
3193 3042 3211 3074 ι
3234 3024 3300 3075 Εἴ
3313 3039 3399 3087 τις
3419 3025 3477 3076 ἐν
3496 3020 3717 3094 Χριστῷ

2141 3112 2300 3182 καινὴ
2331 3111 2522 3177 κτίσις,
2546 3113 2614 3181 τά
2640 3113 2843 3184 ἀρχαῖα
2862 3114 3125 3184 παρῆλθε.
3159 3132 3177 3164 ι
3215 3112 3421 3183 Καινὴν
3454 3112 3511 3165 δέ
3536 3114 3718 3166 κτίσιν

2140 3202 2365 3256 ἐκάλεσε
2387 3202 2483 3274 τὴν
2501 3206 2558 3257 ἐν
2585 3202 2801 3275 καθαρᾷ
2822 3205 2915 3257 καὶ
2936 3203 3150 3275 ἀμώμῳ
3176 3204 3391 3275 καρδία,
3420 3204 3513 3257 καὶ
3536 3203 3722 3273 πάσης

2138 3295 2532 3367 άπηλλαγμένῃ
2584 3296 2782 3360 κακίας
2829 3296 2924 3350 καὶ
2965 3296 3229 3367 πονηρίας
3274 3295 3369 3348 καὶ
3411 3295 3720 3366 αἰσχύνης,

2137 3388 2410 3457 ἐνοίκησιν
2440 3386 2532 3440 τοῦ
2568 3387 2724 3455 ἁγίου
2781 3387 3119 3459 Πνεύματος.
3172 3387 3338 3440 Ὅταν
3369 3387 3478 3458 γὰρ
3508 3388 3720 3458 pic-qq

2143 3479 2241 3550 μὲν
2279 3480 2311 3550 ἡ
2342 3478 2488 3549 ψυχὴ
2515 3479 2575 3531 τὸ
2604 3479 2939 3550 ἁμαρτάνειν
2964 3520 2979 3545 ,
3009 3479 3265 3552 οίκειώσῃ
3293 3480 3349 3533 δέ
3378 3480 3544 3550 αὐτὴν
3572 3482 3723 3532 κατὰ

2138 3572 2366 3642 δύναμιν
2404 3575 2468 3643 τῇ
2499 3573 2595 3642 τῆς
2626 3572 2831 3644 άρετῆς
2864 3572 3128 3643 πολιτείᾳ,
3158 3572 3253 3626 καὶ
3284 3571 3503 3642 δέξηται
3544 3588 3725 3641 μετα-

2139 3662 2424 3732 ποιηθεῖσα
2459 3661 2538 3731 τῷ
2569 3661 2668 3732 βίῳ
2696 3661 2793 3732 τὴν
2820 3661 2913 3714 τοῦ
2947 3661 3261 3733 Πνεύματος
3296 3664 3373 3724 είς
3396 3661 3593 3730 ἑαυτὴν
3618 3662 3724 3732 χά-

2141 3770 2245 3825 ριν,
2278 3754 2437 3823 καινὴ
2466 3753 2680 3821 γέγονεν
2702 3752 2819 3823 ὅλη,
2846 3753 2941 3805 καὶ
2961 3752 3277 3823 άνεκτίσθη.
3316 3750 3475 3805 Ἀλλά
3505 3752 3602 3805 καὶ⁵
3632 3754 3720 3817 τὸ,

2144 3863 2165 3895 ι
2236 3842 2610 3914 Ἐκκαθάρατε
2654 3842 2753 3913 τὴν
2795 3841 3033 3897 παλαιάν
3089 3842 3288 3914 ζύμην,
3335 3843 3420 3896 ἵνα
3450 3838 3546 3913 ἦτε
3587 3843 3722 3895 νέον

2139 3934 2366 4006 φύραμα
2386 3951 2401 3967 ·
2442 3953 2461 3985 ι
2491 3933 2586 3987 καὶ
2625 3933 2706 3997 τὸ,
2734 3952 2753 3985 ι
2807 3933 3205 4006 Ἐορτάζωμεν,
3242 3934 3317 4006 μὴ
3343 3936 3401 3988 ἐν
3431 3934 3577 4007 ζύμῃ
3606 3949 3729 3986 πα.

2137 4027 2290 4097 λαιᾷ,
2324 4026 2435 4081 ἀλλ’
2468 4028 2525 4078 ἐν
2553 4026 2783 4097 ἀζύμοις
2831 4026 3180 4097 εἱλικρινείας
3226 4028 3319 4081 καὶ
3359 4027 3641 4097 ἀληθείας,
3696 4046 3723 4080 ι

2136 4121 2246 4181 τοῖς
2281 4119 2407 4189 περὶ
2438 4118 2534 4187 τῆς
2569 4118 2758 4189 καινῆς
2792 4116 3022 4181 κτίσεως
3070 4118 3381 4190 εἰρημένοις
3412 4120 3722 4187 συμφωνεῖ.

2138 4210 2370 4274 Πολλοὺς
2404 4211 2501 4281 μέν
2533 4210 2641 4282 γάρ
2686 4211 2898 4282 εστησιν
2940 4212 2970 4263 ὁ
3004 4210 3265 4283 πειρατὴς
3296 4212 3362 4281 τῇ
3391 4211 3538 4282 ψυχῇ
3588 4212 3727 4282 βρό-

2136 4320 2296 4373 χους*
2352 4302 2590 4356 ἐλάττων
2621 4303 2677 4356 δέ
2716 4303 2837 4356 καθ’
2885 4302 3082 4373 ἑαυτὴν
3125 4302 3502 4375 ήάνθρωπίνη
3552 4304 3727 4372 φύσις

2136 4395 2235 4465 τῆς
2284 4397 2402 4447 κατ’
2460 4395 2670 4447 ἐκείνου
2715 4394 2892 4466 νίκης.
2948 4394 3039 4447 Διὸ
3087 4393 3179 4447 καλ⁸
3224 4394 3462 4459 ὁπλίζειν
3503 4396 3654 4465 ἡμᾶς
3692 4399 3725 4448 ὁ

463 4486 662 4558 azymis
700 4484 1035 4541 sinceritatis
1069 4492 1123 4538 et
1150 4483 1396 4538 veritatis
1417 4483 1485 4550 ³ο,
1531 4503 1548 4536 ι
1589 4484 1736 4547 haec,
1775 4485 2031 4555 inquam,

2151 4486 2470 4550 ’Λπόστολος
2515 4485 2726 4539 κελεύει
2753 4486 2823 4539 τὰ
2873 4486 3011 4557 μέλη
3044 4488 3156 4548 τοῖς
3189 4486 3457 4557 οὐρανίοις
3490 4485 3683 4550 ὅπλοις
3706 4529 3723 4552 ,

463 4596 583 4635 eum
613 4580 702 4643 iis,
729 4593 851 4649 quae
882 4577 950 4632 de
978 4591 1118 4630 nova
1153 4584 1409 4631 creatura
1453 4576 1599 4630 dicta
1633 4586 1785 4644 sunt,
1841 4594 2039 4634 conso-

463 4677 611 4725 nant.
661 4669 950 4723 Enimvero
1015 4668 1219 4722 multos
1282 4675 1524 4722 tentatur
1586 4669 1781 4725 animae
1841 4679 2041 4727 nostra:

463 4772 685 4833 laqueos
718 4760 927 4816 tendit:
961 4760 1231 4813 inﬁrmior
1266 4770 1445 4815 autem
1475 4768 1557 4816 est
1587 4776 1685 4830 per
1720 4778 1779 4816 se
1804 4763 2040 4818 humana

462 4863 656 4909 natura
694 4868 858 4925 quam
902 4861 962 4908 ut
1000 4851 1289 4906 victoriam
1335 4867 1401 4906 ex
1447 4852 1541 4907 illo
1591 4864 1872 4923 reportare
1909 4871 2039 4926 pos-

464 4946 553 5002 sit.
620 4945 834 4999 Idcirco
896 4943 1060 4999 etiam
1102 4943 1401 5013 Apostolus
1463 4960 1679 4999 arruare
1728 4961 1829 5000 nos
1881 4947 2036 5014 juhet

464 5036 705 5094 membra
763 5037 930 5091 armis
985 5036 1352 5091 caelestibus:
1402 5053 1420 5085 ι
1477 5033 1712 5101 induite,
1758 5056 1777 5089 ι
1835 5038 2033 5111 inquit,

465 5152 486 5185 ι
532 5132 759 5186 loricam
795 5129 1041 5199 justitize,
1073 5136 1127 5184 et
1161 5129 1404 5183 ealceate
1443 5128 1613 5199 pedes
1651 5130 1705 5183 in
1762 5146 2068 5202 praepara-,

463 5229 611 5282 tione
654 5222 931 5293 Evangelii
990 5221 1186 5292 pacis;
1239 5227 1292 5275 et
1340 5227 1483 5276 state
1519 5222 1787 5278 succincti
1824 5223 2039 5281 lumbos

465 5325 676 5374 vestros
711 5315 765 5369 in
789 5313 1034 5369 veritate.
1070 5309 1129 5364 lu
1169 5310 1427 5367 omnibus
1488 5321 1770 5370 sumentes
1819 5326 2038 5373 scutum

443 5409 609 5476 ‘lidei,
645 5409 702 5462 in
741 5421 851 5478 quo
874 5403 1103 5475 possitis
1130 5403 1318 5457 omnia
1352 5403 1459 5459 tela
1490 5406 1816 5476 nequissimi
1877 5408 2036 5478 ignea

463 5500 811 5569 exstinguere
834 5498 902 5552 “.
944 5515 964 5549 ι
997 5494 1159 5567 (llam
1189 5510 1319 5551 vero
1349 5503 1478 5552 sunt
1506 5497 1835 5568 impotentes
1869 5501 2036 5556 animi

465 5591 686 5661 motus.)
726 5589 928 5646 Deinde
958 5589 1168 5660 galeam
1213 5588 1408 5643 salutis
1447 5602 1728 5645 assumere
1762 5591 2033 5657 hortatur,

532 5704 577 5735 "
617 5702 631 5755 Ι
672 5702 797 5755 Cor.
854 5715 954 5760 ιιι,
995 5697 1082 5751 51.
1188 5698 1234 5729 ’⁸
1267 5695 1429 5751 lCor.
1470 5713 1566 5763 xu,
1596 5697 1699 5765 5|;
1744 5713 1864 5766 xm,
1896 5700 1946 5756 1.

465 5776 509 5811 ⁸ο
537 5774 669 5830 ibid.
703 5772 755 5826 8.
835 5770 876 5801 ³¹
903 5769 1096 5835 Ephes.
1131 5782 1206 5834 γι,
1243 5766 1311 5822 15
1340 5782 1461 5835 sqq.

2051 5705 2094 5737 "
2131 5704 2150 5761 1
2184 5704 2313 5761 Cor.
2349 5720 2469 5770 χιιι,
2507 5702 2625 5758 4-8.

2135 4575 2225 4628 τὸν
2274 4575 2496 4647 θώρακα
2539 4577 2640 4646 τῆς
2688 4575 3052 4646 δικαιοσύνης.
3082 4575 3252 4644 λέγων
3276 4593 3289 4608 ·
3326 4595 3344 4628 ι
3370 4575 3726 4641 Ἐνδύσασθε,

2133 4667 2227 4719 καὶ
2258 4665 2597 4719 ὑποδύσασθε
2626 4668 2684 4719 ἐν
2715 4667 3003 4738 ἑτοιμασίᾳ
3035 4668 3134 4738 τῆς
3162 4670 3403 4738 εἰρήνης,
3430 4669 3525 4721 καὶ
3557 4687 3729 4740 περι-

2136 4755 2382 4822 ζώσασθε
2407 4756 2503 4829 τὴν
2528 4758 2698 4826 ὀσφὺν
2731 4759 2789 4812 ὲν
2814 4758 3064 4830 ἀληθείᾳ.
3104 4760 3227 4814 Ἐπὶ
3255 4761 3392 4814 πᾶσι
3422 4761 3479 4814 δὲ
3506 4762 3594 4814 τὸν
3630 4762 3732 4815 θυι

2140 4851 2258 4920 ρεὸν
2289 4850 2387 4922 τῆς
2417 4850 2650 4913 πίστεως
2684 4849 3069 4918 ἀναλαϐόντες,
3117 4852 3411 4923 δυνήσεσθε
3438 4853 3617 4906 πάντα
3654 4855 3732 4906 τά

2140 4942 2271 5013 βέλη
2299 4942 2391 4997 τοῦ
2429 4942 2672 5014 Πονηροῦ
2709 4942 2779 4996 τά
2820 4943 3191 5015 πεπυρωμένα
3228 4944 3450 5021 σϐέσαι·
3493 4962 3513 4995 ι
3546 4943 3727 4997 ταῦτα

2139 5035 2197 5089 δέ
2222 5038 2334 5089 ἐστι
2368 5035 2438 5089 τὰ
2469 5035 2742 5089 ἀκόλαστα
2781 5034 2951 5106 πάθη.
2996 5037 3107 5089 Καὶ
3153 5036 3253 5106 τὴν
3290 5034 3725 5106 περικεφαλαίαν

2139 5127 2391 5193 δέξασθαι
2419 5127 2513 5181 τοῦ
2543 5128 2813 5201 σωτηρίου
2839 5130 3147 5200 παρεγγυᾷ,
3175 5129 3269 5183 καὶ
3296 5129 3392 5199 τὴν
3421 5130 3582 5196 ἁγίαν
3621 5131 3727 5199 μάο

2142 5237 2337 5292 χαιραν
2355 5218 2447 5273 τοῦ
2474 5219 2611 5272 Πνεύ
2621 5238 2808 5291 ματος.
2832 5219 3047 5289 Ταύτην
3066 5220 3123 5273 δὲ
3143 5219 3293 5289 λέγει
3312 5220 3402 5274 τὸν
3420 5221 3477 5272 ἐν
3492 5219 3727 5291 δυνάμει

2142 5311 2277 5366 Θεοῦ
2305 5313 2500 5381 Λόγον,
2539 5305 2583 5380 ᾧ
2612 5313 2719 5385 χρὴ
2743 5315 2841 5383 τὴν
2872 5310 3051 5376 δεξιὰν
3081 5313 3180 5382 τῆς
3216 5311 3395 5383 ψυχῆς
3421 5311 3726 5366 ὁπλίσαντα

2144 5404 2241 5468 τὰς
2261 5403 2351 5458 τοῦ
2382 5403 2606 5474 Ἐχοροῦ
2639 5402 2886 5475 μηχανὰς
2901 5402 3322 5473 ἀποκρούεσθαι.
3340 5403 3501 5473 Ὁρᾷς
3524 5400 3730 5464 πόσους

2144 5498 2389 5563 ὑπέδειξέ
2415 5516 2497 5553 σοι
2525 5497 2624 5568 τῆς
2658 5498 2929 5569 σωτηρίας
2949 5498 3186 5568 τρόπους
3210 5500 3238 5551 ὀ
3271 5495 3617 5558 Ἀπόστολος,
3647 5496 3733 5559 είς

2147 5592 2274 5664 μίαν
2304 5592 2575 5653 τείνοντας
2597 5590 2734 5658 ὁδὸν,
2761 5591 2854 5642 καὶ
2877 5591 3079 5644 σκοπὸν
3113 5591 3243 5654 ἓνα;
3274 5591 3332 5643 ὲν
3361 5586 3444 5653 οἷς
3467 5588 3562 5642 καὶ
3583 5589 3716 5658 πλη.

2720 5704 2767 5737 ”
2800 5701 2845 5757 11
2871 5702 2997 5760 Cor.
3038 5719 3089 5771 v,
3121 5704 3208 5758 17.
3302 5705 3347 5737 ’⁸
3372 5704 3388 5759 1
3418 5703 3546 5760 Cor.
3578 5719 3634 5769 γ,
3669 5703 3735 5758 7.

3555 5917 3583 5933 δ
