3896 6208
193 97 231 136 /

217 322 325 380 εστ
1363 313 1451 368 οε
1506 309 1882 368 tNSTlTUTO
1922 310 2362 373 cunlsrtaxo.
2454 284 2459 289 ’
3388 316 3493 373 998

224 440 417 514 ροῦται
442 437 638 511 ῥᾳδίως
664 436 695 489 6
721 434 860 507 πρὸς
890 435 950 489 τὸ
971 435 1139 506 ἄκρον
1165 434 1270 487 τῶν
1310 432 1537 487 ἐντολῶν
1566 430 1659 485 τοῦ
1691 429 1804 500 βίου

1913 444 1972 483 ac
2005 440 2256 485 sanctum
2310 430 2550 500 Spiritus
2584 430 2841 501 gladium.
2896 430 3053 486 llunc
3098 438 3275 486 autem
3339 429 3490 493 dicit,

220 534 446 607 δρόμος,
1923 519 2162 576 Verbum
2194 522 2249 576 in
2280 522 2482 578 virtute
2518 521 2632 582 Dei.
2671 537 2781 591 quo
2805 521 2962 577 decet
2994 523 3189 577 animae
3241 522 3490 577 dextram

225 630 493 677 armatam
526 619 703 675 hostis
765 617 1006 673 fabricas
1066 615 1364 672 discutere.
1435 613 1675 669 Videsne
1705 617 1839 682 quot
1876 611 2073 666 salutis
2101 612 2295 668 modos
2350 614 2647 684 Apostolus
2678 615 2775 668 tibi
2825 616 3214 679 subindicarit,
3248 614 3343 685 qui
3420 614 3488 668 ad

224 729 391 769 unam
419 712 582 779 viam,
614 710 976 780 eamdemque
999 715 1196 763 metam
1221 706 1490 772 tendunt;
1518 706 1573 760 in
1602 703 1805 775 quibus
1844 700 2005 757 facile
2040 704 2160 757 vita:
2201 704 2560 771 curriculum,
2620 705 2766 774 quod
2825 707 2891 760 ad
2944 705 3328 761 mandatorum
3393 703 3489 759 Dei

221 807 432 877 apicem
464 812 698 874 spectat,
734 801 1006 871 expletur.

304 898 361 951 '0
410 897 511 968 μὲν
564 891 660 949 οὖν
704 893 905 957 σκοπὸς
952 891 1051 962 τῆς
1096 887 1378 952 εὐσεϐείας
1421 887 1677 949 τοιοῦτος.
1718 886 1804 937 Δεῖ

1989 884 2175 956 Itaque
2204 886 2475 955 ejusmodi
2529 895 2615 943 est
2659 888 2876 959 pietatis
2908 903 3128 959 scopns.
3177 886 3285 943 Eos
3328 904 3490 959 porro

222 988 279 1042 δὲ
333 990 462 1052 τοὺς
528 986 842 1057 φιλοσοφεῖν
892 982 1200 1051 ἐγνωκότας
1228 1021 1244 1044 ,
1302 978 1544 1051 ἀκριϐῶς
1611 977 1807 1037 εἰδέναι

219 1077 383 1132 αὐτὸν
406 1117 422 1142 ,
488 1077 638 1139 ὅπως
691 1074 889 1146 ρίψωσι
950 1074 1046 1145 μὲν
1090 1072 1304 1141 ξπάντες
1353 1069 1453 1141 τὴν
1498 1067 1804 1130 αὐθάδειαν,

220 1170 317 1223 καὶ
354 1169 418 1222 τὸ
455 1168 598 1239 μέγα
630 1167 848 1235 φρονεῖν
879 1165 971 1217 ἐπὶ
1004 1165 1118 1226 τοῖς
1150 1159 1539 1232 κατορθώμασι
1561 1176 1575 1189 ο
1612 1158 1712 1227 τήν
1744 1173 1803 1208 τε

221 1261 432 1316 ἑαυτῶν
458 1258 634 1329 ψυχὴν
669 1256 811 1329 μετὰ
837 1256 933 1310 τοῦ
968 1254 1084 1326 βίου
1115 1253 1516 1325 ἀρνησάμενοι,
1546 1250 1682 1322 πρὸς
1709 1248 1804 1301 ἕνα

224 1352 463 1423 βλέπωσι
490 1348 721 1403 πλοῦτον
743 1364 758 1379 θ
791 1346 851 1400 ὃν
887 1346 985 1416 τῆς
1015 1345 1095 1407 εἰς
1122 1342 1359 1414 Χριστὸν
1387 1341 1608 1411 ἀγάπης
1642 1335 1803 1393 ἆθλον

218 1445 333 1504 τοῖς
355 1439 644 1508 ἀγαπῶσιν
677 1437 880 1491 ἔδωκεν
904 1436 934 1487 6
971 1434 1133 1498 Θεὸς,
1164 1432 1348 1495 καθώς
1384 1447 1549 1502 φησιν
1579 1432 1607 1484 6
1645 1428 1805 1491 αὐτὸς

232 1532 574 1594 ’Δπόστολοςσ
616 1548 635 1582 ι
677 1530 757 1583 Δι’
786 1526 1064 1598 ὑπομονῆς
1087 1524 1371 1597 τρέχωμεν
1395 1523 1485 1576 τὸν
1509 1520 1804 1592 προκείμε-

218 1643 313 1679 νον
340 1627 472 1696 ἡμῖν
493 1623 702 1692 ἀγῶνα,
734 1620 1046 1692 ἀφορῶντες
1073 1620 1153 1683 είς
1183 1618 1275 1670 τὸν
1305 1616 1403 1686 τῆς
1438 1614 1674 1675 πίστεως
1706 1612 1805 1680 ἀρ-

221 1715 391 1785 χηγὸν
440 1712 537 1767 καὶ
586 1710 873 1782 τελειωτὴν
917 1708 1144 1780 Ἰησοῦν.
1208 1725 1227 1760 ι
1268 1704 1357 1776 Μὴ
1398 1699 1492 1757 οὖν
1544 1705 1656 1765 τοῖς
1708 1699 1802 1753 τοῦ

222 1805 546 1875 Πνεύματος
565 1803 875 1875 δωρήμασιν
895 1797 1269 1871 ὲπαιρώμεθα,
1298 1797 1392 1850 καὶ
1412 1794 1492 1866 τῷ
1522 1792 1804 1865 κατορθῶ-

220 1894 321 1950 σαί
352 1913 407 1948 τι
433 1894 501 1946 δι’
535 1892 751 1965 ἀρετὴν,
782 1889 1038 1962 ἀφορμὴν
1078 1888 1333 1958 λάϐωμεν
1375 1887 1456 1949 είς
1496 1885 1556 1939 τὸ
1584 1887 1802 1956 φρονεῖν

218 1988 318 2040 καὶ
365 1984 748 2056 σεμνύνεσθαι,
779 1983 911 2051 πρὶν
950 1981 1125 2034 ἐλθεῖν
1153 1981 1233 2044 εἰς
1271 1978 1423 2042 τέλος
1449 1976 1557 2030 τῶν
1586 1974 1802 2039 ἐλπιζο-

1914 976 2008 1044 qui
2066 991 2208 1031 vera:
2259 978 2536 1048 sapientia:
2602 980 2784 1036 studio
2852 981 3169 1034 incumbere
3232 979 3492 1036 decreve-

1913 1078 2059 1131 runt,
2093 1070 2263 1140 probe
2286 1071 2435 1133 hanc
2465 1080 2667 1126 metam
2727 1072 2871 1128 scire
2900 1082 3133 1144 Oportet,
3176 1080 3237 1127 ut
3273 1088 3489 1128 omnem

1912 1162 2111 1217 fastum
2169 1171 2222 1218 et
2265 1164 2633 1233 arrogantiam
2670 1164 2965 1234 ahjiciant,
2999 1181 3177 1234 neque
3229 1166 3300 1220 ob
3344 1172 3492 1221 recte

1910 1251 2050 1306 facta
2119 1254 2472 1323 superbiant;
2536 1262 2590 1309 et
2651 1268 2773 1309 cum
2845 1254 3085 1308 animam
3146 1271 3301 1310 suam
3366 1269 3488 1309 cum

1912 1343 2023 1396 vita
2084 1343 2497 1413 abnegaverinl,
2564 1342 2632 1397 ad
2695 1358 2859 1397 unam
2912 1344 3247 1413 opulentiam
3298 1344 3489 1398 oculos

1909 1432 2233 1501 conjiciunt,
2287 1448 2450 1502 quam
2516 1432 2658 1488 Deus
2716 1433 3002 1503 praemium
3081 1433 3368 1489 charitatis
3434 1434 3485 1487 in

1907 1524 2189 1578 Christum
2249 1525 2524 1580 concessit
2581 1525 2924 1590 amantibus,
2990 1524 3137 1579 sicut
3190 1525 3486 1594 Apostolus

1905 1614 2025 1684 ipse
2051 1615 2205 1677 dicit,
2240 1634 2260 1667 ι
2296 1615 2400 1671 Per
2448 1616 2767 1686 patientiam
2809 1630 3099 1671 curramus
3147 1619 3486 1688 propositum

1906 1706 2066 1760 nobis
2096 1717 2371 1761 certamen
2394 1748 2408 1772 ,
2444 1707 2776 1777 aspicientes
2809 1707 2862 1760 in
2896 1714 3177 1761 auctorem
3232 1707 3375 1769 ﬁdei,
3432 1716 3488 1762 et

1907 1808 2404 1852 consummatorem
2478 1798 2665 1863 Jesum
2690 1799 2759 1853 ²¹.
2805 1818 2825 1851 ι
2882 1797 2962 1855 Ne
3030 1799 3197 1870 igitur
3248 1798 3486 1870 Spiritus

1911 1889 2085 1943 sancti
2129 1890 2450 1945 muneribus
2484 1890 2834 1956 extollantur,
2862 1897 2916 1946 et
2950 1906 3016 1946 ex
3051 1906 3116 1947 eo
3156 1890 3301 1961 quod
3338 1900 3488 1945 recte

1911 1981 2185 2049 egerimus
2223 1996 2319 2050 per
2344 1982 2627 2041 virtutem,
2675 1983 3023 2038 occasionem
3092 1982 3269 2040 fastus
3307 1995 3359 2039 et
3392 1999 3488 2041 su-

222 2079 403 2151 μένων
426 2094 440 2108 ·
477 2078 568 2131 ἴνα
596 2077 671 2148 μὴ
700 2076 1026 2145 ἐκπέσωμεν
1064 2072 1166 2143 τῆς
1194 2071 1368 2143 ὁρμῆς
1391 2111 1405 2135 ,
1432 2069 1649 2140 ἀχρεῖον
1675 2067 1803 2119 ἑαυ-

1914 2073 2114 2142 pcrbia:
2145 2088 2449 2136 sumamus,
2483 2074 2804 2144 priusquam
2840 2076 2907 2130 ad
2941 2077 3102 2131 finem
3143 2092 3331 2132 eorum
3363 2093 3484 2148 quae

217 2176 332 2236 τοῖς
356 2171 451 2224 τὸν
487 2168 829 2242 προλαϐόντα
859 2168 1022 2222 πόνον
1053 2168 1122 2237 τῇ
1163 2161 1420 2231 αὐθαδείᾳ
1450 2162 1796 2231 ποιήσαντες,

216 2265 315 2317 καὶ
355 2261 566 2325 ἀνάξιοι
607 2257 871 2329 φανέντες
905 2256 1006 2326 τῆς
1045 2256 1401 2324 τελειότητος,
1437 2251 1517 2314 είς
1550 2250 1619 2319 ἢν
1645 2250 1679 2319 ἠ
1709 2246 1804 2300 τοῦ

214 2353 540 2424 Πνεύματος
569 2352 715 2422 ἡμᾶς
739 2344 890 2404 εἷλκε
918 2349 1095 2420 χάρις.
1122 2346 1292 2400 Τοῦτό
1324 2347 1440 2398 ἐστι
1474 2340 1805 2413 κατόρθωμα

215 2447 365 2516 μέγα
396 2444 713 2514 φιλοσοφίας
744 2442 805 2496 τὸ
834 2440 1004 2513 μέγαν
1027 2439 1156 2494 ὄντα
1174 2480 1188 2495 .
1210 2477 1224 2492 .
1252 2478 1266 2492 .
1290 2478 1305 2491 .
1324 2439 1436 2500 τοῖς
1470 2435 1598 2505 γὰρ.
1621 2472 1635 2487 .
1660 2473 1673 2487 .
1707 2472 1722 2486 .
1748 2472 1761 2485 .
1787 2470 1802 2484 .

214 2538 345 2592 σθαι
375 2540 442 2609 τῇ
493 2536 713 2607 καρδία,
757 2534 852 2589 καὶ
900 2530 1329 2601 καταγινώσκειν
1374 2526 1468 2581 τοῦ
1518 2526 1629 2597 βίου
1655 2566 1669 2591 ,
1729 2524 1804 2596 μὴ

214 2629 366 2700 ἔχειν
399 2633 460 2684 ὲν
497 2628 577 2699 τῷ
601 2627 858 2682 συνειδότι
883 2625 1031 2690 ἄξιον
1060 2622 1250 2678 ἑαυτὸν
1282 2619 1639 2692 πεποιηκέναι
1663 2614 1801 2687 Θεῷ.

1911 2175 2201 2233 sperantur
2232 2165 2542 2229 veniamus,
2578 2174 2637 2219 ut
2671 2182 2740 2221 ne
2769 2167 3089 2224 excidamus
3116 2183 3145 2221 a
3176 2168 3481 2238 proposito.

1908 2255 2094 2310 labore
2114 2256 2270 2326 prius
2291 2256 2562 2312 exhausto
2595 2259 2753 2314 nobis
2781 2274 2876 2330 per
2909 2261 3276 2329 arrogantiam
3302 2260 3480 2314 inutili

1916 2347 2153 2415 reddito,
2186 2363 2311 2403 cum
2347 2347 2556 2418 indigni
2594 2348 2694 2403 visi
2733 2350 2996 2405 fuerimus
3027 2348 3379 2420 perfectione,
3414 2349 3483 2403 ad

1911 2452 2075 2507 quam
2110 2453 2214 2493 nos
2243 2439 2481 2511 Spiritus
2517 2443 2691 2513 gratia
2725 2442 2994 2497 trahebat.
3041 2441 3154 2497 Hoc
3186 2442 3375 2513 ingens
3400 2450 3488 2497 est

1911 2542 2089 2597 operae
2117 2530 2352 2598 pretium
2393 2531 2559 2587 studii
2600 2532 2902 2602 sapientiae,
2939 2532 2982 2588 si
3021 2533 3067 2588 is
3099 2533 3192 2603 qui
3226 2542 3372 2588 recte
3406 2532 3489 2588 fa-

1912 2620 2018 2675 ctis
2069 2636 2300 2693 magnus
2353 2632 2457 2685 est,
2503 2624 2780 2680 submisso
2817 2632 2871 2679 et
2913 2639 3049 2695 puro
3094 2625 3261 2680 corde
3304 2624 3398 2690 sit,
3432 2635 3487 2681 et

215 2726 387 2779 vitam
422 2720 784 2786 condemnet,
847 2731 1023 2787 neque
1055 2715 1311 2771 conscius
1370 2703 1565 2776 fuerit,
1607 2709 1751 2781 quod
1783 2708 2023 2780 seipsum
2074 2710 2182 2768 Deo
2212 2713 2434 2786 dignum
2463 2717 2814 2787 reputaverit.

289 2813 373 2867 Τά
399 2813 501 2885 μὲν
519 2812 585 2883 δὴ
607 2809 751 2865 κατά
772 2808 870 2880 τὴν
894 2806 1082 2860 ἐλπίδα
1102 2805 1196 2861 τοῦ
1224 2804 1424 2859 σκοποῦ
1450 2805 1560 2865 τοῖς
1584 2799 1801 2870 φιλοσό-

216 2923 338 2975 φως
360 2905 463 2977 ζῇν
492 2901 834 2975 αἱρουμένοις
866 2900 1062 2962 ίκανῶς
1098 2896 1346 2969 εἰρῆσθαι
1371 2896 1681 2966 νομίζομεν.
1714 2893 1807 2946 Δεῖ

213 3002 275 3055 δὲ
305 2999 497 3053 λοιπὸν
528 2994 843 3068 προσθεῖναι
873 2994 985 3056 τοῖς
1008 2989 1338 3063 εἰρημένοις,
1380 2988 1528 3050 ὅπως
1562 2985 1661 3056 μὲν
1700 2983 1803 3054 χρὴ

217 3096 466 3149 συνεῖναι
487 3090 617 3154 τοὺς
656 3085 929 3149 τοιούτους
970 3082 1238 3154 ἀλλήλοις·
1266 3084 1283 3103 ⁹
1306 3081 1453 3142 ὅπως
1499 3078 1556 3131 δὲ
1591 3077 1805 3148 τρέχειν

218 3184 343 3255 μετ’
387 3179 656 3251 ἀλλήλων,
681 3176 788 3240 ἓως
812 3174 879 3229 ἂν
911 3173 1004 3227 ἐπὶ
1028 3172 1129 3244 τὴν
1159 3170 1271 3225 ἄνω
1300 3169 1454 3223 πόλιν
1479 3166 1800 3238 ἀφίκωνται.

217 3275 345 3348 Χρὴ
376 3271 561 3327 τοίνυν
596 3269 688 3324 τδν
713 3268 783 3323 τὰ
820 3266 912 3320 τοῦ
960 3265 1073 3336 βίου
1109 3263 1296 3318 τούτου
1344 3261 1517 3332 σεμνὰ
1549 3257 1807 3330 καθαρῶς

218 3364 589 3437 ἀτιμάζοντα,
618 3362 713 3415 καὶ
750 3357 1081 3431 ἀρνούμενον
1116 3359 1295 3409 πᾶσαν
1327 3354 1426 3425 τὴν
1457 3353 1608 3407 κάτω
1627 3348 1804 3416 δόξαν,

219 3455 566 3529 ἀρνήσασθαι
585 3452 724 3524 μετά
744 3451 839 3505 τοῦ
863 3450 977 3522 βίου
1002 3451 1096 3503 καὶ
1114 3447 1212 3519 τὴν
1232 3447 1436 3500 οἰκείαν
1456 3443 1656 3515 ψυχήν.
1678 3444 1808 3514 Ἀρ-

1979 2800 2111 2866 Quze
2138 2801 2300 2873 igitur
2334 2806 2605 2875 pertinent
2637 2806 2702 2860 ad
2736 2821 2885 2876 Spem
2908 2807 3058 2877 scepi
3086 2806 3384 2878 attingendi
3418 2808 3488 2866 iis

1905 2894 1999 2963 qui
2044 2895 2130 2965 pie
2165 2898 2546 2968 sapienterque
2579 2899 2761 2955 vivere
2795 2909 3216 2971 proposuerunt,
3272 2900 3489 2958 abunde

1908 2988 2183 3058 etplicata
2218 3004 2341 3045 esse
2388 3004 2700 3047 censemus.
2753 2989 2870 3045 Jam
2909 3007 3035 3048 vero
3076 2992 3343 3064 reliquum
3380 3002 3487 3061 est,

1911 3086 1971 3131 ut
1996 3079 2062 3134 iis
2092 3095 2213 3150 quae
2239 3081 2383 3135 dicta
2408 3089 2537 3137 sunt
2570 3082 2856 3145 addamus,
2886 3082 3160 3153 quomodo
3189 3084 3323 3140 tales
3355 3100 3489 3140 con-

1910 3173 2114 3228 versari
2173 3174 2319 3229 inter
2355 3189 2415 3229 se
2470 3183 2739 3244 oporteat,
2801 3186 2854 3229 et
2901 3174 3177 3244 quomodo
3235 3180 3483 3232 certatim

1912 3280 2154 3327 currere,
2185 3266 2360 3321 donec
2383 3265 2450 3319 ad
2480 3281 2783 3336 supernam
2810 3267 3085 3322 civitatem
3114 3271 3482 3338 pervenerint.

1911 3359 2179 3425 Quocirca
2209 3374 2348 3429 opus
2377 3367 2463 3414 est
2490 3373 2613 3413 eum
2648 3359 2743 3427 qui
2782 3358 2948 3429 hujus
2979 3361 3105 3414 vitm
3131 3375 3220 3416 res
3256 3363 3487 3432 pracla-

1911 3466 2001 3506 ras
2032 3452 2190 3520 plane
2218 3449 2472 3520 despicit,
2503 3459 2557 3505 et
2610 3464 2827 3506 omnem
2861 3451 3198 3506 mundanam
3248 3454 3478 3524 gloriam

222 3568 379 3621 νησις
400 3548 459 3602 δὲ
485 3546 685 3618 ψυχῆς,
708 3544 772 3598 τὸ
803 3541 1052 3614 μηδαμοῦ
1080 3540 1261 3611 ζητεῖν
1287 3539 1347 3591 τὸ
1362 3536 1555 3591 ἑαυτοῦ
1575 3535 1804 3605 θέλημα,

1918 3544 2169 3612 abnegat,
2200 3544 2362 3598 etiam
2393 3557 2516 3599 cum
2557 3542 2675 3596 vita
2725 3546 2962 3599 animam
3004 3545 3275 3614 propriam
3312 3545 3483 3600 abne-

220 3642 361 3696 ana
386 3640 455 3694 τὸ
482 3638 693 3708 θέλημα
714 3633 804 3688 τοῦ
830 3632 986 3687 Θεοῦ·
1018 3632 1112 3685 καὶ
1135 3629 1309 3700 τούτῳ
1337 3627 1639 3699 κεχρῆσθαι
1673 3625 1808 3678 καθ-

218 3733 369 3804 άπερ
408 3728 602 3799 ἀγαθῷ
629 3725 954 3797 κυϐερνήτῃ,
981 3722 1060 3793 τῷ
1095 3722 1155 3775 τὸ
1182 3722 1359 3776 κοινὸν
1398 3721 1670 3791 πλήρωμα
1707 3717 1807 3787 τῆς

217 3821 598 3891 ἁδελφότητος
627 3817 739 3887 μεθ’
772 3814 1023 3887 ὁμονοίας
1066 3812 1161 3866 ἐπὶ
1181 3814 1276 3865 τὸν
1310 3810 1503 3882 λιμένα
1529 3810 1623 3863 τοῦ
1659 3808 1803 3862 θείου

220 3911 548 3986 θελήματος
573 3907 942 3962 ἀπευθύνοντι·
971 3902 1271 3974 κεκτῆσθαι
1296 3900 1353 3955 δὲ
1385 3901 1536 3954 οὐδὲν
1573 3901 1722 3972 παρά
1746 3901 1807 3953 τὸ

219 4004 428 4068 κοινὸν,
455 3998 600 4070 πλὴν
620 3998 709 4052 τοῦ
731 4000 789 4052 τὺ
813 3997 973 4068 σῶμα
992 3994 1357 4056 καλύπτοντος
1380 3991 1621 4063 ἱματίου.
1650 3990 1807 4046 υῦτω

217 4100 334 4169 γὰρ
353 4092 705 4165 ἑτοιμότερον
728 4090 901 4153 ἔσται,
919 4088 980 4141 τὸ
1003 4086 1153 4159 παρὰ
1173 4085 1281 4139 τῶν
1303 4084 1662 4157 προεστώτων
1684 4087 1804 4137 ἐπι.

215 4189 566 4259 τασσόμενον
611 4181 729 4255 μεθ’
776 4180 973 4252 ἡδονῆς
1012 4180 1108 4233 καὶ
1140 4177 1352 4241 ἐλπίδος
1382 4175 1678 4250 προθύμως
1710 4175 1810 4248 μὲν

214 4283 423 4343 τελεῖν,
462 4278 542 4340 ὡς
575 4274 764 4329 δοῦλον
790 4270 1028 4345 Χριστοῦ
1065 4270 1162 4324 καὶ
1202 4268 1579 4339 ἠγορασμένον
1602 4270 1678 4333 είς
1712 4271 1809 4338 τὴν

213 4373 415 4444 κοινὴν
436 4371 548 4425 τῶν
580 4364 828 4435 ἀδελφῶν
855 4365 1066 4439 χρείαν.
1090 4362 1260 4416 Τοῦτο
1286 4361 1396 4430 γὰρ
1419 4361 1514 4413 καὶ
1540 4363 1568 4414 ὁ
1608 4361 1810 4431 Κύριος

211 4459 709 4534 βούλεται,λέγων·
721 4475 739 4507 ι
760 4456 819 4525 ’ρ
832 4454 1000 4508 θέλων
1018 4455 1076 4509 ὲν
1093 4453 1222 4526 ὑμῖν
1240 4450 1455 4521 πρῶτος
1476 4448 1569 4502 καὶ
1589 4450 1806 4518 eiram“.

1916 3650 2064 3706 gare.
2089 3636 2298 3692 Anima:
2329 3652 2458 3692 vero
2497 3638 2786 3708 abnegatlo
2825 3644 2929 3701 est,
2967 3638 3301 3691 voluntatem
3332 3651 3486 3691 suam

1918 3745 2188 3799 nusquam
2250 3746 2514 3813 quaerere,
2585 3733 2680 3788 sed
2735 3729 2827 3784 Dei
2881 3730 3240 3796 voluntatem,
3316 3743 3490 3800 eaque

1917 3823 2083 3876 veluti
2141 3826 2278 3877 bona
2342 3824 2725 3895 gubernatrice
2779 3822 2900 3890 uti;
2962 3835 3085 3892 qua:
3138 3836 3485 3876 communem

1918 3914 2274 3972 fraternitatis
2307 3926 2509 3972 emtum
2539 3932 2663 3972 cum
2694 3915 2991 3972 concordia
3039 3914 3106 3969 ad
3140 3924 3354 3984 portum
3401 3913 3489 3967 di-

1913 4010 2054 4062 vina:
2097 4010 2393 4065 voluntatis
2423 4010 2610 4080 dirigit
2642 4026 2657 4075 ;
2697 4008 2895 4065 deinde
2946 4007 3083 4061 nihil
3112 4007 3217 4061 nisi
3250 4005 3302 4061 id
3343 4007 3490 4076 quod

1918 4114 2207 4155 commune
2234 4109 2318 4156 est
2344 4102 2661 4171 possidere,
2689 4107 3054 4170 praeterquam
3079 4098 3488 4161 vestimentum,

1916 4190 2060 4260 quod
2090 4207 2287 4261 corpus
2330 4200 2496 4261 tegat.
2564 4191 2657 4246 Sic
2701 4203 2939 4259 namque
2994 4186 3306 4256 expeditius
3358 4188 3489 4252 erit,

1916 4283 2062 4353 quod
2094 4299 2122 4337 a
2154 4284 2464 4355 praepositis
2498 4282 2812 4351 injunctum
2840 4279 2965 4341 erit,
2991 4292 3116 4333 cum
3138 4276 3491 4347 jucunditate

1917 4386 1973 4433 et
2004 4393 2100 4449 spe
2128 4379 2384 4434 alacriter
2414 4378 2704 4448 perﬁcere,
2742 4386 2800 4431 ut
2839 4389 3057 4429 servum
3089 4372 3317 4436 Christi,
3343 4384 3397 4429 et
3421 4374 3488 4429 ad

1917 4485 2260 4526 communem
2298 4470 2527 4526 fratrum
2579 4484 2739 4524 usum
2777 4468 3140 4537 redemptum.
3199 4464 3313 4521 Hoc
3342 4466 3488 4521 enim

206 4558 368 4610 ἔστω
401 4555 623 4608 πάντων
652 4549 899 4620 ἔσχατος,
941 4548 1037 4600 καὶ
1074 4546 1293 4600 πάντων
1321 4540 1527 4606 δοῦλος.
1554 4560 1572 4594 ι
1610 4541 1728 4614 Χρὴ
1756 4543 1804 4596 δὲ

1920 4561 2035 4615 vult
2075 4562 2239 4617 etiam
2276 4560 2563 4626 Dominus,
2598 4576 2724 4617 cum
2781 4561 2898 4614 ait:
2945 4577 2965 4611 ι
3013 4557 3117 4626 Qui
3164 4558 3278 4612 vult
3346 4559 3492 4613 inter

206 4648 317 4719 τὴν
359 4643 624 4714 τοιαύτην
647 4640 895 4695 δουλείαν
926 4637 1075 4709 παρά
1102 4639 1212 4699 τοῖς
1240 4633 1545 4706 ἀνθρώποις
1578 4634 1804 4704 ἄμισθον

1917 4667 2016 4709 vos
2042 4653 2253 4724 primus
2275 4662 2330 4709 et
2354 4670 2586 4726 magnus
2610 4668 2756 4720 esse,
2781 4654 3025 4708 omnium
3055 4654 3127 4709 sit
3158 4658 3488 4721 postremus.

204 4736 402 4802 εἶναι,
430 4738 532 4790 καὶ
564 4733 769 4804 ὀφείλει
788 4734 817 4786 6
842 4730 1083 4793 τοιοῦτος
1113 4726 1478 4798 ὑποτετάχθαι
1506 4730 1641 4782 πᾶσι
1661 4767 1676 4791 ,
1713 4728 1804 4782 καὶ

1914 4754 1968 4800 et
1994 4746 2465 4816 omnium'servus
2486 4747 2551 4802 ³³.
2586 4766 2604 4798 ι
2638 4745 2838 4800 Verum
2871 4743 3139 4814 ejusmodi
3175 4742 3489 4796 servitutem

196 4828 487 4895 καθάπερ
518 4824 735 4880 δανείου
756 4821 1038 4895 χρεώστης
1061 4820 1356 4891 θεραπεύει
1377 4823 1503 4887 τοὺς
1527 4821 1804 4891 ἀδελφούς.

1916 4837 2056 4907 apud
2094 4838 2342 4894 homines
2370 4840 2666 4908 gratuitam
2696 4852 2820 4893 csse
2866 4842 3104 4905 oportet,
3150 4841 3205 4888 ct
3238 4834 3332 4903 qui
3365 4834 3491 4889 talis

186 4922 341 4995 Χρὴ
386 4920 447 4974 δὲ
480 4919 579 4972 καὶ
614 4917 741 4981 τοὺς
771 4914 1123 4987 προεστῶτας
1154 4915 1249 4969 τοῦ
1282 4915 1655 4988 πνευματικοῦ
1683 4916 1804 4971 τού-

1914 4935 2020 4992 est,
2049 4930 2303 4985 omnibus
2324 4930 2484 4984 debet
2515 4929 2735 4997 subjici,
2768 4943 2834 4982 ac
2853 4926 3018 4981 veluti
3053 4940 3236 4981 usura:
3266 4924 3491 4981 debitor

181 5032 307 5071 του
345 5008 547 5082 χοροῦ,
570 5008 691 5063 τότε
719 5007 944 5079 μέγεθος
963 5006 1064 5077 τῆς
1082 5006 1264 5061 αὐτῶν
1285 5007 1621 5072 σκοποῦντας
1646 5025 1804 5079 φρον-

1915 5018 2177 5075 fratribus
2209 5021 2491 5075 inservire.
2533 5020 2615 5074 Ad
2649 5020 2765 5074 hate
2799 5033 2896 5073 eos
2939 5016 3034 5087 qui
3062 5016 3189 5071 huic
3222 5016 3491 5085 spirituali

180 5107 390 5170 τίδος,
431 5102 643 5172 καὶτῆς
665 5098 1060 5170 ὲφεδρευούσης
1080 5099 1179 5169 τὴν
1204 5098 1385 5153 πίστιν
1407 5100 1604 5165 κακίας
1627 5104 1645 5120 ‘
1674 5101 1804 5171 λογι-

1917 5112 2086 5166 choro
2116 5113 2509 5182 prmﬁciuntur,
2559 5110 2997 5182 magnitudinem
3032 5124 3146 5165 sua:
3177 5123 3324 5163 curre
3355 5122 3492 5161 con-

184 5199 473 5273 ξομ-ἐνῆς
500 5195 602 5259 τὰς
639 5195 836 5266 τέχνας
862 5193 1030 5261 ἀξίως
1058 5193 1157 5262 τῆς
1200 5194 1517 5258 ἐπιστασίας
1547 5195 1804 5264 ἀγωνίζει

1922 5201 2253 5267 siderantes,
2287 5214 2341 5259 ct
2372 5205 2596 5260 malitia:
2628 5219 2752 5275 quae
2791 5202 2912 5257 fidei
2945 5201 3258 5264 insidiatur,
3300 5206 3354 5252 et
3394 5196 3492 5250 do-

184 5296 335 5350 σθαι
360 5331 381 5355 ,
430 5288 529 5341 καὶ
565 5288 640 5357 μὴ
673 5285 808 5358 πρὸς
847 5285 946 5355 τὴν
972 5283 1222 5349 ἐξουσίαν
1246 5283 1422 5355 αἴρειν
1444 5286 1506 5339 τὸ
1539 5288 1804 5359 φρόνημα.

1921 5293 2068 5349 losas
2101 5301 2251 5348 artes
2285 5293 2600 5358 meditatur,
2639 5309 2738 5363 pro
2758 5291 3025 5364 dignitate
3063 5304 3177 5345 sua:
3206 5285 3492 5359 praefectu-

179 5388 287 5440 Δεῖ
311 5382 455 5452 γὰρ
479 5380 539 5431 ὲν
558 5380 625 5449 τῇ
658 5376 950 5449 ἐπιστασία
976 5375 1200 5445 μείζονα
1233 5376 1330 5445 μὲν
1350 5376 1459 5429 τῶν
1483 5375 1657 5431 ἄλλων
1690 5379 1804 5443 τοὺς

1920 5399 1996 5439 ra:
2027 5385 2294 5440 sollicitos
2321 5399 2444 5439 esse
2509 5383 2792 5448 convenit,
2822 5395 2877 5436 et
2913 5396 3023 5436 non
3088 5378 3300 5434 ratione
3333 5384 3492 5446 pote-

186 5493 345 5551 προιε
356 5469 594 5533 στῶτας
616 5470 800 5522 πονεῖν
819 5509 835 5535 ,
863 5467 1149 5522 ταπεινοτέ
1158 5485 1264 5538 ρως
1294 5467 1350 5521 δὲ
1371 5467 1478 5522 τῶν
1501 5469 1804 5541 ἀρχομένωη

1930 5476 2090 5532 statis
2128 5490 2357 5546 magnos
2409 5474 2640 5545 spiritus
2706 5488 2915 5544 gerere.
2952 5470 3165 5526 Etenim
3223 5468 3383 5525 decet
3438 5468 3494 5523 in

182 5565 475 5641 φρονεῖν,
502 5560 602 5615 καὶ
640 5558 809 5613 τύπον
833 5557 1021 5613 δούλου
1053 5556 1145 5611 τὸν
1169 5557 1379 5612 ἑαυτῶν
1400 5556 1519 5628 βίον
1550 5561 1804 5633 παρέχειν

1924 5566 2248 5636 praefectura
2306 5568 2661 5631 constitutos,
2722 5566 2988 5638 majorem
3045 5563 3270 5635 quidem
3325 5574 3495 5633 quam

278 5741 339 5776 ³⁸
370 5732 569 5793 Hebr.
623 5747 724 5794 xu,
792 5730 847 5794 l.
886 5731 941 5787 ἓ.
1027 5732 1074 5767 ³³
1100 5733 1286 5791 Matth.
1329 5748 1456 5799 xxv,
1502 5732 1587 5788 11.

475 5828 753 5888 ΡΑτιιοι..
792 5826 911 5888 Gn.
946 5829 1157 5894 XLVI.

3197 5826 3265 5887 ιο
