3896 6208
493 383 600 441 299

1740 374 1796 430 S.
1838 364 2166 427 GREGORII
2200 361 2496 423 NYSSENI

3648 352 3754 409 300

498 497 592 553 alii
639 496 880 552 laborem
942 493 1256 565 suspicere,
1320 493 1646 549 submissius
1702 506 1831 548 vero
1902 500 2068 560 quam

2188 483 2285 546 τοῖς
2318 480 2499 544 ἄλλοις
2520 518 2536 542 ,
2575 472 3045 548 παρακαταθήκην
3072 470 3208 526 Θεοῦ
3243 468 3567 541 νομίζοντας
3587 467 3753 535 ἔχειν,

499 586 704 643 subditi
735 600 794 641 se
826 599 1038 656 gerere,
1079 597 1147 638 ac
1178 598 1280 652 pro
1315 583 1459 638 servi
1494 582 1733 654 imagine
1756 580 2074 651 exemplove

498 681 663 732 vitam
723 692 878 733 suam
916 675 1041 731 aliis
1104 674 1386 751 exhibere,
1438 674 1568 728 dum
1632 674 1759 729 illos
1821 678 2078 743 reputant

498 766 809 837 depositum
842 781 967 822 esse
1001 765 1117 831 Dei,
1165 766 1258 835 qui
1291 764 1417 819 fidei
1454 780 1567 819 sum
1597 763 1878 819 commissi
1926 769 2076 817 sunt.

503 856 596 911 Sic
649 857 815 926 igitur
847 857 1166 926 praepositos
1205 864 1415 926 oportet
1441 854 1671 909 fratrum
1726 867 1917 908 curam
1982 851 2079 904 ha-

499 950 650 1013 bere,
670 958 727 1003 ut
748 949 907 1021 probi
940 956 1252 1003 tenerorum
1280 945 1607 1001 educatores
1636 959 1952 1017 puerorum,
1976 942 2073 1015 qui

501 1042 639 1113 ipsis
670 1056 699 1095 a
730 1039 1051 1112 parentibus
1077 1038 1261 1095 traditi
1290 1047 1439 1094 sunt.
1474 1021 1767 1092 Enimvero
1796 1035 1852 1091 hi
1878 1051 2081 1108 puero-

503 1150 623 1189 rum
645 1134 867 1189 habitus
890 1133 1326 1193 considerantes.
1344 1131 1469 1186 huic
1488 1130 1733 1195 verbera,
1749 1130 1826 1184 illi
1849 1130 2076 1198 monita,

503 1228 659 1282 alteri
683 1227 923 1290 laudem,
948 1225 1102 1279 alteri
1124 1224 1327 1295 aliquid
1358 1222 1626 1292 ejusmodi
1657 1220 1947 1276 admovent
1975 1239 1990 1288 ;
2015 1235 2079 1277 ac

502 1319 640 1374 nihil
682 1319 876 1373 horum
907 1317 972 1371 ad
1004 1318 1258 1389 gratiam,
1289 1332 1466 1387 neque
1484 1319 1551 1371 ad
1575 1315 1761 1372 odium
1793 1322 2076 1386 praestant,

500 1407 967 1479 quemadmodum
997 1407 1316 1476 spirituales
1342 1422 1562 1477 quoque
1592 1406 1870 1476 praepositi
1899 1404 2081 1461 facere

500 1495 721 1549 debent.
758 1493 813 1548 Si
851 1493 922 1547 ita
961 1493 1193 1549 invicem
1223 1494 1402 1549 affecti
1438 1494 1676 1561 fueritis,
1734 1509 1859 1551 cum
1892 1495 2080 1563 subje-

498 1584 574 1639 cti
615 1594 727 1639 tum
773 1584 1047 1656 magistri,
1081 1584 1160 1639 illi
1213 1584 1434 1655 quidem
1480 1599 1608 1641 eum
1669 1586 1873 1658 gaudio
1905 1585 2081 1656 jussis

500 1690 567 1731 ac
597 1675 870 1731 mandatis
902 1676 1373 1747 obtemperantes,
1403 1677 1458 1731 hi
1481 1692 1613 1733 vero
1646 1692 1770 1733 eum
1799 1676 2082 1748 voluptate

502 1768 703 1823 fratres
738 1767 807 1822 ad
859 1767 1164 1840 perfectum
1208 1776 1411 1824 statum
1465 1768 1875 1839 provehentes;
1929 1777 1984 1824 et
2031 1768 2079 1823 si

501 1859 806 1915 honoribus
877 1858 1112 1915 invicem
1176 1858 1564 1930 przeveniatis,
1630 1858 1949 1929 angelorum
2025 1858 2080 1912 iu
2114 1848 2155 1902 Β

502 1950 668 2005 terris
698 1950 867 2006 vitam
915 1950 1146 2021 degetis.
1183 1950 1419 2005 lnducat
1448 1965 1578 2005 vero
1624 1950 1729 2005 sibi
1760 1949 1996 2019 quisque
2026 1950 2079 2003 in

503 2049 764 2107 mentem,
798 2056 858 2098 se
888 2057 998 2096 non
1033 2040 1203 2097 fratre
1241 2042 1420 2097 solum
1477 2056 1603 2097 cum
1664 2057 1776 2112 quo
1831 2048 2083 2097 versatur

504 2134 821 2190 inferiorem
852 2134 1324 2204 infirmioremqne
1360 2149 1508 2197 esse,
1548 2134 1642 2190 sed
1690 2134 1887 2206 quovis
1915 2134 2081 2189 etiam

505 2223 765 2291 homine;
806 2224 911 2278 hoc
936 2224 1083 2279 enim
1113 2238 1476 2295 cognoscens.
1515 2225 1824 2295 discipulus
1893 2238 2082 2280 revera

502 2316 709 2372 Christi
740 2316 864 2372 erit.
892 2316 1028 2371 Cum
1079 2331 1210 2387 ergo
1241 2316 1571 2372 humilitatis
1604 2316 1817 2372 fructus
1867 2316 2080 2381 sciatis,

502 2415 555 2462 et
589 2407 768 2463 fastus
797 2408 1080 2471 damnum,
1110 2406 1402 2461 imitamini
1438 2408 1751 2471 Dominum,
1787 2414 1844 2460 et
1881 2421 1991 2461 uno
2026 2405 2083 2461 in

501 2516 735 2572 corpore
756 2511 919 2572 atque
947 2499 1130 2553 anima
1165 2514 1273 2554 una
1305 2500 1373 2554 ad
1411 2514 1708 2570 supernam
1738 2500 2085 2556 vocationem

502 2592 733 2658 currite,
800 2592 1090 2663 diligentes
1146 2590 1317 2648 Deum
1364 2600 1418 2648 et
1469 2607 1568 2647 vos
1618 2593 1876 2648 invicem.
1945 2591 2083 2648 Nam

504 2700 660 2741 amor
693 2691 747 2739 et
796 2684 962 2739 timor
1024 2683 1237 2738 Domini
1281 2684 1518 2754 primunt
1555 2683 1689 2754 legis
1719 2683 2087 2754 complemen-

506 2788 621 2831 tum
645 2784 750 2831 est.
788 2773 1179 2830 Verumtamen
1210 2790 1321 2829 non
1350 2774 1700 2845 simpliciter,
1737 2791 1915 2846 neque
1962 2774 2081 2830 for-

506 2866 647 2920 tuito
691 2864 852 2920 nobis
904 2863 1172 2919 adversus
1217 2863 1387 2918 Deum
1441 2863 1687 2918 charitas
1742 2865 1857 2919 indi
1919 2873 2084 2935 atque

508 2956 676 3013 inseri
729 2954 888 3020 solet,
943 2954 1039 3010 sed
1089 2969 1185 3025 per
1228 2954 1445 3010 labores
1497 2956 1703 3010 multos
1754 2963 1809 3010 et
1854 2970 2083 3026 magnas

506 3062 691 3114 curas,
730 3054 785 3102 et
828 3046 1268 3115 cooperationem
1312 3045 1538 3113 Christi,
1581 3055 1746 3117 prout
1797 3047 1935 3102 dixit
1985 3046 2087 3103 Sa-

509 3141 737 3212 pientia,
797 3158 813 3189 ι
855 3135 911 3193 Si
955 3139 1122 3206 enim,
1168 3158 1187 3190 ι
1244 3139 1444 3209 inquit,
1501 3157 1519 3190 ι
1586 3138 1878 3209 quaesieris
1936 3154 2081 3207 eam,

507 3234 664 3305 quasi
695 3231 1005 3304 pecuniam,
1034 3240 1089 3285 ct
1123 3229 1267 3285 sicut
1299 3232 1589 3286 thesauros
1618 3229 1874 3286 effoderis
1905 3232 2080 3299 illam,

506 3335 640 3382 tunc
668 3325 939 3397 intelliges
974 3324 1226 3379 timorem
1260 3323 1497 3387 Domini,
1552 3331 1607 3378 ct
1638 3323 1926 3378 scientiam
1989 3322 2085 3379 Dei

506 3439 757 3497 invenies
777 3438 846 3493 ⁸⁸.
884 3457 904 3490 ι
953 3437 1245 3507 Agnitione
1276 3452 1408 3493 vero
1463 3436 1556 3492 Dei
1622 3438 1864 3503 inventa,
1915 3438 2082 3494 etiam

516 3542 722 3590 metum
784 3530 948 3586 facile
999 3527 1454 3600 comprehendes,
1513 3538 1567 3584 et
1630 3529 1775 3600 quod
1837 3530 2088 3601 sequitur

526 3633 675 3683 recte
716 3621 988 3695 perficies,
1027 3621 1348 3676 charitatem
1388 3620 1513 3676 dico
1540 3618 1594 3674 in
1628 3621 1913 3689 vicinum;
1959 3636 2087 3677 nam

508 3734 634 3775 cum
665 3718 899 3788 primum
928 3722 983 3769 et
1028 3727 1285 3785 magnum
1338 3712 1527 3768 labore
1557 3723 1937 3783 comparatum
1971 3722 2079 3778 est,

2176 574 2269 640 οὒς
2298 571 2719 643 ἐπιστεύθησαν.
2751 566 2939 631 Οὕτως
2966 562 3059 620 οὖν
3088 563 3193 636 χρὴ
3238 563 3367 623 τοὺς
3408 562 3755 633 προεστῶτας

2177 656 2549 739 ἐπιμελεῖσθαι
2573 661 2683 717 τῶν
2713 658 2978 729 ἀδελφῶν,
3003 657 3079 722 ὡς
3116 656 3183 710 ἂν
3220 655 3448 726 χρηστοὶ
3479 651 3757 719 παιδαγω-

2175 761 2263 831 γοὶ
2289 758 2495 813 παίδων
2517 753 2764 821 ἁπαλῶν,
2786 750 2880 816 οὓς
2905 748 3309 819 ἐπιστεύθησαν
3334 744 3485 816 παρά
3513 743 3625 797 τῶν
3653 758 3756 831 πα-

2176 829 2350 921 τέρων
2395 847 2597 903 αὐτῶν.
2660 846 2888 899 Ἐκεῖνοι
2935 840 3045 912 γάρ
3085 838 3195 893 τῶν
3241 834 3450 891 παίδων
3486 832 3589 896 τὰς
3621 829 3759 895 ἕξεις

2178 940 2528 1004 σκοποῦντες,
2552 937 2630 1009 τῷ
2664 936 2761 1009 μὲν
2796 933 3031 1005 πληγὰς,
3054 930 3134 1002 τῷ
3159 930 3215 985 δὲ
3249 925 3559 988 νουθεσίαν,
3592 923 3676 994 τῷ
3706 924 3758 976 δὲ

2178 1035 2419 1099 ἔπαινον,
2461 1031 2540 1104 τῷ
2574 1031 2630 1085 δὲ
2668 1029 2797 1084 ἄλλο
2837 1045 2891 1081 τι
2934 1024 3043 1078 τῶν
3072 1021 3330 1076 τοιούτων
3369 1017 3757 1092 προσάγωσιν,

2177 1127 2329 1181 οὐδὲν
2357 1123 2481 1179 οὔτε
2510 1121 2647 1194 πρὸς
2674 1121 2855 1193 χάριν,
2899 1116 3026 1171 οὑτε
3054 1114 3193 1188 πρὸς
3222 1111 3521 1184 ἀπέχθειαν
3554 1109 3761 1164 τούτων

2178 1217 2495 1279 ποιοῦντες,
2542 1213 2727 1277 καθὼς
2775 1212 2872 1266 καὶ
2913 1211 2964 1263 ol.
3011 1207 3373 1279 πνευματικοὶ
3420 1205 3761 1279 προεστῶτες

2103 1320 2115 1341 ι’
2181 1313 2354 1364 ποιεῖν
2379 1307 2703 1378 ὀφείλουσιν.
2743 1304 2867 1359 Ἐὰν
2895 1301 3067 1365 οὕτως
3108 1300 3269 1370 ἔχητε
3301 1299 3436 1370 πρὸς
3467 1296 3755 1369 ἀλλήλους,

2181 1404 2312 1458 οἵτε
2341 1399 2653 1471 ὑφεστῶτες
2680 1397 2776 1451 καὶ
2800 1397 2850 1450 οἱ
2874 1391 3183 1448 διδάσκαλοι
3204 1431 3219 1454 ,
3246 1391 3297 1445 οἱ
3326 1390 3424 1461 μὲν
3445 1388 3761 1459 πειθόμενοι

2185 1495 2323 1569 μετὰ
2361 1496 2537 1567 χαρᾶς
2570 1493 2685 1556 τοῖς
2723 1486 3199 1558 ἐπιταττομένοις,
3235 1486 3284 1538 oi
3316 1483 3374 1537 δέ
3416 1482 3535 1553 μεθ’
3569 1481 3761 1554 ήδονῆς

2181 1591 2309 1652 τοὺς
2332 1586 2594 1656 ἀδελφοὺς
2628 1583 2722 1638 ἐπὶ
2749 1582 2810 1637 τὸ
2841 1581 3048 1635 τέλειον
3075 1576 3445 1650 προαγόμενοι
3464 1615 3479 1640 ,
3517 1575 3617 1629 καὶ
3642 1577 3761 1637 ταῖς

2183 1682 2368 1753 τιμαῖς
2420 1678 2686 1749 ἀλλήλους
2733 1670 3049 1746 πῳηγῆσθε
3075 1685 3091 1702 ·
3113 1668 3207 1723 τὸν
3241 1666 3351 1722 τῶν
3377 1667 3631 1735 ἀγγέλων
3670 1666 3762 1718 ἐπὶ

2182 1775 2281 1845 τῆς
2310 1772 2417 1843 γῆς
2443 1770 2672 1842 ζήσεσθε
2700 1768 2833 1839 βίον.
2855 1763 3098 1819 Πειθέτω
3118 1762 3174 1816 δέ
3203 1761 3431 1822 ἕκαστος
3453 1758 3667 1822 ἐαυτὸν,
3688 1757 3763 1822 ὡς

2183 1863 2243 1918 οὑ
2270 1862 2364 1917 τοῦ
2401 1862 2650 1923 συνόντος
2687 1854 2920 1925 ἀδελφοῦ
2956 1853 3115 1926 μόνον
3148 1851 3265 1905 ἐστὶ
3298 1848 3724 1917 καταδεέστερος
3743 1886 3761 1913 ,

2184 1954 2321 2009 ἀλλά
2360 1953 2455 2008 καὶ
2491 1950 2690 2014 παντὸς
2726 1945 3018 2020 ἀνθρώπου
3041 1963 3055 1976 ·
3096 1943 3256 1998 τοῦτο
3292 1940 3403 2012 γὰρ
3441 1938 3763 2009 γινώσκων,

2187 2047 2436 2121 μαθητὴς
2458 2044 2611 2099 ἔσται
2630 2043 2799 2105 ὅντως
2817 2042 2863 2094 Χ
2871 2036 3079 2112 ριστοῦ.
3112 2036 3327 2098 Είδότες
3348 2029 3442 2087 οῦν
3460 2034 3561 2103 τῆς
3581 2047 3768 2085 ταπειρ

2183 2143 2405 2215 νότητος
2432 2139 2559 2203 τοὺς
2588 2136 2856 2207 καρποὺς,
2889 2134 2981 2187 καὶ
2997 2130 3097 2203 τὴν
3118 2128 3322 2200 ζημίαν
3346 2124 3442 2179 τοῦ
3462 2123 3652 2194 τύφου,
3674 2141 3768 2195 μι-

2187 2232 2434 2306 μήσασθε
2458 2229 2550 2284 τὸν
2570 2226 2845 2299 Δεσπότην
2865 2265 2880 2291 ,
2912 2223 3007 2279 καὶ
3024 2222 3107 2277 ἐνὶ
3130 2219 3344 2291 σώματι
3365 2218 3460 2272 καὶ
3486 2218 3587 2288 μιᾷ
3615 2216 3763 2287 ψυχῇ

2184 2326 2412 2396 χωρεῖτε
2445 2320 2583 2393 πρὸς
2618 2319 2720 2389 τὴν
2747 2316 2860 2371 ἀνω
2898 2314 3116 2385 κλῆσιν,
3156 2309 3481 2381 ἀγαπῶντες
3503 2309 3597 2363 τὸν
3633 2308 3768 2361 Θεὸν

2184 2419 2280 2473 καὶ
2311 2414 2595 2486 ἀλλήλους.
2634 2409 2848 2480 Ἀγάπη
2875 2405 2985 2477 γάρ
3005 2405 3099 2459 καὶ
3132 2403 3296 2474 φόϐος
3323 2404 3351 2457 ό
3379 2402 3517 2475 πρὸς
3535 2402 3764 2473 Κύριον,

2183 2511 2244 2565 τὸ
2260 2508 2474 2583 πρῶτον
2494 2504 2589 2560 τοῦ
2612 2503 2778 2575 νόμου
2804 2500 2922 2554 ἐστὶ
2947 2497 3245 2570 πλήρωμα.
3266 2494 3414 2566 Πλὴν
3433 2493 3534 2565 οὐχ
3557 2492 3766 2558 ἁπλῶς,

2184 2604 2304 2658 ούδέ
2332 2597 2651 2671 αὐτομάτως
2681 2597 2814 2667 ἡμῖν
2848 2594 2882 2664 ή
2922 2591 3060 2664 πρὸς
3089 2589 3222 2643 Θεὸν
3245 2588 3434 2657 ἀγάπη
3459 2585 3769 2655 ἐγγίνεσθαι

2184 2694 2449 2764 πέφυκεν,
2482 2688 2620 2742 ἀλλὰ
2647 2686 2735 2740 διὰ
2771 2682 2980 2737 πολλῶν
3009 2681 3188 2735 πόνων
3214 2679 3309 2734 καὶ
3334 2676 3586 2750 μεγάλων
3608 2692 3771 2747 φρον-

2184 2787 2367 2849 τίδων,
2398 2782 2493 2837 καὶ
2523 2775 2817 2850 συνεργίας
2841 2774 2943 2844 τῆς
2972 2771 3069 2827 τοῦ
3098 2769 3335 2843 Χριστοῦ
3356 2810 3371 2836 ,
3404 2766 3592 2832 καθὼς
3618 2767 3769 2837 εἴρη-

2185 2896 2280 2931 κεν
2313 2878 2347 2947 ἡ
2389 2873 2578 2943 Σοφία.
2623 2888 2642 2922 ι
2687 2868 2815 2922 Ἐὰν
2840 2867 2946 2939 γάρ
2988 2865 3228 2937 ζητήσῃς
3272 2860 3465 2932 αὐτὴν,
3511 2877 3533 2911 ι
3570 2858 3760 2929 φησὶν,

2193 2989 2210 3022 ι
2250 2968 2326 3031 ὡς
2378 2963 2663 3037 ἀργύριον,
2716 2958 2815 3013 καὶ
2862 2957 2940 3020 ὡς
2989 2953 3296 3028 θησαυροὺς
3354 2952 3760 3023 ἐξερευνήσῃς,

2185 3061 2309 3115 τότε
2353 3057 2666 3129 συννοήσεις
2694 3051 2858 3122 φόὸον
2893 3047 3118 3121 Κυρίου,
3163 3046 3261 3101 καὶ
3293 3045 3592 3113 ἐπίγνωσιν
3634 3038 3769 3094 Θεοῦ

2189 3154 2461 3224 εὑρήσεις.
2504 3167 2522 3200 ι
2549 3145 2685 3201 Θεοῦ
2708 3145 2764 3199 δὲ
2788 3143 3084 3213 ἐπίγνωσιν
3117 3137 3313 3212 εὑρὼν,
3338 3137 3433 3190 καὶ
3456 3134 3622 3206 φόϐον
3650 3150 3765 3186 συν-

2189 3248 2403 3318 νοήσεις
2448 3242 2665 3315 ῥαδίως,
2695 3239 2789 3294 καὶ
2818 3238 2881 3292 τὸ
2905 3236 3103 3309 ἐφεξῆς
3130 3232 3525 3306 κατορθώσεις,
3555 3230 3616 3284 τὸ
3636 3231 3773 3299 ἀγα·

2191 3317 2321 3411 πᾷν,
2342 3334 2613 3408 λέγω,τδν
2637 3331 2866 3404 πλησίον
2880 3317 2904 3363 "
2927 3329 3021 3384 τοῦ
3044 3327 3154 3400 γὰρ
3174 3325 3389 3398 πρώτου
3414 3324 3508 3378 καὶ
3534 3322 3773 3395 μεγάλου

2193 3433 2343 3505 πόνῳ
2371 3429 2666 3500 κτηθέντος
2687 3465 2703 3492 ,
2727 3424 2789 3478 τὸ
2809 3422 3060 3494 δεύτερον
3081 3420 3301 3475 ἔλαττον
3327 3417 3413 3483 ὃν,
3432 3412 3776 3486 ἀπονώτερόν

2193 3530 2374 3582 ἐστιν’
2409 3522 2532 3576 ἐπεὶ
2553 3523 2581 3575 ό
2604 3520 2695 3575 τὸν
2724 3518 2856 3573 Θεὸν
2889 3517 2964 3588 μὴ
2992 3513 3224 3584 ἀγαπῶν
3248 3512 3308 3578 ἐξ
3329 3511 3458 3581 ὅλης
3497 3507 3733 3580 καρδίας
3759 3545 3778 3573 ,

2195 3621 2292 3675 καὶ
2320 3616 2380 3683 ἐξ
2409 3617 2537 3689 ὅλης
2553 3612 2811 3677 διανοίας,
2845 3609 2964 3673 πῶς
2996 3607 3062 3663 ἂν
3086 3605 3256 3677 ὑγιῶς
3279 3604 3374 3658 καὶ
3409 3602 3617 3665 ἀδόλως
3654 3602 3783 3653 ἐπι-

2202 3712 2416 3786 με).οῖτο
2435 3709 2535 3779 τῆς
2566 3706 2672 3761 τῶν
2698 3700 2940 3773 ἀδελφῶν
2959 3701 3207 3771 ἀγάπης;

513 3785 816 3866 secundum
850 3803 999 3875 quod
1033 3805 1220 3861 minus
1278 3809 1382 3868 est,
1442 3801 1662 3857 levioris
1694 3802 1901 3858 laboris
1943 3810 2072 3860 est:
2113 3785 2552 3875 quandoquidem
2584 3797 2676 3868 qui
2708 3792 2876 3850 Deum
2931 3807 3040 3846 non
3089 3795 3237 3844 amat
3302 3802 3367 3845 ex
3409 3791 3532 3841 toto
3584 3785 3779 3855 corde,

509 3911 563 3961 et
590 3920 657 3961 ex
689 3910 803 3958 tota
845 3908 1047 3970 mente,
1097 3900 1321 3972 quinam
1356 3896 1573 3953 sincere
1613 3906 1667 3952 et
1718 3899 1909 3954 sedulo
1946 3899 2234 3957 charitatis
2273 3900 2327 3954 in
2362 3896 2561 3951 fratres
2595 3905 2785 3947 curam
2819 3886 3087 3943 haberet?

581 3997 1064 4057 Verumenimvero
1109 4012 1232 4052 cum
1283 3994 1506 4050 malitiae
1548 3994 1740 4049 artifex
1776 4004 1971 4053 nactus
2012 4005 2096 4053 est

2263 3995 2366 4049 Τὸν
2390 3992 2447 4048 δὲ
2482 3990 2557 4063 μὴ
2589 3988 2686 4061 τήν
2716 3984 2890 4057 ψυχὴν
2923 3984 3051 4054 ὃλην
3092 3980 3409 4036 ἀποδιδόντα
3439 3978 3556 4050 Θεῷ
3580 4020 3595 4037 .
3632 3975 3782 4049 μηδὲ

512 4109 637 4151 eum
674 4092 766 4164 qui
804 4099 972 4146 totam
1001 4089 1239 4144 animam
1270 4086 1380 4143 Deo
1410 4102 1518 4142 non
1549 4087 1744 4154 tradit,
1801 4093 1856 4142 et
1890 4085 2085 4142 vacuus

2191 4086 2328 4160 πρὸς
2359 4083 2456 4155 τὴν
2484 4081 2691 4134 ἐκείνου
2725 4073 3098 4146 κεκενωμένον
3129 4070 3353 4143 ἀγάπην
3372 4110 3385 4134 ,
3415 4068 3585 4139 εὑρὼν
3619 4070 3649 4121 ό
3671 4068 3786 4141 τῆς

509 4194 596 4243 est
634 4162 1009 4240 avdilectione
1051 4183 1216 4247 illius,
1272 4179 1431 4235 facile
1485 4179 1761 4249 mancipat
1810 4185 1863 4233 et
1911 4179 2085 4249 pravis

2189 4176 2389 4240 κακίας
2440 4171 2687 4244 τεχνίτης
2736 4165 3013 4240 χειροῦται
3055 4163 3255 4236 ῥᾳδίως
3284 4162 3562 4233 λογισμοῖς
3604 4176 3785 4231 πονη-

511 4277 935 4350 cogitationibus
970 4273 1305 4347 prmeipitem
1358 4273 1472 4342 dat,
1522 4272 1651 4327 dum
1685 4286 1834 4326 nunc
1869 4269 1999 4324 facit
2033 4278 2085 4325 ut

2193 4274 2304 4345 ροῖς
2332 4263 2702 4329 ὑποσκελίζων
2726 4301 2741 4326 ,
2793 4257 2888 4312 νῦν
2923 4257 3022 4329 μὲν
3074 4255 3243 4327 βαρέα
3275 4251 3557 4323 φαίνεσθαι
3604 4249 3785 4303 ποιῶν

510 4371 697 4439 gravia
734 4367 1020 4423 vidcantur
1051 4365 1352 4437 Scripturae
1381 4364 1658 4427 mandata,
1697 4371 1752 4418 et
1791 4376 2085 4418 onerosum

2193 4341 2262 4417 τὰ
2299 4360 2398 4431 τῆς
2443 4353 2665 4430 Γραφῆς
2704 4350 3092 4439 ἐπιτάγματα)
3133 4346 3227 4439 καὶ
3269 4343 3485 4439 ἐπαχθῆ
3538 4341 3784 4439 τήν-είς

515 4428 881 4516 ministerium
932 4428 1198 4513 fratribus
1229 4457 1555 4521 exhibitura,
1601 4454 1765 4510 modo
1795 4454 1862 4509 ad
1893 4469 2085 4524 snper-

2194 4452 2320 4515 τοὺς
2351 4428 2612 4516 ἀδελφοὺς
2645 4438 2940 4514 θεραπείαν
2961 4454 2979 4469 ο
3013 4435 3108 4490 νῦν
3159 4434 3216 4488 δέ
3263 4433 3505 4505 ἐπαίρων
3534 4432 3614 4494 είς
3646 4428 3787 4484 ἀλα-ο

510 4554 657 4609 biam
699 4560 755 4609 et
781 4550 983 4606 fastum
1018 4549 1230 4606 extollit
1258 4548 1327 4603 ab
1346 4548 1466 4619 ipso
1493 4520 1547 4602 in
1569 4561 1867 4602 conservos
1893 4520 2085 4610 oflieio,

2199 4542 2407 4610 ζονείαν
2442 4536 2535 4592 καὶ
2558 4533 2725 4604 τῦφον
2745 4532 2838 4586 ἀπ’
2864 4529 3036 4600 αὑτῆς
3059 4526 3161 4597 τῆς
3191 4526 3271 4589 είς
3298 4524 3426 4587 τοὺς
3456 4520 3787 4594 ὁμοδούλους

515 4654 575 4702 ιιι
607 4645 837 4717 gloriam
892 4641 963 4697 ab
1012 4639 1328 4696 hominibus
1381 4645 1609 4708 quaerat,
1665 4646 1718 4693 et
1749 4636 2014 4692 honorem
2060 4650 2092 4691 a

514 4728 778 4793 fratribus
821 4735 1024 4806 exigat,
1084 4733 1270 4802 itaque
1293 4730 1591 4785 infidelium
1618 4737 1740 4785 acta
1776 4728 1980 4784 ambiat
2037 4736 2094 4783 et

513 4837 757 4901 praestet.
807 4825 1019 4881 Etenim
1051 4822 1288 4878 infidelis
1317 4828 1402 4878 est
1427 4821 1521 4891 qui
1554 4819 1828 4874 humanos
1856 4832 1956 4889 pro
1984 4831 2096 4872 cce-

514 4922 748 4979 lestibns
784 4920 1022 4974 honores
1054 4923 1304 4978 venatur,
1344 4909 1804 4984 quemadmodum
1829 4908 2094 4965 Dominus

516 5014 636 5084 ipse
683 5010 883 5065 alicubi
943 5008 1118 5063 dicit:
1188 5025 1206 5058 ι
1248 5003 1535 5072 Quomodo
1592 5017 1691 5058 vos
1722 5000 1948 5056 credere
2005 5013 2098 5070 po-

514 5103 705 5165 testis,
768 5101 861 5172 qui
895 5100 1121 5170 gloriam
1164 5112 1197 5152 a
1246 5096 1405 5152 vobis
1469 5093 1703 5149 invicem
1743 5089 1995 5162 accipitis
2045 5097 2101 5146 et

516 5197 778 5252 honorem
808 5207 837 5247 a
870 5192 979 5248 Deo
1005 5194 1124 5248 solo
1163 5204 1273 5244 non
1314 5187 1565 5259 quaeritis
1589 5184 1672 5237 "‘2
1700 5202 1721 5236 ι
1758 5183 2102 5254 Quapropter

512 5291 558 5347 si
601 5290 845 5347 Charitas
906 5301 937 5341 a
977 5284 1089 5340 Deo
1136 5280 1398 5345 adfuerit,
1434 5292 1720 5335 necessum
1773 5286 1857 5333 est
1890 5276 2100 5345 reliqua

517 5384 683 5438 etiam
746 5381 875 5436 huic
935 5377 1234 5440 adhaerere,
1273 5381 1328 5429 et
1365 5371 1666 5427 fraternum
1720 5384 1998 5433 amorem,
2046 5375 2103 5424 et

516 5472 797 5527 lenitatem
848 5475 900 5524 et
959 5466 1253 5521 candorem
1304 5462 1514 5533 absque
1562 5461 1803 5526 fictione,
1841 5472 2096 5532 perseve-

517 5562 753 5616 rantiam
784 5567 840 5615 et
891 5557 1237 5615 sedulitatem
1273 5556 1325 5609 iu
1361 5552 1651 5625 precibus,
1674 5566 2004 5622 omnemque
2037 5549 2091 5604 in

516 5665 715 5723 genere
747 5650 1023 5705 virtutem.
1075 5647 1343 5712 Quoniam
1394 5651 1577 5699 autem
1618 5641 1839 5715 quando
1894 5656 2090 5714 magna

593 5828 639 5861 ³⁸
660 5826 820 5883 Prov.
858 5842 917 5893 ιι,
943 5826 998 5895 ι,
1031 5825 1082 5880 5.
1135 5825 1179 5857 ³⁸
1200 5822 1357 5880 Joan.
1392 5837 1444 5889 v,
1467 5821 1561 5876 44.

2193 4632 2465 4695 διακονίας
2487 4670 2500 4693 ,
2523 4627 2598 4691 ὼς
2623 4625 2720 4697 τὴν
2742 4620 2894 4695 παρὰ
2919 4620 3027 4674 τῶν
3057 4615 3360 4690 ἀνθρώπων
3383 4613 3538 4680 δόξαν
3571 4611 3786 4684 ζητεῖν,

2194 4724 2290 4780 καὶ
2317 4720 2480 4794 τιμὴν
2510 4717 2660 4789 παρὰ
2696 4714 2802 4769 τῶν
2838 4711 3078 4783 ἀδελφῶν
3112 4710 3355 4764 ἐπαιτεῖν
3376 4722 3391 4738 ·
3424 4706 3518 4758 καὶ
3544 4702 3690 4756 οὕτω
3713 4701 3788 4755 τά

2194 4811 2304 4867 τῶν
2330 4811 2576 4866 ἀπίστων
2620 4802 3138 4877 πραγματευόμενος
3170 4799 3263 4853 καὶ
3292 4794 3479 4850 ποιῶν.
3515 4795 3787 4855 ’Δπιστος

2195 4907 2306 4977 γὰρ
2334 4906 2364 4959 ὁ
2395 4901 2492 4966 τὰς
2525 4897 2871 4971 ἀνθρωπίνας
2907 4894 3027 4948 ἀντὶ
3060 4892 3168 4946 τῶν
3217 4887 3485 4961 οὐρανίων
3532 4883 3783 4977 θηρεύων

2195 4975 2394 5070 τιμὰς,
2421 4994 2497 5057 ὡς
2539 4989 2699 5054 αὑτός
2733 4985 2835 5042 πού
2878 5002 3042 5058 φησιν
3092 4986 3122 5038 ό
3151 4982 3387 5053 Κύριος·
3428 4998 3447 5031 ι
3470 4975 3782 5070 Πῶςᾼδιύναο

2198 5067 2292 5143 σθήε
2323 5087 2480 5159 ὑμεῖς
2505 5079 2779 5136 πιστεύειν
2799 5117 2814 5143 ,
2855 5078 3014 5145 δόξαν
3040 5074 3169 5146 παρ’
3196 5072 3441 5144 ἀλλήλων
3471 5067 3781 5141 λαμϐάνον-

2193 5199 2285 5246 τες
2305 5223 2320 5247 ,
2347 5178 2443 5233 καὶ
2464 5175 2563 5249 τὴν
2590 5173 2748 5239 δόξαν
2776 5172 2874 5243 τὴν
2910 5168 3059 5241 παρὰ
3086 5166 3182 5221 τοῦ
3215 5166 3375 5238 μόνου
3415 5162 3550 5218 Θεοῦ
3583 5161 3649 5215 οὑ
3681 5159 3780 5229 ζη-

2194 5271 2443 5335 τοῦντες;
2474 5287 2492 5321 ι
2539 5265 2787 5336 Ἀγάπης
2838 5257 2931 5318 οῦν
2980 5263 3114 5333 ἡμῖν
3145 5256 3429 5331 παρούσης
3470 5253 3566 5309 τοῦ
3621 5249 3781 5317 Θεοῦ,

2197 5364 2410 5434 ἀνάγκη
2450 5361 2547 5415 καὶ
2575 5359 2644 5413 τά
2674 5355 2836 5411 λοιπά
2859 5353 3032 5423 ταύτῃ
3072 5348 3423 5412 συνέπεσθαι,
3446 5347 3542 5401 καὶ
3572 5344 3636 5400 τὸ
3656 5344 3782 5434 φιλ-

2202 5433 2427 5521 άδελφον
2450 5492 2468 5516 ,
2517 5449 2579 5504 τδ
2618 5448 2793 5522 πρᾶον
2817 5486 2833 5511 ,
2863 5444 2925 5497 τὸ
2962 5440 3320 5512 ἀνυπόκριτον
3345 5477 3360 5502 ,
3406 5436 3469 5492 τὺ
3512 5435 3644 5507 περὶ
3682 5433 3787 5497 τὰς

2202 5543 2366 5617 εὐχάς
2397 5541 2620 5614 διαρκὲς
2657 5538 2750 5593 καὶ
2775 5534 3084 5601 σπουδαῖον,
3113 5531 3207 5585 καὶ
3235 5527 3422 5593 ἁπλῶς
3446 5529 3628 5581 πᾶσαν
3655 5526 3790 5617 ἀρε-

2197 5615 2315 5709 τήν.
2364 5636 2450 5699 Ὦς
2481 5634 2538 5688 δέ
2572 5630 2806 5704 μεγάλου
2835 5626 2928 5682 τοῦ
2975 5626 3252 5695 κτήματος
3289 5620 3475 5684 ὄντος,
3528 5615 3792 5690 μεγάλων
