3896 6208
174 355 267 413 5θῦ

1344 350 1434 404 DE
1464 345 1840 405 INSTITUTO
1870 345 2304 406 CllRlSTlANO.

3357 349 3462 405 502

179 478 261 532 δεῖ
291 475 474 530 ⁸ιοόνων
507 474 636 547 περὶ
672 474 771 546 τήν
802 473 1014 544 κτῆσιν,
1046 473 1108 527 ού
1143 473 1278 544 πρὸς
1308 471 1533 538 ἔνδειξιν
1571 471 1779 546 ἀνθρώ-

1899 479 1965 529 ιει
1994 472 2298 544 possessio,
2329 471 2546 544 magnis
2574 470 2740 528 etiam
2773 469 2842 526 ad
2884 485 3004 528 eam
3067 468 3460 542 acquirendam

177 585 299 622 πων
330 566 648 638 γινομένων,
679 565 798 619 ἀλλ’
827 566 907 628 είς
943 563 1004 617 τὸ
1032 564 1226 634 ἀρέσαι
1257 564 1376 636 Θεῷ
1406 564 1484 636 τῷ
1509 565 1580 620 τὰ
1642 583 1776 638 κρυ-

180 658 295 712 πτά
325 659 505 712 είδότι.
541 658 666 720 Τοῖς
702 655 762 709 δὲ
794 654 1050 724 ἀγαπῶσι
1092 654 1185 708 τὸν
1248 655 1380 711 Θεὸν
1432 655 1652 719 εὔκολος
1681 649 1778 709 καὶ

181 749 312 819 ἡδὺς
343 750 372 802 ό
419 749 576 812 πόνος
603 748 716 802 τῶν
760 746 990 800 ἐντολῶν
1015 787 1030 812 ,
1069 745 1304 816 ἐλαφρὸν
1349 748 1445 800 καὶ
1476 746 1776 817 ἐπέραστον

182 846 310 915 ήμῖν
336 842 426 895 τὸν
464 841 658 909 ἀγῶνα
685 841 788 910 τῆς
819 837 957 908 πρὸς
1004 838 1212 891 ἐκεῖνον
1241 838 1461 908 ἀγάπης
1496 835 1772 906 ποιούσης.

180 935 269 988 Διὸ
299 935 394 988 καὶ
417 936 447 988 ό
477 933 726 1004 Πονηρὸς
757 933 932 988 πάντα
957 931 1282 1000 ἀγωνίζεται
1301 929 1502 1001 τρόπον
1530 927 1777 981 ἐκϐαλεῖν

181 1026 269 1079 τὸν
295 1026 390 1079 τοῦ
425 1025 636 1097 Κυρίου
667 1023 833 1093 φόϐον
871 1026 934 1076 ἐκ
962 1022 1071 1076 τῶν
1098 1022 1286 1093 ψυχῶν
1320 1022 1510 1092 ἡμῶν,
1542 1020 1635 1074 καὶ
1666 1019 1779 1073 δια-

181 1115 341 1169 λῦσαι
371 1114 473 1185 τὴν
500 1114 640 1185 πρὸς
671 1115 877 1166 ἐκεῖνον
904 1113 1127 1182 ἀγάπην
1171 1112 1384 1183 ἡδοναῖς
1415 1109 1775 1181 παρανόμοις.

182 1206 366 1270 Δεινδς
401 1207 512 1276 γάρ
554 1207 722 1270 ἐστιν,
758 1206 807 1257 εἰ
845 1203 1224 1276 ρᾳθυμοῦντας
1254 1203 1404 1274 εὕροι
1446 1203 1572 1264 τοὺς
1607 1199 1777 1270 φύλα-

185 1316 286 1362 κας
309 1339 324 1363 ,
360 1297 558 1367 κλέψαι
606 1297 832 1368 καιρὸν,
867 1296 962 1350 καὶ
995 1294 1331 1349 ἐπεισελθεῖν
1372 1296 1484 1358 τοῖς
1519 1292 1619 1362 τῆς
1652 1292 1780 1362 ἀρε-

184 1391 284 1459 τῆς
315 1389 499 1452 πόνοις
525 1427 541 1450 .
575 1388 671 1442 καὶ
697 1390 1061 1458 κατασπεῖραι
1103 1385 1183 1458 τῷ
1225 1385 1356 1455 σίτῳ
1384 1383 1453 1438 τὰ
1483 1382 1647 1436 αὑτοῦ
1696 1383 1778 1447 ζι-

184 1482 374 1546 ζάνια·
405 1479 698 1550 λοιδορίαν,
725 1479 888 1548 λέγω,
910 1481 1095 1548 τῦφον,
1117 1478 1444 1545 κενοδοξίαν,
1467 1476 1631 1546 τιμῆς
1661 1476 1781 1527 ἐπι-

187 1574 423 1644 θυμίαν,
469 1575 564 1627 καὶ
612 1573 682 1626 τὰ
725 1573 892 1626 λοιπά
920 1574 1018 1641 τῆς
1068 1573 1267 1635 κακίας
1297 1571 1777 1642 δημιουργήματα.

189 1669 280 1719 Δεῖ
299 1663 393 1720 οὖν
418 1665 798 1738 ἐγρηγορέναι,
819 1666 914 1719 καὶ
929 1668 1115 1738 τηρεῖν
1133 1664 1398 1719 πάντοθεν
1415 1663 1504 1716 τὸν
1538 1660 1660 1731 Ἐχθ
1669 1661 1780 1732 ρον,

189 1761 340 1821 ὅπως
374 1759 478 1812 κᾶν
505 1757 786 1832 προσϐάλῃ
816 1757 939 1810 τινὰ
975 1757 1223 1829 μηχανὴν
1257 1757 1346 1810 ὑπ’
1378 1754 1780 1825 ἀναισχυντίας,

195 1850 331 1920 πρὶν
373 1849 612 1919 ἅψασθαι
663 1849 762 1919 τῆς
805 1849 986 1920 ψυχῆς
1043 1847 1507 1918 ἀ-ποκρουσθῆναι.
1564 1847 1787 1918 Μνημο-

193 1942 389 1993 νεύετε
419 1941 474 1994 δέ
523 1958 609 2012 μοι
661 1941 898 2012 συνεχῶς
949 1942 1042 1994 καὶ
1074 1939 1266 1994 τούτου
1291 1979 1306 2004 ,
1352 1940 1435 1992 ὅτι
1482 1939 1648 1992 ’Ἅϐελ
1690 1938 1788 2009 μὲν

191 2032 504 2103 προσέφερε
531 2031 610 2103 τῷ
645 2033 838 2106 Κυρίῳ
874 2033 1066 2086 Θυσίαν
1114 2031 1223 2085 ἀπὸ
1267 2030 1382 2084 τῶν
1427 2029 1790 2101 πρωτοτόκων

192 2125 489 2196 προϐάτων
539 2125 633 2178 καὶ
674 2126 784 2179 ἀπὸ
827 2127 1093 2179 στεάτων·
1133 2125 1273 2178 Κάῖν
1312 2123 1369 2178 δὲ
1404 2123 1511 2176 ἀπὸ
1547 2123 1644 2194 μὲν
1681 2121 1790 2174 τῶν

192 2216 428 2288 καρπῶν
465 2217 564 2286 τῆς
590 2218 716 2288 γῆς,
742 2218 857 2271 ἀλλ’
890 2217 990 2270 οὐκ
1015 2217 1123 2271 ἀπὸ
1146 2217 1256 2270 τῶν
1283 2216 1592 2288 προϐάτων⁹
1634 2234 1651 2266 ι
1677 2215 1791 2268 Καὶ

190 2309 430 2375 ὲπεῖόε,›
465 2310 652 2379 φησιν,
689 2328 708 2361 ι
741 2312 768 2363 ό
803 2309 934 2373 Θεὸς
959 2311 1051 2363 ἐπὶ
1074 2311 1192 2372 ταῖς
1219 2308 1430 2371 θυσίαις
1463 2306 1557 2360 τοῦ
1585 2305 1752 2360 Ἀϐελ
1772 2319 1789 2338 ·

193 2403 290 2454 ἐπὶ
318 2402 378 2454 δὲ
425 2405 541 2465 τοῖς
567 2401 762 2473 δώροις
807 2401 900 2456 τοῦ
930 2403 1070 2456 Κάῐν
1116 2403 1177 2454 οὐ
1221 2401 1540 2472 προσέσχεν.
1574 2418 1594 2451 ι
1633 2399 1790 2452 Ἔστι

191 2496 378 2549 τοίνυν
409 2498 602 2566 μαθεῖν
630 2499 695 2549 ἐκ
723 2499 822 2567 τῆς
852 2495 1112 2565 ἱστορίας,
1141 2494 1216 2558 ὡς
1242 2495 1535 2566 εὐάρεστον
1571 2491 1649 2563 τῷ
1679 2494 1790 2546 Κυ-

198 2589 303 2658 ρίῳ
328 2589 442 2640 πᾶν
463 2588 525 2640 τὸ
554 2587 693 2658 μετά
723 2587 891 2656 φόϐου
923 2587 1017 2640 καὶ
1039 2585 1370 2649 πίστεως,ού
1399 2585 1458 2637 τὸ
1489 2581 1793 2644 πολυτελῶς

193 2681 326 2735 ἀνευ
377 2679 601 2749 ἀγάπης
648 2679 952 2749 γινόμενον.
986 2678 1121 2732 Οὐδὲ
1167 2676 1275 2748 γὰρ
1329 2674 1581 2747 Ἀϐραὰμ
1616 2673 1792 2736 ἄλλως

195 2769 423 2834 ἐδέξατο
463 2768 564 2840 τὴν
603 2768 853 2836 εὐλογίαν
889 2767 1037 2837 παρά
1078 2765 1170 2819 τοῦ
1205 2763 1575 2835 Μελχισεδὲκ,
1613 2760 1789 2835 ἀλλ’ἢ

195 2861 300 2924 τὰς
330 2860 588 2930 ἀπαρχάς
620 2861 714 2912 καὶ
740 2859 809 2912 τὰ
833 2858 1021 2930 καίρια
1052 2858 1392 2930 προσήνεγκε
1421 2855 1498 2928 τῷ
1530 2857 1668 2927 ἱερεῖ
1696 2855 1791 2909 τοῦ

195 2955 358 3009 Θεοῦ.
395 2955 601 3023 Καίρια
635 2952 694 3005 δὲ
737 2951 886 3020 λέγει
937 2951 1032 3004 καὶ
1062 2949 1346 3021 ἀκροθίνια
1372 2949 1480 3004 τῶν
1527 2949 1795 3020 ὑπαρχόν-

193 3063 310 3099 των
334 3085 350 3108 ,
385 3045 560 3115 αὐτὴν
594 3043 692 3114 τὴν
726 3041 904 3112 ψυχὴν
939 3041 1033 3096 καὶ
1084 3042 1176 3095 τὸν
1208 3041 1332 3094 νοῦν
1352 3082 1366 3105 ,
1397 3040 1634 3094 κελεύων
1661 3042 1795 3111 ἡμῖν

201 3138 283 3208 μὴ
316 3136 714 3209 μικροπρεπῶς
745 3135 894 3188 θύειν
923 3134 1002 3204 τῷ
1023 3133 1142 3204 Θεῷ
1171 3133 1269 3196 τὰς
1299 3133 1538 3196 αἰνέσεις
1569 3133 1663 3186 καὶ
1695 3132 1794 3196 τάς

197 3231 394 3300 εὐχὰς,
431 3229 565 3300 μηδὲ
590 3227 659 3280 τὰ
687 3227 918 3297 τυχόντα
959 3225 1037 3297 τῷ
1056 3225 1298 3297 Δεσπότῃ
1329 3226 1656 3296 προσάγειν,
1687 3224 1800 3278 ἀλλ’

195 3326 258 3378 εῖ
281 3341 336 3376 τι
379 3323 593 3392 καίριον
625 3320 724 3389 τῆς
752 3320 930 3391 ψυχῆς
953 3361 966 3383 ,
1006 3317 1204 3388 μᾶλλον
1241 3318 1299 3370 δὲ
1333 3317 1502 3388 αὐτὴν
1533 3316 1632 3387 τὴν
1673 3314 1801 3387 ὃλην

197 3415 519 3470 ἀνατιθέναι
543 3413 684 3484 Θεῷ.
716 3413 854 3484 Περὶ
885 3412 1065 3482 μέντοι
1095 3410 1201 3464 τῶν
1233 3409 1333 3480 τῆς
1363 3409 1563 3480 ἀρετῆς
1592 3406 1799 3478 μερῶν,

199 3509 360 3560 ποῖον
392 3507 644 3576 κρεῖττον
671 3502 945 3572 ἡγεῖσθαι,
989 3501 1081 3554 καὶ
1114 3501 1217 3572 πρὸ
1256 3499 1365 3553 τῶν
1400 3499 1574 3554 ἄλλων
1611 3500 1802 3570 ἐπιτη-

201 3600 387 3652 δεύειν
414 3638 429 3661 ,
469 3598 566 3650 καὶ
601 3599 751 3649 ποῖον
806 3593 996 3648 τούτου
1053 3592 1304 3666 δεύτερον
1333 3633 1348 3658 ,
1397 3592 1493 3646 καὶ
1537 3591 1606 3644 τὰ
1641 3591 1804 3644 λοιπά

202 3691 449 3761 ἐπεξῆς,
500 3691 601 3742 οὐκ
658 3689 804 3741 ἔστιν
859 3690 1053 3740 εἰπεῖν.
1122 3687 1390 3757 Ἀλλήλων
1446 3685 1553 3758 γὰρ
1602 3684 1803 3756 ὁμοίως

199 3784 427 3851 ἔχονται
451 3819 466 3841 ,
484 3782 578 3832 καὶ
597 3780 663 3832 δι’
677 3779 922 3850 ἀλλήλων
946 3778 1036 3831 ἐπὶ
1060 3777 1156 3849 τὴν
1173 3776 1415 3849 κορυφήν
1440 3778 1565 3840 τοὺς
1589 3776 1805 3847 χρωμέ-

196 3890 336 3935 νους
358 3871 674 3938 ἀνάγουσιν.
696 3871 760 3923 Ἦ
787 3869 885 3940 μὲν
902 3869 1009 3940 γάρ
1029 3867 1267 3940 ἁπλότης
1289 3872 1356 3939 τῇ
1393 3869 1604 3938 ὑπακοῇ
1628 3884 1804 3937 παρα-

197 3965 436 4019 δίδωσιν
457 3979 471 3990 ·
499 3963 533 4030 ή
561 3961 615 4013 δὲ
640 3960 870 4033 ὑπακοὴ,
888 3963 955 4033 τῇ
1015 3960 1194 4014 πίστει
1221 3978 1234 3991 ·
1260 3961 1398 4031 αὕτη
1424 3961 1479 4014 δὲ
1500 3964 1565 4032 τῇ
1591 3961 1764 4014 ἐλπίδι
1786 3977 1800 3992 ·

199 4059 305 4110 καὶ
328 4058 362 4124 ἡ
397 4054 580 4117 ἐλπὶς,
603 4057 665 4124 τῇ
702 4053 1015 4124 δικαιοσύνῃ
1041 4071 1056 4084 θ
1099 4053 1330 4124 κάκείνη
1351 4095 1365 4116 ,
1410 4056 1477 4124 τῇ
1517 4053 1759 4124 διακονίᾳ
1787 4071 1801 4085 ·

199 4145 304 4198 καὶ
329 4144 494 4214 αὕτη,
520 4146 584 4212 τῇ
611 4144 954 4214 ταπεινότητι
975 4161 989 4175 ο
1017 4144 1167 4216 παρὰ
1193 4144 1249 4197 δὲ
1278 4144 1479 4215 ταύτης
1502 4145 1534 4214 ἡ
1566 4145 1805 4217 πραότης

198 4234 729 4306 πραὶαμϐάνεται·
753 4237 787 4306 ή
809 4235 888 4300 δὲ,
914 4238 980 4306 τῇ
1003 4237 1148 4307 χαρᾷ
1177 4235 1440 4306 προσάγει
1460 4250 1476 4266 ⁸
1500 4238 1531 4307 ὴ
1563 4236 1620 4290 δὲ
1641 4235 1804 4308 χαρὰ,

197 4331 273 4397 τῇ
313 4329 505 4397 ἀγάπῃ
524 4345 539 4358 ο
559 4328 764 4399 ἐκείνη,
784 4331 849 4399 τῇ
879 4329 1008 4399 εὐχῇ
1031 4346 1045 4359 ·
1074 4330 1168 4381 καὶ
1189 4328 1359 4391 οὓτως
1386 4328 1628 4401 ἀλλήλων
1657 4329 1808 4400 ἐξηρ-

193 4421 482 4490 τηολιέναι,
521 4419 615 4472 καὶ
662 4419 1031 4491 ἐξαρτήσασαι
1062 4421 1152 4473 τὸν
1183 4419 1472 4491 ἐχόμενον,
1506 4421 1593 4474 ἐπ’
1636 4421 1808 4492 αὐτὴν

1883 564 2168 621 laboribus
2235 579 2375 636 Opus
2433 571 2570 620 est:
2626 577 2736 618 non
2789 564 2883 633 qui
2931 562 2998 617 ad
3038 561 3462 619 ostentationem

1883 654 2171 710 hominum
2201 655 2606 727 suscipiuntur,
2641 670 2833 710 verum
2867 654 2932 708 ad
2965 654 3289 726 placendum
3330 651 3460 719 Deo,

1884 749 1978 818 qui
2007 749 2227 804 occulta
2257 749 2434 804 novit.
2468 749 2634 820 Atqui
2663 747 2834 804 Deum
2861 747 3170 801 amantibus
3202 745 3382 802 facilis
3410 755 3464 800 et

1882 839 2165 908 iucundus
2198 846 2282 895 est
2310 839 2466 894 labor
2496 839 2909 904 mandatorum,
2939 851 3063 892 cum
3097 837 3215 892 leve
3258 844 3314 892 et
3339 850 3461 906 gra-

1886 938 2000 984 tum
2048 929 2208 985 nobis
2241 937 2517 984 certamen
2569 928 2770 984 eﬂiciat
2810 929 3053 984 charitas
3086 941 3214 997 erga
3270 925 3459 981 Deum.

1886 1023 2233 1094 Quapropter
2267 1023 2446 1079 malus
2486 1024 2636 1078 omni
2683 1022 2898 1077 ratione
2947 1019 3232 1075 contendit
3271 1025 3331 1073 ut
3369 1017 3462 1073 Dei

1887 1127 2093 1172 metum
2125 1132 2192 1171 ex
2243 1117 2441 1170 animis
2499 1115 2707 1171 nostris
2740 1114 2998 1185 expellat,
3032 1120 3087 1167 et
3120 1125 3358 1166 amorem
3410 1110 3466 1163 in

1889 1197 2061 1266 Deum
2096 1209 2477 1280 voluptatibus
2513 1207 2814 1279 illegitimis
2849 1205 3136 1260 dissolvat.
3175 1201 3470 1256 Enimvero

1889 1301 2108 1356 subtilis
2144 1309 2250 1364 est,
2281 1301 2326 1355 si
2355 1306 2635 1370 torpentes
2667 1298 2923 1353 socordia
2968 1295 3243 1350 invenerit
3284 1301 3471 1348 custo-

1890 1393 2008 1459 des,
2038 1393 2094 1446 in
2131 1391 2395 1462 rapienda
2418 1391 2852 1460 opportunitate,
2882 1397 2936 1443 et
2966 1389 3172 1443 sensim
3207 1386 3472 1442 invaden-

1890 1482 1978 1537 dis
2029 1483 2250 1537 virtutis
2313 1481 2633 1545 laboribus,
2670 1490 2833 1550 atque
2882 1479 3194 1535 inserendis
3243 1477 3473 1534 zizaniis

1893 1576 2010 1630 suis
2060 1575 2340 1629 frumento
2385 1592 2399 1628 :
2459 1572 2767 1627 convicium
2821 1571 2965 1635 dico,
3000 1570 3220 1638 fastum,
3256 1570 3471 1625 inanem

1899 1668 2152 1737 gloriam,
2186 1665 2412 1723 honoris
2448 1665 2829 1735 cupiditatem,
2860 1672 2918 1719 et
2943 1664 3049 1718 alia
3100 1663 3221 1717 vitii
3257 1661 3468 1718 elTecta.

1893 1761 2083 1831 Itaque
2112 1761 2340 1831 vigilare
2385 1765 2624 1829 oportet,
2656 1767 2710 1812 et
2760 1756 3004 1826 undique
3057 1755 3339 1810 inimicum
3373 1754 3474 1809 ob-

1824 1839 2136 1918 Bservare,
2179 1858 2240 1906 ut
2291 1850 2506 1907 etiamsi
2557 1847 2824 1902 fabricam
2879 1844 3182 1901 admoverit
3233 1845 3474 1915 aliquam

1890 1961 2002 2018 pra:
2048 1943 2388 2016 impudentia
2440 1955 2562 2007 sua,
2608 1947 2902 2010 antequam
2945 1937 3185 1992 animam
3223 1937 3473 2005 attingat,

1893 2038 2227 2093 excutiatur.
2263 2033 2380 2090 Hoc
2428 2047 2648 2104 quoque
2684 2031 3002 2101 frequenter
3040 2028 3096 2083 in
3154 2027 3473 2082 memoriam

1893 2139 2168 2192 revocate,
2200 2127 2346 2197 quod
2381 2124 2513 2179 Abel
2550 2123 2772 2192 quidem
2803 2121 3002 2176 obtulit
3033 2118 3267 2174 Domino
3303 2118 3478 2174 sacri-

1895 2223 2077 2278 ticium
2107 2221 2175 2276 de
2204 2216 2589 2290 primogenitis
2615 2215 2823 2281 ovium,
2864 2221 2919 2269 et
2940 2213 3006 2268 de
3026 2212 3278 2283 adipibus
3304 2230 3318 2266 :
3345 2210 3478 2266 Cain

1895 2322 2074 2370 autem
2137 2327 2204 2368 ex
2250 2309 2525 2365 fructibus
2573 2307 2795 2378 quidem
2849 2315 3028 2367 terrae,
3091 2303 3187 2359 sed
3239 2318 3348 2358 non
3411 2319 3480 2359 ex

1893 2405 2108 2460 ovibus.
2144 2420 2161 2452 ι
2190 2401 2256 2455 Et
2302 2399 2564 2469 respexit,
2599 2415 2618 2450 ι
2656 2396 2854 2467 inquit,
2891 2413 2909 2448 ι
2943 2394 3087 2450 Deus
3121 2395 3189 2449 ad
3224 2395 3480 2452 victimas

1894 2495 2049 2560 Abel,
2115 2493 2182 2549 ad
2213 2506 2445 2547 munera
2506 2496 2687 2544 autem
2751 2487 2887 2542 Cain
2920 2502 3029 2541 non
3083 2487 3403 2542 attendit“.
3456 2507 3476 2541 ι

1895 2585 2067 2659 Igitur
2097 2602 2164 2642 ex
2208 2584 2444 2640 historia
2501 2598 2658 2638 sacra
2703 2581 2913 2637 discere
2945 2582 3072 2636 licet
3104 2598 3268 2652 quam
3324 2598 3482 2640 acce-

1892 2687 2050 2751 ptum
2083 2678 2154 2732 sit
2185 2675 2420 2730 Domino
2453 2689 2620 2730 omne
2676 2673 2823 2744 quod
2858 2688 2984 2727 cum
3042 2674 3238 2730 timore
3267 2682 3321 2730 et
3376 2677 3478 2734 title

1898 2773 1976 2837 lit,
2009 2786 2121 2826 non
2153 2770 2298 2840 quod
2337 2775 2664 2836 sumptuose
2709 2766 2917 2834 absque
2947 2765 3239 2821 charitate.
3296 2766 3483 2838 Neque

1896 2864 2040 2918 enim
2093 2861 2254 2916 aliter
2313 2858 2591 2913 Abraham
2628 2857 2934 2928 accepisset
2966 2857 3400 2914 benedictionem
3452 2875 3484 2914 a

1898 2953 2284 3016 Melchisedec,
2319 2951 2429 3006 nisi
2480 2950 2758 3022 primitias
2801 2958 2854 3006 et
2887 2950 3161 3021 praacipua
3195 2951 3486 3008 obtulisset

1896 3047 2169 3104 sacerdoti
2197 3045 2290 3100 Dei
2313 3045 2379 3098 ".
2414 3043 2695 3114 Prmcipua
2727 3059 2856 3098 vero
2900 3043 3052 3108 dicit,
3108 3051 3161 3098 et
3217 3027 3485 3114 primitias

1906 3139 2314 3202 manubiarum,
2349 3138 2586 3191 animam
2619 3136 2794 3206 ipsam
2817 3140 2871 3190 et
2897 3146 3154 3203 mentem,
3185 3136 3314 3190 dum
3348 3152 3487 3208 prae-

1905 3232 2040 3301 cipit
2069 3230 2227 3285 nobis
2258 3243 2372 3283 non
2409 3226 2631 3283 sordide
2661 3225 2975 3298 sacriﬁgire
2999 3227 3109 3280 Deo
3139 3226 3485 3284 laudationes

1903 3333 1957 3379 et
1994 3336 2186 3393 preces
2213 3338 2228 3387 ;
2260 3335 2324 3375 ac
2355 3335 2531 3390 neque
2562 3319 2792 3372 Domino
2825 3317 3031 3387 qumvis
3057 3317 3275 3384 otl‘erre,
3309 3318 3403 3374 sed
3437 3320 3485 3376 si

1905 3414 2036 3485 quid
2068 3415 2123 3467 in
2160 3413 2345 3466 anima
2382 3411 2708 3482 primarium
2746 3409 2930 3476 fuerit,
2967 3409 3076 3464 imo
3103 3410 3276 3481 ipsam
3313 3419 3485 3467 totam

1907 3507 2016 3561 Deo
2043 3519 2388 3561 consecrare.
2421 3501 2690 3559 Czeterum
2723 3516 2846 3575 quae
2877 3501 3100 3558 virtutis
3127 3511 3310 3574 partes
3342 3520 3486 3575 pra:-

1905 3599 2201 3652 stantiores
2229 3595 2524 3652 censenda:
2560 3595 2697 3660 sint,
2763 3603 2818 3650 et
2874 3595 3075 3664 quibus
3133 3595 3312 3666 primo
3361 3604 3488 3653 ante

1905 3691 2044 3747 alias
2075 3689 2503 3745 incumbcndum
2537 3689 2627 3754 sit,
2654 3697 2710 3743 ct
2763 3688 2996 3758 reliquis
3049 3687 3331 3761 deinceps,
3375 3690 3487 3746 dici

1905 3798 2012 3838 non
2045 3790 2246 3851 potest.
2294 3781 2430 3835 Nam
2463 3780 2696 3836 virtutes
2731 3780 2875 3834 inter
2904 3796 2963 3836 se
2995 3796 3260 3837 connexa:
3313 3794 3486 3843 sunt:

1907 3889 1970 3929 ac
2001 3889 2097 3944 per
2123 3889 2182 3930 se
2211 3873 2446 3928 invicem
2493 3872 2736 3928 cultores
2790 3871 2858 3927 ad
2893 3887 3158 3930 cacumen
3199 3877 3486 3944 extollunt.

1907 3966 2121 4022 Etenim
2157 3965 2488 4036 simplicitas
2536 3964 2868 4020 obcdientia:
2917 3965 3119 4032 tradit,
3177 3966 3489 4023 obcdientia

1909 4060 2032 4116 ﬁdei
2060 4079 2074 4116 :
2110 4059 2223 4114 haec
2252 4074 2382 4113 vero
2414 4058 2554 4130 spei,
2583 4066 2638 4114 et
2677 4073 2805 4128 spes
2825 4057 3056 4128 justitia:
3082 4077 3096 4126 ;
3124 4059 3338 4129 justitia
3386 4061 3490 4114 mi-

1909 4152 2156 4214 nistcrio,
2203 4163 2259 4207 et
2292 4151 2662 4206 ministerium
2697 4151 2989 4205 humilitati
3025 4168 3040 4217 ;
3073 4151 3142 4207 ab
3172 4152 3276 4207 hac
3304 4160 3486 4208 autem

1907 4245 2198 4301 clementia
2253 4244 2576 4308 assumitur,
2639 4258 2761 4314 quae
2797 4243 2997 4313 gaudio
3029 4243 3320 4312 admovet;
3356 4261 3489 4316 gau-

1908 4339 2056 4391 dium
2082 4337 2335 4391 charitati
2359 4353 2374 4399 ;
2403 4335 2518 4390 haac
2541 4333 2838 4404 precationi
2868 4350 2883 4388 :
2910 4339 2965 4388 et
2989 4333 3070 4388 sic
3098 4349 3130 4389 a
3161 4349 3222 4390 se
3255 4335 3489 4394 invicem

1909 4429 2167 4500 pendent,
2222 4435 2278 4482 et
2313 4425 2602 4482 sublimem
2624 4441 2756 4481 eum
2790 4425 2884 4495 qui
2935 4440 3213 4496 appensus
3247 4426 3489 4482 adhaeret

193 4513 478 4578 ἀνάγουσι
535 4511 631 4564 τοῦ
693 4511 1029 4581 ποθουμένου
1077 4507 1174 4584 τὴν
1226 4513 1470 4586 κορυφὴν
1497 4557 1510 4576 ,
1556 4512 1790 4587 καθάπεε

1910 4521 1976 4576 ad
2016 4522 2192 4590 ipsum
2252 4520 2509 4575 verticem
2551 4525 2752 4588 optata:
2785 4517 2864 4573 rei
2925 4517 3152 4583 vebunt,
3209 4517 3372 4572 sicuti
3423 4534 3490 4573 ex

190 4603 550 4664 ἀπεναντίας
590 4603 625 4672 ἡ
661 4603 894 4673 πονηρία
941 4605 1068 4667 τοὺς
1096 4605 1293 4674 ἑαυτῆς
1334 4604 1550 4672 φίλους,
1582 4604 1672 4658 διὰ
1699 4604 1790 4658 τῶι

1911 4613 2140 4667 adverso
2165 4611 2487 4681 improbitas
2509 4611 2718 4665 amicos
2747 4625 2881 4666 suos
2911 4625 3004 4678 per
3026 4609 3276 4681 proprias
3306 4617 3492 4679 partes

185 4694 433 4747 οἰκείων
461 4693 634 4764 αὐτῆς
666 4694 870 4764 μερῶν,
895 4696 986 4747 ἐπὶ
1030 4696 1129 4766 τὴν
1169 4695 1402 4767 ἐσχάτην
1441 4697 1669 4765 κατάγει
1711 4714 1790 4750 κα

1911 4717 2042 4757 suas
2070 4699 2136 4754 ad
2163 4707 2469 4756 extremam
2506 4699 2768 4769 deprimit
2796 4700 3118 4770 nequitiam.
3158 4698 3323 4754 Nobis
3361 4715 3492 4754 vero

183 4785 356 4837 κέαν.
408 4785 504 4834 Δεῖ
552 4783 607 4836 δὲ
658 4785 804 4854 ἡμᾶς
843 4787 908 4856 τῇ
949 4786 1081 4856 εύχῇ
1141 4785 1302 4839 πλέον
1343 4790 1770 4859 προσκαρτερεῖν

1911 4795 2146 4863 amplius
2189 4791 2426 4847 orationi
2481 4791 2848 4847 insistendum
2897 4800 3022 4848 est:
3072 4792 3342 4863 siquidem
3378 4791 3492 4847 lucc

179 4873 318 4931 οἷον
355 4877 470 4946 γάρ
517 4878 808 4947 κορυφαῖός
837 4894 921 4940 τις
966 4876 1061 4930 τοῦ
1089 4876 1250 4948 χοροῦ
1277 4877 1384 4930 τῶν
1413 4877 1624 4948 ἀρετῶν
1666 4877 1790 4931 αὖττ

1910 4883 2076 4937 \‘cluli
2113 4881 2266 4936 chori
2301 4882 2565 4935 virtutum
2591 4881 2836 4935 antistita
2865 4881 3114 4950 quaedam
3146 4889 3253 4946 est,
3299 4891 3352 4938 et
3397 4899 3492 4954 per

170 4971 476 5039 τυγχάνει
499 5011 514 5032 ,
547 4971 642 5022 καὶ
693 4969 952 5022 συνάπτει
986 4969 1051 5022 δι’
1089 4970 1372 5040 ἁγιότητος
1419 4971 1686 5040 μυστικῆς
1715 4971 1790 5023 κα⁴

1913 4976 2261 5030 sanctitatem
2293 4987 2548 5028 arcanam
2595 4980 2649 5027 et
2702 4973 3042 5041 spiritualem
3112 4974 3381 5030 actionem
3437 4984 3493 5031 et

167 5062 606 5130 πνευματικῆς
641 5061 919 5132 ἐνεργείας
956 5060 1050 5114 καὶ
1090 5061 1382 5125 διαθέσεως
1418 5063 1658 5133 ἀρρήτου
1687 5062 1806 5134 Θεῷ

159 5159 282 5210 τὸν
306 5156 394 5224 τῇ
430 5153 564 5223 εὐχῇ
599 5151 1110 5224 προσκαρτεροῦντα
1132 5169 1146 5184 ο
1179 5151 1236 5216 ὃς
1262 5153 1396 5217 ζέων
1426 5152 1504 5224 τῷ
1527 5154 1694 5224 πόθῳ,
1711 5155 1804 5207 κό·

157 5266 286 5320 ρον
349 5243 465 5311 τῆς
523 5245 688 5314 εὐχῆς
725 5245 822 5314 οὐχ
871 5244 1157 5315 εὑρίσκει·
1206 5245 1294 5297 ἀεὶ
1331 5245 1388 5297 δὲ
1427 5245 1505 5314 τῷ
1534 5246 1682 5317 πόθῳ
1709 5247 1805 5300 τοῦ

153 5336 430 5411 ἀγα.θοῦ
454 5336 789 5408 εὑρίσκεται,
823 5338 964 5391 κατὰ
991 5337 1052 5390 τὸ
1077 5337 1363 5408 εἱῇμένον
1382 5354 1395 5368 ο
1439 5356 1457 5388 ι
1487 5339 1549 5391 Ol
1573 5338 1808 5410 τρώγον-

153 5435 268 5494 τές
301 5443 423 5499 με,
451 5426 532 5478 ἔτι
566 5427 880 5482 πεινάσουσι
903 5443 919 5456 ·
954 5429 1044 5482 καὶ
1069 5429 1118 5481 οί
1148 5429 1389 5492 πίνοντές
1425 5446 1514 5499 με,
1550 5429 1627 5482 ἔτι
1651 5430 1807 5502 διψή-

159 5537 392 5577 σουσι-
428 5535 447 5566 ι
478 5517 592 5570 Καὶ
626 5517 881 5588 ἁλλαχοῦ’
927 5519 1209 5584 «Ἔδωκας
1246 5518 1583 5590 εὐφροσύνην
1607 5521 1685 5584 είς
1711 5523 1809 5591 τὴν

155 5610 450 5685 καρδίαν
487 5621 617 5676 μου.
644 5624 662 5656 ι
703 5607 810 5660 Καὶ
836 5610 864 5661 ό
896 5608 1124 5678 Κύριον
1159 5628 1178 5661 ι
1214 5609 1278 5661 ’ῐί
1313 5607 1558 5679 βασιλεία
1589 5608 1694 5662 τῶν
1715 5611 1807 5662 ού-

1913 5063 2164 5118 alIectum
2200 5061 2644 5124 inenarrabilem,
2681 5060 2791 5114 Deo
2830 5061 3116 5132 conjungit
3147 5079 3271 5119 eum
3306 5065 3400 5135 qui
3435 5064 3490 5130 in

1912 5172 2075 5226 prece
2105 5161 2455 5226 perseverat;
2485 5153 2578 5224 qui
2609 5152 2881 5208 desiderio
2909 5151 3152 5217 fervens,
3183 5155 3489 5209 satietatem

1913 5244 2247 5316 precationis
2277 5259 2385 5297 non
2418 5243 2628 5298 invenit
2656 5261 2669 5296 :
2712 5243 2822 5297 imo
2862 5258 3078 5312 semper
3108 5257 3138 5295 a
3167 5242 3296 5297 boni
3327 5258 3493 5313 appe-

1917 5337 2018 5389 titu
2072 5333 2370 5403 corripitur
2422 5333 2580 5402 juxta
2611 5333 2663 5387 id
2717 5333 2862 5403 quod
2923 5333 3128 5386 dictum
3177 5340 3297 5388 est:
3334 5352 3351 5385 ι
3387 5334 3489 5401 Qui

1915 5427 2087 5481 edunt
2121 5440 2224 5487 me,
2259 5424 2438 5476 adhuc
2466 5425 2734 5489 csurient,
2765 5435 2818 5478 ct
2843 5425 2936 5494 qui
2963 5424 3153 5478 bibunt
3181 5440 3287 5487 me,
3313 5424 3495 5481 adhuc

1917 5517 2194 5573 sitiant”.
2239 5535 2257 5568 ι
2321 5517 2498 5586 Atque
2564 5517 2731 5570 alibi:
2770 5535 2788 5568 ι
2863 5516 3066 5572 Dedisti
3127 5516 3370 5572 laetitiam
3437 5517 3496 5573 in

1917 5609 2081 5663 corde
2112 5622 2234 5662 meo
2258 5607 2322 5660 ³³.
2366 5627 2384 5659 ι
2445 5607 2509 5661 Ει
2549 5606 2837 5673 Dominus,
2875 5628 2895 5661 ι
2936 5606 3176 5680 Regnent
3230 5611 3496 5667 cmlorum

241 5794 300 5828 ³⁸
336 5788 506 5843 Gen.
555 5799 627 5851 Iv,
663 5784 719 5846 4.
749 5784 802 5840 5.

901 5785 942 5817 ³⁷
970 5784 1099 5844 Cen.
1135 5806 1244 5854 xiv,
1281 5786 1346 5842 l8
1376 5803 1498 5854 sqq.
1593 5783 1638 5817 ⁸⁸
1662 5784 1825 5840 Eccli.
1867 5801 2016 5852 ηιξ,
2045 5786 2136 5844 29.
2213 5789 2257 5820 "
2287 5786 2432 5844 Psal.
2468 5805 2542 5846 tv.
2574 5790 2629 5843 7.
