3896 6208
486 353 594 410 305

1762 342 1819 397 S.
1861 337 2186 396 GREGORII
2213 337 2506 395 NYSSENI

3651 345 3757 401 504

488 466 633 521 intra
693 479 791 521 vos
845 465 1015 521 est".
1075 483 1092 517 ι
1157 462 1406 537 Regnum
1463 459 1755 533 appellavit
1807 457 2062 531 gaudium

2173 457 2352 528 ρανῶν
2401 455 2549 520 ὲντδς
2585 453 2739 527 ὑμῶν
2785 457 2922 510 ἐστι.
2960 456 3244 512 Βασιλείαν
3292 456 3350 513 δὲ
3404 457 3501 529 τὴν
3558 457 3760 513 ἄνωθεν

491 555 729 625 desuper
763 555 989 611 insitum
1038 554 1238 609 animis
1275 569 1374 625 per
1424 553 1672 624 spiritum
1711 567 1723 603 :
1782 547 1926 616 quod
1982 553 2064 601 est

490 647 724 701 arrhabo
759 646 1079 717 sempiterni
1110 644 1321 718 gaudii,
1355 658 1464 715 quo
1493 654 1623 699 tunc
1655 640 1907 696 fruentur
1939 653 2067 694 san-

490 745 705 793 ctorum
740 738 954 793 animae.

560 829 733 899 Igitur
766 829 1026 898 quoniam
1061 827 1398 884 declaratum
1426 833 1510 883 est
1550 825 1674 897 quis
1728 824 1800 880 sit
1848 822 2066 894 pietatis

488 936 711 991 scopus,
753 937 916 991 quem
976 921 1044 976 iis
1106 920 1450 992 propositum
1484 933 1608 975 esse
1658 916 1935 980 convenit,
1970 913 2064 985 qui

489 1011 602 1067 Deo
632 1014 855 1068 charam
896 1014 1196 1071 instituunt
1226 1012 1416 1079 vitam,
1450 1026 1573 1081 quas
1601 1017 1687 1067 est
1716 1009 1912 1063 animm
1933 1022 2064 1079 pur-

489 1105 657 1174 gatio,
693 1113 748 1159 et
776 1103 1016 1175 Spiritus
1041 1103 1218 1159 sancti
1251 1118 1350 1174 per
1382 1103 1649 1157 bonorum
1680 1115 1906 1171 operum
1940 1114 2065 1170 pro-

489 1194 691 1252 fectum
724 1196 1050 1251 inhabitatio
1075 1215 1088 1251 :
1116 1197 1353 1267 quisque
1376 1203 1617 1250 vestrum
1650 1195 1831 1247 anima
1860 1206 1926 1247 eo
1954 1206 2064 1261 quo

489 1284 924 1338 demonstratum
979 1294 1060 1340 est
1122 1280 1286 1338 modo
1353 1292 1680 1355 prmparata,
1738 1296 1802 1335 ac
1864 1280 2063 1336 referta

491 1389 676 1428 amore
721 1374 944 1439 divino,
992 1374 1065 1427 ita
1118 1375 1360 1444 seipsum
1422 1374 1677 1445 precibus
1738 1382 1791 1429 ct
1840 1373 2068 1443 jejuniis

486 1461 689 1524 tradat,
727 1476 935 1517 memor
966 1461 1087 1530 ejus
1142 1464 1235 1533 qui
1283 1462 1352 1517 ad
1402 1461 1625 1517 assidue
1659 1462 1926 1516 orandum
1970 1476 2067 1516 co-

483 1550 756 1617 hortatur,
815 1561 870 1607 et
925 1552 993 1607 ad
1046 1569 1156 1608 non
1193 1554 1437 1623 segniter
1492 1552 1787 1624 agendum.
1848 1551 2065 1607 Etenim

484 1641 749 1698 sedulitas
781 1645 834 1698 in
860 1646 1198 1715 precatione,
1218 1660 1414 1716 magna
1433 1645 1592 1701 nobis
1622 1645 1889 1715 largitur:
1923 1644 2069 1700 dun-

480 1740 633 1797 taxat
666 1734 876 1789 intenta
906 1741 959 1789 et
988 1742 1135 1789 recta
1165 1734 1506 1790 conscientia
1560 1734 1726 1789 faciat
1762 1734 1865 1790 hoc
1905 1734 2063 1805 quis-

2169 549 2291 612 ταῖς
2332 547 2528 618 ψυχαῖς
2560 547 2649 602 διὰ
2688 547 2782 601 τοῦ
2822 547 3140 619 Πνεύματος
3168 548 3524 620 ὲγγινομένην
3564 549 3762 620 εὐφρο⁸

2167 638 2334 708 σύνην
2366 637 2622 692 ἐκάλεσεν
2646 678 2660 704 ,
2727 638 2850 708 ἥτις
2892 639 3041 692 ἐστὶν
3091 638 3348 711 ἀρραϐὼν
3387 638 3487 710 τῆς
3543 638 3762 693 αίωνίου

2170 728 2347 798 χαρᾶς
2368 766 2382 789 .
2412 722 2481 799 ῆς
2517 728 2883 783 ἀπολαύσουσι
2916 728 3038 782 τότε
3065 730 3123 783 ui
3151 729 3259 783 τῶν
3299 730 3471 798 ἁγίων
3494 729 3691 803 ψυχαί.

2250 821 2402 874 Ἐπεὶ
2427 820 2603 875 τοίνυν
2632 820 2924 885 δέδεικται,
2952 821 3036 885 τίς
3054 822 3083 874 ὁ
3103 822 3203 892 τῆς
3233 821 3511 886 εὐσεϐείας
3536 823 3758 889 σκοπὸς,

2166 912 2224 967 ὃν
2250 912 2357 985 χρὴ
2385 914 2705 985 προκεῖσθαι
2730 916 2842 979 τοῖς
2865 914 2958 967 τὸν
2982 912 3204 984 θεοφιλῆ
3243 913 3356 984 βίον
3390 914 3754 986 αἱρουμένοις,

2166 1005 2225 1069 ὂς
2267 1006 2383 1059 ἐστι
2429 1005 2609 1077 ψυχῆς
2640 1005 3010 1077 καθαρισμδς,
3055 1006 3148 1060 xui
3184 1005 3278 1059 τοῦ
3327 1006 3648 1078 Πνεύματος
3693 1006 3758 1061 δι’

2167 1092 2344 1166 ἔργων
2376 1092 2597 1163 ἀγαθῶν
2647 1096 2931 1165 προκοπῆς
2981 1097 3253 1166 ὲνοίκησις
3277 1111 3290 1124 ·
3343 1096 3573 1161 ἕκαστος
3604 1099 3759 1169 ὐμῶν

2168 1186 2311 1240 κατὰ
2352 1187 2442 1239 τὸν
2480 1187 2871 1259 ἀποδειχθέντα
2925 1188 3125 1261 τρόπον
3178 1191 3607 1261 παρασκευάσας
3663 1191 3758 1261 τὴν

2168 1276 2365 1348 ψυχὴν,
2391 1279 2485 1332 xui
2513 1280 2716 1350 μεστὴν
2743 1279 2888 1333 θείου
2912 1282 3141 1352 ποιήσας
3167 1281 3396 1352 ἔρωτος,
3424 1282 3597 1346 οὓτως
3625 1284 3759 1337 ἀποο

2168 1367 2304 1422 δότω
2338 1368 2529 1423 ἑαυτὸν
2561 1373 2681 1434 ταῖς
2717 1372 2907 1442 εὐχαῖς
2941 1373 3033 1425 xui
3061 1366 3362 1441 νηστείαις,
3412 1374 3759 1445 μεμνημένος

2168 1458 2263 1513 τοῦ
2300 1460 2777 1531 παρακαλοῦντος,
2831 1462 2892 1516 τὸ
2927 1462 3286 1527 ἀδιαλείπτως
3338 1464 3756 1535 προσεύχεσθαι,

2171 1551 2265 1604 xui
2317 1552 2391 1622 μὴ
2435 1553 2712 1608 ὲκκακεῖν.
2765 1554 2829 1607 Ἤ
2862 1554 2968 1627 γάρ
3001 1555 3129 1625 περὶ
3171 1555 3269 1626 τὴν
3315 1556 3479 1627 εὐχὴν
3533 1558 3755 1627 σπουδὴ,

2175 1642 2385 1715 μεγάλα
2434 1644 2565 1715 ἡμῖν
2616 1644 2899 1716 χαρίζεται
2927 1663 2939 1677 ο
2982 1646 3141 1717 μόνον
3199 1648 3435 1718 συντόνῳ
3484 1648 3577 1702 καὶ
3624 1649 3756 1721 ὀρθῇ

2175 1736 2473 1793 συνειδήσει
2494 1737 2653 1791 τοῦτο
2683 1739 2903 1791 ποιοίτω
2929 1737 3177 1805 ἕκαστος,
3212 1740 3462 1811 μηδαμοῦ
3490 1742 3637 1795 κατὰ
3660 1743 3759 1813 τὴν

484 1841 628 1895 que;
664 1840 934 1897 nusquam
967 1826 1300 1897 cogitatione
1366 1834 1564 1898 sponte
1626 1828 2062 1899 circumvagans,

2171 1824 2405 1882 διάνοιαν
2435 1828 2696 1892 ἑκουσίως
2725 1828 3207 1901 περιπλανώμενος
3230 1848 3244 1863 ·
3280 1832 3414 1900 μηδὲ
3448 1831 3643 1904 ῶσπερ
3667 1834 3761 1887 ὐπ’

485 1932 663 1988 neque
692 1927 751 1973 ut
801 1919 1128 1974 necessitate
1160 1932 1412 1975 exortum
1457 1920 1700 1976 debitum
1751 1920 2066 1985 exsolvens,

488 2007 581 2062 sed
639 2008 805 2062 animi
860 2009 1195 2066 desiderium
1250 2018 1417 2082 atque
1467 2026 1710 2067 amorem
1762 2012 2065 2082 complens.

489 2096 757 2170 Suggerct
782 2100 947 2154 etiam
981 2099 1249 2158 Dominus
1285 2104 1401 2174 ipse
1429 2104 1770 2175 petentibus,
1793 2102 2069 2175 quomodo

485 2193 815 2262 prccandun
859 2194 951 2259 sit,
976 2194 1132 2264 juxta
1159 2196 1211 2252 id
1242 2196 1386 2268 quod
1420 2197 1624 2253 dictum
1657 2204 1771 2253 est:
1807 2195 1913 2264 Qui
1945 2203 2069 2268 pre-

488 2299 607 2339 cem
641 2285 733 2339 dat
768 2288 1033 2356 precanti.
1063 2287 1235 2358 Igitur
1263 2299 1317 2343 et
1353 2295 1540 2359 petere
1570 2296 1809 2358 oportet,
1846 2295 1900 2343 et
1926 2287 2069 2343 scire

486 2388 609 2428 cum
641 2374 813 2444 quiin
877 2375 1212 2446 precatione,
1247 2391 1370 2448 qua:
1434 2377 1574 2431 tanti
1629 2377 1893 2433 momenti
1959 2384 2065 2442 est,

485 2473 824 2534 perseverat,
865 2483 1060 2540 magno
1111 2468 1296 2524 studio
1336 2484 1643 2541 magnaque
1683 2470 1881 2524 virium
1932 2483 2065 2525 con-

486 2558 745 2623 tentione,
781 2568 1059 2615 certamen
1108 2560 1317 2616 subire.
1356 2560 1629 2626 Quoniam
1690 2561 1879 2616 vitium
1929 2559 2067 2617 iusi-

486 2647 670 2703 diatur
721 2649 996 2720 ejusmodi
1062 2651 1458 2721 potissimum,
1516 2651 1761 2723 undique
1822 2651 2067 2708 studium

487 2740 706 2797 honesti
736 2757 991 2811 quaerens
1020 2751 1287 2799 evertere.
1324 2741 1463 2799 Hinc
1509 2743 1759 2812 corporis
1796 2754 1851 2799 et
1899 2743 2067 2798 animi

487 2833 660 2898 labes,
696 2833 1100 2903 inde‘mollitia,
1149 2843 1205 2889 et
1255 2833 1471 2889 incuria
1502 2845 1556 2889 et
1607 2835 1955 2905 negligentia,
2015 2842 2069 2890 et

487 2931 706 2990 caetera,
737 2925 942 2995 quibus
979 2926 1163 2980 anima
1198 2924 1540 2997 proﬂigatur,
1573 2942 1671 2997 per
1697 2935 1883 2996 partes
1921 2927 2069 2985 dire-

488 3022 598 3087 pta,
629 3023 698 3070 .ct
761 3014 829 3070 ad
870 3016 1086 3071 hostem
1154 3032 1316 3072 suum
1351 3016 1656 3089 transfuga.
1693 3016 2064 3085 Quamobrem

486 3122 585 3178 par
612 3115 697 3164 est
739 3108 1033 3173 rationem,
1076 3118 1332 3180 tanquam
1372 3109 1697 3180 prudentem
1735 3110 2062 3182 gubernato-

485 3211 623 3264 rem,
680 3197 876 3253 anima:
919 3198 1239 3269 praesidere,
1301 3206 1360 3253 ut
1421 3201 1594 3270 ipsam
1658 3209 1939 3271 comparet
1998 3201 2066 3256 ad

487 3296 636 3345 recta
672 3290 1155 3361 navigandum,'et
1181 3291 1566 3363 appelleudum
1609 3290 1676 3346 ad
1709 3302 1923 3362 portum
1973 3295 2064 3364 qui

486 3399 707 3441 sursum
737 3391 818 3441 est
846 3403 860 3453 ;
892 3395 946 3442 et
970 3386 1220 3441 eamdem
1248 3386 1518 3457 integram
1556 3386 1751 3443 reddat
1804 3387 1936 3452 Deo,
1970 3391 2065 3461 qui

485 3476 609 3532 fidei
640 3477 920 3535 commisit
959 3486 1014 3534 et
1071 3478 1290 3548 repetit.
1347 3477 1522 3534 Porro
1577 3481 1899 3551 praepositos
1957 3497 2066 3537 una

484 3569 740 3641 opitulari
775 3569 902 3623 huic
928 3569 1106 3633 decet,
1167 3575 1336 3638 atque
1368 3570 1516 3623 omni
1553 3570 1740 3625 studio
1793 3579 1846 3625 et
1875 3570 2066 3626 admo-

478 3662 693 3717 nitione
748 3660 1026 3731 precantis
1084 3660 1440 3730 cupiditatem
1498 3662 1553 3714 in
1617 3646 1900 3731 proposito
1962 3677 2064 3717 suo

484 3754 649 3808 alere.
674 3751 887 3807 Etenim
928 3767 1117 3808 eorum
1147 3752 1242 3822 qui
1289 3766 1416 3806 vere
1452 3760 1749 3823 precantur
1798 3753 2060 3808 virtutum

482 3845 695 3902 fructus
719 3846 1144 3918 intelligentibus
1170 3854 1447 3907 ostensus,
1516 3861 1625 3900 non
1660 3846 1726 3903 iis
1769 3847 1933 3902 moJo
1969 3850 2062 3918 qui

483 3937 761 4009 progressi
805 3938 1029 4002 fuerint,
1075 3937 1169 3993 sed
1201 3944 1255 3992 et
1302 3936 1602 3992 infantibus
1635 3938 1835 4004 adhuc,
1872 3947 1925 3993 et
1975 3937 2062 3992 di-

484 4027 733 4098 scipliure
753 4027 1039 4097 egentibus
1070 4026 1220 4081 utilis
1256 4027 1494 4093 exsistit,
1530 4026 1658 4080 dum
1695 4026 1846 4097 ipsos
1877 4026 1945 4080 ad
1999 4041 2062 4083 ea

483 4134 607 4189 qua:
645 4116 833 4173 vident
879 4116 1147 4171 imitanda
1183 4116 1445 4171 concitat.
1492 4117 1759 4172 Caeterum
1807 4131 1954 4186 pura:
1999 4132 2063 4171 ac

481 4210 712 4265 sincera:
735 4208 1067 4278 precationis
1089 4206 1303 4263 fructus
1327 4208 2060 4277 est,simplicitas,charitas,

482 4302 785 4369 humilitas,
825 4300 1142 4366 tolerantia,
1186 4300 1541 4357 innocentia:
1578 4302 1792 4373 aliaque
1823 4301 2062 4372 ejusmo-

480 4391 560 4459 di,
594 4407 715 4462 quae
744 4391 965 4446 aeternis
995 4389 1267 4446 fructibus
1330 4400 1617 4457 anteeunt,
1664 4407 1766 4463 per
1823 4391 2061 4448 studiosi

2169 1918 2418 1991 ἀνάγκης
2449 1920 2704 1974 ἀκούσιον
2736 1920 2894 1992 χρέος
2937 1921 3255 1989 ἀποδιδοὺς,
3289 1922 3403 1976 ἀλλ’
3449 1923 3631 1993 ἔρωτα
3665 1926 3761 1979 καὶ

2171 2009 2333 2063 πόθον
2361 2010 2696 2082 ἀποπληρῶν
2730 2011 2830 2082 τῆς
2866 2011 3063 2082 ψυχῆς.
3096 2010 3266 2065 Δὼσει
3314 2013 3370 2066 δὲ
3401 2014 3493 2068 καὶ
3538 2015 3700 2077 αὐτὸς
3728 2016 3762 2067 ὁ

2172 2102 2373 2172 Κύριος
2407 2104 2515 2166 τοῖς
2543 2102 2783 2156 αἰτοῦσιν
2814 2104 2963 2166 ὅπως
2995 2101 3249 2174 εὔχεσθαι
3284 2104 3382 2171 δεῖ,
3418 2105 3561 2158 κατά
3584 2106 3642 2159 τὸ
3675 2106 3760 2158 εί-

2176 2191 2409 2262 ρημένον
2449 2206 2461 2219 '
2521 2192 2579 2245 Ὀ
2628 2192 2803 2257 διδοὺς
2852 2193 3016 2265 εὐχὴν
3052 2194 3130 2266 τῷ
3181 2196 3479 2267 εὐχομένῳ.
3529 2197 3625 2251 Δεῖσ
3661 2193 3762 2251 οῦν

2171 2287 2341 2339 αἰτεῖν
2368 2324 2384 2348 ,
2436 2285 2530 2339 xui
2574 2285 2772 2340 εἰδέναι
2820 2286 2912 2340 τὸν
2957 2290 3021 2358 τῇ
3066 2288 3198 2360 εὐχῇ
3245 2288 3761 2360 προσκαρτεροῦντα

2172 2376 2460 2448 πράγματι
2487 2377 2724 2449 τοσούτῳ
2751 2418 2765 2444 ,
2796 2378 2934 2449 μετὰ
2981 2379 3182 2450 πολλῆς
3210 2381 3450 2452 σπουδῆς
3475 2382 3567 2436 καὶ
3598 2380 3760 2436 δυνάο

2176 2488 2320 2541 μεως
2365 2470 2608 2525 ἐναθλεῖν
2659 2471 2737 2542 τῷ
2774 2472 2967 2541 ἀγῶνι.
3014 2474 3165 2527 Ἐπεὶ
3221 2475 3454 2545 μάλιστα
3500 2477 3534 2547 ή
3587 2477 3760 2530 κακία

2172 2564 2281 2625 τοῖς
2314 2552 2573 2626 τοιούτοις
2598 2561 2897 2632 ἐφεδρεύει,
2939 2564 3202 2618 πάντοθεν
3230 2564 3468 2637 ζητοῦσα
3502 2567 3758 2639 περιτρέ-

2171 2654 2269 2725 ψαι
2296 2653 2393 2725 τὴν
2424 2655 2678 2727 σπουδήν.
2723 2655 2963 2710 Ἐκεῖθεν
3012 2657 3191 2722 ἄνεσις
3234 2656 3487 2728 σώματος
3525 2658 3621 2712 xui
3651 2658 3757 2728 ψυ-

2172 2746 2275 2816 χῆς
2304 2762 2319 2776 ο
2361 2745 2610 2799 ἐντεῦθεν
2655 2746 2916 2816 μαλακία,
2968 2748 3063 2802 xui.
3091 2747 3313 2820 άκηδία,
3346 2750 3440 2803 καὶ
3469 2749 3751 2822 ὀλιγωρία,

2172 2837 2267 2891 xui
2296 2836 2365 2891 τὰ
2387 2834 2570 2898 λοιπά,
2601 2835 2669 2889 δι’
2698 2828 2772 2890 ὧν
2800 2836 3101 2891 ἀπόλλυται
3130 2837 3276 2910 ψυχὴ
3307 2839 3447 2892 κατά
3478 2840 3643 2910 μέρος
3667 2840 3756 2911 ἀρ-

2172 2928 2477 3000 παξομένη,
2523 2928 2615 2982 xui
2642 2928 3017 2998 αὐτομολοῦσα
3048 2929 3184 3001 πρὸς
3210 2930 3301 2985 τὸν
3331 2929 3522 3003 ἐχθρὸν
3560 2931 3754 3003 αὐτῆς.

2172 3018 2295 3092 Χρὴ
2330 3014 2422 3073 οὖν
2452 3019 2744 3090 ἐφεστάναι
2780 3021 2846 3090 τῇ
2878 3020 3022 3092 ψυχῇ
3064 3020 3315 3094 καθάπερ
3362 3022 3527 3093 σοφὸν
3560 3023 3756 3094 κυὸερ-

2172 3109 2339 3180 νήτην
2385 3107 2476 3163 τὸν
2544 3107 2800 3180 λογισμὸν
2836 3145 2851 3172 ,
2910 3110 3396 3180 παρασκευάζοντα
3443 3110 3755 3165 εὐθυπλοεῖν

2173 3198 2309 3270 πρὸς
2338 3200 2431 3252 τὸν
2460 3199 2571 3252 ἄνω
2604 3198 2800 3269 λιμένα
2826 3238 2841 3264 ,
2872 3200 2965 3254 xui
2995 3200 3093 3273 τὴν
3122 3200 3299 3273 ψυχὴν
3328 3201 3588 3274 ἀκέραιον
3617 3205 3756 3259 ἀπο-

2169 3292 2377 3347 διδόντα
2415 3293 2493 3363 τῷ
2544 3294 2894 3351 πιστεύσαντι
2922 3294 3059 3367 Θεῷ.
3097 3295 3205 3349 Καὶ
3236 3296 3362 3359 τοὺς
3405 3297 3757 3367 προεστῶτας

2168 3383 2224 3437 δὲ
2255 3382 2361 3454 χρὴ
2389 3385 2900 3456 συναντιλαμϐάνειν
2924 3386 3002 3457 τῷ
3029 3386 3255 3456 τοιούτῳ
3278 3426 3295 3453 ,
3323 3388 3419 3440 xui
3447 3388 3536 3442 διά
3575 3391 3756 3461 πάσης

2171 3476 2407 3547 σπουδῆς
2440 3477 2533 3530 xui
2559 3476 2840 3541 νουθεσίας
2876 3476 3100 3549 τρέφειν
3144 3477 3243 3549 τὴν
3274 3482 3400 3549 περὶ
3430 3479 3491 3533 τὸ
3527 3484 3757 3552 προκεί-

2171 3584 2333 3638 μενον
2360 3567 2453 3621 τοῦ
2481 3568 2774 3639 εὐχομένου
2807 3568 3124 3639 ἐπιθυμίαν.
3155 3568 3275 3622 Τῶν
3307 3571 3413 3641 γὰρ
3459 3572 3627 3637 δντως
3663 3574 3760 3627 εὐ-

2167 3658 2411 3729 χομένων
2435 3658 2463 3711 ὁ
2496 3660 2706 3731 καρπδς
2735 3660 2842 3713 τῶν
2871 3659 3085 3733 ἀρετῶν
3107 3662 3219 3725 τοῖς
3251 3662 3520 3716 συνιοῦσιν
3552 3666 3760 3719 ἐπιδει-

2167 3749 2430 3820 κνύμενος
2457 3791 2472 3817 ,
2513 3751 2575 3803 οὐ
2605 3750 2683 3820 τῷ
2723 3751 3056 3822 προκόψαντι
3092 3752 3277 3823 μόνῳ,
3312 3752 3445 3807 ἀλλὰ
3498 3755 3591 3808 xui
3637 3759 3757 3820 τοῖς

2166 3841 2247 3895 ἔτι
2278 3842 2491 3912 νηπίοις
2518 3841 2613 3896 xui
2639 3842 2916 3914 δεομένοις
2943 3842 3290 3908 διδασκαλίας
3313 3884 3327 3907 ,
3358 3846 3622 3917 χρήσιμος
3663 3847 3758 3915 γί-

2165 3950 2336 3992 νεται,
2364 3934 2686 4005 προτρέπων
2711 3934 2906 3998 αὐτοὺς
2936 3935 3015 3994 εἰς
3048 3935 3279 4007 μίμησιν
3300 3928 3373 3989 ὧν
3394 3936 3583 4007 ὁρῶσι.
3605 3937 3758 4009 Καρ-

2166 4020 2265 4085 πδς
2293 4021 2337 4075 δ’
2374 4022 2698 4102 εἰλικρινοῦς
2742 4024 2906 4094 εὐχῆς
2948 4024 3188 4094 ἁπλότης
3215 4065 3230 4089 ,
3291 4026 3478 4096 ἀγάπη
3502 4065 3515 4090 ,
3557 4042 3758 4080 ταπει-

2164 4112 2467 4185 νοφροσύνη
2489 4153 2503 4177 ,
2551 4113 2820 4185 καρτερία
2844 4153 2860 4179 ,
2892 4114 3094 4168 ἀκακία
3117 4153 3133 4178 ,
3171 4117 3265 4169 xui
3310 4116 3380 4169 τὰ
3424 4115 3681 4180 τοιαῦτα,
3712 4117 3753 4173 ἃ

2165 4206 2272 4276 πρὸ
2321 4202 2431 4257 τῶν
2484 4204 2717 4257 αἰωνίων
2776 4204 3039 4275 καρπῶν,
3096 4207 3249 4278 παρά
3295 4206 3385 4259 τὸν
3423 4206 3541 4277 βίον
3577 4210 3606 4261 ό
3653 4207 3755 4261 τοῦ

2167 4296 2455 4350 σπουδαίου
2612 4295 2842 4350 ἐνταῦθα
2876 4294 3180 4366 βλαστάνει.
3211 4297 3429 4362 Τούτοις
3455 4298 3589 4369 εὐχὴ
3620 4299 3757 4353 καλ-

2164 4389 2459 4456 λωπίζεται
2486 4390 2597 4452 τοῖς
2627 4390 2861 4460 καρποῖς
2890 4402 2906 4419 '
2937 4389 3221 4461 ἀποροῦσα
3264 4390 3320 4444 δὲ
3357 4389 3563 4444 τούτων
3590 4431 3606 4456 ,
3643 4392 3754 4462 μά·-

479 4482 716 4536 vitam...
752 4480 842 4536 hic
872 4480 1166 4551 pullulant.
1225 4476 1387 4536 llisée
1450 4480 1724 4537 fructibus
1767 4480 2062 4537 decoratur

2169 4500 2313 4536 ταιον
2338 4481 2449 4553 ἔχει
2481 4481 2641 4534 πόνον
2660 4497 2674 4513 ο
2702 4480 2919 4541 καὶ,·οὐκ
2946 4480 3084 4552 αὐτὴ
3115 4481 3291 4551 μόνον,
3310 4481 3446 4536 ἀλλά
3476 4483 3569 4537 καὶ
3600 4486 3755 4539 πᾶσα

479 4575 767 4644 precatio:
828 4573 1035 4645 quibus
1070 4574 1116 4628 si
1177 4572 1538 4637 destituatur,
1601 4573 1818 4628 inanem
1890 4576 2057 4629 sumit

484 4666 774 4733 laborem;
810 4681 991 4736 neque
1033 4665 1150 4735 ipsa
1192 4662 1479 4728 duntaxat,
1530 4665 1625 4720 sed
1676 4666 1838 4721 etiam
1878 4665 2057 4721 omnis

477 4755 837 4826 phil050phiae
873 4755 960 4808 via
987 4763 1041 4810 et
1082 4753 1245 4820 ratio,
1286 4771 1409 4826 qua:
1441 4771 1663 4827 germen
1708 4757 1871 4814 habet
1901 4758 2053 4828 ejus-

476 4847 665 4913 modi,
709 4847 938 4918 justitite
994 4863 1185 4918 reapse
1241 4856 1326 4903 est
1379 4848 1574 4905 semita
1628 4859 1680 4905 ct
1721 4849 1792 4905 ad
1841 4857 2054 4905 rectum

474 4935 625 4989 ducit
682 4932 930 5004 exitum;
990 4938 1078 4992 his
1121 4947 1301 4993 autem
1361 4939 1593 5009 privata,
1645 4956 1843 4997 nomen
1894 4943 2057 4997 inane

475 5029 824 5097 relinquitur.
872 5029 1079 5102 Ecquis
1125 5041 1211 5087 est
1267 5048 1402 5087 usus
1456 5034 1586 5088 vitis
1638 5035 1892 5101 exculta},
1948 5036 2054 5092 nisi

475 5120 687 5175 fructus
735 5118 942 5185 adsint,
992 5137 1231 5193 quorum
1284 5123 1458 5194 gratia
1500 5124 1718 5181 labores
1755 5127 2057 5181 exantlavit

473 5211 757 5281 agricola?
788 5212 943 5278 Quod
972 5212 1186 5269 lucrum
1218 5221 1302 5269 est
1333 5214 1529 5286 jejunii
1569 5224 1624 5271 et
1656 5218 1930 5275 orationis
2001 5228 2055 5276 et

472 5303 765 5373 pcrvigilii,
808 5305 855 5361 si
886 5320 991 5376 pax
1012 5313 1068 5361 et
1097 5304 1358 5377 gaudium
1387 5316 1441 5362 et
1474 5308 1739 5373 charitas,
1768 5318 1823 5365 et
1856 5311 2054 5381 reliqui

473 5392 687 5447 fructus
712 5394 905 5462 gratia:
931 5394 1161 5466 spiritus
1204 5410 1314 5450 non
1348 5395 1672 5452 adfuerint?
1714 5408 2055 5471 quapropter

475 5471 698 5538 labores
726 5482 929 5554 jejunii
956 5494 1012 5541 et
1048 5486 1320 5543 orationis
1348 5494 1403 5542 et
1434 5494 1760 5544 czeterorum
1803 5504 2055 5560 operum,

473 5584 598 5625 cum
634 5573 809 5628 multa
836 5574 1188 5644 iucunditate
1232 5575 1591 5648 et‘charitate
1623 5588 1678 5635 et
1723 5593 1822 5650 spe
1867 5580 2053 5636 cousi-

543 5747 591 5781 “
611 5746 743 5807 Luc.
769 5765 903 5820 xvu,
924 5748 1014 5808 21.

2164 4572 2479 4643 φιλοσοφίας
2507 4570 2624 4634 ὁδὸς
2645 4569 2899 4640 τοιαύτην
2926 4570 3026 4642 μὲν
3043 4571 3239 4642 ἔχουσα
3264 4571 3522 4643 βλάστην,
3547 4572 3756 4627 δικαιο-

2166 4665 2331 4737 σύνης
2355 4663 2518 4727 ὅντως
2550 4661 2697 4715 ἐστὶν
2729 4660 2880 4725 ὁδὸς,
2914 4662 3006 4715 xui
3035 4662 3170 4734 πρὸς
3201 4662 3359 4735 ὀρθὸν
3387 4663 3509 4732 ἄγει
3546 4663 3701 4729 τέλος
3734 4682 3749 4696 ·

2161 4759 2369 4814 τούτων
2422 4757 2479 4811 δὲ
2528 4756 2865 4827 ἑστερημένη
2892 4794 2907 4821 ,
2943 4756 3098 4810 κενὸν
3134 4755 3305 4827 ὄνομα
3338 4758 3749 4815 καταλείπεται.

2164 4855 2230 4908 Τί
2268 4852 2459 4933 ὄφελος
2497 4851 2740 4922 ἀμπέλου
2775 4851 3188 4933 πεπονημένης,
3222 4850 3450 4921 καρπῶν
3480 4852 3555 4923 μὴ
3605 4869 3755 4923 παρ-

2162 4940 2351 5003 όντων,
2392 4932 2467 4992 ὧν
2493 4938 2654 4992 ἕνεκα
2682 4940 2710 4992 ὁ
2734 4932 2978 5009 γεωργὸς
3008 4938 3098 4992 τὸν
3138 4939 3298 4992 πόνον
3330 4939 3592 5011 ὑπέμεινε
3616 4959 3634 5007 ;
3682 4941 3750 4994 Τί

2161 5031 2352 5102 κέρδος
2380 5030 2635 5101 νηστείας
2674 5030 2767 5083 xui
2814 5031 3123 5101 προσευχῆς
3162 5031 3255 5084 xui
3297 5032 3636 5103 ἀγρυπνίας,
3673 5034 3749 5087 el-

2164 5124 2331 5195 ρήνης
2361 5120 2604 5190 ἀπούσης
2639 5120 2732 5173 xui.
2761 5122 2933 5191 χαρᾶς
2966 5122 3061 5175 xui.
3094 5121 3311 5193 ἀγάπης
3335 5164 3350 5190 ,
3379 5124 3473 5176 xui
3498 5124 3605 5177 τῶν
3632 5124 3745 5178 λοιο
3820 5156 3835 5167 ο

2160 5214 2278 5269 πῶν
2327 5214 2424 5286 τῆς
2468 5212 2563 5267 τοῦ
2616 5211 2927 5283 Πνεύματος
2973 5212 3192 5283 χάριτος
3240 5214 3464 5286 καρπῶν
3493 5232 3507 5280 ;
3535 5218 3629 5269 Δεῖ
3654 5213 3743 5272 οὖν

2158 5309 2286 5371 τοὺς
2321 5307 2420 5379 μὲν
2454 5307 2647 5371 πόνους
2672 5305 2773 5375 τῆς
2803 5305 3056 5374 νηστείας
3077 5306 3170 5359 xui.
3199 5306 3298 5377 τῆς
3322 5307 3487 5380 εὐχῆς
3516 5310 3609 5363 καὶ
3641 5312 3744 5365 τῶν

2158 5395 2359 5450 λοιπῶν
2379 5395 2553 5469 ἔργων
2600 5394 2737 5466 μετὰ
2783 5394 2984 5465 πολλῆς
3029 5395 3224 5466 ἡδονῆς
3268 5397 3363 5449 xui
3390 5398 3615 5469 ἀγάπης
3652 5401 3745 5452 καὶ

2156 5486 2367 5550 ἐλπίδος
2396 5485 2722 5556 ὑφίστασθαι
2741 5501 2754 5516 ⁶
2797 5484 2866 5539 τὰ
2895 5484 2952 5539 δὲ
2983 5486 3118 5559 ἄνθη
3147 5486 3257 5541 τῶν
3288 5487 3467 5542 πόνων
3495 5492 3590 5544 καὶ
3619 5492 3745 5554 τοὺς

2157 5579 2424 5649 καρποὺς,
2450 5580 2516 5649 τῇ
2538 5575 2633 5632 τοῦ
2657 5575 2977 5649 Πνεύματος
2999 5576 3135 5633 εἶναι
3166 5579 3442 5637 πιστεύειν
3472 5581 3745 5655 ἐνεργείᾳ.
