3896 6208
211 273 309 330 305

1352 275 1440 332 DE
1478 276 1851 335 INSTITUTO
1889 277 2324 334 CHRISTIANO.

3362 278 3469 332 306

203 400 352 448 stere
408 390 682 449 convenit.
743 389 936 448 Flores
986 407 1115 448 vero
1162 392 1407 449 laborum
1461 403 1514 451 et
1557 396 1788 468 fructus,
1837 402 1885 457 Α
1933 399 2165 468 Spiritus
2210 393 2537 452 sanctissimi
2602 390 2920 463 operatione
2989 391 3181 447 adesse
3240 401 3468 446 creuenv

201 480 337 536 dum
374 490 482 536 est.

280 570 347 622 Ei
381 570 427 623 δ’
452 568 517 623 ἂν
542 569 716 641 ἑαυτῷ
761 587 847 634 τις
878 570 1143 639 λογίζοιτο
1190 571 1364 628 ταῦτα
1384 613 1398 639 ,
1451 575 1541 628 καὶ
1588 576 1649 629 τὸ
1680 579 1787 631 πᾶν

206 656 490 729 ἀνατιθείη
524 661 633 722 τοῖς
680 658 864 723 πόνοις
894 700 909 726 ,
950 659 1071 713 ἀντὶ
1099 660 1207 713 τῶν
1235 661 1524 732 ἀκηράτων
1565 664 1788 719 ἐκείνων

208 750 471 821 καρπῶν,
501 749 820 814 ἀλαζονείας
868 749 947 821 τῷ
997 751 1223 822 τοιούτῳ
1275 752 1529 825 φρόνημα
1573 755 1785 824 φύεται.

208 842 301 897 Διὸ
329 840 433 911 χρὴ
454 842 580 904 τοὺς
618 840 718 911 μὲν
745 841 883 912 ὑπὲρ
911 841 1010 911 τῆς
1050 842 1252 914 ἀρετῆς
1276 843 1488 912 ἀγῶνας
1519 844 1639 915 μεθ’
1666 846 1788 916 ἠδο-

205 932 306 1002 νῆς
339 932 632 1002 ὑπομένειν
657 948 671 963 ο
711 930 811 1002 τὴν
841 931 898 984 δὲ
930 931 1197 1003 λύτρωσιν
1230 934 1327 1004 τῆς
1354 933 1554 1005 ψυχῆς,
1578 937 1643 989 ὲκ
1679 936 1788 990 τῶν

206 1021 395 1075 παθῶν
439 1021 518 1093 τῷ
562 1020 683 1092 Θεῷ
719 1021 1061 1076 ἀνατιθέναιο
1111 1023 1187 1087 ὡς
1225 1023 1291 1078 ἂν
1331 1024 1471 1078 οὕτω
1523 1026 1788 1095 κρείττων

210 1114 411 1183 ἑαυτῆς
449 1116 482 1184 ἡ
507 1113 652 1186 ψυχὴ
675 1114 964 1186 γενομένη,
990 1115 1085 1168 καὶ
1111 1114 1211 1185 τῆς
1237 1113 1331 1169 τοῦ
1372 1115 1594 1186 Ἐχθροῦ
1627 1117 1784 1172 δυνα-

208 1207 457 1276 τωτάτης
485 1205 682 1270 κακίας
706 1247 721 1272 ,
758 1207 1073 1278 οἰκητήριον
1098 1206 1298 1276 ἀγαθὸν
1332 1207 1526 1279 ἑαυτὴν
1564 1211 1787 1281 παρέξει

208 1295 285 1364 τῷ
323 1295 687 1366 προσκυνητῷ
716 1295 812 1349 καὶ
851 1295 991 1366 ἀγίιρ
1043 1296 1350 1367 Πνεύματι,
1404 1296 1535 1368 παρ’
1584 1290 1645 1350 οῦ
1691 1297 1788 1369 τὴν

207 1387 472 1442 ἀθάνατον
499 1387 594 1440 τοῦ
623 1386 862 1457 Χριστοῦ
894 1387 1135 1443 λαϐοῦσα
1173 1388 1394 1460 εἰρήνην
1414 1429 1428 1452 ,
1460 1388 1788 1443 συνάπτεται

206 1477 275 1530 δι’
300 1477 470 1547 αὑτῆς
489 1517 506 1539 ,
532 1477 626 1530 καὶ
653 1477 1054 1549 προσκολλᾶπαι
1086 1477 1164 1549 τῷ
1211 1478 1414 1549 Κυρίῳ.
1464 1480 1526 1532 Ei
1556 1479 1613 1533 δέ
1645 1496 1787 1544 τινες

210 1569 378 1638 μήπω
403 1569 495 1621 τὸν
518 1568 619 1639 τῆς
651 1568 827 1638 ἄκρας
856 1568 1023 1639 εὐχῆς
1048 1569 1200 1622 τόνον
1226 1568 1442 1640 ἔχοντες
1460 1608 1474 1631 ,
1519 1569 1653 1640 μηδὲ
1692 1571 1789 1641 τὴν

205 1658 562 1730 ὀφειλομένην
594 1659 672 1730 τῷ
717 1658 1003 1731 πράγματι
1054 1660 1289 1731 σπουδήν
1315 1677 1375 1714 τε
1420 1661 1515 1714 καὶ
1540 1659 1785 1730 δύναμιν,

206 1750 677 1816 ἀπολιμπάνονται
707 1750 909 1823 ταύτης
940 1752 1039 1823 τῆς
1076 1751 1308 1822 ἀρετῆς,
1360 1752 1417 1806 ὲν
1457 1754 1567 1816 τοῖς
1611 1751 1788 1815 ἄλλοις

1968 572 2127 638 Quod
2159 571 2203 626 si
2236 568 2359 641 quis
2387 569 2501 623 inec
2530 567 2634 623 sibi
2664 566 2767 637 ipsi
2799 567 3167 636 impntaverit,
3208 576 3260 623 et
3285 573 3467 626 omnia

1889 662 2170 717 laboribus
2198 662 2312 715 suis
2340 658 2613 721 tribuerit,
2651 658 2768 712 vice
2819 665 3149 713 mternorum
3184 658 3465 716 fructuum

1888 750 2126 814 illorum,
2158 749 2482 819 arrogantia:
2512 747 2737 817 spiritus
2766 745 2895 801 huic
2934 746 3141 800 homini
3182 747 3464 804 inseritur.

1889 840 2097 896 Idcirco
2125 840 2197 895 ob
2224 840 2477 894 virtutem
2506 843 2767 907 suscepta
2791 835 3095 893 certamina
3126 852 3249 893 cum
3275 838 3470 907 jucun-

1887 933 2055 989 ditate
2087 948 2185 1004 par
2212 942 2297 988 est
2335 931 2628 996 sustinere,
2669 939 2723 986 et
2784 929 2953 985 animi
2987 930 3363 985 liberationem
3396 932 3464 987 ab

1888 1024 2172 1080 affectibus
2199 1023 2309 1079 Deo
2336 1029 2621 1092 acceptam
2652 1021 2814 1087 ferre,
2849 1029 2909 1076 ut
2935 1021 3014 1077 sic
3050 1022 3231 1076 anima
3262 1031 3471 1077 semct-

1889 1115 2005 1184 ipsa
2038 1116 2227 1170 melior
2264 1114 2484 1177 effecta,
2542 1121 2596 1169 et
2631 1114 2995 1184 potentissimi
3048 1113 3224 1170 hostis
3258 1114 3464 1169 malitia

1888 1207 2159 1277 superior,
2199 1207 2535 1261 domicilium
2563 1205 2763 1260 bonum
2783 1206 3037 1287 .prazbeat
3066 1221 3126 1261 se
3182 1206 3464 1273 adoranda

1888 1306 2189 1368 sanctoque
2225 1296 2474 1367 Spiritui,
2515 1312 2545 1351 a
2578 1312 2689 1368 quo
2725 1297 3023 1352 immortali
3063 1297 3268 1352 Christi
3332 1313 3466 1368 pace

1888 1396 2109 1458 accepta
2157 1388 2454 1459 c0pnlatur
2510 1403 2607 1458 per
2645 1402 2789 1452 eam,
2833 1395 2887 1442 et
2935 1388 3308 1458 agglutinatur
3360 1387 3466 1443 Do-

1887 1479 2055 1533 mino.
2091 1477 2245 1545 Quod
2278 1478 2326 1532 si
2362 1478 2612 1549 quidam,
2647 1477 2739 1547 qui
2776 1476 3018 1531 nondum
3052 1475 3310 1546 perfectae
3338 1491 3466 1546 pre-

1888 1568 2121 1624 cationis
2190 1567 2434 1638 vigorem
2502 1574 2734 1631 tenent,
2796 1582 2972 1637 neque
3029 1566 3271 1622 debitqu
3336 1566 3464 1623 huic

1888 1659 2108 1730 negotio
2142 1659 2411 1721 studium,
2445 1667 2498 1714 et
2527 1658 2633 1713 vim
2667 1659 2940 1723 obtinent,
2970 1658 3167 1728 privati
3197 1670 3327 1714 sunt
3359 1659 3462 1714 hac

1887 1750 2132 1816 virtute;
2170 1750 2227 1803 in
2291 1749 2505 1805 caeteris
2566 1749 2875 1818 compleant
2934 1749 3323 1816 obedientiam,
3363 1735 3473 1820 pro.

208 1841 606 1913 πληρούτωσαν
626 1842 720 1914 τὴν
757 1842 1022 1914 ὑπακοὴν,
1047 1843 1188 1896 κατά
1221 1841 1447 1912 δύναμιν
1488 1841 1786 1896 διακονοῦνε

1896 1839 2100 1893 viribus
2154 1838 2556 1905 ministrantes,
2594 1838 2850 1894 alacriter
2902 1847 3214 1909 operantes,
3272 1840 3463 1895 sedulo

200 1949 321 1997 τες,
348 1932 635 2005 προθύμως
652 1933 1029 2006 ἐργαζόμενοι,
1059 1934 1360 1998 σπουδαίως
1387 1933 1785 2005 θεραπεύοντες

204 2024 328 2096 μεθ’
354 2025 549 2094 ἡδονῆς
574 2065 590 2091 ,
624 2026 700 2097 μὴ
733 2026 825 2078 ἐπὶ
857 2024 1032 2097 μισθῷ
1059 2042 1186 2090 τινι,
1229 2026 1361 2097 μηδὲ
1383 2025 1484 2094 τῆς
1515 2025 1786 2097 ἀνθρωπί-

201 2131 300 2183 νης
331 2114 494 2185 δόξης
519 2114 703 2179 ἕνεκα,
737 2114 872 2185 μηδὲ
893 2116 969 2177 ὼς
992 2113 1297 2186 ἀλλοτρίοις
1327 2113 1542 2186 σώμασι
1573 2117 1667 2169 καὶ
1692 2114 1787 2185 ψυ.

199 2204 324 2275 χαῖς
364 2201 799 2273 ύπηρετούμενοι
823 2241 837 2266 ,
878 2201 993 2255 ἀλλ’
1036 2202 1113 2266 ὡς
1154 2202 1393 2274 Χριστοῦ
1439 2202 1675 2269 δούλοις,
1710 2203 1786 2268 ὼς

198 2293 493 2365 ἡμετέροις
522 2292 847 2363 σπλάγχνοις
868 2334 883 2357 ,
913 2292 1151 2362 καθαρὸν
1196 2291 1351 2363 ἡμῶν
1381 2294 1475 2346 καὶ
1516 2293 1701 2348 ἄδολον
1729 2293 1786 2347 τὸ

196 2386 362 2455 ἔργον
391 2384 677 2455 ἀποφανθῇ
711 2384 786 2455 τῷ
816 2384 1024 2456 Κυρίῳ.
1057 2384 1483 2455 Προφασιζέσθω
1510 2385 1567 2439 δὲ
1598 2387 1786 2457 μηδεὶς

196 2472 505 2543 ἀδυναμίαν
535 2474 616 2535 είς
643 2473 741 2544 τὴν
774 2473 880 2527 τῶν
901 2473 1080 2528 καλῶν
1109 2473 1284 2545 ἔργων
1320 2475 1552 2546 σπουδήν
1584 2492 1597 2505 ·
1634 2476 1785 2531 οὐδὲν

195 2564 306 2635 γὰρ
326 2566 357 2617 ὁ
378 2563 514 2627 Θεὸς
537 2563 796 2618 ἀδύνατον
822 2565 1116 2619 ἐπιτάττει·
1144 2583 1162 2617 ι
1181 2566 1274 2628 Ὃς
1291 2565 1437 2629 ὲάν,›
1471 2566 1624 2638 φησι,
1658 2583 1676 2618 ι
1697 2585 1787 2620 πο-

196 2656 320 2727 τίσῃ
343 2656 605 2729 ποτήριον
631 2654 840 2729 ψυχροῦ
869 2656 950 2719 είς
973 2655 1143 2726 ὄνομα
1171 2655 1432 2726 μαθητοῦ,
1468 2658 1616 2728 ἀμὴν
1644 2658 1786 2727 λέγω

195 2748 347 2816 flgiti,
378 2747 443 2800 ού
480 2746 556 2819 μὴ
588 2746 825 2819 ἀπολέσῃ
858 2746 948 2800 τὸν
978 2746 1167 2817 μισθὸν
1202 2745 1395 2802 αὑτοῦ.
1419 2766 1438 2800 ι
1487 2748 1552 2801 Τί
1578 2748 1677 2819 τῆς
1700 2749 1788 2802 έν-

195 2839 358 2911 τολῆς
409 2839 615 2911 ταύτης
663 2839 1089 2911 εὐχερέστερονς
1146 2839 1241 2893 καὶ
1270 2841 1298 2892 ὁ
1344 2839 1534 2910 μισθὸς
1566 2840 1658 2894 τοῦ
1693 2841 1785 2894 εύ-

195 2931 401 3003 χεροῦς
433 2931 598 3001 ἔργου
624 2970 638 2994 ,
694 2930 1034 3002 ἐπουράνιος.
1086 2930 1195 2985 Καὶ
1237 2930 1400 2985 πάλιν
1427 2948 1440 2963 ·
1499 2950 1518 2983 ι
1557 2932 1670 3001 Ἐφ’
1708 2932 1788 2987 ἑνὶ

194 3023 410 3075 τούτων
432 3023 747 3093 ἐποιήσατε,
766 3021 888 3091 ἐμοὶ
915 3021 1261 3091 ἐποιήσατε.»
1286 3021 1361 3073 Τὸ
1387 3022 1485 3091 μὲν
1509 3020 1789 3092 ἐπίταγμα

197 3114 401 3184 μικρόν
420 3130 434 3143 ³
467 3114 529 3166 τὺ
560 3113 617 3165 δὲ
649 3113 749 3183 τῆς
779 3112 1024 3183 ὑπακοῆς
1052 3113 1243 3184 κέρδος
1267 3152 1282 3175 ,
1316 3111 1470 3166 πολύ,
1506 3114 1667 3166 Ὥστε
1699 3113 1788 3168 ού-

1886 1944 2009 1985 cum
2041 1929 2325 2000 voluptate
2351 1930 2559 1985 cultum
2601 1929 3007 2000 impendentes,
3058 1946 3167 1985 non
3221 1929 3291 1986 ob
3322 1947 3465 1987 mer-

1884 2018 2070 2075 cedem
2103 2019 2291 2085 ullam,
2324 2033 2499 2089 neqne
2532 2018 2782 2073 humanm
2814 2020 3000 2088 gloriae
3041 2035 3230 2085 causa,
3285 2036 3465 2090 neque

1885 2115 1945 2162 ιιι
1971 2108 2165 2164 alienis
2195 2109 2518 2179 corporibus
2565 2117 2619 2162 et
2667 2108 2867 2165 animis
2924 2110 3308 2176 inservientes,
3366 2112 3465 2167 sed

1885 2205 2146 2269 tanquam
2188 2197 2392 2253 Christi
2427 2199 2623 2262 servis,
2659 2207 2714 2255 et
2768 2199 2976 2256 nostris
3008 2201 3340 2267 visceribus,
3404 2212 3464 2258 ut

1883 2303 2081 2359 purum
2110 2296 2165 2347 et
2205 2289 2415 2347 fraudis
2467 2306 2663 2362 expers
2719 2306 2858 2362 Opus
2918 2300 3177 2348 nostrum
3231 2292 3462 2349 Domino

1886 2387 2085 2451 pateat.
2117 2378 2289 2435 Nemo
2337 2390 2520 2437 autem
2585 2381 3014 2438 imbecillitatem
3072 2391 3336 2452 praetexat
3391 2383 3459 2438 ad

1886 2470 2239 2527 honestarum
2272 2473 2546 2527 actionum
2578 2472 2841 2528 studium.
2896 2470 3050 2528 Nihil
3113 2472 3259 2529 enim
3316 2472 3461 2530 Deus

1886 2562 2155 2633 praecipit,
2193 2562 2337 2633 quod
2374 2564 2489 2618 fieri
2521 2578 2631 2617 non
2662 2563 2864 2634 possit;
2892 2563 3092 2634 quippe
3121 2579 3244 2619 cum
3272 2563 3459 2619 dicat:

1894 2672 1911 2705 ι
1940 2652 2133 2724 Siquis
2161 2656 2452 2727 praebuerit
2478 2655 2731 2725 poculum
2750 2669 2905 2725 aqua:
2925 2654 3133 2725 frigida:
3155 2655 3210 2710 in
3240 2656 3462 2713 nomine

1887 2743 2163 2814 discipuli,
2194 2760 2352 2800 amen
2392 2744 2516 2800 dico
2549 2745 2727 2808 vobis,
2771 2760 2879 2800 non
2916 2748 3127 2800 amittet
3152 2748 3457 2803 mercedem

1888 2846 2043 2887 suam
2064 2833 2131 2888 “.
2176 2852 2194 2885 ι
2231 2831 2374 2899 Quid
2406 2833 2512 2888 hoc
2542 2834 2799 2889 mandato
2827 2834 3087 2890 facilius?
3113 2836 3279 2907 Atqui
3313 2852 3459 2892 mer-

1888 2938 1980 2980 ces
2022 2933 2129 2979 tam
2171 2925 2307 2981 levis
2343 2932 2397 2981 et
2428 2926 2697 2996 expedita:
2724 2941 2925 2996 operae,
2959 2927 3202 2986 caelestis
3234 2935 3339 2984 est.
3395 2927 3464 2983 Et

1889 3031 2126 3073 rursus:
2175 3035 2195 3069 ι
2238 3015 2488 3083 Quandiu
2529 3015 2740 3074 fecistis
2773 3019 2865 3074 uni
2896 3018 2964 3074 de
3008 3020 3115 3087 his,
3151 3022 3283 3076 mihi
3330 3021 3462 3077 feci-

1890 3108 1992 3163 stis
2022 3108 2096 3163 “.
2154 3126 2174 3161 ι
2207 3106 2430 3163 Jussum
2485 3109 2704 3177 quidem
2736 3109 2992 3180 exiguum
3024 3122 3107 3168 est
3134 3129 3148 3179 ;
3178 3113 3462 3184 obtempe-

193 3206 286 3259 δἐν
317 3206 459 3277 ὑπὲρ
499 3204 726 3276 δύναμιν
781 3206 999 3258 ἀπαιτεῖ
1024 3220 1037 3234 ·
1071 3204 1207 3258 ἀλλά
1254 3203 1357 3257 κᾶν
1417 3205 1611 3277 μικρδν
1635 3244 1649 3267 ,
1682 3205 1786 3259 κᾶν

1894 3201 2088 3255 rantize
2128 3215 2260 3255 vero
2299 3208 2539 3269 quaestus
2584 3201 2797 3272 ingens.
2856 3202 3035 3269 Quare
3067 3205 3209 3259 nihil
3265 3214 3463 3275 praeter

197 3295 345 3364 μέγα
372 3292 764 3365 ποιῇς,“ἐπεταί
796 3310 876 3347 σοι
902 3294 1043 3348 κατά
1068 3292 1166 3364 τὴν
1190 3292 1507 3365 προαίρεσιν
1527 3296 1555 3347 ὁ
1574 3293 1780 3365 μισθός.

207 3386 339 3437 Ἐὰν
372 3384 474 3456 μὲν
504 3384 612 3456 γὰρ
639 3386 725 3447 είς
741 3382 909 3454 ὄνομα
942 3384 1036 3437 καὶ
1065 3382 1227 3453 φόϐον
1258 3381 1414 3447 Θεοῦ,
1446 3382 1672 3454 λαμπρὰ
1698 3383 1789 3435 καὶ

198 3474 566 3546 ἀναφαίρετος
612 3471 778 3546 ἦλθεν
829 3477 864 3546 ἡ
907 3475 1118 3547 δωρεά·
1155 3473 1250 3528 ὲάν
1296 3474 1352 3527 δὲ
1395 3474 1474 3536 εἰς
1506 3473 1790 3539 ἐπίδειξιν,

200 3566 433 3619 ἄκουσον
468 3564 728 3635 ὀμνύντος
770 3563 933 3618 αὐτοῦ
981 3563 1075 3618 τοῦ
1103 3563 1307 3638 Κυρίου
1335 3580 1349 3594 ·
1392 3579 1411 3613 ι
1436 3562 1605 3633 Ἀμὴν
1650 3563 1794 3632 λέγω

198 3660 362 3728 ὑμῖν,
406 3657 670 3727 ἀπέχουσι
696 3657 797 3710 τὸν.
836 3655 1025 3727 μισθὸν
1068 3656 1269 3709 αὐτῶν.
1298 3674 1317 3708 ι
1365 3656 1478 3707 Ἵνα
1502 3653 1558 3707 δὲ
1598 3654 1785 3725 μήτις

197 3747 361 3800 τοῦτο
427 3744 606 3817 πάθη,
657 3745 1020 3816 παραγγέλλει
1070 3746 1184 3808 τοῖς
1240 3742 1539 3814 μαθηταῖς,
1574 3744 1666 3795 καὶ
1716 3742 1783 3796 δι’

196 3836 436 3890 ἐκείνων
462 3836 609 3904 ἡμῖν’
630 3835 889 3888 (Βλέπετε
912 3834 987 3906 μὴ
1007 3835 1270 3905 ποιήσητε
1288 3834 1389 3904 τὴν
1412 3832 1783 3904 ἐλεημοσύνην

198 3926 390 3997 ὖμῶν,
418 3924 452 3996 ἢ
487 3923 584 3997 τὴν
619 3926 806 3997 εὐχὴν,
842 3926 876 3998 ἢ
906 3924 1005 3997 τὴν
1038 3925 1311 3996 νηστείαν,
1344 3923 1649 3997 ἔμπροσθεν
1675 3923 1784 3977 τῶν

198 4015 551 4088 ἀνθρώπων·
592 4017 638 4069 εί
665 4017 720 4071 δὲ
754 4018 828 4089 μή
879 4033 964 4085 γε,
1006 4015 1197 4087 μισθὸν
1223 4017 1323 4069 ούκ
1354 4014 1501 4087 ἔχετε
1536 4014 1685 4085 παρὰ
1710 4013 1787 4084 τῷ

198 4106 380 4180 Hath
427 4107 604 4179 ὑμῶν,
651 4107 728 4180 τῷ
755 4111 813 4162 ὲν
858 4110 973 4172 τοῖς
1019 4108 1286 4179 οὐρανοῖς.
1317 4126 1336 4160 ο
1376 4105 1531 4178 Δύτῷ
1555 4106 1680 4171 δόξα
1707 4107 1786 4171 εἰς

197 4202 327 4265 τοὺς
351 4201 579 4265 αἰῶνας.
615 4200 805 4272 Ἀμήν.
1102 4237 1106 4240 ~

1895 3292 2038 3349 vires
2075 3293 2344 3363 exposcit.
2376 3291 2578 3347 Verum
2609 3293 2724 3348 sive
2768 3309 3014 3363 parvum,
3043 3295 3157 3351 sive
3206 3313 3460 3370 magnum

1892 3384 2023 3452 quid
2057 3383 2249 3450 facias,
2278 3382 2527 3452 sequitur
2556 3392 2606 3438 te
2633 3399 2842 3440 merces
2890 3400 2958 3440 ex
2990 3386 3293 3456 proposito.
3324 3387 3464 3442 Nam

1892 3474 1938 3527 si
1976 3474 2028 3527 in
2062 3474 2281 3530 nomine
2305 3483 2360 3530 et
2386 3474 2584 3531 timore
2611 3473 2707 3531 Dei
2739 3475 2851 3540 fiat,
2898 3476 3033 3532 illud
3062 3484 3117 3533 et
3142 3477 3290 3549 quod
3323 3480 3463 3550 eripi

1892 3577 2002 3616 non
2031 3562 2205 3633 possit
2235 3561 2439 3617 donum
2487 3564 2681 3630 venit;
2745 3564 2830 3618 sin
2870 3572 3050 3619 autem
3104 3565 3170 3620 ad
3217 3576 3463 3623 ostenta-

1892 3654 2115 3719 tionem,
2156 3653 2281 3710 audi
2326 3654 2607 3724 jurantem
2640 3654 2816 3725 ipsum
2871 3644 3198 3711 Dominum:
3232 3675 3251 3709 ι
3285 3660 3460 3714 Amen

1890 3744 2013 3801 dico
2057 3745 2232 3811 vobis,
2272 3755 2600 3817 receperunt
2631 3745 2937 3802 mercedem
2968 3762 3123 3802 suam
3150 3747 3217 3802 “.
3259 3768 3278 3802 ›
3340 3747 3459 3804 Iam

1889 3849 1957 3889 ne
1983 3835 2105 3904 quis
2145 3835 2245 3889 hoc
2277 3836 2611 3906 experiatur,
2640 3837 2884 3907 praecipit
2915 3837 3222 3908 discipulis,
3261 3850 3314 3895 et
3364 3856 3462 3911 per

1890 3924 2014 3981 illos
2043 3926 2200 3982 nobis
2223 3926 2270 3959 “
2300 3946 2315 3982 :
2349 3946 2367 3979 ι
2430 3927 2616 3983 Videte
2650 3943 2721 3983 ne
2751 3928 3154 4001 eleemosynam
3194 3938 3459 3995 vestram,

1900 4026 1995 4072 aut
2023 4034 2214 4089 preces
2242 4030 2337 4075 aut
2360 4020 2628 4091 jejunium
2662 4020 2877 4077 faciatis
2906 4036 3089 4076 coram
3113 4020 3457 4077 hominibus:

1895 4109 2140 4180 alioquin
2202 4113 2504 4167 mercedem
2565 4128 2675 4168 non
2734 4112 3006 4168 habebitis
3062 4095 3203 4182 apud
3244 4112 3458 4167 Patrem

1891 4212 2160 4270 vestrum,
2194 4203 2286 4274 qui
2319 4202 2373 4257 in
2403 4204 2561 4260 cmlis
2589 4212 2694 4259 est.
2733 4222 2752 4256 ι
2785 4201 2923 4258 Huic
2944 4203 3115 4274 gloria
3149 4202 3203 4257 in
3235 4203 3454 4259 saecula.

1888 4290 2081 4346 Amen.

286 4470 332 4501 δ’
356 4466 552 4525 lauit.
593 4484 650 4537 ς,
689 4467 801 4537 42;
835 4467 999 4525 Marc.
1038 4482 1113 4531 tv,
1146 4468 1235 4524 t0.
1312 4468 1358 4503 δ’
1379 4464 1569 4522 Matth.
1616 4480 1740 4533 xxv,
1769 4467 1859 4524 40.
1934 4466 1979 4500 “
2009 4465 2201 4523 Matth.
2244 4482 2318 4534 vt,
2349 4465 2405 4534 2,
2439 4466 2494 4525 5.
2568 4464 2765 4523 “'ibid.
