3896 6208
447 277 559 336 307

1699 276 1757 331 S.
1800 273 2126 333 GREGORII
2165 273 2209 328 Ν
2218 273 2255 328 Y
2265 272 2460 330 SSEM

2010 431 2354 441 ——-——-—-—-——

456 427 3683 461 mm

1634 618 1934 735 ΤΟΥ
2042 616 2535 733 ΑΥΤΟΥ

783 861 1072 950 ΠΡΟΣ
1143 862 1431 953 ΤΟΥΣ
1480 861 2254 953 ΑΧΘΟΜΕΝΟΥΣ
2305 863 2551 949 ΤΑΙΣ
2606 861 3352 953 ΕΠΙΤΙΜΗΣΕΣΙ.

1763 1237 2398 1357 EJUSDEM

460 1477 1071 1571 ADVERSUS
1140 1464 1367 1571 EOS
1447 1477 1662 1583 QUI
1733 1474 2671 1567 CASTIGATIONES
2745 1477 3089 1567 IEGRE
3182 1478 3704 1573 FERUNT.

1640 1664 1910 1732 (Gentiauo
1932 1662 2155 1715 Hei-veto
2171 1664 2495 1727 interprete.)

527 1972 724 2030 Sermo
752 1969 847 2027 Dei
874 1984 940 2025 ac
973 1969 1118 2026 ratio
1151 1983 1278 2025 vere
1309 1967 1495 2025 divina
1528 1979 1618 2022 res
1642 1971 1727 2023 est
1759 1974 1814 2021 et
1841 1979 2023 2031 sacra,

2201 1964 2363 2029 Θεῖον,
2380 1962 2595 2034 ἀληθῶς
2612 1963 2706 2018 καὶ
2728 1964 2872 2036 ἱερὸν
2897 1965 3085 2037 χρῆμα
3111 1965 3141 2019 ὀ
3163 1965 3320 2035 λόγος
3341 1966 3500 2033 Θεοῦ,
3523 1969 3710 2040 κτῆμα

439 2058 654 2122 eximia
694 2063 1008 2136 possessio,
1054 2076 1165 2117 non
1197 2060 1418 2116 aliunde
1469 2060 1690 2124 adnata,
1753 2057 1850 2114 sed
1902 2070 2028 2112 cum

456 2167 650 2211 natura
702 2156 1012 2221 commista,
1063 2153 1270 2208 bomini
1333 2167 1534 2207 munus
1568 2150 2027 2223 pretiosissimum

455 2250 526 2305 ab
558 2248 754 2320 opifice
783 2248 838 2302 in
869 2264 993 2303 eum
1024 2245 1394 2303 descendens.
1427 2244 1617 2316 Itaque
1647 2252 1703 2299 et
1736 2243 1803 2299 ad
1833 2243 2029 2299 simili-

453 2342 699 2397 tudinem
736 2339 831 2395 Dei
892 2339 1007 2398 fieri
1063 2338 1285 2395 dicitur.
1355 2337 1570 2394 Etenim
1602 2338 1707 2393 hoc
1759 2337 1924 2393 etiam
1960 2335 2029 2391 ab

453 2431 573 2488 aliis
602 2430 976 2485 animantibus
1012 2428 1213 2495 differt,
1242 2435 1297 2485 et
1323 2428 1509 2484 divina
1540 2427 1778 2499 quadam
1824 2440 2030 2498 praero-

454 2524 635 2595 gativa
676 2522 1028 2593 peculiariter
1085 2520 1403 2593 insignitur,
1441 2520 1600 2576 valde
1659 2519 1865 2591 alioqui
1905 2518 2029 2577 aliis

454 2616 510 2670 in
543 2616 709 2671 rebus
759 2630 955 2686 magna
990 2630 1117 2671 cum
1178 2614 1483 2686 pecudibus
1531 2614 2030 2670 communicatione

364 2771 375 2778 _
452 2708 735 2778 praeditus.
765 2704 899 2760 Nam
928 2707 1216 2762 oculorum
1253 2705 1446 2777 figura,
1491 2713 1546 2761 et
1575 2708 1826 2777 corporis
1874 2721 2027 2763 com-

453 2801 675 2870 positio,
706 2815 1010 2871 eorumque
1046 2808 1098 2854 et
1124 2814 1245 2869 qua:
1276 2800 1341 2851 ad
1370 2806 1551 2853 cutem
1584 2806 1825 2865 exstant,
1868 2807 1923 2853 et
1971 2799 2026 2852 in

453 2896 644 2944 ventre
677 2889 914 2957 latitant,
948 2890 1225 2944 hominem
1261 2904 1371 2943 non
1409 2889 1739 2943 nobilitant:
1777 2889 2027 2959 quando-

453 2979 756 3053 quidemet
789 2987 1103 3045 terrestres,
1141 2986 1194 3034 et
1232 2979 1521 3055 aquatiles,
1566 2988 1619 3034 et
1658 2981 1932 3044 volucres,
1974 2988 2028 3036 et

456 3087 649 3127 omnes
681 3070 919 3141 denique
945 3070 1252 3125 animantes
1304 3068 1521 3123 illorum
1556 3069 1852 3143 participes
1904 3084 2027 3124 cer-

454 3169 676 3217 nantur.
702 3159 815 3216 Hoc
849 3176 978 3216 vero
1009 3160 1315 3232 principem
1353 3160 1596 3216 omnium
1621 3159 1772 3228 facit,
1818 3169 1873 3217 et
1900 3160 2027 3215 bea-

452 3253 730 3310 tissimum
768 3253 1150 3309 demonstrat:
1183 3267 1293 3323 quo
1332 3251 1558 3321 copiose
1617 3250 1764 3307 Deus
1818 3251 2025 3308 ditatus

451 3344 574 3414 ejus
602 3344 827 3414 paulum
854 3344 1015 3401 nobis
1063 3338 1477 3414 impcrtivit,in’
1515 3342 1708 3413 primis
1758 3349 1816 3397 ut
1872 3343 2025 3399 illum

451 3435 784 3498 intueamur,
812 3441 865 3489 et
894 3448 1259 3505 agnoscamus
1305 3447 1614 3490 sermonem
1656 3433 1931 3489 sermonis
1963 3447 2028 3488 ac

457 3523 687 3580 rationis
736 3524 1073 3594 largitorem,
1128 3534 1182 3579 et
1209 3524 1464 3596 religiose
1506 3524 1811 3581 serviamus
1852 3526 1901 3581 ci
1933 3525 2026 3596 qui

452 3624 564 3670 tam
596 3615 735 3672 bene
764 3630 866 3670 nos
912 3630 1011 3670 sua
1043 3615 1218 3685 ipsius
1263 3617 1440 3688 gratia
1487 3619 1857 3675 exornaverit.
1896 3617 2025 3674 Ser-

454 3724 618 3763 mone
652 3707 976 3779 rationeque
1012 3724 1114 3764 nos
1151 3708 1308 3780 longe
1337 3724 1570 3782 corpore
1611 3711 2020 3776 imbecilliores,

458 3797 716 3854 fortiores
754 3798 1075 3855 fortioribus
1108 3800 1447 3864 exsistimus,
1474 3807 1529 3855 ct
1555 3803 1740 3856 omnia
1773 3803 2023 3857 servituti

457 3886 858 3956 mancipamus,
888 3902 952 3943 ac
975 3888 1097 3943 usui
1129 3889 1595 3959 nostrojubemus
1623 3892 2022 3949 obsecundare.

458 3974 537 4029 Ita
579 3982 769 4031 tauros
802 3977 1113 4042 domamus,
1146 3990 1200 4033 et
1231 3979 1366 4050 jugo
1400 3979 1748 4051 subjicitnus,
1795 3991 2025 4038 terram-

457 4080 564 4134 que
610 4066 809 4122 aratris
856 4067 1209 4137 proscindere
1270 4083 1618 4139 apparamus,
1668 4085 1732 4126 ac
1792 4073 2026 4127 celerem

454 4172 655 4228 equum
698 4158 869 4215 frenis
907 4160 1331 4232 comprimentes
1351 4161 1692 4218 obedientem
1741 4163 2024 4230 habemus,

455 4259 509 4305 et
537 4249 751 4305 tardum
786 4251 1003 4306 asinum
1058 4252 1299 4309 fustibus
1354 4255 1744 4325 compellentes
1793 4256 2027 4316 facimus

454 4338 794 4405 celeriorem,
826 4341 1104 4416 durasque
1136 4345 1315 4400 mulas
1360 4346 1610 4403 vehicula
1640 4348 1856 4404 trahere
1902 4364 2030 4405 one‘

456 4447 622 4502 raque
661 4432 905 4502 bajulare
938 4434 1226 4504 cogimus;
1259 4435 1674 4507 elephantorum
1729 4454 1858 4495 vero
1891 4440 2027 4496 effu-

455 4539 574 4579 sam
604 4524 853 4593 corporis
871 4524 1089 4591 molem,
1124 4540 1187 4580 ac
1216 4528 1554 4583 camelorum
1589 4530 2021 4602 magnitudinem

2130 2056 2426 2129 ἐξαίρετον,
2465 2056 2566 2110 οὐκ
2611 2054 2833 2112 ἄλλοθεν
2864 2057 3315 2129 προσγενόμενον,
3344 2057 3479 2114 ἀλλά
3514 2076 3699 2128 συγκεο

2129 2148 2400 2220 κραμένον
2440 2149 2506 2221 τῇ
2569 2147 2750 2218 φύσει,
2815 2147 3087 2221 ἀνθρώπῳ
3155 2149 3327 2220 δῶρον
3379 2150 3714 2222 τιμιώτατον

2130 2241 2281 2313 παρά
2304 2239 2401 2295 τοῦ
2434 2240 2935 2312 δημιουργήσαντος
2981 2242 3060 2305 είς
3089 2240 3251 2296 αὐτὸν
3282 2240 3456 2297 ὲλθόν.
3487 2243 3578 2296 Διὸ
3612 2246 3705 2297 καὶ

2128 2332 2251 2387 καθ’
2275 2331 2532 2403 ὁμοίωσιν
2563 2330 2699 2385 Θεοῦ
2728 2331 3053 2403 γεγενῆσθαι
3079 2331 3322 2403 λέγεται.
3357 2332 3545 2408 Τούτῳ
3576 2333 3710 2403 γοῦν

2129 2425 2241 2494 ἔχει
2280 2424 2374 2477 καὶ
2416 2422 2553 2496 πρὸς
2583 2423 2651 2478 τὰ
2696 2423 2829 2478 ἄλλα
2862 2422 2975 2487 ζῶα
3019 2423 3116 2496 τὴν
3152 2424 3436 2497 διαφοράν,
3483 2428 3578 2480 καὶ
3627 2426 3708 2498 τῷ

2130 2517 2350 2572 θεοειδεῖ
2382 2517 2811 2587 πλεονεκτήματι
2856 2515 3164 2579 ἰδιαζόντως
3204 2516 3705 2588 χαρακτηρίζεται,

2131 2609 2337 2682 σφόδρα
2361 2611 2472 2673 τοῖς
2505 2608 2685 2672 ἄλλοις
2721 2607 2919 2678 πολλὴν
2946 2606 3082 2678 ἔχων
3122 2607 3221 2678 τὴν
3255 2610 3539 2662 κοινωνίαν
3570 2608 3709 2680 πρὸς

2127 2702 2198 2755 τά
2228 2702 2567 2773 βοσκήματα.
2618 2700 2940 2771 Ὀφθαλμῶν
2973 2700 3081 2773 γὰρ
3124 2701 3312 2766 τύπος,
3351 2702 3446 2755 καὶ
3488 2703 3707 2774 σαρκῶν

2128 2794 2429 2858 διάπλασις,
2471 2793 2578 2848 τῶν
2618 2811 2679 2847 τε
2727 2793 2819 2847 ἐπὶ
2847 2793 2949 2865 τῆς
2985 2793 3324 2862 ἐπιφανείας,
3361 2795 3456 2848 καὶ
3506 2795 3612 2848 τῶν
3645 2797 3704 2850 ὲν

2129 2885 2324 2958 γαστρὶ
2370 2884 2797 2956 κρυπτομένων,
2842 2885 2903 2938 οὐ
2957 2884 3208 2955 σεμνύνει
3251 2884 3342 2939 τὸν
3378 2885 3698 2957 ἄνθρωπον

2129 2977 2314 3048 ἐπειδὴ
2345 2977 2437 3029 καὶ
2470 2973 2526 3029 ἐν
2561 2976 2854 3048 χερσαίοις,
2888 2977 2978 3030 καὶ
3020 2976 3259 3048 ἐνύδροις
3279 3017 3293 3039 ,
3333 2977 3426 3030 καὶ
3456 2980 3700 3048 πτηνοῖς,

2128 3070 2222 3122 καὶ
2247 3069 2411 3121 πᾶσιν
2438 3066 2625 3129 ἁπλῶς
2656 3065 2814 3131 ζώοις
2838 3069 2871 3138 ή
2901 3068 3123 3122 ἐκείνων
3148 3067 3400 3139 μετουσία
3424 3067 3700 3139 βλέπεται.

2127 3159 2296 3212 Τοῦτο
2326 3160 2383 3213 δὲ
2411 3161 2653 3231 ἡγεμόνα
2674 3159 2780 3212 τῶν
2810 3160 3027 3214 πάντων
3056 3162 3219 3226 ποιεῖ,
3249 3161 3342 3214 καὶ
3369 3161 3705 3232 μακαριστὸν

2128 3251 2507 3305 ἀποδείκνυσιν
2527 3268 2540 3281 ·
2564 3253 2701 3323 ὅπερ
2729 3251 2861 3315 Θεὸς
2890 3251 3028 3323 ἔχων
3058 3252 3346 3318 πλουσίως,
3371 3253 3550 3324 ὀλίγον
3573 3257 3703 3328 ήμῖν

2128 3342 2448 3413 ἐχαρίσατο,
2487 3343 2575 3396 ἵνα
2607 3343 2823 3413 πρῶτον
2855 3345 3058 3397 ἐκεῖνον
3101 3342 3412 3415 βλέπωμεν,
3441 3347 3538 3399 καὶ
3563 3364 3706 3416 γνω-

2132 3433 2367 3507 ρίζωμεν
2397 3434 2552 3504 λόγον
2575 3434 2669 3489 τοῦ
2698 3435 2858 3505 λόγου
2882 3436 3100 3507 δοτῆρα,
3126 3438 3220 3490 καὶ
3245 3435 3595 3509 λατρεύωμεν
3624 3438 3702 3511 τῷ

2126 3523 2297 3588 οὕτως
2330 3526 2476 3597 ἡμᾶς
2508 3526 2687 3590 καλῶς
2725 3528 2792 3598 τῇ
2840 3526 2945 3599 ἰδίᾳ
2985 3530 3461 3601 κατακοσμήσαντι
3495 3529 3701 3600 χάριτι.

2128 3616 2226 3669 Διά
2245 3616 2434 3686 λόγους
2465 3617 2719 3689 ίσχύομεν
2748 3616 2854 3671 τῶν
2888 3617 3123 3691 ἰσχυρῶν
3151 3619 3311 3672 πλέον
3340 3619 3584 3684 ἀσθενεῖς
3615 3620 3706 3674 δν-

2127 3727 2218 3774 τες
2247 3710 2308 3762 τὸ
2337 3710 2516 3781 σῶμα,
2543 3711 2636 3765 καὶ
2663 3711 2837 3765 πάντα
2861 3710 3209 3783 δουλούμεθά,
3236 3713 3327 3766 καὶ
3354 3714 3474 3774 ταῖς
3503 3713 3706 3783 ήμετέ-

2131 3818 2251 3872 ραις
2290 3803 2671 3873 ὑπηρετεῖσθαι
2704 3804 2916 3875 χρείαις
2950 3804 3260 3876 κελεύομεν.
3289 3804 3443 3859 Οὕτω
3468 3805 3703 3877 ταύρους

2126 3892 2434 3965 δαμάζομεν
2459 3895 2553 3947 καὶ
2583 3896 2864 3967 ὑπάγομεν
2889 3894 2964 3968 τῷ
2993 3895 3162 3966 ζυγῷ,
3192 3896 3287 3950 καὶ
3315 3896 3415 3967 γῆν
3449 3896 3703 3968 ἀρότροις

2127 3987 2446 4058 ἀνατέμνειν
2475 3986 2996 4060 παρασκευάζομεν,
3042 3989 3133 4041 καὶ
3173 3988 3336 4042 ἵππον
3379 3990 3547 4058 ταχὺν
3586 3991 3704 4051 τοῖς

2126 4074 2337 4146 ψαλίοις
2367 4077 2730 4147 κατάγχοντες
2763 4075 2957 4148 ἔχομεν
2985 4076 3231 4149 εὐπειθῆ,
3264 4077 3357 4131 καὶ
3381 4077 3468 4130 τὸν
3497 4074 3705 4147 βραδὺν

2127 4168 2244 4222 ὄνον
2299 4170 2411 4232 τοῖς
2463 4167 2715 4239 ῥοπάλοις
2766 4169 3076 4238 ὲπείγοντες
3122 4167 3378 4240 ποιοῦμεν
3411 4168 3701 4239 ὀξύτερον,

2128 4260 2219 4314 καὶ
2241 4257 2341 4323 τὰς
2372 4258 2611 4330 σκληρὰς
2645 4260 2899 4331 ἡμιόνους
2930 4261 3179 4332 ὀχήματα
3207 4260 3385 4314 ἕλκειν
3418 4260 3512 4314 καὶ
3540 4259 3707 4329 ἀχθο-

2128 4353 2311 4422 φορείν
2339 4349 2717 4421 ἀναγκάζομεν
2737 4368 2750 4383 ·
2781 4350 3087 4420 ἐλεφάντων
3114 4352 3173 4407 δὲ
3199 4353 3299 4423 τὴν
3329 4354 3705 4423 ἐκκεχυμένην

2128 4441 2517 4513 πολυσαρκίαν.
2564 4444 2658 4498 καὶ
2705 4443 2963 4514 καμήλων
3012 4444 3072 4498 τὸ
3119 4443 3346 4514 μέγεθος
3379 4444 3705 4516 εὐμηχάνως

2128 4533 2263 4604 πρὸς
2283 4533 2343 4586 τὸ
2361 4533 2551 4591 δοκοῦν
2577 4534 3087 4607 μεταχειριζόμεθα.
3123 4536 3402 4591 Ἐντεῦθεν
3421 4537 3519 4590 καὶ
3539 4538 3705 4607 βάθος

456 4615 523 4667 ad
566 4614 619 4668 id
668 4614 811 4684 quod
863 4616 1039 4686 placet
1105 4615 1251 4671 facili
1314 4626 1432 4673 arte
1487 4621 1848 4678 traducimus.
1885 4623 2023 4678 Hinc

2130 4624 2519 4695 περαιούμεθα,
2556 4625 2651 4679 καὶ
2682 4625 2860 4697 μικρῷ
2898 4626 3039 4696 ξύλῳ
3073 4626 3165 4680 διὰ
3196 4627 3588 4699 κυϐερνητικῆς
3636 4629 3708 4681 τὶι

453 4705 617 4758 ctiam
648 4704 813 4759 maris
843 4703 1173 4773 profundum
1206 4705 1532 4775 trajicimus,
1569 4718 1625 4764 et
1656 4711 1856 4780 exiguo
1878 4711 2024 4782 ligno

2128 4716 2302 4784 ἄφατα
2343 4714 2451 4771 τῶν
2485 4715 2736 4785 πελαγῶν
2779 4716 3135 4788 ὲφοδεύομεν,
3193 4718 3286 4770 καὶ
3327 4719 3426 4788 τῆς
3472 4717 3705 4787 πορείας

458 4793 667 4848 ratione
703 4794 1041 4865 gubernante
1063 4795 1287 4866 pelagus
1327 4797 1659 4855 immensum
1705 4801 2022 4868 lustramus,

2128 4806 2337 4878 ἐκείνης
2371 4807 2467 4859 οὐκ
2499 4805 2711 4877 ἔχοντες
2751 4806 3013 4877 σύμϐολα,
3045 4808 3172 4861 ὅταν
3217 4806 3320 4877 γῆν
3371 4807 3701 4878 ἀποκρύψω

455 4892 509 4938 et
533 4898 655 4937 cum
684 4883 898 4939 itineris
929 4884 1078 4941 illius
1107 4881 1383 4944 indicibus
1410 4890 1610 4945 amotis
1642 4906 1673 4946 e
1722 4902 2024 4963 conspectu

2128 4914 2260 4968 μεν,
2306 4900 2417 4961 τοῖς
2458 4899 2578 4950 κατ’
2623 4896 2849 4967 οὐρανὸν
2907 4898 3150 4969 σημείοις
3190 4897 3443 4967 ἀσφαλῶς
3471 4896 3703 4967 ὁδηγού-

456 4981 619 5030 torrze
650 4974 908 5040 abiimus,
957 4977 1276 5035 cmlestibus
1311 4980 1486 5051 signis
1543 4990 1661 5038 tuto
1718 4987 2025 5054 proficisci-

2128 4986 2295 5058 μεθα,
2318 4988 2411 5042 καὶ
2437 4988 2622 5056 ὁδηγεῖ
2648 4987 2738 5040 τὸν
2766 4986 2966 5059 ναύτην
2994 4989 3069 5053 ὡς
3096 4988 3219 5052 τοὶ-ς
3246 4989 3468 5057 Μάγους
3495 4988 3700 5059 ἀστήρ.

456 5080 601 5129 mur,
638 5080 703 5121 ac
739 5077 900 5123 nauta
937 5084 1000 5123 ea
1030 5070 1170 5126 duce
1205 5071 1309 5127 iter
1372 5072 1523 5142 facit,
1567 5085 1625 5131 ut
1663 5078 1822 5133 stella
1884 5078 2024 5151 Magi

2128 5078 2366 5152 Οὐρανοῦ
2394 5079 2450 5137 δὲ
2478 5078 2653 5150 πλάτη
2686 5079 2778 5133 καὶ
2805 5080 3058 5150 σχήματα
3086 5079 3343 5151 ἐξευρέθη
3373 5080 3465 5134 καὶ
3493 5078 3703 5148 πλῆθος

455 5156 819 5213 ducebantur.
858 5159 993 5215 Coeli
1033 5169 1213 5220 autem
1246 5163 1562 5221 latitudines
1613 5174 1668 5222 et
1711 5167 2025 5225 conforma-

2128 5171 2385 5242 ἀστέρων,
2413 5170 2507 5223 καὶ
2532 5170 2679 5234 ὅπως
2720 5170 2948 5236 ἕκαστος
2992 5171 3256 5241 μεγέθους
3278 5169 3388 5240 ἔχει
3408 5210 3422 5233 ,
3448 5170 3543 5223 καὶ
3583 5170 3703 5224 διας

456 5246 631 5305 tiones
658 5257 887 5319 repertae
916 5259 1065 5316 sunt,
1088 5260 1142 5307 et
1170 5254 1453 5309 stellarum
1482 5256 1800 5324 multitudo,
1834 5270 1889 5315 et
1914 5276 2025 5332 qua

2128 5262 2222 5329 στή
2230 5277 2416 5331 ματος,
2440 5260 2534 5315 καὶ
2556 5261 2654 5331 τῆς
2679 5260 2906 5331 σελήνης
2934 5261 3255 5331 σημείωσις,
3278 5261 3373 5312 καὶ
3396 5258 3448 5312 τί
3474 5259 3700 5330 πάσχων

454 5354 685 5409 qumque
703 5339 776 5395 sit
809 5341 1205 5412 magnitudine,
1250 5359 1469 5416 quoque
1508 5347 1817 5416 intervallo,
1863 5350 2023 5408 item-

2128 5356 2151 5408 ό
2177 5354 2327 5425 ἥλιος
2359 5352 2501 5407 κατά
2520 5368 2671 5416 τινας
2706 5353 2930 5424 χρόνους
2961 5351 3061 5423 τὴν
3093 5352 3286 5404 ἀκτῖνα
3322 5350 3661 5404 καλύπτεται
3682 5366 3697 5381 ⁶

453 5445 559 5500 que
581 5431 724 5486 luna:
768 5430 966 5502 figura,
1001 5441 1055 5488 et
1084 5435 1216 5505 quid
1257 5438 1360 5493 soli
1408 5439 1644 5507 accidat,
1673 5443 1822 5513 quod
1853 5445 2024 5501 certis

2128 5446 2230 5518 ήδη
2262 5445 2316 5498 δὲ
2343 5444 2435 5498 καὶ
2456 5443 2594 5499 κατά
2617 5444 2720 5514 γῆς
2752 5443 3073 5514 κινουμένης
3100 5442 3518 5514 φιλοσοφοῦμεν,
3552 5443 3701 5505 ὅπως

453 5521 783 5592 quibusdam
836 5525 1175 5594 temporibus
1223 5528 1437 5583 radium
1495 5531 1842 5603 abscondat;
1906 5536 2021 5605 jam

2128 5534 2361 5605 λυομένη
2392 5533 2497 5587 τῶν
2526 5532 2767 5602 φυσικῶν
2802 5533 3141 5604 ὲρεισμάτων
3165 5534 3301 5604 αὐτή
3334 5550 3393 5586 τε
3420 5532 3699 5603 ἀναϐράσο

455 5624 583 5664 vero
646 5612 714 5667 de
766 5620 910 5669 terra
965 5629 1182 5688 quoque
1220 5629 1493 5676 commota
1548 5623 2020 5696 philosophamur,

2133 5645 2304 5691 σεται,
2338 5627 2431 5681 καὶ
2458 5628 2584 5689 τοὺς
2613 5624 2863 5688 ὲποέκους
2889 5627 3026 5695 μετὰ
3052 5625 3161 5678 τῶν
3189 5623 3547 5694 ἐπικειμένων
3576 5623 3699 5677 κλοο

456 5702 657 5776 quique
683 5702 774 5760 fiat
807 5713 863 5763 ut
894 5709 1241 5768 naturalibus
1262 5712 1442 5771 soluta
1479 5712 1838 5774 firmamentis
1870 5718 2020 5792 ipsa-

2131 5724 2224 5777 νεῖ.
2257 5719 2548 5791 Συμϐόλοις
2572 5714 2627 5772 δὲ
2654 5719 2760 5780 τοῖς
2783 5733 3061 5790 παρατετη
3065 5734 3133 5788 ρη
3141 5716 3321 5788 μένοις
3346 5716 3439 5770 καὶ
3460 5716 3698 5797 αὐχμοὺς
