3896 6208
384 172 480 226 5H

1656 164 1714 222 S.
1748 163 2078 222 GREGORII
2115 164 2409 221 NYSSENI

3536 161 3637 217 512

385 284 582 340 stolida
639 291 934 350 attentans,
987 284 1079 340 sed
1134 284 1365 355 primam
1420 283 1647 356 graphio
1696 285 1752 338 in
1806 285 1994 347 notis,

2101 284 2224 353 ίγει,
2259 284 2372 337 ἀλλ’
2403 282 2548 354 ἅπερ
2593 283 2793 353 ἤκουσε
2812 295 2825 310 ·
2862 279 3026 334 παντὶ
3053 279 3110 333 δὲ
3144 278 3332 352 τρόπῳ
3362 279 3473 332 καὶ
3501 276 3640 347 λόγῳ

386 376 737 447 ριἀξοεριοινίε
759 390 981 431 manum
1010 385 1249 445 exercet,
1285 377 1508 432 nomina
1547 390 1679 431 vero
1709 390 1817 430 non
1848 376 1955 430 alia

388 482 452 520 ex
496 466 780 522 elementis
828 466 1037 536 colligit
1085 481 1247 537 quam
1300 481 1365 522 ea
1404 480 1526 537 quae
1576 464 1807 532 audivit,
1861 464 1958 520 sed

390 557 539 610 otnni
573 557 752 622 modo,
794 560 1007 613 ratione
1039 572 1101 611 ac
1135 572 1297 626 opera
1329 557 1577 628 magistri
1612 555 1959 610 traditionem

393 648 657 703 imitatur.
691 648 845 716 Quod
877 650 921 706 si
957 651 1176 721 quando
1206 651 1567 720 negligentius
1606 649 1736 720 quid
1767 648 1958 719 egerit,

394 740 539 795 cutis
601 740 722 809 eius
758 741 1081 797 verberibus
1136 741 1422 806 alliciatur,
1463 743 1636 812 plagis
1667 749 1962 796 contu-na:

397 846 506 884 non
541 830 791 894 ellicitur,
831 849 1007 903 neque
1040 833 1327 903 perfractis
1379 833 1594 887 tabellis
1645 847 1675 886 a
1707 834 1965 902 magistro

397 923 533 984 abit,
562 922 658 978 sed
694 924 1011 993 aliquandiu
1041 924 1216 979 dolori
1243 938 1458 980 amaras
1489 924 1764 981 instillans
1793 924 1967 994 lacry—

400 1031 540 1078 mas.
573 1017 879 1087 disciplinis
912 1017 1255 1083 adhrcrescit,
1286 1023 1644 1086 versaturque
1675 1018 1854 1070 acrior
1913 1017 1966 1070 in

403 1107 778 1173 meditatione,
811 1124 918 1164 non
945 1117 1123 1164 autem
1155 1108 1512 1178 negligentior
1558 1108 1760 1163 evadit.
1820 1108 1970 1162 Alias

402 1214 622 1254 rursum
658 1200 702 1256 si
739 1208 995 1271 tanquam
1030 1200 1247 1272 juvenis
1294 1214 1358 1253 ac
1399 1214 1574 1255 novus
1628 1215 1820 1270 parum
1859 1215 1972 1254 rem

405 1298 581 1351 curet,
618 1303 650 1341 a
691 1289 829 1345 cibis
877 1289 1156 1344 abstinere
1202 1288 1445 1358 iubetur,
1495 1296 1550 1344 et
1605 1288 1769 1343 famis
1811 1302 1973 1358 pmua

409 1391 627 1449 promer
658 1380 965 1436 socordiam
1008 1381 1338 1439 damnatur:
1396 1390 1675 1451 permanet
1731 1398 1861 1441 vero
1918 1383 1973 1436 in

410 1472 537 1526 ludo
559 1472 722 1527 etiam
756 1474 930 1539 solus,
964 1474 1085 1530 aliis
1123 1474 1189 1528 ad
1244 1475 1532 1544 prandium
1566 1473 1976 1529 discedentibus

2064 377 2159 429 καὶ
2198 376 2344 447 ἔργῳ
2392 377 2638 447 μιμεῖται
2677 371 2772 427 τοῦ
2821 370 3133 443 καθηγητοῦ
3179 370 3276 443 τὴν
3322 370 3641 442 παράδοσιν.

2068 468 2164 521 Ἂν
2189 468 2246 520 δέ
2282 484 2382 520 που
2412 468 2506 520 καὶ
2545 464 2867 536 ρᾳθυμῆσαν
2900 463 3358 535 ἀποτυμπανισθῇ
3390 463 3470 534 τῷ
3516 460 3647 515 σκύο

2066 576 2167 621 τει,
2203 559 2264 611 οὐ
2292 557 2617 628 θρασύνεται
2646 558 2713 627 τῇ
2751 556 2967 626 πληγῇ,
3001 554 3124 608 οὐδὲ
3168 555 3267 618 τὰς
3310 555 3529 617 δέλτους
3571 550 3649 621 τῷ

2067 644 2730 717 διδασκάλῳσπεριρῤἦξαν
2759 643 3056 714 ἀποφοιτᾷο
3092 641 3206 695 ἀλλ’
3248 644 3333 696 ἐπ’
3360 642 3543 710 ὀλίγον
3583 642 3649 711 τῇ

2071 738 2319 809 ἀλγηδόνι
2356 737 2547 809 πικρὸν
2582 734 2876 799 ἑπιστὰξαν
2908 735 2968 787 τὺ
3006 735 3272 806 δάκρυον,
3317 732 3501 805 ἔχεται
3543 733 3653 786 τῶν

2076 829 2432 901 μαθημάτων,
2453 828 2546 881 καὶ
2571 826 2964 897 συντονώτερον
2991 844 3058 878 πε
3064 827 3119 898 pl.
3139 826 3236 897 τὴν
3262 825 3514 896 μελέτην,
3537 825 3653 879 ἀλλ’

2073 922 2172 976 οὐκ
2195 922 2557 992 ἀμελέστερον
2591 920 2820 989 γίνεται.
2870 919 3089 974 Ἄλλοτε
3122 917 3283 972 πάλιν
3315 917 3655 989 ὀλιγωρήσας

2073 1013 2149 1075 ὡς
2176 1013 2314 1077 νέος,
2352 1013 2631 1066 κελεύεται
2659 1011 2838 1082 μένειν
2866 1011 3145 1074 ἀπόσιτος,
3170 1011 3267 1064 καὶ
3294 1010 3373 1079 τῷ
3393 1009 3537 1079 λιμῷ
3556 1008 3658 1077 τὴν

2079 1103 2350 1175 ρᾳθυμίαν
2389 1103 2830 1168 καταδικάζεται.
2874 1102 3188 1172 Παραμένει
3215 1101 3271 1154 δὲ
3298 1100 3375 1172 τῷ
3403 1100 3649 1153 διδασκαο

2078 1200 2205 1271 λείῳ
2243 1200 2338 1253 καὶ
2373 1199 2550 1270 μόνος,
2590 1198 2697 1251 τῶν
2736 1197 2912 1252 ἀλλων
2946 1195 3152 1249 παίδων
3185 1194 3662 1265 ἀναχωρησάντων

2082 1291 2167 1345 ἐπ’
2218 1291 2457 1362 ἄριστον,
2505 1290 2689 1361 τηρῶν
2745 1289 2806 1342 τὸ
2872 1287 3199 1359 πρόσταγμα
3256 1286 3354 1339 σὺν
3403 1285 3664 1355 εὐλαϐείᾳ

2084 1382 2273 1453 πολλῇ.
2336 1383 2395 1434 '0
2445 1380 2769 1453 Χριστιανὸς
2814 1379 2872 1432 δὲ
2921 1378 3019 1449 οὐχ
3072 1377 3267 1441 οὕτως,
3315 1379 3343 1430 ό
3396 1375 3661 1439 ἀκούσας,

2091 1493 2111 1526 ι
2153 1476 2248 1527 Ἂν
2287 1474 2359 1546 μὴ
2398 1475 2672 1545 στραφῆτε
2711 1473 2805 1527 καὶ
2847 1469 3080 1541 γένησθε
3126 1470 3203 1532 ὡς
3244 1469 3312 1523 τὰ
3359 1467 3569 1529 παιδία,
3602 1467 3664 1519 οὐ

414 1563 617 1632 pueris,
651 1571 981 1636 praeceptum
1012 1565 1266 1636 religiose
1288 1564 1607 1619 observans.
1630 1562 1980 1620 Christianus

2101 1565 2165 1635 μὴ
2190 1565 2466 1636 εἰσέλθητε
2499 1567 2581 1629 είς
2606 1563 2705 1635 τὴν
2731 1563 3008 1640 βασιλείαν
3035 1561 3145 1616 τῶν
3169 1559 3409 1632 οὐρανῶν
3432 1577 3447 1591 ·
3485 1579 3503 1611 ι
3547 1559 3664 1612 ἀλλ’

413 1662 596 1709 autem
628 1670 736 1710 non
768 1656 872 1719 sic,
906 1655 999 1728 qui
1031 1655 1245 1710 audivit
1297 1664 1499 1719 tamen,
1531 1674 1550 1707 ι
1590 1654 1706 1711 Nisi
1749 1671 1979 1711 conver-

2101 1661 2206 1711 ἱταν
2250 1657 2646 1729 αὐστηρότερον
2678 1656 2763 1729 ῐδῃ
2791 1655 2884 1710 τὸν
2930 1653 3081 1726 ἱερέα
3115 1654 3355 1723 σχήματι
3384 1650 3479 1705 καὶ
3509 1652 3662 1720 φωνῇ

412 1745 628 1808 tamini,
686 1753 740 1801 et
790 1747 944 1817 quasi
997 1748 1161 1818 puelli
1216 1747 1390 1810 fialis.
1455 1763 1564 1803 non
1614 1747 1888 1805 intrabitis
1925 1748 1981 1803 in

416 1850 643 1905 regnum
670 1836 934 1892 cmlorum
964 1838 1003 1890 ⁸.
1042 1855 1060 1888 ι
1108 1836 1212 1892 Sed
1245 1839 1290 1892 si
1334 1837 1552 1906 quando
1605 1839 1854 1909 asperius
1896 1855 1985 1895 sa-

415 1927 688 1982 cerdotem
723 1928 907 2003 specie
946 1944 1010 1984 ac
1040 1944 1172 1983 voce
1205 1930 1563 2001 corrigentem
1592 1940 1832 1986 erratum
1863 1947 1986 2001 per-

418 2018 641 2089 ceperit,
689 2019 864 2089 palam
909 2021 1255 2085 contradicit,
1306 2029 1361 2077 et
1406 2022 1549 2076 inter
1593 2023 1785 2078 dentes
1836 2039 1986 2077 mur-

422 2117 626 2175 murat,
656 2118 708 2166 et
744 2111 1073 2169 circumiens
1097 2110 1271 2172 forum
1295 2127 1357 2167 ac
1386 2113 1592 2182 plateas
1626 2114 1984 2169 conviciatur.

421 2199 486 2255 Et
511 2202 556 2256 si
588 2203 655 2256 ab
686 2203 921 2259 ecclesia
954 2203 1297 2269 excludatur,
1328 2204 1627 2263 orationem
1663 2207 1985 2270 contemnit,

422 2309 481 2349 se
513 2307 636 2348 cum
671 2307 699 2346 a
731 2294 951 2364 populo,
980 2300 1097 2349 tum
1129 2310 1159 2350 a
1198 2297 1470 2368 mysteriis
1510 2297 1629 2352 sine
1678 2297 1786 2351 ulla
1822 2297 1989 2352 dissi—

424 2385 718 2443 mulatione
774 2383 1091 2453 abducens;
1156 2394 1249 2443 aut
1288 2385 1428 2441 forte
1494 2402 1563 2442 ne
1608 2387 1736 2442 huic
1771 2388 1989 2458 quidem

429 2475 694 2545 supplicio
758 2475 1031 2541 addictus,
1066 2492 1124 2533 se
1154 2478 1222 2533 ab
1271 2477 1503 2533 ecclesia
1546 2478 1852 2546 submovet,
1913 2483 1992 2534 ira

320 2634 329 2644 _
424 2574 615 2621 contra
646 2572 962 2638 episcopum
988 2576 1318 2632 commotus,
1345 2584 1407 2624 ac
1435 2569 1602 2625 Deum
1628 2578 1682 2625 et
1704 2569 1991 2627 Dominum

426 2667 732 2711 aversatus.
795 2655 903 2711 Sed
964 2657 1236 2727 ejusmodi
1307 2658 1514 2712 homini
1570 2658 1859 2715 dicendum
1911 2671 1995 2716 est

427 2746 573 2814 quod
608 2746 798 2810 Paulo,
824 2760 948 2800 cum
971 2745 1150 2803 adhuc
1184 2745 1385 2802 Saulus
1415 2756 1583 2812 esset,
1643 2750 1851 2805 dictum
1887 2758 1992 2818 est,

433 2853 455 2887 ί
484 2836 691 2890 Durum
727 2836 825 2892 tibi
855 2845 957 2902 est,
993 2852 1027 2890 ο
1076 2837 1260 2903 homo,
1294 2846 1486 2893 contra
1521 2840 1773 2897 stimulos
1831 2843 1997 2898 calci-

2082 1750 2458 1822 διορθούμενον
2488 1750 2550 1803 τὸ
2590 1748 2990 1819 πλημμέλημα,
3041 1743 3338 1817 προφανῶς
3368 1742 3662 1809 ἀντιλέγει,

2083 1844 2176 1899 καῖ¹
2199 1843 2289 1895 ὐπ’
2319 1842 2508 1896 ὀδόντα
2534 1840 2813 1910 γογγύζει,
2841 1841 2934 1894 καλ⁵
2961 1835 3293 1910 περινοστῶν
3320 1835 3420 1905 τὴν
3449 1834 3670 1905 ἀγορὰν

2084 1939 2178 1992 καὶ
2203 1937 2272 1990 τὰ
2305 1934 2521 2005 ἄμφοδα
2553 1932 2893 2005 λοιδορεῖται.
2926 1928 3043 1984 Κᾶν
3072 1928 3172 1997 τῆς
3204 1926 3496 1996 ἐκκλησίας
3522 1926 3663 1978 ἀπο-

2085 2029 2331 2099 κλεισθῇ,
2380 2028 2713 2097 καταφρονεῖ
2753 2026 2852 2096 τῆς
2884 2021 3078 2093 εὐχῆς,
3110 2019 3527 2089 ἀπροσποιήτως
3564 2015 3660 2070 τοῦ

2086 2120 2214 2175 λαοῦ
2268 2119 2362 2173 καὶ
2400 2117 2505 2171 τῶν
2554 2116 2868 2189 μυστηρίων
2909 2110 3382 2183 ἀποτεμνόμενοςο
3421 2109 3454 2181 ἢ
3502 2108 3662 2179 τυχὸν

2086 2210 2207 2266 οὐδὲ
2239 2207 2561 2278 ὐποδληθεὶς
2592 2206 2761 2278 ταύτῃ
2806 2208 2873 2277 τῇ
2921 2204 3179 2275 τιμωρίᾳ,
3212 2199 3540 2269 ὲαυτδντῆς
3569 2201 3661 2251 ὲκ·-

2088 2297 2315 2371 κλησίας
2345 2297 2571 2366 ἀπάγει,
2606 2294 2697 2348 διὰ
2726 2294 2823 2363 τὴν
2854 2292 3022 2365 ὀργὴν
3046 2293 3145 2365 τὴν
3177 2292 3312 2364 πρὸς
3334 2291 3422 2344 τὸν
3446 2289 3664 2342 ἑπίσκο·

2090 2408 2211 2455 πον,
2261 2388 2357 2443 καὶ¹
2399 2385 2488 2440 τὸν
2532 2384 2664 2439 Θεὸν
2711 2385 2804 2438 καὶ
2855 2385 3129 2453 Δεσπότην
3175 2380 3664 2453 ἀποστρεφόμενος.

2090 2483 2320 2540 Λεκτέον
2352 2481 2408 2535 δὲ
2435 2480 2512 2551 τῷ
2540 2478 2764 2550 τοιούτῳ
2794 2478 2850 2531 τὸ
2877 2477 3013 2549 πρὸς
3041 2475 3250 2531 Παῦλον
3275 2474 3482 2544 λεχθὲν,
3506 2471 3669 2543 ἡνίκα

2092 2574 2171 2627 ἔτι
2203 2573 2405 2635 Σαῦλος
2430 2570 2712 2642 ἐτύγχανε·
2743 2587 2763 2622 ι
2804 2567 3045 2639 Σκληρόν
3085 2583 3187 2630 σοι,
3223 2566 3498 2635 ἄνθρωπε,
3534 2562 3669 2632 πρὸς

2092 2664 2293 2736 κέντρα
2320 2661 2615 2725 λακτίζειν.
2660 2678 2680 2713 ι
2715 2660 2838 2713 Εἴτε
2877 2657 2983 2723 ἀπὸ
3019 2644 3336 2711 σαυτοῦτδν
3361 2654 3495 2707 Θεὸν
3532 2654 3671 2723 ἀφῆο

2094 2772 2216 2819 κας,
2249 2754 2463 2822 λόγισαι
2495 2754 2578 2807 ὅτι
2611 2753 2640 2805 ό
2670 2750 2766 2805 τοῦ
2796 2750 2944 2822 ἡλίου
2987 2746 3367 2819 χωριζόμενος,
3399 2746 3458 2797 ὲν
3493 2742 3672 2797 σκότει

2094 2846 2188 2900 καὶ
2217 2843 2365 2915 ζόφῳ
2385 2843 2559 2912 διάγει
2585 2842 2675 2896 τὸν
2720 2840 2833 2912 βίον
2856 2857 2870 2871 ·
2893 2840 3002 2894 εἴτε
3026 2836 3340 2908 ἀπεϐλήθης
3366 2834 3475 2889 τῶν
3500 2832 3675 2904 εὐχῶν

432 2933 580 2982 trare
600 2928 623 2960 ³
655 2945 669 2982 :
714 2946 734 2980 ι
767 2928 883 2984 sive
918 2943 949 2982 a
981 2929 1157 3000 teipso
1189 2928 1355 2985 Deum
1390 2930 1684 2996 dimiseris,
1745 2943 1994 3004 reputate

2101 2937 2172 3001 ὡς
2216 2937 2454 3002 ἀνάξιος,
2508 2934 2835 2990 ἀνακάλεσαι
2883 2935 2951 3004 τῇ
3006 2929 3262 3002 μετανοίᾳ
3307 2926 3405 2999 τὴν
3452 2925 3676 2998 πρώτην

432 3017 578 3087 quod
611 3018 703 3089 qui
737 3033 766 3072 a
804 3019 919 3075 sole
956 3019 1239 3091 seiunctus
1264 3031 1369 3087 est,
1424 3024 1479 3075 in
1514 3023 1755 3080 tenebris
1787 3031 1841 3079 et
1871 3025 1994 3080 cali-

2105 3028 2458 3082 κατάστασιν.

435 3106 561 3178 gine
602 3108 769 3164 vitam
823 3110 1008 3181 degit;
1058 3111 1173 3168 sive
1228 3114 1572 3171 orationibus
1635 3124 1692 3175 ut
1751 3117 2007 3191 indignus
2046 3121 2370 3179 interdictus
2418 3122 2517 3186 sis,
2592 3134 2688 3191 per
2725 3116 3103 3190 paenitentiam
3176 3110 3414 3182 primum
3470 3113 3679 3165 statum

436 3215 631 3257 revoca
639 3210 714 3258 ιο.

505 3295 653 3351 Nihil
690 3296 812 3353 falsi
839 3308 933 3353 aut
966 3300 1234 3355 mendacii
1267 3301 1532 3374 scriptum
1558 3312 1640 3363 est
1672 3304 1724 3359 in
1766 3304 2011 3378 Evangeo

438 3389 551 3454 liis,
583 3405 760 3460 neque
787 3390 988 3447 Christi
1017 3393 1298 3463 prazdictio
1319 3394 1521 3451 exitum
1555 3394 1802 3453 fallacem
1828 3398 2009 3455 habet.

439 3479 546 3535 Per
570 3479 788 3537 Petrum
828 3482 1100 3556 episcopis
1138 3482 1289 3538 dedit
1322 3484 1529 3542 clavem
1562 3487 1868 3544 caelestium
1909 3489 2012 3545 ho-

440 3583 671 3638 norum;
715 3584 951 3642 agnosce
989 3572 1137 3641 quod
1185 3574 1421 3642 solutus,
1469 3577 1679 3633 solutus
1721 3594 1801 3640 es.
1852 3587 1906 3634 et
1944 3580 2008 3634 li-

449 3668 609 3729 gatus
646 3660 882 3716 vinculis
906 3660 1275 3721 invisibilibus
1301 3666 1636 3723 constrictus
1671 3683 1751 3724 es.
1786 3666 1842 3723 Si
1864 3668 2010 3725 oculi

444 3747 544 3802 tibi
580 3756 766 3803 essent
822 3749 1024 3819 quibus
1086 3765 1343 3807 cerneres
1397 3754 1567 3809 animi
1621 3757 2009 3824 substantiam,

444 3838 790 3893 ostenderem
846 3840 943 3895 tibi
982 3841 1075 3910 qui
1123 3856 1153 3895 a
1209 3846 1594 3901 communione
1647 3847 1878 3905 abactus
1929 3865 2010 3918 es,

2179 3303 2346 3359 Οὐδὲν
2407 3302 2599 3375 ψεῦδος
2655 3303 2713 3356 ὲν
2766 3297 3110 3368 Εὐαγγελίοις
3165 3296 3505 3365 γέγραπται.
3563 3290 3685 3345 οὐδὲ

2110 3397 2414 3469 πρόρρησις
2453 3394 2547 3448 τοῦ
2589 3391 2826 3464 Χριστοῦ
2864 3387 3206 3459 ὲσφαλμένην
3235 3384 3347 3456 ἔχει
3394 3382 3490 3456 τὴν
3524 3381 3687 3435 ἐκσα-

2114 3505 2216 3541 σιν.
2266 3487 2364 3540 Διά
2412 3485 2620 3557 Πέτρου
2663 3483 2828 3537 ἔδωκε
2872 3482 2984 3544 τοῖς
3015 3476 3333 3539 ἐπισκόποις
3373 3476 3471 3545 τὴν
3505 3473 3687 3527 κλεῖδα

2111 3577 2218 3631 τῶν
2246 3575 2585 3648 ἐπουρανίων
2613 3573 2787 3645 τιμῶν
2808 3587 2821 3602 ’
2854 3571 3088 3640 γίνωσκε
3129 3569 3210 3621 ότι
3239 3565 3417 3628 λυθεὶς
3445 3563 3684 3625 λέλυσαι,

2116 3668 2211 3721 καὶ
2262 3666 2436 3729 δεθεὶς
2486 3667 2600 3729 τοῖς
2647 3664 2896 3736 ἀοράτοις
2943 3661 3160 3731 δεσμοῖς
3211 3656 3579 3726 κατασφίγγῃ.
3626 3654 3688 3706 Et

2119 3760 2427 3831 ὀφθαλμοὺς
2455 3754 2596 3828 εἶχες
2629 3755 2765 3828 πρὸς
2803 3754 2902 3824 τὴν
2938 3751 3125 3805 οὐσίαν
3161 3751 3259 3820 τῆς
3285 3747 3483 3818 ψυχῆς,
3517 3742 3689 3809 ἔδειξα

2120 3853 2185 3907 ἄν
2208 3869 2289 3904 σοι
2314 3851 2391 3920 τῷ
2420 3847 2784 3920 ἀφωρισμένῳ
2813 3844 2997 3915 σχῆμα
3018 3839 3503 3912 κατακεκριμένον,
3527 3838 3689 3909 βαρυ-

447 3928 686 3998 speciem
721 3930 1091 3998 condemnati,
1134 3935 1476 4004 gravissimis
1530 3938 1765 3995 vinculis
1802 3943 1994 3996 οετνὶοι

2121 3944 2304 4006 τάτοις
2351 3942 2569 4012 δεσμοῖς
2618 3938 2709 3992 τὸν
2761 3936 2964 4006 αὐχένα
3002 3933 3351 4003 πιεζομένου,
3384 3931 3534 3984 οὐδὲν
3579 3928 3691 3983 τῶν

445 4017 712 4090 depressi,
758 4021 967 4076 nullum
1003 4025 1368 4079 membrorum
1398 4026 1627 4082 liberum
1659 4037 1753 4083 aut
1777 4031 1994 4087 solutun

2128 4034 2303 4106 μελῶν
2332 4031 2613 4102 ἐλεύθερον
2644 4030 2678 4100 ἢ
2706 4028 2891 4083 ἄνετον
2920 4025 3149 4096 ἔχοντος.
3172 4025 3281 4077 Καὶ
3305 4022 3416 4076 εἴθε
3445 4021 3520 4092 τῷ
3541 4020 3690 4091 βίῳὴ

447 4110 718 4167 habentis.
744 4113 925 4182 Atque
969 4114 1176 4168 utinam
1212 4130 1336 4171 cum
1377 4118 1484 4171 vita
1532 4121 1859 4193 supplicium
1909 4135 1988 4179 ter

2123 4125 2363 4198 τιμωρία
2377 4141 2444 4177 πε
2453 4121 2748 4195 ριωρίζετοί
2766 4121 2881 4175 νυνι
2893 4118 2946 4172 δὲ
2966 4117 3073 4194 [ἂν]
3084 4114 3417 4187 ἀνθρώπινόν
3428 4131 3478 4169 τι
3492 4112 3697 4184 (NP-5?}.

448 4204 752 4259 minaretur
778 4205 791 4259 !
828 4203 983 4260 Nunc
1012 4220 1141 4262 vero
1174 4206 1219 4261 si
1251 4206 1382 4279 quid
1413 4208 1711 4268 humanum
1752 4215 1994 4270 evenerit

2127 4218 2222 4271 καὶ
2249 4216 2440 4287 ἀθρόον
2467 4218 2718 4287 παραστῇ
2742 4216 2774 4285 ἠ
2800 4214 3044 4286 τελευτὴ,
3070 4215 3144 4275 ὡς
3169 4210 3408 4277 κλέπτης
3436 4208 3492 4259 ὲν
3519 4203 3696 4266 νυκτὶ,

447 4302 503 4352 et
534 4296 827 4367 derepente
878 4313 1027 4355 mors
1073 4302 1392 4369 accesserit,
1437 4311 1499 4357 ut
1536 4304 1677 4360 latro
1722 4305 1790 4361 de
1839 4316 1994 4362 nocte

2127 4306 2362 4377 γίνωσκε
2395 4306 2701 4361 κεκλεῖσθαί
2741 4322 2821 4359 σοι
2859 4304 2927 4359 τά
2958 4307 3090 4359 ἐκεῖ.
3132 4300 3440 4372 Ἐπιμελείς
3469 4299 3576 4349 εἱσι
3607 4294 3701 4348 καὶ

452 4387 593 4443 scito
619 4389 711 4442 tibi
749 4388 974 4445 occlusa
1027 4405 1149 4460 quae
1197 4390 1307 4444 illic
1358 4402 1488 4446 sunt
1534 4409 1686 4449 esse.
1730 4394 1992 4469 Diligente

2134 4395 2209 4467 μὴ
2246 4396 2562 4466 παιζόμενοι
2601 4396 2650 4448 οἱ
2690 4394 2790 4465 τῆς
2830 4393 3103 4464 βασιλείας
3135 4389 3385 4461 θυρωροί·
3411 4385 3577 4456 όρῶσι
3599 4384 3701 4455 τὴν

456 4484 585 4533 sunt
620 4485 674 4534 et
699 4479 794 4549 qui
827 4495 936 4533 non
979 4479 1172 4537 ludant
1213 4481 1364 4537 illius
1418 4485 1572 4554 regni
1606 4484 2025 4555 janitores;vi-

453 4568 581 4625 dent
612 4571 847 4624 animam
898 4572 1262 4642 separationis
1310 4581 1470 4630 notas
1513 4574 1798 4631 ferentem.
1843 4575 2013 4645 Quasi

453 4663 744 4732 quemdam
801 4662 974 4719 fetore
1027 4672 1081 4719 et
1128 4665 1384 4722 sordibus
1433 4669 1674 4726 carceris
1735 4679 2024 4736 notatum,

456 4753 680 4822 abigunt
715 4769 834 4809 eam
863 4756 1057 4810 semita
1081 4772 1202 4827 qua:
1229 4758 1295 4812 ad
1327 4759 1469 4833 bona
1508 4759 1677 4815 ducit.
1720 4759 1835 4816 Non
1895 4778 2028 4818 con-

457 4847 654 4900 cedunt
685 4855 745 4900 ut
796 4849 1018 4904 ordines
1055 4849 1331 4920 justorum
1371 4860 1581 4916 cernat,
1623 4861 1678 4909 et
1724 4855 2023 4925 angelicam

461 4939 735 5004 tzctitiam;
764 4941 959 4995 misera
998 4957 1129 4996 vero
1157 4953 1269 4996 tum
1305 4958 1418 4998 suae
1450 4958 1510 5000 se
1556 4946 1878 5001 temeritatis
1933 4961 2024 5003 ve-

461 5028 743 5082 hementer
792 5045 1062 5086 accusans
1088 5071 1103 5096 ,
1154 5032 1456 5104 Ingensque
1484 5073 1498 5097 ,
1546 5049 1608 5089 ac
1647 5035 1908 5107 plorans,
1971 5044 2025 5092 et

458 5135 681 5187 gemens
719 5121 771 5173 in
806 5120 983 5176 locum
1018 5123 1309 5192 quemdam
1352 5125 1567 5180 tristem
1632 5133 1891 5198 tanquam
1936 5143 2033 5182 an-

459 5212 645 5280 gulum
679 5213 890 5281 altjecta
923 5215 1287 5283 permanebit,
1313 5215 1465 5272 luctu
1490 5233 1768 5289 nunquam
1812 5220 2031 5275 (inituro

461 5318 525 5354 ac
578 5303 853 5357 insnlabili
903 5303 959 5357 in
988 5311 1250 5360 aeternum
1295 5321 1487 5378 pennas
1540 5310 1715 5367 luens.
1774 5330 1791 5363 ι
1852 5311 2032 5368 Nolite

463 5392 601 5457 fieri,
633 5412 651 5444 ι
689 5393 886 5464 inquit,
918 5413 936 5445 ί
966 5395 1109 5451 sicut
1134 5411 1310 5467 equus
1337 5406 1392 5454 et
1422 5400 1623 5467 mulus,
1663 5402 1866 5473 quibus
1916 5421 2022 5460 non

567 5566 796 5625 ‘Matth.
828 5587 979 5639 xvm,
1016 5573 1068 5627 '5.
1172 5576 1327 5630 Ἀρι.
1372 5593 1447 5642 Ix,
1486 5577 1537 5635 5.

2130 4487 2306 4557 ψυχὴν
2328 4486 2395 4540 τά
2422 4486 2514 4539 τοῦ
2541 4484 2845 4557 ἀφορισμοῦ
2873 4484 3140 4556 φέρουσαν
3164 4479 3424 4551 σύμῦολα.
3456 4478 3553 4539 Ὦς
3580 4492 3705 4528 τινα

2131 4579 2223 4634 τοῦ
2254 4578 2625 4650 δεσμωτηρίου
2664 4580 2728 4649 τῇ
2757 4577 2900 4648 κόμῃ
2935 4577 3031 4630 καὶ
3065 4574 3143 4646 τῷ
3169 4573 3323 4644 ῥύπῳ
3361 4566 3704 4640 κατηγορού-

2134 4692 2315 4745 μενον.
2349 4673 2740 4727 ἀπελαύνουσιν
2776 4670 2942 4741 αὐτὴν
2968 4673 3066 4742 τῆς
3107 4669 3199 4722 ἐπὶ
3226 4666 3295 4720 τὰ
3334 4663 3475 4718 καλὰ
3505 4660 3739 4742 φερούοὶ

2131 4785 2231 4840 σης
2275 4767 2393 4821 ὁδθῦ
2421 4783 2433 4796 ’
2470 4767 2531 4821 οὐ
2582 4766 3019 4840 συῃχωρήσουσιν
3071 4761 3197 4814 ἰδεῖν
3230 4757 3301 4812 τὰ
3343 4756 3596 4825 τάγματα
3628 4753 3694 4806 δι·
3730 4750 3737 4757 ’

2133 4858 2322 4921 καίων,
2349 4857 2442 4911 καί⁵
2472 4855 2766 4928 ἀγγελικὴν
2804 4851 3160 4924 εὐφροσύνην.
3208 4848 3274 4901 Ἠ
3299 4847 3353 4900 δὲ
3393 4844 3552 4898 ἀθλία
3583 4841 3709 4894 τότε

2133 4948 2305 5003 πολλὰ
2340 4949 2441 5020 τῆς
2484 4947 2737 5011 ἀϐουλίας
2769 4946 2968 5018 ἑαυτὴν
2996 4936 3463 5013 καταμεμφομένη
3485 4974 3500 4998 ,
3536 4932 3709 5003 οἰμώ-

2134 5040 2300 5106 ζουσα
2331 5041 2385 5094 δὲ
2423 5042 2515 5094 καὶ
2548 5040 2865 5112 ὀδυρομένη,
2896 5036 2990 5091 καὶ
3020 5035 3300 5095 στένουσα,
3334 5030 3427 5083 καὶ
3460 5026 3710 5095 σκυθρω-

2135 5134 2221 5205 πῷ
2248 5151 2353 5187 τινι
2382 5133 2553 5204 τόπῳ,
2585 5127 2695 5186 οἷον
2718 5131 2889 5201 γωνίᾳ
2912 5124 3362 5199 προσερριμμένη
3388 5115 3707 5173 διατελέσει.

2134 5224 2223 5278 τὸν
2261 5222 2491 5293 ἄληκτον
2528 5221 2758 5294 ὀδυρμδν
2789 5221 2883 5275 καὶ
2920 5214 3348 5289 ἀπαραμύθητον
3386 5210 3464 5270 είς
3504 5205 3708 5266 αἰῶνας

2136 5314 2441 5369 ὲκτίνουσα.
2475 5334 2493 5366 ‹
2539 5313 2631 5385 Μὴ
2659 5312 2872 5382 γίνεσθε
2894 5351 2908 5374 ,
2948 5328 2967 5361 ι
2998 5307 3190 5378 φησὶν,
3233 5323 3252 5356 ι
3294 5301 3371 5395 ῶς
3415 5294 3708 5395 (tutos-xu}

2137 5407 2377 5479 ἡμίονος,
2428 5403 2506 5471 οἷς
2537 5407 2637 5460 οὐκ
2674 5405 2787 5459 ἔστι
2822 5402 3035 5464 σύνεσις
3057 5417 3070 5432 ο
3107 5399 3163 5453 ὲν
3193 5392 3352 5466 κημῷ
3378 5391 3470 5447 καὶ
3507 5387 3709 5460 χαλινῷ
