  <div class='ocr_page' id='page_1' title='image "/cluster/home/n/w/nwhite01/storage/ocr_20150623/46/hvd.32044054112198/172.png"; bbox 0 0 3896 6208; ppageno 0'>
   <div class='ocr_carea' id='block_1_1' title="bbox 236 160 376 255">
    <p class='ocr_par' dir='ltr' id='par_1_1' title="bbox 236 160 376 255">
     <span class='ocr_line' id='line_1_1' title="bbox 236 160 376 255; baseline 0.007 -2"><span class='ocrx_word' id='word_1_1' title='bbox 236 160 376 255; x_wconf 11' lang='grc' dir='ltr'>ίδισ</span> 
     </span>
    </p>
   </div>
   <div class='ocr_carea' id='block_1_2' title="bbox 1538 199 1873 260">
    <p class='ocr_par' dir='ltr' id='par_1_2' title="bbox 1538 200 1873 258">
     <span class='ocr_line' id='line_1_2' title="bbox 1538 200 1873 258; baseline 0 -1"><span class='ocrx_word' id='word_1_2' title='bbox 1538 220 1550 233; x_wconf 66' lang='grc' dir='ltr'><strong><em>ο</em></strong></span> <span class='ocrx_word' id='word_1_3' title='bbox 1574 200 1665 257; x_wconf 88' lang='lat' dir='ltr'><strong>DE</strong></span> <span class='ocrx_word' id='word_1_4' title='bbox 1704 200 1873 258; x_wconf 79' lang='lat' dir='ltr'><strong>CAS‘I</strong></span> 
     </span>
    </p>
   </div>
   <div class='ocr_carea' id='block_1_3' title="bbox 1978 199 3549 260">
    <p class='ocr_par' dir='ltr' id='par_1_3' title="bbox 1978 199 3549 260">
     <span class='ocr_line' id='line_1_3' title="bbox 1978 199 3549 260; baseline 0.003 -5"><span class='ocrx_word' id='word_1_5' title='bbox 1978 199 2239 258; x_wconf 63' lang='grc' dir='ltr'><strong>ὶΤΙΟΝΕ.</strong></span> <span class='ocrx_word' id='word_1_6' title='bbox 3443 203 3549 260; x_wconf 62' lang='grc' dir='ltr'>ιλιι</span> 
     </span>
    </p>
   </div>
   <div class='ocr_carea' id='block_1_4' title="bbox 268 311 1873 395">
    <p class='ocr_par' dir='ltr' id='par_1_4' title="bbox 268 311 1860 395">
     <span class='ocr_line' id='line_1_4' title="bbox 268 311 1860 395; baseline -0.001 -26"><span class='ocrx_word' id='word_1_7' title='bbox 268 314 367 376; x_wconf 74' lang='grc' dir='ltr'><strong>τὰς</strong></span> <span class='ocrx_word' id='word_1_8' title='bbox 400 311 657 382; x_wconf 79' lang='grc' dir='ltr'><strong>σιαγόνας</strong></span> <span class='ocrx_word' id='word_1_9' title='bbox 689 311 872 366; x_wconf 75' lang='grc' dir='ltr'>αὐτῶν</span> <span class='ocrx_word' id='word_1_10' title='bbox 901 311 1106 382; x_wconf 81' lang='grc' dir='ltr'>άγξεις.</span> <span class='ocrx_word' id='word_1_11' title='bbox 1142 330 1161 365; x_wconf 73' lang='grc' dir='ltr'><strong>ι</strong></span> <span class='ocrx_word' id='word_1_12' title='bbox 1198 313 1302 367; x_wconf 72' lang='grc' dir='ltr'>Τὸν</span> <span class='ocrx_word' id='word_1_13' title='bbox 1331 312 1563 385; x_wconf 74' lang='grc' dir='ltr'>σκληρὸν</span> <span class='ocrx_word' id='word_1_14' title='bbox 1591 314 1620 367; x_wconf 99' lang='lat'><strong>6</strong></span> <span class='ocrx_word' id='word_1_15' title='bbox 1647 311 1860 395; x_wconf 72' lang='grc' dir='ltr'>ψαλμὸς</span> 
     </span>
    </p>
   </div>
   <div class='ocr_carea' id='block_1_5' title="bbox 1978 311 3550 395">
    <p class='ocr_par' dir='ltr' id='par_1_5' title="bbox 1978 312 3550 373">
     <span class='ocr_line' id='line_1_5' title="bbox 1978 312 3550 373; baseline 0.003 -6"><span class='ocrx_word' id='word_1_16' title='bbox 1978 320 2047 368; x_wconf 63' lang='lat' dir='ltr'><strong>est</strong></span> <span class='ocrx_word' id='word_1_17' title='bbox 2076 312 2428 370; x_wconf 90' lang='lat' dir='ltr'><strong>intellectus:</strong></span> <span class='ocrx_word' id='word_1_18' title='bbox 2467 315 2519 369; x_wconf 90' lang='lat' dir='ltr'><strong>in</strong></span> <span class='ocrx_word' id='word_1_19' title='bbox 2556 328 2714 369; x_wconf 87' lang='lat' dir='ltr'><strong>camo</strong></span> <span class='ocrx_word' id='word_1_20' title='bbox 2750 323 2804 369; x_wconf 89' lang='lat' dir='ltr'><strong>et</strong></span> <span class='ocrx_word' id='word_1_21' title='bbox 2836 315 2992 369; x_wconf 78' lang='lat' dir='ltr'><strong>freno</strong></span> <span class='ocrx_word' id='word_1_22' title='bbox 3054 316 3306 371; x_wconf 79' lang='lat' dir='ltr'><strong>maxillas</strong></span> <span class='ocrx_word' id='word_1_23' title='bbox 3361 331 3550 373; x_wconf 89' lang='lat' dir='ltr'><strong>eorum</strong></span> 
     </span>
    </p>
   </div>
   <div class='ocr_carea' id='block_1_6' title="bbox 267 397 1860 475">
    <p class='ocr_par' dir='ltr' id='par_1_6' title="bbox 267 397 1860 475">
     <span class='ocr_line' id='line_1_6' title="bbox 267 397 1860 475; baseline -0.001 -16"><span class='ocrx_word' id='word_1_24' title='bbox 267 402 559 459; x_wconf 83' lang='grc' dir='ltr'>ἁπαλὺνων</span> <span class='ocrx_word' id='word_1_25' title='bbox 589 401 761 455; x_wconf 85' lang='grc' dir='ltr'>ταῦτά</span> <span class='ocrx_word' id='word_1_26' title='bbox 794 420 968 474; x_wconf 83' lang='grc' dir='ltr'>φησι,</span> <span class='ocrx_word' id='word_1_27' title='bbox 999 403 1097 457; x_wconf 77' lang='grc' dir='ltr'>καὶ</span> <span class='ocrx_word' id='word_1_28' title='bbox 1142 397 1252 457; x_wconf 78' lang='grc' dir='ltr'>οἷον</span> <span class='ocrx_word' id='word_1_29' title='bbox 1290 403 1453 475; x_wconf 84' lang='grc' dir='ltr'>ἐλαίῳ</span> <span class='ocrx_word' id='word_1_30' title='bbox 1501 404 1860 474; x_wconf 83' lang='grc' dir='ltr'>ἐκμαλάσσων</span> 
     </span>
    </p>
   </div>
   <div class='ocr_carea' id='block_1_7' title="bbox 270 490 1861 568">
    <p class='ocr_par' dir='ltr' id='par_1_7' title="bbox 270 490 1861 568">
     <span class='ocr_line' id='line_1_7' title="bbox 270 490 1861 568; baseline -0.002 -16"><span class='ocrx_word' id='word_1_31' title='bbox 270 500 397 561; x_wconf 70' lang='grc' dir='ltr'>ταῖς</span> <span class='ocrx_word' id='word_1_32' title='bbox 429 494 803 568; x_wconf 81' lang='grc' dir='ltr'><strong>παραινέσεσι.</strong></span> <span class='ocrx_word' id='word_1_33' title='bbox 843 496 1076 567; x_wconf 81' lang='grc' dir='ltr'>Κάμψον</span> <span class='ocrx_word' id='word_1_34' title='bbox 1110 490 1203 550; x_wconf 81' lang='grc' dir='ltr'><strong>οῦν</strong></span> <span class='ocrx_word' id='word_1_35' title='bbox 1231 496 1322 551; x_wconf 82' lang='grc' dir='ltr'>τὸν</span> <span class='ocrx_word' id='word_1_36' title='bbox 1351 496 1576 568; x_wconf 79' lang='grc' dir='ltr'>αὐχένα,</span> <span class='ocrx_word' id='word_1_37' title='bbox 1602 493 1742 563; x_wconf 81' lang='grc' dir='ltr'>εἶξον</span> <span class='ocrx_word' id='word_1_38' title='bbox 1785 497 1861 561; x_wconf 85' lang='grc' dir='ltr'>ὡς</span> 
     </span>
    </p>
   </div>
   <div class='ocr_carea' id='block_1_8' title="bbox 276 587 1859 661">
    <p class='ocr_par' dir='ltr' id='par_1_8' title="bbox 276 587 1859 661">
     <span class='ocr_line' id='line_1_8' title="bbox 276 587 1859 661; baseline 0.001 -19"><span class='ocrx_word' id='word_1_39' title='bbox 276 587 430 659; x_wconf 76' lang='grc' dir='ltr'>ζυγῷ</span> <span class='ocrx_word' id='word_1_40' title='bbox 456 591 569 652; x_wconf 83' lang='grc' dir='ltr'>τοῖς</span> <span class='ocrx_word' id='word_1_41' title='bbox 594 587 1027 659; x_wconf 77' lang='grc' dir='ltr'>προστάγμασι·</span> <span class='ocrx_word' id='word_1_42' title='bbox 1062 587 1125 641; x_wconf 83' lang='grc' dir='ltr'>τὸ</span> <span class='ocrx_word' id='word_1_43' title='bbox 1157 589 1391 660; x_wconf 83' lang='grc' dir='ltr'>σκληρὸν</span> <span class='ocrx_word' id='word_1_44' title='bbox 1425 590 1859 661; x_wconf 80' lang='grc' dir='ltr'>ἀπορῤήγνυται,</span> 
     </span>
    </p>
   </div>
   <div class='ocr_carea' id='block_1_9' title="bbox 275 676 1861 752">
    <p class='ocr_par' dir='ltr' id='par_1_9' title="bbox 275 676 1861 752">
     <span class='ocr_line' id='line_1_9' title="bbox 275 676 1861 752; baseline 0.001 -18"><span class='ocrx_word' id='word_1_45' title='bbox 275 681 339 734; x_wconf 81' lang='grc' dir='ltr'>τὸ</span> <span class='ocrx_word' id='word_1_46' title='bbox 364 676 511 735; x_wconf 72' lang='grc' dir='ltr'>εἶκον</span> <span class='ocrx_word' id='word_1_47' title='bbox 542 681 636 735; x_wconf 77' lang='grc' dir='ltr'><strong>καὶ</strong></span> <span class='ocrx_word' id='word_1_48' title='bbox 667 680 1055 751; x_wconf 77' lang='grc' dir='ltr'>καμπτόμενον</span> <span class='ocrx_word' id='word_1_49' title='bbox 1087 681 1373 752; x_wconf 73' lang='grc' dir='ltr'><strong>ὀρθοῦται·</strong></span> <span class='ocrx_word' id='word_1_50' title='bbox 1402 682 1496 735; x_wconf 64' lang='grc' dir='ltr'><strong>κα)⁵</strong></span> <span class='ocrx_word' id='word_1_51' title='bbox 1521 681 1761 735; x_wconf 80' lang='grc' dir='ltr'><strong>διδάσκει</strong></span> <span class='ocrx_word' id='word_1_52' title='bbox 1803 699 1861 735; x_wconf 80' lang='grc' dir='ltr'><strong>σε</strong></span> 
     </span>
    </p>
   </div>
   <div class='ocr_carea' id='block_1_10' title="bbox 273 771 1864 847">
    <p class='ocr_par' dir='ltr' id='par_1_10' title="bbox 273 771 1864 847">
     <span class='ocr_line' id='line_1_10' title="bbox 273 771 1864 847; baseline 0.003 -22"><span class='ocrx_word' id='word_1_53' title='bbox 273 771 431 826; x_wconf 86' lang='grc' dir='ltr'>τοῦτο</span> <span class='ocrx_word' id='word_1_54' title='bbox 456 776 490 843; x_wconf 76' lang='grc' dir='ltr'><strong>ἡ</strong></span> <span class='ocrx_word' id='word_1_55' title='bbox 518 773 612 826; x_wconf 81' lang='grc' dir='ltr'>ἐπὶ</span> <span class='ocrx_word' id='word_1_56' title='bbox 638 776 753 837; x_wconf 86' lang='grc' dir='ltr'>τοῖς</span> <span class='ocrx_word' id='word_1_57' title='bbox 796 776 984 842; x_wconf 79' lang='grc' dir='ltr'><strong>φυτοῖς</strong></span> <span class='ocrx_word' id='word_1_58' title='bbox 1012 776 1198 847; x_wconf 84' lang='grc' dir='ltr'>πεῖρα.</span> <span class='ocrx_word' id='word_1_59' title='bbox 1230 775 1322 845; x_wconf 78' lang='grc' dir='ltr'><strong>Μὴ</strong></span> <span class='ocrx_word' id='word_1_60' title='bbox 1349 773 1440 827; x_wconf 83' lang='grc' dir='ltr'>τὸν</span> <span class='ocrx_word' id='word_1_61' title='bbox 1468 774 1683 844; x_wconf 81' lang='grc' dir='ltr'>χαλινὸν</span> <span class='ocrx_word' id='word_1_62' title='bbox 1710 774 1864 829; x_wconf 85' lang='grc' dir='ltr'>ἐνδα-</span> 
     </span>
    </p>
   </div>
   <div class='ocr_carea' id='block_1_11' title="bbox 273 864 1862 938">
    <p class='ocr_par' dir='ltr' id='par_1_11' title="bbox 273 864 1862 938">
     <span class='ocr_line' id='line_1_11' title="bbox 273 864 1862 938; baseline 0.001 -19"><span class='ocrx_word' id='word_1_63' title='bbox 273 864 385 919; x_wconf 84' lang='grc' dir='ltr'>κὼν</span> <span class='ocrx_word' id='word_1_64' title='bbox 406 866 658 938; x_wconf 76' lang='grc' dir='ltr'>ὁρμήσῃς</span> <span class='ocrx_word' id='word_1_65' title='bbox 683 866 777 919; x_wconf 73' lang='grc' dir='ltr'><strong>ἐπὶ</strong></span> <span class='ocrx_word' id='word_1_66' title='bbox 808 866 899 919; x_wconf 77' lang='grc' dir='ltr'>τὸν</span> <span class='ocrx_word' id='word_1_67' title='bbox 928 866 1173 937; x_wconf 77' lang='grc' dir='ltr'>κρημνὸν</span> <span class='ocrx_word' id='word_1_68' title='bbox 1197 905 1215 931; x_wconf 85' lang='grc'><strong>,</strong></span> <span class='ocrx_word' id='word_1_69' title='bbox 1241 865 1274 935; x_wconf 80' lang='grc' dir='ltr'><strong>ἢ</strong></span> <span class='ocrx_word' id='word_1_70' title='bbox 1317 865 1377 918; x_wconf 77' lang='grc' dir='ltr'>τὸ</span> <span class='ocrx_word' id='word_1_71' title='bbox 1405 865 1696 937; x_wconf 83' lang='grc' dir='ltr'>βάραθρον.</span> <span class='ocrx_word' id='word_1_72' title='bbox 1726 866 1862 920; x_wconf 72' lang='grc' dir='ltr'>ἀλλὰ</span> 
     </span>
    </p>
   </div>
   <div class='ocr_carea' id='block_1_12' title="bbox 274 956 1861 1029">
    <p class='ocr_par' dir='ltr' id='par_1_12' title="bbox 274 956 1861 1029">
     <span class='ocr_line' id='line_1_12' title="bbox 274 956 1861 1029; baseline -0.001 -17"><span class='ocrx_word' id='word_1_73' title='bbox 274 956 593 1029; x_wconf 74' lang='grc' dir='ltr'><strong>περιαχθεὶς</strong></span> <span class='ocrx_word' id='word_1_74' title='bbox 619 959 713 1011; x_wconf 81' lang='grc' dir='ltr'>τὸν</span> <span class='ocrx_word' id='word_1_75' title='bbox 736 958 939 1028; x_wconf 80' lang='grc' dir='ltr'>αὐχένα</span> <span class='ocrx_word' id='word_1_76' title='bbox 962 961 1025 1028; x_wconf 80' lang='grc' dir='ltr'><strong>τῇ</strong></span> <span class='ocrx_word' id='word_1_77' title='bbox 1052 958 1197 1029; x_wconf 63' lang='grc' dir='ltr'><strong>χειρὶ⁸</strong></span> <span class='ocrx_word' id='word_1_78' title='bbox 1218 956 1311 1011; x_wconf 86' lang='grc' dir='ltr'><strong>τοῦ</strong></span> <span class='ocrx_word' id='word_1_79' title='bbox 1334 958 1624 1024; x_wconf 80' lang='grc' dir='ltr'>ἀναϐάτου,</span> <span class='ocrx_word' id='word_1_80' title='bbox 1648 958 1739 1011; x_wconf 76' lang='grc' dir='ltr'>ἐπὶ</span> <span class='ocrx_word' id='word_1_81' title='bbox 1763 956 1861 1028; x_wconf 86' lang='grc' dir='ltr'>τὴν</span> 
     </span>
    </p>
   </div>
   <div class='ocr_carea' id='block_1_13' title="bbox 275 1048 1859 1122">
    <p class='ocr_par' dir='ltr' id='par_1_13' title="bbox 275 1048 1859 1122">
     <span class='ocr_line' id='line_1_13' title="bbox 275 1048 1859 1122; baseline -0.001 -18"><span class='ocrx_word' id='word_1_82' title='bbox 275 1050 555 1115; x_wconf 71' lang='grc' dir='ltr'>σώζουσαν</span> <span class='ocrx_word' id='word_1_83' title='bbox 589 1050 706 1103; x_wconf 79' lang='grc' dir='ltr'>ὁδὸν</span> <span class='ocrx_word' id='word_1_84' title='bbox 743 1048 1162 1122; x_wconf 77' lang='grc' dir='ltr'>κατευθύνθητιο</span> <span class='ocrx_word' id='word_1_85' title='bbox 1195 1051 1322 1105; x_wconf 83' lang='grc' dir='ltr'>ὅταν</span> <span class='ocrx_word' id='word_1_86' title='bbox 1352 1050 1668 1121; x_wconf 76' lang='grc' dir='ltr'><strong>ἐπιτίμησιν</strong></span> <span class='ocrx_word' id='word_1_87' title='bbox 1710 1049 1859 1122; x_wconf 79' lang='grc' dir='ltr'>δέξῃ,</span> 
     </span>
    </p>
   </div>
   <div class='ocr_carea' id='block_1_14' title="bbox 275 1139 1863 1212">
    <p class='ocr_par' dir='ltr' id='par_1_14' title="bbox 275 1139 1863 1212">
     <span class='ocr_line' id='line_1_14' title="bbox 275 1139 1863 1212; baseline -0.001 -17"><span class='ocrx_word' id='word_1_88' title='bbox 275 1142 399 1195; x_wconf 84' lang='grc' dir='ltr'>εἰπὲ</span> <span class='ocrx_word' id='word_1_89' title='bbox 428 1143 537 1197; x_wconf 80' lang='grc' dir='ltr'><strong>ἀπὸ</strong></span> <span class='ocrx_word' id='word_1_90' title='bbox 569 1141 828 1206; x_wconf 71' lang='grc' dir='ltr'>εὐλαϐοῦς</span> <span class='ocrx_word' id='word_1_91' title='bbox 866 1140 1044 1212; x_wconf 78' lang='grc' dir='ltr'>ψυχῆς</span> <span class='ocrx_word' id='word_1_92' title='bbox 1075 1141 1136 1194; x_wconf 86' lang='grc' dir='ltr'>τὸ</span> <span class='ocrx_word' id='word_1_93' title='bbox 1178 1140 1486 1204; x_wconf 78' lang='grc' dir='ltr'>Δαὸιτικὸν,</span> <span class='ocrx_word' id='word_1_94' title='bbox 1540 1159 1560 1192; x_wconf 78' lang='grc' dir='ltr'><strong>ι</strong></span> <span class='ocrx_word' id='word_1_95' title='bbox 1628 1139 1863 1208; x_wconf 81' lang='grc' dir='ltr'>Ἀγαθὸν</span> 
     </span>
    </p>
   </div>
   <div class='ocr_carea' id='block_1_15' title="bbox 279 1227 1863 1305">
    <p class='ocr_par' dir='ltr' id='par_1_15' title="bbox 279 1227 1863 1305">
     <span class='ocr_line' id='line_1_15' title="bbox 279 1227 1863 1305; baseline -0.001 -20"><span class='ocrx_word' id='word_1_96' title='bbox 279 1250 392 1305; x_wconf 88' lang='grc' dir='ltr'>μοι,</span> <span class='ocrx_word' id='word_1_97' title='bbox 420 1232 504 1285; x_wconf 79' lang='grc' dir='ltr'>ὅτι</span> <span class='ocrx_word' id='word_1_98' title='bbox 531 1231 900 1296; x_wconf 83' lang='grc' dir='ltr'>ἐταπείνωσάς</span> <span class='ocrx_word' id='word_1_99' title='bbox 943 1248 1030 1302; x_wconf 87' lang='grc' dir='ltr'><strong>με,</strong></span> <span class='ocrx_word' id='word_1_100' title='bbox 1057 1231 1205 1293; x_wconf 86' lang='grc' dir='ltr'>ὅπως</span> <span class='ocrx_word' id='word_1_101' title='bbox 1247 1230 1313 1284; x_wconf 86' lang='grc' dir='ltr'>ἂν</span> <span class='ocrx_word' id='word_1_102' title='bbox 1348 1230 1505 1301; x_wconf 87' lang='grc' dir='ltr'>μάθω</span> <span class='ocrx_word' id='word_1_103' title='bbox 1533 1230 1601 1283; x_wconf 85' lang='grc' dir='ltr'>τὰ</span> <span class='ocrx_word' id='word_1_104' title='bbox 1641 1227 1863 1284; x_wconf 84' lang='grc' dir='ltr'>δικαιώ-</span> 
     </span>
    </p>
   </div>
   <div class='ocr_carea' id='block_1_16' title="bbox 280 1320 1864 1397">
    <p class='ocr_par' dir='ltr' id='par_1_16' title="bbox 280 1320 1864 1397">
     <span class='ocr_line' id='line_1_16' title="bbox 280 1320 1864 1397; baseline -0.001 -18"><span class='ocrx_word' id='word_1_105' title='bbox 280 1326 428 1397; x_wconf 80' lang='grc' dir='ltr'>ματά</span> <span class='ocrx_word' id='word_1_106' title='bbox 470 1342 585 1379; x_wconf 83' lang='grc' dir='ltr'>σου.</span> <span class='ocrx_word' id='word_1_107' title='bbox 632 1344 652 1375; x_wconf 86' lang='grc'><strong>›</strong></span> <span class='ocrx_word' id='word_1_108' title='bbox 703 1323 796 1395; x_wconf 82' lang='grc' dir='ltr'><strong>Μὴ</strong></span> <span class='ocrx_word' id='word_1_109' title='bbox 842 1324 1207 1395; x_wconf 80' lang='grc' dir='ltr'>ἐπισκοπικῆς</span> <span class='ocrx_word' id='word_1_110' title='bbox 1246 1323 1533 1388; x_wconf 74' lang='grc' dir='ltr'>αὐθαδείας</span> <span class='ocrx_word' id='word_1_111' title='bbox 1587 1320 1727 1378; x_wconf 82' lang='grc' dir='ltr'>εἶναι</span> <span class='ocrx_word' id='word_1_112' title='bbox 1772 1324 1864 1378; x_wconf 77' lang='grc' dir='ltr'>τὸν</span> 
     </span>
    </p>
   </div>
   <div class='ocr_carea' id='block_1_17' title="bbox 274 1414 1865 1490">
    <p class='ocr_par' dir='ltr' id='par_1_17' title="bbox 274 1414 1865 1490">
     <span class='ocr_line' id='line_1_17' title="bbox 274 1414 1865 1490; baseline 0 -21"><span class='ocrx_word' id='word_1_113' title='bbox 274 1416 582 1490; x_wconf 73' lang='grc' dir='ltr'>ἀφορισμὺν</span> <span class='ocrx_word' id='word_1_114' title='bbox 614 1416 841 1488; x_wconf 79' lang='grc' dir='ltr'>νομίσῃς</span> <span class='ocrx_word' id='word_1_115' title='bbox 864 1431 880 1447; x_wconf 80' lang='grc'><strong><em>⁸</em></strong></span> <span class='ocrx_word' id='word_1_116' title='bbox 933 1414 1182 1487; x_wconf 84' lang='grc' dir='ltr'>πατρῷος</span> <span class='ocrx_word' id='word_1_117' title='bbox 1224 1416 1254 1469; x_wconf 89' lang='lat'><strong>6</strong></span> <span class='ocrx_word' id='word_1_118' title='bbox 1288 1415 1469 1486; x_wconf 79' lang='grc' dir='ltr'>νόμος,</span> <span class='ocrx_word' id='word_1_119' title='bbox 1508 1415 1735 1479; x_wconf 82' lang='grc' dir='ltr'>παλαιὸς</span> <span class='ocrx_word' id='word_1_120' title='bbox 1765 1418 1865 1486; x_wconf 83' lang='grc' dir='ltr'>τῆς</span> 
     </span>
    </p>
   </div>
   <div class='ocr_carea' id='block_1_18' title="bbox 291 1506 1862 1580">
    <p class='ocr_par' dir='ltr' id='par_1_18' title="bbox 291 1506 1862 1580">
     <span class='ocr_line' id='line_1_18' title="bbox 291 1506 1862 1580; baseline -0.002 -17"><span class='ocrx_word' id='word_1_121' title='bbox 291 1509 620 1580; x_wconf 81' lang='grc' dir='ltr'>Ἐκκλησίας</span> <span class='ocrx_word' id='word_1_122' title='bbox 640 1509 821 1575; x_wconf 79' lang='grc' dir='ltr'>κανὼν</span> <span class='ocrx_word' id='word_1_123' title='bbox 851 1506 958 1561; x_wconf 83' lang='grc' dir='ltr'><strong>ἀπὸ</strong></span> <span class='ocrx_word' id='word_1_124' title='bbox 985 1507 1080 1560; x_wconf 86' lang='grc' dir='ltr'><strong>τοῦ</strong></span> <span class='ocrx_word' id='word_1_125' title='bbox 1094 1507 1260 1578; x_wconf 87' lang='grc' dir='ltr'>νόμου</span> <span class='ocrx_word' id='word_1_126' title='bbox 1279 1507 1583 1579; x_wconf 79' lang='grc' dir='ltr'>ἀρξάμενος</span> <span class='ocrx_word' id='word_1_127' title='bbox 1605 1507 1699 1561; x_wconf 76' lang='grc' dir='ltr'>καὶ</span> <span class='ocrx_word' id='word_1_128' title='bbox 1727 1524 1862 1577; x_wconf 77' lang='grc' dir='ltr'>κρα-</span> 
     </span>
    </p>
   </div>
   <div class='ocr_carea' id='block_1_19' title="bbox 276 1597 1864 1671">
    <p class='ocr_par' dir='ltr' id='par_1_19' title="bbox 276 1597 1864 1671">
     <span class='ocr_line' id='line_1_19' title="bbox 276 1597 1864 1671; baseline 0.001 -18"><span class='ocrx_word' id='word_1_129' title='bbox 276 1600 493 1664; x_wconf 63' lang='lat' dir='ltr'><strong>mea;</strong></span> <span class='ocrx_word' id='word_1_130' title='bbox 542 1602 601 1653; x_wconf 88' lang='grc' dir='ltr'><strong>ἐν</strong></span> <span class='ocrx_word' id='word_1_131' title='bbox 637 1603 704 1670; x_wconf 81' lang='grc' dir='ltr'>τῇ</span> <span class='ocrx_word' id='word_1_132' title='bbox 743 1600 950 1671; x_wconf 83' lang='grc' dir='ltr'>χάριτι.</span> <span class='ocrx_word' id='word_1_133' title='bbox 991 1597 1279 1670; x_wconf 85' lang='grc' dir='ltr'>Θεώρησον</span> <span class='ocrx_word' id='word_1_134' title='bbox 1330 1598 1422 1652; x_wconf 81' lang='grc' dir='ltr'>τὸν</span> <span class='ocrx_word' id='word_1_135' title='bbox 1456 1599 1608 1668; x_wconf 82' lang='grc' dir='ltr'>ἆγιον</span> <span class='ocrx_word' id='word_1_136' title='bbox 1652 1598 1864 1654; x_wconf 80' lang='grc' dir='ltr'>Παῦλον</span> 
     </span>
    </p>
   </div>
   <div class='ocr_carea' id='block_1_20' title="bbox 280 1690 1866 1762">
    <p class='ocr_par' dir='ltr' id='par_1_20' title="bbox 280 1690 1866 1762">
     <span class='ocr_line' id='line_1_20' title="bbox 280 1690 1866 1762; baseline -0.001 -15"><span class='ocrx_word' id='word_1_137' title='bbox 280 1692 348 1747; x_wconf 75' lang='grc' dir='ltr'>δι’</span> <span class='ocrx_word' id='word_1_138' title='bbox 380 1692 679 1748; x_wconf 70' lang='grc' dir='ltr'>ἐπιστολῶν</span> <span class='ocrx_word' id='word_1_139' title='bbox 699 1693 793 1757; x_wconf 77' lang='grc' dir='ltr'><strong>τὰς</strong></span> <span class='ocrx_word' id='word_1_140' title='bbox 818 1692 1121 1762; x_wconf 77' lang='grc' dir='ltr'>ἀποφάσεις</span> <span class='ocrx_word' id='word_1_141' title='bbox 1146 1690 1240 1745; x_wconf 89' lang='grc' dir='ltr'><strong>τοῦ</strong></span> <span class='ocrx_word' id='word_1_142' title='bbox 1267 1690 1573 1762; x_wconf 87' lang='grc' dir='ltr'>ἁφορισμοῦ</span> <span class='ocrx_word' id='word_1_143' title='bbox 1598 1690 1740 1745; x_wconf 79' lang='grc' dir='ltr'>κατὰ</span> <span class='ocrx_word' id='word_1_144' title='bbox 1759 1690 1866 1745; x_wconf 82' lang='grc' dir='ltr'><strong>τῶν</strong></span> 
     </span>
    </p>
   </div>
   <div class='ocr_carea' id='block_1_21' title="bbox 284 1784 1869 1857">
    <p class='ocr_par' dir='ltr' id='par_1_21' title="bbox 284 1784 1869 1857">
     <span class='ocr_line' id='line_1_21' title="bbox 284 1784 1869 1857; baseline -0.001 -19"><span class='ocrx_word' id='word_1_145' title='bbox 284 1786 608 1840; x_wconf 74' lang='grc' dir='ltr'>ὑπευθύνων</span> <span class='ocrx_word' id='word_1_146' title='bbox 634 1785 999 1857; x_wconf 78' lang='grc' dir='ltr'><strong>ἐκπέμποντα,</strong></span> <span class='ocrx_word' id='word_1_147' title='bbox 1034 1786 1128 1839; x_wconf 71' lang='grc' dir='ltr'>καὶ</span> <span class='ocrx_word' id='word_1_148' title='bbox 1155 1784 1245 1838; x_wconf 73' lang='grc' dir='ltr'><strong>τὸν</strong></span> <span class='ocrx_word' id='word_1_149' title='bbox 1272 1785 1557 1854; x_wconf 81' lang='grc' dir='ltr'>Κορίνθιον</span> <span class='ocrx_word' id='word_1_150' title='bbox 1587 1788 1869 1838; x_wconf 79' lang='grc' dir='ltr'>νεανίσκον</span> 
     </span>
    </p>
   </div>
   <div class='ocr_carea' id='block_1_22' title="bbox 282 1876 1871 1951">
    <p class='ocr_par' dir='ltr' id='par_1_22' title="bbox 282 1876 1871 1951">
     <span class='ocr_line' id='line_1_22' title="bbox 282 1876 1871 1951; baseline -0.002 -18"><span class='ocrx_word' id='word_1_151' title='bbox 282 1878 369 1949; x_wconf 80' lang='grc' dir='ltr'>τῷ</span> <span class='ocrx_word' id='word_1_152' title='bbox 406 1876 625 1949; x_wconf 73' lang='grc' dir='ltr'>τοιούτῳ</span> <span class='ocrx_word' id='word_1_153' title='bbox 664 1877 979 1951; x_wconf 76' lang='grc' dir='ltr'>ἰατρεύοντα</span> <span class='ocrx_word' id='word_1_154' title='bbox 1030 1876 1328 1948; x_wconf 74' lang='grc' dir='ltr'>φαρμάκῳ,</span> <span class='ocrx_word' id='word_1_155' title='bbox 1378 1876 1470 1930; x_wconf 82' lang='grc' dir='ltr'>τὸν</span> <span class='ocrx_word' id='word_1_156' title='bbox 1513 1879 1581 1948; x_wconf 77' lang='grc' dir='ltr'>τῇ</span> <span class='ocrx_word' id='word_1_157' title='bbox 1634 1877 1871 1947; x_wconf 81' lang='grc' dir='ltr'>μητρυιᾷ</span> 
     </span>
    </p>
   </div>
   <div class='ocr_carea' id='block_1_23' title="bbox 280 1966 1873 2040">
    <p class='ocr_par' dir='ltr' id='par_1_23' title="bbox 280 1966 1873 2040">
     <span class='ocr_line' id='line_1_23' title="bbox 280 1966 1873 2040; baseline -0.003 -16"><span class='ocrx_word' id='word_1_158' title='bbox 280 1971 592 2033; x_wconf 86' lang='grc' dir='ltr'>σατανικῶς</span> <span class='ocrx_word' id='word_1_159' title='bbox 630 1970 1001 2040; x_wconf 75' lang='grc' dir='ltr'>ἐπιμανένταο</span> <span class='ocrx_word' id='word_1_160' title='bbox 1060 1980 1089 2022; x_wconf 81' lang='grc' dir='ltr'>ι’</span> <span class='ocrx_word' id='word_1_161' title='bbox 1136 1969 1232 2023; x_wconf 90' lang='grc' dir='ltr'>Ὃν</span> <span class='ocrx_word' id='word_1_162' title='bbox 1274 1967 1382 2040; x_wconf 76' lang='grc' dir='ltr'>γὰρ</span> <span class='ocrx_word' id='word_1_163' title='bbox 1425 1968 1617 2038; x_wconf 83' lang='grc' dir='ltr'>ἀγαπᾷ</span> <span class='ocrx_word' id='word_1_164' title='bbox 1666 1966 1873 2039; x_wconf 82' lang='grc' dir='ltr'>Κύριος</span> 
     </span>
    </p>
   </div>
   <div class='ocr_carea' id='block_1_24' title="bbox 279 2058 1871 2132">
    <p class='ocr_par' dir='ltr' id='par_1_24' title="bbox 279 2058 1871 2132">
     <span class='ocr_line' id='line_1_24' title="bbox 279 2058 1871 2132; baseline -0.003 -15"><span class='ocrx_word' id='word_1_165' title='bbox 279 2061 548 2127; x_wconf 75' lang='grc' dir='ltr'>παιδεύει,</span> <span class='ocrx_word' id='word_1_166' title='bbox 581 2065 835 2132; x_wconf 87' lang='grc' dir='ltr'>μαστιγοί</span> <span class='ocrx_word' id='word_1_167' title='bbox 865 2061 923 2114; x_wconf 85' lang='grc' dir='ltr'>δὲ</span> <span class='ocrx_word' id='word_1_168' title='bbox 953 2061 1066 2114; x_wconf 77' lang='grc' dir='ltr'>υἱὸν</span> <span class='ocrx_word' id='word_1_169' title='bbox 1088 2060 1148 2113; x_wconf 85' lang='grc' dir='ltr'>ὃν</span> <span class='ocrx_word' id='word_1_170' title='bbox 1176 2060 1565 2131; x_wconf 80' lang='grc' dir='ltr'>παραδέχεται.</span> <span class='ocrx_word' id='word_1_171' title='bbox 1598 2078 1617 2110; x_wconf 73' lang='grc' dir='ltr'><strong>ι</strong></span> <span class='ocrx_word' id='word_1_172' title='bbox 1657 2060 1731 2113; x_wconf 83' lang='grc' dir='ltr'><strong>Οὐ</strong></span> <span class='ocrx_word' id='word_1_173' title='bbox 1762 2058 1871 2130; x_wconf 81' lang='grc' dir='ltr'><strong>γάρ</strong></span> 
     </span>
    </p>
   </div>
   <div class='ocr_carea' id='block_1_25' title="bbox 276 2150 1867 2223">
    <p class='ocr_par' dir='ltr' id='par_1_25' title="bbox 276 2150 1867 2223">
     <span class='ocr_line' id='line_1_25' title="bbox 276 2150 1867 2223; baseline -0.003 -16"><span class='ocrx_word' id='word_1_174' title='bbox 276 2156 422 2207; x_wconf 76' lang='grc' dir='ltr'>εἰσιν</span> <span class='ocrx_word' id='word_1_175' title='bbox 468 2153 526 2207; x_wconf 79' lang='grc' dir='ltr'>αἱ</span> <span class='ocrx_word' id='word_1_176' title='bbox 566 2152 715 2223; x_wconf 73' lang='grc' dir='ltr'>ῥίζαι</span> <span class='ocrx_word' id='word_1_177' title='bbox 745 2152 845 2223; x_wconf 80' lang='grc' dir='ltr'>τῆς</span> <span class='ocrx_word' id='word_1_178' title='bbox 876 2152 1121 2215; x_wconf 85' lang='grc' dir='ltr'>παιδείας</span> <span class='ocrx_word' id='word_1_179' title='bbox 1153 2152 1419 2221; x_wconf 84' lang='grc' dir='ltr'>γλυκεῖαι,</span> <span class='ocrx_word' id='word_1_180' title='bbox 1456 2150 1592 2205; x_wconf 79' lang='grc' dir='ltr'>ἀλλὰ</span> <span class='ocrx_word' id='word_1_181' title='bbox 1633 2150 1867 2222; x_wconf 83' lang='grc' dir='ltr'>πικραί·</span> 
     </span>
    </p>
   </div>
   <div class='ocr_carea' id='block_1_26' title="bbox 275 2241 1872 2315">
    <p class='ocr_par' dir='ltr' id='par_1_26' title="bbox 275 2241 1872 2315">
     <span class='ocr_line' id='line_1_26' title="bbox 275 2241 1872 2315; baseline 0 -19"><span class='ocrx_word' id='word_1_182' title='bbox 275 2243 499 2315; x_wconf 77' lang='grc' dir='ltr'>καρπὸν</span> <span class='ocrx_word' id='word_1_183' title='bbox 539 2243 595 2296; x_wconf 82' lang='grc' dir='ltr'>δὲ</span> <span class='ocrx_word' id='word_1_184' title='bbox 632 2245 714 2307; x_wconf 81' lang='grc' dir='ltr'>εἰς</span> <span class='ocrx_word' id='word_1_185' title='bbox 765 2242 991 2314; x_wconf 74' lang='grc' dir='ltr'>ὕστερον</span> <span class='ocrx_word' id='word_1_186' title='bbox 1047 2242 1404 2313; x_wconf 84' lang='grc' dir='ltr'>βλαστάνουσι</span> <span class='ocrx_word' id='word_1_187' title='bbox 1442 2241 1647 2314; x_wconf 85' lang='grc' dir='ltr'>κηρίων</span> <span class='ocrx_word' id='word_1_188' title='bbox 1685 2241 1872 2313; x_wconf 80' lang='grc' dir='ltr'>ἡδύτε-</span> 
     </span>
    </p>
   </div>
   <div class='ocr_carea' id='block_1_27' title="bbox 280 2330 1872 2406">
    <p class='ocr_par' dir='ltr' id='par_1_27' title="bbox 280 2330 1872 2406">
     <span class='ocr_line' id='line_1_27' title="bbox 280 2330 1872 2406; baseline -0.003 -18"><span class='ocrx_word' id='word_1_189' title='bbox 280 2352 398 2406; x_wconf 88' lang='grc' dir='ltr'>ρον.</span> <span class='ocrx_word' id='word_1_190' title='bbox 427 2336 540 2389; x_wconf 71' lang='grc' dir='ltr'><strong>Καὶ</strong></span> <span class='ocrx_word' id='word_1_191' title='bbox 559 2333 649 2388; x_wconf 73' lang='grc' dir='ltr'><strong>διὰ</strong></span> <span class='ocrx_word' id='word_1_192' title='bbox 675 2334 835 2387; x_wconf 80' lang='grc' dir='ltr'>τοῦτο</span> <span class='ocrx_word' id='word_1_193' title='bbox 867 2332 1025 2404; x_wconf 88' lang='grc' dir='ltr'>χρεία</span> <span class='ocrx_word' id='word_1_194' title='bbox 1059 2332 1137 2404; x_wconf 83' lang='grc' dir='ltr'>τῷ</span> <span class='ocrx_word' id='word_1_195' title='bbox 1167 2333 1264 2403; x_wconf 76' lang='grc' dir='ltr'>μὲν</span> <span class='ocrx_word' id='word_1_196' title='bbox 1291 2331 1615 2403; x_wconf 82' lang='grc' dir='ltr'>ἀσκουμένῳ</span> <span class='ocrx_word' id='word_1_197' title='bbox 1643 2330 1741 2383; x_wconf 90' lang='grc' dir='ltr'><strong>τοῦ</strong></span> <span class='ocrx_word' id='word_1_198' title='bbox 1775 2347 1872 2401; x_wconf 84' lang='grc' dir='ltr'>μο-</span> 
     </span>
    </p>
   </div>
   <div class='ocr_carea' id='block_1_28' title="bbox 276 2420 1871 2497">
    <p class='ocr_par' dir='ltr' id='par_1_28' title="bbox 276 2420 1871 2497">
     <span class='ocr_line' id='line_1_28' title="bbox 276 2420 1871 2497; baseline -0.001 -20"><span class='ocrx_word' id='word_1_199' title='bbox 276 2424 457 2497; x_wconf 82' lang='grc' dir='ltr'>χθεῖν,</span> <span class='ocrx_word' id='word_1_200' title='bbox 494 2423 577 2493; x_wconf 79' lang='grc' dir='ltr'><strong>τῷ</strong></span> <span class='ocrx_word' id='word_1_201' title='bbox 606 2423 664 2477; x_wconf 80' lang='grc' dir='ltr'><strong>δέ</strong></span> <span class='ocrx_word' id='word_1_202' title='bbox 699 2422 954 2477; x_wconf 74' lang='grc' dir='ltr'>ἀσκοῦντι</span> <span class='ocrx_word' id='word_1_203' title='bbox 998 2424 1092 2477; x_wconf 75' lang='grc' dir='ltr'>καὶ</span> <span class='ocrx_word' id='word_1_204' title='bbox 1128 2422 1344 2495; x_wconf 80' lang='grc' dir='ltr'>πληγῆς</span> <span class='ocrx_word' id='word_1_205' title='bbox 1384 2423 1479 2476; x_wconf 73' lang='grc' dir='ltr'>καὶ</span> <span class='ocrx_word' id='word_1_206' title='bbox 1518 2420 1871 2493; x_wconf 80' lang='grc' dir='ltr'>τραχύτητος.</span> 
     </span>
    </p>
   </div>
   <div class='ocr_carea' id='block_1_29' title="bbox 276 2513 1874 2587">
    <p class='ocr_par' dir='ltr' id='par_1_29' title="bbox 276 2513 1874 2587">
     <span class='ocr_line' id='line_1_29' title="bbox 276 2513 1874 2587; baseline -0.003 -16"><span class='ocrx_word' id='word_1_207' title='bbox 276 2518 396 2572; x_wconf 76' lang='grc' dir='ltr'>Καὶ</span> <span class='ocrx_word' id='word_1_208' title='bbox 423 2516 505 2587; x_wconf 82' lang='grc' dir='ltr'><strong>τῷ</strong></span> <span class='ocrx_word' id='word_1_209' title='bbox 537 2516 638 2587; x_wconf 80' lang='grc' dir='ltr'>μὲν</span> <span class='ocrx_word' id='word_1_210' title='bbox 665 2515 944 2586; x_wconf 81' lang='grc' dir='ltr'>Μωσαῖκῷ</span> <span class='ocrx_word' id='word_1_211' title='bbox 973 2516 1123 2587; x_wconf 85' lang='grc' dir='ltr'>νόμῳ</span> <span class='ocrx_word' id='word_1_212' title='bbox 1152 2517 1211 2568; x_wconf 83' lang='grc' dir='ltr'>αἱ</span> <span class='ocrx_word' id='word_1_213' title='bbox 1241 2514 1504 2586; x_wconf 86' lang='grc' dir='ltr'>τέσσαρες</span> <span class='ocrx_word' id='word_1_214' title='bbox 1531 2513 1751 2576; x_wconf 82' lang='grc' dir='ltr'>δεκάδες</span> <span class='ocrx_word' id='word_1_215' title='bbox 1785 2513 1874 2584; x_wconf 81' lang='grc' dir='ltr'>μέ-</span> 
     </span>
    </p>
   </div>
   <div class='ocr_carea' id='block_1_30' title="bbox 277 2601 1874 2681">
    <p class='ocr_par' dir='ltr' id='par_1_30' title="bbox 277 2601 1874 2681">
     <span class='ocr_line' id='line_1_30' title="bbox 277 2601 1874 2681; baseline -0.004 -18"><span class='ocrx_word' id='word_1_216' title='bbox 277 2604 375 2681; x_wconf 75' lang='grc' dir='ltr'><strong>χρι</strong></span> <span class='ocrx_word' id='word_1_217' title='bbox 401 2608 499 2663; x_wconf 83' lang='grc' dir='ltr'><strong>νῦν</strong></span> <span class='ocrx_word' id='word_1_218' title='bbox 520 2610 576 2662; x_wconf 80' lang='lat' dir='ltr'><strong>al</strong></span> <span class='ocrx_word' id='word_1_219' title='bbox 600 2609 825 2679; x_wconf 67' lang='grc' dir='ltr'>νομικαὶ</span> <span class='ocrx_word' id='word_1_220' title='bbox 844 2607 952 2660; x_wconf 85' lang='grc' dir='ltr'>τῶν</span> <span class='ocrx_word' id='word_1_221' title='bbox 985 2606 1209 2679; x_wconf 84' lang='grc' dir='ltr'>πληγῶν</span> <span class='ocrx_word' id='word_1_222' title='bbox 1238 2604 1667 2678; x_wconf 88' lang='grc' dir='ltr'>παραμένουσιν,</span> <span class='ocrx_word' id='word_1_223' title='bbox 1703 2604 1765 2657; x_wconf 87' lang='grc' dir='ltr'>οὐ</span> <span class='ocrx_word' id='word_1_224' title='bbox 1797 2601 1874 2674; x_wconf 81' lang='grc' dir='ltr'><strong>τῷ</strong></span> 
     </span>
    </p>
   </div>
   <div class='ocr_carea' id='block_1_31' title="bbox 278 2693 1875 2770">
    <p class='ocr_par' dir='ltr' id='par_1_31' title="bbox 278 2693 1875 2770">
     <span class='ocr_line' id='line_1_31' title="bbox 278 2693 1875 2770; baseline -0.006 -15"><span class='ocrx_word' id='word_1_225' title='bbox 278 2699 626 2770; x_wconf 66' lang='grc' dir='ltr'>εὐαγγελικῷ</span> <span class='ocrx_word' id='word_1_226' title='bbox 650 2698 708 2752; x_wconf 77' lang='grc' dir='ltr'>δὲ</span> <span class='ocrx_word' id='word_1_227' title='bbox 740 2697 841 2769; x_wconf 85' lang='grc' dir='ltr'><strong>βίῳ</strong></span> <span class='ocrx_word' id='word_1_228' title='bbox 867 2715 880 2730; x_wconf 92' lang='grc'><strong>·</strong></span> <span class='ocrx_word' id='word_1_229' title='bbox 909 2697 1097 2769; x_wconf 77' lang='grc' dir='ltr'>ἐπειδὴ</span> <span class='ocrx_word' id='word_1_230' title='bbox 1126 2696 1345 2751; x_wconf 86' lang='grc' dir='ltr'>πάντων</span> <span class='ocrx_word' id='word_1_231' title='bbox 1375 2698 1403 2749; x_wconf 89' lang='lat'><strong>6</strong></span> <span class='ocrx_word' id='word_1_232' title='bbox 1430 2695 1586 2764; x_wconf 81' lang='grc' dir='ltr'>λόγος</span> <span class='ocrx_word' id='word_1_233' title='bbox 1616 2695 1752 2759; x_wconf 72' lang='grc' dir='ltr'>ἐστὶ,</span> <span class='ocrx_word' id='word_1_234' title='bbox 1780 2693 1875 2747; x_wconf 76' lang='grc' dir='ltr'>καὶ</span> 
     </span>
    </p>
   </div>
   <div class='ocr_carea' id='block_1_32' title="bbox 279 2785 1873 2861">
    <p class='ocr_par' dir='ltr' id='par_1_32' title="bbox 279 2785 1873 2861">
     <span class='ocr_line' id='line_1_32' title="bbox 279 2785 1873 2861; baseline -0.006 -14"><span class='ocrx_word' id='word_1_235' title='bbox 279 2793 435 2856; x_wconf 75' lang='grc' dir='ltr'>ἕλεος</span> <span class='ocrx_word' id='word_1_236' title='bbox 455 2833 470 2856; x_wconf 90' lang='grc'><strong>,</strong></span> <span class='ocrx_word' id='word_1_237' title='bbox 502 2792 598 2846; x_wconf 71' lang='grc' dir='ltr'>καὶ</span> <span class='ocrx_word' id='word_1_238' title='bbox 632 2789 847 2861; x_wconf 73' lang='grc' dir='ltr'>ῥάϐδος,</span> <span class='ocrx_word' id='word_1_239' title='bbox 883 2790 981 2845; x_wconf 73' lang='grc' dir='ltr'><strong>καὶ</strong></span> <span class='ocrx_word' id='word_1_240' title='bbox 1015 2788 1381 2860; x_wconf 86' lang='grc' dir='ltr'>παράκλησις,</span> <span class='ocrx_word' id='word_1_241' title='bbox 1430 2787 1524 2841; x_wconf 75' lang='grc' dir='ltr'>καὶ</span> <span class='ocrx_word' id='word_1_242' title='bbox 1558 2785 1760 2856; x_wconf 85' lang='grc' dir='ltr'>πληγή.</span> <span class='ocrx_word' id='word_1_243' title='bbox 1798 2785 1873 2838; x_wconf 83' lang='grc' dir='ltr'><strong>Οὐ</strong></span> 
     </span>
    </p>
   </div>
   <div class='ocr_carea' id='block_1_33' title="bbox 279 2875 1876 2955">
    <p class='ocr_par' dir='ltr' id='par_1_33' title="bbox 279 2875 1876 2955">
     <span class='ocr_line' id='line_1_33' title="bbox 279 2875 1876 2955; baseline -0.006 -18"><span class='ocrx_word' id='word_1_244' title='bbox 279 2885 396 2955; x_wconf 77' lang='grc' dir='ltr'>γὰρ</span> <span class='ocrx_word' id='word_1_245' title='bbox 423 2883 705 2954; x_wconf 82' lang='grc' dir='ltr'>τύπτομέν</span> <span class='ocrx_word' id='word_1_246' title='bbox 737 2900 798 2936; x_wconf 83' lang='grc' dir='ltr'><strong>σε</strong></span> <span class='ocrx_word' id='word_1_247' title='bbox 826 2881 902 2945; x_wconf 81' lang='grc' dir='ltr'>ὡς</span> <span class='ocrx_word' id='word_1_248' title='bbox 930 2880 1171 2951; x_wconf 74' lang='grc' dir='ltr'>οἰκέτην,</span> <span class='ocrx_word' id='word_1_249' title='bbox 1193 2879 1330 2933; x_wconf 76' lang='grc' dir='ltr'>ἀλλὰ</span> <span class='ocrx_word' id='word_1_250' title='bbox 1359 2876 1685 2947; x_wconf 81' lang='grc' dir='ltr'>παιδεύομέν</span> <span class='ocrx_word' id='word_1_251' title='bbox 1714 2892 1773 2929; x_wconf 89' lang='grc' dir='ltr'><strong>σε</strong></span> <span class='ocrx_word' id='word_1_252' title='bbox 1801 2875 1876 2939; x_wconf 77' lang='grc' dir='ltr'><strong>ὡς</strong></span> 
     </span>
    </p>
   </div>
   <div class='ocr_carea' id='block_1_34' title="bbox 282 2966 1876 3047">
    <p class='ocr_par' dir='ltr' id='par_1_34' title="bbox 282 2966 1876 3047">
     <span class='ocr_line' id='line_1_34' title="bbox 282 2966 1876 3047; baseline -0.008 -16"><span class='ocrx_word' id='word_1_253' title='bbox 282 2975 597 3047; x_wconf 73' lang='grc' dir='ltr'>ἐλεύθερονο</span> <span class='ocrx_word' id='word_1_254' title='bbox 632 2975 715 3028; x_wconf 60' lang='grc' dir='ltr'><strong>σοι⁵</strong></span> <span class='ocrx_word' id='word_1_255' title='bbox 742 2973 852 3045; x_wconf 80' lang='grc' dir='ltr'><strong>γὰρ</strong></span> <span class='ocrx_word' id='word_1_256' title='bbox 885 2974 950 3027; x_wconf 84' lang='grc' dir='ltr'><strong>ἐκ</strong></span> <span class='ocrx_word' id='word_1_257' title='bbox 985 2973 1085 3043; x_wconf 84' lang='grc' dir='ltr'>τῆς</span> <span class='ocrx_word' id='word_1_258' title='bbox 1112 2972 1329 3043; x_wconf 73' lang='grc' dir='ltr'>Σάρρας</span> <span class='ocrx_word' id='word_1_259' title='bbox 1362 2970 1464 3040; x_wconf 80' lang='grc' dir='ltr'>τῆς</span> <span class='ocrx_word' id='word_1_260' title='bbox 1498 2967 1784 3039; x_wconf 87' lang='grc' dir='ltr'>ἐλευθέρας</span> <span class='ocrx_word' id='word_1_261' title='bbox 1814 2966 1876 3019; x_wconf 79' lang='grc' dir='ltr'><strong>τὸ</strong></span> 
     </span>
    </p>
   </div>
   <div class='ocr_carea' id='block_1_35' title="bbox 278 3050 1876 3139">
    <p class='ocr_par' dir='ltr' id='par_1_35' title="bbox 278 3050 1876 3139">
     <span class='ocr_line' id='line_1_35' title="bbox 278 3050 1876 3139; baseline -0.008 -15"><span class='ocrx_word' id='word_1_262' title='bbox 278 3070 466 3139; x_wconf 78' lang='grc' dir='ltr'>γένος,</span> <span class='ocrx_word' id='word_1_263' title='bbox 503 3068 604 3122; x_wconf 76' lang='grc' dir='ltr'>οὐκ</span> <span class='ocrx_word' id='word_1_264' title='bbox 638 3070 702 3121; x_wconf 87' lang='grc' dir='ltr'><strong>ἐκ</strong></span> <span class='ocrx_word' id='word_1_265' title='bbox 735 3050 837 3138; x_wconf 74' lang='grc' dir='ltr'>τῆς</span> <span class='ocrx_word' id='word_1_266' title='bbox 886 3068 1071 3137; x_wconf 84' lang='grc' dir='ltr'>Ἀγαρ</span> <span class='ocrx_word' id='word_1_267' title='bbox 1101 3064 1201 3135; x_wconf 77' lang='grc' dir='ltr'>τῆς</span> <span class='ocrx_word' id='word_1_268' title='bbox 1232 3062 1444 3134; x_wconf 87' lang='grc' dir='ltr'>δούλης.</span> <span class='ocrx_word' id='word_1_269' title='bbox 1475 3059 1781 3131; x_wconf 79' lang='grc' dir='ltr'>Αἰδούμεθά</span> <span class='ocrx_word' id='word_1_270' title='bbox 1815 3076 1876 3111; x_wconf 87' lang='grc' dir='ltr'><strong>σε</strong></span> 
     </span>
    </p>
   </div>
   <div class='ocr_carea' id='block_1_36' title="bbox 278 3157 1877 3234">
    <p class='ocr_par' dir='ltr' id='par_1_36' title="bbox 278 3157 1877 3234">
     <span class='ocr_line' id='line_1_36' title="bbox 278 3157 1877 3234; baseline -0.005 -18"><span class='ocrx_word' id='word_1_271' title='bbox 278 3165 363 3228; x_wconf 83' lang='grc' dir='ltr'><strong>ὡς</strong></span> <span class='ocrx_word' id='word_1_272' title='bbox 395 3163 516 3217; x_wconf 81' lang='grc' dir='ltr'>υἱὸν</span> <span class='ocrx_word' id='word_1_273' title='bbox 543 3162 645 3234; x_wconf 83' lang='grc' dir='ltr'>τῆς</span> <span class='ocrx_word' id='word_1_274' title='bbox 674 3160 964 3232; x_wconf 77' lang='grc' dir='ltr'>ἐλευθέρας</span> <span class='ocrx_word' id='word_1_275' title='bbox 984 3199 1001 3226; x_wconf 87' lang='grc'><strong>,</strong></span> <span class='ocrx_word' id='word_1_276' title='bbox 1023 3159 1124 3213; x_wconf 78' lang='grc' dir='ltr'>οὐκ</span> <span class='ocrx_word' id='word_1_277' title='bbox 1155 3157 1495 3228; x_wconf 78' lang='grc' dir='ltr'>ἀτιμάζομεν</span> <span class='ocrx_word' id='word_1_278' title='bbox 1525 3157 1600 3220; x_wconf 84' lang='grc' dir='ltr'>ὡς</span> <span class='ocrx_word' id='word_1_279' title='bbox 1632 3157 1877 3226; x_wconf 85' lang='grc' dir='ltr'>γέννημα</span> 
     </span>
    </p>
   </div>
   <div class='ocr_carea' id='block_1_37' title="bbox 278 3249 1877 3327">
    <p class='ocr_par' dir='ltr' id='par_1_37' title="bbox 278 3249 1877 3327">
     <span class='ocr_line' id='line_1_37' title="bbox 278 3249 1877 3327; baseline -0.007 -17"><span class='ocrx_word' id='word_1_280' title='bbox 278 3257 386 3327; x_wconf 80' lang='grc' dir='ltr'>τῆς</span> <span class='ocrx_word' id='word_1_281' title='bbox 406 3255 719 3324; x_wconf 83' lang='grc' dir='ltr'>παιδίσκης.</span> <span class='ocrx_word' id='word_1_282' title='bbox 744 3252 844 3307; x_wconf 80' lang='grc' dir='ltr'>Διὰ</span> <span class='ocrx_word' id='word_1_283' title='bbox 864 3253 1022 3306; x_wconf 87' lang='grc' dir='ltr'>τοῦτο</span> <span class='ocrx_word' id='word_1_284' title='bbox 1043 3254 1163 3315; x_wconf 87' lang='grc' dir='ltr'>ταῖς</span> <span class='ocrx_word' id='word_1_285' title='bbox 1182 3249 1508 3320; x_wconf 76' lang='grc' dir='ltr'>ἐλευθερίοις</span> <span class='ocrx_word' id='word_1_286' title='bbox 1527 3249 1877 3318; x_wconf 83' lang='grc' dir='ltr'>ἐπιτιμήσεσι</span> 
     </span>
    </p>
   </div>
   <div class='ocr_carea' id='block_1_38' title="bbox 280 3336 1878 3419">
    <p class='ocr_par' dir='ltr' id='par_1_38' title="bbox 280 3336 1878 3419">
     <span class='ocr_line' id='line_1_38' title="bbox 280 3336 1878 3419; baseline -0.007 -16"><span class='ocrx_word' id='word_1_287' title='bbox 280 3347 571 3419; x_wconf 79' lang='grc' dir='ltr'>λυποῦμέν</span> <span class='ocrx_word' id='word_1_288' title='bbox 595 3363 655 3400; x_wconf 86' lang='grc' dir='ltr'><strong>σε</strong></span> <span class='ocrx_word' id='word_1_289' title='bbox 676 3343 1119 3417; x_wconf 81' lang='grc' dir='ltr'>πλημμελοῦντα,</span> <span class='ocrx_word' id='word_1_290' title='bbox 1148 3342 1207 3397; x_wconf 80' lang='grc' dir='ltr'>οὐ</span> <span class='ocrx_word' id='word_1_291' title='bbox 1234 3341 1396 3411; x_wconf 85' lang='grc' dir='ltr'>σῶμα</span> <span class='ocrx_word' id='word_1_292' title='bbox 1423 3339 1717 3406; x_wconf 82' lang='grc' dir='ltr'>ξαίνοντες,</span> <span class='ocrx_word' id='word_1_293' title='bbox 1741 3336 1878 3392; x_wconf 82' lang='grc' dir='ltr'>ἀλλὰ</span> 
     </span>
    </p>
   </div>
   <div class='ocr_carea' id='block_1_39' title="bbox 281 3428 1878 3511">
    <p class='ocr_par' dir='ltr' id='par_1_39' title="bbox 281 3428 1878 3511">
     <span class='ocr_line' id='line_1_39' title="bbox 281 3428 1878 3511; baseline -0.006 -20"><span class='ocrx_word' id='word_1_294' title='bbox 281 3440 469 3511; x_wconf 70' lang='grc' dir='ltr'>ψυχὴν</span> <span class='ocrx_word' id='word_1_295' title='bbox 505 3438 783 3500; x_wconf 81' lang='grc' dir='ltr'>ἀνιῶντες.</span> <span class='ocrx_word' id='word_1_296' title='bbox 826 3436 923 3488; x_wconf 78' lang='grc' dir='ltr'>Ἂν</span> <span class='ocrx_word' id='word_1_297' title='bbox 951 3434 1006 3488; x_wconf 81' lang='grc' dir='ltr'>δὲ</span> <span class='ocrx_word' id='word_1_298' title='bbox 1037 3433 1132 3488; x_wconf 74' lang='grc' dir='ltr'>καὶ</span> <span class='ocrx_word' id='word_1_299' title='bbox 1165 3431 1355 3486; x_wconf 83' lang='grc' dir='ltr'>τούτου</span> <span class='ocrx_word' id='word_1_300' title='bbox 1388 3428 1725 3500; x_wconf 82' lang='grc' dir='ltr'>φειδώμεθα,</span> <span class='ocrx_word' id='word_1_301' title='bbox 1761 3428 1878 3492; x_wconf 85' lang='grc' dir='ltr'>πῶς</span> 
     </span>
    </p>
   </div>
   <div class='ocr_carea' id='block_1_40' title="bbox 286 3520 1877 3601">
    <p class='ocr_par' dir='ltr' id='par_1_40' title="bbox 286 3520 1877 3601">
     <span class='ocr_line' id='line_1_40' title="bbox 286 3520 1877 3601; baseline -0.008 -15"><span class='ocrx_word' id='word_1_302' title='bbox 286 3549 347 3586; x_wconf 79' lang='grc' dir='ltr'><strong>σε</strong></span> <span class='ocrx_word' id='word_1_303' title='bbox 380 3530 782 3601; x_wconf 53' lang='grc' dir='ltr'>παιδεύσομεκ</span> <span class='ocrx_word' id='word_1_304' title='bbox 812 3524 1338 3598; x_wconf 83' lang='grc' dir='ltr'>Δυσμεταχείριστός</span> <span class='ocrx_word' id='word_1_305' title='bbox 1372 3524 1522 3576; x_wconf 89' lang='grc' dir='ltr'>ἐστιν</span> <span class='ocrx_word' id='word_1_306' title='bbox 1553 3523 1582 3574; x_wconf 92' lang='lat'><strong>6</strong></span> <span class='ocrx_word' id='word_1_307' title='bbox 1622 3520 1877 3574; x_wconf 84' lang='grc' dir='ltr'>διδασκα-</span> 
     </span>
    </p>
   </div>
   <div class='ocr_carea' id='block_1_41' title="bbox 286 3610 1880 3691">
    <p class='ocr_par' dir='ltr' id='par_1_41' title="bbox 286 3610 1880 3691">
     <span class='ocr_line' id='line_1_41' title="bbox 286 3610 1880 3691; baseline -0.009 -13"><span class='ocrx_word' id='word_1_308' title='bbox 286 3624 440 3690; x_wconf 74' lang='grc' dir='ltr'>λικὸς</span> <span class='ocrx_word' id='word_1_309' title='bbox 474 3622 652 3691; x_wconf 70' lang='grc' dir='ltr'>λόγος,</span> <span class='ocrx_word' id='word_1_310' title='bbox 682 3620 833 3691; x_wconf 68' lang='grc' dir='ltr'>καὶὴ</span> <span class='ocrx_word' id='word_1_311' title='bbox 880 3616 1073 3688; x_wconf 79' lang='grc' dir='ltr'>ἀγωγὴ</span> <span class='ocrx_word' id='word_1_312' title='bbox 1108 3616 1208 3685; x_wconf 82' lang='grc' dir='ltr'>τῆς</span> <span class='ocrx_word' id='word_1_313' title='bbox 1238 3614 1462 3685; x_wconf 81' lang='grc' dir='ltr'>ἀρετῆς,</span> <span class='ocrx_word' id='word_1_314' title='bbox 1493 3613 1590 3667; x_wconf 69' lang='grc' dir='ltr'>καὶ</span> <span class='ocrx_word' id='word_1_315' title='bbox 1629 3610 1880 3682; x_wconf 85' lang='grc' dir='ltr'>ποικίλην</span> 
     </span>
    </p>
   </div>
   <div class='ocr_carea' id='block_1_42' title="bbox 287 3704 1879 3785">
    <p class='ocr_par' dir='ltr' id='par_1_42' title="bbox 287 3704 1879 3785">
     <span class='ocr_line' id='line_1_42' title="bbox 287 3704 1879 3785; baseline -0.009 -15"><span class='ocrx_word' id='word_1_316' title='bbox 287 3717 548 3785; x_wconf 75' lang='grc' dir='ltr'>ἐπιζητεῖ</span> <span class='ocrx_word' id='word_1_317' title='bbox 588 3714 682 3784; x_wconf 75' lang='grc' dir='ltr'>τὴν</span> <span class='ocrx_word' id='word_1_318' title='bbox 719 3712 821 3782; x_wconf 82' lang='grc' dir='ltr'>τῆς</span> <span class='ocrx_word' id='word_1_319' title='bbox 854 3708 1175 3772; x_wconf 77' lang='grc' dir='ltr'>ἐπιστασίας</span> <span class='ocrx_word' id='word_1_320' title='bbox 1209 3704 1554 3773; x_wconf 72' lang='grc' dir='ltr'>οἰκονομίαν,</span> <span class='ocrx_word' id='word_1_321' title='bbox 1595 3706 1705 3765; x_wconf 87' lang='grc' dir='ltr'>τοῖς</span> <span class='ocrx_word' id='word_1_322' title='bbox 1743 3704 1879 3757; x_wconf 82' lang='grc' dir='ltr'>ὑπο-</span> 
     </span>
    </p>
   </div>
   <div class='ocr_carea' id='block_1_43' title="bbox 289 3794 1878 3880">
    <p class='ocr_par' dir='ltr' id='par_1_43' title="bbox 289 3794 1878 3880">
     <span class='ocr_line' id='line_1_43' title="bbox 289 3794 1878 3880; baseline -0.01 -18"><span class='ocrx_word' id='word_1_323' title='bbox 289 3808 581 3880; x_wconf 72' lang='grc' dir='ltr'>κειμένοις</span> <span class='ocrx_word' id='word_1_324' title='bbox 610 3804 788 3875; x_wconf 64' lang='grc' dir='ltr'>ηθεσιν</span> <span class='ocrx_word' id='word_1_325' title='bbox 823 3801 1020 3872; x_wconf 77' lang='grc' dir='ltr'>ἑαυτὴν</span> <span class='ocrx_word' id='word_1_326' title='bbox 1069 3795 1548 3871; x_wconf 72' lang='grc' dir='ltr'>προσαρμόζουσα.</span> <span class='ocrx_word' id='word_1_327' title='bbox 1595 3794 1752 3848; x_wconf 87' lang='grc' dir='ltr'>Ἐστι</span> <span class='ocrx_word' id='word_1_328' title='bbox 1789 3811 1878 3859; x_wconf 87' lang='grc' dir='ltr'><strong>τις</strong></span> 
     </span>
    </p>
   </div>
   <div class='ocr_carea' id='block_1_44' title="bbox 291 3888 1882 3969">
    <p class='ocr_par' dir='ltr' id='par_1_44' title="bbox 291 3888 1882 3969">
     <span class='ocr_line' id='line_1_44' title="bbox 291 3888 1882 3969; baseline -0.011 -13"><span class='ocrx_word' id='word_1_329' title='bbox 291 3898 567 3969; x_wconf 71' lang='grc' dir='ltr'>εὐπειθὴς</span> <span class='ocrx_word' id='word_1_330' title='bbox 597 3898 688 3950; x_wconf 69' lang='grc' dir='ltr'><strong>καὶ</strong></span> <span class='ocrx_word' id='word_1_331' title='bbox 711 3897 805 3967; x_wconf 76' lang='grc' dir='ltr'>τὴν</span> <span class='ocrx_word' id='word_1_332' title='bbox 832 3894 1057 3966; x_wconf 82' lang='grc' dir='ltr'>γνώμην</span> <span class='ocrx_word' id='word_1_333' title='bbox 1087 3890 1408 3961; x_wconf 83' lang='grc' dir='ltr'>εὐάγωγος“;</span> <span class='ocrx_word' id='word_1_334' title='bbox 1448 3888 1621 3958; x_wconf 79' lang='grc' dir='ltr'>τούτῳ</span> <span class='ocrx_word' id='word_1_335' title='bbox 1644 3888 1672 3940; x_wconf 92' lang='lat'><strong>6</strong></span> <span class='ocrx_word' id='word_1_336' title='bbox 1710 3888 1882 3958; x_wconf 78' lang='grc' dir='ltr'>πρᾶος</span> 
     </span>
    </p>
   </div>
   <div class='ocr_carea' id='block_1_45' title="bbox 295 3979 1885 4061">
    <p class='ocr_par' dir='ltr' id='par_1_45' title="bbox 295 3979 1885 4061">
     <span class='ocr_line' id='line_1_45' title="bbox 295 3979 1885 4061; baseline -0.011 -12"><span class='ocrx_word' id='word_1_337' title='bbox 295 3998 385 4051; x_wconf 67' lang='grc' dir='ltr'>καὶ</span> <span class='ocrx_word' id='word_1_338' title='bbox 420 3990 639 4053; x_wconf 77' lang='grc' dir='ltr'>ἁπαλὸς</span> <span class='ocrx_word' id='word_1_339' title='bbox 662 3989 887 4061; x_wconf 74' lang='grc' dir='ltr'>ἁρμόζει</span> <span class='ocrx_word' id='word_1_340' title='bbox 923 3988 1102 4056; x_wconf 87' lang='grc' dir='ltr'>λόγος.</span> <span class='ocrx_word' id='word_1_341' title='bbox 1137 3984 1331 4047; x_wconf 74' lang='grc' dir='ltr'>’Ἄλλος</span> <span class='ocrx_word' id='word_1_342' title='bbox 1362 3982 1596 4053; x_wconf 83' lang='grc' dir='ltr'>σκληρὸς</span> <span class='ocrx_word' id='word_1_343' title='bbox 1629 3981 1721 4035; x_wconf 75' lang='grc' dir='ltr'>καὶ</span> <span class='ocrx_word' id='word_1_344' title='bbox 1753 3979 1885 4033; x_wconf 85' lang='grc' dir='ltr'>ἀνά-</span> 
     </span>
    </p>
   </div>
   <div class='ocr_carea' id='block_1_46' title="bbox 292 4068 1883 4157">
    <p class='ocr_par' dir='ltr' id='par_1_46' title="bbox 292 4068 1883 4157">
     <span class='ocr_line' id='line_1_46' title="bbox 292 4068 1883 4157; baseline -0.013 -15"><span class='ocrx_word' id='word_1_345' title='bbox 292 4102 511 4157; x_wconf 76' lang='grc' dir='ltr'>γωγοςς</span> <span class='ocrx_word' id='word_1_346' title='bbox 551 4082 829 4155; x_wconf 83' lang='grc' dir='ltr'>μαστίγων</span> <span class='ocrx_word' id='word_1_347' title='bbox 865 4078 1077 4152; x_wconf 79' lang='grc' dir='ltr'>χρῄζει.</span> <span class='ocrx_word' id='word_1_348' title='bbox 1122 4076 1189 4130; x_wconf 86' lang='grc' dir='ltr'>Τί</span> <span class='ocrx_word' id='word_1_349' title='bbox 1217 4072 1311 4129; x_wconf 80' lang='grc' dir='ltr'>οὖν</span> <span class='ocrx_word' id='word_1_350' title='bbox 1349 4075 1665 4143; x_wconf 88' lang='grc' dir='ltr'>ποιήσομεν,</span> <span class='ocrx_word' id='word_1_351' title='bbox 1697 4068 1883 4140; x_wconf 84' lang='grc' dir='ltr'>ἐπειδὴ</span> 
     </span>
    </p>
   </div>
   <div class='ocr_carea' id='block_1_47' title="bbox 296 4160 1883 4251">
    <p class='ocr_par' dir='ltr' id='par_1_47' title="bbox 296 4160 1883 4251">
     <span class='ocr_line' id='line_1_47' title="bbox 296 4160 1883 4251; baseline -0.014 -16"><span class='ocrx_word' id='word_1_352' title='bbox 296 4180 530 4251; x_wconf 73' lang='grc' dir='ltr'>ῥάϐδους</span> <span class='ocrx_word' id='word_1_353' title='bbox 578 4177 639 4231; x_wconf 76' lang='grc' dir='ltr'>οὐ</span> <span class='ocrx_word' id='word_1_354' title='bbox 688 4169 1211 4247; x_wconf 76' lang='grc' dir='ltr'>μεταχειριζόμεθα;</span> <span class='ocrx_word' id='word_1_355' title='bbox 1258 4165 1657 4236; x_wconf 68' lang='grc' dir='ltr'>καταλείψομεν</span> <span class='ocrx_word' id='word_1_356' title='bbox 1719 4160 1883 4217; x_wconf 79' lang='grc' dir='ltr'>αὐτὸν</span> 
     </span>
    </p>
   </div>
   <div class='ocr_carea' id='block_1_48' title="bbox 292 4257 1884 4344">
    <p class='ocr_par' dir='ltr' id='par_1_48' title="bbox 292 4257 1884 4344">
     <span class='ocr_line' id='line_1_48' title="bbox 292 4257 1884 4344; baseline 0.009 -44"><span class='ocrx_word' id='word_1_357' title='bbox 292 4271 669 4344; x_wconf 54' lang='grc' dir='ltr'><strong>ἀπρηνόητονς</strong></span> <span class='ocrx_word' id='word_1_358' title='bbox 702 4267 815 4336; x_wconf 63' lang='grc' dir='ltr'><strong>οὐχ</strong></span> <span class='ocrx_word' id='word_1_359' title='bbox 845 4263 1038 4328; x_wconf 71' lang='grc' dir='ltr'>οὕτως.</span> <span class='ocrx_word' id='word_1_360' title='bbox 1094 4259 1255 4314; x_wconf 82' lang='grc' dir='ltr'>Ἀλλὰ</span> <span class='ocrx_word' id='word_1_361' title='bbox 1280 4260 1373 4314; x_wconf 82' lang='grc' dir='ltr'>τὸν</span> <span class='ocrx_word' id='word_1_362' title='bbox 1418 4258 1583 4313; x_wconf 75' lang='grc' dir='ltr'>αὐτὸν</span> <span class='ocrx_word' id='word_1_363' title='bbox 1611 4257 1756 4327; x_wconf 86' lang='grc' dir='ltr'>λόγῳ</span> <span class='ocrx_word' id='word_1_364' title='bbox 1787 4271 1884 4327; x_wconf 82' lang='grc' dir='ltr'>με·</span> 
     </span>
    </p>
   </div>
   <div class='ocr_carea' id='block_1_49' title="bbox 1965 406 3552 479">
    <p class='ocr_par' dir='ltr' id='par_1_49' title="bbox 1965 406 3552 479">
     <span class='ocr_line' id='line_1_49' title="bbox 1965 406 3552 479; baseline 0.003 -18"><span class='ocrx_word' id='word_1_365' title='bbox 1965 407 2312 478; x_wconf 81' lang='lat' dir='ltr'><strong>con‘stringes</strong></span> <span class='ocrx_word' id='word_1_366' title='bbox 2339 407 2380 461; x_wconf 85' lang='grc'><strong>⁸.</strong></span> <span class='ocrx_word' id='word_1_367' title='bbox 2418 427 2438 461; x_wconf 76' lang='grc' dir='ltr'><strong>ι</strong></span> <span class='ocrx_word' id='word_1_368' title='bbox 2502 406 2712 462; x_wconf 91' lang='lat' dir='ltr'><strong>Durum</strong></span> <span class='ocrx_word' id='word_1_369' title='bbox 2774 416 2829 463; x_wconf 90' lang='lat' dir='ltr'><strong>et</strong></span> <span class='ocrx_word' id='word_1_370' title='bbox 2870 416 3254 463; x_wconf 73' lang='lat' dir='ltr'><strong>contumacem</strong></span> <span class='ocrx_word' id='word_1_371' title='bbox 3309 409 3552 479; x_wconf 86' lang='lat' dir='ltr'><strong>psalmus</strong></span> 
     </span>
    </p>
   </div>
   <div class='ocr_carea' id='block_1_50' title="bbox 1965 498 3553 563">
    <p class='ocr_par' dir='ltr' id='par_1_50' title="bbox 1965 498 3553 563">
     <span class='ocr_line' id='line_1_50' title="bbox 1965 498 3553 563; baseline 0.001 -9"><span class='ocrx_word' id='word_1_372' title='bbox 1965 499 2252 555; x_wconf 88' lang='lat' dir='ltr'><strong>emolliens</strong></span> <span class='ocrx_word' id='word_1_373' title='bbox 2283 501 2399 555; x_wconf 60' lang='lat' dir='ltr'><strong>haec</strong></span> <span class='ocrx_word' id='word_1_374' title='bbox 2430 499 2529 563; x_wconf 87' lang='lat' dir='ltr'><strong>ait,</strong></span> <span class='ocrx_word' id='word_1_375' title='bbox 2575 506 2631 554; x_wconf 87' lang='lat' dir='ltr'><strong>et</strong></span> <span class='ocrx_word' id='word_1_376' title='bbox 2677 498 2851 554; x_wconf 89' lang='lat' dir='ltr'><strong>veluti</strong></span> <span class='ocrx_word' id='word_1_377' title='bbox 2901 498 3023 556; x_wconf 91' lang='lat' dir='ltr'><strong>oleo</strong></span> <span class='ocrx_word' id='word_1_378' title='bbox 3077 499 3553 556; x_wconf 74' lang='lat' dir='ltr'><strong>adhortationibus</strong></span> 
     </span>
    </p>
   </div>
   <div class='ocr_carea' id='block_1_51' title="bbox 1965 588 3553 662">
    <p class='ocr_par' dir='ltr' id='par_1_51' title="bbox 1965 588 3553 662">
     <span class='ocr_line' id='line_1_51' title="bbox 1965 588 3553 662; baseline 0.002 -20"><span class='ocrx_word' id='word_1_379' title='bbox 1965 589 2244 660; x_wconf 84' lang='lat' dir='ltr'><strong>mitigans.</strong></span> <span class='ocrx_word' id='word_1_380' title='bbox 2289 588 2525 646; x_wconf 91' lang='lat' dir='ltr'><strong>lncurva</strong></span> <span class='ocrx_word' id='word_1_381' title='bbox 2590 606 2724 660; x_wconf 87' lang='lat' dir='ltr'><strong>ergo</strong></span> <span class='ocrx_word' id='word_1_382' title='bbox 2779 590 3074 654; x_wconf 76' lang='lat' dir='ltr'><strong>cervicem,</strong></span> <span class='ocrx_word' id='word_1_383' title='bbox 3117 600 3386 662; x_wconf 65' lang='lat' dir='ltr'><strong>praecepta</strong></span> <span class='ocrx_word' id='word_1_384' title='bbox 3435 599 3553 645; x_wconf 89' lang='lat' dir='ltr'><strong>tan-</strong></span> 
     </span>
    </p>
   </div>
   <div class='ocr_carea' id='block_1_52' title="bbox 1964 682 3551 753">
    <p class='ocr_par' dir='ltr' id='par_1_52' title="bbox 1964 682 3551 753">
     <span class='ocr_line' id='line_1_52' title="bbox 1964 682 3551 753; baseline 0.003 -18"><span class='ocrx_word' id='word_1_385' title='bbox 1964 695 2129 752; x_wconf 88' lang='lat' dir='ltr'><strong>quam</strong></span> <span class='ocrx_word' id='word_1_386' title='bbox 2155 683 2347 753; x_wconf 86' lang='lat' dir='ltr'><strong>jugum</strong></span> <span class='ocrx_word' id='word_1_387' title='bbox 2380 683 2526 738; x_wconf 88' lang='lat' dir='ltr'><strong>subi.</strong></span> <span class='ocrx_word' id='word_1_388' title='bbox 2573 682 2732 749; x_wconf 86' lang='lat' dir='ltr'><strong>Quod</strong></span> <span class='ocrx_word' id='word_1_389' title='bbox 2765 682 2965 737; x_wconf 90' lang='lat' dir='ltr'><strong>durum</strong></span> <span class='ocrx_word' id='word_1_390' title='bbox 3014 691 3098 739; x_wconf 88' lang='lat' dir='ltr'><strong>est</strong></span> <span class='ocrx_word' id='word_1_391' title='bbox 3141 682 3551 753; x_wconf 83' lang='lat' dir='ltr'><strong>conlringitur;</strong></span> 
     </span>
    </p>
   </div>
   <div class='ocr_carea' id='block_1_53' title="bbox 1967 774 3554 846">
    <p class='ocr_par' dir='ltr' id='par_1_53' title="bbox 1967 774 3554 846">
     <span class='ocr_line' id='line_1_53' title="bbox 1967 774 3554 846; baseline 0.002 -18"><span class='ocrx_word' id='word_1_392' title='bbox 1967 774 2114 844; x_wconf 90' lang='lat' dir='ltr'><strong>quod</strong></span> <span class='ocrx_word' id='word_1_393' title='bbox 2148 776 2293 829; x_wconf 91' lang='lat' dir='ltr'><strong>cedit</strong></span> <span class='ocrx_word' id='word_1_394' title='bbox 2322 785 2375 831; x_wconf 90' lang='lat' dir='ltr'><strong>et</strong></span> <span class='ocrx_word' id='word_1_395' title='bbox 2412 774 2673 838; x_wconf 79' lang='lat' dir='ltr'><strong>flectitur,</strong></span> <span class='ocrx_word' id='word_1_396' title='bbox 2708 784 2922 831; x_wconf 90' lang='lat' dir='ltr'><strong>rectum</strong></span> <span class='ocrx_word' id='word_1_397' title='bbox 2953 775 3228 842; x_wconf 82' lang='lat' dir='ltr'><strong>ellicitur;</strong></span> <span class='ocrx_word' id='word_1_398' title='bbox 3288 775 3437 846; x_wconf 91' lang='lat' dir='ltr'><strong>quod</strong></span> <span class='ocrx_word' id='word_1_399' title='bbox 3500 782 3554 830; x_wconf 89' lang='lat' dir='ltr'><strong>te</strong></span> 
     </span>
    </p>
   </div>
   <div class='ocr_carea' id='block_1_54' title="bbox 1967 867 3554 937">
    <p class='ocr_par' dir='ltr' id='par_1_54' title="bbox 1967 867 3554 937">
     <span class='ocr_line' id='line_1_54' title="bbox 1967 867 3554 937; baseline 0 -15"><span class='ocrx_word' id='word_1_400' title='bbox 1967 869 2133 923; x_wconf 89' lang='lat' dir='ltr'><strong>etiam</strong></span> <span class='ocrx_word' id='word_1_401' title='bbox 2168 867 2223 921; x_wconf 91' lang='lat' dir='ltr'><strong>in</strong></span> <span class='ocrx_word' id='word_1_402' title='bbox 2255 867 2460 937; x_wconf 86' lang='lat' dir='ltr'><strong>plantis</strong></span> <span class='ocrx_word' id='word_1_403' title='bbox 2491 867 2829 937; x_wconf 84' lang='lat' dir='ltr'><strong>experientia</strong></span> <span class='ocrx_word' id='word_1_404' title='bbox 2860 869 3042 924; x_wconf 89' lang='lat' dir='ltr'><strong>docet.</strong></span> <span class='ocrx_word' id='word_1_405' title='bbox 3080 867 3159 923; x_wconf 82' lang='lat' dir='ltr'><strong>Ne</strong></span> <span class='ocrx_word' id='word_1_406' title='bbox 3211 867 3367 923; x_wconf 80' lang='lat' dir='ltr'><strong>freno</strong></span> <span class='ocrx_word' id='word_1_407' title='bbox 3419 867 3554 922; x_wconf 53' lang='lat' dir='ltr'><strong>den-</strong></span> 
     </span>
    </p>
   </div>
   <div class='ocr_carea' id='block_1_55' title="bbox 1971 960 3554 1031">
    <p class='ocr_par' dir='ltr' id='par_1_55' title="bbox 1971 960 3554 1031">
     <span class='ocr_line' id='line_1_55' title="bbox 1971 960 3554 1031; baseline -0.001 -16"><span class='ocrx_word' id='word_1_408' title='bbox 1971 960 2125 1015; x_wconf 83' lang='lat' dir='ltr'><strong>tibus</strong></span> <span class='ocrx_word' id='word_1_409' title='bbox 2162 975 2485 1030; x_wconf 83' lang='lat' dir='ltr'><strong>compresso</strong></span> <span class='ocrx_word' id='word_1_410' title='bbox 2515 960 2751 1029; x_wconf 89' lang='lat' dir='ltr'><strong>rapiaris</strong></span> <span class='ocrx_word' id='word_1_411' title='bbox 2778 961 2831 1015; x_wconf 91' lang='lat' dir='ltr'><strong>in</strong></span> <span class='ocrx_word' id='word_1_412' title='bbox 2887 960 3274 1031; x_wconf 74' lang='lat' dir='ltr'><strong>praecipitium,</strong></span> <span class='ocrx_word' id='word_1_413' title='bbox 3330 966 3424 1013; x_wconf 91' lang='lat' dir='ltr'><strong>aut</strong></span> <span class='ocrx_word' id='word_1_414' title='bbox 3458 960 3554 1015; x_wconf 87' lang='lat' dir='ltr'><strong>ba-</strong></span> 
     </span>
    </p>
   </div>
   <div class='ocr_carea' id='block_1_56' title="bbox 1968 1052 3552 1119">
    <p class='ocr_par' dir='ltr' id='par_1_56' title="bbox 1968 1052 3552 1119">
     <span class='ocr_line' id='line_1_56' title="bbox 1968 1052 3552 1119; baseline -0.001 -11"><span class='ocrx_word' id='word_1_415' title='bbox 1968 1054 2240 1119; x_wconf 89' lang='lat' dir='ltr'><strong>rathrum,</strong></span> <span class='ocrx_word' id='word_1_416' title='bbox 2269 1053 2364 1108; x_wconf 89' lang='lat' dir='ltr'><strong>sed</strong></span> <span class='ocrx_word' id='word_1_417' title='bbox 2393 1053 2809 1109; x_wconf 83' lang='lat' dir='ltr'><strong>accommodata</strong></span> <span class='ocrx_word' id='word_1_418' title='bbox 2840 1054 3027 1108; x_wconf 85' lang='lat' dir='ltr'><strong>manui</strong></span> <span class='ocrx_word' id='word_1_419' title='bbox 3055 1053 3296 1108; x_wconf 84' lang='lat' dir='ltr'><strong>sessoris</strong></span> <span class='ocrx_word' id='word_1_420' title='bbox 3321 1052 3552 1116; x_wconf 83' lang='lat' dir='ltr'><strong>cervice,</strong></span> 
     </span>
    </p>
   </div>
   <div class='ocr_carea' id='block_1_57' title="bbox 1968 1144 3552 1215">
    <p class='ocr_par' dir='ltr' id='par_1_57' title="bbox 1968 1144 3552 1215">
     <span class='ocr_line' id='line_1_57' title="bbox 1968 1144 3552 1215; baseline -0.004 -16"><span class='ocrx_word' id='word_1_421' title='bbox 1968 1146 2034 1201; x_wconf 88' lang='lat' dir='ltr'><strong>ad</strong></span> <span class='ocrx_word' id='word_1_422' title='bbox 2074 1146 2215 1201; x_wconf 89' lang='lat' dir='ltr'><strong>viam</strong></span> <span class='ocrx_word' id='word_1_423' title='bbox 2245 1160 2365 1215; x_wconf 66' lang='lat' dir='ltr'><strong>quae</strong></span> <span class='ocrx_word' id='word_1_424' title='bbox 2399 1152 2452 1198; x_wconf 90' lang='lat' dir='ltr'><strong>te</strong></span> <span class='ocrx_word' id='word_1_425' title='bbox 2499 1151 2680 1198; x_wconf 82' lang='lat' dir='ltr'><strong>servet</strong></span> <span class='ocrx_word' id='word_1_426' title='bbox 2712 1151 2860 1198; x_wconf 84' lang='lat' dir='ltr'><strong>recta</strong></span> <span class='ocrx_word' id='word_1_427' title='bbox 2892 1144 3157 1208; x_wconf 89' lang='lat' dir='ltr'><strong>ducaris;</strong></span> <span class='ocrx_word' id='word_1_428' title='bbox 3202 1157 3326 1196; x_wconf 91' lang='lat' dir='ltr'><strong>cum</strong></span> <span class='ocrx_word' id='word_1_429' title='bbox 3372 1144 3552 1196; x_wconf 82' lang='lat' dir='ltr'><strong>incre-</strong></span> 
     </span>
    </p>
   </div>
   <div class='ocr_carea' id='block_1_58' title="bbox 1967 1233 3554 1309">
    <p class='ocr_par' dir='ltr' id='par_1_58' title="bbox 1967 1233 3554 1309">
     <span class='ocr_line' id='line_1_58' title="bbox 1967 1233 3554 1309; baseline -0.003 -16"><span class='ocrx_word' id='word_1_430' title='bbox 1967 1238 2139 1309; x_wconf 84' lang='lat' dir='ltr'><strong>paris,</strong></span> <span class='ocrx_word' id='word_1_431' title='bbox 2171 1238 2263 1293; x_wconf 90' lang='lat' dir='ltr'><strong>dic</strong></span> <span class='ocrx_word' id='word_1_432' title='bbox 2298 1236 2485 1291; x_wconf 89' lang='lat' dir='ltr'><strong>animo</strong></span> <span class='ocrx_word' id='word_1_433' title='bbox 2516 1237 2775 1304; x_wconf 84' lang='lat' dir='ltr'><strong>religioso</strong></span> <span class='ocrx_word' id='word_1_434' title='bbox 2814 1236 3128 1290; x_wconf 81' lang='lat' dir='ltr'><strong>Davidicnm</strong></span> <span class='ocrx_word' id='word_1_435' title='bbox 3182 1235 3313 1288; x_wconf 87' lang='lat' dir='ltr'><strong>illud</strong></span> <span class='ocrx_word' id='word_1_436' title='bbox 3348 1253 3360 1288; x_wconf 90' lang='lat'><strong>:</strong></span> <span class='ocrx_word' id='word_1_437' title='bbox 3394 1252 3413 1285; x_wconf 77' lang='grc' dir='ltr'><strong>ι</strong></span> <span class='ocrx_word' id='word_1_438' title='bbox 3452 1233 3554 1288; x_wconf 85' lang='grc' dir='ltr'><strong>Βο-</strong></span> 
     </span>
    </p>
   </div>
   <div class='ocr_carea' id='block_1_59' title="bbox 1968 1325 3551 1398">
    <p class='ocr_par' dir='ltr' id='par_1_59' title="bbox 1968 1325 3551 1398">
     <span class='ocr_line' id='line_1_59' title="bbox 1968 1325 3551 1398; baseline -0.004 -15"><span class='ocrx_word' id='word_1_439' title='bbox 1968 1346 2098 1384; x_wconf 90' lang='lat' dir='ltr'><strong>num</strong></span> <span class='ocrx_word' id='word_1_440' title='bbox 2130 1329 2265 1383; x_wconf 85' lang='lat' dir='ltr'><strong>mihi</strong></span> <span class='ocrx_word' id='word_1_441' title='bbox 2321 1335 2428 1393; x_wconf 89' lang='lat' dir='ltr'><strong>est,</strong></span> <span class='ocrx_word' id='word_1_442' title='bbox 2466 1327 2611 1398; x_wconf 89' lang='lat' dir='ltr'><strong>quod</strong></span> <span class='ocrx_word' id='word_1_443' title='bbox 2650 1327 3031 1381; x_wconf 80' lang='lat' dir='ltr'><strong>humiliaveris</strong></span> <span class='ocrx_word' id='word_1_444' title='bbox 3080 1341 3187 1389; x_wconf 81' lang='lat' dir='ltr'><strong>me,</strong></span> <span class='ocrx_word' id='word_1_445' title='bbox 3223 1333 3282 1379; x_wconf 91' lang='lat' dir='ltr'><strong>ut</strong></span> <span class='ocrx_word' id='word_1_446' title='bbox 3341 1325 3551 1379; x_wconf 85' lang='lat' dir='ltr'><strong>discam</strong></span> 
     </span>
    </p>
   </div>
   <div class='ocr_carea' id='block_1_60' title="bbox 1962 1416 3552 1492">
    <p class='ocr_par' dir='ltr' id='par_1_60' title="bbox 1962 1416 3552 1492">
     <span class='ocr_line' id='line_1_60' title="bbox 1962 1416 3552 1492; baseline -0.003 -17"><span class='ocrx_word' id='word_1_447' title='bbox 1962 1421 2388 1492; x_wconf 70' lang='lat' dir='ltr'><strong>iustiﬁcationes.</strong></span> <span class='ocrx_word' id='word_1_448' title='bbox 2425 1426 2550 1474; x_wconf 88' lang='lat' dir='ltr'><strong>tuas</strong></span> <span class='ocrx_word' id='word_1_449' title='bbox 2570 1419 2612 1472; x_wconf 71' lang='grc'><strong>⁵.</strong></span> <span class='ocrx_word' id='word_1_450' title='bbox 2646 1438 2664 1470; x_wconf 85' lang='grc'><strong>›</strong></span> <span class='ocrx_word' id='word_1_451' title='bbox 2695 1417 2774 1474; x_wconf 80' lang='lat' dir='ltr'><strong>Ne</strong></span> <span class='ocrx_word' id='word_1_452' title='bbox 2795 1417 3233 1489; x_wconf 88' lang='lat' dir='ltr'><strong>segregationem</strong></span> <span class='ocrx_word' id='word_1_453' title='bbox 3266 1416 3552 1471; x_wconf 86' lang='lat' dir='ltr'><strong>arbitreris</strong></span> 
     </span>
    </p>
   </div>
   <div class='ocr_carea' id='block_1_61' title="bbox 1967 1508 3543 1581">
    <p class='ocr_par' dir='ltr' id='par_1_61' title="bbox 1967 1508 3543 1581">
     <span class='ocr_line' id='line_1_61' title="bbox 1967 1508 3543 1581; baseline -0.003 -13"><span class='ocrx_word' id='word_1_454' title='bbox 1967 1527 2091 1568; x_wconf 90' lang='lat' dir='ltr'><strong>esse</strong></span> <span class='ocrx_word' id='word_1_455' title='bbox 2129 1512 2196 1566; x_wconf 90' lang='lat' dir='ltr'><strong>ab</strong></span> <span class='ocrx_word' id='word_1_456' title='bbox 2231 1512 2619 1581; x_wconf 90' lang='lat' dir='ltr'><strong>episcoporum</strong></span> <span class='ocrx_word' id='word_1_457' title='bbox 2664 1511 2892 1565; x_wconf 80' lang='lat' dir='ltr'><strong>audacia</strong></span> <span class='ocrx_word' id='word_1_458' title='bbox 2945 1508 3272 1579; x_wconf 79' lang='lat' dir='ltr'><strong>profectam;</strong></span> <span class='ocrx_word' id='word_1_459' title='bbox 3310 1516 3543 1578; x_wconf 81' lang='lat' dir='ltr'><strong>paterna</strong></span> 
     </span>
    </p>
   </div>
   <div class='ocr_carea' id='block_1_62' title="bbox 1970 1600 3548 1672">
    <p class='ocr_par' dir='ltr' id='par_1_62' title="bbox 1970 1600 3548 1672">
     <span class='ocr_line' id='line_1_62' title="bbox 1970 1600 3548 1672; baseline -0.004 -13"><span class='ocrx_word' id='word_1_460' title='bbox 1970 1604 2058 1660; x_wconf 80' lang='lat' dir='ltr'><strong>lex</strong></span> <span class='ocrx_word' id='word_1_461' title='bbox 2085 1611 2191 1669; x_wconf 86' lang='lat' dir='ltr'><strong>est,</strong></span> <span class='ocrx_word' id='word_1_462' title='bbox 2220 1604 2451 1670; x_wconf 88' lang='lat' dir='ltr'><strong>antiqua</strong></span> <span class='ocrx_word' id='word_1_463' title='bbox 2477 1600 2738 1657; x_wconf 78' lang='lat' dir='ltr'><strong>Ecclesiae</strong></span> <span class='ocrx_word' id='word_1_464' title='bbox 2767 1600 2980 1672; x_wconf 87' lang='lat' dir='ltr'><strong>regula,</strong></span> <span class='ocrx_word' id='word_1_465' title='bbox 3013 1615 3136 1671; x_wconf 68' lang='lat' dir='ltr'><strong>qua:</strong></span> <span class='ocrx_word' id='word_1_466' title='bbox 3163 1616 3193 1654; x_wconf 90' lang='lat' dir='ltr'><strong>a</strong></span> <span class='ocrx_word' id='word_1_467' title='bbox 3228 1600 3345 1672; x_wconf 88' lang='lat' dir='ltr'><strong>lege</strong></span> <span class='ocrx_word' id='word_1_468' title='bbox 3379 1600 3548 1654; x_wconf 80' lang='lat' dir='ltr'><strong>traxit</strong></span> 
     </span>
    </p>
   </div>
   <div class='ocr_carea' id='block_1_63' title="bbox 1972 1695 3556 1769">
    <p class='ocr_par' dir='ltr' id='par_1_63' title="bbox 1972 1695 3556 1769">
     <span class='ocr_line' id='line_1_63' title="bbox 1972 1695 3556 1769; baseline -0.004 -16"><span class='ocrx_word' id='word_1_469' title='bbox 1972 1698 2262 1769; x_wconf 81' lang='lat' dir='ltr'><strong>originem,</strong></span> <span class='ocrx_word' id='word_1_470' title='bbox 2300 1704 2354 1753; x_wconf 90' lang='grc' dir='ltr'><strong>ει</strong></span> <span class='ocrx_word' id='word_1_471' title='bbox 2381 1696 2434 1751; x_wconf 91' lang='lat' dir='ltr'><strong>in</strong></span> <span class='ocrx_word' id='word_1_472' title='bbox 2469 1696 2646 1768; x_wconf 87' lang='lat' dir='ltr'><strong>gratia</strong></span> <span class='ocrx_word' id='word_1_473' title='bbox 2697 1695 2956 1751; x_wconf 91' lang='lat' dir='ltr'><strong>obtinuit.</strong></span> <span class='ocrx_word' id='word_1_474' title='bbox 3010 1695 3398 1765; x_wconf 84' lang='lat' dir='ltr'><strong>Contemplare</strong></span> <span class='ocrx_word' id='word_1_475' title='bbox 3427 1707 3556 1748; x_wconf 86' lang='lat' dir='ltr'><strong>san-</strong></span> 
     </span>
    </p>
   </div>
   <div class='ocr_carea' id='block_1_64' title="bbox 1970 1783 3555 1856">
    <p class='ocr_par' dir='ltr' id='par_1_64' title="bbox 1970 1783 3555 1856">
     <span class='ocr_line' id='line_1_64' title="bbox 1970 1783 3555 1856; baseline -0.004 -11"><span class='ocrx_word' id='word_1_476' title='bbox 1970 1798 2120 1845; x_wconf 89' lang='lat' dir='ltr'><strong>ctum</strong></span> <span class='ocrx_word' id='word_1_477' title='bbox 2186 1789 2339 1843; x_wconf 89' lang='lat' dir='ltr'><strong>illum</strong></span> <span class='ocrx_word' id='word_1_478' title='bbox 2402 1787 2633 1842; x_wconf 85' lang='lat' dir='ltr'><strong>Paulum</strong></span> <span class='ocrx_word' id='word_1_479' title='bbox 2682 1801 2783 1856; x_wconf 89' lang='lat' dir='ltr'><strong>per</strong></span> <span class='ocrx_word' id='word_1_480' title='bbox 2834 1785 3116 1855; x_wconf 83' lang='lat' dir='ltr'><strong>Epistolas</strong></span> <span class='ocrx_word' id='word_1_481' title='bbox 3183 1783 3555 1854; x_wconf 87' lang='lat' dir='ltr'><strong>separationis</strong></span> 
     </span>
    </p>
   </div>
   <div class='ocr_carea' id='block_1_65' title="bbox 1971 1876 3558 1954">
    <p class='ocr_par' dir='ltr' id='par_1_65' title="bbox 1971 1876 3558 1954">
     <span class='ocr_line' id='line_1_65' title="bbox 1971 1876 3558 1954; baseline -0.006 -17"><span class='ocrx_word' id='word_1_482' title='bbox 1971 1896 2164 1954; x_wconf 66' lang='lat' dir='ltr'><strong>plenas</strong></span> <span class='ocrx_word' id='word_1_483' title='bbox 2202 1882 2259 1936; x_wconf 88' lang='lat' dir='ltr'><strong>in</strong></span> <span class='ocrx_word' id='word_1_484' title='bbox 2286 1881 2558 1936; x_wconf 78' lang='lat' dir='ltr'><strong>obnoxios</strong></span> <span class='ocrx_word' id='word_1_485' title='bbox 2589 1878 3031 1950; x_wconf 71' lang='lat' dir='ltr'><strong>pronuntianda:</strong></span> <span class='ocrx_word' id='word_1_486' title='bbox 3076 1876 3451 1940; x_wconf 86' lang='lat' dir='ltr'><strong>mandantem,</strong></span> <span class='ocrx_word' id='word_1_487' title='bbox 3501 1882 3558 1928; x_wconf 91' lang='lat' dir='ltr'><strong>et</strong></span> 
     </span>
    </p>
   </div>
   <div class='ocr_carea' id='block_1_66' title="bbox 1971 1970 3557 2041">
    <p class='ocr_par' dir='ltr' id='par_1_66' title="bbox 1971 1970 3557 2041">
     <span class='ocr_line' id='line_1_66' title="bbox 1971 1970 3557 2041; baseline -0.004 -14"><span class='ocrx_word' id='word_1_488' title='bbox 1971 1972 2319 2027; x_wconf 81' lang='lat' dir='ltr'><strong>Corinthium</strong></span> <span class='ocrx_word' id='word_1_489' title='bbox 2375 1972 2633 2041; x_wconf 81' lang='lat' dir='ltr'><strong>juvenem</strong></span> <span class='ocrx_word' id='word_1_490' title='bbox 2701 1970 2972 2041; x_wconf 80' lang='lat' dir='ltr'><strong>ejusmodi</strong></span> <span class='ocrx_word' id='word_1_491' title='bbox 3012 1970 3420 2025; x_wconf 79' lang='lat' dir='ltr'><strong>medicamento</strong></span> <span class='ocrx_word' id='word_1_492' title='bbox 3468 1979 3557 2022; x_wconf 84' lang='lat' dir='ltr'><strong>sa-</strong></span> 
     </span>
    </p>
   </div>
   <div class='ocr_carea' id='block_1_67' title="bbox 1971 2063 3556 2133">
    <p class='ocr_par' dir='ltr' id='par_1_67' title="bbox 1971 2063 3556 2133">
     <span class='ocr_line' id='line_1_67' title="bbox 1971 2063 3556 2133; baseline -0.002 -16"><span class='ocrx_word' id='word_1_493' title='bbox 1971 2072 2216 2126; x_wconf 84' lang='lat' dir='ltr'><strong>nantem,</strong></span> <span class='ocrx_word' id='word_1_494' title='bbox 2244 2063 2339 2133; x_wconf 86' lang='lat' dir='ltr'><strong>qui</strong></span> <span class='ocrx_word' id='word_1_495' title='bbox 2369 2064 2621 2119; x_wconf 85' lang='lat' dir='ltr'><strong>satanica</strong></span> <span class='ocrx_word' id='word_1_496' title='bbox 2666 2063 2821 2118; x_wconf 88' lang='lat' dir='ltr'><strong>rabie</strong></span> <span class='ocrx_word' id='word_1_497' title='bbox 2857 2063 3125 2133; x_wconf 83' lang='lat' dir='ltr'><strong>percitus,</strong></span> <span class='ocrx_word' id='word_1_498' title='bbox 3186 2074 3441 2117; x_wconf 69' lang='lat' dir='ltr'><strong>noverca:</strong></span> <span class='ocrx_word' id='word_1_499' title='bbox 3495 2074 3556 2115; x_wconf 87' lang='lat' dir='ltr'><strong>se</strong></span> 
     </span>
    </p>
   </div>
   <div class='ocr_carea' id='block_1_68' title="bbox 1972 2150 3546 2223">
    <p class='ocr_par' dir='ltr' id='par_1_68' title="bbox 1972 2150 3546 2223">
     <span class='ocr_line' id='line_1_68' title="bbox 1972 2150 3546 2223; baseline -0.004 -14"><span class='ocrx_word' id='word_1_500' title='bbox 1972 2156 2435 2213; x_wconf 73' lang='lat' dir='ltr'><strong>commiscuerat:</strong></span> <span class='ocrx_word' id='word_1_501' title='bbox 2468 2156 2671 2223; x_wconf 72' lang='lat' dir='ltr'><strong>eQuem</strong></span> <span class='ocrx_word' id='word_1_502' title='bbox 2702 2155 2851 2210; x_wconf 88' lang='lat' dir='ltr'><strong>enim</strong></span> <span class='ocrx_word' id='word_1_503' title='bbox 2882 2152 3146 2208; x_wconf 86' lang='lat' dir='ltr'><strong>Dominus</strong></span> <span class='ocrx_word' id='word_1_504' title='bbox 3162 2150 3546 2222; x_wconf 80' lang='lat' dir='ltr'><strong>diligit,casti-</strong></span> 
     </span>
    </p>
   </div>
   <div class='ocr_carea' id='block_1_69' title="bbox 1972 2241 3542 2323">
    <p class='ocr_par' dir='ltr' id='par_1_69' title="bbox 1972 2241 3542 2323">
     <span class='ocr_line' id='line_1_69' title="bbox 1972 2241 3542 2323; baseline -0.006 -20"><span class='ocrx_word' id='word_1_505' title='bbox 1972 2257 2098 2323; x_wconf 85' lang='lat' dir='ltr'><strong>gat;</strong></span> <span class='ocrx_word' id='word_1_506' title='bbox 2129 2248 2343 2321; x_wconf 81' lang='lat' dir='ltr'><strong>ﬂagello</strong></span> <span class='ocrx_word' id='word_1_507' title='bbox 2372 2257 2553 2305; x_wconf 86' lang='lat' dir='ltr'><strong>autem</strong></span> <span class='ocrx_word' id='word_1_508' title='bbox 2580 2249 2704 2305; x_wconf 83' lang='lat' dir='ltr'><strong>ferit</strong></span> <span class='ocrx_word' id='word_1_509' title='bbox 2727 2261 2888 2317; x_wconf 89' lang='lat' dir='ltr'><strong>quem</strong></span> <span class='ocrx_word' id='word_1_510' title='bbox 2908 2244 3143 2314; x_wconf 85' lang='lat' dir='ltr'><strong>suscipit</strong></span> <span class='ocrx_word' id='word_1_511' title='bbox 3161 2246 3237 2295; x_wconf 79' lang='grc'><strong>⁵.»</strong></span> <span class='ocrx_word' id='word_1_512' title='bbox 3273 2241 3392 2297; x_wconf 83' lang='grc' dir='ltr'>Νοιι</span> <span class='ocrx_word' id='word_1_513' title='bbox 3411 2248 3542 2296; x_wconf 90' lang='lat' dir='ltr'><strong>sunt</strong></span> 
     </span>
    </p>
   </div>
   <div class='ocr_carea' id='block_1_70' title="bbox 1973 2331 3548 2399">
    <p class='ocr_par' dir='ltr' id='par_1_70' title="bbox 1973 2331 3548 2399">
     <span class='ocr_line' id='line_1_70' title="bbox 1973 2331 3548 2399; baseline -0.01 0"><span class='ocrx_word' id='word_1_514' title='bbox 1973 2343 2121 2399; x_wconf 83' lang='lat' dir='ltr'><strong>enim</strong></span> <span class='ocrx_word' id='word_1_515' title='bbox 2151 2342 2366 2397; x_wconf 84' lang='lat' dir='ltr'><strong>radices</strong></span> <span class='ocrx_word' id='word_1_516' title='bbox 2405 2339 2736 2395; x_wconf 88' lang='lat' dir='ltr'><strong>eruditionis</strong></span> <span class='ocrx_word' id='word_1_517' title='bbox 2761 2338 2973 2399; x_wconf 83' lang='lat' dir='ltr'><strong>dulces,</strong></span> <span class='ocrx_word' id='word_1_518' title='bbox 3012 2335 3107 2392; x_wconf 92' lang='lat' dir='ltr'><strong>sed</strong></span> <span class='ocrx_word' id='word_1_519' title='bbox 3138 2348 3377 2398; x_wconf 70' lang='lat' dir='ltr'><strong>amarae;</strong></span> <span class='ocrx_word' id='word_1_520' title='bbox 3427 2331 3548 2386; x_wconf 87' lang='lat' dir='ltr'><strong>l&#39;ru-</strong></span> 
     </span>
    </p>
   </div>
   <div class='ocr_carea' id='block_1_71' title="bbox 1972 2422 3557 2503">
    <p class='ocr_par' dir='ltr' id='par_1_71' title="bbox 1972 2422 3557 2503">
     <span class='ocr_line' id='line_1_71' title="bbox 1972 2422 3557 2503; baseline -0.008 -12"><span class='ocrx_word' id='word_1_521' title='bbox 1972 2443 2126 2491; x_wconf 90' lang='lat' dir='ltr'><strong>ctum</strong></span> <span class='ocrx_word' id='word_1_522' title='bbox 2164 2441 2348 2489; x_wconf 89' lang='lat' dir='ltr'><strong>autem</strong></span> <span class='ocrx_word' id='word_1_523' title='bbox 2380 2432 2436 2487; x_wconf 93' lang='lat' dir='ltr'><strong>in</strong></span> <span class='ocrx_word' id='word_1_524' title='bbox 2471 2440 2750 2503; x_wconf 89' lang='lat' dir='ltr'><strong>posterum</strong></span> <span class='ocrx_word' id='word_1_525' title='bbox 2781 2430 3092 2501; x_wconf 78' lang='lat' dir='ltr'><strong>germinant</strong></span> <span class='ocrx_word' id='word_1_526' title='bbox 3133 2425 3273 2481; x_wconf 80' lang='lat' dir='ltr'><strong>favis</strong></span> <span class='ocrx_word' id='word_1_527' title='bbox 3335 2422 3557 2479; x_wconf 85' lang='lat' dir='ltr'><strong>suavio-</strong></span> 
     </span>
    </p>
   </div>
   <div class='ocr_carea' id='block_1_72' title="bbox 1974 2516 3558 2590">
    <p class='ocr_par' dir='ltr' id='par_1_72' title="bbox 1974 2516 3558 2590">
     <span class='ocr_line' id='line_1_72' title="bbox 1974 2516 3558 2590; baseline -0.008 -10"><span class='ocrx_word' id='word_1_528' title='bbox 1974 2539 2111 2580; x_wconf 91' lang='lat' dir='ltr'><strong>rem.</strong></span> <span class='ocrx_word' id='word_1_529' title='bbox 2160 2522 2226 2578; x_wconf 87' lang='lat' dir='ltr'><strong>Et</strong></span> <span class='ocrx_word' id='word_1_530' title='bbox 2275 2522 2486 2578; x_wconf 90' lang='lat' dir='ltr'><strong>idcirco</strong></span> <span class='ocrx_word' id='word_1_531' title='bbox 2520 2521 2707 2576; x_wconf 89' lang='lat' dir='ltr'><strong>labore</strong></span> <span class='ocrx_word' id='word_1_532' title='bbox 2764 2517 2987 2590; x_wconf 87' lang='lat' dir='ltr'><strong>quidem</strong></span> <span class='ocrx_word' id='word_1_533' title='bbox 3029 2518 3081 2573; x_wconf 89' lang='lat' dir='ltr'><strong>ei</strong></span> <span class='ocrx_word' id='word_1_534' title='bbox 3129 2516 3222 2587; x_wconf 91' lang='lat' dir='ltr'><strong>qui</strong></span> <span class='ocrx_word' id='word_1_535' title='bbox 3270 2522 3558 2570; x_wconf 80' lang='lat' dir='ltr'><strong>exercetur</strong></span> 
     </span>
    </p>
   </div>
   <div class='ocr_carea' id='block_1_73' title="bbox 1975 2608 3561 2686">
    <p class='ocr_par' dir='ltr' id='par_1_73' title="bbox 1975 2608 3561 2686">
     <span class='ocr_line' id='line_1_73' title="bbox 1975 2608 3561 2686; baseline -0.007 -14"><span class='ocrx_word' id='word_1_536' title='bbox 1975 2632 2115 2686; x_wconf 87' lang='lat' dir='ltr'><strong>opus</strong></span> <span class='ocrx_word' id='word_1_537' title='bbox 2145 2623 2274 2682; x_wconf 84' lang='lat' dir='ltr'><strong>est;</strong></span> <span class='ocrx_word' id='word_1_538' title='bbox 2348 2614 2399 2670; x_wconf 91' lang='lat' dir='ltr'><strong>ei</strong></span> <span class='ocrx_word' id='word_1_539' title='bbox 2445 2622 2626 2668; x_wconf 92' lang='lat' dir='ltr'><strong>autem</strong></span> <span class='ocrx_word' id='word_1_540' title='bbox 2679 2611 2775 2683; x_wconf 88' lang='lat' dir='ltr'><strong>qui</strong></span> <span class='ocrx_word' id='word_1_541' title='bbox 2828 2617 3067 2674; x_wconf 82' lang='lat' dir='ltr'><strong>exercet,</strong></span> <span class='ocrx_word' id='word_1_542' title='bbox 3096 2617 3152 2665; x_wconf 91' lang='lat' dir='ltr'><strong>et</strong></span> <span class='ocrx_word' id='word_1_543' title='bbox 3200 2608 3450 2671; x_wconf 79' lang='lat' dir='ltr'><strong>verbere,</strong></span> <span class='ocrx_word' id='word_1_544' title='bbox 3503 2614 3561 2661; x_wconf 82' lang='lat' dir='ltr'><strong>ct</strong></span> 
     </span>
    </p>
   </div>
   <div class='ocr_carea' id='block_1_74' title="bbox 1975 2700 3560 2778">
    <p class='ocr_par' dir='ltr' id='par_1_74' title="bbox 1975 2700 3560 2778">
     <span class='ocr_line' id='line_1_74' title="bbox 1975 2700 3560 2778; baseline -0.005 -17"><span class='ocrx_word' id='word_1_545' title='bbox 1975 2707 2297 2778; x_wconf 85' lang='lat' dir='ltr'><strong>asperitate.</strong></span> <span class='ocrx_word' id='word_1_546' title='bbox 2350 2707 2430 2760; x_wconf 86' lang='lat' dir='ltr'><strong>Ae</strong></span> <span class='ocrx_word' id='word_1_547' title='bbox 2490 2706 2547 2760; x_wconf 89' lang='lat' dir='ltr'><strong>in</strong></span> <span class='ocrx_word' id='word_1_548' title='bbox 2576 2704 2695 2774; x_wconf 81' lang='lat' dir='ltr'><strong>lege</strong></span> <span class='ocrx_word' id='word_1_549' title='bbox 2752 2701 2994 2758; x_wconf 81' lang='lat' dir='ltr'><strong>Mosaica</strong></span> <span class='ocrx_word' id='word_1_550' title='bbox 3055 2700 3288 2757; x_wconf 86' lang='lat' dir='ltr'><strong>decades</strong></span> <span class='ocrx_word' id='word_1_551' title='bbox 3323 2706 3560 2769; x_wconf 80' lang='lat' dir='ltr'><strong>quatuor</strong></span> 
     </span>
    </p>
   </div>
   <div class='ocr_carea' id='block_1_75' title="bbox 1977 2790 3560 2867">
    <p class='ocr_par' dir='ltr' id='par_1_75' title="bbox 1977 2790 3560 2867">
     <span class='ocr_line' id='line_1_75' title="bbox 1977 2790 3560 2867; baseline -0.005 -15"><span class='ocrx_word' id='word_1_552' title='bbox 1977 2799 2267 2867; x_wconf 85' lang='lat' dir='ltr'><strong>hucusque</strong></span> <span class='ocrx_word' id='word_1_553' title='bbox 2289 2796 2574 2867; x_wconf 77' lang='lat' dir='ltr'><strong>plagarum</strong></span> <span class='ocrx_word' id='word_1_554' title='bbox 2602 2802 2947 2865; x_wconf 83' lang='lat' dir='ltr'><strong>permanent,</strong></span> <span class='ocrx_word' id='word_1_555' title='bbox 2974 2807 3085 2847; x_wconf 88' lang='lat' dir='ltr'><strong>non</strong></span> <span class='ocrx_word' id='word_1_556' title='bbox 3107 2801 3290 2847; x_wconf 89' lang='lat' dir='ltr'><strong>autem</strong></span> <span class='ocrx_word' id='word_1_557' title='bbox 3316 2790 3371 2845; x_wconf 91' lang='lat' dir='ltr'><strong>in</strong></span> <span class='ocrx_word' id='word_1_558' title='bbox 3393 2804 3560 2845; x_wconf 72' lang='lat' dir='ltr'><strong>evan-</strong></span> 
     </span>
    </p>
   </div>
   <div class='ocr_carea' id='block_1_76' title="bbox 1977 2872 3562 2960">
    <p class='ocr_par' dir='ltr' id='par_1_76' title="bbox 1977 2872 3562 2960">
     <span class='ocr_line' id='line_1_76' title="bbox 1977 2872 3562 2960; baseline -0.005 -15"><span class='ocrx_word' id='word_1_559' title='bbox 1977 2890 2147 2960; x_wconf 85' lang='lat' dir='ltr'><strong>gelica</strong></span> <span class='ocrx_word' id='word_1_560' title='bbox 2182 2889 2293 2943; x_wconf 88' lang='lat' dir='ltr'><strong>vita</strong></span> <span class='ocrx_word' id='word_1_561' title='bbox 2327 2907 2340 2943; x_wconf 91' lang='lat'><strong>:</strong></span> <span class='ocrx_word' id='word_1_562' title='bbox 2375 2872 2644 2958; x_wconf 89' lang='lat' dir='ltr'><strong>siquidem</strong></span> <span class='ocrx_word' id='word_1_563' title='bbox 2686 2886 2932 2941; x_wconf 89' lang='lat' dir='ltr'><strong>omnium</strong></span> <span class='ocrx_word' id='word_1_564' title='bbox 2972 2899 3154 2941; x_wconf 86' lang='lat' dir='ltr'><strong>sermo</strong></span> <span class='ocrx_word' id='word_1_565' title='bbox 3185 2890 3291 2947; x_wconf 90' lang='lat' dir='ltr'><strong>est,</strong></span> <span class='ocrx_word' id='word_1_566' title='bbox 3342 2881 3562 2938; x_wconf 87' lang='lat' dir='ltr'><strong>miseri-</strong></span> 
     </span>
    </p>
   </div>
   <div class='ocr_carea' id='block_1_77' title="bbox 1905 2972 3561 3060">
    <p class='ocr_par' dir='ltr' id='par_1_77' title="bbox 1905 2972 3561 3060">
     <span class='ocr_line' id='line_1_77' title="bbox 1905 2972 3561 3060; baseline -0.005 -25"><span class='ocrx_word' id='word_1_567' title='bbox 1905 3001 1949 3060; x_wconf 74' lang='grc' dir='ltr'>ο</span> <span class='ocrx_word' id='word_1_568' title='bbox 1979 2979 2168 3035; x_wconf 88' lang='lat' dir='ltr'><strong>cordia</strong></span> <span class='ocrx_word' id='word_1_569' title='bbox 2194 2988 2248 3036; x_wconf 90' lang='lat' dir='ltr'><strong>et</strong></span> <span class='ocrx_word' id='word_1_570' title='bbox 2278 2979 2454 3050; x_wconf 84' lang='lat' dir='ltr'><strong>virga,</strong></span> <span class='ocrx_word' id='word_1_571' title='bbox 2490 2977 2805 3032; x_wconf 88' lang='lat' dir='ltr'><strong>adhortatio</strong></span> <span class='ocrx_word' id='word_1_572' title='bbox 2838 2985 2894 3032; x_wconf 91' lang='lat' dir='ltr'><strong>et</strong></span> <span class='ocrx_word' id='word_1_573' title='bbox 2925 2977 3105 3047; x_wconf 84' lang='lat' dir='ltr'><strong>plaga.</strong></span> <span class='ocrx_word' id='word_1_574' title='bbox 3136 2973 3254 3029; x_wconf 87' lang='lat' dir='ltr'><strong>Non</strong></span> <span class='ocrx_word' id='word_1_575' title='bbox 3281 2975 3425 3029; x_wconf 90' lang='lat' dir='ltr'><strong>enim</strong></span> <span class='ocrx_word' id='word_1_576' title='bbox 3462 2972 3561 3029; x_wconf 89' lang='lat' dir='ltr'><strong>tibi</strong></span> 
     </span>
    </p>
   </div>
   <div class='ocr_carea' id='block_1_78' title="bbox 1979 3065 3564 3136">
    <p class='ocr_par' dir='ltr' id='par_1_78' title="bbox 1979 3065 3564 3136">
     <span class='ocr_line' id='line_1_78' title="bbox 1979 3065 3564 3136; baseline -0.006 -9"><span class='ocrx_word' id='word_1_577' title='bbox 1979 3072 2209 3127; x_wconf 89' lang='lat' dir='ltr'><strong>verbera</strong></span> <span class='ocrx_word' id='word_1_578' title='bbox 2242 3069 2538 3126; x_wconf 80' lang='lat' dir='ltr'><strong>inferimus</strong></span> <span class='ocrx_word' id='word_1_579' title='bbox 2573 3076 2635 3123; x_wconf 92' lang='lat' dir='ltr'><strong>ut</strong></span> <span class='ocrx_word' id='word_1_580' title='bbox 2692 3082 2876 3131; x_wconf 85' lang='lat' dir='ltr'><strong>servo,</strong></span> <span class='ocrx_word' id='word_1_581' title='bbox 2907 3065 3005 3123; x_wconf 87' lang='lat' dir='ltr'><strong>sed</strong></span> <span class='ocrx_word' id='word_1_582' title='bbox 3054 3074 3107 3122; x_wconf 90' lang='lat' dir='ltr'><strong>te</strong></span> <span class='ocrx_word' id='word_1_583' title='bbox 3133 3065 3467 3136; x_wconf 79' lang='lat' dir='ltr'><strong>castigamus</strong></span> <span class='ocrx_word' id='word_1_584' title='bbox 3500 3071 3564 3119; x_wconf 91' lang='lat' dir='ltr'><strong>ut</strong></span> 
     </span>
    </p>
   </div>
   <div class='ocr_carea' id='block_1_79' title="bbox 1978 3157 3560 3227">
    <p class='ocr_par' dir='ltr' id='par_1_79' title="bbox 1978 3157 3560 3227">
     <span class='ocr_line' id='line_1_79' title="bbox 1978 3157 3560 3227; baseline -0.006 -9"><span class='ocrx_word' id='word_1_585' title='bbox 1978 3162 2211 3218; x_wconf 86' lang='lat' dir='ltr'><strong>liberum</strong></span> <span class='ocrx_word' id='word_1_586' title='bbox 2244 3180 2258 3216; x_wconf 89' lang='lat'><strong>:</strong></span> <span class='ocrx_word' id='word_1_587' title='bbox 2303 3160 2404 3216; x_wconf 83' lang='lat' dir='ltr'><strong>tibi</strong></span> <span class='ocrx_word' id='word_1_588' title='bbox 2444 3159 2590 3215; x_wconf 89' lang='lat' dir='ltr'><strong>enim</strong></span> <span class='ocrx_word' id='word_1_589' title='bbox 2632 3174 2701 3214; x_wconf 79' lang='lat' dir='ltr'><strong>ex</strong></span> <span class='ocrx_word' id='word_1_590' title='bbox 2731 3157 2868 3212; x_wconf 85' lang='lat' dir='ltr'><strong>Sara</strong></span> <span class='ocrx_word' id='word_1_591' title='bbox 2901 3158 3077 3211; x_wconf 90' lang='lat' dir='ltr'><strong>libera</strong></span> <span class='ocrx_word' id='word_1_592' title='bbox 3103 3172 3279 3227; x_wconf 77' lang='lat' dir='ltr'><strong>genus</strong></span> <span class='ocrx_word' id='word_1_593' title='bbox 3309 3162 3416 3220; x_wconf 87' lang='lat' dir='ltr'><strong>est,</strong></span> <span class='ocrx_word' id='word_1_594' title='bbox 3451 3170 3560 3210; x_wconf 89' lang='lat' dir='ltr'><strong>non</strong></span> 
     </span>
    </p>
   </div>
   <div class='ocr_carea' id='block_1_80' title="bbox 1978 3246 3561 3322">
    <p class='ocr_par' dir='ltr' id='par_1_80' title="bbox 1978 3246 3561 3322">
     <span class='ocr_line' id='line_1_80' title="bbox 1978 3246 3561 3322; baseline -0.005 -14"><span class='ocrx_word' id='word_1_595' title='bbox 1978 3268 2045 3308; x_wconf 85' lang='lat' dir='ltr'><strong>ex</strong></span> <span class='ocrx_word' id='word_1_596' title='bbox 2084 3251 2231 3322; x_wconf 86' lang='lat' dir='ltr'><strong>Agar</strong></span> <span class='ocrx_word' id='word_1_597' title='bbox 2262 3265 2442 3308; x_wconf 88' lang='lat' dir='ltr'><strong>serva.</strong></span> <span class='ocrx_word' id='word_1_598' title='bbox 2470 3249 2810 3305; x_wconf 79' lang='lat' dir='ltr'><strong>Reveremur</strong></span> <span class='ocrx_word' id='word_1_599' title='bbox 2832 3255 2888 3302; x_wconf 88' lang='lat' dir='ltr'><strong>te</strong></span> <span class='ocrx_word' id='word_1_600' title='bbox 2920 3256 2982 3301; x_wconf 93' lang='lat' dir='ltr'><strong>ut</strong></span> <span class='ocrx_word' id='word_1_601' title='bbox 3016 3246 3200 3301; x_wconf 72' lang='lat' dir='ltr'><strong>libera:</strong></span> <span class='ocrx_word' id='word_1_602' title='bbox 3225 3246 3419 3311; x_wconf 90' lang='lat' dir='ltr'><strong>tilium,</strong></span> <span class='ocrx_word' id='word_1_603' title='bbox 3450 3262 3561 3300; x_wconf 90' lang='lat' dir='ltr'><strong>non</strong></span> 
     </span>
    </p>
   </div>
   <div class='ocr_carea' id='block_1_81' title="bbox 1978 3324 3562 3410">
    <p class='ocr_par' dir='ltr' id='par_1_81' title="bbox 1978 3324 3562 3410">
     <span class='ocr_line' id='line_1_81' title="bbox 1978 3324 3562 3410; baseline -0.004 -11"><span class='ocrx_word' id='word_1_604' title='bbox 1978 3344 2380 3400; x_wconf 85' lang='lat' dir='ltr'><strong>dedecoramus</strong></span> <span class='ocrx_word' id='word_1_605' title='bbox 2419 3351 2477 3397; x_wconf 91' lang='lat' dir='ltr'><strong>ut</strong></span> <span class='ocrx_word' id='word_1_606' title='bbox 2514 3340 2727 3396; x_wconf 69' lang='lat' dir='ltr'><strong>ancillae</strong></span> <span class='ocrx_word' id='word_1_607' title='bbox 2763 3338 3122 3410; x_wconf 82' lang='lat' dir='ltr'><strong>progeniem:</strong></span> <span class='ocrx_word' id='word_1_608' title='bbox 3169 3324 3242 3394; x_wconf 74' lang='lat' dir='ltr'><strong>ob</strong></span> <span class='ocrx_word' id='word_1_609' title='bbox 3279 3337 3333 3393; x_wconf 92' lang='lat' dir='ltr'><strong>id</strong></span> <span class='ocrx_word' id='word_1_610' title='bbox 3374 3338 3562 3393; x_wconf 86' lang='lat' dir='ltr'><strong>liberis</strong></span> 
     </span>
    </p>
   </div>
   <div class='ocr_carea' id='block_1_82' title="bbox 1980 3431 3564 3506">
    <p class='ocr_par' dir='ltr' id='par_1_82' title="bbox 1980 3431 3564 3506">
     <span class='ocr_line' id='line_1_82' title="bbox 1980 3431 3564 3506; baseline -0.004 -14"><span class='ocrx_word' id='word_1_611' title='bbox 1980 3435 2452 3506; x_wconf 82' lang='lat' dir='ltr'><strong>increpationibus</strong></span> <span class='ocrx_word' id='word_1_612' title='bbox 2489 3441 2541 3489; x_wconf 90' lang='lat' dir='ltr'><strong>te</strong></span> <span class='ocrx_word' id='word_1_613' title='bbox 2571 3431 2829 3499; x_wconf 86' lang='lat' dir='ltr'><strong>angimus</strong></span> <span class='ocrx_word' id='word_1_614' title='bbox 2858 3437 3199 3501; x_wconf 84' lang='lat' dir='ltr'><strong>peccantem,</strong></span> <span class='ocrx_word' id='word_1_615' title='bbox 3232 3444 3340 3485; x_wconf 89' lang='lat' dir='ltr'><strong>non</strong></span> <span class='ocrx_word' id='word_1_616' title='bbox 3361 3444 3564 3503; x_wconf 90' lang='lat' dir='ltr'><strong>corpus</strong></span> 
     </span>
    </p>
   </div>
   <div class='ocr_carea' id='block_1_83' title="bbox 1981 3520 3563 3600">
    <p class='ocr_par' dir='ltr' id='par_1_83' title="bbox 1981 3520 3563 3600">
     <span class='ocr_line' id='line_1_83' title="bbox 1981 3520 3563 3600; baseline -0.005 -15"><span class='ocrx_word' id='word_1_617' title='bbox 1981 3536 2304 3600; x_wconf 86' lang='lat' dir='ltr'><strong>pungentes,</strong></span> <span class='ocrx_word' id='word_1_618' title='bbox 2352 3527 2448 3581; x_wconf 89' lang='lat' dir='ltr'><strong>sed</strong></span> <span class='ocrx_word' id='word_1_619' title='bbox 2482 3525 2728 3583; x_wconf 86' lang='lat' dir='ltr'><strong>animum</strong></span> <span class='ocrx_word' id='word_1_620' title='bbox 2785 3523 3123 3578; x_wconf 88' lang='lat' dir='ltr'><strong>cruciantes.</strong></span> <span class='ocrx_word' id='word_1_621' title='bbox 3180 3520 3339 3589; x_wconf 84' lang='lat' dir='ltr'><strong>Quod</strong></span> <span class='ocrx_word' id='word_1_622' title='bbox 3376 3523 3423 3577; x_wconf 89' lang='lat' dir='ltr'><strong>si</strong></span> <span class='ocrx_word' id='word_1_623' title='bbox 3494 3521 3563 3577; x_wconf 89' lang='lat' dir='ltr'><strong>ab</strong></span> 
     </span>
    </p>
   </div>
   <div class='ocr_carea' id='block_1_84' title="bbox 1981 3610 3565 3683">
    <p class='ocr_par' dir='ltr' id='par_1_84' title="bbox 1981 3610 3565 3683">
     <span class='ocr_line' id='line_1_84' title="bbox 1981 3610 3565 3683; baseline -0.003 -15"><span class='ocrx_word' id='word_1_624' title='bbox 1981 3615 2085 3671; x_wconf 90' lang='lat' dir='ltr'><strong>hac</strong></span> <span class='ocrx_word' id='word_1_625' title='bbox 2114 3629 2172 3669; x_wconf 89' lang='lat' dir='ltr'><strong>re</strong></span> <span class='ocrx_word' id='word_1_626' title='bbox 2202 3613 2601 3676; x_wconf 85' lang='lat' dir='ltr'><strong>abstineamus,</strong></span> <span class='ocrx_word' id='word_1_627' title='bbox 2657 3626 2767 3683; x_wconf 91' lang='lat' dir='ltr'><strong>quo</strong></span> <span class='ocrx_word' id='word_1_628' title='bbox 2808 3619 2862 3666; x_wconf 85' lang='lat' dir='ltr'><strong>te</strong></span> <span class='ocrx_word' id='word_1_629' title='bbox 2914 3619 3073 3681; x_wconf 82' lang='lat' dir='ltr'><strong>pacto</strong></span> <span class='ocrx_word' id='word_1_630' title='bbox 3119 3610 3565 3680; x_wconf 77' lang='lat' dir='ltr'><strong>castigabimus?</strong></span> 
     </span>
    </p>
   </div>
   <div class='ocr_carea' id='block_1_85' title="bbox 1981 3701 3565 3772">
    <p class='ocr_par' dir='ltr' id='par_1_85' title="bbox 1981 3701 3565 3772">
     <span class='ocr_line' id='line_1_85' title="bbox 1981 3701 3565 3772; baseline -0.001 -14"><span class='ocrx_word' id='word_1_631' title='bbox 1981 3704 2226 3759; x_wconf 89' lang='lat' dir='ltr'><strong>Docendi</strong></span> <span class='ocrx_word' id='word_1_632' title='bbox 2269 3704 2411 3758; x_wconf 78' lang='lat' dir='ltr'><strong>ratio</strong></span> <span class='ocrx_word' id='word_1_633' title='bbox 2442 3712 2525 3759; x_wconf 89' lang='lat' dir='ltr'><strong>est</strong></span> <span class='ocrx_word' id='word_1_634' title='bbox 2585 3711 2822 3758; x_wconf 85' lang='lat' dir='ltr'><strong>tractatu</strong></span> <span class='ocrx_word' id='word_1_635' title='bbox 2875 3701 3134 3768; x_wconf 83' lang='lat' dir='ltr'><strong>dillicilis,</strong></span> <span class='ocrx_word' id='word_1_636' title='bbox 3182 3703 3565 3772; x_wconf 87' lang='lat' dir='ltr'><strong>institutioque</strong></span> 
     </span>
    </p>
   </div>
   <div class='ocr_carea' id='block_1_86' title="bbox 1980 3793 3568 3866">
    <p class='ocr_par' dir='ltr' id='par_1_86' title="bbox 1980 3793 3568 3866">
     <span class='ocr_line' id='line_1_86' title="bbox 1980 3793 3568 3866; baseline -0.001 -17"><span class='ocrx_word' id='word_1_637' title='bbox 1980 3796 2228 3859; x_wconf 80' lang='lat' dir='ltr'><strong>virtutis,</strong></span> <span class='ocrx_word' id='word_1_638' title='bbox 2265 3810 2330 3849; x_wconf 89' lang='lat' dir='ltr'><strong>ac</strong></span> <span class='ocrx_word' id='word_1_639' title='bbox 2355 3796 2561 3851; x_wconf 85' lang='lat' dir='ltr'><strong>variam</strong></span> <span class='ocrx_word' id='word_1_640' title='bbox 2589 3795 2820 3866; x_wconf 90' lang='lat' dir='ltr'><strong>requirit</strong></span> <span class='ocrx_word' id='word_1_641' title='bbox 2839 3795 3333 3851; x_wconf 84' lang='lat' dir='ltr'><strong>administrationis</strong></span> <span class='ocrx_word' id='word_1_642' title='bbox 3350 3793 3568 3864; x_wconf 77' lang='lat' dir='ltr'><strong>dispen-</strong></span> 
     </span>
    </p>
   </div>
   <div class='ocr_carea' id='block_1_87' title="bbox 1982 3885 3559 3957">
    <p class='ocr_par' dir='ltr' id='par_1_87' title="bbox 1982 3885 3559 3957">
     <span class='ocr_line' id='line_1_87' title="bbox 1982 3885 3559 3957; baseline -0.004 -13"><span class='ocrx_word' id='word_1_643' title='bbox 1982 3890 2270 3947; x_wconf 87' lang='lat' dir='ltr'><strong>sationem,</strong></span> <span class='ocrx_word' id='word_1_644' title='bbox 2296 3903 2419 3957; x_wconf 67' lang='lat' dir='ltr'><strong>quae</strong></span> <span class='ocrx_word' id='word_1_645' title='bbox 2451 3902 2510 3942; x_wconf 90' lang='lat' dir='ltr'><strong>se</strong></span> <span class='ocrx_word' id='word_1_646' title='bbox 2551 3887 2798 3942; x_wconf 82' lang='lat' dir='ltr'><strong>moribus</strong></span> <span class='ocrx_word' id='word_1_647' title='bbox 2828 3894 2888 3942; x_wconf 91' lang='lat' dir='ltr'><strong>ut</strong></span> <span class='ocrx_word' id='word_1_648' title='bbox 2925 3902 3049 3943; x_wconf 83' lang='lat' dir='ltr'><strong>sese</strong></span> <span class='ocrx_word' id='word_1_649' title='bbox 3079 3885 3317 3944; x_wconf 81' lang='lat' dir='ltr'><strong>oll‘erunt</strong></span> <span class='ocrx_word' id='word_1_650' title='bbox 3338 3897 3559 3939; x_wconf 88' lang='lat' dir='ltr'><strong>accom-</strong></span> 
     </span>
    </p>
   </div>
   <div class='ocr_carea' id='block_1_88' title="bbox 1983 3975 3593 4049">
    <p class='ocr_par' dir='ltr' id='par_1_88' title="bbox 1983 3975 3593 4049">
     <span class='ocr_line' id='line_1_88' title="bbox 1983 3975 3593 4049; baseline -0.001 -16"><span class='ocrx_word' id='word_1_651' title='bbox 1983 3979 2187 4035; x_wconf 90' lang='lat' dir='ltr'><strong>modet.</strong></span> <span class='ocrx_word' id='word_1_652' title='bbox 2214 3978 2310 4035; x_wconf 89' lang='lat' dir='ltr'><strong>Est</strong></span> <span class='ocrx_word' id='word_1_653' title='bbox 2340 3978 2612 4049; x_wconf 74' lang='lat' dir='ltr'><strong>quispiam</strong></span> <span class='ocrx_word' id='word_1_654' title='bbox 2653 3978 2918 4034; x_wconf 83' lang='lat' dir='ltr'><strong>obediens</strong></span> <span class='ocrx_word' id='word_1_655' title='bbox 2953 3986 3007 4035; x_wconf 85' lang='lat' dir='ltr'><strong>et</strong></span> <span class='ocrx_word' id='word_1_656' title='bbox 3040 3978 3109 4033; x_wconf 90' lang='lat' dir='ltr'><strong>ad</strong></span> <span class='ocrx_word' id='word_1_657' title='bbox 3158 3975 3558 4033; x_wconf 88' lang='lat' dir='ltr'><strong>instituendum</strong></span> <span class='ocrx_word' id='word_1_658' title='bbox 3588 4025 3593 4031; x_wconf 87' lang='lat'><strong>.</strong></span> 
     </span>
    </p>
   </div>
   <div class='ocr_carea' id='block_1_89' title="bbox 1983 4069 3568 4138">
    <p class='ocr_par' dir='ltr' id='par_1_89' title="bbox 1983 4069 3568 4138">
     <span class='ocr_line' id='line_1_89' title="bbox 1983 4069 3568 4138; baseline -0.003 -11"><span class='ocrx_word' id='word_1_659' title='bbox 1983 4073 2167 4127; x_wconf 88' lang='lat' dir='ltr'><strong>animo</strong></span> <span class='ocrx_word' id='word_1_660' title='bbox 2198 4071 2417 4125; x_wconf 79' lang='lat' dir='ltr'><strong>facilis?</strong></span> <span class='ocrx_word' id='word_1_661' title='bbox 2446 4071 2583 4126; x_wconf 85' lang='lat' dir='ltr'><strong>lluic</strong></span> <span class='ocrx_word' id='word_1_662' title='bbox 2610 4071 2748 4125; x_wconf 87' lang='lat' dir='ltr'><strong>lenis</strong></span> <span class='ocrx_word' id='word_1_663' title='bbox 2771 4078 2826 4125; x_wconf 91' lang='lat' dir='ltr'><strong>et</strong></span> <span class='ocrx_word' id='word_1_664' title='bbox 2870 4069 3019 4124; x_wconf 89' lang='lat' dir='ltr'><strong>mitis</strong></span> <span class='ocrx_word' id='word_1_665' title='bbox 3058 4070 3310 4138; x_wconf 83' lang='lat' dir='ltr'><strong>congruit</strong></span> <span class='ocrx_word' id='word_1_666' title='bbox 3358 4082 3568 4123; x_wconf 73' lang='lat' dir='ltr'><strong>sermo.</strong></span> 
     </span>
    </p>
   </div>
   <div class='ocr_carea' id='block_1_90' title="bbox 1984 4157 3566 4227">
    <p class='ocr_par' dir='ltr' id='par_1_90' title="bbox 1984 4157 3566 4227">
     <span class='ocr_line' id='line_1_90' title="bbox 1984 4157 3566 4227; baseline -0.004 -7"><span class='ocrx_word' id='word_1_667' title='bbox 1984 4167 2135 4223; x_wconf 80' lang='lat' dir='ltr'><strong>Alius</strong></span> <span class='ocrx_word' id='word_1_668' title='bbox 2173 4166 2345 4221; x_wconf 83' lang='lat' dir='ltr'><strong>durus</strong></span> <span class='ocrx_word' id='word_1_669' title='bbox 2393 4172 2450 4220; x_wconf 90' lang='lat' dir='ltr'><strong>et</strong></span> <span class='ocrx_word' id='word_1_670' title='bbox 2499 4163 2795 4220; x_wconf 78' lang='lat' dir='ltr'><strong>indocilis?</strong></span> <span class='ocrx_word' id='word_1_671' title='bbox 2856 4160 3188 4216; x_wconf 85' lang='lat' dir='ltr'><strong>Verberibus</strong></span> <span class='ocrx_word' id='word_1_672' title='bbox 3224 4167 3367 4227; x_wconf 80' lang='lat' dir='ltr'><strong>eget.</strong></span> <span class='ocrx_word' id='word_1_673' title='bbox 3422 4157 3566 4225; x_wconf 83' lang='lat' dir='ltr'><strong>Quid</strong></span> 
     </span>
    </p>
   </div>
   <div class='ocr_carea' id='block_1_91' title="bbox 1988 4251 3564 4331">
    <p class='ocr_par' dir='ltr' id='par_1_91' title="bbox 1988 4251 3564 4331">
     <span class='ocr_line' id='line_1_91' title="bbox 1988 4251 3564 4331; baseline -0.006 -17"><span class='ocrx_word' id='word_1_674' title='bbox 1988 4261 2154 4331; x_wconf 85' lang='lat' dir='ltr'><strong>igitur</strong></span> <span class='ocrx_word' id='word_1_675' title='bbox 2202 4258 2489 4324; x_wconf 85' lang='lat' dir='ltr'><strong>faciemus,</strong></span> <span class='ocrx_word' id='word_1_676' title='bbox 2544 4271 2670 4311; x_wconf 86' lang='lat' dir='ltr'><strong>cum</strong></span> <span class='ocrx_word' id='word_1_677' title='bbox 2730 4254 2899 4325; x_wconf 68' lang='lat' dir='ltr'><strong>virgae</strong></span> <span class='ocrx_word' id='word_1_678' title='bbox 2965 4267 3076 4307; x_wconf 88' lang='lat' dir='ltr'><strong>non</strong></span> <span class='ocrx_word' id='word_1_679' title='bbox 3136 4251 3564 4307; x_wconf 78' lang='lat' dir='ltr'><strong>conceduntur?</strong></span> 
     </span>
    </p>
   </div>
   <div class='ocr_carea' id='block_1_92' title="bbox 288 4342 1873 4436">
    <p class='ocr_par' dir='ltr' id='par_1_92' title="bbox 288 4342 1873 4436">
     <span class='ocr_line' id='line_1_92' title="bbox 288 4342 1873 4436; baseline -0.012 -19"><span class='ocrx_word' id='word_1_680' title='bbox 288 4342 749 4436; x_wconf 70' lang='grc' dir='ltr'>ταρρυθμίσομεν</span> <span class='ocrx_word' id='word_1_681' title='bbox 797 4357 878 4421; x_wconf 82' lang='grc' dir='ltr'><strong>είς</strong></span> <span class='ocrx_word' id='word_1_682' title='bbox 929 4355 1058 4411; x_wconf 81' lang='grc' dir='ltr'>ἄλλο</span> <span class='ocrx_word' id='word_1_683' title='bbox 1108 4354 1296 4425; x_wconf 81' lang='grc' dir='ltr'>σχῆμα</span> <span class='ocrx_word' id='word_1_684' title='bbox 1349 4349 1684 4421; x_wconf 77' lang='grc' dir='ltr'>ὑποκειμένῃ</span> <span class='ocrx_word' id='word_1_685' title='bbox 1729 4347 1873 4419; x_wconf 67' lang='grc' dir='ltr'>χρείᾳ</span> 
     </span>
    </p>
   </div>
   <div class='ocr_carea' id='block_1_93' title="bbox 1978 4342 3567 4436">
    <p class='ocr_par' dir='ltr' id='par_1_93' title="bbox 1995 4342 3567 4417">
     <span class='ocr_line' id='line_1_93' title="bbox 1995 4342 3567 4417; baseline -0.006 -12"><span class='ocrx_word' id='word_1_686' title='bbox 1995 4352 2203 4407; x_wconf 82' lang='lat' dir='ltr'><strong>Eumne</strong></span> <span class='ocrx_word' id='word_1_687' title='bbox 2229 4350 2377 4406; x_wconf 87' lang='lat' dir='ltr'><strong>nulla</strong></span> <span class='ocrx_word' id='word_1_688' title='bbox 2405 4365 2562 4413; x_wconf 88' lang='lat' dir='ltr'><strong>cura,</strong></span> <span class='ocrx_word' id='word_1_689' title='bbox 2613 4347 2759 4402; x_wconf 91' lang='lat' dir='ltr'><strong>nulla</strong></span> <span class='ocrx_word' id='word_1_690' title='bbox 2790 4344 3132 4417; x_wconf 84' lang='lat' dir='ltr'><strong>providentia</strong></span> <span class='ocrx_word' id='word_1_691' title='bbox 3163 4343 3516 4414; x_wconf 87' lang='lat' dir='ltr'><strong>dignabimur</strong></span> <span class='ocrx_word' id='word_1_692' title='bbox 3542 4342 3567 4396; x_wconf 68' lang='grc' dir='ltr'>ἵ</span> 
     </span>
    </p>
   </div>
   <div class='ocr_carea' id='block_1_94' title="bbox 288 4439 1888 4523">
    <p class='ocr_par' dir='ltr' id='par_1_94' title="bbox 288 4439 1888 4523">
     <span class='ocr_line' id='line_1_94' title="bbox 288 4439 1888 4523; baseline -0.011 -14"><span class='ocrx_word' id='word_1_693' title='bbox 288 4454 670 4523; x_wconf 59' lang='grc' dir='ltr'>κατάλληλον</span> <span class='ocrx_word' id='word_1_694' title='bbox 699 4450 793 4504; x_wconf 75' lang='grc' dir='ltr'>καὶ</span> <span class='ocrx_word' id='word_1_695' title='bbox 815 4449 1006 4520; x_wconf 78' lang='grc' dir='ltr'>ὥσπερ</span> <span class='ocrx_word' id='word_1_696' title='bbox 1032 4447 1103 4501; x_wconf 84' lang='grc' dir='ltr'>τὰ</span> <span class='ocrx_word' id='word_1_697' title='bbox 1129 4446 1239 4516; x_wconf 68' lang='grc' dir='ltr'>ὄψα</span> <span class='ocrx_word' id='word_1_698' title='bbox 1277 4446 1344 4516; x_wconf 78' lang='grc' dir='ltr'>τῇ</span> <span class='ocrx_word' id='word_1_699' title='bbox 1389 4442 1560 4515; x_wconf 80' lang='grc' dir='ltr'>μικρᾷ</span> <span class='ocrx_word' id='word_1_700' title='bbox 1595 4439 1888 4513; x_wconf 85' lang='grc' dir='ltr'>προσθέσει</span> 
     </span>
    </p>
   </div>
   <div class='ocr_carea' id='block_1_95' title="bbox 286 4531 1886 4614">
    <p class='ocr_par' dir='ltr' id='par_1_95' title="bbox 286 4531 1886 4614">
     <span class='ocr_line' id='line_1_95' title="bbox 286 4531 1886 4614; baseline -0.009 -17"><span class='ocrx_word' id='word_1_701' title='bbox 286 4546 407 4597; x_wconf 73' lang='grc' dir='ltr'>τῶν</span> <span class='ocrx_word' id='word_1_702' title='bbox 440 4541 774 4614; x_wconf 75' lang='grc' dir='ltr'>ἀρτυμάτων</span> <span class='ocrx_word' id='word_1_703' title='bbox 818 4539 956 4612; x_wconf 82' lang='grc' dir='ltr'>πρὸς</span> <span class='ocrx_word' id='word_1_704' title='bbox 994 4537 1094 4601; x_wconf 85' lang='grc' dir='ltr'><strong>τὰς</strong></span> <span class='ocrx_word' id='word_1_705' title='bbox 1140 4535 1388 4610; x_wconf 47' lang='grc' dir='ltr'>ἐναντίας</span> <span class='ocrx_word' id='word_1_706' title='bbox 1436 4532 1727 4603; x_wconf 82' lang='grc' dir='ltr'>ποιότητας</span> <span class='ocrx_word' id='word_1_707' title='bbox 1772 4531 1886 4584; x_wconf 84' lang='grc' dir='ltr'>δια-</span> 
     </span>
    </p>
   </div>
   <div class='ocr_carea' id='block_1_96' title="bbox 290 4623 1889 4708">
    <p class='ocr_par' dir='ltr' id='par_1_96' title="bbox 290 4623 1889 4708">
     <span class='ocr_line' id='line_1_96' title="bbox 290 4623 1889 4708; baseline -0.008 -18"><span class='ocrx_word' id='word_1_708' title='bbox 290 4636 589 4708; x_wconf 74' lang='grc' dir='ltr'>μείϐεται,</span> <span class='ocrx_word' id='word_1_709' title='bbox 615 4634 725 4689; x_wconf 72' lang='grc' dir='ltr'><strong>ἀπὸ</strong></span> <span class='ocrx_word' id='word_1_710' title='bbox 761 4632 859 4688; x_wconf 85' lang='grc' dir='ltr'><strong>τοῦ</strong></span> <span class='ocrx_word' id='word_1_711' title='bbox 904 4631 1195 4700; x_wconf 80' lang='grc' dir='ltr'>στῦφοντος</span> <span class='ocrx_word' id='word_1_712' title='bbox 1223 4631 1303 4693; x_wconf 83' lang='grc' dir='ltr'><strong>είς</strong></span> <span class='ocrx_word' id='word_1_713' title='bbox 1335 4627 1399 4680; x_wconf 82' lang='grc' dir='ltr'>τὸ</span> <span class='ocrx_word' id='word_1_714' title='bbox 1427 4625 1621 4695; x_wconf 82' lang='grc' dir='ltr'>γλυκὺ,</span> <span class='ocrx_word' id='word_1_715' title='bbox 1654 4623 1748 4678; x_wconf 75' lang='grc' dir='ltr'>καὶ</span> <span class='ocrx_word' id='word_1_716' title='bbox 1781 4623 1889 4677; x_wconf 78' lang='grc' dir='ltr'>ἀπὸ</span> 
     </span>
    </p>
   </div>
   <div class='ocr_carea' id='block_1_97' title="bbox 282 4715 1888 4797">
    <p class='ocr_par' dir='ltr' id='par_1_97' title="bbox 282 4715 1888 4797">
     <span class='ocr_line' id='line_1_97' title="bbox 282 4715 1888 4797; baseline -0.009 -14"><span class='ocrx_word' id='word_1_717' title='bbox 282 4728 393 4783; x_wconf 76' lang='grc' dir='ltr'><strong>τοῦ</strong></span> <span class='ocrx_word' id='word_1_718' title='bbox 418 4726 652 4797; x_wconf 81' lang='grc' dir='ltr'>γλυκέος</span> <span class='ocrx_word' id='word_1_719' title='bbox 675 4727 756 4789; x_wconf 72' lang='grc' dir='ltr'><strong>εἰς</strong></span> <span class='ocrx_word' id='word_1_720' title='bbox 779 4724 841 4779; x_wconf 78' lang='grc' dir='ltr'>τὸ</span> <span class='ocrx_word' id='word_1_721' title='bbox 865 4723 1067 4793; x_wconf 77' lang='grc' dir='ltr'>στῦφον</span> <span class='ocrx_word' id='word_1_722' title='bbox 1099 4718 1542 4793; x_wconf 78' lang='grc' dir='ltr'>μεταϐαλλόμενα</span> <span class='ocrx_word' id='word_1_723' title='bbox 1557 4733 1569 4748; x_wconf 88' lang='grc'><strong>·</strong></span> <span class='ocrx_word' id='word_1_724' title='bbox 1600 4715 1774 4779; x_wconf 71' lang='grc' dir='ltr'>οὕτως</span> <span class='ocrx_word' id='word_1_725' title='bbox 1796 4716 1888 4770; x_wconf 79' lang='grc' dir='ltr'>καὶ</span> 
     </span>
    </p>
   </div>
   <div class='ocr_carea' id='block_1_98' title="bbox 278 4808 1889 4890">
    <p class='ocr_par' dir='ltr' id='par_1_98' title="bbox 278 4808 1889 4890">
     <span class='ocr_line' id='line_1_98' title="bbox 278 4808 1889 4890; baseline -0.007 -18"><span class='ocrx_word' id='word_1_726' title='bbox 278 4820 323 4872; x_wconf 76' lang='grc' dir='ltr'><strong><em>ὁ</em></strong></span> <span class='ocrx_word' id='word_1_727' title='bbox 363 4819 635 4890; x_wconf 71' lang='grc' dir='ltr'>ἡμέτερος</span> <span class='ocrx_word' id='word_1_728' title='bbox 666 4816 823 4885; x_wconf 87' lang='grc' dir='ltr'>λόγος</span> <span class='ocrx_word' id='word_1_729' title='bbox 850 4817 916 4886; x_wconf 80' lang='grc' dir='ltr'>τῇ</span> <span class='ocrx_word' id='word_1_730' title='bbox 953 4813 1239 4885; x_wconf 84' lang='grc' dir='ltr'>προσθήκῃ</span> <span class='ocrx_word' id='word_1_731' title='bbox 1272 4811 1382 4866; x_wconf 82' lang='grc' dir='ltr'><strong>τῶν</strong></span> <span class='ocrx_word' id='word_1_732' title='bbox 1425 4809 1723 4882; x_wconf 80' lang='grc' dir='ltr'>σχημάτων</span> <span class='ocrx_word' id='word_1_733' title='bbox 1752 4808 1889 4879; x_wconf 78' lang='grc' dir='ltr'>πρὸς</span> 
     </span>
    </p>
   </div>
   <div class='ocr_carea' id='block_1_99' title="bbox 274 4900 1890 4982">
    <p class='ocr_par' dir='ltr' id='par_1_99' title="bbox 274 4900 1890 4982">
     <span class='ocr_line' id='line_1_99' title="bbox 274 4900 1890 4982; baseline -0.009 -16"><span class='ocrx_word' id='word_1_734' title='bbox 274 4911 597 4982; x_wconf 48' lang='grc' dir='ltr'>διατόρους</span> <span class='ocrx_word' id='word_1_735' title='bbox 620 4908 808 4981; x_wconf 86' lang='grc' dir='ltr'>χρείας</span> <span class='ocrx_word' id='word_1_736' title='bbox 834 4902 1258 4978; x_wconf 86' lang='grc' dir='ltr'>μετατυποῦται,</span> <span class='ocrx_word' id='word_1_737' title='bbox 1286 4901 1351 4956; x_wconf 72' lang='grc' dir='ltr'><strong>ἵν’</strong></span> <span class='ocrx_word' id='word_1_738' title='bbox 1374 4901 1633 4974; x_wconf 84' lang='grc' dir='ltr'>ἐπινοηθῇ</span> <span class='ocrx_word' id='word_1_739' title='bbox 1659 4900 1890 4955; x_wconf 73' lang='grc' dir='ltr'>ἑκάστου</span> 
     </span>
    </p>
   </div>
   <div class='ocr_carea' id='block_1_100' title="bbox 268 5003 674 5073">
    <p class='ocr_par' dir='ltr' id='par_1_100' title="bbox 268 5003 674 5073">
     <span class='ocr_line' id='line_1_100' title="bbox 268 5003 674 5073; baseline -0.01 -16"><span class='ocrx_word' id='word_1_740' title='bbox 268 5003 365 5057; x_wconf 77' lang='grc' dir='ltr'><strong>τὺ</strong></span> <span class='ocrx_word' id='word_1_741' title='bbox 385 5005 674 5073; x_wconf 66' lang='grc' dir='ltr'>τρόφιμον.</span> 
     </span>
    </p>
   </div>
   <div class='ocr_carea' id='block_1_101' title="bbox 364 5179 1892 5256">
    <p class='ocr_par' dir='ltr' id='par_1_101' title="bbox 364 5179 1892 5256">
     <span class='ocr_line' id='line_1_101' title="bbox 364 5179 1892 5256; baseline -0.007 -16"><span class='ocrx_word' id='word_1_742' title='bbox 364 5184 470 5256; x_wconf 71' lang='grc' dir='ltr'><strong>Μὴ</strong></span> <span class='ocrx_word' id='word_1_743' title='bbox 497 5179 594 5238; x_wconf 70' lang='grc' dir='ltr'>οὖν</span> <span class='ocrx_word' id='word_1_744' title='bbox 613 5184 673 5237; x_wconf 88' lang='grc' dir='ltr'><strong>ἐν</strong></span> <span class='ocrx_word' id='word_1_745' title='bbox 693 5184 810 5247; x_wconf 84' lang='grc' dir='ltr'>ταῖς</span> <span class='ocrx_word' id='word_1_746' title='bbox 837 5182 1065 5251; x_wconf 87' lang='grc' dir='ltr'>γωνίαις</span> <span class='ocrx_word' id='word_1_747' title='bbox 1094 5197 1199 5253; x_wconf 84' lang='grc' dir='ltr'><strong>μου</strong></span> <span class='ocrx_word' id='word_1_748' title='bbox 1222 5179 1539 5244; x_wconf 74' lang='grc' dir='ltr'>κιταλάλει,</span> <span class='ocrx_word' id='word_1_749' title='bbox 1573 5180 1746 5251; x_wconf 75' lang='grc' dir='ltr'>τραχὺ</span> <span class='ocrx_word' id='word_1_750' title='bbox 1776 5179 1892 5231; x_wconf 80' lang='grc' dir='ltr'>ὀνο-</span> 
     </span>
    </p>
   </div>
   <div class='ocr_carea' id='block_1_102' title="bbox 258 5271 1892 5356">
    <p class='ocr_par' dir='ltr' id='par_1_102' title="bbox 258 5271 1892 5356">
     <span class='ocr_line' id='line_1_102' title="bbox 258 5271 1892 5356; baseline -0.005 -23"><span class='ocrx_word' id='word_1_751' title='bbox 258 5278 499 5356; x_wconf 58' lang='grc' dir='ltr'>μάζων</span> <span class='ocrx_word' id='word_1_752' title='bbox 539 5277 602 5331; x_wconf 78' lang='grc' dir='ltr'>τὸ</span> <span class='ocrx_word' id='word_1_753' title='bbox 639 5275 1049 5339; x_wconf 81' lang='grc' dir='ltr'>διδασκαλικὸν,</span> <span class='ocrx_word' id='word_1_754' title='bbox 1098 5274 1234 5346; x_wconf 75' lang='grc' dir='ltr'><strong>μηδέ</strong></span> <span class='ocrx_word' id='word_1_755' title='bbox 1280 5272 1407 5337; x_wconf 74' lang='grc' dir='ltr'>τοὺς</span> <span class='ocrx_word' id='word_1_756' title='bbox 1450 5272 1740 5336; x_wconf 74' lang='grc' dir='ltr'>κοινωνοὺς</span> <span class='ocrx_word' id='word_1_757' title='bbox 1783 5271 1892 5325; x_wconf 84' lang='grc' dir='ltr'><strong>τῶν</strong></span> 
     </span>
    </p>
   </div>
   <div class='ocr_carea' id='block_1_103' title="bbox 252 5362 1893 5441">
    <p class='ocr_par' dir='ltr' id='par_1_103' title="bbox 252 5362 1893 5441">
     <span class='ocr_line' id='line_1_103' title="bbox 252 5362 1893 5441; baseline -0.004 -19"><span class='ocrx_word' id='word_1_758' title='bbox 252 5368 727 5441; x_wconf 68' lang='grc' dir='ltr'>ἁμαρτημάτων</span> <span class='ocrx_word' id='word_1_759' title='bbox 761 5365 1049 5429; x_wconf 67' lang='grc' dir='ltr'>κοινωνοὺς</span> <span class='ocrx_word' id='word_1_760' title='bbox 1088 5363 1197 5418; x_wconf 86' lang='grc' dir='ltr'>τῶν</span> <span class='ocrx_word' id='word_1_761' title='bbox 1225 5363 1347 5419; x_wconf 84' lang='grc' dir='ltr'>κατ’</span> <span class='ocrx_word' id='word_1_762' title='bbox 1395 5362 1531 5433; x_wconf 89' lang='grc' dir='ltr'>ἐμοῦ</span> <span class='ocrx_word' id='word_1_763' title='bbox 1572 5362 1893 5434; x_wconf 78' lang='grc' dir='ltr'>ποιούμενος</span> 
     </span>
    </p>
   </div>
   <div class='ocr_carea' id='block_1_104' title="bbox 254 5455 1896 5539">
    <p class='ocr_par' dir='ltr' id='par_1_104' title="bbox 254 5455 1896 5539">
     <span class='ocr_line' id='line_1_104' title="bbox 254 5455 1896 5539; baseline -0.004 -24"><span class='ocrx_word' id='word_1_764' title='bbox 254 5460 611 5539; x_wconf 64' lang='grc' dir='ltr'>μέμψεων,</span> <span class='ocrx_word' id='word_1_765' title='bbox 644 5457 850 5531; x_wconf 65' lang='grc' dir='ltr'>καθέξει</span> <span class='ocrx_word' id='word_1_766' title='bbox 890 5458 1093 5530; x_wconf 83' lang='grc' dir='ltr'>κρίνων</span> <span class='ocrx_word' id='word_1_767' title='bbox 1136 5458 1436 5513; x_wconf 85' lang='grc' dir='ltr'>ἐπίσκοπον</span> <span class='ocrx_word' id='word_1_768' title='bbox 1470 5456 1608 5527; x_wconf 80' lang='grc' dir='ltr'>μετὰ</span> <span class='ocrx_word' id='word_1_769' title='bbox 1642 5455 1735 5511; x_wconf 85' lang='grc' dir='ltr'><strong>τοῦ</strong></span> <span class='ocrx_word' id='word_1_770' title='bbox 1770 5473 1896 5510; x_wconf 69' lang='grc' dir='ltr'>συν-ο</span> 
     </span>
    </p>
   </div>
   <div class='ocr_carea' id='block_1_105' title="bbox 362 5637 1436 5704">
    <p class='ocr_par' dir='ltr' id='par_1_105' title="bbox 362 5637 1436 5704">
     <span class='ocr_line' id='line_1_105' title="bbox 362 5637 1436 5704; baseline 0 -9"><span class='ocrx_word' id='word_1_771' title='bbox 362 5641 393 5675; x_wconf 82' lang='grc'><em>³</em></span> <span class='ocrx_word' id='word_1_772' title='bbox 424 5637 576 5695; x_wconf 85' lang='lat' dir='ltr'><strong>Psal.</strong></span> <span class='ocrx_word' id='word_1_773' title='bbox 613 5640 837 5699; x_wconf 76' lang='lat' dir='ltr'><strong>xxxl.9.</strong></span> <span class='ocrx_word' id='word_1_774' title='bbox 918 5642 936 5675; x_wconf 71' lang='grc' dir='ltr'>δ</span> <span class='ocrx_word' id='word_1_775' title='bbox 963 5640 1102 5700; x_wconf 76' lang='lat' dir='ltr'><strong>l‘sal.</strong></span> <span class='ocrx_word' id='word_1_776' title='bbox 1130 5657 1322 5704; x_wconf 80' lang='lat' dir='ltr'><strong>cxvnl.</strong></span> <span class='ocrx_word' id='word_1_777' title='bbox 1344 5637 1436 5695; x_wconf 86' lang='lat'><strong>7|.</strong></span> 
     </span>
    </p>
   </div>
   <div class='ocr_carea' id='block_1_106' title="bbox 1983 4438 3573 4502">
    <p class='ocr_par' dir='ltr' id='par_1_106' title="bbox 1983 4438 3573 4502">
     <span class='ocr_line' id='line_1_106' title="bbox 1983 4438 3573 4502; baseline -0.006 0"><span class='ocrx_word' id='word_1_778' title='bbox 1983 4445 2104 4502; x_wconf 84' lang='lat' dir='ltr'><strong>Non</strong></span> <span class='ocrx_word' id='word_1_779' title='bbox 2147 4446 2222 4500; x_wconf 88' lang='lat' dir='ltr'><strong>ita</strong></span> <span class='ocrx_word' id='word_1_780' title='bbox 2251 4460 2403 4501; x_wconf 89' lang='lat' dir='ltr'><strong>sane.</strong></span> <span class='ocrx_word' id='word_1_781' title='bbox 2434 4442 2542 4498; x_wconf 89' lang='lat' dir='ltr'><strong>Sed</strong></span> <span class='ocrx_word' id='word_1_782' title='bbox 2572 4456 2695 4497; x_wconf 89' lang='lat' dir='ltr'><strong>cum</strong></span> <span class='ocrx_word' id='word_1_783' title='bbox 2725 4440 2910 4496; x_wconf 82' lang='lat' dir='ltr'><strong>verbis</strong></span> <span class='ocrx_word' id='word_1_784' title='bbox 2951 4438 3019 4494; x_wconf 86' lang='lat' dir='ltr'><strong>ad</strong></span> <span class='ocrx_word' id='word_1_785' title='bbox 3059 4438 3222 4493; x_wconf 88' lang='lat' dir='ltr'><strong>aliam</strong></span> <span class='ocrx_word' id='word_1_786' title='bbox 3255 4451 3573 4494; x_wconf 62' lang='lat' dir='ltr'><strong>accommov</strong></span> 
     </span>
    </p>
   </div>
   <div class='ocr_carea' id='block_1_107' title="bbox 1984 4529 3557 4605">
    <p class='ocr_par' dir='ltr' id='par_1_107' title="bbox 1984 4529 3557 4605">
     <span class='ocr_line' id='line_1_107' title="bbox 1984 4529 3557 4605; baseline -0.006 -11"><span class='ocrx_word' id='word_1_787' title='bbox 1984 4539 2108 4594; x_wconf 90' lang='lat' dir='ltr'><strong>dam</strong></span> <span class='ocrx_word' id='word_1_788' title='bbox 2140 4538 2215 4593; x_wconf 87' lang='lat' dir='ltr'><strong>rei</strong></span> <span class='ocrx_word' id='word_1_789' title='bbox 2265 4535 2529 4605; x_wconf 77' lang='lat' dir='ltr'><strong>subjecta:</strong></span> <span class='ocrx_word' id='word_1_790' title='bbox 2553 4534 2784 4589; x_wconf 80' lang='lat' dir='ltr'><strong>formam</strong></span> <span class='ocrx_word' id='word_1_791' title='bbox 2847 4532 3126 4602; x_wconf 69' lang='lat' dir='ltr'><strong>concinne</strong></span> <span class='ocrx_word' id='word_1_792' title='bbox 3167 4529 3557 4584; x_wconf 77' lang='lat' dir='ltr'><strong>traducamus:</strong></span> 
     </span>
    </p>
   </div>
   <div class='ocr_carea' id='block_1_108' title="bbox 1984 4620 3564 4699">
    <p class='ocr_par' dir='ltr' id='par_1_108' title="bbox 1984 4620 3564 4699">
     <span class='ocr_line' id='line_1_108' title="bbox 1984 4620 3564 4699; baseline -0.008 -15"><span class='ocrx_word' id='word_1_793' title='bbox 1984 4645 2047 4684; x_wconf 88' lang='lat' dir='ltr'><strong>ac</strong></span> <span class='ocrx_word' id='word_1_794' title='bbox 2074 4627 2536 4699; x_wconf 87' lang='lat' dir='ltr'><strong>quemadmodum</strong></span> <span class='ocrx_word' id='word_1_795' title='bbox 2561 4626 2793 4696; x_wconf 84' lang='lat' dir='ltr'><strong>opsonia</strong></span> <span class='ocrx_word' id='word_1_796' title='bbox 2814 4623 3288 4679; x_wconf 89' lang='lat' dir='ltr'><strong>condimentorum</strong></span> <span class='ocrx_word' id='word_1_797' title='bbox 3306 4662 3321 4686; x_wconf 92' lang='lat'><strong>,</strong></span> <span class='ocrx_word' id='word_1_798' title='bbox 3362 4620 3564 4689; x_wconf 78' lang='lat' dir='ltr'><strong>exiguo</strong></span> 
     </span>
    </p>
   </div>
   <div class='ocr_carea' id='block_1_109' title="bbox 1984 4715 3565 4784">
    <p class='ocr_par' dir='ltr' id='par_1_109' title="bbox 1984 4715 3565 4784">
     <span class='ocr_line' id='line_1_109' title="bbox 1984 4715 3565 4784; baseline -0.009 -7"><span class='ocrx_word' id='word_1_799' title='bbox 1984 4724 2358 4778; x_wconf 83' lang='lat' dir='ltr'><strong>additamenta</strong></span> <span class='ocrx_word' id='word_1_800' title='bbox 2386 4721 2455 4776; x_wconf 87' lang='lat' dir='ltr'><strong>ad</strong></span> <span class='ocrx_word' id='word_1_801' title='bbox 2486 4716 2793 4775; x_wconf 86' lang='lat' dir='ltr'><strong>contrarias</strong></span> <span class='ocrx_word' id='word_1_802' title='bbox 2821 4715 3114 4784; x_wconf 86' lang='lat' dir='ltr'><strong>qualitates</strong></span> <span class='ocrx_word' id='word_1_803' title='bbox 3159 4717 3565 4781; x_wconf 86' lang='lat' dir='ltr'><strong>permutantur,</strong></span> 
     </span>
    </p>
   </div>
   <div class='ocr_carea' id='block_1_110' title="bbox 1993 4803 3569 4876">
    <p class='ocr_par' dir='ltr' id='par_1_110' title="bbox 1993 4803 3569 4876">
     <span class='ocr_line' id='line_1_110' title="bbox 1993 4803 3569 4876; baseline -0.01 -5"><span class='ocrx_word' id='word_1_804' title='bbox 1993 4831 2059 4871; x_wconf 82' lang='lat' dir='ltr'><strong>ex</strong></span> <span class='ocrx_word' id='word_1_805' title='bbox 2091 4815 2203 4869; x_wconf 89' lang='lat' dir='ltr'><strong>acri</strong></span> <span class='ocrx_word' id='word_1_806' title='bbox 2234 4814 2287 4869; x_wconf 94' lang='lat' dir='ltr'><strong>in</strong></span> <span class='ocrx_word' id='word_1_807' title='bbox 2319 4812 2499 4876; x_wconf 82' lang='lat' dir='ltr'><strong>dulce,</strong></span> <span class='ocrx_word' id='word_1_808' title='bbox 2528 4819 2583 4866; x_wconf 92' lang='lat' dir='ltr'><strong>et</strong></span> <span class='ocrx_word' id='word_1_809' title='bbox 2611 4825 2678 4865; x_wconf 75' lang='lat' dir='ltr'><strong>ex</strong></span> <span class='ocrx_word' id='word_1_810' title='bbox 2707 4807 2857 4862; x_wconf 89' lang='lat' dir='ltr'><strong>dulci</strong></span> <span class='ocrx_word' id='word_1_811' title='bbox 2889 4806 2942 4860; x_wconf 93' lang='lat' dir='ltr'><strong>in</strong></span> <span class='ocrx_word' id='word_1_812' title='bbox 2972 4818 3099 4859; x_wconf 89' lang='lat' dir='ltr'><strong>acre</strong></span> <span class='ocrx_word' id='word_1_813' title='bbox 3135 4817 3403 4858; x_wconf 80' lang='lat' dir='ltr'><strong>conversa</strong></span> <span class='ocrx_word' id='word_1_814' title='bbox 3434 4820 3447 4857; x_wconf 92' lang='lat'><strong>:</strong></span> <span class='ocrx_word' id='word_1_815' title='bbox 3495 4803 3569 4857; x_wconf 89' lang='lat' dir='ltr'><strong>ita</strong></span> 
     </span>
    </p>
   </div>
   <div class='ocr_carea' id='block_1_111' title="bbox 1939 4893 3573 4979">
    <p class='ocr_par' dir='ltr' id='par_1_111' title="bbox 1939 4893 3573 4979">
     <span class='ocr_line' id='line_1_111' title="bbox 1939 4893 3573 4979; baseline -0.007 -18"><span class='ocrx_word' id='word_1_816' title='bbox 1939 4966 1953 4979; x_wconf 35' lang='lat' dir='ltr'><strong><em>O</em></strong></span> <span class='ocrx_word' id='word_1_817' title='bbox 1994 4915 2049 4961; x_wconf 89' lang='lat' dir='ltr'><strong>et</strong></span> <span class='ocrx_word' id='word_1_818' title='bbox 2099 4916 2286 4962; x_wconf 89' lang='lat' dir='ltr'><strong>noster</strong></span> <span class='ocrx_word' id='word_1_819' title='bbox 2341 4918 2528 4961; x_wconf 90' lang='lat' dir='ltr'><strong>sermo</strong></span> <span class='ocrx_word' id='word_1_820' title='bbox 2583 4903 2881 4973; x_wconf 83' lang='lat' dir='ltr'><strong>ligurarum</strong></span> <span class='ocrx_word' id='word_1_821' title='bbox 2929 4893 3236 4965; x_wconf 74' lang='lat' dir='ltr'><strong>adiectione</strong></span> <span class='ocrx_word' id='word_1_822' title='bbox 3277 4894 3344 4950; x_wconf 88' lang='lat' dir='ltr'><strong>ad</strong></span> <span class='ocrx_word' id='word_1_823' title='bbox 3390 4895 3573 4951; x_wconf 83' lang='lat' dir='ltr'><strong>varios</strong></span> 
     </span>
    </p>
   </div>
   <div class='ocr_carea' id='block_1_112' title="bbox 1999 4984 3574 5059">
    <p class='ocr_par' dir='ltr' id='par_1_112' title="bbox 1999 4984 3574 5059">
     <span class='ocr_line' id='line_1_112' title="bbox 1999 4984 3574 5059; baseline -0.011 -4"><span class='ocrx_word' id='word_1_824' title='bbox 1999 5014 2134 5057; x_wconf 85' lang='lat' dir='ltr'><strong>usus</strong></span> <span class='ocrx_word' id='word_1_825' title='bbox 2164 4994 2612 5059; x_wconf 77' lang='lat' dir='ltr'><strong>translormatur,</strong></span> <span class='ocrx_word' id='word_1_826' title='bbox 2667 4998 2729 5046; x_wconf 92' lang='lat' dir='ltr'><strong>ut</strong></span> <span class='ocrx_word' id='word_1_827' title='bbox 2770 4986 2918 5059; x_wconf 87' lang='lat' dir='ltr'><strong>quod</strong></span> <span class='ocrx_word' id='word_1_828' title='bbox 2951 4984 3224 5056; x_wconf 86' lang='lat' dir='ltr'><strong>cujusque</strong></span> <span class='ocrx_word' id='word_1_829' title='bbox 3260 4984 3574 5041; x_wconf 87' lang='lat' dir='ltr'><strong>educationi</strong></span> 
     </span>
    </p>
   </div>
   <div class='ocr_carea' id='block_1_113' title="bbox 1997 5086 2645 5161">
    <p class='ocr_par' dir='ltr' id='par_1_113' title="bbox 1997 5086 2645 5161">
     <span class='ocr_line' id='line_1_113' title="bbox 1997 5086 2645 5161; baseline -0.014 -13"><span class='ocrx_word' id='word_1_830' title='bbox 1997 5090 2251 5161; x_wconf 78' lang='lat' dir='ltr'><strong>congruit</strong></span> <span class='ocrx_word' id='word_1_831' title='bbox 2287 5086 2645 5157; x_wconf 77' lang='lat' dir='ltr'><strong>intelligatur.</strong></span> 
     </span>
    </p>
   </div>
   <div class='ocr_carea' id='block_1_114' title="bbox 2069 5163 3574 5251">
    <p class='ocr_par' dir='ltr' id='par_1_114' title="bbox 2069 5163 3574 5251">
     <span class='ocr_line' id='line_1_114' title="bbox 2069 5163 3574 5251; baseline -0.013 -14"><span class='ocrx_word' id='word_1_832' title='bbox 2069 5181 2149 5236; x_wconf 84' lang='lat' dir='ltr'><strong>Ne</strong></span> <span class='ocrx_word' id='word_1_833' title='bbox 2183 5181 2348 5251; x_wconf 90' lang='lat' dir='ltr'><strong>igitur</strong></span> <span class='ocrx_word' id='word_1_834' title='bbox 2377 5179 2433 5232; x_wconf 92' lang='lat' dir='ltr'><strong>in</strong></span> <span class='ocrx_word' id='word_1_835' title='bbox 2465 5174 2680 5246; x_wconf 82' lang='lat' dir='ltr'><strong>angulis</strong></span> <span class='ocrx_word' id='word_1_836' title='bbox 2707 5172 2776 5228; x_wconf 89' lang='lat' dir='ltr'><strong>de</strong></span> <span class='ocrx_word' id='word_1_837' title='bbox 2809 5184 2896 5226; x_wconf 87' lang='lat' dir='ltr'><strong>me</strong></span> <span class='ocrx_word' id='word_1_838' title='bbox 2936 5163 3276 5238; x_wconf 85' lang='lat' dir='ltr'><strong>obloquaris,</strong></span> <span class='ocrx_word' id='word_1_839' title='bbox 3319 5182 3574 5238; x_wconf 87' lang='lat' dir='ltr'><strong>asperum</strong></span> 
     </span>
    </p>
   </div>
   <div class='ocr_carea' id='block_1_115' title="bbox 2000 5258 3575 5337">
    <p class='ocr_par' dir='ltr' id='par_1_115' title="bbox 2000 5258 3575 5337">
     <span class='ocr_line' id='line_1_115' title="bbox 2000 5258 3575 5337; baseline -0.013 -7"><span class='ocrx_word' id='word_1_840' title='bbox 2000 5274 2297 5330; x_wconf 89' lang='lat' dir='ltr'><strong>nominans</strong></span> <span class='ocrx_word' id='word_1_841' title='bbox 2326 5258 2560 5327; x_wconf 79' lang='lat' dir='ltr'><strong>docendi</strong></span> <span class='ocrx_word' id='word_1_842' title='bbox 2587 5280 2784 5337; x_wconf 86' lang='lat' dir='ltr'><strong>genus,</strong></span> <span class='ocrx_word' id='word_1_843' title='bbox 2821 5276 2999 5333; x_wconf 86' lang='lat' dir='ltr'><strong>neque</strong></span> <span class='ocrx_word' id='word_1_844' title='bbox 3032 5275 3154 5315; x_wconf 90' lang='lat' dir='ltr'><strong>cum</strong></span> <span class='ocrx_word' id='word_1_845' title='bbox 3188 5266 3406 5314; x_wconf 89' lang='lat' dir='ltr'><strong>tuorum</strong></span> <span class='ocrx_word' id='word_1_846' title='bbox 3452 5272 3575 5315; x_wconf 86' lang='lat' dir='ltr'><strong>sce-</strong></span> 
     </span>
    </p>
   </div>
   <div class='ocr_carea' id='block_1_116' title="bbox 1998 5350 3579 5435">
    <p class='ocr_par' dir='ltr' id='par_1_116' title="bbox 1998 5350 3579 5435">
     <span class='ocr_line' id='line_1_116' title="bbox 1998 5350 3579 5435; baseline -0.011 -12"><span class='ocrx_word' id='word_1_847' title='bbox 1998 5368 2172 5422; x_wconf 90' lang='lat' dir='ltr'><strong>lerum</strong></span> <span class='ocrx_word' id='word_1_848' title='bbox 2204 5362 2571 5435; x_wconf 89' lang='lat' dir='ltr'><strong>participibus</strong></span> <span class='ocrx_word' id='word_1_849' title='bbox 2597 5368 2921 5414; x_wconf 88' lang='lat' dir='ltr'><strong>communes</strong></span> <span class='ocrx_word' id='word_1_850' title='bbox 2956 5352 3062 5407; x_wconf 88' lang='lat' dir='ltr'><strong>mei</strong></span> <span class='ocrx_word' id='word_1_851' title='bbox 3122 5350 3579 5422; x_wconf 81' lang='lat' dir='ltr'><strong>reprehensiones</strong></span> 
     </span>
    </p>
   </div>
   <div class='ocr_carea' id='block_1_117' title="bbox 2004 5442 3579 5524">
    <p class='ocr_par' dir='ltr' id='par_1_117' title="bbox 2004 5442 3579 5524">
     <span class='ocr_line' id='line_1_117' title="bbox 2004 5442 3579 5524; baseline -0.01 -11"><span class='ocrx_word' id='word_1_852' title='bbox 2004 5458 2231 5524; x_wconf 80' lang='lat' dir='ltr'><strong>faciens,</strong></span> <span class='ocrx_word' id='word_1_853' title='bbox 2259 5455 2506 5515; x_wconf 86' lang='lat' dir='ltr'><strong>assideas</strong></span> <span class='ocrx_word' id='word_1_854' title='bbox 2536 5451 2858 5524; x_wconf 86' lang='lat' dir='ltr'><strong>episcopum</strong></span> <span class='ocrx_word' id='word_1_855' title='bbox 2879 5457 3004 5500; x_wconf 88' lang='lat' dir='ltr'><strong>cum</strong></span> <span class='ocrx_word' id='word_1_856' title='bbox 3029 5442 3290 5499; x_wconf 87' lang='lat' dir='ltr'><strong>vanitatis</strong></span> <span class='ocrx_word' id='word_1_857' title='bbox 3314 5455 3579 5500; x_wconf 82' lang='lat' dir='ltr'><strong>consessu</strong></span> 
     </span>
    </p>
   </div>
   <div class='ocr_carea' id='block_1_118' title="bbox 1554 5632 1997 5693">
    <p class='ocr_par' dir='ltr' id='par_1_118' title="bbox 1554 5632 1997 5693">
     <span class='ocr_line' id='line_1_118' title="bbox 1554 5632 1997 5693; baseline -0.009 -2"><span class='ocrx_word' id='word_1_858' title='bbox 1554 5635 1574 5669; x_wconf 82' lang='grc'><strong>⁹</strong></span> <span class='ocrx_word' id='word_1_859' title='bbox 1596 5634 1764 5693; x_wconf 88' lang='lat' dir='ltr'><strong>llcbr.</strong></span> <span class='ocrx_word' id='word_1_860' title='bbox 1808 5651 1904 5693; x_wconf 76' lang='lat' dir='ltr'><strong>xu.</strong></span> <span class='ocrx_word' id='word_1_861' title='bbox 1944 5632 1997 5688; x_wconf 85' lang='lat'><em>6.</em></span> 
     </span>
    </p>
   </div>
  </div>
