3896 6208
449 264 552 320 515

1686 273 1744 326 S.
1782 269 2112 330 GREGORII
2145 273 2440 330 NYSSENI

3608 279 3712 338 526

445 376 725 452 judicans.
764 378 1036 451 Equidem
1091 397 1202 438 non
1241 399 1384 456 a'gre
1434 385 1608 444 feram
1657 392 1814 461 quasi
1850 392 2035 448 animo

2143 395 2314 468 εδρίου
2346 398 2444 467 τῆς
2484 396 2862 468 ματαιότητος.
2915 395 3056 466 Ἐγὼ
3096 395 3152 450 δέ
3195 397 3256 451 οὐ
3289 397 3711 470 παραχθήσομαι

451 486 653 527 novum
685 472 814 543 quid
847 487 1064 543 passus,
1097 475 1143 530 si
1179 491 1210 531 e
1257 476 1546 550 discipulis
1588 482 1721 539 meis
1749 491 2034 538 contuma-

452 564 635 620 ciores
669 565 1050 635 indignentur.
1081 565 1178 623 Est
1203 570 1349 623 enim
1375 586 1440 626 ea
1471 572 1756 628 hominum
1789 576 2033 644 peculia-

453 661 534 717 ris
557 660 804 731 quaedam
830 660 1068 728 all'ectio,
1102 678 1223 734 qua:
1250 665 1319 720 ab
1349 667 1504 722 initio
1533 669 1598 722 ad
1650 669 1810 725 tinem
1861 686 2034 740 usque

452 751 622 808 vitam
646 753 944 809 comitatur
972 773 983 820 ;
1019 769 1084 810 ac
1113 757 1206 826 qui
1239 758 1362 814 aliis
1410 759 1664 830 imperat,
1715 763 2035 832 parentibus

454 843 511 898 in
545 850 720 898 totum
747 845 794 900 is
819 846 1086 902 molestus
1112 858 1166 902 et
1192 850 1374 919 gravis
1403 862 1505 916 est,
1540 851 1652 908 imo
1693 855 1862 910 etiam
1916 871 2036 912 sce-

453 937 643 992 leratis
662 944 717 992 ct
747 938 952 1008 iniquis
981 941 1208 996 odiosus
1233 959 1246 996 :
1275 943 1528 1014 quisquis
1558 946 1708 1001 enim
1745 956 2034 1016 peccatum

454 1028 729 1098 prohibet,
759 1029 1135 1100 aegritudinem
1171 1031 1334 1102 parit.
1389 1033 1464 1089 Ac
1498 1049 1584 1090 me
1612 1036 1664 1090 id
1714 1048 1913 1108 praeter
1941 1052 2036 1094 cas

453 1133 546 1174 res
574 1135 696 1189 qua:
722 1121 1068 1177 extrinsecus
1119 1132 1447 1190 occurrunt,
1495 1127 1628 1183 satis
1685 1128 1914 1184 historia
1946 1144 2038 1184 ec-

455 1206 768 1262 clesiastica
795 1208 974 1264 docet.
1016 1209 1151 1276 Quis
1195 1212 1378 1284 Moyse
1409 1225 1595 1284 pastor
1627 1221 1978 1288 prmstantior
2006 1221 2030 1274 ἲ

455 1297 591 1365 Quis
621 1300 875 1371 princeps
899 1303 974 1356 ita
1006 1302 1324 1361 moderatus
1351 1322 1416 1362 ac
1443 1308 1624 1364 lenis?
1648 1311 1742 1380 qui
1767 1311 1950 1365 omnia
1982 1310 2036 1365 in

455 1390 641 1460 p0puli
669 1392 900 1460 gratiam
932 1393 1134 1463 factus,
1177 1399 1436 1465 nutritor,
1479 1399 1800 1470 imperator,
1843 1417 2033 1458 sacer-

456 1482 578 1547 dos,
607 1500 770 1540 verus
798 1493 971 1556 pater,
1009 1489 1065 1543 in
1105 1490 1247 1546 bello
1277 1507 1504 1548 servans
1523 1532 1538 1558 ,
1569 1493 1621 1547 in
1649 1494 1867 1550 deserto
1903 1511 2036 1552 nus-

453 1589 616 1644 quam
647 1583 740 1630 aut
772 1584 913 1644 sata,
955 1589 1051 1635 aut
1075 1591 1260 1637 aratro
1294 1583 1439 1637 culta
1472 1584 1617 1638 bona
1646 1587 2032 1656 suppeditans,

447 1667 541 1736 jus
565 1677 693 1739 apte
725 1669 940 1737 dicens,
981 1673 1103 1728 sine
1133 1689 1324 1730 errore
1373 1675 1484 1730 dux
1525 1678 1666 1745 viae;
1717 1687 1774 1732 et
1816 1679 2034 1734 tandem

2135 489 2233 560 τὴν
2269 488 2442 561 ψυχὴν
2475 489 2661 543 καινόν
2704 506 2757 542 τι
2789 487 3013 559 πάσχων
3033 530 3048 555 ,
3081 490 3130 542 εί
3170 487 3425 558 ἄχθονταί
3470 505 3572 558 μου
3605 489 3711 543 τῶν

2140 580 2393 652 μαθητῶν
2425 581 2473 633 οί
2509 579 2878 653 σκληρότεροι.
2924 580 3098 644 Πᾶθος
3136 579 3245 650 γάρ
3280 580 3396 632 ἐστι
3425 579 3584 634 τοῦτο
3617 581 3711 632 ἀνι

2137 672 2404 742 θρώπινον
2431 673 2487 740 ἐξ
2521 673 2694 744 ἀρχῆς
2732 675 2811 737 είς
2835 672 2986 735 τέλος
3016 671 3093 742 τῷ
3121 671 3219 741 βίῳ
3261 671 3670 742 παρακόλουθον
3696 689 3710 703 °

2136 764 2229 816 καὶ
2261 762 2430 835 βαρὺς
2463 763 2562 833 μὲν
2595 763 2624 814 ὀ
2652 763 2832 832 ἄρχων
2861 761 2936 824 ὡς
2965 761 3058 814 ἐπὶ
3087 762 3196 814 πᾶν
3223 763 3335 824 τοῖς
3365 760 3710 830 ἀρχομένοις·

2135 855 2246 915 τοῖς
2269 852 2325 904 δὲ
2354 855 2569 924 μιαροῖς
2595 853 2688 905 καὶ
2717 851 3055 924 παρανόμοις
3078 851 3172 904 καὶ
3197 849 3385 920 μίσους
3415 850 3581 914 ἄξιος.
3608 850 3715 902 Λυ-

2137 946 2228 995 πεϊ
2258 944 2362 1014 γάρ
2406 944 2502 1014 τὴν
2533 943 2805 1014 ἁμαρτίαν
2845 942 3103 995 κωλύων·
3153 941 3245 994 καί
3286 958 3352 1012 με
3386 941 3542 995 τοῦτο
3576 941 3716 1011 μετά

2135 1036 2244 1089 τῶν
2271 1035 2467 1100 ἔξωθεν
2499 1035 2840 1106 πραγμάτων
2870 1034 3069 1098 ἱκανῶς
3095 1034 3188 1087 καὶ
3220 1035 3252 1104 ἠ
3285 1033 3712 1105 ἐκκλησιαστικὴ

2141 1129 2352 1198 ἱστορία
2372 1127 2631 1181 διδάσκει.
2662 1128 2759 1190 Τίς
2787 1127 3048 1198 κρείττων
3081 1127 3285 1198 ποιμὴν
3313 1127 3587 1190 Μωσέως;
3630 1127 3713 1190 τίς

2137 1219 2193 1272 δέ
2223 1219 2404 1290 ἄρχων
2429 1219 2670 1291 ἐμμελὴς
2715 1219 2857 1273 οὕτω
2885 1219 2979 1274 καὶ
3013 1219 3200 1289 ἧπιος,
3230 1219 3405 1273 πάντα
3423 1219 3708 1288 γινόμενος

2136 1311 2216 1382 τῷ
2235 1311 2370 1382 λαῷ,
2398 1312 2652 1384 τροφεὺς,
2683 1312 3012 1384 στρατηγὸς,
3049 1311 3224 1382 ἱερεύς
3246 1353 3259 1376 ,
3289 1311 3628 1382 αὐτοπατὴρ,
3659 1313 3717 1364 ἐν

2139 1404 2398 1475 πολέμοις
2441 1403 2648 1469 σώζων.
2699 1405 2754 1457 ἐν
2805 1406 2996 1476 ἐρήμῳ
3039 1405 3289 1474 ἄσπαρτα
3309 1404 3432 1490 ⁸καὶ
3473 1405 3715 1472 ἀνήροτα

2137 1495 2386 1567 χορηγῶν
2411 1495 2611 1564 ἀγαθὰ,
2640 1493 2875 1558 δικάζων
2905 1495 3175 1566 ἐμμελῶς,
3209 1494 3460 1557 ἀπλανῶς
3482 1495 3714 1563 ὁδηγῶνς

2138 1587 2314 1640 καίτοι
2337 1587 2428 1640 ἐπὶ
2456 1586 2658 1640 τούτων
2685 1585 3124 1658 κατεστασιάσθη
3145 1586 3220 1649 ὡς
3241 1586 3456 1649 ἀδικῶν,
3481 1585 3714 1657 ὑϐρίσθη

2136 1678 2213 1742 ὡς
2261 1677 2548 1748 βλάπτων,
2589 1677 3000 1748 κατεγογγύσθη
3043 1676 3119 1740 ὡς
3163 1679 3212 1729 οἱ
3250 1676 3573 1740 κλέπτοντες
3622 1676 3718 1729 καὶ

451 1767 634 1816 tamen
671 1763 1036 1821 seditionibus
1073 1774 1131 1820 ut
1175 1766 1412 1838 injurius
1453 1768 1690 1840 agitatus
1725 1779 1830 1834 est,
1885 1785 2027 1826 con-

2143 1767 2512 1839 νοσφιξόμενοι
2535 1807 2550 1832 ,
2587 1767 2981 1838 ἐϐλασφημήθη
3018 1767 3093 1830 ὼς
3123 1767 3509 1838 ἀνεπιστήμων
3553 1783 3718 1837 στρα-

451 1853 614 1907 viciis
649 1862 709 1908 ut
732 1855 933 1912 laedens
968 1859 1194 1928 petitus,
1228 1867 1288 1913 ut
1317 1859 1560 1916 latrones
1588 1871 1642 1916 et
1681 1859 2039 1917 fraudatores

454 1960 735 2002 murmure
761 1947 1037 2017 turbatus,
1077 1951 1385 2007 maledictis
1425 1959 1484 2006 ut
1515 1953 1804 2023 imperitus
1859 1934 2032 2023 impc-

455 2043 608 2092 ratur
636 2053 698 2092 ac
741 2040 917 2096 malus
977 2040 1268 2110 praefectus
1317 2043 1634 2108 lacessitus,
1691 2043 2036 2113 periclitatus

454 2128 616 2182 etiam
647 2136 732 2183 est
767 2144 834 2184 ne
857 2129 979 2199 ipso
1018 2131 1280 2202 fungendi
1312 2133 1606 2189 sacerdotii
1637 2134 1819 2188 oftlcio
1857 2135 2036 2204 priva-

454 2226 624 2284 retur,
665 2221 888 2290 quando
917 2221 1128 2278 Dathan
1157 2234 1213 2280 et
1247 2225 1456 2280 Abiron
1489 2225 1695 2297 ﬁliique
1720 2225 1862 2282 Core
1891 2225 2038 2283 sedi-

454 2309 652 2366 tiosam
685 2326 872 2367 secum
906 2314 1121 2384 plebem
1156 2329 1265 2370 una
1294 2324 1456 2386 rupto
1490 2316 1697 2373 foedere
1735 2332 1801 2372 ex
1832 2316 2036 2388 populo

453 2401 812 2467 abducentes,
847 2403 1064 2476 profani
1102 2422 1162 2462 se
1208 2409 1523 2465 sacerdotes
1569 2417 1884 2466 sanctorum
1913 2423 2036 2463 ma-

454 2507 562 2561 gno
580 2505 781 2550 conatu
809 2512 933 2553 esse
959 2500 1384 2567 contenderunt,
1418 2517 1482 2557 ac
1519 2503 1754 2559 feminas
1787 2503 1882 2572 qui
1919 2501 2037 2559 suf-

455 2587 615 2643 firent
647 2589 952 2660 elegerunt,
994 2603 1048 2648 ct
1079 2610 1189 2650 non
1244 2598 1418 2652 multo
1454 2607 1580 2668 post
1617 2605 1811 2653 sancta
1843 2597 2038 2668 attige-

454 2687 604 2745 runt,
639 2680 929 2752 ignemque
957 2687 1254 2754 mysticum
1281 2688 1675 2753 accenderunt,
1729 2689 1875 2759 quod
1913 2698 2039 2743 ante

455 2771 751 2826 incensum
787 2773 1080 2830 sumentes
1125 2777 1362 2835 exussit.
1418 2776 1605 2847 Usque
1663 2779 1798 2833 adeo
1851 2779 2037 2848 populi

457 2861 782 2932 praefectura
820 2863 1170 2935 docendique
1205 2881 1410 2922 munus
1453 2883 1542 2924 res
1569 2877 1655 2923 est
1691 2867 2039 2923 olfendiculis

455 2949 714 3014 obnoxia,
751 2960 808 3004 ut
852 2949 988 3006 Mosi
1028 2967 1098 3008 ne
1145 2953 1349 3010 fratres
1391 2957 1613 3026 quidem
1648 2958 2036 3026 pepercerim:

457 3041 588 3112 quin
615 3052 669 3098 et
691 3041 858 3098 Maria
899 3045 1321 3116 obloquebatur,
1371 3057 1425 3102 et
1475 3049 1660 3104 Aaron
1695 3050 2042 3106 conviciaba-

2141 1859 2306 1932 τηγδς
2342 1859 2435 1913 καὶ
2467 1858 2777 1932 προστάτης
2819 1860 2920 1913 οὐκ
2967 1858 3200 1928 ἀγαθὸς,
3232 1857 3573 1912 ἐκινδύνευσε
3619 1858 3718 1909 καὶ

2141 1951 2310 2021 αὐτῆς
2349 1949 2450 2020 τῆς
2493 1949 2789 2021 ἱερωσύνης
2815 1949 3191 2020 ἀπελαθῆναι,
3227 1948 3388 2018 ἡνίκα
3420 1947 3600 2000 Δαθάν
3625 1945 3725 1999 καὶ

2154 2043 2416 2116 ’Δσειρὼν
2443 2045 2536 2097 καὶ
2565 2044 2670 2096 υἱοὶ
2696 2044 2838 2114 Κορέ
2864 2043 3034 2114 δῆμον
3064 2041 3334 2113 στασιώδη
3361 2041 3477 2112 μεθ’
3508 2039 3723 2093 ἑαυτῶν

2142 2137 2235 2190 τοῦ
2279 2134 2411 2190 λαοῦ
2450 2135 2880 2208 ἀπορρήξαντες,
2927 2135 3142 2206 βέϐηλοι
3187 2135 3295 2188 τῶν
3342 2135 3515 2202 ἁγίων
3555 2135 3725 2204 ἱερεῖς

2143 2227 2505 2298 ἐφιλονείκουν
2539 2223 2709 2292 εἶναι,
2753 2228 2848 2280 καὶ
2891 2227 2991 2291 τάς
3025 2225 3380 2295 θυμιατρίδας
3416 2224 3724 2294 μετεχειρί-

2144 2320 2315 2385 ζοντο,
2357 2320 2450 2372 καὶ
2477 2320 2600 2374 ὅσον
2641 2318 2852 2372 οὐδέπω
2890 2317 2998 2371 τῶν
3029 2318 3199 2386 ἁγίων
3237 2318 3494 2387 ἥπτοντο,
3532 2315 3625 2367 καὶ
3658 2314 3725 2366 τὸ

2145 2410 2256 2481 πῦρ
2305 2411 2542 2482 ἀνῆπτον
2585 2410 2645 2464 τὸ
2687 2409 2976 2481 μυστικὸν,
3029 2407 3058 2461 ὃ
3103 2409 3207 2479 πρὸ
3251 2407 3344 2460 τοῦ
3381 2405 3730 2476 θυμιάματος

2144 2504 2270 2568 τούς
2311 2503 2617 2573 θυμιῶντας
2659 2500 2977 2570 κατέφλεξε.
3019 2501 3128 2554 Καὶ
3173 2499 3427 2552 τοσοῦτόν
3466 2499 3531 2568 γέ
3577 2499 3729 2554 ἐστιν

2146 2597 2204 2650 εὐ
2215 2597 2618 2668 πρόσκρουστον
2643 2594 2946 2668 προστασία
2971 2593 3102 2647 λαοῦ
3134 2594 3228 2647 καὶ
3261 2593 3320 2646 τὸ
3343 2593 3726 2647 διδασκαλικὸν

2145 2684 2478 2755 ἐπιτήδευμα
2505 2722 2518 2746 ,
2567 2683 2708 2737 ὥστε
2759 2683 2880 2737 οὐδέ
2941 2684 2992 2737 οἱ
3053 2682 3268 2751 ἀδελφοὶ
3302 2683 3395 2736 τοῦ
3445 2683 3727 2746 Μωῦσέως

2145 2776 2461 2844 ἐφείσαντο·
2501 2775 2635 2829 ἀλλά
2675 2775 2768 2829 καὶ
2797 2775 2985 2847 Μαρία
3024 2775 3327 2841 κατελάλει,
3367 2775 3462 2828 καὶ
3512 2773 3728 2845 Ἀαρὼν

2146 2868 2438 2937 ἐλοιδόρει,
2473 2866 2568 2921 καὶ
2599 2865 2658 2919 τὺ
2689 2866 2942 2936 φορτικὸν
2973 2866 3070 2936 τῆς
3119 2866 3295 2938 ἀρχῆς
3348 2866 3447 2936 τὴν
3492 2866 3730 2934 φυσικήν

2147 2959 2462 3031 παρώξυνεν
2491 2959 2701 3017 εὔνοιαν
2721 3000 2736 3024 ,
2773 2959 2867 3012 καὶ
2898 2959 3025 3022 τούς
3067 2957 3430 3020 οἰκειοτάτους
3459 2956 3540 3027 τῷ
3565 2957 3730 3009 πολυ-

2152 3053 2334 3124 μόχθῳ
2361 3053 2514 3126 ἀνδρὶ
2543 3052 2930 3122 ἐπανέστησεν.
2979 3050 3118 3103 Ἀλλ’
3147 3049 3300 3104 οὐδὲν
3339 3049 3466 3118 περὶ
3494 3041 3670 3102 τοῦτο’
3701 3051 3732 3102 ὁ

459 3144 550 3189 tur
577 3154 592 3191 ;
624 3151 690 3190 ac
720 3137 939 3208 imperii
971 3153 1114 3196 onus
1156 3140 1530 3220 importunum
1568 3144 1873 3201 naturalem
1908 3158 2036 3198 con-

2149 3144 2246 3213 μὲν
2268 3143 2376 3214 γὰρ
2396 3139 2463 3214 ἦν
2487 3143 2750 3211 Μωῦσῆς,
2769 3142 2863 3194 καὶ
2881 3139 3032 3194 οὐδὲν
3055 3137 3248 3192 ἑαυτοῦ
3267 3138 3465 3210 χείρων
3490 3137 3727 3206 ἐγένετο·

463 3231 660 3285 citavit
727 3232 1205 3296 benevolentiam,
1259 3243 1314 3288 ct
1369 3233 1738 3289 amicissimos
1792 3250 2044 3306 quosque

457 3321 578 3375 viro
611 3322 888 3378 laborioso
914 3331 974 3377 ut
1002 3324 1352 3396 insurgerent
1387 3326 1538 3381 fecit.
1574 3323 1772 3380 Verum
1805 3327 1944 3380 nihil
1975 3327 2040 3382 ad

459 3413 566 3468 hoc
595 3414 705 3480 ille,
741 3414 1010 3485 siquidem
1048 3426 1168 3472 erat
1214 3426 1480 3488 perpetuo
1522 3417 1757 3491 Moyses,
1804 3426 1860 3474 et
1905 3421 2044 3475 nihil

459 3506 646 3577 seipso
669 3506 908 3563 deterior
934 3509 1218 3564 evadebat.
1250 3511 1332 3565 Ah
1360 3511 1470 3566 illis
1524 3526 1659 3566 vero
1690 3519 2041 3582 peccatorum

460 3599 515 3654 in
543 3597 736 3654 ducem
771 3599 916 3657 Deus
950 3616 1142 3671 pmnas
1173 3603 1377 3672 exegit,
1422 3617 1562 3669 quas
1605 3604 1848 3658 luerunt.
1899 3603 2043 3671 Quid

459 3693 552 3762 qui
579 3701 704 3764 post
725 3708 847 3748 eum
870 3693 1242 3764 praefuerunt?
1263 3693 1457 3749 Nonne
1484 3695 1802 3764 religionem
1835 3695 2042 3751 docens

461 3783 633 3840 Isaias
658 3799 812 3839 serra
843 3785 1118 3841 dissectus
1142 3786 1268 3841 est?
1314 3784 1509 3842 Nonne
1551 3785 1818 3841 Jercmias
1852 3793 2040 3842 contra

460 3876 668 3929 cultum
702 3875 970 3929 idolorum
1014 3878 1354 3932 concionaus
1378 3878 1619 3932 clamore
1652 3876 1912 3949 fatigatus
1935 3888 2041 3947 est,

463 3974 517 4019 et
544 3965 694 4019 lacus
718 3980 842 4020 eum
892 3973 947 4021 et
989 3966 1461 4022 catarrhactarum
1513 3969 1783 4038 supplicia
1813 3983 2042 4038 excepe-

463 4067 591 4110 runt
612 4056 636 4110 ?
657 4056 795 4111 Num
834 4056 1132 4114 Zacharias
1167 4059 1311 4114 inter
1339 4060 1599 4129 templum
1629 4069 1683 4115 et
1709 4060 1880 4114 altare
1899 4061 2042 4116 bello

462 4149 664 4216 petitus
692 4158 776 4204 est
805 4158 858 4204 et
887 4149 1240 4205 trucidatus?
1271 4150 1535 4206 Dominus
1581 4166 1801 4222 quoque
1853 4159 2042 4207 noster

461 4239 579 4309 ipse
613 4255 793 4296 nonne
821 4257 922 4312 pro
969 4242 1165 4298 ovibus
1209 4253 1397 4314 pastor
1447 4245 1666 4299 occisus
1710 4243 2044 4299 est?nonne

461 4348 562 4402 pro
583 4334 650 4389 iis
677 4350 818 4404 quos
855 4336 1167 4400 erudiebat.
1194 4338 1322 4392 odio
1361 4337 1586 4394 habitus
1621 4338 1774 4393 cruci
1805 4337 2041 4394 sufﬁxus

461 4425 747 4492 est?Quid
774 4427 946 4482 Paulo
991 4437 1157 4497 caput
1200 4429 1489 4484 abscidit?
1532 4428 1675 4496 Quid
1717 4427 1938 4484 Petrum
1973 4429 2041 4483 ad

2147 3235 2197 3288 οἱ
2247 3236 2304 3289 δὲ
2344 3236 2454 3288 τῶν
2493 3238 2573 3299 εἰς
2621 3235 2713 3288 τὸν
2754 3233 2996 3304 ἡγεμόνα
3045 3231 3531 3302 πλημμελημάτων
3582 3231 3736 3301 παρά

2146 3325 2280 3379 Θεοῦ
2309 3325 2407 3389 τὰς
2431 3325 2583 3388 δίκας
2611 3325 2705 3378 καὶ
2726 3326 3106 3395 ἀπῃτήθησαν,
3142 3324 3236 3402 καὶΖ
3267 3324 3554 3377 ἀπέτισαν.
3585 3323 3649 3376 Τί
3680 3325 3733 3376 oi

2150 3419 2288 3489 μετὰ
2323 3417 2543 3485 τοῦτον;
2583 3419 2694 3488 Οὐχ
2737 3417 2966 3480 Ἡσαΐας
2997 3416 3096 3488 τὴν
3143 3416 3424 3470 εὐσέόειαν
3463 3417 3737 3470 διδάσκων

2146 3509 2408 3581 ἐπρίσθη;
2445 3509 2557 3579 Οὐχ
2614 3509 2882 3580 Ἱερεμίας
2915 3509 3015 3578 τὴν
3047 3507 3492 3580 εἰδωλολατρείαν
3524 3510 3742 3576 ἀποκηο

2147 3602 2354 3677 ρύττων
2394 3601 2718 3671 κατεϐοήθη,
2769 3601 2862 3655 κα)⁸
2894 3599 3290 3654 λάκκοναύτδν
3339 3600 3432 3654 καὶ
3469 3601 3742 3670 τιμωρίαι

2145 3695 2545 3766 καταρῤακτῶν
2585 3691 2915 3757 διεδέξαντος
2964 3692 3038 3746 Οὐ
3080 3693 3354 3763 Ζαχαρίας
3390 3692 3596 3761 μεταξὺ
3637 3692 3744 3745 τοῦ

2145 3785 2274 3838 ναοῦ
2309 3785 2400 3838 καὶ
2429 3783 2522 3837 τοῦ
2558 3783 2942 3854 θυσιαστηρίου
2971 3783 3282 3854 ἐπολεμήθη
3310 3783 3399 3834 καὶ
3422 3780 3683 3850 ἐφονεύθη
3721 3798 3737 3845 ς

2157 3878 2218 3933 '0
2247 3877 2448 3947 Κύριος
2479 3877 2634 3947 ήμῶν
2662 3875 2730 3948 [ὁ]
2765 3876 2926 3940 αὐτὸς
2955 3876 3014 3929 οὐ
3049 3875 3178 3947 περὶ
3216 3873 3322 3928 τῶν
3363 3872 3667 3944 προϐάτων,
3714 3874 3745 3924 ὁ

2145 3970 2370 4041 ποιμὴν,
2417 3970 2660 4039 ἐσφάγης
2705 3970 2768 4022 οὐ
2817 3969 2945 4037 περὶ
2982 3969 3091 4021 τῶν
3121 3967 3522 4038 παιδευομένων
3564 3981 3746 4035 μιση-

2145 4062 2259 4125 θεὶς
2293 4051 2650 4130 ἐσταυρώθή;
2695 4060 2758 4112 Τί
2801 4059 3012 4112 Παῦλον
3044 4059 3142 4128 τῆς
3182 4058 3425 4128 κεφαλῆς
3452 4057 3743 4125 ἀπέτεμες

2144 4150 2196 4203 τί
2258 4149 2461 4220 Πέτρον
2517 4149 2610 4201 ἐπὶ
2659 4148 2750 4201 τὸν
2803 4148 3034 4220 σταυρὸν
3084 4147 3295 4217 ῦύωσες
3349 4147 3400 4200 τί
3439 4149 3562 4210 τούς
3608 4148 3748 4200 καθ’

2144 4241 2372 4295 ἕκαστον
2395 4239 2500 4294 τῶν
2525 4239 2781 4312 μαθητῶν
2819 4242 2941 4304 ταῖς
2982 4241 3253 4304 ποικίλαις
3271 4239 3566 4310 τιμωρίαις
3593 4257 3749 4310 παρ-

2145 4333 2378 4398 έδωκενς
2415 4334 2490 4387 Οὐ
2525 4333 2584 4386 τὸ
2611 4331 2840 4386 κωλύειν
2873 4333 2970 4403 τὴν
3012 4333 3304 4404 ἁμαρτίαν,
3337 4332 3434 4386 καὶ
3460 4331 3750 4386 παιδεύειν

2143 4425 2519 4496 δικαιοσύνην;
2595 4425 2706 4477 ’Λεὶ
2773 4423 2883 4495 γὰρ
2942 4423 3128 4496 ἐχθροὶ
3187 4424 3297 4478 τῶν
3360 4423 3749 4492 ἐλεγχομένων

461 4532 678 4575 crucem
723 4521 995 4575 sustulit?
1037 4496 1180 4587 Quid
1228 4522 1479 4593 singulos
1531 4521 1831 4592 discipulos
1872 4521 2038 4576 variis

2153 4516 2407 4587 μαθητῶν
2445 4518 2493 4569 oi
2531 4515 2632 4585 τῆς
2675 4515 2933 4586 ἀληθείας
2983 4516 3127 4584 φίλοι
3169 4533 3226 4568 τε
3269 4515 3363 4568 καὶ
3402 4514 3746 4568 διδάσκαλοι.

463 4612 752 4666 tormentis
775 4611 1048 4672 tradidit?
1080 4611 1276 4669 Nonne
1312 4614 1462 4685 quod
1511 4613 1872 4684 prohiberent
1910 4627 2043 4684 pec-

460 4716 664 4767 catum,
688 4712 741 4759 et
773 4704 1032 4760 docerent
1054 4706 1371 4776 justitiam?
1412 4706 1642 4778 Semper
1677 4707 1825 4761 enim
1866 4704 2039 4761 disci-

463 4794 608 4862 pulis
655 4810 794 4865 quos
858 4796 1297 4866 reprehendunt,
1355 4797 1516 4853 invisi
1590 4803 1721 4851 sunt
1781 4795 2037 4850 veritatis

463 4895 734 4943 amatores
761 4895 816 4943 ct
849 4889 1116 4958 magistri.
1146 4888 1256 4945 Nos
1288 4901 1469 4946 autem
1495 4889 1741 4944 nondum
1784 4886 2036 4942 veritatis

465 4979 687 5035 nomine
733 4981 1022 5052 colaphum
1051 4983 1222 5036 ullum
1259 4982 1405 5052 passi
1436 4997 1652 5045 sumus,
1705 4993 1886 5050 neque
1934 4976 2058 5042 ad-q

2159 4609 2352 4677 Ἡμεῖς
2381 4607 2436 4660 δὲ
2465 4606 2679 4660 οὐδέπω
2712 4607 2852 4678 ὑπὲρ
2880 4608 2976 4677 τῆς
3005 4607 3262 4678 ἀληθείας
3295 4605 3748 4677 ἐρῥαπίσθημεν,

2149 4699 2358 4753 οὐδέπω
2381 4699 2446 4769 τῇ
2470 4697 2632 4768 σαρκὶ
2655 4695 2747 4750 τὸν
2771 4697 3016 4750 κίνδυνον
3044 4695 3361 4766 ἐδεξάμεθα.
3387 4695 3497 4748 Καὶ
3519 4694 3573 4746 τί
3601 4696 3750 4764 μέγα

2151 4790 2218 4844 ἂν
2245 4789 2660 4860 γογγυσθῶμεν,
2693 4789 2742 4842 oi
2772 4789 2868 4843 τοῦ
2894 4787 3296 4859 σταυρωθέντος
3323 4785 3559 4840 διάκονοι
3584 4803 3600 4851 ;
3655 4785 3750 4848 Ὠς

2147 4882 2325 4954 πατὴρ
2367 4882 2399 4953 ἢ
2445 4881 2629 4952 μήτηρ
2674 4879 2899 4952 δέχομαί
2939 4897 3031 4934 σου
3072 4880 3172 4944 τὰς
3229 4876 3608 4948 σκληρότητας
3650 4879 3748 4929 καὶ

2145 4972 2550 5046 παροξυσμούς.

466 5068 574 5123 huc
597 5075 847 5142 corporis
877 5075 1182 5144 periculum
1212 5075 1501 5129 subiimus.
1553 5071 1632 5128 Ac
1671 5071 1803 5141 quid
1842 5067 2025 5138 magni
2066 5081 2494 5132 murmuremus,
2529 5067 2624 5139 qui
2679 5067 2932 5125 crucillxi
2978 5065 3218 5123 ministri.
3263 5062 3500 5121 sumus?
3560 5057 3745 5117 Veluti

465 5173 621 5238 pater
643 5173 738 5221 aut
758 5173 934 5223 mater
979 5178 1104 5224 tuas
1149 5166 1480 5224 insolentias
1527 5164 2092 5236 exacerbationesquc
2135 5161 2460 5233 amplector.
