3896 6208
295 255 403 316 517

306 413 3473 460 M

1625 259 1716 315 DE
1758 260 2226 322 VIRGINITATE.

3466 276 3571 332 318

3459 434 3540 446 p—

3459 447 3539 460 α.-

1118 577 1349 664 ΤΟΥ
1439 578 1587 664 ΕΝ
1645 574 2009 668 ΑΓΙΟΙΣ
2120 534 2740 675 I‘PHI‘OPIOY

1294 775 1653 889 ΠΕΡΙ
1711 778 2583 896 ΠΑΡΘΕΝἱΑΣ

984 988 1163 1042 ΕΠΙΣ
1170 989 1361 1043 ΤΟΛΗ
1383 992 1529 1043 ΠΡΟ
1538 991 1903 1048 TPEIITIKH

1986 994 2051 1047 [Σ
2084 995 2226 1050 ΤΟΝ
2254 996 2406 1049 KAT’
2422 996 2554 1053 APE
2564 998 2704 1052 THN
2718 998 2895 1055 BION.

1390 1334 1487 1424 S.
1564 1338 1666 1424 P.
1739 1332 2488 1430 N.GBEGORII

1184 1569 1381 1682 DE
1492 1568 2683 1687 VIRGINITATE.

1049 1788 1411 1849 EPISTOLA
1460 1787 2047 1846 EXIIORTATORIA
2092 1788 2205 1868 AD.
2242 1788 2472 1846 FRUGI
2536 1790 2792 1849 γιΤΑΜ.

1509 1952 1687 2002 (Petro
1723 1949 1978 2004 Galesinio
2009 1953 2301 2016 interprete.
2331 1952 2351 2017 )

383 2317 444 2371 ὀ
473 2316 573 2388 μὲν
598 2315 801 2380 σκοπὸς
821 2315 913 2369 τοῦ
934 2314 1094 2385 λόγου
1121 2313 1290 2381 ἐστὶν,
1312 2314 1607 2385 ἐπιθυμίαν
1634 2315 1736 2387 τῆς
1757 2317 1878 2370 κατ’
1907 2347 1908 2353 η

2051 2314 2243 2374 Oratio
2294 2315 2409 2371 haec
2452 2315 2633 2373 omnis
2677 2329 2744 2373 eo
2773 2323 3004 2386 spectat,
3038 2324 3118 2380 ut,
3159 2317 3255 2388 qui
3303 2317 3427 2388 ejus
3458 2318 3566 2374 vim

216 2483 237 2497 ο
291 2408 504 2479 ἀρετὴν
529 2406 680 2478 ζωῆς
708 2409 821 2471 τοῖς
864 2405 1281 2477 ἐντυγχάνουσιν
1318 2406 1636 2478 ἐμποιῆσαι·
1669 2406 1878 2460 πολλῶν

292 2499 351 2553 δὲ
383 2498 464 2569 τῷ
488 2499 779 2570 κοινοτέρῳ
806 2497 924 2569 βίῳ,
966 2496 1147 2562 καθὼς
1169 2497 1452 2568 ὠνόμασεν
1484 2498 1513 2550 ό
1543 2497 1687 2562 θεῖος
1717 2497 1880 2552 Ἀπό-

1984 2416 2378 2478 assequuntur,
2407 2405 2476 2462 iis
2502 2404 2748 2476 profecto
2780 2405 2906 2460 vita:
2935 2405 3199 2470 honestae,
3235 2413 3291 2460 et
3315 2420 3437 2476 qua:
3456 2407 3567 2460 vir-

1980 2499 2081 2554 tuti
2132 2497 2368 2553 maxime
2418 2498 2728 2565 conveniat,
2783 2497 3017 2552 allatura
3051 2497 3123 2553 sit
3167 2497 3565 2568 cupiditatem;

296 2588 508 2656 στολος,
532 2588 642 2642 τῶν
672 2586 1074 2660 περισπασμῶν
1103 2587 1460 2659 ἐγκειμένων,
1497 2587 1813 2657 ἀναγκαίως
1851 2589 1880 2642 ὁ

1986 2588 2263 2662 permulta:
2296 2588 2443 2643 enim
2475 2602 2598 2643 eum
2641 2589 2773 2654 sint,
2810 2596 2867 2643 ut
2907 2589 3078 2644 divini
3118 2588 3365 2660 Apostoli
3399 2588 3568 2644 verba

291 2680 475 2748 λόγος,
505 2679 696 2751 ὥσπερ
720 2680 841 2733 τινὰ
869 2680 1040 2752 θύραν
1064 2680 1158 2733 καὶ
1185 2679 1519 2755 εἴσοδοντῆς
1550 2679 1880 2751 σεμνοτέρας

292 2771 608 2841 διαγωγῆς,
648 2772 742 2825 τὸν
784 2772 883 2842 τῆς
925 2771 1221 2843 παρθενίας
1263 2771 1573 2825 ὑποτίθεται
1624 2769 1760 2840 βίον,
1804 2770 1882 2835 ὡς

294 2860 424 2913 οὔτε
450 2863 565 2924 τοίς
584 2860 912 2932 ἐμπλακείσι
939 2865 1005 2933 τῇ
1032 2862 1127 2915 τοῦ
1154 2862 1268 2933 βίου
1290 2862 1562 2933 κοινότητι
1596 2862 1777 2933 ῥᾴδιον
1821 2860 1884 2915 τὸ

295 2951 427 3005 καθ’
452 2951 683 3021 ἡσυχίαν
728 2953 1175 3024 προσφιλοσοςρεῑν
1217 2955 1281 3026 τῇ
1331 2953 1579 3025 θειοτέρᾳ
1603 2954 1714 3025 ζωῇ
1737 2995 1753 3019 ,
1788 2953 1884 3008 καὶ

294 3048 414 3107 τοῖς
437 3044 869 3115 ἀποταξαμένοις
897 3046 1072 3117 πάντη
1097 3046 1176 3117 τῷ
1201 3045 1501 3119 ταραχώδει
1534 3046 1652 3117 βίῳ,
1682 3046 1883 3119 πολλῆς
1906 3067 1913 3077 ·

294 3136 555 3200 εὐκολίας
599 3135 767 3208 οὖσης
831 3139 952 3201 ταῖς
1012 3137 1371 3207 ὑψηλοτέραις
1417 3138 1695 3209 ἀσχολίαις
1745 3155 1885 3209 παρ-

297 3228 544 3297 εδρεύειν
564 3228 1004 3300 ἀπερισπάστως.
1032 3229 1142 3282 Καὶ
1174 3230 1359 3300 ἐπειδὴ
1394 3230 1513 3283 καθ’
1548 3231 1744 3300 ἐαυτήν
1769 3247 1885 3293 πως

299 3320 583 3392 ἀργοτέρα
607 3320 745 3390 πρὸς
766 3319 830 3373 τὸ
859 3319 1064 3374 πείθειν
1097 3320 1244 3375 ἐστὶν
1271 3322 1304 3392 ἡ
1334 3321 1630 3393 συμϐουλὴ,
1664 3321 1756 3375 καὶ
1785 3322 1887 3376 οὐκ

300 3416 369 3470 ἄν
400 3431 484 3478 τις
508 3413 708 3485 ῥαδίως
731 3412 1070 3482 ύπαγάγοιτό
1092 3428 1214 3465 τινα
1234 3411 1376 3484 ψιλῷ
1399 3412 1478 3483 τῷ
1497 3411 1639 3482 λόγῳ
1667 3411 1806 3484 πρός
1832 3429 1886 3464 τι

300 3505 416 3559 τῶν
441 3503 794 3574 ὠφελούντων
816 3504 1254 3573 ἐγκελευόμενος,
1283 3505 1331 3556 εί
1357 3501 1432 3575 μὴ
1461 3503 1725 3575 πρότερον
1755 3503 1888 3556 ἀπο-

305 3592 622 3663 σεμνύνειεν
664 3593 874 3659 ἐκεῖνο,
910 3591 1051 3663 πρὸς
1085 3591 1116 3645 δ
1154 3590 1247 3646 τὸν
1292 3592 1569 3662 ἀκροατὴν
1604 3592 1885 3664 παρορμᾷο

300 3685 501 3739 τούτου
533 3682 694 3756 χάριν
725 3683 834 3738 ἀπὸ
857 3682 967 3737 τῶν
995 3682 1288 3753 ἐγκωμίων
1322 3682 1425 3754 τῆς
1457 3681 1755 3754 παρθενίας
1785 3683 1887 3752 ἀρ-

301 3776 567 3846 ξάμενος,
605 3773 779 3839 οὕτως
808 3776 889 3838 εἰς
906 3775 1005 3847 τὴν
1036 3773 1346 3847 συμϐουλὴν
1379 3773 1698 3845 καταλήγει.
1732 3774 1887 3829 Μᾶλ-

297 3868 403 3922 λον
436 3865 497 3919 δέ
528 3882 644 3930 πως
670 3866 761 3921 τοῦ
788 3869 847 3922 ἐν
875 3866 1090 3938 ἑκάστῳ
1122 3864 1310 3931 καλοῦ,
1343 3865 1438 3920 καὶ
1461 3864 1549 3920 διὰ
1577 3866 1676 3937 τῆς
1706 3883 1887 3938 παρα-

297 3958 520 4021 θέσεως
552 3956 659 4011 τῶν
678 3957 932 4012 ἐναντίων
966 3956 1391 4030 φανερουμὲνου,
1450 3956 1761 4026 ἀναγκαίως
1787 3958 1887 4012 καὶ

292 4055 409 4125 τῆς
440 4051 755 4121 δυσχερείας
781 4052 875 4105 τοῦ
910 4050 1216 4123 κοινοτέρου
1247 4050 1362 4122 βίου
1394 4053 1582 4122 μνήμη
1609 4068 1698 4115 τις
1732 4052 1889 4121 γέγοο

293 4163 416 4200 νεν.
458 4139 595 4198 Εἶτα
618 4144 922 4215 εὐμεθόδως
946 4145 1238 4216 ύπογραφή
1284 4161 1368 4208 τις
1405 4143 1749 4215 παρεισήχθη
1789 4144 1883 4199 τοῦ

297 4237 446 4291 κατὰ
475 4236 792 4306 φιλοσοφίαν
828 4235 977 4306 βίου,
1021 4236 1204 4290 καὶτὸ
1272 4234 1348 4306 μὴ
1390 4234 1650 4289 δύνασθαι
1691 4233 1883 4288 τούτου

298 4331 488 4397 τυχεῖν
519 4326 616 4380 τὸν
644 4327 703 4379 ἐν
737 4330 1030 4397 κωμικαῖς
1057 4326 1187 4381 ὄντα
1220 4327 1518 4399 φροντίσιν,
1555 4327 1886 4381 κατεσκευά-

300 4418 430 4488 σθη.
463 4418 575 4488 Τῆς
596 4417 654 4471 δὲ
686 4416 1001 4489 σωματικῆς
1037 4416 1331 4488 ἐπιθυμίας
1359 4415 1635 4489 ἀργούσης
1672 4418 1731 4469 ἐν
1772 4419 1885 4480 τοῖς

297 4508 763 4578 ἀποταξαμὲνοις,
794 4509 1099 4573 ἀκολούθως
1136 4508 1445 4581 ἐπζητήθη
1479 4509 1533 4562 τί
1572 4510 1633 4563 τὸ
1672 4507 1885 4581 ἀληθῶς

296 4599 662 4670 ἐπιθυμητόν.
697 4595 775 4655 υῦ
799 4600 957 4671 χάριν
987 4600 1081 4655 καὶ
1105 4600 1204 4669 τὴν
1230 4599 1630 4672 ἐπιθυμητικὴν
1656 4599 1883 4671 δύναμιν

298 4690 460 4762 παρὰ
499 4691 591 4743 τοῦ
617 4690 961 4761 Δημιουργοῦ
999 4691 1099 4760 τῆς
1137 4689 1352 4760 φύσεως
1390 4690 1547 4762 ἡμῶν
1594 4689 1881 4759 ἐλάὁομεν.

299 4782 510 4836 Τούτου
533 4781 590 4835 δὲ
613 4783 734 4835 καθ’
754 4783 881 4835 ὅσον
907 4776 1020 4835 οἷόν
1050 4798 1110 4835 τε
1135 4779 1203 4853 ἦν
1224 4781 1676 4850 ἐκκαλυφθέντος,
1708 4782 1881 4852 ἐφάνη

297 4875 615 4940 ἀκολούθως
651 4875 744 4930 καί
775 4893 896 4930 τινα
931 4874 1148 4946 μέθοδον
1196 4874 1332 4946 πρὸς
1370 4874 1434 4927 τὸ
1473 4877 1652 4944 τυχεῖν
1692 4873 1881 4927 τούτου

1985 2688 2130 2745 utar,
2177 2679 2589 2744 distractiones,
2646 2695 2769 2750 qua:
2802 2680 3079 2735 communi
3125 2679 3408 2738 hominum
3444 2681 3567 2734 vitm

1983 2771 2340 2844 impendent;
2388 2770 2708 2827 necessario
2748 2770 2864 2826 haec
2896 2770 3116 2842 quidem
3161 2771 3358 2834 oratio,
3410 2770 3568 2841 quasi

1983 2866 2254 2935 quosdam
2309 2864 2605 2921 sanctioris
2634 2863 2943 2935 disciplinae
2973 2863 3179 2928 aditus,
3223 2872 3386 2934 atque
3422 2861 3568 2918 fores

1982 2956 2266 3027 virginalis
2294 2956 2420 3011 vitae
2451 2956 2692 3012 rationes
2724 2955 3050 3011 constituit:
3091 2962 3355 3026 tanquam
3396 2968 3569 3025 neque

1985 3046 2075 3111 iis,
2095 3048 2187 3117 qui
2218 3047 2272 3101 in
2306 3047 2406 3102 hac
2426 3047 2553 3101 vita:
2576 3047 2822 3117 vulgaris
2851 3047 3114 3102 societate
3141 3045 3393 3116 occupati
3420 3055 3568 3109 sunt,

1987 3139 2146 3194 facile
2176 3139 2248 3193 sit
2277 3137 2457 3194 otioso
2499 3138 2685 3193 animo
2722 3154 2780 3194 se
2808 3138 3096 3193 divinioris
3129 3138 3252 3191 vitae
3301 3136 3572 3192 institutis

1986 3230 2221 3295 tradere,
2258 3238 2311 3285 et
2350 3230 2477 3294 illis,
2509 3231 2604 3300 qui
2633 3230 2701 3283 ab
2733 3230 2881 3283 omni
2913 3230 3242 3284 turbulenta:
3276 3228 3400 3283 vitae
3432 3244 3564 3283 con-

1988 3324 2280 3378 suetudine
2318 3338 2376 3377 se
2427 3329 2799 3384 removerunt,
2834 3321 2993 3376 valde
3040 3329 3352 3391 promptum
3397 3321 3467 3375 sit
3507 3336 3572 3375 ac

1990 3410 2166 3474 facile,
2205 3410 2261 3464 in
2277 3410 2636 3479 ‘gravioribus
2671 3425 2853 3465 rerum
2881 3409 3192 3465 divinarum
3225 3410 3426 3465 studiis
3452 3409 3571 3465 sine

1989 3505 2099 3560 ulla
2146 3503 2587 3574 interpellatione
2617 3518 2681 3558 ac
2722 3502 2893 3558 libere
2931 3503 3164 3559 versari.
3196 3503 3263 3557 Et
3309 3504 3569 3574 quoniam

1992 3598 2177 3666 aliquo
2206 3596 2371 3651 modo
2399 3595 2695 3650 consilium
2742 3609 2841 3665 per
2867 3609 2928 3650 se
2960 3608 3068 3650 non
3101 3595 3325 3648 multam
3354 3594 3420 3648 ad
3450 3610 3572 3665 per-

1992 3688 2332 3745 suademlum
2384 3689 2494 3741 vim
2532 3686 2719 3751 habet,
2762 3700 2940 3756 neque
2990 3684 3086 3755 qui
3127 3685 3195 3739 ad
3227 3700 3315 3742 res
3359 3686 3571 3757 aliquas

1993 3780 2157 3836 utiles
2211 3788 2267 3836 et
2313 3779 2584 3835 salutares
2634 3776 2982 3842 adhortatur,
3041 3776 3204 3833 facile
3257 3780 3572 3849 quempiam

1990 3872 2227 3942 simplici
2266 3871 2560 3926 verborum
2597 3868 2811 3923 ratione
2847 3866 3036 3932 ﬂectit,
3072 3868 3179 3925 nisi
3220 3868 3354 3924 illud
3400 3885 3569 3924 unum

1989 3968 2119 4017 ante
2157 3962 2415 4031 graviter,
2447 3968 2503 4014 et
2530 3958 2709 4029 ample
2742 3959 3112 4026 exornaverit,
3145 3958 3209 4014 ad
3238 3962 3384 4031 quod
3412 3960 3568 4014 audi-

1987 4060 2158 4107 torem
2200 4050 2380 4121 ipsum
2436 4048 2718 4119 impellere
2769 4049 2993 4105 studet:
3047 4057 3337 4120 propterea
3393 4052 3571 4105 oratio

1986 4144 2125 4210 haec,
2154 4158 2278 4214 qua:
2303 4142 2539 4197 consilio
2565 4141 2915 4196 concluditur
2942 4150 2997 4197 et
3026 4143 3373 4205 terminatur,
3403 4156 3433 4193 a
3462 4142 3572 4195 vir-

1985 4236 2234 4307 ginitatis
2265 4234 2521 4288 laudibus
2544 4247 2738 4287 exorsa
2762 4239 2869 4287 est.
2896 4232 3030 4298 Quae
3057 4241 3239 4286 autem
3268 4233 3468 4302 cuique
3494 4234 3570 4287 rei

1987 4328 2108 4382 laus
2129 4323 2466 4390 attribuitur,
2497 4337 2560 4378 ea
2588 4323 2717 4393 quia
2739 4336 2922 4377 rerum
2952 4322 3096 4377 inter
3120 4338 3180 4377 se
3209 4324 3567 4394 pugnantium

1987 4418 2354 4489 appositiune,
2402 4417 2565 4488 quasi
2607 4415 3249 4486 contentionequadam,
3304 4417 3574 4472 illustrior

1985 4510 2064 4575 iit,
2099 4526 2208 4565 non
2241 4511 2362 4565 sine
2386 4524 2557 4565 causa
2589 4522 2617 4562 a
2639 4507 2802 4564 nobis
2832 4508 3227 4573 molestiarum,
3256 4525 3319 4563 ac
3346 4509 3571 4564 diliicul-

1986 4611 2181 4665 latum,
2223 4601 2426 4672 quibus
2461 4600 2701 4654 humana
2734 4600 2840 4655 vita
2872 4600 3124 4665 allicitur,
3188 4601 3394 4656 mentio
3428 4601 3571 4655 facta

1982 4706 2084 4750 est.
2118 4694 2324 4749 Deinde
2347 4694 2643 4763 explicatio
2682 4691 2957 4762 quaedam,
2989 4701 3042 4747 et
3073 4694 3163 4748 illa
3197 4692 3415 4763 quidem
3444 4693 3569 4748 bre-

1984 4788 2069 4844 vis
2101 4797 2188 4843 est
2220 4784 2534 4841 introducta
2559 4786 2685 4841 vitae
2713 4786 2880 4849 illius,
2914 4801 3037 4857 quae
3071 4785 3428 4856 philosophia:
3447 4801 3571 4840 cun

1985 4890 2246 4936 sentanea
2307 4884 2413 4941 est,
2464 4877 2713 4947 illudque
2757 4891 2892 4931 sane
2929 4878 3254 4933 conclusum
3303 4886 3410 4942 est,
3464 4892 3570 4931 non

296 4963 592 5033 ἐπινοῆσαι
623 4962 719 5017 τοῦ
743 4963 971 5035 ἀγαθοῦ.
998 4963 1210 5035 Εὐρέθη
1232 4962 1409 5018 τοίνυν
1445 4963 1652 5035 ἀληθὴς
1677 4961 1882 5034 παρθεο

1987 4985 2149 5041 posse
2177 4983 2296 5024 eam
2338 4968 2466 5022 vitae
2499 4967 2771 5022 rationem
2805 4980 3136 5037 quemquam
3184 4968 3427 5038 assequi,
3479 4966 3569 5032 qui

294 5056 393 5109 νεα
411 5094 428 5120 ,
458 5058 494 5126 ἡ
523 5055 725 5119 παντὸς
751 5056 844 5110 τοῦ
873 5056 935 5121 ἐξ
978 5054 1263 5127 ἁμαρτιῶν
1303 5055 1582 5126 μολυσμοῦ
1612 5052 1883 5125 καθαρεύ-

286 5162 459 5209 ουσα,
486 5145 625 5217 πρὸς
648 5145 744 5217 τὴν
762 5146 1017 5218 τοιαύτην
1043 5146 1285 5200 ἐπίνοιαν
1314 5146 1632 5218 ἐπιτηδείως
1662 5145 1879 5216 ἔχουσα·

284 5241 445 5296 ὥστε
492 5237 672 5293 πάντα
702 5239 795 5295 τὸν
826 5237 915 5292 διὰ
958 5238 1126 5308 μέσου
1160 5237 1350 5306 λόγον,
1383 5238 1488 5293 κᾶν
1535 5235 1672 5309 πρὸς
1715 5235 1881 5307 ἕτερά

277 5349 424 5388 τινα
455 5330 676 5402 βλέπειν
703 5330 856 5402 δοκῇ,
880 5330 1018 5403 πρὸς
1039 5330 1103 5384 τὸ
1136 5330 1240 5400 τῆς
1265 5328 1563 5402 παρθενίας
1588 5328 1881 5385 συντείνειν

276 5424 601 5495 ἐγκώμιον.
632 5423 744 5488 Τὰς
786 5423 845 5477 δὲ
890 5424 1122 5495 μερικὰς
1166 5421 1449 5494 ὑποθήκας
1497 5420 1591 5477 τοῦ
1638 5424 1881 5477 τοιούτου

275 5518 445 5590 βίον,
475 5516 599 5567 ὅσαι
621 5517 732 5577 τοῖς
755 5514 998 5586 ἀκριϐῶς
1026 5512 1272 5585 μετιοῦσι
1300 5513 1401 5587 τὴν
1426 5513 1726 5585 σεμνότητα
1753 5512 1885 5568 ταύ-

274 5626 399 5680 την
438 5605 899 5677 ἐπετηδεύθησαν,
945 5606 1164 5676 φεύγων
1204 5606 1305 5679 τὴν
1346 5606 1613 5678 ἀμετρίαν
1651 5608 1678 5660 ὁ
1723 5606 1880 5674 λόγος

274 5698 647 5773 παρέδραμε,
679 5696 975 5764 καθολικῶς
1013 5716 1072 5755 τε
1097 5699 1186 5757 διὰ
1206 5699 1316 5756 τῶν
1345 5698 1721 5771 γενικωτέρων
1753 5715 1891 5771 παρ-

1988 5064 2045 5117 in
2099 5061 2358 5117 humanis
2412 5060 2648 5132 negotiis
2698 5057 2925 5114 omnino
2974 5069 3246 5117 versatur.
3299 5058 3405 5113 Sed
3444 5073 3569 5111 cum

1986 5168 2201 5217 eorum,
2230 5153 2323 5224 qui
2352 5166 2540 5207 rerum
2590 5151 2955 5205 humanarum
2995 5165 3184 5205 curam
3231 5149 3565 5220 abjeceruut,

1987 5245 2237 5315 corporis
2256 5242 2533 5313 cupiditas
2562 5241 2845 5298 debilium
2867 5241 2961 5309 sit,
2987 5248 3043 5297 et
3065 5240 3224 5310 quasi
3247 5240 3567 5309 languescat

1990 5335 2272 5408 appetitio,
2328 5333 2461 5389 illud
2503 5333 2634 5389 item
2667 5333 2861 5389 ordine
2903 5333 3191 5403 quaesitum
3237 5337 3343 5395 est,
3381 5344 3504 5400 quae
3537 5344 3569 5388 a

1990 5427 2148 5483 nobis
2188 5441 2278 5483 res
2318 5424 2391 5482 sit
2432 5439 2563 5480 vere
2601 5423 2925 5494 appetenda.
2968 5423 3142 5494 Cujus
3175 5423 3251 5477 rei
3292 5420 3466 5494 gratia
3501 5420 3570 5476 ab

1989 5532 2056 5575 eo
2081 5517 2175 5588 qui
2200 5524 2413 5572 natura!
2437 5524 2645 5571 nostra:
2669 5513 2895 5570 eil‘ector
2920 5521 3028 5579 est,
3061 5514 3235 5584 ipsam
3279 5510 3568 5583 appetitio.

1989 5612 2076 5667 nis
2109 5610 2217 5664 vim
2265 5617 2628 5679 naturamque
2673 5623 2775 5665 nos
2820 5607 3148 5679 accepimus.
3188 5605 3308 5673 Qua
3342 5603 3569 5677 quidem

1989 5718 2068 5771 re,
2093 5701 2271 5773 quoad
2295 5702 2408 5759 licri
2442 5699 2635 5775 potuit,
2663 5699 2821 5772 plane
2849 5698 3145 5772 explicata,
3188 5713 3363 5771 neque
3395 5696 3566 5754 etiam
