3896 6208
366 281 472 342 319

1602 286 1660 341 S.
1700 284 2028 343 GREGORII
2066 287 2358 343 NYSSENI

3517 282 3617 341 320

366 403 698 469 praepostere
739 397 915 453 visum
957 405 1062 467 est,
1096 397 1364 454 rationem
1411 400 1726 470 quamdam,
1781 411 1946 473 atque

2066 405 2405 477 ιγγελμάτων
2464 402 2827 472 προσαγαγὼν
2892 400 2991 474 τήν
3046 416 3389 473 παραινεσιν,
3456 409 3628 473 ἐμπε-

370 503 515 542 viam
537 488 815 559 indagare,
848 504 955 560 qua
987 490 1091 545 hoc
1115 506 1247 546 sane
1269 492 1473 547 bonum
1505 509 1943 565 assequeremur.

376 578 511 635 Vera
542 580 727 651 igitur,
755 589 806 637 et
831 582 1006 637 solida
1033 584 1318 654 virginitas
1348 601 1472 640 cum
1510 587 1672 643 nullis
1697 597 1948 658 peccato—

374 687 495 725 rum
525 672 783 727 sordibus
817 658 1146 739 obsolescat,
1185 689 1249 729 ea
1284 676 1351 730 ad
1388 676 1529 732 banc
1563 677 1735 748 ipsam
1794 679 1947 734 inda-

374 762 648 832 gationem
699 762 920 818 inventa
962 772 1046 820 est
1080 765 1237 821 valde
1283 769 1712 822 accommodata.
1743 769 1949 836 Quam-

373 853 560 908 obrem
587 870 928 926 quaecunque
948 855 1051 911 hac
1085 859 1334 913 oratione
1357 861 1604 930 exposita
1636 871 1785 928 sunt,
1845 864 1949 918 etsi

376 944 485 998 alio
510 955 759 1015 spectare
787 947 1062 1013 videntur,
1094 950 1276 1003 omnia
1304 959 1484 1005 tamen
1515 953 1580 1006 ad
1612 953 1754 1009 hanc
1783 954 1948 1026 virgi-

376 1030 554 1083 nalem
581 1031 793 1086 laudem
824 1033 983 1102 plane
1009 1033 1341 1093 referuntur.
1370 1035 1596 1109 Singula
1618 1043 1766 1095 enim
1786 1041 1950 1110 hujus

377 1122 503 1177 vita:
535 1134 803 1195 prazcepta
845 1134 1008 1197 atque
1035 1129 1309 1191 instituta,
1343 1145 1463 1198 quae
1501 1130 1792 1200 diligenter
1824 1140 1954 1187 sunt

308 1256 309 1259 η
377 1221 433 1268 et
461 1226 716 1271 accurate
764 1220 979 1273 exculta
1022 1220 1092 1274 ab
1133 1221 1219 1285 iis,
1263 1222 1354 1291 qui
1392 1233 1594 1277 sancta}
1626 1225 1749 1277 vita:
1787 1224 1951 1293 hujus

380 1307 673 1375 participes
690 1317 841 1372 sunt,
873 1310 1096 1363 nimiam
1122 1310 1410 1365 verborum
1436 1313 1647 1382 copiam
1665 1311 1950 1385 eﬂugiens,

381 1396 495 1451 luec
540 1401 815 1466 percurrit
864 1401 1074 1456 oratio:
1114 1415 1179 1456 ac
1217 1404 1516 1473 generatim
1564 1420 1661 1473 per
1707 1420 1954 1461 commu-

380 1486 470 1541 nia
513 1498 781 1559 przrcepta
815 1484 1202 1548 adhortatione
1237 1494 1525 1564 producta,
1581 1511 1669 1552 res
1708 1496 1954 1563 singulas

379 1579 452 1632 ita
480 1580 716 1649 quodam
752 1583 916 1638 modo
947 1584 1382 1654 comprehendit,
1413 1594 1470 1639 ut
1498 1599 1674 1655 neque
1706 1602 1793 1641 res
1815 1588 1953 1643 ullas

378 1674 723 1728 necessarias
768 1682 1078 1744 praetereat,
1116 1691 1291 1746 neque
1328 1685 1480 1732 extra
1523 1680 1741 1732 modum
1790 1694 1953 1752 vage-

380 1772 490 1818 tur.
531 1764 667 1819 Cum
698 1776 878 1821 autem
914 1767 968 1821 in
1012 1783 1167 1824 more
1208 1778 1371 1841 atque
1408 1771 1686 1827 hominum
1718 1787 1952 1829 consuc-
1984 1754 2028 1809 Β

382 1855 571 1911 tudine
610 1857 742 1911 illud
784 1858 1022 1928 positum
1056 1861 1149 1925 sit,
1183 1870 1242 1915 ut
1288 1877 1479 1918 omnes
1513 1863 1579 1918 iis
1610 1864 1955 1933 potissimum

382 1963 506 2003 sese
538 1948 736 2003 studiis
766 1950 917 2016 dent,
949 1967 1182 2021 quorum
1217 1954 1379 2007 laude
1411 1956 1559 2011 viros
1587 1957 1833 2013 illustres
1864 1974 1961 2013 ex-

380 2042 585 2097 stitisse
618 2039 876 2106 viderint,
935 2044 1249 2098 necessario
1302 2045 1396 2114 qui
1445 2047 1737 2102 cmlibatus
1787 2048 1959 2118 gloria

382 2129 704 2197 ﬂoruerunt,
746 2147 841 2188 eos
874 2134 961 2203 pie
991 2136 1564 2191 commemoravimus.
1612 2136 1677 2190 Et
1701 2138 1958 2206 quoniam

382 2237 560 2293 neque
598 2226 761 2280 rebus
819 2227 1112 2282 narrandis
1165 2229 1412 2298 exempla
1470 2229 1534 2283 ad
1578 2231 1793 2286 virtutis
1836 2248 1959 2301 per-

384 2314 673 2371 fectionem
722 2325 932 2372 tantum
965 2320 1181 2389 quidem
1230 2323 1486 2375 momenti
1529 2322 1750 2389 habent,
1786 2340 1959 2394 quan-

383 2415 498 2461 tum
512 2417 659 2464 certe
683 2409 846 2466 habet
869 2420 980 2465 tum
1006 2426 1109 2465 vox
1129 2412 1270 2474 viva,
1297 2422 1410 2467 tum
1436 2415 1668 2469 maxime
1687 2417 1957 2485 exempla,

383 2510 503 2564 qua;
532 2511 621 2552 res
653 2499 926 2554 salutares
961 2500 1191 2569 gignunt
1218 2521 1232 2558 :
1274 2502 1483 2558 idcirco
1508 2503 1635 2572 jure
1663 2512 1716 2560 et
1747 2508 1960 2571 merito,

2051 497 2294 571 ριείληφε
2319 496 2516 569 τρόπον
2537 497 2656 551 τινὰ
2676 495 2742 550 τα
2762 494 3116 549 καθέκαττοψ
3133 494 3208 557 ὼς
3235 494 3371 564 μήτε
3399 509 3452 546 τι
3484 510 3624 567 παρ-

2053 592 2179 645 ιδεῖν
2226 589 2339 642 τῶν
2387 588 2699 659 ἀναγκαίων
2724 627 2740 652 ,
2791 587 2888 641 καὶ
2936 586 3035 656 τὴν
3080 585 3345 656 ἀμετρίαν
3388 584 3628 653 φυλάξα-

2052 684 2196 739 σθαι.
2223 683 2418 747 Ἔθους
2445 683 2502 737 δέ
2537 684 2702 736 πᾶσιν
2732 681 2904 747 ὖντος,
2932 679 3337 752 προθυμότερον
3360 681 3629 753 ἀντιλαμ-

2051 774 2308 831 ϐάνεσθαι
2340 773 2539 835 παντὸς
2578 771 3033 845 ἐπιτηδεύματος,
3064 771 3117 825 sl’
3156 788 3308 834 τινας
3343 760 3401 823 ἐν
3437 772 3632 842 ἐκείνῳ

2052 866 2618 937 προευδοκιμήσαντας
2654 864 2750 918 ἴδοι
2768 903 2782 928 ,
2815 863 3130 932 ἀναγκαίως
3156 864 3250 916 καὶ
3276 862 3386 915 τῶν
3416 863 3474 916 ἐν
3499 864 3632 931 ἀγα·

2056 956 2154 1028 μία
2175 956 2590 1027 διαλαμψάντων
2624 955 2794 1024 ἁγίων
2827 956 3048 1026 μνήμην
3078 953 3478 1024 ἐποιησάμεθα.
3519 954 3631 1008 Καὶ

2054 1049 2240 1120 ἐπειδὴ
2288 1050 2361 1120 μὴ
2404 1047 2664 1101 τοσοῦτον
2687 1047 2754 1102 τὰ
2804 1050 2860 1101 ἐν
2888 1050 2999 1110 τοῖς
3036 1046 3369 1117 διηγήμασιν
3413 1045 3628 1099 ὑποδείο

2054 1157 2239 1211 γματα
2290 1140 2542 1195 δύνανται
2575 1140 2712 1213 πρὸς
2764 1138 3100 1210 κατόρθωσιν
3150 1139 3388 1209 ἀρετῆς,
3442 1138 3566 1190 ὅσον
3594 1140 3628 1210 ή

2057 1231 2206 1294 ζῶσα
2240 1231 2426 1303 φωνὴ,
2460 1232 2552 1285 καὶ
2582 1230 2650 1284 τὰ
2691 1229 3057 1302 ἐνεργούμενα
3088 1227 3196 1282 τῶν
3235 1226 3453 1296 ἀγαθῶν
3491 1227 3625 1279 ὑπο·-

2056 1320 2361 1391 δείγματαο
2427 1322 2741 1390 ἀναγκαίως
2778 1320 2913 1392 πρὸς
2962 1318 3038 1390 τῷ
3087 1319 3231 1372 τέλει
3289 1316 3382 1370 τοῦ
3428 1316 3590 1385 λόγου
3616 1358 3631 1379 ,

2055 1411 2151 1466 τοῦ
2206 1411 2622 1468 θεοσεϐεστάτου
2686 1413 2985 1467 ἐπισκόπου
3045 1412 3139 1465 καὶ
3200 1409 3409 1480 Πατρός
3475 1407 3633 1478 ἡμῶν

2058 1504 2517 1576 ἐπεμνήσθημεν,
2576 1505 2651 1568 ὡς
2684 1505 2843 1576 μόνου
2886 1503 3125 1567 δυνατῶς
3167 1503 3380 1573 ἔχοντος
3413 1499 3484 1553 τά
3519 1517 3635 1553 τοι-

2059 1598 2197 1651 αῦτα
2243 1597 2542 1652 παιδεύειν.
2616 1598 2683 1650 Ἦ
2737 1597 2794 1650 δὲ
2851 1598 3037 1669 μνήμη
3081 1596 3181 1649 οὐκ
3234 1594 3320 1649 ἐπ’
3373 1591 3639 1662 ὀνόματος

2060 1691 2301 1761 γέγονεν,
2350 1689 2484 1743 ἀλλά
2529 1688 2618 1742 διά
2662 1706 2822 1744 τινων
2865 1689 3258 1760 γνωρισμάτων
3319 1685 3382 1739 τὺ
3430 1688 3638 1739 ἐκεῖνον

2056 1778 2193 1836 εἶναι
2235 1782 2325 1836 τὸν
2357 1780 2684 1853 δηλούμενον
2725 1782 2754 1834 ὁ
2791 1779 2947 1848 λόγος
2976 1779 3222 1850 ᾐνίξατο·
3278 1777 3364 1829 ἵνα
3413 1777 3489 1847 μὴ
3519 1767 3637 1837 ’τοῖς

2057 1874 2193 1945 μετὰ
2243 1872 2416 1927 ταῦτα
2457 1871 2807 1944 καθομιλοῦσι
2852 1871 2929 1942 τῷ
2970 1870 3111 1941 λόγῳ
3149 1869 3403 1939 ἀνόνητος
3432 1871 3466 1938 ή
3498 1883 3638 1936 συμ-

2055 1963 2219 2036 ϐουλὴ
2258 1960 2398 2018 εἶναι
2427 1964 2586 2037 δόξῃ,
2617 1963 2695 2034 τῷ
2729 1963 3051 2035 παρελθόντι
3097 1962 3189 2015 τὸν
3229 1960 3341 2031 βίον
3372 1976 3638 2031 προσφοι-

2054 2057 2153 2125 τᾷν
2186 2056 2312 2119 τοὺς
2342 2055 2494 2118 νέους
2525 2055 2886 2123 ἐγκελεῦουσα
2913 2071 2925 2083 ι
2957 2052 3092 2106 ἀλλὰ
3138 2052 3273 2122 πρὸς
3314 2050 3473 2103 τοῦτο
3512 2049 3638 2120 βλέ-

2058 2163 2249 2210 ποντες
2277 2146 2451 2215 μόνον,
2484 2140 2595 2199 οἷον
2641 2141 2779 2199 εἶναι
2818 2146 3085 2217 προσήκει
3115 2143 3205 2196 τὸν
3232 2142 3473 2195 τοιούτου
3506 2140 3623 2209 βίου

2066 2235 2402 2308 καθηγητὴν,
2433 2236 2759 2304 ἐκλέγωνται
2788 2236 3000 2297 ἑαυτοῖς
3027 2236 3106 2297 εἰς
3132 2232 3351 2303 όδηγίαν
3381 2232 3507 2292 τοὺς
3535 2228 3625 2281 ἀεὶ

2066 2325 2214 2395 παρὰ
2244 2324 2345 2395 τῆς
2373 2324 2466 2393 τοῦ
2503 2324 2636 2377 Θεοῦ
2670 2324 2891 2395 χάριτος
2919 2323 2998 2386 είς
3030 2320 3366 2392 προστασίαν
3384 2319 3484 2389 τῆς
3519 2318 3636 2370 κατ’

2066 2400 2274 2489 ἀρετὴν
2296 2416 2571 2481 πολιτείας
2603 2415 3093 2487 ἀναδεικνυμένοις’
3128 2415 3161 2483 ἢ
3208 2411 3316 2483 γὰρ
3344 2410 3638 2482 εὑρήσουσι

2068 2509 2157 2562 τὸν
2181 2507 2532 2579 ζητούμενον,
2563 2508 2596 2580 ἢ
2621 2502 2733 2561 οἷον
2771 2506 2878 2578 χρὴ
2903 2504 3039 2561 εἶναι
3066 2507 3166 2561 οὐκ
3191 2507 3567 2576 ἀγνοήσουσιν.

386 2586 487 2642 hac
508 2603 678 2659 prope
703 2600 944 2645 extrema
970 2593 1241 2658 oratione,
1269 2595 1664 2665 religiosissimi
1688 2597 1961 2670 episcopi,
2038 2608 2094 2655 et
2155 2599 2339 2654 Patris
2381 2601 2554 2656 nostri
2602 2600 2972 2665 meminimus,
3010 2597 3168 2666 quasi
3209 2611 3353 2650 unus
3399 2594 3639 2650 omnium

384 2680 620 2736 maxime
700 2683 877 2751 possit
959 2683 1071 2740 haec
1120 2686 1236 2755 ipsa
1285 2702 1407 2755 quae
1457 2688 1751 2757 quaerimus
1806 2689 2023 2747 docere.
2066 2691 2267 2747 Mentio
2320 2700 2500 2747 autem
2532 2692 2651 2762 ejus
2705 2707 2815 2746 non
2849 2690 3168 2746 nominatim
3210 2688 3351 2743 facta
3394 2695 3498 2749 est,
3545 2686 3638 2741 sel

384 2790 453 2831 ex
473 2776 801 2847 quibusdam
835 2777 1008 2846 signis
1037 2779 1216 2832 oratio
1246 2779 1363 2849 ipsa
1403 2781 1642 2836 ostendit
1668 2797 1792 2836 eum
1820 2797 1963 2846 esse,
2004 2799 2164 2853 quem
2217 2799 2319 2840 nos
2369 2786 2741 2855 signiﬁcamus
2773 2802 2786 2838 :
2825 2791 2882 2839 ut
2922 2799 2992 2839 ne
3026 2783 3120 2852 qui
3167 2789 3353 2851 postea
3420 2779 3476 2833 in
3539 2776 3639 2830 hoc

386 2882 639 2923 sermone
678 2877 986 2931 versantur,
1039 2870 1093 2924 id
1130 2872 1420 2926 consilium
1470 2873 1538 2927 iis
1580 2873 1829 2929 videatur
1907 2875 2121 2940 inutile,
2188 2876 2257 2943 si,
2304 2877 2398 2947 qui
2440 2878 2496 2931 in
2551 2877 2691 2931 hanc
2735 2875 2951 2930 vivendi
3025 2875 3166 2927 viam
3215 2870 3617 2943 ingrediuntur,

388 2959 533 3014 sead
560 2958 791 3027 juvenes
816 2960 1067 3015 conferre
1094 2960 1440 3029 juberentur.
1491 2964 1560 3018 At
1587 2980 1716 3020 vero
1745 2966 1847 3021 hoc
1880 2967 2057 3021 solum
2104 2967 2159 3021 bi
2190 2968 2474 3035 intuendo,
2504 2983 2697 3038 nempe
2767 2967 2983 3035 qualem
3050 2979 3171 3020 esse
3213 2963 3405 3018 deceat
3481 2958 3641 3027 hujus

386 3050 512 3106 vita;
562 3050 982 3115 moderatorem,
1024 3052 1264 3123 deligant
1313 3069 1409 3109 eos
1457 3056 1564 3110 sibi
1616 3056 1810 3125 duces,
1865 3059 1960 3128 qui
2000 3074 2225 3114 munere
2252 3076 2316 3114 ac
2334 3060 2670 3131 benignitate
2695 3058 2787 3113 Dei
2815 3058 3050 3114 instituti
3075 3064 3223 3119 sunt,
3285 3064 3345 3108 ut
3402 3054 3643 3108 honestae

387 3147 513 3201 vita:
541 3147 705 3217 hujus
738 3147 1045 3204 rationibus
1076 3149 1339 3218 praesint:
1392 3150 1467 3205 ita
1492 3152 1638 3207 enim
1670 3161 1765 3207 aut
1794 3153 2074 3211 invenient
2106 3156 2158 3211 id
2181 3157 2325 3228 quod
2348 3162 2599 3226 quaerunt
2627 3167 2795 3222 ;.aut,
2855 3154 3016 3225 quale
3083 3152 3189 3207 hoc
3248 3167 3372 3207 esse
3428 3150 3629 3205 debeat

390 3253 501 3295 non
538 3236 886 3310 ignorabunt.

1082 3331 1234 3387 CAP.
1262 3333 1305 3387 Ι.

677 3421 833 3478 οηιηὶ
856 3421 1013 3477 laude
1031 3424 1366 3491 prastantior
1385 3424 1680 3494 virginitas.

460 3515 705 3583 Augusta
754 3514 846 3568 illa
889 3514 1217 3584 virginitatis
1264 3514 1511 3584 quaedam
1565 3515 1723 3586 quasi
1775 3514 1962 3581 facies,

391 3622 514 3677 quae
558 3620 683 3661 cum
727 3605 783 3659 in
830 3604 1005 3673 pretio
1052 3612 1131 3659 est
1172 3604 1317 3673 apud
1357 3620 1547 3659 omnes
1587 3606 1679 3674 qui
1716 3606 1783 3661 de
1820 3608 1967 3661 bono

394 3700 607 3756 sincere
634 3698 907 3768 judicent,
937 3703 1048 3751 tum
1081 3697 1148 3751 iis
1177 3696 1311 3751 solis
1338 3697 1626 3768 contingit,
1667 3698 1868 3768 quibus
1899 3698 1967 3752 ad

395 3792 715 3863 praclarum
748 3789 852 3843 hoc
888 3789 1128 3843 studium
1169 3787 1261 3842 Dei
1295 3789 1467 3857 gratia
1504 3790 1736 3860 benigne
1784 3790 1967 3860 opitu-

396 3885 559 3946 letur,
603 3881 689 3934 vel
731 3895 799 3934 ex
846 3879 1069 3934 nomine
1114 3894 1224 3950 quo
1266 3881 1644 3948 compellatur,
1698 3883 1967 3954 insignem

395 3971 609 4027 laudem
640 3969 840 4023 habet:
879 3983 1005 4022 nam
1036 3968 1435 4037 incorruptum,
1470 3984 1591 4038 quae
1620 3984 1725 4024 vox
1770 3971 1826 4026 in
1858 3972 1971 4027 vir-

393 4063 626 4136 ginitate
662 4062 739 4117 ‘de
790 4060 1086 4115 multorum
1141 4061 1541 4115 consuetudine
1589 4061 1810 4126 dicitur,
1849 4061 1969 4130 ejus

395 4155 762 4225 integritatem
803 4152 1095 4223 significat.
1127 4150 1312 4222 Itaque
1344 4167 1411 4207 ex
1440 4167 1507 4208 eo
1562 4152 1786 4209 nomine
1824 4153 1972 4224 quod

396 4246 736 4303 tantumdem
776 4246 975 4308 valeat,
1019 4244 1326 4315 intelligere
1353 4252 1440 4301 est
1463 4244 1626 4315 hujus
1652 4243 1783 4300 doni
1835 4261 1972 4316 prte-

395 4339 654 4396 stantiam
682 4356 695 4393 :
730 4338 1023 4408 siquidem,
1059 4352 1182 4393 cum
1212 4337 1381 4391 multa
1413 4337 1525 4391 sint
1557 4352 1680 4406 quae
1707 4352 1831 4392 cum
1862 4337 1972 4392 vir-

396 4438 512 4486 tute
566 4440 847 4499 gerantur,
893 4430 1070 4483 solum
1118 4430 1221 4482 hoc
1261 4427 1565 4498 incorrupti
1610 4428 1974 4498 appellatione

395 4533 647 4579 ornatum
675 4530 779 4577 est.
812 4519 908 4575 Sin
939 4529 1121 4574 autem
1158 4518 1482 4573 beneﬁcium
1516 4519 1622 4572 hoc
1654 4518 1749 4574 Dei
1769 4518 1974 4590 Optimi

395 4615 613 4670 Maximi
662 4615 827 4669 etiam
883 4609 1292 4682 praedicandum
1334 4617 1440 4673 est,
1488 4609 1716 4665 sulliciet
1745 4610 1812 4665 ad
1854 4611 1974 4680 ejus

1997 3352 2045 3415 (Ξ

2674 3332 2922 3409 necas.
2964 3336 3042 3390 A'.

2274 3428 2395 3480 Ὅτι
2424 3425 2702 3495 κρείττων
2731 3424 3034 3494 ἐγκωμίων
3058 3425 3096 3493 ἡ
3129 3424 3437 3491 παρθενία.

2137 3521 2210 3574 Τὸ
2237 3519 2430 3590 σεμνὸν
2457 3521 2554 3589 τῆς
2581 3516 2875 3588 παρθενίας
2915 3512 3071 3580 εἶδος,
3116 3516 3145 3569 ὃ
3171 3515 3306 3568 πᾶσι
3336 3515 3432 3584 μὲν
3463 3514 3645 3585 τίμιόν

2067 3613 2181 3665 ἐστι
2207 3614 2315 3675 τοῖς
2343 3610 2404 3663 τὸ
2428 3608 2592 3662 καλὸν
2628 3611 2687 3662 ἐν
2721 3606 3053 3679 καθαρότητι
3082 3607 3362 3677 κρίνουσι*
3404 3605 3645 3676 παραγί-

2066 3718 2213 3755 νεται
2231 3700 2287 3753 δέ
2312 3701 2493 3771 μόνοις
2516 3695 2601 3762 οἷς
2622 3700 2688 3753 ἀν
2715 3698 2862 3771 ήτοῦ
2887 3698 3020 3752 Θεοῦ
3049 3699 3212 3769 χάρις
3240 3697 3486 3767 εὐμενῶς
3513 3699 3644 3768 πρὸς

2066 3791 2166 3860 τὴν
2193 3789 2404 3859 ἀγαθὴν
2424 3789 2627 3861 ταύτην
2651 3789 2945 3860 ἐπιθυμίαν
2980 3789 3437 3859 συναγωνίσηται·
3462 3789 3644 3842 αὐτόθι

2073 3882 2170 3953 μὲν
2196 3882 2306 3952 ἔχει
2330 3880 2421 3934 τὸν
2443 3880 2720 3952 πρέποντα
2749 3880 2989 3944 ἔπαινον,
3013 3882 3122 3934 ἀπὸ
3148 3881 3249 3951 τῆς
3269 3881 3641 3960 προσηγορίας

2067 3975 2167 4045 τῆς
2215 3973 2719 4044 συνονομαςομένης
2762 3974 2922 4044 αὐτῇ.
2969 3972 3042 4026 Τὸ
3091 3973 3201 4045 γὰρ
3241 3973 3476 4045 ἄφθορον
3506 3973 3644 4026 κατά

2069 4065 2167 4136 τὴν
2199 4065 2483 4137 συνήθειαν
2524 4063 2632 4117 τῶν
2662 4063 2875 4117 πολλῶν·
2901 4064 2994 4116 ἐπὶ
3022 4066 3124 4134 τῆς
3162 4063 3457 4134 παρθενίας
3486 4062 3642 4132 λεγό·

2074 4172 2251 4225 μενον,
2300 4154 2632 4225 σημαντικόν
2666 4155 2780 4207 ἐστι
2824 4157 2923 4224 τῆς
2959 4157 3018 4205 ὲν
3066 4154 3203 4225 αὐτῇ
3253 4154 3640 4224 καθαρότητος.

2073 4248 2235 4301 Ὠστε
2260 4247 2345 4301 διὰ
2364 4246 2456 4301 τοῦ
2487 4244 2930 4317 ίσοδυναμοῦντος
2959 4245 3219 4316 ὀνόματος
3240 4245 3386 4299 ἐστιν
3410 4246 3646 4315 ἐπιγνῶ-

2072 4358 2161 4395 ναι
2206 4340 2306 4410 τὴν
2340 4338 2644 4412 ὐπερὸολὴν
2689 4336 2785 4391 τοῦ
2818 4336 3060 4389 τοιούτου
3098 4336 3454 4408 χαρίσματος,
3491 4338 3646 4407 εἰπερ

2075 4429 2282 4484 πολλῶν
2302 4429 2472 4483 όντων
2490 4428 2597 4483 τῶν
2632 4429 2751 4482 κατ’
2775 4427 2974 4499 ἀρετὴν
3003 4426 3455 4497 ἐπιτελουμένων,
3489 4426 3646 4496 μόνον

2072 4521 2231 4576 τοῦτο
2255 4523 2322 4592 τῇ
2366 4520 2648 4591 ἐπωνυμία
2684 4516 2779 4571 τοῦ
2810 4518 3087 4590 ἀφθάρτου
3132 4517 3442 4588 τετίμηται.
3488 4518 3551 4571 El
3591 4517 3653 4570 δὲ

2075 4613 2180 4685 χρὴ
2211 4613 2304 4665 καὶ¹
2338 4613 2404 4665 δι’
2438 4610 2726 4681 ἐγκωμίων
2749 4608 2953 4679 ταύτην
2979 4608 3072 4662 τοῦ
3102 4608 3354 4675 Μεγάλου
3380 4607 3517 4661 Θεοῦ
3543 4609 3657 4662 δω-

393 4705 924 4762 commendationem
979 4702 1200 4758 divinus
1259 4701 1582 4770 Apostolus,
1641 4703 1732 4771 qui
1783 4704 1962 4772 paucis

2074 4705 2202 4778 ρεάν
2245 4702 2657 4773 ἀποσεμνύνειν,
2703 4702 2862 4773 ἀρκεῖ
2905 4701 3040 4773 πρὸς
3082 4701 3359 4771 εὐφημίαν
3401 4701 3575 4771 αὐτῆς
3624 4702 3655 4754 ό

394 4796 578 4852 verbis
626 4808 845 4849 omnem
892 4792 1116 4847 laudum
1168 4789 1653 4861 ampliﬁcationem
1690 4790 1968 4856 obscuret,

395 4896 641 4942 sanctam
672 4894 837 4955 atque
874 4882 1208 4954 inculpatain
1240 4897 1358 4937 eam
1386 4883 1688 4953 appellans,
1726 4898 1846 4953 quae
1870 4882 1973 4938 hoc

396 4995 626 5034 munere
679 4988 869 5032 ornata
926 4978 1016 5031 sit.
1060 4974 1216 5042 Quod
1261 4975 1307 5030 si
1348 4966 1490 5029 enim
1517 4985 1760 5045 augustae
1810 4975 1972 5045 hujus

397 5069 730 5141 virginitatis
760 5084 823 5124 ea
850 5079 935 5124 est
963 5067 1298 5138 perfunctio,
1328 5073 1389 5121 ut
1417 5066 1727 5137 inculpatus
1753 5082 1818 5122 ac
1848 5082 1975 5122 san-

393 5171 519 5217 ctus
557 5161 829 5217 etliciare:
864 5177 942 5216 eae
991 5167 1172 5216 autem
1211 5174 1372 5214 voces
1421 5161 1638 5231 proprie
1684 5175 1750 5214 ac
1797 5158 1975 5230 primo

395 5252 465 5306 ad
496 5252 798 5322 incorrupti
844 5250 937 5305 Dei
976 5249 1206 5321 gloriam
1243 5257 1609 5320 usurpantur:
1657 5262 1972 5319 ecquaenam

396 5344 576 5413 major
609 5358 733 5400 esse
771 5352 951 5414 pctcst
994 5343 1117 5398 laus
1153 5342 1502 5413 virginitatis,
1547 5356 1712 5412 quam
1759 5340 1973 5396 ostendi

395 5448 515 5489 eam
557 5435 624 5490 iis
649 5436 813 5492 rebus
853 5444 1131 5491 castorum
1172 5450 1400 5490 suorum
1435 5447 1765 5489 arcanorum
1800 5431 1972 5501 parti-

396 5525 548 5594 cipes
576 5526 734 5597 quasi
751 5527 901 5583 'deos
930 5527 1168 5593 efﬁcere,
1201 5537 1259 5582 ut
1286 5527 1420 5583 socii
1453 5525 1676 5595 quidam
1706 5524 1818 5580 sint
1850 5524 1971 5594 glo-

402 5615 497 5671 ria:
527 5619 697 5673 solius
725 5635 850 5674 vere
873 5620 1047 5675 sancti
1076 5626 1244 5689 atque
1276 5617 1540 5685 inculpati
1577 5615 1692 5678 Dei,
1729 5615 1974 5670 necessi-

399 5707 591 5767 tudine
637 5725 762 5766 cum
800 5726 865 5768 eo
920 5712 1156 5782 puritate
1194 5719 1357 5783 atque
1390 5708 1703 5782 integritate
1752 5716 1971 5763 contra-

2068 4796 2210 4859 θεῖος
2253 4793 2608 4858 Ἀπόστολος,
2646 4792 2714 4846 δι’
2743 4793 2936 4862 ὀλίγων
2964 4792 3224 4863 ῥημάτων
3253 4793 3435 4846 πᾶσαν
3477 4793 3657 4860 ἐγκω-

2073 4887 2208 4957 μίων
2247 4885 2554 4957 ὑπερϐολὴν
2586 4883 2944 4953 ἀποκρύψας,
2974 4880 3033 4945 ὃς
3067 4883 3230 4950 ἁγίαν
3278 4882 3374 4935 καὶ
3419 4880 3656 4951 ἄμωμον

2068 4978 2166 5050 τὴν
2191 4976 2609 5047 κεκοσμημένην
2636 4975 2725 5028 διὰ
2742 4975 2840 5044 τῆς
2861 4974 3083 5045 χάριτος
3114 4973 3317 5043 ταύτης
3348 4972 3654 5042 ὠνόμασεν.

2071 5070 2132 5122 El
2161 5068 2270 5138 γὰρ
2298 5066 2358 5119 τὸ
2384 5065 2715 5136 κατόρθωμα
2745 5064 2844 5133 τῆς
2870 5063 3074 5134 σεμνῆς
3108 5061 3309 5132 ταύτης
3357 5060 3661 5130 παρθενίας

2080 5160 2218 5225 ἐστὶ,
2256 5159 2319 5213 τὸ
2361 5157 2588 5229 ἀμωμόν
2619 5173 2740 5210 τινα
2771 5154 3026 5224 γενέσθαι
3064 5155 3157 5207 καὶ
3192 5154 3375 5222 ἅγιον·
3401 5151 3578 5207 ταῦτα
3599 5152 3657 5206 δὲ

2079 5252 2147 5307 τὰ
2185 5252 2423 5323 ὀνόματα
2451 5249 2656 5320 κυρίως
2698 5247 2792 5303 καὶ
2815 5247 3044 5317 πρώτως
3072 5247 3153 5310 είς
3177 5245 3334 5310 δόξαν
3363 5245 3657 5315 παραλαμ-

2080 5346 2299 5401 ϐάνεται
2329 5342 2421 5397 τοῦ
2451 5340 2727 5413 ἀφθάρτου
2753 5338 2910 5393 Θεοῦ’
2934 5338 3018 5401 τίς
3048 5336 3248 5410 μείζων
3274 5336 3490 5399 ἔπαινος
3515 5352 3656 5406 παρ⁴

2079 5436 2294 5501 θενίας,
2326 5433 2359 5504 ἢ
2391 5433 2452 5486 τὸ
2498 5431 2878 5503 ἀποδειχθῆναι
2921 5429 3012 5485 διὰ
3059 5428 3263 5483 τούτων
3304 5425 3655 5482 θεοποιοῦσαν

2077 5528 2275 5597 τρόπον
2315 5523 2438 5576 τινὰ
2488 5523 2614 5584 τοὺς
2655 5522 2762 5575 τῶν
2819 5519 3077 5591 καθαρῶν
3124 5519 3293 5589 αὐτῆς
3340 5516 3655 5587 μυστηρίων

2082 5615 2504 5690 μετεσχηκότας,
2528 5614 2607 5676 εἰς
2643 5611 2705 5664 τὸ
2732 5611 2986 5680 γενέσθαι
3018 5611 3215 5672 αὐτοὺς
3243 5612 3532 5670 κοινωνοὺς
3554 5607 3657 5677 τῆς

2077 5708 2231 5781 δόξης
2259 5706 2349 5761 τοῦ
2377 5705 2539 5777 μόνον
2563 5704 2639 5769 ὡς
2666 5704 2881 5777 ἀληθῶς
2915 5703 3069 5774 ἁγίου
3108 5704 3202 5759 καὶ
3229 5702 3458 5773 ἀμώμου
3481 5699 3615 5754 Θεοῦ
3635 5738 3651 5763 ,
