3896 6208
252 346 355 403 5‘21

1628 337 1713 392 DE
1755 336 2222 393 VIRGINITATE.

3424 342 3529 399 329.

252 462 347 518 διὰ
370 457 746 531 καθαρότητος
777 453 932 526 αὐτῷ
969 453 1064 508 καὶ
1085 451 1393 523 ἀφθαρσίας
1421 449 1845 523 οἰκειουμένους.

1954 450 2153 506 lienda.
2191 449 2517 522 Quicunque
2564 466 2694 507 vero
2733 453 2947 526 longius
2978 451 3267 510 'orationis
3318 451 3530 526 digres-

254 554 419 607 ⁰Οσοι
460 550 518 604 δὲ
553 548 796 620 μακροὺς
837 545 1094 609 ἐπαίνους
1137 545 1195 597 ἐν
1231 543 1541 609 διεξοδικοῖς
1588 543 1842 597 κατατείο

254 660 411 697 νουσι
439 642 634 711 λόγοις,
655 639 732 702 ὡς
752 638 843 693 διά
867 637 1073 691 τούτων
1098 635 1498 708 προσθήσοντές
1525 653 1576 689 τι
1608 634 1685 705 τῷ
1715 634 1844 688 θαύ-

263 752 395 806 ματι
418 733 522 804 τῆς
538 729 866 803 παρθενίας,
896 727 1186 799 λελήθασιν
1213 728 1462 792 ἑαυτοὺς,
1496 727 1639 781 κατά
1662 744 1726 794 γε
1747 726 1845 798 τὴν

258 822 401 893 ἐμὴν
438 819 641 892 κρίσιν,
684 816 1088 889 ἐναντιούμενοι
1129 816 1206 888 τῷ
1252 816 1366 887 ίὸίῳ
1415 815 1621 886 σκοπῷ·
1665 816 1733 868 δι’
1772 808 1846 869 ὧν

253 914 566 985 ἐξαίρουσιν
600 913 683 975 είς
729 907 953 980 μέγεθος
973 948 987 969 ,
1018 906 1261 961 ὕποπτον
1306 905 1585 969 ποιοῦντες
1623 904 1713 957 διά
1741 903 1847 958 τῶν

254 1005 551 1077 ἐγκωμίων
585 1003 679 1056 τὸν
703 1002 946 1055 ἔπαινον.
972 998 1114 1051 Ὅσα
1143 998 1253 1070 γὰρ
1286 1000 1343 1051 ἐν
1365 1000 1432 1069 τῇ
1469 997 1629 1067 φύσει
1656 997 1716 1050 τὸ
1746 1014 1846 1067 με-

254 1097 473 1167 γαλεῖον
507 1094 623 1165 ἔχει
645 1135 662 1160 ,
705 1092 917 1147 οἴκοθεν
936 1092 997 1145 τὸ
1025 1092 1211 1163 θαῦμα
1248 1091 1540 1158 ἐπάγεται,
1568 1091 1721 1144 οὒδὲν
1748 1089 1847 1160 τῆς

257 1188 324 1241 ἐκ
363 1186 472 1239 τῶν
500 1184 676 1253 λόγων
711 1182 1042 1254 συνηγορίας
1070 1181 1317 1252 δεόμενα·
1343 1181 1595 1253 καθάπερ
1628 1182 1656 1234 6
1691 1182 1850 1254 ούρα-

256 1278 370 1342 νδς,
398 1278 433 1347 ἢ
459 1279 489 1330 6
521 1277 695 1347 ἥλιος,
721 1275 755 1346 ἢ
797 1274 927 1329 ἀλλο
949 1292 1002 1327 τι
1035 1272 1145 1327 τῶν
1172 1273 1267 1327 τοῦ
1301 1274 1506 1346 κόσμου
1530 1274 1844 1347 θαυμάτων

257 1378 371 1437 τοῖς
398 1373 455 1426 δὲ
486 1370 897 1440 ταπεινοτέροις
939 1368 1047 1422 τῶν
1076 1368 1526 1439 ἐπιτηδευμάτων
1558 1370 1679 1424 ἀντὶ
1700 1371 1851 1426 ’ύπο-

259 1465 468 1537 ϐάθρας
503 1466 533 1518 ὁ
563 1464 720 1532 λόγος
759 1462 1062 1533 γινόμενος,
1107 1461 1372 1532 μεγέθους
1407 1462 1528 1517 τινὰ
1551 1463 1847 1531 φαντασίαν

258 1554 350 1608 διὰ
386 1554 487 1623 τῆς
523 1553 632 1606 τῶν
660 1552 901 1605 ἐπαίνων
938 1551 1216 1619 περινοίας
1254 1552 1630 1623 προστίθησιν.
1681 1551 1847 1607 Ὅθεν

262 1645 527 1708 πολλάκις
569 1644 630 1697 τὸ
677 1645 742 1695 ἐκ
790 1642 898 1696 τῶν
944 1643 1236 1713 ἐγκωμίων
1304 1641 1848 1713 κατασκευαζόμενον

1949 543 2200 599 sionibus
2235 542 2400 613 hujus
2431 543 2507 598 rei
2534 543 2698 599 latius
2732 546 3006 615 explicant
3028 544 3239 612 laudes,
3271 544 3431 613 quasi
3461 560 3529 600 ex

1948 636 2053 691 hoc
2096 635 2299 705 aliquid
2354 636 2665 692 admirabili
2714 637 2843 692 huic
2872 637 3125 708 virginali
3179 637 3364 694 studio
3418 638 3529 692 sint

1950 728 2210 792 addituri,
2241 728 2295 783 hi
2334 728 2582 799 profecto
2614 728 2748 783 mihi
2786 729 3000 800 seipsos
3047 730 3303 801 ignorare
3334 728 3528 785 viden-

1949 828 2061 882 tur,
2088 835 2210 874 cum
2241 834 2354 875 suae
2376 820 2658 875 sententiae
2692 834 3024 891 magnopere
3058 819 3161 890 ipsi
3189 829 3522 892 repugnent:

1950 908 2150 981 quibus
2180 912 2326 965 enim
2352 911 2620 967 encomiis
2656 926 2717 967 se
2751 913 2830 967 rei
2862 913 3291 983 magnitudinem
3334 914 3529 983 ampli-

1953 1002 2115 1057 ﬁcare
2132 1002 2491 1067 arbitrantur,
2514 1002 2708 1059 iisdem
2730 1012 3039 1074 suspectam
3063 1003 3268 1059 faciunt
3284 1003 3523 1059 laudem.

1950 1092 2084 1148 Nam
2126 1110 2248 1164 qua:
2295 1101 2491 1148 natura
2535 1096 2832 1160 excellunt,
2878 1094 3296 1153 admirationem
3340 1111 3526 1152 secum

1951 1183 2207 1251 aﬂ'erunt,
2270 1199 2450 1255 neque
2506 1185 2818 1240 orationum
2879 1187 3183 1256 patrocinio
3243 1186 3524 1257 indigent:

1950 1277 2132 1348 qualia
2165 1286 2297 1333 sunt
2319 1277 2541 1341 ccelum,
2577 1279 2681 1343 sol,
2715 1287 3021 1350 caeteraque
3049 1279 3105 1335 id
3139 1281 3374 1350 generis,
3406 1295 3530 1354 qua:

1951 1367 2007 1423 in
2031 1368 2180 1424 omni
2212 1370 2375 1433 coelo,
2403 1377 2458 1423 et
2503 1376 2646 1424 terra
2687 1369 2892 1439 aliquid
2936 1370 3255 1426 admirabile
3281 1371 3523 1427 habent:

1950 1460 2336 1516 humilioribus
2380 1470 2559 1516 autem
2602 1462 2800 1517 studiis
2829 1462 3008 1517 oratio
3039 1479 3136 1531 pro
3172 1462 3530 1520 fundamento

1949 1552 2227 1623 proposita
2263 1553 2498 1622 aliquam
2529 1553 2924 1623 magnitudinis
2959 1553 3269 1623 opinionem
3307 1555 3526 1612 laudum

1951 1644 2181 1700 artificio
2211 1645 2476 1715 adjnngit.
2508 1643 2695 1716 Itaque
2724 1646 2782 1700 ﬁt
2811 1646 3130 1717 plerumque
3156 1654 3214 1702 ut
3239 1647 3529 1703 admiratio

266 1737 493 1808 θαῦμα,
525 1736 602 1798 ὡς
639 1733 1026 1804 σεσοφισμένον
1073 1732 1546 1787 καθυποπτεύεται
1595 1733 1701 1786 ὑπὸ
1736 1734 1845 1788 τῶν

1953 1751 2073 1806 qua:
2100 1736 2369 1791 encomiis
2421 1746 2793 1806 comparatur,
2832 1739 2995 1793 veluti
3037 1739 3409 1794 commcntitia
3460 1739 3530 1795 ab

270 1802 598 1900 ἀνθρώπων.
630 1802 884 1890 Ἔπαινος
911 1824 968 1878 δὲ
1010 1824 1168 1896 μόνος
1202 1825 1384 1888 ἱκανὸς
1412 1824 1514 1895 τῆς
1546 1825 1842 1897 παρθενίας

1953 1802 2263 1883 hominibus
2291 1802 2863 1899 suspecta'habeatur.
2897 1829 3040 1902 Ergo
3065 1830 3181 1886 haec
3217 1832 3335 1888 laus
3358 1832 3529 1903 virgi-

271 1922 430 1984 ὲστὶ,
468 1923 527 1973 τὸ
562 1918 840 1991 κρείττονα
895 1917 1004 1971 τῶν
1046 1917 1280 1972 ἐπαίνων
1316 1913 1454 1971 εἶναι
1504 1917 1602 1988 τὴν
1643 1917 1844 1989 ἀρετὴν

269 2009 688 2081 ἀποφήνασθαι,
729 2009 824 2063 καὶ
860 2008 941 2079 τῷ
983 2008 1082 2079 βίῳ
1126 2006 1406 2079 θαυμάσαι
1456 1999 1719 2079 μᾶλλονῆ
1767 2007 1846 2078 τῷ

263 2102 409 2173 λόγῳ
432 2102 529 2173 τὴν
566 2101 936 2173 καθαρότηταο
970 2101 999 2152 6
1023 2099 1081 2153 δὲ
1112 2098 1368 2153 ὑπόθεσιν
1400 2099 1690 2170 ἐγκωμίων
1713 2098 1844 2152 ταύ-

260 2211 363 2265 την
390 2194 496 2247 ὑπὸ
537 2193 845 2264 φιλοτιμίας
889 2188 1242 2259 ποιούμενος,
1284 2189 1428 2245 ἔοικε
1469 2191 1571 2260 τὴν
1614 2190 1846 2258 σταγόνα

258 2285 373 2338 τῶν
401 2284 618 2339 οἰκείων
646 2283 887 2357 ἱδρώτων
915 2284 1194 2352 ἀξιόλογον
1233 2284 1312 2347 είς
1343 2282 1660 2354 προσθήκην
1696 2281 1847 2353 νομί-

261 2376 381 2440 ζειν
407 2375 486 2446 τῷ
507 2376 720 2449 ἀπείρῳ
745 2375 971 2443 πελάγει
1000 2374 1348 2445 γενήσεσθαι,
1374 2373 1490 2442 είγε
1523 2372 1846 2445 ἀνθρωπίνῳ

260 2468 412 2540 λόγῳ
432 2468 658 2522 δυνατὸν
685 2465 823 2522 εἶναι
854 2470 951 2539 τὴν
978 2467 1251 2538 τοσαύτην
1282 2467 1444 2538 χάριν
1475 2460 1845 2536 άποσεμνῦιαι

265 2560 658 2616 πεπίστευκεν.
694 2560 765 2613 Ἦ
803 2560 913 2630 γὰρ
941 2560 1039 2632 τὴν
1079 2559 1272 2614 ἑαυτοῦ
1301 2557 1528 2629 δύναμιν
1574 2557 1777 2625 ἀγνοεῖ,
1808 2557 1842 2628 ἢ

259 2654 293 2709 ὃ
319 2654 537 2708 ἐπαινεῖ
557 2653 657 2707 οὐκ
677 2652 985 2707 ἐπίσταται.

1947 1918 2136 1974 nitatis
2165 1919 2385 1989 egregia
2413 1926 2520 1983 est,
2549 1928 2608 1973 ut
2634 1919 2847 1975 scilicet
2885 1927 3094 1974 statuat
3122 1921 3247 1991 quis
3274 1921 3528 1976 virtutem

1945 2008 2120 2077 ipsam
2145 2007 2295 2061 omni
2317 2022 2439 2064 esse
2460 2008 2621 2063 laude
2648 2008 3105 2078 praestantiorem,
3130 2018 3293 2079 atque
3320 2026 3383 2066 ex
3414 2010 3532 2081 ipso

1947 2093 2135 2168 potius
2168 2098 2291 2153 vitae
2329 2113 2550 2169 genere,
2579 2114 2743 2168 quam
2771 2114 2839 2154 ex
2869 2099 3052 2171 aliqua
3079 2102 3329 2156 oratione
3358 2100 3532 2157 casti-

1948 2198 2112 2245 tatem
2145 2190 2416 2261 suspiciat
2448 2197 2613 2260 atque
2643 2187 2981 2256 admiretur';
3030 2207 3155 2247 nam
3186 2193 3278 2264 qui
3334 2193 3389 2248 in
3427 2194 3532 2249 hoc

1953 2281 2284 2350 virginitatis
2330 2282 2617 2336 laudanda:
2646 2291 2971 2354 argumento
3004 2283 3191 2362 gloria:
3231 2284 3531 2355 cupiditate

1952 2372 2221 2428 adductus
2272 2382 2543 2438 versatur,
2594 2390 2703 2429 non
2732 2375 2801 2430 ab
2832 2389 2898 2431 eo
2947 2375 3105 2445 plane
3135 2376 3420 2434 dissimilis
3447 2382 3531 2431 est

1951 2463 2044 2533 qui
2099 2464 2334 2533 aliquam
2390 2464 2608 2520 sudoris
2657 2466 2743 2521 sui
2787 2466 3011 2532 stillam,
3048 2481 3210 2536 quam
3264 2466 3314 2521 is
3348 2465 3527 2535 magni

1952 2553 2135 2616 faciat,
2174 2555 2442 2610 immenso
2473 2555 2610 2609 mari
2642 2563 2795 2626 putet
2840 2555 2957 2612 fore
2987 2555 3438 2619 additamentum,
3479 2554 3528 2609 si

1952 2648 2116 2703 modo
2146 2648 2426 2701 hominum
2458 2663 2711 2704 sermone
2750 2649 3047 2705 crediderit
3073 2656 3283 2703 tantum
3326 2661 3529 2703 munus

263 2760 433 2816 posse
458 2744 727 2802 illusu'ari
756 2751 921 2815 atque
958 2743 1167 2801 ornari.
1206 2744 1314 2800 Aut
1343 2743 1488 2802 enim
1535 2743 1583 2800 is
1625 2755 1850 2800 suarum
1887 2739 2086 2796 virium
2143 2740 2366 2812 ignarus
2392 2749 2499 2807 est,
2536 2748 2633 2797 aut
2675 2740 2729 2797 id
2763 2742 2908 2813 quod
2940 2742 3124 2798 laudat
3186 2755 3297 2797 non
3362 2739 3527 2795 intel-

260 2837 403 2908 ligit.

902 2983 1149 3040 ΚΕΦΔΔ.
1184 2983 1260 3040 B’.

264 3096 392 3151 Ὅτι
455 3094 613 3150 ἴδιον
646 3094 756 3164 τῆς
803 3095 965 3162 θείας
996 3112 1060 3150 τε
1102 3094 1201 3150 καὶ
1241 3092 1557 3164 ἀσωμάτου
1613 3093 1854 3163 φύσεως

578 3165 925 3236 κατόρθωμά
951 3166 1121 3221 ἐστιν
1152 3165 1191 3234 ἠ
1222 3165 1529 3233 παρθενία.

338 3296 622 3363 Συνέσεως
647 3297 758 3370 γὰρ
783 3298 914 3368 ἡμῖν
942 3297 1103 3370 χρεία
1131 3295 1348 3369 πολλῆς,
1377 3296 1445 3352 δι’
1469 3289 1538 3368 ἦς
1566 3295 1682 3349 ἔστι
1709 3296 1848 3365 γνῶ-

260 3410 353 3446 ναι
380 3391 480 3463 τὴν
509 3389 810 3463 ὑπερϐολὴν
833 3389 933 3460 τῆς
963 3391 1181 3461 χάριτος
1215 3388 1420 3461 ταύτης
1438 3428 1453 3454 ,
1480 3389 1603 3459 ἥτις
1632 3405 1850 3442 συνεπι-

261 3487 470 3539 νοεῖται
497 3483 596 3553 μὲν
618 3482 699 3553 τῷ
720 3482 984 3553 ἀφθάρτῳ
1019 3482 1194 3553 Πατρί
1215 3500 1227 3513 ’
1260 3482 1289 3535 ὃ
1315 3482 1380 3554 δὴ
1406 3483 1502 3535 καὶ
1525 3480 1846 3552 παράδοξον,

262 3577 324 3628 ἐν
353 3576 536 3646 Πατρὶ
559 3575 857 3645 παρθενίαν
891 3574 1237 3645 εὑρίσκεσθαι
1254 3613 1268 3639 ,
1294 3574 1371 3645 τῷ
1392 3590 1451 3627 τε
1484 3574 1611 3627 Υἱὸν
1637 3572 1847 3644 ἔχοντι,

264 3666 508 3736 καίδίχα
532 3664 734 3730 πάθους
758 3668 1105 3738 γεννήσαντι·
1129 3665 1207 3736 τῷ
1226 3666 1284 3719 δὲ
1314 3666 1609 3734 Μονογενεί
1630 3664 1749 3735 Θεῷ
1772 3663 1850 3736 τῷ

259 3756 369 3827 τῆς
394 3755 701 3827 ἀφθαρσίας
722 3758 943 3829 χορηγῷ
968 3756 1545 3829 συγκαταλαμϐάνεται
1565 3796 1580 3821 ,
1606 3756 1742 3827 ὁμοῦ
1771 3755 1850 3827 τῷ

261 3845 507 3918 καθαρῷ
534 3847 625 3899 καὶ
643 3847 842 3901 ἀπαθεί
878 3847 979 3917 τῆς
1007 3849 1313 3920 γεννήσεως
1346 3847 1510 3901 αὐτοῦ
1541 3846 1848 3918 συνεκλάμ-

262 3940 451 4009 ψασα.
494 3936 661 3989 Πάλιν
684 3937 743 3990 τὸ
761 3933 878 3993 ἴσον
917 3938 1238 4010 παράδοξον,
1264 3939 1393 4003 Υἱὸς
1436 3938 1525 3992 διὰ
1551 3937 1851 4010 παρθενίας

263 4028 391 4083 νοού
399 4043 588 4097 μενος.
625 4026 993 4099 Ἐνθεωρεῖται
1010 4028 1065 4082 δέ
1085 4027 1346 4092 ὡσαύτως
1367 4027 1461 4082 καὶ
1482 4030 1547 4099 τῇ
1570 4027 1665 4080 τοῦ
1693 4026 1848 4096 ἁγίου

266 4117 595 4187 Πνεύματος
622 4120 821 4189 φυσικῇ
855 4118 948 4172 καὶ
976 4117 1238 4189 ἀφθάρτῳ
1260 4116 1611 4187 καθαρότητι.
1647 4115 1721 4169 Τὸ
1743 4115 1850 4186 γὰρ

266 4208 511 4279 καθαρὸν
544 4210 637 4262 καὶ
676 4209 952 4282 ἄφθαρτον
990 4208 1285 4279 ὀνομάσας,
1321 4207 1466 4278 ἄλλῳ
1496 4206 1721 4277 ὀνόματι
1751 4205 1851 4278 τὴν

267 4300 571 4373 παρθενίαν
595 4301 893 4371 ἐσήμανας.
935 4301 1091 4372 Πάσῃ
1119 4300 1177 4354 δὲ
1204 4301 1270 4371 τῇ
1297 4298 1651 4370 ύπερκοσμίῳ
1692 4296 1851 4367 φύσει

268 4390 763 4462 συμπολιτεύεται,
794 4390 880 4444 διὰ
916 4391 1014 4462 τῆς
1039 4389 1309 4453 ἀπαθείας
1346 4387 1710 4461 συμπαροῦσα
1728 4390 1852 4452 ταῖς

2580 2975 2809 3034 CAPUT
2844 2975 2907 3033 ll.

1959 3090 2164 3146 Divina:
2192 3099 2241 3144 et
2269 3090 2587 3166 incorporeo:
2615 3097 2822 3166 natam
2843 3092 3135 3166 proprium,
3167 3103 3217 3148 et
3242 3095 3527 3166 perlectum

2439 3160 2760 3231 uirginitatis
2794 3160 3039 3232 officium.

2021 3294 2376 3365 lntelligentia
2405 3308 2513 3348 non
2560 3306 2725 3362 parva
2751 3308 2975 3363 egemus
2997 3332 3012 3359 ,
3063 3303 3123 3350 ut
3158 3296 3526 3366 cognitionem

1948 3401 2144 3456 capere
2174 3385 2449 3454 possimus
2475 3385 2641 3453 huius
2664 3385 2981 3441 excellentis
3006 3387 3217 3457 gratiae,
3245 3403 3367 3458 quae
3397 3403 3524 3444 cum

1950 3478 2271 3547 incorrupto
2308 3484 2466 3547 patre
2494 3477 2993 3547 comprehenditur.
3043 3478 3152 3534 Res
3187 3479 3528 3536 admirabilis

1948 3577 2052 3634 est,
2086 3576 2251 3638 atque
2280 3567 2563 3632 inusitata,
2593 3577 2650 3622 ut
2676 3568 2966 3639 virginitas
2999 3569 3052 3623 in
3079 3568 3242 3625 Patre
3283 3571 3529 3626 invenia-

1951 3669 2060 3724 tur,
2093 3661 2187 3728 qui
2216 3667 2269 3713 et
2303 3656 2502 3712 Filium
2544 3659 2728 3724 habet,
2770 3668 2824 3714 et
2854 3658 3050 3715 Filium
3094 3661 3301 3732 absque
3329 3662 3527 3719 alieclu

1950 3753 2156 3825 genuit.
2198 3751 2333 3806 Cum
2363 3751 2644 3822 nnigenito
2674 3761 2856 3807 autem
2886 3751 3016 3816 Deo,
3047 3754 3138 3823 qui
3165 3756 3345 3811 omnis
3371 3753 3532 3826 pudi-

1950 3844 2112 3909 citiae,
2141 3852 2198 3898 et
2240 3844 2571 3914 incorrupta!
2604 3844 2932 3915 virginitatis
2969 3853 3160 3900 auctor
3192 3854 3300 3911 est,
3361 3847 3526 3904 simul

1959 3933 2333 4005 cognoscitur,
2362 3950 2487 3988 cum
2530 3935 2585 3989 in
2611 3935 2730 4005 ejus
2763 3935 2980 4005 pudica,
3009 3943 3173 4006 atque
3214 3936 3530 4009 incorrupta

1951 4025 2303 4096 generatione
2324 4026 2528 4095 pariter
2548 4026 2800 4081 eluxerit.
2819 4024 3142 4098 Rursusque
3162 4029 3360 4084 mirum
3375 4045 3530 4101 asque

1950 4121 2035 4169 est
2063 4112 2258 4169 Filium
2305 4115 2360 4169 in
2394 4115 2711 4185 virginitate
2753 4118 3162 4186 comprehendi.
3220 4120 3531 4192 Eademque

1954 4206 2168 4261 ratione
2194 4206 2249 4260 in
2286 4204 2527 4275 Spiritus
2551 4207 2724 4263 sancti
2751 4209 2984 4263 naturali
3017 4217 3181 4279 atque
3211 4211 3528 4283 incorrupta

1952 4299 2189 4369 puritate
2242 4304 2581 4367 spectantur.
2631 4297 2770 4353 Cum
2805 4299 2950 4353 enim
3003 4314 3198 4369 purum
3251 4305 3526 4372 nominas,

1952 4397 2116 4460 atque
2144 4388 2544 4459 incorruptum,
2567 4388 2930 4460 virginitatem
2962 4391 3068 4445 alio
3099 4394 3322 4449 nomine
3355 4396 3531 4467 signi-

266 4482 666 4553 ύπερεχούσαις
702 4481 1011 4554 δυνάμεσιν,
1035 4481 1160 4536 οὗτε
1180 4480 1325 4544 τινὸς
1360 4480 1468 4535 τῶν
1500 4479 1659 4535 θείων
1695 4496 1848 4552 χωρι-

1953 4481 2125 4538 (leas:
2161 4496 2283 4552 qua:
2311 4482 2367 4536 in
2404 4481 2662 4538 universa
2709 4482 2947 4553 denique
2976 4485 3185 4540 cmlesti
3210 4497 3407 4541 natura
3448 4491 3530 4545 si-

266 4574 473 4645 ζομένη
493 4612 511 4638 ,
551 4573 650 4627 καὶ
688 4574 900 4638 οὐδενὸς
936 4574 1044 4629 τῶν
1085 4573 1342 4629 ἐναντίων
1395 4572 1840 4644 προσαπτομένη.

266 4664 461 4718 Πάντα
480 4662 593 4733 γὰρ
608 4664 710 4718 ὅσα
725 4664 819 4716 καὶ
838 4663 999 4733 φύσει
1013 4661 1150 4736 [καὶ]
1165 4663 1479 4735 προαιρέσει
1501 4663 1637 4735 πρὸς
1652 4664 1854 4735 ἀρετὴν

265 4750 549 4817 νένευκεν,
566 4752 644 4824 τῷ
665 4754 892 4826 καθαρῷ
914 4754 1129 4819 πάντως
1149 4754 1503 4827 ἐνωραΐζεται
1522 4754 1622 4825 τῆς
1642 4754 1854 4826 ἀφθαρ-

269 4846 425 4910 τείας⁹
459 4848 556 4901 καὶ
594 4849 695 4901 ὅσα
728 4848 904 4903 πάντα
946 4850 1028 4913 είς
1062 4849 1162 4921 τὴν
1199 4850 1446 4905 ἐναντίαν
1491 4848 1853 4921 ἀποκέκριται

264 4936 451 5002 τάξιν,
482 4940 552 5009 τῇ
580 4937 898 4992 ἀποπτώσει
939 4940 1038 5009 τῆς
1071 4938 1442 5011 καθαρότητος
1481 4938 1707 4993 τοιαῦτά
1738 4942 1855 4993 ἐστι

262 5028 372 5083 καὶ
400 5030 745 5099 ὀνομάζεται.
779 5032 876 5096 Τίς
903 5027 998 5086 οὖν
1031 5030 1313 5103 ἐξαρκέσει
1332 5032 1557 5105 δύναμις
1586 5031 1761 5101 λόγων
1786 5034 1854 5104 τῇ

252 5123 514 5193 τοσαύτῃ
546 5123 731 5193 χάριτι
771 5122 1185 5195 παρισωθῆναι;
1222 5123 1291 5177 Ἥ
1338 5123 1453 5188 πῶς
1483 5124 1545 5178 οὐ
1575 5122 1855 5194 φοόεΐσθαι

248 5212 403 5286 χρὴ,
433 5213 510 5283 μὴ
537 5212 626 5266 διά
648 5214 749 5284 τῆς
776 5214 885 5267 τῶν
908 5213 1146 5268 ἐπαίνων
1174 5213 1409 5285 σπουδῆς
1436 5215 1743 5287 λυμήνηται
1769 5233 1857 5281 τις

240 5305 335 5359 τὸ
366 5305 655 5374 μεγαλεῖον
676 5306 771 5359 τοῦ
800 5306 1132 5377 ἀξιώματος,
1169 5306 1376 5360 ἐλάττω
1400 5306 1501 5378 τὴν
1524 5308 1655 5379 περὶ
1689 5306 1855 5362 αὑτοῦ

241 5393 434 5457 δόξαν
457 5395 560 5463 τῆς
581 5393 1027 5466 προειλημμένης
1051 5398 1163 5459 τοῖς
1184 5396 1481 5466 ἀκροαταῖς
1510 5398 1817 5469 ἐμποιήσας
1836 5414 1852 5463 ;

242 5482 490 5540 Οὐκοῦν
518 5484 700 5549 καλῶς
724 5484 857 5556 ἔχει,
888 5487 1016 5552 τοὺς
1045 5487 1143 5558 μὲν
1174 5488 1642 5558 ἐγκωμιαστικοίις
1668 5488 1858 5558 λόγους

241 5573 370 5630 ἐπὶ
411 5572 618 5645 ταύτης
651 5575 768 5647 ἐᾷν,
800 5574 875 5639 ὡς
924 5577 1204 5648 ἀμήχανον
1241 5577 1360 5638 ταῖς
1403 5575 1726 5646 ὑπερϐολαῖς
1758 5578 1857 5648 τῆς

238 5660 593 5723 ὑποθέσεως
622 5664 924 5735 συνεπᾶραι
971 5663 1063 5718 τὸν
1099 5662 1277 5734 λόγον’
1321 5662 1396 5726 ὡς
1428 5663 1522 5716 καὶ
1552 5662 1668 5715 ἔστι
1695 5663 1855 5717 δυνα-

238 5755 372 5810 τὸν
420 5753 511 5807 ἀεὶ
555 5753 867 5822 μεμνῆσθαι
912 5754 1005 5809 τοῦ
1033 5757 1174 5812 θείου
1216 5756 1554 5830 χαρίσματος
1585 5797 1599 5822 ,
1629 5754 1723 5810 καὶ
1766 5755 1857 5808 ἐπὶ

1953 4573 2068 4627 mul
2113 4580 2387 4636 versatur,
2437 4573 2565 4644 quia
2599 4588 2723 4629 cum
2761 4574 2832 4630 ab
2869 4574 3155 4632 affectibus
3207 4592 3379 4634 vacua
3434 4581 3528 4646 sit,

1952 4662 2286 4720 sublimibus
2333 4665 2442 4719 illis
2469 4665 2832 4734 potestatibus
2881 4667 3128 4722 inhaeret.
3163 4666 3350 4739 Neque
3376 4685 3528 4737 vero,

1954 4755 2057 4810 etsi
2086 4769 2117 4809 a
2152 4756 2321 4811 nullis
2353 4756 2519 4812 rebus
2565 4756 2769 4811 divinis
2815 4757 3062 4827 seiuncta
3100 4768 3184 4814 est
3222 4762 3527 4832 virginitas,

1954 4846 2251 4903 contrariis
2284 4856 2466 4902 tamen
2491 4857 2576 4902 est
2605 4846 2771 4902 rebus
2802 4846 3083 4916 adjuncta.
3107 4847 3319 4904 Cuncta
3358 4852 3528 4920 enim,

1956 4954 2080 5010 qua:
2127 4947 2184 4994 et
2237 4946 2434 4994 natura
2472 4945 2527 4994 et
2574 4939 2805 4993 consilio
2857 4938 2924 4994 ad
2967 4940 3223 4996 virtutem
3258 4956 3532 5013 propensa

1956 5038 2106 5096 sunt,
2132 5031 2360 5086 omnino
2403 5030 2731 5101 incorrupta:
2767 5030 3122 5100 virginitatis,
3151 5033 3533 5105 pudicitia:un

1957 5123 2247 5192 splendore
2304 5122 2680 5190 decorantur;
2741 5138 2863 5194 quae
2914 5138 3043 5179 vero
3094 5125 3148 5179 in
3197 5126 3531 5180 contrariam

1957 5214 2176 5269 virtutis
2209 5221 2413 5283 partem
2459 5214 2724 5284 proclivia
2753 5212 3024 5277 feruntur,
3065 5216 3336 5269 castitatis
3376 5217 3530 5284 lapsu

1956 5319 2021 5359 ea
2047 5304 2179 5357 talia
2230 5312 2285 5357 ct
2316 5311 2468 5365 sunt,
2516 5313 2571 5358 et
2610 5303 2982 5359 nominantur.
3018 5305 3378 5371 Quamobrem
3413 5320 3535 5375 qum

1957 5398 2107 5446 tanta
2132 5391 2236 5447 erit
2258 5390 2474 5447 dicendi
2499 5390 2737 5446 lacullas
2761 5400 2815 5448 et
2848 5394 3027 5461 copia,
3056 5408 3178 5463 quae
3212 5402 3320 5447 tam
3350 5393 3532 5464 magni

1958 5483 2203 5539 muneris
2222 5482 2544 5554 dignitatem
2575 5482 2832 5539 laudibus
2864 5498 3084 5555 mquare
3111 5485 3323 5555 possit?
3347 5482 3536 5550 Quove

1957 5584 2119 5646 pacto
2154 5587 2264 5629 non
2323 5573 2840 5644 pertimescendum,
2890 5584 2949 5629 ut
2986 5591 3054 5631 ne
3086 5575 3269 5630 studio
3313 5575 3532 5633 laudum

1959 5669 2085 5737 quis
2114 5666 2397 5736 dignitatis
2423 5666 2836 5739 amplitudinem
2867 5668 3048 5733 laedat,
3076 5668 3124 5725 si
3153 5668 3418 5724 minorem
3443 5668 3536 5731 iis.

1959 5757 2055 5828 qui
2089 5756 2345 5827 audiunt,
2374 5773 2538 5831 quam
2572 5759 2676 5831 ipsi
2708 5768 2868 5815 antea
2897 5766 3287 5831 conceperant,
3324 5759 3539 5830 Opinio-
