3896 6208
411 350 514 406 323

1656 341 1712 394 S.
1770 335 2102 395 CREGORII
2155 334 2450 392 NYSSENI

3566 335 3666 390 '5’“

413 479 534 521 nem
579 462 633 518 in
684 459 957 517 laudando
986 457 1216 515 aderat?
1255 457 1525 513 Praeclare
1565 457 1751 528 itaque
1789 456 1990 527 agitur,

2101 453 2347 524 γλώττης
2383 452 2526 522 ἔχειν
2559 468 2620 506 το
2659 451 2884 520 ἀγαθὸν,
2921 451 3058 522 ὅπερ
3104 448 3235 502 ἴδιον
3271 449 3370 519 μὲν
3401 449 3500 520 τῆς
3535 450 3672 505 ἀσωο

411 560 457 614 si
479 572 600 628 quae
630 557 683 610 in
708 553 944 624 alicujus
973 553 1054 607 rei
1082 551 1343 606 laudibus
1367 563 1659 606 versantur
1694 549 1994 613 orationes,

411 649 466 702 in
513 649 616 700 hac
669 651 1101 715 prmtereantur:
1153 641 1312 710 quasi
1345 638 1564 694 dillicile
1621 637 1690 694 sit
1731 638 1998 693 orationis

411 738 518 791 vim
567 747 624 790 et
656 726 873 804 copiam
925 747 1270 803 comparare,
1327 746 1449 801 qua:
1495 729 1822 800 gravissimo
1870 728 1998 784 huic

413 835 742 897 argumento
760 825 1121 894 respondeat:
1155 822 1615 894 quemadmodum
1639 829 1832 876 contra
1862 821 1998 876 illud

411 920 575 973 facile
604 926 710 980 est,
743 917 990 972 divinum
1043 919 1151 971 hoc
1193 931 1397 970 munus
1442 922 1705 985 perpetua
1737 915 1997 970 memoria

413 1012 618 1073 colere,
656 1019 821 1078 atque
853 1008 905 1062 id
935 1010 1134 1063 bonum
1159 1007 1214 1062 in
1243 1021 1338 1063 ore
1361 1022 1574 1078 semper
1603 1007 1822 1072 habere,
1853 1008 1997 1078 quod

412 1102 756 1170 incorporea;
782 1100 1087 1170 divinaeque
1122 1108 1330 1154 naturae
1364 1100 1644 1169 proprium
1677 1101 1896 1170 quidem
1934 1115 1998 1153 ac

411 1195 748 1262 praecipuum
792 1200 913 1260 est;
959 1192 1052 1247 Dei
1096 1202 1278 1246 tamen
1315 1191 1648 1262 benignitate
1700 1193 1768 1247 iis
1807 1192 1993 1257 etiam,

411 1286 504 1354 qui
543 1301 573 1338 e
615 1299 780 1340 carne
825 1293 878 1338 et
926 1285 1192 1350 sanguine
1239 1280 1414 1338 effecti
1471 1283 1637 1351 hujus
1671 1283 1795 1337 vitae
1827 1297 1995 1338 usura

413 1376 690 1436 fruuntur,
715 1374 902 1428 datum
927 1383 981 1428 et
1003 1375 1270 1428 tributum
1297 1381 1402 1438 est,
1438 1382 1494 1426 ut
1521 1373 1808 1443 virginitas
1835 1372 1994 1443 quasi

413 1479 630 1517 manum
685 1463 967 1518 munditia:
1013 1464 1484 1534 participationem
1524 1465 1831 1533 porrigens,
1896 1464 1992 1517 ho-

412 1555 620 1609 minum
651 1566 903 1610 naturam
938 1557 1133 1611 vitiosa
1161 1556 1448 1610 affectione
1495 1555 1764 1623 abjectam
1800 1569 1995 1611 rursus

409 1647 602 1717 erigat,
634 1659 687 1700 et
713 1647 778 1700 ad
808 1646 1118 1702 caelestium
1158 1645 1670 1715 contemplationem
1705 1646 1990 1715 perducat.

409 1738 492 1793 Ob
521 1755 640 1794 eam
689 1741 835 1794 enim
868 1754 1091 1794 causam
1125 1739 1260 1792 mihi
1303 1737 1564 1792 Dominus
1615 1746 1802 1792 noster
1829 1736 1991 1792 Iesus

409 1831 687 1894 Christus,
745 1846 774 1884 a
811 1846 921 1901 quo
950 1830 1117 1885 veluti
1154 1828 1305 1885 fonte
1336 1829 1570 1899 quodam
1605 1829 1786 1885 omnis
1821 1831 1992 1885 casti-
2029 1808 2069 1861 Β

411 1921 592 1974 monia
639 1929 847 1986 manat,
883 1937 992 1976 non
1035 1922 1347 1991 nuptiarum
1376 1923 1461 1976 via
1490 1922 1740 1992 quaesita,
1771 1923 1825 1975 in
1854 1922 1993 1977 hanc

409 2010 574 2063 vitam
606 2010 890 2081 ingressus
921 2011 1155 2077 videtur,
1201 2020 1260 2066 ut
1303 2028 1367 2067 ex
1401 2027 1468 2067 eo
1497 2013 1681 2076 modo,
1715 2028 1826 2082 quo
1871 2027 1994 2068 car-

408 2116 530 2156 nem
561 2102 857 2157 humanam
894 2105 1215 2175 assumpsit,
1261 2105 1582 2159 admirabile
1616 2105 1740 2170 hoc,
1782 2113 1836 2160 et
1877 2119 1994 2158 ma-

408 2209 574 2264 gnum
621 2195 785 2264 plane
829 2196 1151 2267 mysterium
1195 2195 1511 2265 pateﬁeret:
1546 2196 1825 2266 quoniam,
1874 2211 1994 2267 qua:

409 2283 504 2340 Dei
546 2285 840 2340 adventum
903 2287 1327 2352 demonstraret,
1374 2287 1488 2341 sola
1539 2289 1768 2341 castitas
1797 2287 1991 2341 idonea

407 2381 529 2430 cst:
564 2391 730 2446 quam
775 2377 933 2430 aliter
977 2375 1216 2446 perfecte
1257 2378 1484 2431 omnino
1517 2384 1778 2446 przestare
1829 2391 1993 2432 nemo

408 2473 606 2534 potest,
666 2467 776 2521 nisi
830 2468 925 2537 qui
966 2467 1035 2521 ab
1075 2467 1224 2521 omni
1276 2468 1460 2522 carnis
1491 2467 1686 2522 aﬂ'ectu
1722 2483 1782 2523 se
1828 2469 1990 2523 etiam

407 2565 573 2628 atque
602 2561 768 2614 etiam
809 2567 983 2614 totum
1032 2561 1312 2616 averterit.
1342 2560 1499 2626 Quod
1528 2561 1674 2616 enim
1712 2560 1767 2614 in
1810 2560 1994 2615 Mariae

408 2646 646 2720 Virginis
700 2651 976 2706 inviolata:
1025 2667 1257 2722 corpore
1297 2652 1549 2708 ell'ectum
1599 2660 1705 2718 est,
1753 2650 1991 2722 perfecta

404 2739 612 2796 Christi
667 2742 973 2807 divinitate,
1021 2758 1146 2812 qua:
1194 2743 1250 2796 in
1298 2745 1414 2812 ipsa
1444 2742 1668 2814 Virgine
1707 2745 1989 2799 eluserat:

407 2832 510 2885 hoc
533 2832 711 2900 ipsum
735 2831 789 2885 in
820 2833 968 2886 omni
996 2833 1182 2888 animo
1209 2834 1500 2905 contingit,
1529 2835 1622 2904 qui
1649 2835 1720 2888 sit
1742 2836 1994 2891 castitate

406 2929 655 2985 ornatus,
708 2921 1090 2992 rationemque
1133 2923 1329 2977 ducem
1372 2924 1426 2976 in
1459 2923 1709 2995 virginali
1749 2925 1863 2980 vita
1903 2941 1993 2981 se-

418 3021 638 3082 quatur.
671 3011 940 3077 Quoniam
969 3029 1078 3068 non
1110 3014 1368 3083 amplius,
1404 3023 1463 3068 ut
1495 3015 1745 3085 corporis
1770 3015 1992 3070 humani

409 3104 642 3160 formam
669 3104 1026 3175 habitumque
1050 3103 1264 3170 induat,
1295 3113 1558 3162 venturus
1583 3114 1666 3161 est
1692 3104 1992 3174 Dominus;

408 3211 517 3254 non
547 3197 692 3253 enim
715 3198 880 3252 etiam
904 3195 1180 3262 novimus,
1219 3197 1420 3266 inquit,
1445 3197 1746 3254 secundum
1769 3211 1988 3251 carnem

405 3286 720 3352 Christum;
750 3285 847 3342 sed
879 3285 936 3340 in
975 3287 1174 3358 spiritu
1214 3288 1418 3351 veniet,
1454 3295 1510 3343 et
1543 3285 1759 3342 Patrem
1799 3301 1988 3343 secum

404 3379 586 3444 ducet,
629 3387 690 3434 ut
718 3379 956 3451 quodam
997 3381 1122 3434 loco
1154 3385 1393 3434 testatur
1433 3379 1807 3450 Evangelium.
1838 3377 1989 3444 Quo-

409 3472 553 3525 niam
589 3470 752 3540 igitur
779 3477 928 3524 tanta
958 3472 1044 3526 vis
1072 3471 1408 3541 virginitatis
1439 3479 1546 3535 est,
1581 3478 1637 3525 ut
1664 3480 1719 3526 et
1755 3471 1811 3524 in
1835 3469 1991 3524 caelis

405 3562 551 3632 apud
577 3561 870 3632 spirituum
905 3560 1126 3618 Patrem
1157 3569 1398 3627 maneat,
1432 3570 1487 3617 et
1517 3577 1642 3616 cum
1675 3561 1990 3616 caelestibus

407 3653 521 3708 illis
569 3653 846 3710 mentibus
879 3669 988 3708 una
1029 3655 1282 3719 exsultet,
1330 3661 1386 3709 et
1430 3654 1661 3708 salutem
1692 3653 1988 3707 humanam

406 3744 678 3814 attingat;
725 3761 958 3816 cumque
990 3745 1160 3802 Deum
1204 3747 1385 3817 ipsum
1419 3760 1518 3801 sua
1549 3745 1603 3799 vi
1631 3745 1696 3798 ad
1737 3747 1990 3800 humanm

404 3834 530 3890 vim
555 3838 997 3893 communionem
1029 3838 1214 3905 ducat,
1262 3839 1650 3909 hominemque
1683 3853 1878 3894 rursus
1921 3837 1986 3892 ad

404 3926 713 3982 caelestium
752 3945 935 3984 rerum
965 3930 1322 4000 cupiditatem
1356 3931 1598 3997 excitet;
1641 3937 1806 4000 atque
1851 3928 1988 3984 adeo

408 4018 689 4074 hominum
716 4035 840 4076 cum
866 4020 976 4077 Deo
1000 4022 1387 4077 familiaritatis
1409 4023 1686 4077 vinculum
1711 4019 1986 4089 quoddam

408 4110 522 4165 haec
553 4125 677 4166 cum
712 4113 818 4182 sit;
851 4123 907 4171 et
937 4131 1023 4181 ea,
1055 4130 1177 4186 qua:
1209 4115 1456 4170 vicissim
1494 4121 1690 4168 natura
1721 4111 1875 4166 valde
1900 4110 1986 4165 di-

406 4208 574 4266 stant,
620 4202 739 4273 ipsa
771 4207 1073 4264 concilians
1120 4207 1176 4261 in
1230 4219 1561 4261 consensum
1605 4203 1987 4259 concordiam-

403 4303 510 4361 que
539 4291 786 4363 redigat:
819 4311 942 4365 qua:
973 4295 1188 4352 dicendi
1229 4295 1312 4351 vis
1350 4294 1583 4352 inveniri
1621 4303 1829 4365 posset,
1864 4307 1986 4365 quae

405 4381 675 4440 mirabilis
705 4385 868 4454 hujus
895 4388 972 4442 rei
1005 4388 1434 4458 magnitudinem
1472 4387 1845 4457 assequatur?
1875 4384 1983 4441 Sed

403 4470 531 4540 quia
561 4473 857 4529 absurdum
883 4475 1040 4545 plane
1062 4484 1144 4531 est
1168 4487 1443 4531 mutarum
1471 4491 1678 4541 rerum,
1700 4482 1754 4531 et
1769 4488 1981 4540 earum,
2013 4517 2059 4572 Β

401 4577 524 4633 qua:
551 4579 717 4621 sensu
748 4573 957 4634 carent,
1010 4567 1245 4622 similem
1292 4584 1352 4623 se
1379 4583 1502 4624 esse
1539 4567 1734 4632 videri,
1777 4583 1809 4622 e
1845 4565 1984 4621 duo-

315 4717 328 4724 ί
393 4653 614 4724 ⁴ὺιιειιιιο
652 4657 884 4710 alterum
917 4663 1023 4721 est,
1058 4665 1119 4711 ut
1157 4664 1250 4712 aut
1289 4660 1413 4729 quis
1455 4658 1748 4729 virginales
1789 4657 1981 4714 laudes

402 4758 515 4799 non
541 4747 832 4815 agnovisse
864 4747 1132 4815 videatur,
1165 4757 1258 4802 aut
1292 4749 1361 4804 ad
1388 4750 1582 4803 harum
1613 4747 1980 4818 cognitionem

402 4849 509 4888 non
543 4847 874 4892 commotum
913 4854 973 4894 se
1010 4856 1187 4911 neque
1211 4840 1466 4896 aﬂ'ectum
1495 4839 1834 4896 ostenderit:
1875 4853 1980 4895 nos

2103 547 2272 616 μάτου
2306 544 2518 614 φύσεώς
2543 545 2658 598 ἐστι
2682 545 2778 597 καὶ
2806 541 3101 612 ἐξαίρετον·
3131 541 3237 594 ὑπὸ
3261 541 3672 612 φιλανθρωπίας

2098 637 2154 692 δὲ
2181 635 2338 700 Θεοῦ,
2364 637 2459 690 καὶ
2484 637 2595 699 τοῖς
2623 634 2709 688 διὰ
2733 632 2930 703 σαρκὸς
2951 633 3046 686 καὶ⁵
3065 633 3296 702 αἵματος
3322 633 3548 704 λαχοῦσι
3575 635 3675 706 τὴν

2100 727 2242 798 ζωὴν
2277 727 2571 799 ἐχαρίσθη,
2601 727 2688 780 ἵνα
2718 723 3150 796 καταϐληθεῖσαν
3187 725 3286 795 τὴν
3325 725 3675 798 ἀνθρωπίνην

2100 818 2259 888 φύσιν
2286 819 2390 871 ὑπὸ
2413 821 2510 889 τῆς
2532 816 2810 888 ὲμπαθοῦς
2829 815 3141 880 διαθέσεως,
3164 814 3353 887 ῶσπερ
3373 816 3498 872 τινὰ
3517 819 3676 889 χεῖρα

2097 909 2196 981 τὴν
2220 910 2319 980 τῆς
2348 908 2718 979 καθαρότητος
2763 905 3052 978 μετουσίαν
3091 906 3348 978 ὀρέξασα,
3383 907 3544 961 πάλιν
3572 911 3675 980 ὀρ·

2100 1003 2249 1073 θώσῃ
2274 1042 2288 1066 ,
2327 1002 2418 1055 καὶ
2465 1001 2603 1073 πρὸς
2634 1001 2704 1054 τὰ
2747 1002 2859 1055 ἄνω
2888 1000 3104 1071 βλέπειν
3135 1002 3543 1073 χειραγωγήση.
3577 1001 3675 1055 Διά

2098 1095 2254 1148 τοῦτο
2294 1093 2402 1164 γὰρ
2428 1089 2578 1164 οἶμαι
2611 1093 2706 1146 καὶ
2734 1095 2832 1163 τὴν
2875 1092 3059 1162 πηγὴν
3089 1091 3189 1162 τῆς
3215 1092 3541 1164 ἀφθαρσίας,
3573 1093 3674 1146 αὑ-

2097 1185 2188 1238 τὸν
2208 1185 2298 1238 τὸν
2327 1184 2530 1255 Κύριον
2555 1184 2711 1255 ἡμῶν
2753 1182 2960 1254 Ἰησοῦν
2987 1184 3240 1256 Χριστὸν,
3273 1184 3346 1254 μὴ
3376 1184 3460 1238 διὰ
3493 1185 3672 1255 γάμου

2098 1276 2358 1329 εἰσελθεῖν
2386 1278 2464 1340 εἰς
2492 1277 2582 1330 τὸν
2613 1277 2837 1347 κόσμον,
2867 1278 2955 1332 ἵνα
2981 1277 3275 1348 ἐνδείξηται
3309 1277 3396 1332 διὰ
3423 1277 3518 1331 τοῦ
3545 1277 3673 1349 τρόο

2097 1385 2199 1422 που
2231 1368 2328 1439 τῆς
2369 1368 2833 1441 ὲνανθρωπήσεως
2873 1370 2935 1423 τὸ
2983 1371 3127 1441 μέγα
3159 1369 3318 1423 τοῦτο
3353 1371 3671 1442 μυστήριον,

2096 1463 2178 1516 ὅτι
2203 1461 2335 1515 Θεοῦ
2361 1462 2660 1532 παρουσίαν
2681 1463 2774 1515 καὶ
2797 1462 3000 1518 εἴσοδον
3019 1464 3153 1534 μόνη
3181 1463 3488 1535 καθαρότης
3511 1467 3672 1538 ίκανή

2097 1555 2210 1607 ἐστι
2250 1551 2545 1618 δείξασθαιο
2587 1555 2655 1624 ἢν
2699 1553 2872 1618 ἄλλως
2908 1555 3009 1608 οὐκ
3047 1554 3162 1608 ἔστι
3205 1555 3344 1627 πρὸς
3389 1557 3675 1628 ἀκρίϐειαν

2096 1645 2278 1698 πᾶσαν
2297 1643 2728 1716 κατορθωθῆναι,
2753 1647 2800 1699 εί
2831 1645 2905 1718 μὴ
2937 1647 3213 1710 παντελῶς
3239 1665 3323 1711 τις
3345 1648 3538 1702 ἑαυτὸν
3564 1649 3675 1704 τῶν

2100 1733 2376 1806 σαρκικῶν
2415 1736 2757 1806 παθημάτων
2800 1738 3228 1809 ἀλλοτριώσειεν.
3272 1740 3448 1812 Ὅπερ
3476 1740 3586 1813 γάρ
3617 1743 3676 1794 ὲν

2097 1829 2162 1897 τῇ
2197 1826 2446 1897 ἀμιάντῳ
2477 1827 2668 1899 Μαρία
2698 1828 2889 1896 γέγονε
2921 1831 3248 1902 σωματικῶς
3269 1869 3284 1894 ,
3324 1831 3419 1884 τοῦ
3451 1831 3675 1903 πληρώ-

2099 1934 2266 1987 ματος
2289 1917 2388 1988 τῆς
2422 1917 2673 1988 θεότητος
2699 1919 2758 1972 ἐν
2793 1917 2871 1989 τῷ
2895 1919 3115 1991 Χριστῷ
3151 1920 3239 1974 διὰ
3266 1921 3364 1992 τῆς
3393 1922 3673 1992 Παρθένου

2095 2007 2490 2078 ἐκλάμψαντος·
2520 2009 2677 2063 τοῦτο
2703 2010 2796 2064 καὶ
2827 2011 2918 2063 ὲπὶ
2948 2011 3128 2081 πάσης
3148 2012 3323 2083 ψυχῆς
3344 2015 3485 2065 κατὰ
3518 2012 3674 2082 λόγον

2097 2099 2536 2171 παρθενευούσης
2572 2101 2800 2170 γίνεται.
2835 2102 3031 2157 Οὐκέτι
3065 2105 3379 2176 σωματικὴν
3417 2107 3674 2176 ποιουμέ-

2095 2211 2186 2246 νου
2217 2193 2312 2247 τοῦ
2358 2193 2562 2264 Κυρίου
2592 2192 2688 2265 τὴν
2730 2195 3054 2266 παρουσίαν·
3085 2197 3146 2248 οὐ
3194 2195 3303 2268 γὰρ
3332 2195 3670 2268 γινώσκομεν

2095 2285 2174 2337 ἔτι
2195 2325 2210 2347 ,
2243 2285 2376 2355 φησὶ
2396 2325 2410 2349 ,
2447 2285 2590 2338 κατὰ
2619 2286 2796 2358 σάρκα
2827 2286 3079 2358 Χριστόν·
3113 2285 3246 2340 ἀλλά
3287 2289 3671 2358 πνευματικῶς

2095 2373 2554 2444 εἰσοικιζομένου,
2591 2376 2803 2429 καὶτὸν
2849 2376 3063 2447 Πατέρα
3103 2376 3294 2430 ἑαυτοῦ
3330 2379 3670 2446 συνεισάγον-

2094 2481 2185 2527 τος
2207 2504 2221 2527 ,
2252 2464 2434 2530 καθώς
2467 2466 2598 2536 φησί
2633 2485 2734 2520 που
2768 2467 2830 2520 τὸ
2859 2467 3207 2536 Εὐαγγέλιον.
3253 2468 3408 2522 Ἐπεὶ
3445 2465 3538 2523 οὖν
3579 2489 3669 2524 το-

2097 2555 2266 2626 σαύτη
2298 2557 2414 2609 ἐστὶ
2443 2557 2540 2628 τῆς
2569 2558 2920 2631 παρθενίαςή
2952 2559 3200 2630 δύναμις,
3233 2560 3306 2623 ὡς
3335 2562 3429 2614 καὶ
3467 2563 3524 2614 ὲν
3558 2565 3670 2626 τοῖς

2093 2649 2339 2719 οὐρανοῖς
2382 2649 2530 2721 παρά
2569 2649 2646 2721 τῷ
2701 2651 2874 2722 Ποιτρ)⁵
2926 2651 3033 2706 τῶν
3086 2652 3410 2722 πνευμάτων
3465 2654 3666 2723 μένειν,

2095 2739 2188 2792 καὶ
2219 2739 2360 2809 μετὰ
2397 2740 2506 2792 τῶν
2536 2740 2924 2812 ὑπερκοσμίων
2964 2741 3211 2812 χορεύειν
3244 2743 3545 2813 δυνάμεων,
3575 2745 3668 2799 καὶ

2093 2828 2194 2899 τῆς
2221 2830 2568 2902 ἀνθρωπίνης
2597 2831 2870 2904 σωτηρίας
2898 2832 3255 2901 ἐφάπτεσθαι·
3289 2833 3378 2886 τὸν
3411 2835 3509 2904 μὲν
3539 2834 3669 2888 Θεὸν

2093 2921 2161 2974 δι’
2197 2922 2397 2993 ἑαυτῆς
2426 2924 2562 2994 πρὸς
2593 2924 2690 2996 τὴν
2719 2922 2813 2977 τοῦ
2845 2924 3184 2995 ἀνθρωπίνου
3231 2925 3345 2995 βίου
3386 2927 3670 2982 κοινωνίαν

2097 3012 2431 3080 κατάγουσα,
2461 3011 2550 3066 τὸν
2578 3013 2635 3066 δὲ
2666 3013 2950 3084 ἄνθρωπον
2975 3015 3032 3068 ἐν
3062 3015 3228 3086 ἑαυτῇ
3265 3015 3400 3085 πρὸς
3428 3015 3528 3088 τὴν
3557 3015 3668 3071 τῶν

2094 3105 2359 3176 οὐρανίων
2390 3105 2682 3177 ἐπιθυμίαν
2726 3106 3034 3177 πτεροῦσα,
3063 3109 3159 3161 καὶ
3191 3109 3349 3161 οἱονεὶ
3377 3109 3670 3180 σύνδεσμός

2093 3215 2176 3261 τις
2213 3198 2468 3269 γινομένη
2493 3197 2594 3267 τῆς
2640 3197 2986 3269 ἀνθρωπίνης
3007 3198 3143 3270 πρὸς
3173 3198 3266 3252 τὸν
3297 3198 3428 3252 Θεὸν
3456 3199 3670 3254 οἱκειὼο

2094 3307 2232 3353 σεως
2252 3331 2267 3355 ,
2297 3289 2365 3344 τά
2393 3289 2645 3343 τοσοῦτον
2683 3288 2929 3360 ἀλλήλοις
2949 3289 3239 3359 ἀφεστῶτα
3278 3291 3343 3360 τῇ
3375 3289 3566 3359 φύσει,
3599 3293 3665 3362 τῇ

2093 3381 2222 3452 παρ’
2253 3381 2450 3452 ἑαυτῆς
2482 3383 2731 3453 μεσιτείᾳ
2777 3383 2857 3446 είς
2890 3383 3211 3454 συμφωνίαν
3239 3383 3547 3450 ἀνάγουσαι,
3585 3381 3669 3445 τίς

2092 3471 2159 3524 ἂν
2188 3471 2435 3545 εὑρεθείη
2463 3473 2690 3544 δύναμις
2728 3473 2900 3542 λόγων
2935 3473 3258 3528 σδνανιοῦσα
3288 3473 3364 3544 τῷ
3391 3472 3664 3544 θαύματι;

2104 3563 2244 3618 Ἀλλ’
2270 3565 2457 3636 ἐπειδὴ
2485 3567 2682 3620 ἄτοπον
2705 3565 2981 3630 παντελῶς
3007 3566 3241 3636 ἀφώνοις
3263 3567 3296 3638 ἢ
3321 3566 3667 3637 ἀναισθήτοις

2089 3657 2272 3727 ὅμοιον
2307 3657 2611 3727 φαίνεσθαι,
2645 3659 2738 3713 καὶ
2766 3659 2874 3713 τῶν
2905 3659 2997 3712 δύο
3023 3659 3083 3712 τὸ
3124 3660 3328 3730 ἕτερον,
3374 3659 3405 3729 ἢ
3445 3660 3522 3730 μὴ
3569 3660 3666 3711 ἐπ·

2090 3749 2384 3816 εγνωκέναι
2407 3749 2583 3803 δοκεῖν
2606 3750 2675 3804 τά
2693 3751 2792 3821 τῆς
2816 3750 3110 3821 παρθενίας
3131 3749 3291 3815 καλά,
3321 3749 3354 3819 ἢ
3385 3749 3662 3818 ἄπληκτον

2089 3841 2184 3894 καὶ
2215 3841 2470 3913 ἀκίνητον
2518 3842 2651 3914 πρὸς
2686 3843 2784 3914 τὴν
2826 3843 2932 3895 τῶν
2965 3839 3143 3896 καλῶν
3176 3841 3427 3912 αἴσθησιν
3461 3840 3661 3893 ἐπιδειο

2089 3933 2301 4004 χθῆναι⁹
2320 3932 2526 4005 βραχέα
2547 3933 2669 3987 τινά
2693 3934 2819 4006 περὶ¹
2841 3933 3012 4004 αὐτῆς
3036 3935 3228 3997 εἰπεῖν,
3244 3932 3330 3985 διά
3355 3933 3416 3984 τὸ
3442 3931 3549 3986 δεῖν
3568 3930 3661 3983 ἐπὶ

2088 4026 2226 4080 πᾶσι
2275 4025 2558 4080 πείθεσθαι
2605 4029 2671 4098 τῇ
2715 4026 2932 4098 ἐξουσίᾳ
2968 4026 3062 4079 τοῦ
3111 4025 3461 4091 ἐπιτάξαντος
3503 4026 3655 4094 ἡμῖν,

2089 4113 2569 4186 προεθυμήθημεν.
2633 4115 2838 4186 Μηδεὶς
2894 4115 2952 4167 δὲ
2999 4115 3125 4177 τοὺς
3183 4111 3664 4185 κομπωδεστέρους

2086 4201 2218 4271 παρ’
2249 4200 2404 4272 ἡμῶν
2433 4193 2758 4272 ἐπιζητείτω
2787 4202 2895 4254 τῶν
2918 4200 3109 4269 λόγων·
3140 4200 3254 4254 ἔστι
3285 4199 3384 4270 μὲν
3410 4200 3519 4270 γάρ
3541 4199 3661 4252 οὐδὲ

2087 4291 2429 4364 βουλομένοις
2455 4295 2588 4364 ἡμῖν
2623 4293 2754 4356 ἴσως
2799 4293 3018 4346 δυνατὸν
3050 4293 3110 4347 τὸ
3145 4292 3406 4356 τοιοῦτον,
3459 4291 3660 4361 ἀμελε-

2083 4382 2268 4453 τήτοις
2305 4377 2423 4436 οὖσι
2452 4383 2550 4454 τῆς
2582 4381 2836 4454 τοιαύτης
2880 4383 3097 4450 λέξεως.
3131 4384 3193 4436 Εί
3235 4381 3293 4436 δὲ
3341 4382 3435 4435 καὶ
3476 4380 3658 4452 παρῆν

2085 4471 2178 4526 τοῦ
2209 4472 2512 4544 κομπάζειν
2541 4475 2574 4544 ἡ
2619 4473 2848 4546 δύναμις
2867 4514 2882 4537 ,
2913 4475 3012 4530 οὐκ
3044 4475 3110 4530 ἂν
3137 4475 3232 4528 τοῦ
3272 4477 3424 4545 κοινῇ
3454 4473 3662 4526 λυσιτε-

2087 4563 2306 4628 λοῦντος
2341 4564 2402 4617 τὸ
2439 4565 2496 4618 ἐν
2543 4565 2744 4634 ὀλίγοις
2782 4567 3135 4638 εὐδοκιμῆσαι
3190 4567 3666 4638 προετιμήσαμεν.

2087 4655 2278 4726 Ζητεῖν
2301 4655 2408 4727 γὰρ
2431 4655 2490 4720 ἐξ
2513 4657 2765 4711 ἁπάντων
2782 4654 2936 4729 οἶμαι
2961 4659 3069 4712 δεῖν
3091 4659 3180 4712 τόν
3204 4675 3266 4725 γε
3303 4656 3426 4710 νοῦν
3449 4657 3666 4727 ἔχοντα,

2087 4745 2186 4799 οὐκ
2217 4745 2278 4810 ἐξ
2315 4739 2390 4800 ὧν
2419 4747 2559 4818 ὑπὲρ
2593 4750 2719 4814 τοὺς
2756 4749 2977 4814 λοιποὺς
3023 4749 3501 4820 θαυμασθήσεται,
3544 4748 3666 4801 ἀλλ’

2088 4832 2148 4902 ἐξ
2170 4829 2245 4890 ὧν
2276 4837 2343 4892 ἂν
2380 4841 2475 4892 καὶ
2499 4838 2687 4894 ἑαυτὸν
2717 4841 2811 4894 καὶ
2844 4842 2970 4905 τοὺς
2993 4841 3210 4904 λοιποὺς
3238 4840 3591 4910 ὠφελήσειεν.

401 4927 506 4981 hoc
528 4928 646 4998 ipso
682 4930 748 4984 de
777 4947 974 5000 genere
1009 4941 1124 4988 toto
1151 4949 1323 5004 pauca
1365 4933 1614 5004 quaedam
1647 4946 2080 4988 commemorare
2151 4934 2562 5003 proposuimus,
2609 4933 2863 5002 quoniam
2926 4933 3093 5000 illius,
3157 4933 3250 5002 qui
3292 4932 3451 4986 nobis
3521 4946 3668 4999 prae-

399 5018 565 5088 cepit,
621 5020 853 5091 imperio
899 5025 1155 5081 omnibus
1216 5025 1273 5078 in
1331 5024 1496 5079 rebus
1542 5023 1845 5095 parendum
1916 5031 2054 5080 erat.
2094 5021 2281 5094 Neque
2322 5039 2451 5080 vero
2496 5023 2840 5095 magniﬁcam
2896 5025 3184 5079 verborum
3233 5024 3662 5080 ostentationem

399 5111 523 5180 quis
546 5126 576 5164 a
606 5114 763 5168 nobis
798 5115 1042 5185 requirat
1070 5135 1082 5171 :
1116 5115 1560 5186 quandoquidem
1586 5115 1753 5172 etiam
1783 5115 1829 5170 si
1873 5129 1977 5171 nos
2014 5123 2390 5185 expeteremus
2459 5115 2564 5172 hoc
2597 5116 2833 5173 fortasse
2853 5117 3032 5182 nobis,
3068 5117 3120 5172 id
3155 5118 3420 5171 orationis
3485 5132 3661 5187 genus

401 5206 831 5279 negligentibus,
862 5217 1130 5279 praestare
1156 5222 1265 5262 non
1304 5208 1511 5263 liceret.

1597 5206 1694 5263 Sin
1771 5215 1956 5263 autem
2029 5207 2266 5263 facultas
2312 5209 2470 5263 nobis
2512 5208 2678 5278 hujus
2717 5210 3125 5277 ostentationis,
3174 5227 3296 5280 quae
3353 5211 3657 5280 generatim

401 5299 580 5354 minus
608 5301 846 5370 expedit,
898 5301 1126 5367 inesset,
1179 5300 1232 5355 in
1263 5301 1589 5357 concionum
1623 5316 1825 5373 genere
1857 5315 1976 5355 eam
2015 5299 2328 5370 approbari,
2381 5300 2488 5356 hoc
2525 5317 2627 5357 nos
2671 5303 2946 5373 antiquius
2980 5303 3293 5358 habuimus.
3357 5303 3493 5356 Nam
3561 5296 3654 5371 qui

400 5393 610 5448 ratione
655 5396 917 5464 praeditus
960 5405 1066 5462 est,
1120 5397 1169 5452 ei
1222 5397 1572 5468 potissimum
1621 5396 1973 5468 quaerendum
2013 5410 2138 5452 esse
2169 5396 2428 5464 arbitror,
2471 5412 2582 5454 non
2625 5399 2826 5469 quibus
2890 5399 3057 5455 rebus
3126 5399 3418 5454 maximam
3460 5406 3656 5468 praeter

395 5496 624 5546 exteros
656 5491 1072 5551 admirationem
1119 5495 1203 5551 sui
1241 5495 1586 5564 excitaverit,
1635 5493 1730 5552 sed
1766 5493 1969 5563 quibus
2009 5507 2132 5546 cum
2161 5492 2288 5560 sibi,
2327 5500 2440 5550 tum
2467 5495 2681 5551 ca-teris
2715 5494 3090 5566 adiumentum
3121 5495 3192 5551 sit
3222 5494 3510 5548 allaturus.
