3896 6208
239 346 355 404 535

880 459 1130 517 ΚΕΦΑΔ.
1162 459 1238 516 Γ.
1886 482 1934 538 Α

247 599 474 671 κνήμη
504 596 620 671 τῶν
655 598 725 671 ἐκ
788 597 897 653 τοῦ
922 597 1119 671 γάμου
1163 596 1499 671 δυσχερῶν,
1535 596 1855 671 καλ-ἐνδει-

327 667 424 796 ξῑξι
460 667 566 725 τοῦ
608 668 718 724 τὸν
773 667 1111 740 ’γεγραφότα
1155 669 1263 724 τὸν
1298 670 1487 739 λόγον
1509 667 1596 739 μὴ
1629 667 1858 739 ἄγαμον

328 758 360 796 ε
386 758 502 796 ναι.

328 758 502 796 ειναι.

320 920 449 975 Εἴθε
481 935 603 983 πως
631 911 746 972 οἷόν
785 935 845 972 τε
888 913 957 987 ἦν
1000 919 1170 991 κάμοί
1211 936 1267 973 τι
1312 919 1562 989 γενέσθαι
1602 920 1761 974 πλέον
1788 920 1856 974 ἐκ

245 1012 346 1081 τῆς
394 1009 653 1081 τοιαύτης
701 1010 968 1081 σπουδῆς·
1027 1009 1105 1075 ὡς
1155 1010 1295 1083 μετά
1342 1011 1587 1078 πλείονος
1644 1013 1709 1068 ἂν
1754 1015 1856 1085 τῆς

247 1103 562 1174 προθυμίας
590 1101 681 1156 τὸν
728 1101 862 1172 περὶ
909 1099 1116 1156 τούτων
1152 1101 1312 1156 πόνον
1349 1102 1755 1175 ἀνεστησάμην,
1779 1104 1856 1157 ei-

249 1211 361 1265 περ
390 1193 535 1247 κατά
562 1193 623 1247 τὸ
657 1190 1047 1264 γεγραμμένον
1066 1230 1082 1257 ,
1110 1192 1197 1246 ἐπ’
1227 1192 1402 1247 ἐλπίδι
1434 1194 1526 1248 τοῦ
1563 1197 1856 1265 μετασχεῖν

247 1287 360 1339 τῶν
385 1289 453 1340 ἐκ
479 1285 573 1341 τοῦ
601 1285 837 1357 ἀρότρου
879 1286 975 1338 καὶ
1014 1284 1243 1357 ἀλοητοῦ
1267 1285 1639 1357 γεννημάτων,
1671 1287 1852 1356 ἐφιλο-

251 1379 451 1431 πόνουν
471 1378 564 1431 τὸν
595 1376 775 1444 λόγον.
826 1376 962 1430 Νυνὶ
1006 1377 1064 1431 δὲ
1113 1377 1312 1450 τρόπον
1347 1376 1482 1431 ’τινὰ
1524 1380 1728 1448 ματαία
1761 1379 1855 1433 καὶ

251 1471 509 1541 ἀνόνητος
555 1471 590 1541 ἡ
621 1467 828 1539 γνῶσις
873 1469 997 1538 ἐμοὶ
1034 1467 1146 1522 τῶν
1179 1469 1280 1541 τῆς
1326 1469 1624 1540 παρθενίας
1648 1469 1848 1535 καλῶν,

250 1561 328 1624 ῶς
360 1562 439 1632 τῷ
467 1560 550 1631 βοῒ
579 1559 647 1613 τά
675 1559 1014 1629 γεννήματα⁹
1064 1558 1141 1629 τῷ
1187 1559 1325 1630 μετά
1374 1560 1567 1631 κημῶν
1601 1562 1853 1631 ἐπιστρε-

252 1653 476 1723 φομένῳ
510 1653 609 1725 τὴν
647 1650 921 1721 ἀλωναοῆ
975 1651 1051 1715 ὡς
1098 1652 1177 1723 τῷ
1223 1652 1445 1723 διψῶντι
1481 1653 1541 1707 τὸ
1584 1655 1852 1727 ἀπορρέον

252 1746 366 1798 τῶν
401 1745 661 1816 κρημνῶν
698 1744 864 1818 ὕδωρ,
894 1748 1024 1801 ὅταν
1072 1747 1361 1816 ἀνέφικτον
1468 1747 1754 1818 Μακάριοι
1795 1747 1852 1801 δὲ

258 1830 345 1899 οἷς
378 1839 438 1888 ἐν
480 1837 690 1910 ἐξουσίᾳ
715 1837 821 1892 τῶν
867 1838 1153 1910 βελτιόνων
1202 1839 1354 1892 ἐστὶν
1398 1840 1432 1912 ἡ
1476 1840 1709 1911 αἵρεσις,
1759 1824 1855 1895 καῖ
1887 1839 1925 1894 Β

263 1930 367 1982 οὐκ
382 1929 826 2001 άπετειχίσθησαν
847 1931 925 2004 τῷ
943 1933 1106 2004 κοινῷ
1126 1930 1526 2005 προληφθέντες
1548 1932 1667 2004 βίῳ,
1685 1933 1854 1988 καθά-

261 2038 373 2094 περ
398 2024 553 2093 ἡμεῖς
593 2017 702 2076 οἷόν
743 2041 851 2078 τινι
900 2025 1139 2096 χάσματι
1184 2024 1321 2097 πρὸς
1347 2023 1409 2078 τὸ
1435 2024 1533 2096 τῆς
1558 2025 1855 2097 παρθενίας

255 2115 521 2185 καύχημα
556 2114 923 2188 διειργόμεθα,
957 2116 1092 2188 πρὸς
1123 2118 1190 2189 ἢν
1215 2118 1317 2170 οὐκ
1352 2116 1501 2170 ἐστιν
1539 2118 1853 2172 ἐπανελθεῖν

249 2204 333 2258 Est
382 2206 474 2260 τὸν
514 2206 661 2274 ἅπαξ
714 2206 790 2279 τῷ
824 2206 1076 2278 κοσμικῷ
1120 2206 1220 2278 βίῳ
1257 2208 1319 2261 τὸ
1375 2210 1520 2279 ἴχνος
1569 2208 1854 2279 ἐναπερεί-

248 2314 445 2361 σαντα.
479 2300 578 2353 Διά
609 2297 769 2354 τοῦτο
796 2298 985 2353 θεαταὶ
1018 2298 1179 2371 μόνον
1215 2298 1326 2352 τῶν
1363 2299 1658 2371 ἀλλοτρίων
1687 2301 1855 2372 ἐσμὲν

245 2390 435 2442 καλῶν
475 2391 662 2460 ἡμεῖς,
711 2390 807 2444 καὶ
846 2391 1124 2462 μάρτυρες
1152 2391 1250 2462 τῆς
1284 2391 1560 2464 ἑκατέρων
1588 2394 1855 2466 μακαριό-

244 2496 414 2549 τῃτος
436 2496 451 2510 ·
483 2480 588 2534 κάν
619 2497 672 2533 τι
699 2480 871 2545 δεξιὸν
909 2482 1037 2554 περὶ
1066 2481 1362 2553 παρθενίας
1386 2470 1696 2555 νοήσωμεν,
1725 2483 1854 2538 mg.

242 2575 340 2636 τὸν
382 2573 668 2642 πάσχομεν
712 2574 821 2636 τοῖς
868 2572 1143 2643 ὀψοποιοῖς
1189 2591 1249 2629 τε
1304 2575 1398 2628 καὶ
1443 2576 1764 2648 ὑπηρέταις,
1804 2576 1853 2630 οἳ

245 2665 351 2734 τὴν
381 2661 769 2735 ἐπιτραπέξιον
806 2663 914 2717 τῶν
956 2664 1224 2719 πλουσίων
1270 2668 1482 2739 τρυφὴν
1515 2667 1695 2733 ἄλλοις
1725 2668 1855 2739 ἡδύ-

246 2771 454 2818 νουσιν,
514 2754 725 2819 οὐδενὸς
769 2756 923 2810 αὐτοὶ
976 2755 1086 2811 τῶν
1143 2758 1673 2831 παρεσκευασμένων
1724 2778 1856 2834 μετ-

248 2849 503 2920 έχοντεςο
534 2846 611 2912 ὡς
658 2847 930 2920 μακάριόν
961 2866 1026 2919 γε
1076 2848 1144 2904 ἂν
1182 2846 1271 2922 ἦν,
1311 2852 1360 2904 εί
1397 2850 1472 2923 μὴ
1517 2850 1690 2917 οὕτως
1715 2849 1852 2924 εἶχε,

251 2941 393 3012 μηδὲ
440 2942 510 3013 τῇ
551 2940 940 3013 ὕπεροὸουλίᾳ
969 2942 1030 2997 τὸ
1074 2942 1237 3000 καλὸν
1285 2944 1683 3017 ἐγνωρίσαμεν.
1719 2947 1855 3000 Νυνὶ

247 3031 307 3084 δὲ
337 3029 574 3100 ζηλωτοὶ
602 3030 701 3101 μὶν
726 3031 918 3096 ὅντως,
959 3032 1055 3086 καὶ
1084 3033 1267 3104 πάσης
1306 3034 1475 3105 εὐχῆς
1528 3036 1622 3088 καὶ
1665 3036 1856 3090 ἐπιθυ-

250 3123 386 3194 μίας
412 3122 668 3177 ἐπέκεινα
715 3124 1065 3197 πράττοντες.
1115 3120 1196 3190 οἷς
1239 3127 1274 3197 ή
1314 3125 1542 3198 δύναμις
1571 3128 1679 3183 τῶν
1713 3130 1851 3184 ἀπο-

247 3216 501 3270 λαύσεων
568 3215 678 3271 τῶν
723 3216 945 3287 ἀγαθῶν
997 3218 1202 3273 τούτων
1258 3219 1359 3273 οὐκ
1410 3221 1851 3276 ἀποκέκλεισται.

263 3309 459 3381 Ἡμεῖς
501 3308 559 3362 δέ
587 3308 840 3382 καθάπερ
877 3310 926 3363 oi
950 3312 1016 3382 τῇ
1046 3310 1292 3384 πολιτείᾳ
1318 3314 1337 3333 '
1362 3311 1457 3366 τοῦ
1506 3312 1733 3368 πλούτου
1758 3313 1857 3387 τὴν

253 3400 470 3453 ἑαυτῶν
499 3398 985 3472 παραθεωροῦντες
1010 3401 1223 3464 πενίαν,
1251 3401 1436 3457 πλεῖον
1460 3403 1717 3458 ἀνιῶνται
1744 3409 1857 3470 τοῖς

252 3490 494 3557 παροῦσι
542 3491 637 3545 καὶ
677 3490 1118 3564 δυσχεραίνουσι’
1161 3492 1252 3547 τὸν
1296 3493 1461 3549 αὑτὸν
1506 3496 1706 3567 τρόπον
1746 3498 1856 3570 ὅσῳ

254 3583 424 3638 πλέον
466 3582 560 3637 τδν
603 3584 704 3656 τῆς
749 3585 1047 3657 παρθενίας
1101 3585 1329 3662 πλοῦτον
1384 3588 1818 3661 ἐπιγινώσκομεν
1839 3631 1855 3657 ,

253 3676 501 3748 τοσούτῳ
531 3676 730 3748 μᾶλλον
775 3677 1117 3750 οίκτείρομεν
1156 3677 1249 3732 τὸν
1282 3678 1442 3734 ἄλλον
1471 3678 1606 3749 βίον,
1639 3679 1727 3734 διὰ
1755 3681 1856 3754 τῆς

250 3769 364 3823 τῶν
398 3769 681 3839 βελτιόνων
705 3770 1139 3844 παρεξετάσεως,
1165 3765 1275 3825 οἷον
1308 3772 1403 3826 καὶ
1435 3774 1559 3827 ὅσον
1586 3774 1855 3846 πτωχεύει

252 3858 791 3930 καταμανθάνοντες.
826 3862 904 3916 Οὐ
953 3860 1098 3931 λέγω
1144 3862 1304 3933 μόνον
1343 3862 1443 3917 ὅσα
1488 3862 1717 3936 ὕστερον
1742 3868 1856 3931 τοῖς

254 3954 387 4008 κατ’
424 3951 626 4022 ἀρετὴν
649 3951 963 4023 βεϐιωκόσιν
1001 3953 1305 4021 ἀπόκειται,
1328 3954 1464 4010 ἀλλά
1502 3955 1597 4010 καὶ
1620 3959 1722 4011 ὅσα
1753 3957 1855 4028 τῆς

258 4042 556 4116 παρούσης
583 4044 695 4097 ἐστὶ
724 4043 890 4116 ζωῆς.
928 4045 993 4099 Ei
1026 4047 1135 4117 γάρ
1179 4062 1264 4110 τις
1290 4045 1536 4118 ἀκριϐῶς
1580 4047 1854 4114 ἐξετάζειν

259 4135 437 4188 ἐθέλοι
466 4133 563 4188 τοῦ
594 4134 709 4205 βίου
735 4136 925 4189 τούτου
963 4135 1024 4189 τὸ
1069 4136 1205 4207 πρὸς
1249 4136 1348 4208 τὴν
1397 4137 1694 4210 παρθενίαν
1737 4139 1853 4195 διά·

260 4243 449 4299 ςορον,
501 4226 772 4298 τοσαύτην
819 4226 1040 4298 εὑρήσει
1084 4226 1184 4299 τὴν
1224 4227 1505 4303 διαφορὰν,
1530 4231 1627 4302 ὂση
1668 4231 1854 4302 σχεδὸν

257 4320 398 4390 πρὸς
426 4318 498 4372 τά
522 4318 752 4390 οὐράνια
794 4318 901 4372 τῶν
923 4318 1181 4388 ἐπιγείων
1207 4320 1382 4374 ἐστίν’
1424 4321 1600 4389 ἔξεστι
1629 4322 1687 4377 δὲ
1712 4323 1853 4393 γνῶ-

256 4431 345 4467 ναι
367 4411 469 4483 τὴν
495 4409 592 4465 τοῦ
629 4411 789 4480 λόγου
814 4411 1090 4483 ἀλήθειαν,
1122 4413 1258 4467 αὐτά
1289 4412 1756 4484 διασκεψαμένους
1780 4416 1851 4471 τά

258 4503 582 4573 πράγματα.
633 4500 806 4554 Πόθεν
847 4500 1003 4565 δέτις
1044 4500 1347 4574 ἀρξάμενος
1380 4502 1609 4568 ἐπαξίας
1656 4503 1724 4559 ἂν
1759 4503 1849 4558 τὸν
1881 4525 1930 4585 ι)

259 4591 437 4663 βαρὺν
477 4589 668 4645 τοῦτον
714 4590 1219 4663 ἐκτραγῳδήσειενς
1275 4590 1346 4643 ’Ἡ
1370 4590 1486 4655 πῶς
1534 4592 1601 4645 ἂν
1650 4608 1734 4655 τις
1783 4590 1853 4645 τά

258 4683 423 4737 κοινά
457 4682 553 4736 τοῦ
587 4682 706 4753 βίου
738 4681 830 4736 ὑπ’
856 4681 977 4753 ὄψιν
999 4681 1195 4751 ἀγάγοι
1238 4680 1407 4747 κακὲ,
1448 4679 1485 4735 ἀ
1514 4681 1714 4747 πάντες
1754 4682 1855 4753 μὲν

254 4778 309 4830 οἱ
342 4775 621 4848 ἂνθρωποι
649 4774 738 4828 διά
774 4774 874 4845 τῆς
909 4774 1105 4845 πείρας
1152 4773 1511 4843 γινώσκουσιν
1533 4817 1547 4840 ,
1598 4775 1699 4829 οὐκ
1739 4770 1856 4831 οῖδα

254 4865 316 4920 εξ
345 4866 497 4928 ὅπως
528 4865 585 4918 ἐν
605 4865 788 4929 αὐτοῖς
814 4866 928 4928 τοῖς
962 4864 1161 4918 εἰδόσιν
1198 4864 1337 4919 αὐτά
1376 4865 1659 4920 λανθάνειν
1692 4868 1727 4938 ὴ
1755 4866 1857 4937 φύ-

256 4975 349 5022 σις
397 4959 803 5031 ἐμηχανήσατο.
860 4958 1124 5023 ἑκουσίως
1175 4957 1284 5012 τῶν
1333 4958 1635 5031 ἀνθρώπιον
1674 4960 1733 5014 ἐν
1773 4958 1855 5025 οἷς

247 5051 403 5104 εἰσιν
443 5046 819 5117 ἀγνοούντωνς
847 5047 1037 5102 Βούλει
1080 5049 1189 5104 ἀπὸ
1238 5049 1347 5105 τῶν
1396 5050 1631 5123 ἡδίστων
1673 5050 1855 5123 ἀρξώ-

243 5143 441 5214 μεθας
474 5139 689 5197 Οὐκοῦν
721 5141 784 5194 τὸ
819 5141 1113 5211 κεφάλαιον
1143 5142 1251 5196 τῶν
1287 5145 1344 5197 ἐν
1384 5144 1462 5215 τῷ
1490 5144 1652 5216 γάμῳ
1688 5160 1856 5198 σπου-

229 5232 571 5305 δαζομένων
595 5233 658 5287 τὸ
709 5234 1112 5307 κεχαρισμένης
1159 5235 1436 5307 ἐπιτυχεῖν
1469 5239 1585 5292 ἐστι
1615 5235 1856 5308 συμῦιώ-

231 5342 423 5389 αεως.
476 5324 587 5378 Καὶ
629 5323 693 5397 δὴ
740 5324 890 5379 ταῦθ’
930 5325 1106 5390 οὕτως
1159 5326 1350 5398 ἐχέτω,
1381 5328 1474 5382 καὶ
1511 5328 1599 5384 διά
1636 5329 1855 5385 πάντων

230 5417 606 5493 μακαριστὸς
632 5418 1034 5490 ὑπογεγράφθαι
1061 5421 1091 5475 ό
1118 5421 1327 5491 γάμος·
1355 5421 1508 5491 γένος
1548 5424 1853 5496 εὐδόκιμον,

226 5505 494 5572 πλοῦτος
532 5508 739 5580 ἀρκῶν,
768 5509 957 5580 ἡλικία
1007 5510 1398 5583 συμδαίνουσα,
1425 5514 1524 5586 τῆς
1551 5514 1700 5586 ὥρας
1721 5515 1857 5571 αὐτὸ

219 5604 306 5658 τὺ
340 5598 535 5664 ἄνθος,
567 5600 788 5672 φίλτρον
830 5601 992 5667 πολὺ,
1023 5604 1118 5658 καὶ
1166 5598 1281 5659 οἷόν
1326 5607 1474 5660 ἐστιν
1507 5607 1566 5660 ἐν
1609 5607 1856 5681 ἐκατέρῳ

222 5691 403 5763 ὐπὶρ
432 5690 531 5745 τοῦ
574 5690 738 5745 ἄλλον
782 5692 1151 5751 ὑπονοεῖσθαι·
1200 5698 1430 5769 γλυκεῖα
1465 5697 1650 5772 ἐκείνη
1704 5699 1855 5769 φιλο-

220 5782 438 5841 νεικία
465 5779 533 5836 τὸ
580 5782 770 5838 ἑαυτὸν
796 5782 1079 5855 βούλεσθαι
1125 5790 1284 5863 νικᾷν
1316 5790 1376 5844 ἐν
1409 5790 1478 5861 τῇ
1506 5789 1696 5864 ἀγάπῃ
1726 5791 1854 5847 ἐκά-

1598 338 1691 397 DE
1724 337 2185 397 VIRGINITATE.

3433 344 3539 407 526

2559 456 2790 515 CAPUT
2839 459 2932 517 III.

1961 592 2407 651 Commemoratio
2440 593 2831 665 diﬁicultatum,
2886 612 2949 650 ac
2979 594 3344 651 motestiarum
3365 638 3385 662 ,
3420 612 3542 667 qua!

2028 682 2057 720 ε
2096 667 2293 735 nuptiis
2323 667 2585 721 exsistunt
2614 682 2633 720 :
2677 683 2780 734 qua
2816 668 2870 721 in
2898 683 2954 721 re
2989 667 3389 722 demonstratur
3415 668 3540 724 item

2029 738 2110 878 ἵε,
2159 738 2248 807 qui
2286 738 2578 791 orationem
2630 736 2769 791 hanc
2810 739 3157 809 conscripsit,
3211 738 3399 794 caelebs
3433 756 3541 794 non

2056 823 2213 861 uisse.

2056 823 2213 861 ιιιδεε.

2029 915 2250 971 Utinam
2280 915 2464 987 aliquo
2506 916 2669 971 modo
2701 915 2815 973 fieri
2850 926 3054 988 posset,
3081 924 3142 972 ut
3176 932 3240 974 ex
3275 917 3381 973 hoc
3419 928 3539 975 stu-

1958 1009 2050 1065 dio
2091 1008 2222 1063 mihi
2258 1023 2477 1079 quoque
2527 1008 2733 1077 aliquid
2775 1009 3010 1078 amplius
3039 1009 3395 1080 contingeret,
3427 1024 3538 1080 quo

1957 1102 2316 1173 propensiore
2371 1100 2539 1155 animi
2591 1107 2892 1166 voluntate,
2950 1116 3051 1172 ego
3103 1101 3158 1156 in
3209 1101 3314 1156 hoc
3370 1102 3537 1158 studii

1960 1210 2158 1265 genere
2238 1194 2479 1249 laborem
2539 1194 2895 1263 posuissem:
2936 1195 3196 1265 quoniam
3238 1194 3284 1249 si
3341 1209 3404 1248 ea
3440 1209 3538 1265 spe

1955 1288 2214 1352 ducerer,
2255 1295 2333 1352 ut,
2366 1286 2824 1357 quemadmodum
2858 1286 3054 1343 litteris
3088 1286 3362 1358 proditum
3414 1294 3534 1352 est,

1956 1378 2170 1451 frugum
2205 1394 2328 1451 qua:
2357 1394 2421 1435 ex
2476 1378 2725 1433 aratione
2780 1376 3048 1432 triturave
3119 1378 3535 1449 percipiuntur,

1956 1482 2167 1545 partem
2220 1486 2321 1544 ego
2375 1485 2593 1541 quoque
2680 1471 2917 1542 aliquam
2983 1470 3231 1538 ferrem;
3282 1480 3539 1527 accurate

1954 1580 2088 1619 sane
2152 1563 2207 1618 in
2289 1563 2393 1619 hac
2434 1565 2684 1618 oratione
2736 1564 3126 1619 elaborassem.
3186 1560 3343 1617 Nunc
3409 1577 3539 1619 vero

1956 1656 2090 1711 mihi
2145 1654 2493 1726 virginalium
2542 1654 2767 1710 laudum
2826 1655 3066 1727 cognitio
3104 1654 3340 1725 quodam
3374 1653 3538 1708 modo

1955 1747 2135 1803 inanis
2177 1757 2259 1803 est
2291 1761 2356 1800 ac
2389 1745 2611 1801 minime
2642 1745 2947 1812 fructuosa,
2978 1745 3172 1816 quales
3200 1745 3377 1800 solent
3414 1760 3539 1800 esse

1957 1847 2115 1894 terrae
2145 1839 2330 1909 fruges
2396 1839 2571 1903 bovi,
2639 1838 2733 1908 qui
2785 1853 2881 1893 ore
2954 1837 3122 1893 frenis
3174 1837 3435 1908 impedito
3469 1835 3539 1891 ad

1954 1946 2138 1987 aream
2186 1931 2570 1987 convertitur:
2617 1930 2671 1986 id
2724 1930 2872 2001 quod
2927 1930 3131 1986 accidit
3180 1932 3308 1986 item
3363 1930 3412 1985 ei
3443 1929 3535 2001 qni

1956 2038 2155 2095 aquam
2210 2024 2325 2079 sitit
2354 2038 2385 2078 e
2423 2022 2715 2093 prmruptis
2772 2022 2927 2078 saxis
2976 2021 3328 2087 deﬂuentem,
3364 2037 3539 2093 neque

1955 2131 2074 2173 eam
2112 2131 2310 2187 capere
2342 2122 2542 2188 potest.
2573 2114 2846 2171 Prteclare
2896 2115 3116 2186 quidem
3170 2130 3295 2170 cum
3322 2114 3391 2170 iis
3424 2114 3538 2186 agi-

1957 2219 2068 2275 tur,
2120 2210 2321 2279 quibus
2378 2210 2648 2280 integrum
2680 2218 2736 2264 et
2776 2209 3008 2264 liberum
3042 2220 3127 2265 est
3177 2209 3405 2264 meliora
3436 2208 3535 2263 de-

1956 2302 2162 2374 ligere:
2217 2303 2419 2374 quippe
2475 2318 2601 2358 cum
2649 2303 2930 2358 communi
2983 2319 3042 2359 se
3097 2304 3222 2357 vitae
3258 2301 3533 2370 dederint,

1955 2394 2114 2466 quasi
2184 2396 2330 2449 vallo
2394 2394 2580 2465 aliquo
2613 2395 2966 2465 circumsepti
3031 2408 3141 2449 non
3232 2401 3532 2451 tenentur:

1955 2483 2416 2554 quemadmodum
2466 2499 2588 2548 nos,
2628 2484 2721 2554 qui
2774 2483 2943 2539 veluti
2976 2485 3213 2554 quodam
3261 2493 3534 2539 terrarum

1958 2576 2105 2630 hiatu
2156 2560 2530 2647 prohibemur,
2590 2575 2887 2645 quominus
2920 2577 2988 2631 ad
3021 2577 3160 2631 hanc
3213 2578 3535 2648 virginalem

1956 2668 2184 2739 gloriam
2226 2668 2573 2733 accedamus,
2608 2682 2774 2739 quam
2805 2668 3076 2740 attingere
3128 2669 3239 2725 illis
3299 2671 3536 2740 amplius

1956 2774 2066 2813 non
2125 2758 2277 2823 licet,
2320 2757 2505 2829 quiin
2555 2759 2809 2815 humanas
2859 2760 2986 2815 vitae
3035 2760 3313 2816 curriculo
3365 2761 3537 2817 vesti-

1954 2853 2102 2921 gium
2159 2851 2327 2906 semel
2374 2852 2775 2921 impresserint.
2833 2850 3015 2918 Quare
3075 2866 3177 2907 nos
3233 2853 3535 2910 alienarunt

1954 2942 2179 2998 laudum
2219 2951 2577 3014 spectatores,
2653 2943 2935 3015 beatosque
2969 2945 3199 2999 aliorum
3250 2945 3381 3003 vita:
3451 2953 3536 3002 te-

1957 3044 2092 3099 stes,
2139 3034 2267 3089 Iieet
2304 3049 2563 3105 magnum
2594 3034 2822 3105 aliquid,
2877 3042 2933 3090 et
2961 3036 3282 3105 praeclarum
3326 3036 3395 3091 de
3426 3037 3540 3092 viro

1960 3127 2184 3196 ginitate
2212 3126 2548 3197 cogitemus:
2600 3134 2781 3182 tamen
2838 3126 2981 3182 idem
3032 3128 3195 3185 nobis
3247 3129 3536 3201 contingit,

1960 3217 2106 3287 quod
2162 3217 2541 3272 conditoribus
2613 3216 3066 3288 administrisque
3128 3220 3370 3275 convivii
3428 3236 3537 3277 usu

1959 3308 2148 3362 venire
2194 3307 2357 3372 solet,
2409 3307 2503 3377 qui
2561 3306 3052 3378 eonquisitissimis
3109 3309 3252 3365 cibis
3285 3310 3356 3365 ad
3401 3310 3539 3367 alio-

1959 3414 2082 3454 rum
2136 3400 2469 3469 voluptatem
2518 3399 2750 3453 divitum
2789 3413 3011 3456 mensas
3064 3400 3374 3469 condiunt;
3430 3403 3537 3475 ipsi

1958 3507 2089 3549 vero
2128 3507 2313 3546 earum
2366 3506 2571 3555 rerum,
2604 3506 2727 3563 quae
2784 3500 3058 3563 apparata
3105 3499 3273 3559 sunt,
3330 3496 3536 3552 nullam

1958 3587 2184 3638 omnino
2247 3590 2457 3653 partem
2516 3582 2716 3639 habent
2767 3600 2783 3637 :
2830 3598 2997 3654 quam
3042 3583 3189 3640 beati
3244 3600 3537 3651 essemus,

1958 3676 2065 3732 nisi
2116 3691 2206 3732 res
2253 3677 2327 3729 ita
2382 3690 2442 3731 se
2481 3674 2751 3744 haberet,
2806 3691 2988 3746 neque
3045 3690 3147 3732 nos
3206 3687 3540 3749 praepostero

1958 3768 2190 3824 consilio
2265 3781 2503 3837 seroque
2577 3768 2782 3821 malum
2839 3782 3324 3839 cognosceremus.
3377 3769 3542 3827 Certe

1960 3858 2190 3928 hujusce
2231 3857 2409 3913 laudis
2442 3856 2496 3911 hi
2529 3856 2933 3913 tunmlationem
2965 3874 3157 3915 revera
3188 3859 3538 3931 profitentur,

1958 3965 2021 4006 ac
2062 3951 2187 4021 plus
2234 3965 2390 4015 sane,
2436 3965 2600 4020 quam
2664 3950 2896 4020 cupiunt
2926 3958 2982 4007 et
3026 3963 3256 4023 optant,
3292 3953 3370 4008 illi
3416 3954 3544 4025 qni-

1955 4043 2080 4098 dem
2130 4051 2347 4115 agunt,
2412 4044 2615 4114 quibus
2685 4043 2753 4097 ad
2824 4044 2968 4099 bona
3034 4045 3151 4101 haec
3207 4045 3540 4116 perfruenda

1956 4148 2067 4189 non
2118 4143 2204 4190 est
2254 4135 2576 4190 obstructus
2638 4134 2840 4190 aditus.
2889 4134 2998 4191 Nos
3030 4152 3163 4191 vero
3199 4138 3314 4206 jam
3365 4140 3422 4192 in
3472 4152 3539 4193 ea

1954 4240 2122 4298 porro
2169 4225 2482 4282 conditione
2543 4243 2739 4282 sumus
2795 4228 2851 4284 in
2892 4241 2999 4297 qua
3056 4227 3115 4293 ii,
3179 4230 3273 4299 qui
3311 4228 3539 4287 divitia-

1954 4334 2099 4385 rum,
2153 4325 2318 4389 atque
2394 4332 2559 4388 opum
2611 4318 2970 4388 amplitudine
3023 4334 3181 4374 suam
3235 4335 3363 4376 cum
3433 4322 3536 4394 ipsi

1961 4410 2404 4481 contemplemur
2457 4418 2856 4481 paupertatem,
2918 4410 3156 4481 majores
3208 4428 3275 4468 ex
3350 4427 3536 4470 rerum

1956 4519 2180 4560 suarum
2239 4512 2384 4559 statu
2445 4504 2551 4559 sibi
2620 4511 2843 4560 struunt
2883 4504 3324 4570 sollicitudines,
3377 4507 3540 4565 vehe-

1956 4596 2308 4666 mentiusque
2345 4606 2670 4668 torquentur
2700 4612 2715 4650 :
2747 4598 2823 4653 ita
2850 4611 2952 4653 nos
2997 4614 3107 4669 quo
3141 4599 3315 4670 magis
3370 4600 3541 4669 virgi-

1957 4686 2147 4741 nitatis
2195 4685 2417 4742 divitias
2463 4687 2889 4757 cognoscimus,
2945 4702 3013 4744 co
3064 4688 3318 4757 gravius,
3372 4687 3540 4746 rebus

1956 4779 2278 4835 melioribus
2327 4779 2618 4851 indagatio,
2668 4781 2814 4835 aliud
2857 4781 2981 4836 vitae
3024 4797 3198 4852 genus
3255 4782 3537 4853 lugemus;

1955 4887 2081 4927 cum
2124 4873 2629 4929 animadvertamus
2673 4874 2874 4943 quibus
2919 4858 3205 4944 quantisve
3246 4874 3404 4931 bonis
3446 4891 3540 4932 ca-

1956 4972 2093 5028 reat,
2125 4978 2303 5034 neque
2348 4964 2417 5020 iis
2471 4964 2672 5028 solum,
2706 4980 2827 5035 quae
2860 4965 2983 5020 illos
3028 4974 3273 5032 manent,
3307 4967 3400 5040 qui
3435 4967 3538 5023 ho-

1955 5064 2112 5111 neste
2173 5062 2432 5127 casteque
2488 5055 2791 5124 vixerunt,
2836 5056 2929 5114 sed
2996 5057 3106 5115 illis
3178 5060 3343 5116 etiam
3415 5074 3539 5131 quas

1956 5146 2122 5217 hujus
2170 5148 2295 5202 vitae
2358 5148 2577 5219 propria
2611 5157 2762 5205 sunt.
2797 5148 2854 5205 Si
2893 5150 3020 5221 quis
3057 5151 3203 5208 enim
3248 5152 3536 5223 diligenter

1955 5238 2245 5308 exquirere
2280 5240 2454 5305 velit,
2502 5257 2626 5311 qua:
2685 5242 2758 5298 sit
2811 5241 2978 5312 hujus
3029 5259 3060 5297 a
3124 5243 3375 5313 virginali
3424 5243 3534 5300 vita

1955 5330 2378 5399 dissimilitudo,
2431 5340 2639 5388 tantam
2701 5333 2949 5405 profecto
3006 5334 3272 5401 inveniet,
3329 5345 3534 5407 quanta

1957 5422 2128 5480 ferme
2156 5431 2241 5479 est
2285 5431 2630 5480 terrenarum
2673 5441 2859 5482 rerum
2894 5441 2927 5482 a
2957 5428 3277 5485 caelestibus
3306 5448 3319 5484 :
3352 5429 3535 5501 hujus-

1955 5530 2064 5586 que
2111 5514 2378 5572 orationis
2415 5516 2698 5572 veritatem
2737 5518 3012 5591 cognitam
3041 5557 3057 5584 ,
3086 5520 3536 5594 exploratamque

1956 5606 1993 5662 ii
2052 5606 2253 5663 habere
2283 5617 2536 5678 possunt,
2576 5608 2671 5678 qui
2724 5625 2815 5667 res
2874 5612 3025 5685 ipsas
3082 5612 3294 5670 ratione
3323 5615 3538 5671 animo-

1955 5714 2066 5771 que
2127 5700 2506 5758 lustraverint.
2567 5701 2730 5760 Unde
2791 5704 2959 5777 igitur
3012 5706 3138 5777 quis
3180 5706 3395 5765 initium
3453 5708 3539 5763 fa.

1957 5793 2177 5859 ciendo,
2226 5793 2478 5852 acerbam
2519 5794 2661 5852 hanc
2717 5795 2885 5854 vitam
2940 5797 3150 5869 tragice
3181 5801 3321 5858 satis
3347 5800 3538 5872 deplo-
