3896 6208
391 384 491 440 5‘27
1601 363 1658 414 S.
1701 359 2031 416 GllEGUllll
2066 359 2107 412 Ν
2119 357 2361 413 YSSENI
3543 355 3649 416 ειη

326 484 329 485 ν
381 499 578 559 raret?
612 499 718 552 Aut
760 487 1031 564 quomodo
1054 484 1171 540 haec
1203 480 1518 537 communia
1564 480 1687 534 vitae
1748 479 1957 536 incom-

2077 496 2239 550 τερον.
2290 476 2580 550 Προσέστω
2631 476 3016 543 τούτοιςδόξα
3075 478 3170 531 καὶ
3222 477 3510 532 δυναστεία
3562 484 3656 536 καὶ

381 594 542 651 moda
595 592 665 647 ob
701 585 889 643 oculos
939 585 1186 652 poneret,
1221 590 1347 631 cum
1397 590 1465 629 ex
1509 589 1612 628 usu
1675 573 1811 628 satis
1844 572 1960 627 haec

2077 568 2409 641 περιφάνεια.
2446 569 2540 622 καὶ
2572 569 2679 622 πᾶν
2708 569 2737 622 ὃ
2780 585 2834 621 τι
2870 566 3070 639 βούλει.
3104 568 3246 621 Ἀλλ’
3275 570 3381 641 ὅρα
3428 570 3524 624 καὶ
3560 571 3657 644 τὴν

384 687 500 756 ipsa
543 698 734 739 omnes
789 672 1137 745 intelligant?
1168 671 1273 725 -Ac
1326 669 1512 725 nescio
1545 668 1818 741 quomodo
1848 669 1963 737 ina-

2077 664 2178 725 τοῖς
2213 660 2686 733 ἀπηριθμημένοις
2735 663 2990 732 χρηστοῖς
3046 661 3358 731 ἀναγκαίως
3407 679 3657 733 συμπαρα

383 752 505 830 tura
559 771 758 833 effecit,
809 778 868 823 ut
947 764 1061 818 haec
1136 761 1254 831 ipsa
1311 759 1493 829 ignota
1545 758 1657 811 sint
1715 758 1823 822 iis,
1870 756 1963 826 qui

2077 753 2238 807 οὖσαν
2270 754 2365 806 καὶ
2394 753 2814 824 ὐποσμύχουσαν
2838 752 3016 824 λύπην
3048 792 3063 807 .

385 879 446 923 ea
501 861 860 935 perspiciunt,
917 871 1042 911 cum
1076 850 1349 913 homines,
1395 850 1451 903 in
1513 849 1714 919 quibus
1763 849 1846 902 hae
1878 862 1967 902 res
2006 846 2217 914 insunt,
2260 846 2408 901 ultro
2461 847 2732 917 ignorent.
2818 844 2925 901 Sed
2964 845 3185 900 lubetne
3280 853 3339 900 ut
3391 862 3423 900 a
3494 847 3663 902 rebus

392 956 811 1031 iucundissimis
874 947 1276 1009 exordiamur?
1320 944 1490 1018 Igitur
1559 960 1741 1000 rerum
1794 943 2038 999 omnium
2078 958 2216 1013 quas
2265 943 2321 997 in
2382 942 2588 1013 nuptiis
2644 941 2893 997 homines
2938 947 3246 1010 expetunt,
3305 948 3471 1010 caput
3525 940 3662 996 illud

386 1059 492 1117 est,
569 1058 630 1103 ut
680 1047 989 1103 convictum
1023 1083 1038 1108 ,
1085 1043 1321 1111 vitmque
1408 1038 1724 1094 societatem
1785 1037 2240 1107 iucundissimam
2300 1043 2682 1106 asseqnantur.
2739 1036 2920 1105 Atque
3015 1035 3130 1090 haec
3204 1032 3423 1106 quidem
3467 1034 3542 1089 ita
3603 1049 3663 1098 se

386 1139 670 1202 habeant,
760 1135 1071 1206 nuptiteque
1142 1131 1289 1186 omni
1337 1145 1404 1185 ex
1476 1134 1631 1199 parte
1705 1142 1868 1197 quam
1913 1127 2245 1183 beatissima
2297 1126 2720 1184 describantur:
2773 1126 2991 1198 generis
3059 1126 3366 1191 nobilitas,
3443 1123 3662 1180 divitia-

388 1252 507 1292 rum
544 1236 698 1300 satis,
752 1243 874 1303 apta
910 1230 1199 1300 utriusque
1234 1234 1388 1293 :etas,
1433 1223 1858 1299 pulchritudinis
1909 1221 2031 1287 llos,
2071 1223 2313 1280 charitas
2350 1239 2584 1289 summa,
2646 1232 2702 1279 et
2734 1226 2949 1294 quanta
3007 1222 3243 1277 maxima
3299 1219 3528 1293 cogitari
3564 1233 3661 1290 po-

385 1336 496 1384 test
547 1326 832 1394 utriusque
911 1336 1038 1393 erga
1080 1320 1309 1375 alterum
1345 1337 1359 1374 :
1393 1316 1576 1373 dulcis
1619 1316 1713 1369 illa
1784 1315 2085 1384 contentio,
2130 1331 2257 1371 cum
2327 1317 2466 1373 alter
2526 1317 2756 1388 alterum
2823 1317 2877 1372 in
2931 1330 3116 1371 amore
3195 1314 3377 1370 studet
3419 1315 3659 1370 vincere.

388 1415 664 1472 Accedant
715 1414 782 1468 ad
842 1414 957 1467 haec
1013 1412 1205 1483 gloria,
1253 1425 1405 1480 opes,
1459 1408 1703 1478 potentia
1738 1448 1754 1473 ,
1811 1406 2087 1476 splendor,
2131 1416 2186 1463 et
2249 1423 2411 1464 omne
2449 1409 2719 1479 denique,
2803 1406 2952 1478 quod
3016 1407 3141 1463 addi
3181 1406 3350 1462 lubet.
3407 1405 3664 1461 Attamen

393 1517 453 1562 tu
499 1507 657 1562 velim
718 1504 906 1561 videas
944 1503 1320 1576 aegritudinem
1352 1501 1691 1573 quamdam,
1727 1515 1849 1572 qua:
1875 1500 2083 1557 sensim
2156 1502 2436 1559 hominem
2485 1502 2725 1567 conficit,
2782 1516 3008 1572 unaque
3062 1501 3381 1556 necessario
3447 1499 3516 1555 iis
3584 1514 3665 1555 re-

390 1603 494 1657 bus
548 1602 713 1667 inest,
774 1615 894 1670 quae
937 1599 992 1653 in
1049 1597 1211 1653 bonis
1261 1599 1561 1653 numeratae
1605 1592 1758 1652 sunt.
3146 1603 3151 1609 ‘

460 1693 733 1747 Praetereo
790 1690 1090 1755 invidiam,
1161 1705 1281 1760 quae
1317 1689 1581 1745 concitari
1637 1689 1693 1743 in
1749 1701 1845 1744 eos
1889 1702 1976 1742 so-

2153 1685 2227 1739 Οὐ
2250 1685 2392 1756 λέγω
2414 1683 2504 1738 τὸν
2528 1687 2637 1749 τοῖς
2661 1682 3033 1756 εὐδοκιμοῦσιν
3060 1685 3418 1756 ἐπιφυόμενον
3449 1685 3664 1755 φθόνον,

393 1785 497 1848 let,
553 1784 642 1853 qui
702 1782 887 1852 glorim
934 1779 1169 1835 assecuti
1202 1786 1331 1834 sunt
1385 1777 1751 1848 splendorem,
1800 1790 1976 1847 neque

2083 1778 2178 1831 καὶ
2203 1777 2285 1843 τὸ,
2314 1777 2603 1849 πρόχειρον
2636 1772 2772 1829 εἶναι
2800 1775 2934 1846 πρὸς
2965 1773 3255 1846 ἐπιϐουλὴν
3303 1775 3409 1828 τῶν
3451 1775 3667 1847 ἀνθρὼ-

393 1888 782 1939 commemoro,
829 1887 993 1943 quam
1058 1870 1218 1925 facile
1268 1871 1551 1925 hominum
1584 1870 1802 1925 insidiis
1839 1869 1974 1924 illud

2082 1886 2198 1923 πων
2245 1869 2308 1922 τὸ
2350 1867 2539 1921 δοκοῦν
2586 1867 2873 1940 εὐημερεῖν
2926 1868 2983 1921 ἐν
3028 1865 3103 1937 τῷ
3139 1865 3256 1936 βίῳ,
3305 1867 3398 1920 καὶ
3441 1867 3522 1920 ὅτι
3555 1870 3667 1932 πᾶς

393 1967 701 2038 expositum
750 1964 840 2031 sit,
879 1979 1001 2020 cum
1054 1964 1178 2033 quis
1234 1962 1288 2017 in
1344 1963 1450 2017 vita
1510 1964 1677 2018 rebus
1714 1963 1975 2019 secundis

2077 1962 2105 2015 6
2148 1961 2222 2033 μὴ
2268 1960 2559 2032 ίσομοιρῶν
2611 1960 2668 2013 ὲν
2706 1958 2785 2029 τῷ
2832 1957 3119 2029 κρείττονι,
3161 1956 3387 2026 φυσικόν
3426 1975 3479 2010 τι
3524 1957 3667 2030 πρὸς

397 2059 470 2112 uti
512 2057 747 2122 videtur,
807 2069 1039 2125 quamve
1088 2061 1314 2124 paratus
1369 2054 1442 2109 sit
1471 2053 1686 2117 omnis,
1727 2053 1815 2109 cui
1878 2053 1976 2108 bo-

2077 2053 2169 2106 τὸν
2197 2052 2535 2124 ὑπερέχοντα
2575 2051 2635 2105 τὸ
2663 2053 2817 2122 μῖσος
2850 2049 2962 2120 ἔχει
2980 2066 2993 2080 ο
3020 2049 3114 2102 καὶ
3140 2048 3227 2104 διὰ
3263 2048 3419 2102 τοῦτο
3449 2049 3517 2102 δι’
3559 2050 3665 2102 ὐπ-

395 2164 592 2205 norum
642 2148 875 2218 aequatio
912 2162 1021 2201 non
1071 2146 1360 2217 contingit,
1413 2146 1663 2201 naturale
1700 2143 1973 2216 quoddam

2077 2143 2234 2215 οψίας
2260 2147 2374 2208 τοῖς
2399 2142 2646 2197 δοκοῦσιν
2677 2142 2929 2213 εὐθυμεῖν
2956 2144 2984 2196 6
3014 2142 3126 2213 βίος
3150 2143 3317 2210 ἐστὶν,
3346 2142 3514 2196 πλείω
3552 2142 3665 2195 τῶν

395 2241 582 2297 odium
648 2239 847 2294 habere
901 2238 955 2293 in
1009 2253 1170 2302 eum,
1213 2238 1307 2308 qui
1366 2238 1489 2309 plus
1552 2237 1781 2309 adeptus
1848 2246 1973 2294 est:

396 2343 559 2403 atque
611 2339 902 2404 propterea
951 2330 1059 2396 iis,
1108 2331 1200 2401 qui
1241 2328 1444 2399 optima
1498 2330 1665 2383 animi
1706 2330 2012 2385 constitu-.

395 2424 545 2478 tione
598 2437 719 2477 esse
758 2421 1015 2476 videntur
1042 2459 1058 2485 ,
1111 2426 1334 2489 prepter
1366 2407 1735 2489 suspicionem
1784 2435 1979 2490 quam-

395 2515 518 2570 dam
571 2514 944 2569 molestiarum
984 2512 1107 2582 plus
1150 2512 1256 2567 vita
1318 2512 1468 2578 haec,
1512 2526 1673 2581 quam
1728 2512 1978 2582 volupta-

396 2611 510 2659 tum
573 2604 747 2659 allert.
792 2602 959 2659 Missa
1008 2603 1125 2658 haec
1175 2603 1317 2659 facio
1348 2642 1363 2668 ,
1413 2603 1572 2672 quasi
1623 2611 1815 2656 contra
1880 2617 1977 2657 eos

395 2697 577 2751 omnis
637 2695 959 2765 languescat
1014 2694 1238 2750 invidia.
1307 2699 1377 2747 At
1445 2709 1553 2748 non
1614 2692 1771 2749 facile
1828 2695 1977 2749 inve-

397 2786 518 2839 nire
563 2789 874 2854 quempiam
912 2786 1058 2851 licet,
1090 2786 1145 2839 in
1197 2800 1307 2854 quo
1349 2785 1465 2839 hinc
1494 2785 1604 2838 duo
1642 2785 1806 2840 simul
1848 2800 1978 2840 con-

398 2876 648 2930 venerint
672 2914 686 2938 ,
723 2881 784 2928 ut
837 2875 1256 2930 secundioribns
1284 2916 1298 2941 ,
1327 2889 1489 2945 quam
1540 2875 1700 2929 multi
1735 2916 1749 2941 ,
1809 2878 1975 2931 rebus

400 2972 604 3026 utatur,
636 2973 690 3021 et
739 2965 1002 3020 invidiam
1036 2966 1274 3021 declinet
1350 2963 1456 3020 Sed
1492 2974 1673 3020 tamen
1710 2966 1976 3022 faciamus

397 3070 519 3111 esse
569 3063 625 3109 ut
676 3055 869 3112 abhis
907 3058 1188 3122 omnibus,
1250 3056 1295 3113 si
1354 3055 1604 3122 videtur,
1643 3071 1813 3112 vacua
1865 3058 1973 3122 sit,

397 3157 453 3203 et
506 3146 674 3201 libera
708 3147 992 3203 hominum
1062 3150 1213 3214 vita;
1266 3148 1659 3216 videamusque
1741 3164 1808 3203 an
1857 3148 1974 3204 fieri

2076 2237 2246 2309 ἡδέων
2290 2235 2359 2290 τὰ
2397 2235 2615 2308 λυπηρά
2660 2235 3046 2306 παρεχόμενος.
3078 2234 3323 2305 Παρίημι
3364 2233 3557 2301 ταῦτα,
3584 2233 3662 2297 ὡς

2076 2328 2172 2382 καὶ
2215 2327 2307 2381 τοῦ
2349 2327 2543 2396 φθόνου
2594 2328 2713 2380 κατ’
2757 2326 2979 2381 ἐκείνων
3020 2325 3335 2397 ἀργοῦντος.
3368 2325 3561 2379 Καίτοι
3597 2341 3660 2394 γε

2076 2419 2137 2473 οὐ
2201 2419 2380 2491 ῥᾴδιόν
2427 2420 2574 2473 ἐστιν
2634 2420 2812 2491 εὑρεῖν
2861 2419 2966 2491 ὅτῳ
3029 2419 3098 2472 τὰ
3151 2417 3241 2472 δύο
3285 2419 3424 2473 κατά
3466 2416 3663 2471 ταύτὸν

2041 2507 2399 2580 .συνηνέχθη,
2433 2510 2526 2562 καὶ
2565 2508 2705 2580 ὐπέρ
2745 2512 2872 2573 τοὺς
2914 2507 3141 2572 πολλοὺς
3180 2508 3533 2580 εὐδαιμονεῖν,
3566 2507 3663 2561 καὶ

2074 2599 2389 2669 διαφεύγειν
2416 2600 2506 2653 τὸν
2536 2599 2745 2669 φθόνον.
2777 2598 2922 2671 Πλὴν
2955 2599 3088 2653 ἀλλά
3113 2599 3329 2653 ⁴πάντων
3348 2598 3458 2652 τῶν
3485 2598 3660 2652 τοιού-

2074 2708 2186 2747 των
2206 2691 2493 2763 ἐλευθέραν
2520 2692 2699 2745 αὐτῶν
2719 2691 2817 2764 τὴν
2842 2691 3007 2763 ζωὴν,
3035 2692 3084 2744 εί
3113 2692 3277 2758 δοκεῖ,
3310 2689 3658 2761 ὐποθώμεθα.

2074 2786 2186 2840 Καὶ
2220 2785 2416 2856 ἴδωμεν
2452 2786 2499 2838 εί
2545 2785 2766 2839 δυνατόν
2805 2785 2950 2838 ἐστιν
2997 2783 3249 2855 εὐθυμεῖν
3287 2783 3411 2847 τοὺς
3451 2785 3506 2836 ὲν
3546 2800 3661 2837 τοι-

2076 2877 2214 2949 αύτῃ
2243 2877 2524 2946 διάγοντας
2554 2876 2842 2948 εὐημερίᾳ.
2894 2875 2959 2930 Τί
3006 2871 3101 2929 οὖν
3140 2875 3290 2928 ἔσται
3326 2875 3388 2927 τὸ
3433 2872 3657 2940 λυποῦν,

2077 2970 2242 3039 ἐρεῖς,
2297 2969 2345 3021 εί
2397 2967 2531 3039 μηδὲ
2573 2968 2602 3020 6
2645 2967 2835 3037 φθόνος
2872 2966 2983 3021 τῶν
3025 2966 3483 3039 εὐδαιμονούντων
3528 2968 3661 3023 καθ-

2079 3059 2311 3129 dxi/erat;
2345 3057 2513 3111 Τοῦτο
2546 3058 2676 3111 αὐτό
2709 3075 2852 3130 φημι
2896 3057 2958 3110 τὸ
3000 3057 3087 3111 διὰ
3117 3057 3331 3110 πάντων
3363 3058 3545 3121 αὐτοῖς
3570 3058 3662 3111 τδν

2081 3152 2192 3224 βίον
2223 3151 2769 3220 καταγλυκαίνεσθαι,
2802 3144 2959 3203 τοῦτό
2990 3151 3105 3203 ἐστι
3133 3150 3194 3202 τὸ
3228 3149 3325 3222 τῆς
3354 3148 3529 3220 λύπης
3556 3149 3662 3203 ὐπ-

397 3242 591 3312 possit,
645 3246 706 3294 ut
739 3239 832 3310 qui
869 3239 972 3294 hoc
1019 3238 1262 3294 secundo
1293 3254 1475 3293 rerum
1524 3254 1690 3295 cursu
1724 3248 1973 3306 utuntur,

2080 3223 2355 3315 έκκαυμαι
2389 3243 2533 3306 Ἕως
2573 3242 2679 3314 γὰρ
2705 3241 2978 3314 ἄνθρωποι
3026 3235 3152 3307 ὦσι,
3185 3242 3246 3296 τδ
3285 3242 3476 3313 θνητὸν
3504 3241 3662 3296 τοῦτο

399 3333 693 3405 tranquillo
731 3338 993 3402 rectoque
1046 3330 1214 3384 animi
1256 3337 1404 3385 statu
1455 3330 1586 3384 sint.
1625 3330 1763 3411 Quid
1812 3331 1978 3401 igitur

398 3427 524 3492 erit,
561 3426 795 3497 inquies,
826 3423 970 3496 quod
1010 3423 1318 3477 molestiam
1365 3420 1574 3486 afferat,
1618 3425 1729 3479 nisi
1780 3422 1981 3479 floren-

398 3519 644 3575 tissimos
711 3518 962 3573 homines
1025 3514 1268 3585 attigerit
1346 3515 1592 3569 invidia?
1640 3515 1756 3570 lloc
1801 3517 1979 3588 ipsum

398 3612 651 3675 dixerim,
683 3624 807 3665 cum
842 3610 1062 3663 illorum
1093 3608 1211 3662 vita
1242 3606 1497 3663 omnibus
1524 3608 1853 3664 circumfluit
1881 3610 1980 3665 bo-

400 3704 510 3768 nis,
541 3702 688 3774 quod
712 3711 795 3757 est
814 3700 1022 3755 doloris
1045 3699 1484 3753 incitamentum.
1511 3699 1645 3753 Nam
1694 3717 1856 3770 quam
1886 3701 1980 3756 diu

404 3795 568 3847 homo
597 3808 685 3847 res
712 3791 959 3845 mortalis
990 3800 1097 3854 est,
1125 3797 1179 3844 et
1203 3788 1409 3843 caduca
1444 3809 1459 3857 ;
1492 3793 1855 3862 sepulcraque
1882 3806 1978 3846 eo-

400 3899 547 3949 rum,
574 3900 601 3937 a
633 3882 830 3954 quibus
856 3890 1010 3938 ortus
1031 3889 1115 3936 est
1144 3882 1417 3951 intuetur;
1455 3884 1499 3940 si
1523 3884 1802 3953 paululum
1819 3885 1978 3941 modo

401 3976 633 4033 rationis
661 3984 745 4030 est
768 3974 1055 4045 particeps,
1080 3973 1136 4028 in
1164 3973 1354 4030 dolore
1405 3982 1521 4039 est,
1574 3976 1669 4046 qui
1703 3991 1828 4031 cum
1874 3976 1979 4031 hac

403 4070 512 4125 vita
543 4067 870 4134 coniunctus
891 4065 1134 4136 separari
1164 4074 1219 4120 et
1267 4066 1425 4121 avelli
1452 4081 1559 4121 non
1588 4060 1811 4136 potest.'
1840 4066 1976 4121 Nam

402 4161 646 4224 assidua,
705 4158 1132 4227 quotidianaque
1197 4157 1389 4212 mortis
1428 4158 1766 4228 exspectatio
1810 4158 1979 4213 nullis

402 4253 590 4317 certis,
618 4266 797 4321 neque
847 4249 1084 4304 definitis
1116 4249 1290 4321 signis
1336 4249 1576 4321 cognita,
1617 4249 1710 4305 sed
1750 4257 1975 4321 prepter

403 4347 643 4401 incertos
676 4357 839 4398 casus
864 4356 1099 4412 semper,
1128 4341 1294 4396 veluti
1347 4355 1615 4410 praesens,
1650 4342 1979 4411 perterrefa-

402 4437 575 4499 ciens,
599 4435 739 4489 hanc
765 4433 891 4487 vitae
914 4432 1312 4501 jucunditatem
1341 4441 1604 4502 perpetuo
1660 4435 1864 4496 turbat,
1895 4442 1978 4488 at-

402 4545 511 4601 que
542 4543 748 4592 rerum,
798 4540 921 4596 qua:
973 4530 1284 4595 sperantur,
1314 4532 1461 4579 metu
1516 4525 1732 4590 laetitias
1784 4541 1975 4582 omnes
2006 4557 2051 4613 υ

404 4620 683 4693 pervertit.
739 4617 797 4673 Si
830 4617 977 4672 enim
1010 4614 1128 4670 ﬁeri
1159 4624 1364 4686 posset,
1418 4623 1480 4670 ut
1510 4628 1634 4672 ante
1672 4619 1972 4688 periculum
2017 4638 2027 4649 ·

400 4726 607 4775 rerum,
638 4723 774 4781 quas
802 4714 990 4778 postea
1019 4705 1144 4776 quis
1170 4715 1254 4760 est
1272 4713 1554 4775 expertus,
1578 4705 1817 4764 disceret
1841 4725 1855 4776 ;
1882 4715 1975 4762 aut

401 4804 579 4873 aliqua
608 4802 713 4856 alia
736 4798 1050 4868 conjectura
1087 4796 1154 4861 is,
1193 4794 1289 4866 qui
1333 4795 1392 4849 in
1423 4794 1526 4851 hac
1551 4797 1661 4851 vita
1691 4806 1970 4863 versatur,

402 4910 492 4949 res
523 4893 834 4964 perspicere
865 4896 1076 4960 posset,
1108 4893 1348 4956 quantus
1383 4885 1630 4956 profecto
1680 4888 1831 4942 fieret
1854 4887 1977 4942 illo-

402 5001 524 5041 rum
559 4997 882 5047 concursus,
915 4981 1009 5052 qui
1047 4980 1114 5034 ad
1142 4978 1513 5048 virginitatem
1548 4992 1578 5032 a
1602 4979 1810 5050 nuptiis
1843 4992 1976 5033 con-

402 5077 653 5148 fugerent
686 5078 710 5131 ?
734 5076 941 5143 Quanta
968 5081 1151 5135 cautio
1174 5080 1521 5151 provisioque
1554 5079 1720 5133 animi
1746 5078 1973 5134 adhibe-

401 5177 577 5232 retur,
610 5176 670 5223 nt
707 5169 1183 5239 inexplicabilibus
1223 5171 1291 5227 iis
1340 5172 1553 5243 laqueis
1590 5186 1871 5241 nunquam
1916 5184 1976 5225 se

402 5261 732 5329 irretissent,
763 5277 997 5332 quorum
1023 5261 1266 5319 difﬁciles
1291 5263 1467 5318 nodos
1493 5278 1601 5317 non
1632 5270 1811 5333 potest
1835 5261 1976 5315 alius

402 5368 658 5412 accurate
677 5371 1033 5427 cognoscere,
1057 5356 1163 5410 nisi
1195 5355 1287 5427 qui
1311 5355 1519 5411 retibus
1554 5355 1689 5424 ipsis
1723 5354 1978 5425 illaquea-

402 5456 492 5503 Ius
518 5449 772 5502 tenetur?
799 5447 1063 5503 Cerneres
1097 5446 1263 5513 enim,
1295 5446 1342 5501 si
1374 5446 1477 5501 hoc
1507 5453 1688 5500 tamen
1724 5444 1843 5500 sine
1878 5459 1976 5513 pe-

403 5540 774 5606 culo_liceret,
799 5540 1028 5595 multam
1077 5553 1260 5593 rerum
1326 5538 1469 5593 inter
1520 5553 1580 5592 se
1628 5535 1975 5591 dissimilium

403 5627 896 5696 perturbationem,
933 5628 1107 5682 risum
1141 5628 1292 5683 luctu
1329 5628 1646 5690 admistum,
1678 5638 1972 5680 mceror-em

402 5733 526 5772 cum
551 5719 737 5773 laetitia
760 5719 1073 5783 confusum,
1101 5734 1426 5790 semperque
1456 5719 1546 5785 iis,
1564 5718 1656 5789 qui
1678 5716 1792 5771 nati
1826 5722 1974 5782 sunt,

404 5818 630 5883 propter
652 5825 798 5883 spes,
835 5826 974 5883 quas
1002 5811 1103 5868 sibi
1133 5818 1467 5884 proponunt,
1500 5818 1730 5868 mortem
1761 5808 1976 5881 impen-

2080 3335 2177 3388 καὶ
2202 3332 2465 3405 ἐπίκηρον
2494 3335 2746 3404 πρᾶγμα,
2782 3334 2876 3386 καὶ
2915 3334 3040 3397 τοὺς
3082 3333 3284 3403 τάφους
3317 3333 3423 3387 τῶν
3464 3336 3560 3404 ἀφ’
3588 3327 3662 3388 ὧν

2081 3424 2335 3493 γεγόνασι
2382 3423 2671 3495 βλέπωσιν,
2715 3424 3015 3496 ἀχώριστον
3058 3424 3238 3494 έχουσι
3278 3425 3373 3479 καὶ¹
3407 3424 3662 3490 συνεζευ-

2081 3520 2290 3590 γμένην
2321 3521 2388 3589 τῇ
2419 3521 2530 3590 ζωῇ
2570 3518 2669 3589 τὴν
2700 3518 2895 3589 λύπην,
2939 3521 2988 3573 εί
3026 3521 3119 3573 καὶ
3164 3520 3357 3592 μικρὸν
3387 3521 3663 3592 μετέχοιεν

2080 3608 2176 3661 τοῦ
2205 3608 2536 3677 λογίζεσθαι.
2575 3608 2640 3661 Ἡ
2667 3608 2774 3681 γάρ
2807 3609 3054 3682 διηνεκὴς
3084 3609 3177 3663 τοῦ
3216 3610 3445 3664 θανάτου
3490 3629 3665 3682 προσ-

2079 3697 2252 3763 δοκία,
2287 3700 2389 3752 οὐκ
2420 3700 2512 3752 ἐπὶ
2542 3701 2721 3769 ῥητοῖς
2745 3716 2855 3753 τισι
2889 3700 3135 3771 σημείοις
3163 3702 3655 3772 ὲπιγινωσκομένη,

2080 3790 2216 3845 ἀλλά
2255 3792 2343 3846 διὰ
2395 3792 2495 3862 τὴν
2545 3791 2766 3862 ἀδηλίαν
2810 3792 2903 3847 τοῦ
2964 3794 3265 3863 μέλλοντος,
3312 3795 3537 3848 πάντοτε
3579 3794 3661 3857 ὡς

2080 3882 2403 3953 ἐνεστηκυῖα
2432 3882 2699 3952 φοϐοῦσα,
2731 3882 2830 3955 τὴν
2868 3884 2955 3937 ἀεὶ
3004 3884 3279 3956 παροῦσαν
3322 3885 3661 3957 εὐφροσύνην

2082 3976 2289 4044 συγχεῖ,
2317 3972 2393 4045 τῷ
2422 3974 2570 4046 φόϐῳ
2603 3976 2709 4029 τῶν
2733 3975 3098 4048 ἐλπιζομένων
3123 3976 3222 4041 τὰς
3250 3977 3510 4048 εὐθυμίας
3536 3980 3662 4032 ἑπι-

2078 4062 2445 4134 ταράσσουσα.
2480 4065 2542 4119 Εἰ
2568 4064 2676 4135 γὰρ
2710 4061 2779 4137 ἦν
2818 4065 3041 4120 δυνατὸν
3074 4066 3179 4139 πρὸ
3215 4070 3314 4138 τῆς
3363 4068 3548 4137 πείρας
3584 4066 3664 4121 τὰ

2078 4154 2188 4208 τῶν
2213 4155 2629 4226 πεπειραμένων
2660 4155 2871 4227 μαθεῖν,
2895 4158 2943 4210 εί
2969 4158 3075 4230 γὰρ
3106 4156 3235 4228 ἐξῆν
3267 4157 3332 4210 δι’
3376 4156 3542 4228 ἄλλης
3587 4174 3665 4210 τι-

2079 4246 2168 4310 νὸς
2210 4247 2454 4311 ἐπινοίας
2502 4248 2651 4312 ἐντὸς
2691 4247 2786 4301 τοῦ
2818 4248 2932 4319 βίου
2974 4250 3283 4320 γενόμενον,
3327 4248 3664 4305 ἐποπτεῦσαι

2079 4335 2147 4390 τὰ
2181 4337 2502 4408 πράγματα·
2533 4338 2697 4403 πόσος
2722 4339 2787 4393 ἂν
2813 4335 2880 4411 ἦν
2902 4341 2931 4393 6
2955 4339 3151 4411 δρόμος
3170 4339 3279 4394 τῶν
3301 4339 3663 4410 αὐτομολούν-

2077 4443 2188 4481 των
2220 4429 2356 4500 πρὸς
2391 4429 2491 4500 τὴν
2521 4429 2815 4501 παρθενίαν
2846 4431 2956 4486 ἀπὸ
2992 4430 3086 4484 τοῦ
3110 4432 3323 4503 γάμουι
3373 4432 3514 4503 πόση
3552 4449 3661 4501 φυ-

2079 4517 2220 4590 λακὴ
2252 4520 2346 4573 καὶ
2392 4521 2699 4592 προμήθεια
2739 4521 2831 4576 τοῦ
2897 4523 3103 4594 μήποτε
3147 4523 3406 4593 ἀφύκτοις
3454 4524 3663 4593 πάγαις

2079 4612 2503 4684 ἐγκρατηθῆναι,
2527 4606 2602 4667 ὧν
2628 4614 2726 4685 τὴν
2750 4614 3033 4669 δυσκολίαν
3064 4615 3163 4668 οὐκ
3200 4614 3346 4670 ἔστιν
3375 4616 3553 4680 ἄλλως
3588 4616 3663 4671 δι’

2074 4702 2358 4774 ἀκριϐείας
2390 4702 2601 4774 μαθεῖν,
2639 4705 2714 4776 μὴ
2750 4705 2900 4769 ἐντὸς
2933 4705 3041 4760 τῶν
3084 4706 3301 4776 ἀρκύων
3323 4707 3657 4777 γενόμενονί

2073 4790 2227 4858 Εἶδες
2252 4794 2357 4866 γὰρ
2407 4796 2494 4862 ἂν,
2524 4796 2681 4866 εἴπερ
2734 4796 2861 4853 ίδεῖν
2908 4798 3202 4863 ἀκινδύνως
3249 4798 3400 4869 ἐξῆν,
3455 4800 3661 4872 πολλὴν

2072 4886 2182 4941 τῶν
2221 4887 2476 4942 ἐναντίων
2504 4889 2601 4960 τὴν
2633 4888 2910 4959 σύγχυσιν,
2956 4890 3165 4959 γέλωτα
3200 4891 3456 4963 δακρύοις
3479 4893 3661 4963 ἐμπε-

2075 4977 2371 5050 φυρμένον,
2406 4979 2501 5033 καὶ
2547 4979 2723 5051 λύπην
2769 4983 3128 5053 εὐφροσύναις
3167 4986 3656 5056 συμμεμιγμένην,

2075 5071 2350 5142 πανταχοῦ
2378 5074 2494 5135 τοῖς
2524 5073 2827 5143 γινομένοις
2857 5077 3211 5148 συμπαρόντα
3241 5077 3329 5131 διά
3368 5077 3478 5130 τῶν
3505 5080 3661 5133 ἐλπί-

2073 5162 2179 5216 δων
2204 5162 2297 5216 τὸν
2327 5162 2571 5229 θάνατον,
2606 5165 2700 5217 καὶ
2747 5165 2974 5219 ἑκάστου
3021 5167 3129 5219 τῶν
3172 5168 3294 5221 καθ’
3321 5168 3513 5240 ἡδονὴν
3561 5170 3659 5237 ἐφ-

2075 5254 2396 5324 απτόμενον.
2442 5256 2609 5309 Ὅταν
2671 5257 2755 5327 ῖδῃ
2812 5258 2840 5310 6
2893 5259 3123 5329 νυμφίος
3173 5260 3232 5313 τὸ
3294 5260 3656 5331 ἀγαπώμενον
3704 5320 3715 5329 ι

2076 5346 2384 5418 πρόσωπον,
2419 5348 2582 5412 εὐθὺς
2608 5348 2823 5412 πάντως
2851 5351 2944 5402 καὶ
2983 5351 3011 5402 6
3055 5351 3217 5420 φόϐος
3248 5352 3341 5405 τοῦ
3374 5353 3653 5424 χωρισμοῦ

2079 5439 2511 5510 συνεισέρχεται·
2561 5441 2665 5493 κᾶν
2698 5440 2904 5515 ἀκούσῃ
2932 5443 3031 5513 τῆς
3072 5444 3291 5515 ἡδίστης
3322 5446 3525 5517 φωνῆς,
3563 5448 3656 5500 καὶ

2073 5527 2134 5581 τὸ
2165 5528 2239 5600 μὴ
2268 5528 2597 5583 ἀκούσεσθαι
2643 5548 2772 5584 ποτε
2802 5534 3072 5602 ὲννοήσει⁸
3101 5536 3194 5587 καὶ
3217 5536 3342 5608 ὅταν
3377 5536 3656 5608 εὐφρανθῇ

2074 5622 2140 5691 τῇ
2182 5620 2383 5694 θεωρίᾳ
2422 5621 2518 5675 τοῦ
2562 5621 2812 5689 κάλλους,
2855 5624 2976 5678 τότε
3014 5625 3247 5695 μάλιστα
3296 5628 3509 5696 φρίττει
3558 5629 3660 5699 τὴν

2077 5711 2401 5783 προσδοκίαν
2444 5711 2540 5767 τοῦ
2585 5713 2844 5779 πένθους·
2888 5716 2982 5769 ἐὰν
3015 5715 3085 5770 τὰ
3125 5716 3281 5789 τίμια
3321 5721 3387 5788 τῇ
3419 5718 3659 5789 νεότητι,

2077 5805 2171 5859 καὶ
2203 5804 2303 5860 ὅσα
2335 5804 2484 5879 παρά
2509 5806 2618 5862 τῶν
2648 5807 2889 5877 ἀνοήτων
2923 5809 3280 5875 σπουδάζεται
3313 5812 3653 5887 κατανοήσῃ⁸
