3896 6208
210 264 303 330 :29
1554 262 1640 318 DE
1670 262 2135 324 VlRGlNlTATE.
2239 341 2242 344 ἢ

3374 268 3477 325 530

207 370 308 431 οἷον
336 374 616 448 ὀφθαλμὸν
661 377 773 440 τοῖς
810 374 1099 448 βλεφάροις
1142 377 1459 450 λάμποντα,
1499 380 1594 435 καὶ
1629 381 1796 453 ὀφρὺν

1902 383 2051 448 dere,
2103 397 2167 438 ac
2200 382 2414 455 singula
2486 399 2609 455 quze
2665 384 2721 440 in
2771 384 3053 455 voluptate
3120 384 3297 455 posita
3348 392 3481 440 sunt

203 467 642 540 περικεχυμένην
679 466 759 537 τῷ
801 467 1027 540 ὄμματι,
1063 470 1159 523 καὶ
1206 469 1438 542 παρειὰν
1478 473 1534 525 ἐν
1563 474 1680 545 ἡδεῖ
1702 475 1797 529 καὶ

199 556 470 629 γλαφυρῷ
521 557 861 629 μειδιάματι,
916 558 1012 613 καὶ
1064 559 1239 629 χεῖλος
1291 561 1687 634 ἐπηνθισμένον
1718 565 1797 637 τῷ

200 648 424 719 φυσικῷ
455 648 778 719 ἐρυθήματι,
811 648 991 719 κόμην
1015 666 1076 702 τε
1102 653 1411 724 χρυσομιγῆ
1446 656 1541 709 καὶ
1575 654 1795 724 βαθεῖαν

197 741 283 813 τῷ
308 740 534 809 ποικίλῳ
553 740 651 810 τῆς
681 740 962 810 ἐμπλοκῆς
985 742 1050 811 τῇ
1083 742 1291 814 κεφαλῇ
1320 746 1790 816 περιστίλϐουσαν,

199 833 297 887 καὶ
339 833 518 885 πᾶσαν
560 831 664 903 τὴν
719 832 1055 904 πρόσκαιρον
1102 834 1330 903 ἀγλαΐαν
1389 838 1624 909 ἐκείνην,
1671 840 1793 894 τότε

200 924 436 987 πάντως,
471 923 579 977 κᾶν
639 923 837 994 μικρὸν
883 924 1032 995 αὐτῷ
1076 929 1254 998 προσῇ
1311 928 1405 981 τοῦ
1459 930 1789 998 λογίζεσθαι,

200 1015 417 1067 κάκεῖνο
454 1016 522 1085 τῇ
550 1013 697 1084 ψυχῇ
728 1015 919 1076 ἐννοεῖ,
943 1016 1024 1069 ὃτι
1052 1015 1210 1071 τοῦτο
1254 1017 1333 1082 τὸ⁸
1354 1019 1550 1084 κάλλος
1582 1024 1794 1093 οἰχήσε-

198 1108 284 1160 ταί
317 1124 452 1160 ποτε
486 1106 765 1179 διαρρυὲν,
808 1107 903 1159 καὶ
948 1108 1029 1170 είς
1066 1107 1127 1160 τὸ
1159 1109 1233 1179 μὴ
1280 1108 1340 1163 ὃν
1387 1113 1793 1183 περιστήσεται,

199 1198 358 1251 όστέα
392 1196 625 1269 βδελυρά
653 1213 715 1249 τε
754 1198 851 1250 καὶ
884 1198 1098 1269 εἰδεχθῆ
1128 1200 1252 1252 ἀντὶ
1286 1200 1380 1254 τοῦ
1405 1202 1499 1255 νῦν
1539 1204 1798 1276 φαινομέ-

196 1306 286 1342 νου
317 1288 636 1358 γενόμενον,
666 1289 822 1342 οὐδὲν
856 1289 1020 1359 ίχνος,
1050 1290 1200 1343 οὐδὲν
1239 1294 1602 1363 μνημόσυνον,
1642 1298 1796 1352 οὐδὲν

192 1380 447 1449 λείψανον
476 1378 572 1433 τοῦ
600 1380 869 1451 παρόντος
907 1380 1101 1445 ἄνθους
1125 1381 1542 1454 ἐπιφερόμενον.

1909 474 2201 546 attingere.
2236 473 2482 544 Sponsus
2517 474 2800 529 honestam
2835 473 3048 541 faciem,
3103 481 3158 528 et
3188 472 3479 527 amabilem

1902 579 2029 620 cum
2059 564 2254 632 cernit,
2284 565 2543 620 continuo
2574 582 2698 621 eum
2754 574 2933 622 metus
2981 565 3214 632 invadit,
3265 582 3333 622 ne
3362 582 3392 620 a
3420 581 3481 621 se

1903 653 2252 725 disjungatur
2279 672 2293 723 ;
2322 671 2446 710 cum
2482 656 2868 717 suavissimam
2890 671 3078 712 vocem
3107 657 3334 712 auribus
3354 671 3480 726 per-

1902 747 2101 819 cipiet,
2135 748 2187 803 ei
2224 747 2281 802 in
2311 756 2548 804 mentem
2577 749 2761 804 statim
2790 730 3009 816 veniet,
3054 764 3083 803 a
3112 764 3171 804 se
3194 762 3475 818 nunquam

1904 840 2141 909 amplius
2173 839 2419 894 auditum
2454 841 2558 903 iri;
2597 840 2857 896 formoso
2896 849 2950 895 et
3000 841 3209 895 liberali
3250 844 3475 910 aspectu

1901 944 2025 985 cum
2092 931 2396 987 delectatus
2444 941 2547 997 est,
2610 941 2725 986 tum
2777 933 2959 987 luctus
3013 931 3475 1003 exspectationem

1902 1021 2117 1077 horret:
2150 1037 2215 1078 ac
2244 1022 2480 1093 denique
2513 1039 2633 1093 qua:
2653 1024 3030 1079 adolescentes
3057 1023 3113 1078 in
3138 1022 3311 1094 pretio
3333 1027 3388 1076 et
3419 1020 3475 1074 in

1898 1114 2111 1171 honore
2142 1115 2366 1180 habent,
2398 1116 2778 1187 quaeveiusani
2812 1125 3096 1187 expetunt,
3131 1115 3177 1171 si
3207 1129 3271 1170 ea
3303 1113 3479 1168 intue-

1896 1206 2067 1272 bitur,
2109 1208 2261 1263 verbi
2286 1223 2475 1275 causa,
2505 1208 2723 1263 oculum
2779 1208 3162 1279 palpebrarum
3188 1210 3479 1260 venustate

1839 1370 1842 1373 Α
1897 1298 2194 1369 insignem,
2236 1301 2586 1370 supercilium
2634 1300 2780 1355 oculi
2818 1302 3015 1355 decore
3055 1294 3472 1356 circumfusum,

1898 1405 2069 1460 genas
2102 1389 2279 1446 forma
2314 1399 2369 1447 et
2421 1393 2609 1462 lepore
2629 1392 2865 1462 eleganti
2922 1389 3229 1452 afﬂuentes,
3261 1386 3474 1440 labrum

197 1472 435 1526 naturali
470 1470 673 1526 rubore
723 1471 1014 1536 suffusum,
1061 1487 1271 1529 comam
1303 1489 1440 1529 auro
1494 1474 1780 1542 intextam,
1820 1480 2019 1550 capitis
2047 1482 2311 1537 verticem
2342 1483 2513 1537 variis
2566 1482 2843 1537 coloribus
2906 1481 3248 1552 gemmisque
3304 1474 3476 1531 reful-

188 1573 435 1633 gentem,
474 1574 531 1620 et
568 1580 784 1619 omnem
818 1565 968 1619 illum
1000 1565 1236 1637 denique
1290 1572 1597 1624 venustatis
1630 1570 1977 1641 splendorem
2002 1575 2096 1645 qui
2129 1575 2198 1629 ad
2216 1584 2431 1646 tempus
2497 1581 2724 1630 manet:
2779 1582 2896 1629 tum
2966 1572 3213 1635 omnino,
3281 1569 3330 1625 si
3388 1565 3474 1622 vel

190 1656 486 1724 paululum
524 1654 754 1709 rationis
781 1656 834 1708 in
872 1671 938 1711 eo
966 1656 1059 1721 sit,
1098 1658 1231 1713 illud
1280 1659 1444 1715 simul
1485 1670 1667 1718 mente
1731 1665 1998 1731 intuetur,
2065 1682 2282 1723 omnem
2343 1670 2490 1724 illam
2548 1677 2893 1724 venustatem
2951 1665 3245 1738 aliquando
3314 1677 3443 1734 pror

188 1763 301 1803 sus
328 1748 690 1802 interituram
728 1763 870 1814 esse,
906 1750 973 1804 ad
1024 1766 1152 1806 ossa
1213 1751 1504 1819 deformia,
1554 1762 1735 1826 turpia
1777 1771 1841 1812 ac
1916 1757 2060 1813 fmda
2114 1761 2413 1829 redactam,
2470 1761 2674 1817 amissa
2714 1761 2949 1832 pristina
2994 1759 3198 1831 specie,
3262 1756 3471 1812 nullum

188 1850 393 1897 autem
443 1842 746 1914 vestigium,
816 1833 1026 1896 nullum
1105 1855 1540 1908 monumentum,
1605 1848 1787 1903 nullas
1826 1849 1991 1921 hujus
2020 1853 2172 1909 ﬂoris
2201 1852 2461 1923 reliquias
2487 1850 2822 1908 allerentem.

272 1935 341 1989 Ei
372 1935 546 1989 ταῦτα
580 1937 672 1989 καὶ
698 1935 766 1989 τὰ
792 1934 1017 1989 τοιαῦτα
1058 1936 1337 2001 διανοοῖτο,
1374 1934 1482 2009 ἆρα
1508 1940 1567 1992 ἐν
1599 1941 1796 2012 εὐφρο-

1972 1944 2030 2000 Si
2057 1946 2221 2017 igitur
2247 1945 2386 2010 haec,
2439 1953 2745 2014 caeteraque
2776 1941 3092 2014 hujusmodi
3123 1955 3313 1997 secum
3345 1938 3470 2010 quis

192 2025 335 2099 σύνῃ
390 2025 684 2097 βιώσεταις
732 2022 843 2097 ἆρα
888 2028 1169 2081 πιστεύσει
1204 2032 1318 2093 τοῖς
1355 2030 1619 2102 παροῦσιν
1650 2033 1799 2104 αὑτῴ

187 2119 479 2187 χρηστοῖς,
504 2116 581 2179 ὡς
628 2118 715 2170 ἀεὶ
766 2118 1209 2189 παραμένουσιν;
1238 2115 1317 2172 Ἦ
1360 2119 1514 2192 δῆλον
1565 2124 1629 2176 ἐκ
1671 2123 1798 2176 τού-

193 2224 327 2272 των,
351 2210 440 2262 ὅτι
479 2208 731 2279 καθάπερ
757 2208 815 2263 ἐν
848 2211 968 2271 ταῖς
998 2207 1105 2261 τῶν
1139 2208 1361 2281 ὀνείρων
1393 2212 1627 2277 ἀπάταις
1658 2214 1800 2284 ἀμη-

186 2304 447 2376 χανὴσει,
487 2303 581 2356 καὶ
630 2303 875 2366 ἀπίστως
919 2305 1055 2374 πρὸς
1098 2303 1188 2356 τὸν
1223 2302 1335 2374 βίον
1379 2303 1511 2370 ἕξει,
1537 2305 1613 2368 ὡς
1644 2304 1800 2359 ἀλλο·-

183 2398 363 2469 τρίοις
405 2394 696 2467 προσέχων
733 2396 846 2458 τοῖς
889 2392 1253 2466 φαινομένοις.
1306 2396 1513 2460 Συνιεῖς
1557 2396 1795 2463 πάντως,

186 2492 352 2561 εἴπερ
382 2487 534 2558 ἔχεις
566 2486 688 2540 τινα
719 2484 827 2539 τῶν
865 2485 1033 2539 όντων
1065 2485 1372 2555 ἐπίσκεψιν,
1404 2487 1486 2539 ὅτι
1515 2486 1665 2540 οὐδὲν
1688 2487 1797 2542 τῶν

184 2584 245 2634 ἐν
274 2580 357 2650 τῷ
388 2578 494 2649 βίῳ
524 2576 885 2647 φαινομένων,
912 2575 987 2639 ὡς
1028 2576 1143 2629 ἐστι
1173 2578 1442 2647 φαίνεται,
1472 2575 1608 2630 ἀλλά
1654 2574 1798 2631 κατὰ

184 2674 287 2735 τὶς
330 2669 628 2741 ἀπατηλάς
685 2666 1004 2737 φαντασίας,
1050 2667 1214 2738 ἕτερα
1259 2668 1375 2722 ἀνθ’
1419 2668 1620 2741 ἐτέρων
1663 2670 1798 2741 ἡμῖν

190 2764 575 2836 προδείκνυσι,
602 2758 899 2823 διαπαίζων
940 2760 1065 2824 τοὺς
1105 2759 1284 2814 ἐλπίσι
1327 2762 1463 2832 πρὸς
1503 2762 1666 2817 αὐτὸν
1703 2779 1798 2817 κε-

187 2856 467 2926 χηνότας
502 2852 599 2905 καὶ
635 2849 724 2917 διὰ
768 2849 868 2920 τῆς
906 2849 1015 2903 τῶν
1054 2851 1392 2921 φαινομένων
1432 2850 1640 2921 πλάνης
1666 2868 1797 2921 συγ-

187 2948 493 2999 καλύπτων
540 2941 706 3005 αὐτὸς
759 2940 951 2994 ἐαυτὸν
973 2979 989 3004 ,
1037 2942 1144 3005 ἕως
1191 2942 1258 2995 ἂν
1306 2940 1515 3012 ἀθρόως
1571 2942 1629 2995 ἐν
1680 2945 1797 3005 ταῖς

190 3036 529 3108 μεταϐολαῖς
556 3032 840 3104 ἐλεγχθείη
869 3032 997 3087 ἄλλο
1026 3049 1078 3086 τι
1120 3031 1196 3086 ὢν
1224 3032 1374 3104 παρὰ
1399 3033 1496 3103 τὴν
1525 3032 1799 3105 ἀνθρωπί-

189 3148 291 3200 νην
324 3128 544 3190 ἐλπίδα,
579 3127 677 3196 τὴν
703 3125 792 3179 διὰ
818 3125 916 3196 τῆς
946 3125 1163 3193 ἀπάτης
1204 3128 1316 3188 τοῖς
1363 3126 1798 3198 ἀνοὴτοις⁴ὲγγι-

187 3223 460 3294 νομένην.
507 3217 676 3282 Ποίας
728 3213 820 3271 οὖν
852 3217 1045 3288 ἡδονῆς
1095 3216 1221 3282 ἄξια
1251 3216 1330 3287 τῷ
1376 3217 1548 3272 ταῦτα
1589 3217 1798 3286 λογιζο-

190 3316 349 3388 μένῳ
382 3314 637 3384 φανεῖται
678 3310 748 3364 τὰ
792 3309 925 3381 ἡδέα
972 3308 1066 3361 τοῦ
1115 3308 1267 3378 βίους
1302 3309 1438 3363 Πότε
1480 3309 1795 3381 αἰσθήσεται
1822 3296 1867 3359 C

185 3410 342 3462 κατᾶ
388 3404 648 3475 ἀλήθειαν
700 3403 728 3455 ὁ
776 3401 947 3455 ταῦτα
973 3400 1207 3471 φρονῶν,
1253 3401 1348 3454 καὶ
1398 3402 1509 3465 τοῖς
1547 3399 1796 3455 δοκοῦσιν

186 3500 352 3572 αὑτῷ
382 3500 640 3570 παρεῖναι
668 3498 921 3567 χρηστοῖς
951 3493 1417 3565 εὐφρανθήσεται;
1452 3493 1566 3547 Οὐκ
1606 3492 1693 3546 ἀεὶ
1720 3492 1797 3563 τῷ

186 3591 355 3663 φόϐῳ
406 3592 509 3660 τῆς
562 3586 863 3658 μεταϐολῆς
922 3585 1352 3657 ταραττόμενος,
1402 3583 1797 3655 ἀνεπαίσθητον

184 3684 319 3753 ἔχει
349 3682 457 3751 τὴν
486 3677 595 3731 τῶν
624 3676 904 3748 παρόντων
943 3674 1279 3740 ἀπόλαυσιν;
1323 3672 1428 3726 Ἐῶ
1458 3675 1675 3743 σημεῖα,
1704 3670 1799 3726 καὶ

1901 2036 2086 2093 animo
2116 2037 2402 2116 reputari},
2452 2052 2581 2091 num
2620 2036 2863 2106 jucunde
2891 2035 3077 2090 vivet?
3117 2033 3259 2089 Num
3301 2035 3355 2088 in
3401 2032 3472 2088 iis

1900 2142 2022 2199 qua:
2054 2129 2172 2199 ipse
2210 2128 2352 2183 bona
2412 2125 2656 2197 possidet
2701 2124 2953 2180 flduciam
2997 2139 3258 2195 spemque
3283 2128 3469 2192 ponet,

1900 2220 2058 2290 quasi
2090 2220 2181 2274 illa
2206 2226 2469 2290 perpetuo
2496 2224 2751 2271 maneant
2776 2215 2999 2270 iNonne
3024 2231 3089 2268 ex
3112 2215 3199 2268 his
3219 2215 3473 2283 explora-

1901 2320 2015 2364 tum
2047 2309 2231 2374 habet,
2267 2324 2329 2365 se
2358 2307 2520 2363 veluti
2553 2306 2958 2362 insomniorum
3001 2303 3236 2359 fallaciis
3289 2306 3471 2359 incer-

1901 2409 2015 2454 tum
2042 2400 2178 2463 fore,
2208 2398 2345 2453 nihil
2369 2399 2424 2453 in
2451 2399 2538 2464 iis,
2562 2413 2684 2468 qua:
2711 2395 2780 2452 ad
2809 2397 2951 2451 hanc
2976 2396 3143 2452 vitam
3174 2394 3467 2466 pertinent,

1900 2506 1961 2548 se
1993 2491 2118 2546 ﬁdei
2148 2491 2484 2556 habiturum,
2520 2505 2646 2545 cum
2683 2491 2739 2544 in
2776 2503 2871 2544 eas
2893 2503 3003 2552 res,
3043 2502 3166 2557 quae
3215 2485 3473 2541 videntur

1899 2597 2040 2648 esse,
2069 2591 2330 2652 tanquam
2360 2583 2414 2637 in
2465 2581 2673 2637 alienas
2704 2579 3024 2637 incumbat?
3052 2577 3171 2632 Jam
3209 2578 3369 2649 plane
3395 2577 3472 2631 in-

1899 2674 2184 2745 telligis,si
2205 2688 2409 2741 rerum,
2430 2689 2551 2744 quae
2577 2672 2980 2742 sunt,allquam
3006 2670 3272 2725 rationem
3295 2676 3468 2733 tenes,

1898 2764 2035 2819 nihil
2087 2779 2281 2819 eorum
2325 2779 2449 2835 quae
2507 2764 2562 2818 in
2622 2764 2723 2818 hac
2765 2763 2878 2816 vita
2931 2760 3168 2831 speciem
3232 2760 3471 2829 aliquam

1899 2855 2143 2927 praebent
2167 2858 2263 2918 ita,
2292 2865 2353 2911 ut
2382 2863 2488 2921 est,
2529 2853 2725 2918 videri,
2768 2851 2862 2908 sed
2892 2850 3078 2905 omnia
3100 2865 3167 2905 ex
3193 2840 3473 2920 opinionis

1896 2950 2085 3002 errore
2110 2946 2325 3002 diversa
2360 2960 2483 3001 sese
2520 2943 2681 3000 nobis
2714 2941 3045 3008 ostendere;
3099 2954 3198 3011 spe
3228 2953 3324 2994 eos
3348 2938 3473 2993 illu—
3570 2978 3579 2989 .

1897 3037 2097 3102 dendo,
2126 3038 2218 3108 qui
2264 3037 2373 3092 illis
2425 3035 2622 3091 intenti
2676 3042 2827 3097 sunt,
2872 3030 3307 3101 occultandoque
3350 3042 3475 3086 sese

1897 3130 2080 3201 specie
2100 3127 2333 3199 quadam
2364 3140 2553 3182 eorum
2583 3139 2703 3196 qua:
2732 3124 3008 3191 videntur,
3033 3122 3164 3178 dum
3210 3121 3474 3192 evestigio

1899 3221 1956 3275 in
2022 3218 2545 3277 commutationibus
2615 3215 2821 3287 aliquid
2896 3216 3044 3270 aliud
3133 3224 3472 3286 compertum

1898 3313 1970 3368 sit
1999 3323 2193 3383 praeter
2222 3309 2503 3366 hominum
2545 3323 2718 3380 spem,
2764 3322 2885 3378 quae
2912 3306 3097 3363 stultis
3124 3320 3312 3362 errore
3338 3321 3476 3377 quo-

1897 3404 2022 3460 dam
2050 3404 2379 3460 innascitur.
2413 3400 2556 3473 Ergo
2582 3415 2691 3472 qua
2712 3401 2991 3470 voluptate
3018 3400 3090 3465 ei,
3121 3400 3213 3470 qui
3244 3398 3360 3454 haec
3385 3413 3477 3454 ra-

1897 3497 2048 3552 tione
2072 3509 2260 3552 secum
2288 3494 2513 3567 cogitat,
2541 3494 2707 3566 digna
2732 3492 3024 3550 videntur?
3048 3489 3192 3546 Num
3230 3490 3356 3547 vitae
3383 3489 3477 3561 ju-

1898 3585 2207 3642 cunditates
2236 3585 2284 3641 is
2327 3599 2458 3642 vere
2504 3586 2726 3652 sentiet,
2765 3582 2861 3654 qui
2900 3583 3015 3638 haec
3048 3582 3378 3653 intelligit,et
3405 3582 3477 3638 iis

1897 3678 2084 3742 rebus,
2119 3691 2257 3747 quas
2292 3684 2446 3748 putat
2474 3677 2529 3735 in
2562 3676 2725 3734 bonis
2767 3676 2990 3740 habere,
3021 3674 3245 3731 omnino
3268 3676 3475 3747 gaude-

180 3776 479 3844 ὀνείρους,
511 3769 607 3822 καὶ
642 3767 918 3839 κληδόνας,
962 3765 1057 3820 κα)⁵
1102 3766 1228 3828 τοὺς
1261 3762 1535 3826 τοιούτους
1578 3762 1794 3834 λήρους,

184 3870 389 3921 πάντα
443 3861 557 3915 ὑπὸ
605 3860 827 3930 ματαίας
870 3856 1159 3928 συνηθείας
1196 3854 1676 3928 παρατηρούμενα,
1705 3853 1798 3907 καὶ

184 3960 345 4031 πρὶς
374 3955 447 4010 τὺ
484 3955 667 4025 χεῖρον
711 3952 1133 4022 ὑποπτευόμενα.
1174 3946 1336 4002 Ἀλλὰ
1376 3947 1564 4017 καιρὸς
1597 3944 1799 3999 ὠδίνων

175 4052 299 4122 τὴν
338 4047 510 4104 παῖδα
545 4042 972 4115 καταλαμϐάνει·
1022 4040 1119 4094 καὶ
1161 4038 1283 4110 οὐχὶ
1327 4038 1515 4101 παιδὸς
1562 4037 1798 4106 γένεσις,

176 4143 344 4197 ἀλλὰ
387 4139 628 4194 θανάτου
676 4134 943 4207 παρουσία
981 4135 1045 4187 τὸ
1096 4133 1329 4204 πρᾶγμα
1373 4132 1673 4203 νομίζεται,
1704 4133 1800 4186 καὶ

170 4238 440 4297 θάνατος
487 4231 590 4300 τῆς
619 4227 990 4300 κυοφορούσης
1022 4225 1109 4280 διά
1155 4223 1249 4279 τοῦ
1283 4225 1439 4278 τόκου
1484 4223 1794 4288 ἐλπίζεται·

166 4327 473 4388 πολλάκις
519 4323 577 4377 δὲ
631 4321 730 4376 καὶ
768 4320 866 4389 τῆς
908 4319 1151 4391 πονηρᾶς
1199 4316 1402 4387 ταύτης
1442 4316 1698 4389 μαντείας
1736 4317 1797 4370 οὐ

154 4416 629 4484 δεῴεύσθησαν,
687 4410 824 4466 ἀλλά
877 4410 1005 4482 πρὶν
1068 4410 1322 4482 ἑορτάσαι
1378 4408 1477 4479 τὴν
1532 4408 1796 4478 γενέθλιον

1902 4407 2056 4479 pueri
2095 4414 2273 4473 ortus,
2327 4408 2424 4463 sed
2456 4407 2588 4479 quia
2620 4422 2769 4465 mors
2798 4417 2913 4463 tum
2939 4409 3207 4477 imminet,
3255 4411 3361 4469 hoc
3385 4430 3477 4471 ue-

148 4511 427 4583 ιοριτῆν,
457 4507 591 4577 πρίν
620 4521 767 4568 τινος
797 4503 903 4556 τῶν
936 4503 1055 4556 κατ’
1090 4501 1279 4555 ἐλπίδα
1310 4500 1530 4569 ἀγαθῶν
1566 4501 1796 4569 ἀπογεύ-

1904 4501 2109 4572 gotium
2140 4508 2361 4571 putatur
2393 4519 2407 4555 :
2433 4516 2583 4557 mors
2602 4501 2747 4557 enim
2780 4503 3107 4574 prmgnantis
3144 4512 3367 4575 propter
3392 4506 3479 4561 in-

142 4604 429 4666 σας-ϐαι,
459 4599 622 4661 εὐθὺς
665 4599 745 4661 είς
784 4595 980 4668 θρῆνον
1024 4594 1123 4668 τὴν
1149 4593 1325 4665 χαράν
1365 4591 1796 4687 μεθηρμόσαντο.

1906 4597 2115 4646 certum
2149 4599 2338 4661 partus
2355 4590 2569 4647 exitum
2595 4591 2856 4661 timetur;
2913 4607 3120 4663 eosque
3167 4608 3310 4667 sape
3363 4595 3478 4652 haec

142 4694 314 4749 Ἵῐτι
348 4689 444 4759 τῷ
477 4687 685 4757 φίλτρῳ
711 4684 945 4749 ζέοντες,
976 4683 1054 4738 ἔτι
1081 4687 1194 4747 τοῖς
1227 4682 1411 4746 πόθοις
1434 4681 1796 4751 ἀκμάζοντες,

1905 4681 2049 4736 mala
2078 4681 2347 4737 divinatio
2381 4698 2492 4738 non
2527 4681 2721 4738 fefellit
2760 4700 2773 4738 :
2813 4692 2943 4739 ante
2977 4700 3104 4741 vero
3134 4702 3296 4757 quam
3332 4686 3477 4743 dien

130 4782 345 4840 οὔπω
406 4777 520 4830 τῶν
558 4773 702 4829 κατὰ
747 4773 839 4827 τὸν
876 4772 990 4843 βίον
1022 4771 1250 4843 ἡδίστων
1276 4769 1533 4834 λαϐόντες
1575 4769 1673 4839 τὴν
1715 4766 1796 4821 αῖ-

1905 4770 2143 4827 natalem
2190 4772 2424 4842 egerint,
2475 4772 2790 4844 bonumque
2844 4773 3036 4839 ullum,
3084 4775 3229 4846 quod
3279 4775 3335 4831 in
3382 4791 3480 4847 spe

130 4875 442 4943 σθηστν,
492 4865 682 4935 ὥσπερ
723 4864 868 4927 τινος
915 4862 1165 4917 ἐνυπνίου
1225 4862 1526 4933 φαντασίᾳ,
1587 4859 1796 4914 πάντων

1906 4869 2077 4929 esset,
2112 4862 2475 4935 degustarint,
2507 4878 2666 4921 omne
2689 4864 2943 4936 gaudium
2979 4865 3037 4919 in
3066 4879 3355 4923 maerorem
3389 4883 3480 4925 re-

126 4964 421 5025 εξῦέως
453 4957 566 5011 τῶν
597 4960 656 5011 ἐν
686 4956 873 5028 χερσὶν
898 4954 1296 5027 ἐχωρίσθησαν.
1328 4954 1410 5009 Τά
1454 4953 1513 5006 δέ
1557 4952 1650 5005 ἐπὶ
1685 4951 1796 5004 τού-

1908 4959 2070 5022 pente
2095 4959 2525 5008 commutarunt.
2584 4951 2852 5009 Praeterea
2886 4953 2982 5023 qui
3032 4968 3219 5012 amore
3249 4956 3481 5031 ﬂagrant

122 5077 281 5124 τας
324 5048 490 5113 οἵας
520 5048 808 5119 Πορθεῖται
860 5048 958 5119 μὲν
1012 5047 1118 5100 ὑπὸ
1161 5044 1270 5099 τῶν
1316 5046 1530 5099 οἰκείων
1586 5044 1663 5109 ὡς
1702 5042 1796 5097 ὑπέ

1910 5057 2086 5114 neque
2117 5044 2246 5099 dum
2274 5059 2480 5109 rerum,
2509 5059 2633 5115 quae
2654 5044 2710 5100 in
2739 5045 2848 5101 vita
2877 5044 3293 5116 jucundissimaa
3327 5057 3477 5114 sunt,

126 5145 497 5221 5121.150"
531 5144 562 5197 ὁ
598 5140 867 5211 θάλαμοςο
904 5137 1298 5203 καλλωπίζεται
1330 5136 1385 5191 δὲ
1421 5136 1542 5191 ἀντὶ
1584 5135 1679 5190 τοῦ
1715 5136 1796 5190 θα-

1910 5134 2065 5204 quasi
2106 5136 2289 5206 specie
2343 5135 2644 5206 voluptatis
2695 5136 2878 5207 aliqua
2909 5135 2966 5191 in
3028 5138 3240 5194 somnis
3274 5138 3478 5203 oblata,

128 5248 359 5317 λέμου
443 5232 539 5287 διὰ
590 5232 685 5285 τοῦ
733 5231 906 5301 τάφου
958 5232 987 5283 ὁ
1032 5229 1295 5294 θάνατος·
1346 5228 1671 5300 ἀνακλήσεις
1717 5227 1812 5283 ἐπὶ

134 5337 403 5393 πάρετον
442 5324 720 5394 ἀνόνητοι,
747 5323 844 5377 καὶ⁵
871 5322 1088 5394 μάταιοι
1108 5321 1308 5394 χειρῶν
1333 5321 1538 5393 κρότοι·
1563 5321 1811 5392 ἀναμνή-

142 5448 259 5495 ςεις
302 5419 451 5480 τοῦ
494 5416 765 5488 προτέρου
795 5414 934 5485 βίου,
961 5415 1196 5487 κατάραι
1229 5414 1371 5469 κατά
1414 5411 1524 5467 τῶν
1572 5410 1796 5483 συμϐου-

1906 5424 2094 5465 eorum
2129 5408 2443 5464 cubiculum
2476 5423 2506 5462 a
2540 5408 2878 5476 domesticis,
2909 5420 2969 5465 ut
2999 5412 3068 5466 ab
3097 5411 3369 5475 hostibus,
3398 5412 3485 5468 di-

144 5519 527 5578 ὶιπδσάντων
574 5506 667 5561 τὸν
705 5507 903 5576 γάμον,
944 5506 1181 5578 μέμψεις
1215 5504 1358 5562 κατά
1382 5503 1491 5558 τῶν
1525 5503 1603 5575 μὴ
1645 5503 1796 5556 κωλυι

1910 5502 2108 5573 ripitur
2147 5520 2162 5556 :
2221 5500 2572 5572 cubiculique
2620 5502 2741 5557 loco
2776 5499 2984 5557 funeris
3016 5504 3293 5574 exsequiae
3321 5519 3488 5562 exor-

154 5618 405 5667 άπων
442 5596 631 5668 φίλων
651 5609 667 5625 ⁸
697 5597 755 5649 ἐν
784 5594 935 5667 αἰτίᾳ
963 5594 1132 5668 πολλῇ
1168 5598 1218 5650 oi
1246 5596 1446 5667 γονεῖς,
1480 5592 1547 5648 ἄν
1576 5609 1637 5646 τε
1668 5609 1795 5664 περι

1912 5599 2152 5651 nantur:
2186 5592 2396 5646 insanae
2423 5594 2479 5647 in
2511 5592 2600 5647 his
2633 5592 3049 5648 lamentationes
3082 5607 3149 5649 ac
3169 5595 3483 5668 plangores,

147 5704 307 5772 δας
348 5692 663 5760 τύχωσιν,
693 5687 758 5742 ἄν
788 5702 847 5739 τε
884 5687 979 5740 καὶ
1014 5690 1109 5758 μὴ’
1140 5688 1511 5759 ἀγανάκτησις
1536 5682 1677 5741 κατά
1712 5683 1796 5758 τῆς

1918 5682 2111 5739 inanes
2148 5697 2407 5739 manuum
2461 5681 2839 5755 percussiones
2892 5690 3155 5742 anteacta
3193 5686 3317 5746 vita:
3338 5702 3486 5747 com.

400 5787 718 5852 Parnm.
765 5780 883 5841 Gn.
920 5780 1132 5845 XLVI.
3005 5779 3074 5844 11

1898 3768 2010 3824 bit?
2054 3783 2167 3823 non
2238 3767 2640 3825 vicissitudinis
2688 3776 2951 3837 perpetuo
3003 3773 3154 3823 metu
3224 3765 3476 3833 affectus,

1898 3870 2142 3932 gustum,
2167 3862 2259 3931 qui
2289 3875 2359 3916 ex
2385 3860 2472 3915 his
2495 3859 2660 3915 rebus
2682 3859 2918 3930 capitur,
2949 3858 3070 3916 sine
3103 3873 3271 3916 sensu
3322 3861 3479 3916 volu-

1900 3953 2065 4023 ptatis
2096 3953 2355 4009 habebit?
2397 3951 2667 4009 Praetereo
2689 3952 2867 4025 signa,
2925 3952 3195 4025 prodigia,
3226 3954 3474 4021 somnia,

1900 4044 2342 4109 vaticinationes,
2364 4055 2701 4115 cantet-asque
2723 4045 2775 4100 id
2805 4046 3023 4115 generis
3056 4046 3289 4116 ineptias
3319 4062 3478 4117 :quze

1901 4133 2083 4187 omnia
2113 4134 2279 4189 stulta
2310 4133 2588 4188 hominum
2633 4133 3031 4188 consuetudine
3075 4135 3365 4190 observata
3417 4137 3475 4192 in

1902 4221 2142 4293 pejorem
2184 4230 2395 4292 partem
2425 4224 2795 4293 conjecturam
2853 4224 3096 4279 trahunt.
3126 4224 3235 4281 Sed
3262 4236 3477 4298 tempus

1902 4316 2147 4386 pariendi
2199 4317 2387 4382 instat,
2437 4316 2647 4372 laborat
2710 4316 2890 4387 puella
2935 4333 2967 4373 e
3020 4317 3243 4387 dolore;
3300 4336 3478 4393 neque

1908 5241 2128 5281 sensum
2159 5232 2422 5295 ceperunt
2458 5243 2471 5280 :
2503 5224 2559 5280 hi
2584 5226 2653 5280 ab
2698 5226 2972 5292 omnibus,
3001 5242 3123 5297 qua!
3143 5227 3198 5281 in
3229 5228 3481 5285 manibus

1908 5322 2115 5383 tenent,
2139 5316 2323 5371 subito
2341 5314 2697 5371 divelluntur.
2717 5316 2797 5371 Ad
2824 5317 2939 5373 haec
2967 5318 3100 5373 illud
3131 5320 3314 5383 etiam,
3335 5318 3481 5389 quod
