3896 6208
468 308 569 367 δδι

1769 309 1829 366 S.
1869 308 2202 368 GREGORII
2240 309 2538 368 NYSSENI

3636 322 3764 380 552

471 424 1064 490 memorationes,dirte
1076 425 1470 484 detestationes
1493 440 1680 484 eorum
1707 429 1800 499 qui
1832 431 2052 499 nuptias

2176 431 2503 505 ινθρωπίνης
2548 433 2716 504 ζωῆς,
2766 432 3071 504 κατηγορία
3126 432 3307 505 πάσης
3361 431 3462 505 τῆς
3513 434 3761 506 φύεεως,

472 528 770 578 suaserunt
799 540 812 576 :
845 519 1083 590 querela:
1112 520 1453 590 gravissimae
1487 519 1554 575 de
1575 520 1789 585 amicis,
1821 522 1915 595 (ιιρί
1948 539 2056 578 non

2176 524 2278 577 ιατ’
2300 524 2472 593 αὐτῆς
2502 524 2601 594 τῆς
2640 522 2791 586 θείας
2821 524 3134 593 οἰκονομίας
3165 523 3402 595 μέμψεις
3434 526 3629 579 πολλαὶ
3654 531 3763 582 καὶ

471 612 877 687 prohibuerunt
903 624 917 664 :
949 610 1004 665 in
1040 625 1235 682 magna
1258 610 1419 682 culpa
1446 619 1719 682 parentes,
1757 612 1802 667 si
1832 612 2053 682 adsunt,

471 709 555 764 sin
588 706 791 772 minus,
819 702 1182 759 stomachatio
1217 710 1271 758 et
1302 702 1603 773 deploratio
1632 702 1885 759 humana:
1911 706 2054 769 vitae,

471 806 792 869 naturasque
818 795 999 852 omnis
1023 794 1399 867 reprehensio,
1440 801 1495 849 et
1527 803 1722 850 contra
1753 794 1849 852 Dei
1883 797 2057 867 ipsius

471 889 868 962 providentiam
898 889 1312 944 criminationes
1341 894 1393 942 et
1424 887 1807 943 accusationes
1836 892 2051 946 multae:

472 999 657 1039 secum
686 997 901 1054 pugnze,
939 981 1288 1035 bellumeum
1328 979 1396 1034 iis
1429 980 1521 1050 qui
1561 980 1837 1037 adhortati
1877 992 2007 1038 sunt
2038 1002 2051 1037 :

473 1075 642 1131 nullis
671 1084 766 1128 aut
800 1074 982 1129 verbis
1014 1080 1108 1127 aut
1138 1072 1299 1127 rebus
1322 1071 1706 1129 insulsissimis
1753 1074 2052 1131 abstinent.

470 1168 624 1236 Quos
655 1167 800 1222 enim
838 1165 1185 1239 perturbatio
1215 1164 1417 1220 mentis
1463 1166 1826 1235 superaverit,
1855 1174 1909 1222 et
1963 1168 2059 1238 qui

2156 612 2499 684 ἐγκλήματα,
2543 613 2688 683 μάχη
2744 612 2879 683 πρὸς
2928 613 3140 678 ἑαυτὸν,
3170 613 3407 684 πόλεμος
3457 616 3603 669 κατὰ
3641 616 3757 671 τῶν

2156 704 2583 760 νουθετούντων
2619 704 2794 768 οὐδεὶς
2844 706 2954 759 τῶν
2992 706 3358 761 ἀτοπωτάτων
3395 709 3577 772 ὄκνος,
3629 709 3755 764 οὔτε

2159 798 2441 870 ῥημάτων,
2463 797 2585 851 οὔτε
2613 798 2973 869 πραγμάτων.
3000 798 3267 863 Πολλάκις
3292 798 3371 862 δὲ,
3393 795 3475 864 οἷς
3494 800 3559 855 ἂν
3590 802 3752 874 ὑπερ-

2162 894 2263 961 σχῇ
2295 889 2357 943 τὸ
2391 889 2581 954 πάθος,
2630 891 2723 943 καὶ
2771 890 3173 962 περισσοτέρως
3219 891 3503 964 καταποθῇ
3538 895 3568 946 6
3609 895 3748 961 λογιο

2163 983 2298 1051 σμὸς
2338 983 2443 1037 ὑπὸ
2470 984 2572 1053 τῆς
2603 982 2801 1055 λύπης,
2842 986 2920 1047 είς
2965 984 3287 1058 πικρότερον
3325 986 3498 1055 πέρας
3520 987 3556 1056 ἡ
3588 1004 3750 1059 τραγ-

2161 1079 2298 1149 ῳδία
2361 1080 2679 1152 κατέληξεν,
2715 1082 2836 1136 οὐδὲ
2873 1081 2965 1136 τοῦ
2994 1083 3435 1155 περιλειφθέντος
3466 1084 3750 1138 ἐπιϐιῶναι

2162 1175 2228 1245 τῇ
2265 1176 2519 1247 συμφορᾷ
2545 1174 2882 1245 δυνηθέντος.

472 1284 585 1339 pra;
615 1267 800 1322 dolore
833 1280 976 1334 saepe
1007 1272 1191 1318 mente
1223 1263 1569 1329 deseruntur,
1625 1262 1793 1335 pejori
1814 1266 2053 1322 termino
2089 1283 2280 1325 eorum
2313 1271 2577 1344 tragoedia
2621 1287 2766 1343 saepe
2805 1272 3067 1328 conclusa
3102 1281 3208 1341 est,
3248 1288 3374 1329 cum
3437 1271 3617 1328 dolori
3666 1287 3751 1325 re-

474 1360 670 1416 sistere
703 1357 886 1411 minus
920 1355 1219 1425 potuerint.

546 1452 653 1510 Sed
693 1453 808 1506 haec
847 1451 1151 1513 mittamus,
1201 1465 1473 1521 ponamus
1514 1449 1762 1512 meliora.
1806 1451 2056 1508 laborum

472 1548 531 1602 in
589 1544 852 1615 pariendo
911 1542 1216 1613 periculum
1278 1541 1439 1612 fugit,
1473 1551 1636 1598 natus
1667 1550 1753 1598 est
1801 1544 1850 1598 ei
1884 1546 2060 1602 scitus

468 1653 630 1708 puer,
663 1636 841 1707 imago
873 1636 989 1704 ipsa
1026 1642 1317 1704 parentum
1348 1633 1557 1688 formae.
1613 1632 1778 1689 Vides
1808 1634 2059 1704 profecto

474 1735 681 1798 quanto
709 1726 763 1780 in
789 1726 933 1780 bono
967 1724 1064 1777 tibi
1097 1738 1164 1778 ex
1192 1730 1517 1793 argumento
1543 1724 1758 1780 ratione
1781 1726 2060 1796 gratifice—

474 1830 565 1875 tur
588 1819 786 1873 oratio.
820 1815 1002 1883 Quid?
1026 1815 1193 1871 Estne
1221 1823 1510 1885 propterea
1534 1816 1859 1886 deplorandi
1884 1827 2060 1873 mate-

475 1912 557 1967 ria
594 1910 904 1974 imminuta,
937 1923 1005 1961 an
1056 1923 1163 1961 non
1200 1909 1383 1977 potius
1425 1907 1701 1963 adaucta?
1734 1908 1872 1964 Nam
1935 1924 2063 1964 cum

477 2003 790 2073 superiores
848 1999 927 2054 illi
980 1997 1300 2056 iormidines
1372 2001 1672 2066 sustinent,
1746 2010 1861 2055 tum
1921 2002 2067 2057 hanc

475 2096 642 2152 etiam
676 2093 771 2149 lilii
808 2105 981 2147 causa
1021 2098 1480 2160 assumpserunt;
1512 2099 1766 2148 metuunt
1803 2094 1973 2159 enim,
1999 2109 2069 2150 ne

476 2187 607 2259 quid
636 2186 690 2240 in
726 2184 1052 2240 educatione
1075 2182 1155 2238 rei
1187 2182 1401 2238 acerba:
1423 2182 1658 2251 accidat,
1682 2199 1751 2239 ne
1777 2199 1886 2255 qua
1913 2198 2068 2241 com-

478 2281 664 2334 munis
702 2278 846 2331 mala
885 2273 1107 2329 fortuna
1141 2273 1476 2343 impendeat,
1515 2289 1652 2331 neve
1681 2274 1944 2331 fortuitus
1968 2275 2070 2331 ali-

479 2369 602 2437 quis
629 2381 795 2422 casus
825 2371 921 2418 aut
950 2363 1226 2428 morbum,
1258 2375 1351 2419 aut
1388 2363 1610 2429 febrim,
1634 2372 1729 2419 aut
1761 2365 2068 2435 periculum

478 2461 527 2515 ei
568 2457 792 2529 aliquod
828 2457 1111 2527 importet.
1162 2456 1344 2526 Atque
1372 2457 1490 2513 haec
1529 2458 1750 2529 quidem
1781 2460 2070 2531 utriusque

480 2547 823 2616 communia;
882 2549 974 2602 illa
1009 2563 1161 2612 vero.
1194 2563 1318 2618 quae
1376 2550 1571 2605 uxoris
1632 2558 1766 2606 sunt
1816 2553 2066 2622 propria,

481 2642 606 2714 quis
650 2639 1085 2698 commemoret?
1128 2647 1188 2694 ut
1250 2647 1643 2709 praetereamus
1726 2625 1789 2696 ea
1842 2658 1965 2713 quae
2013 2642 2070 2695 in

483 2740 742 2807 promptu
797 2739 946 2796 sunt,
1006 2738 1173 2800 atque
1230 2730 1490 2786 omnibus
1533 2731 1844 2796 notissima,
1906 2730 2070 2786 veluti

484 2823 817 2897 praegnantis
854 2823 1154 2888 molestias,
1209 2823 1456 2891 pariendi
1515 2824 1841 2893 periculum,
1872 2823 2069 2878 educa-

487 2918 655 2974 tionis
685 2916 929 2979 labores,
959 2922 1013 2969 et
1046 2913 1341 2982 quamdam
1399 2914 1636 2984 denique
1681 2914 1864 2970 cordis
1898 2914 2071 2983 ipsius

381 3057 394 3069 ,
487 3021 600 3079 prae
633 3020 821 3061 amore
844 3003 939 3059 lilii
986 3003 1141 3074 quasi
1183 3002 1623 3059 convulsionem.
1674 3003 1731 3057 Si
1773 3019 1903 3057 vero
1923 3017 2073 3057 com-

2247 1446 2386 1502 Ἀλλ’
2419 1447 2541 1518 οὐχὶ
2578 1446 2769 1500 τοῦτο*
2820 1444 3150 1516 ὑποθώμεθα
3196 1445 3253 1500 δέ
3295 1445 3367 1500 τά
3414 1448 3632 1520 βελτίω,
3678 1453 3751 1506 ὅτι

2164 1541 2259 1594 καὶ
2295 1539 2517 1609 διέφυγε
2562 1538 2668 1592 τῶν
2717 1537 2926 1592 ὠδίνων
2958 1538 3048 1591 τὸν
3081 1538 3349 1605 κίνδυνον,
3402 1542 3496 1595 καὶ
3535 1544 3751 1613 γέγονεν

2164 1635 2347 1697 αὐτοῖς
2385 1635 2535 1697 παῖς,
2573 1630 2704 1685 αὐτὸ
2746 1631 2846 1702 τῆς
2892 1630 3041 1703 ώρας
3082 1631 3188 1685 τῶν
3233 1636 3659 1706 γεννησαμένων
3699 1639 3751 1690 τὸ

2164 1724 2551 1795 ἀπεικόνισμα.
2600 1723 2668 1776 Τί
2700 1718 2827 1790 οὗν;
2879 1722 3159 1795 ἠλαττώθη
3207 1722 3297 1777 διὰ
3349 1726 3558 1780 τούτων
3593 1730 3628 1799 ἡ
3668 1728 3750 1782 τοῦ

2163 1815 2451 1871 λυπεῖσθαι
2501 1814 2795 1880 ὑπόθεσις;
2839 1813 2872 1884 ἢ
2907 1814 3029 1887 ορχὶ
3061 1815 3155 1868 καὶ
3194 1816 3513 1887 προσθήκας
3560 1821 3753 1891 μᾶλλον

2167 1907 2420 1976 ἐδέξατο;
2476 1907 2614 1970 Τούς
2647 1923 2706 1958 τε
2736 1905 2845 1977 γὰρ
2872 1905 3167 1977 προτέρους
3200 1905 3381 1977 ἔχουσι
3411 1910 3636 1979 φόϐους,
3669 1914 3755 1967 καὶ

2164 2001 2257 2054 τὸν
2290 2000 2431 2071 ὑπὲρ
2459 1998 2554 2052 τοῦ
2596 1998 2786 2052 τέκνου
2817 1997 3171 2071 προσέλαϐον,
3204 2001 3278 2072 μή
3310 2017 3365 2053 τι
3405 2003 3588 2075 συμϐῇ
3633 2005 3758 2076 περὶ

2166 2092 2265 2162 τὴν
2280 2090 2593 2163 ἀνατροφὴν
2618 2088 2782 2161 ἀηδές
2802 2106 2817 2120 ⁸
2840 2091 2916 2161 μή
2942 2107 3026 2153 τις
3043 2091 3254 2163 πονηρά
3277 2093 3538 2163 συντυχία
3560 2112 3573 2125 ·
3608 2096 3689 2167 μή
3708 2114 3755 2149 τι

2170 2183 2482 2255 σύμπτωμα
2498 2181 2605 2236 τῶν
2637 2180 3021 2253 ἀϐουλήτων,ἢ
3044 2181 3232 2245 πάθος,
3251 2181 3284 2253 ἢ
3305 2184 3573 2255 πήρωσιν,
3598 2184 3762 2256 ῆκίν-

2166 2276 2321 2330 δυνον
2338 2274 2593 2347 ἐπαγάγῃ
2621 2273 2752 2328 τινά.
2786 2272 2894 2326 Καὶ
2911 2272 3080 2327 ταῦτα
3101 2272 3197 2343 μὲν
3212 2274 3542 2345 ἀμφοτέρων
3572 2276 3757 2330 κοινά·

2170 2369 2238 2424 τά
2275 2370 2333 2423 δέ
2362 2368 2461 2439 τῆς
2485 2367 2729 2437 γαμετῆς
2760 2365 2887 2429 ἴδια,
2919 2363 3004 2428 τίς
3042 2363 3108 2418 ἂν
3143 2363 3606 2437 ἐξαριθμήσαιτος
3641 2367 3764 2421 Ἵνα

2171 2462 2281 2533 γὰρ
2313 2460 2564 2530 ἐάσωμεν
2597 2457 2664 2511 τὰ
2697 2457 2963 2528 πρόχειρα
2988 2454 3159 2509 ταῦτα
3192 2455 3286 2509 καὶ
3318 2459 3453 2509 πᾶσι
3483 2457 3761 2528 γνώριμα,

2171 2555 2231 2608 τὸ
2257 2554 2356 2624 τῆς
2394 2550 2687 2621 κυοφορίας
2724 2548 2906 2619 ἄχθος,
2936 2548 3029 2601 τὸν
3062 2549 3121 2601 ἐν
3148 2550 3267 2611 ταῖς
3305 2548 3455 2602 ὠδῖσι
3491 2549 3761 2616 κίνδυνον,

2171 2646 2265 2699 τὸν
2299 2644 2438 2714 ὑπὲρ
2468 2644 2565 2714 τῆς
2598 2640 2907 2712 ἀνατροφῆς
2934 2638 3115 2704 πόνον,
3147 2639 3209 2693 τὸ
3264 2639 3362 2711 τὴν
3405 2641 3635 2712 καρδίαν
3668 2643 3767 2696 αὖ.

2170 2738 2272 2808 τῆς
2321 2736 2399 2807 τῷ
2450 2733 2693 2806 τεχθέντι
2755 2729 3282 2800 συναποσχίζεσθαιθ
3339 2730 3443 2784 κᾶν
3502 2731 3766 2786 πλειόνων

2173 2830 2468 2900 γενήσηται
2504 2828 2709 2898 μήτηρ,
2744 2826 2823 2887 είς
2854 2822 3092 2877 τοσαῦτα
3122 2822 3562 2896 κατατέμνεσθαι
3591 2825 3767 2896 αὐτῆς

2173 2920 2272 2992 τὴν
2300 2919 2499 2989 ψυχὴν.
2527 2919 2648 2980 ὅσος
2671 2917 2700 2968 6
2727 2914 2959 2987 ἀριθμὸς
2992 2913 3101 2967 τῶν
3134 2914 3338 2967 τέκνων
3379 2914 3548 2968 ἐστίν·
3575 2916 3633 2968 τὸ
3656 2916 3768 2968 τῶν

2177 3009 2580 3079 συμϐαινόντων
2626 3006 2853 3070 ἐκείνοις
2905 3006 3006 3077 τὴν
3056 3004 3307 3076 αἴσθησιν
3355 3007 3414 3059 ἐν
3457 3011 3571 3072 τοῖς
3613 3006 3772 3072 ἰδίοις

489 3098 728 3172 plurium
759 3096 1057 3152 liberorum
1084 3103 1261 3151 mater
1301 3102 1406 3161 est,
1439 3096 1560 3166 ejus
1590 3096 1808 3151 animus
1836 3096 1891 3148 in
1944 3094 2071 3149 toti-

2179 3102 2504 3172 σπλάγχνοις
2548 3099 2799 3171 δέχεσθαι
2823 3116 2837 3130 ο
2892 3099 2988 3153 καὶ
3032 3098 3210 3152 πάντα
3251 3098 3322 3153 τὰ
3362 3099 3586 3155 τοιαῦτα
3626 3101 3775 3169 γνώο

489 3193 613 3250 dem
641 3206 805 3247 curas
836 3188 1185 3253 distrahitur,
1241 3197 1377 3258 quot
1416 3188 1493 3241 illi
1522 3203 1754 3242 numero
1784 3194 1933 3253 sunt,
1962 3194 2077 3241 tan-

489 3297 821 3357 quam,quae
849 3281 960 3336 illis
996 3280 1273 3345 accidant,
1320 3280 1500 3350 ipsius
1559 3278 1866 3333 visceribus
1911 3276 2075 3331 inﬁxa

491 3378 654 3450 plane
682 3376 947 3432 intereant.
1004 3370 1134 3427 Haac
1163 3381 1369 3435 autem,
1414 3385 1537 3441 quae
1572 3376 1859 3440 perspecta
1885 3383 2076 3424 omnes

488 3472 716 3536 habent,
762 3467 890 3539 quis
927 3465 1177 3522 oratione
1231 3462 1665 3534 complectatur?
1693 3458 1803 3516 Sed
1857 3458 2079 3530 quando

491 3563 587 3619 illa
617 3577 685 3618 ex
711 3559 899 3616 divino
932 3554 1208 3627 przece'pto
1237 3569 1346 3608 non
1381 3562 1466 3607 est
1498 3554 1583 3609 sui
1608 3553 1773 3623 juris,
1798 3566 1987 3607 verum
2010 3551 2079 3608 ab

491 3653 614 3723 ejus
642 3648 1010 3714 voluntate,in
1031 3645 1190 3715 cujus
1213 3644 1441 3700 arbitrio
1465 3654 1689 3715 propter
1719 3645 1938 3714 nuptias
1970 3649 2077 3709 est.

490 3743 717 3799 omnino
741 3739 940 3811 pendet
971 3758 984 3793 :
1019 3738 1065 3794 si
1081 3737 1281 3806 exiguo
1305 3743 1549 3804 tempore
1564 3740 1649 3790 cst
1675 3734 1743 3788 ab
1767 3748 1833 3789 eo
1863 3733 2076 3800 relicta,

490 3831 651 3904 quasi
679 3831 856 3900 capite
886 3844 918 3883 a
963 3843 1024 3884 se
1061 3826 1331 3882 convulso
1398 3821 1754 3880 solitudinem
1794 3821 1941 3878 ferre
1966 3837 2079 3880 non

494 3930 698 3996 potest,
722 3931 778 3977 et
804 3931 1062 3991 tauquam
1084 3919 1208 3974 vita:
1231 3916 1609 3980 solitudinem,
1642 3915 2081 3986 viduitatemquo

491 4015 744 4086 exiguam
773 4013 874 4069 viri
907 4013 1314 4083 separationem
1366 4009 1785 4080 interpretatur,
1815 4008 2079 4067 continuo

494 4114 675 4162 metus
698 4104 945 4171 eﬂlcit,ut
962 4105 1019 4159 in
1042 4103 1191 4158 nulla
1210 4104 1283 4155 sit
1305 4116 1491 4156 rerum
1518 4100 1935 4170 exspectatione
1963 4114 2080 4155 me-

494 4199 716 4254 liorum.
751 4198 930 4269 Atque
957 4210 1077 4254 eam
1108 4194 1181 4250 ob
1211 4208 1436 4250 causam
1471 4193 1666 4249 oculus
1712 4192 1834 4259 ejus
1881 4191 2076 4262 plenus

495 4289 931 4364 perturbationis
978 4304 1046 4345 ac
1117 4285 1430 4342 formidinis
1495 4286 1552 4341 in
1611 4283 1812 4341 aedium
1868 4282 2078 4342 aditum

495 4385 810 4454 ostiumque
832 4382 1117 4452 conjectus
1136 4388 1245 4447 est;
1270 4395 1431 4436 aures
1459 4386 1642 4433 autem
1670 4376 2077 4434 susurrationes

2181 3212 2319 3267 ριμα
2347 3195 2512 3247 πᾶσιν
2543 3192 2673 3246 ὅντα
2705 3192 2757 3245 τί
2802 3190 2868 3247 ἄν
2896 3207 2978 3255 τις
3001 3189 3182 3260 λέγοις
3243 3189 3383 3245 Ἀλλ’
3409 3192 3595 3263 ἐπειδὴ
3623 3196 3775 3249 κατὰ

2176 3286 2237 3339 τὸ
2263 3286 2403 3339 θεῖον
2437 3285 2638 3353 λόγιον,
2670 3285 2769 3354 οὐχ
2800 3283 3003 3354 ἐαυτῆς
3032 3285 3148 3337 ἐστι
3187 3284 3373 3354 κυρία,
3409 3285 3546 3356 πρὸς
3582 3285 3641 3339 δὲ
3678 3287 3779 3341 τὸν

2177 3377 2264 3432 διὰ
2307 3376 2400 3431 τοῦ
2449 3377 2629 3447 γάμου
2680 3375 3044 3448 κυριεύσαντα
3094 3376 3193 3447 τὴν
3240 3377 3593 3449 ἀποστροφὴν
3629 3378 3776 3450 ἔχει,

2179 3468 2284 3523 κᾶν
2341 3469 2475 3541 πρὸς
2512 3469 2690 3537 ὀλίγον
2742 3467 2907 3522 αὐτοῦ
2969 3468 3210 3541 μονωθῇ,
3257 3470 3331 3534 ὡς
3382 3470 3481 3539 τῆς
3525 3472 3779 3542 κεφαλῆς

2179 3558 2555 3633 διεζευγμένη,
2599 3561 2659 3613 οὐ
2709 3560 2865 3631 φέρει
2915 3562 3016 3632 τὴν
3062 3560 3321 3632 μόνωσιν,
3366 3560 3504 3615 ἀλλά
3538 3560 3779 3634 μελέτην

2183 3653 2309 3708 τινὰ
2335 3653 2435 3723 τῆς
2463 3655 2520 3707 ἐν
2566 3654 2632 3724 τῇ
2678 3652 2874 3724 χηρείᾳ
2906 3651 3074 3722 ζωῆς,
3117 3652 3213 3705 καὶ
3240 3651 3339 3723 τὴν
3372 3653 3430 3706 ἐν
3475 3650 3641 3722 ὀλίγῳ
3677 3653 3779 3706 τοῦ

2181 3744 2374 3817 ἀνδρὸς
2408 3742 2754 3814 ἀναχώρησιν
2784 3742 3109 3806 οἱωνίζεται.
3146 3741 3320 3806 Εὐθὺς
3366 3743 3396 3795 6
3428 3742 3590 3812 φόϐος
3629 3743 3782 3797 ἀπό-

2180 3853 2380 3910 γνωσιν
2411 3836 2630 3908 ἐμποιεῖ
2673 3834 2783 3889 τῶν
2815 3834 3198 3907 χρηστοτέρων
3248 3834 3497 3889 ἐλπίδων.
3535 3834 3646 3888 Καὶ
3685 3835 3781 3890 δεά

2182 3929 2341 3984 τοῦτο
2367 3932 2394 3984 6
2412 3929 2511 4001 μὲν
2539 3927 2814 4001 ὀφθαλμὸς
2844 3927 2972 4000 περὶ
2988 3927 3089 3998 τὴν
3104 3927 3303 3981 εἴσοδον
3327 3930 3562 4000 πέπηγε,
3577 3927 3785 3999 γέμων

2181 4022 2425 4095 ταραχῆς
2452 4021 2547 4076 καὶ
2559 4022 2840 4093 πτοήσεως
2861 4037 2875 4052 ·
2908 4017 3019 4091 ἡδέ
3042 4019 3180 4093 ἀκοὴ
3208 4021 3337 4084 τοὺς
3366 4019 3785 4085 ὕπολαλοῦντας

2181 4110 3129 4184 περιεργάζεται·συγκόπτεταιδέἠ
3164 4110 3361 4181 καρδία
3394 4108 3781 4181 μαστιζομένη

2180 4203 2258 4277 τῷ
2282 4203 2451 4275 φόϐῳ,
2491 4203 2584 4257 καὶ
2617 4202 2746 4274 πρίν
2766 4220 2817 4256 τι
2838 4201 3317 4274 προσαγγελθῆναι
3346 4201 3609 4272 νεώτερον
3629 4219 3644 4233 ’
3680 4203 3782 4256 καὶ

2188 4294 2348 4368 μόνον
2394 4292 2565 4364 ψόφος
2606 4293 2713 4363 πρὸ
2756 4292 2864 4345 τών
2897 4290 3076 4364 θυρῶν
3107 4292 3140 4363 ἢ
3174 4291 3513 4362 ὑπονοηθεὶς,
3541 4290 3576 4363 ἢ
3614 4293 3784 4359 γενόο

2186 4403 2365 4459 μενος,
2399 4384 2589 4458 ὥσπερ
2630 4402 2715 4448 τις
2757 4383 2987 4454 ἄγγελος
3014 4383 3199 4438 κακῶν
3236 4383 3497 4456 ἐξαίφνης
3537 4383 3635 4454 τὴν
3674 4386 3785 4456 ψυ-

494 4473 913 4546 obloqueutium
973 4472 1309 4537 observant;
1370 4484 1666 4540 rerumque
1744 4467 2071 4524 terribilium

2182 4475 2285 4549 χὴν
2320 4475 2681 4548 διεκλόνησεν.
2725 4475 2837 4529 Καὶ
2879 4474 2950 4528 τά
3002 4475 3101 4545 μὲν
3136 4473 3261 4539 ἔξω,
3306 4473 3458 4541 δεξιά
3487 4474 3652 4544 τυχὸν
3684 4477 3786 4529 καὶ

497 4572 650 4623 metu
696 4563 1010 4635 perculsum
1047 4574 1143 4615 cor
1170 4560 1292 4630 ejus
1327 4559 1696 4629 disrumpitur
1745 4577 1760 4613 :
1791 4568 1916 4613 ante
1946 4572 2080 4614 vero

499 4673 663 4730 quam
695 4670 878 4712 rerum
902 4667 1172 4709 novarum
1204 4652 1411 4722 aliquid
1449 4653 1676 4707 allatum
1707 4652 1799 4717 sit,
1832 4652 1963 4707 ostii
2000 4651 2082 4707 vel

499 4752 656 4808 solus
715 4745 1084 4816 conerepitus,
1147 4745 1265 4799 sive
1310 4743 1514 4811 factus,
1579 4743 1697 4800 sive
1746 4745 2083 4815 cogitatione

500 4842 953 4915 comprehensus,
986 4837 1146 4908 quasi
1180 4837 1449 4892 malarum
1483 4851 1668 4892 rerum
1698 4836 1928 4891 nuntius
1951 4851 2082 4892 eve-

500 4935 663 5004 stigio
703 4932 825 5003 ejus
859 4930 1102 4986 animum
1142 4930 1440 4985 commovit
1477 4946 1492 4983 :
1547 4927 1890 4999 fortasseque
1945 4927 2085 4983 nihil

502 5026 718 5082 absenti
750 5022 950 5078 marito
997 5021 1216 5079 adversi
1250 5020 1472 5085 accidit,
1518 5030 1613 5077 aut
1644 5029 1795 5078 metu
1820 5020 2082 5092 dignum;

458 5120 469 5191 ’ς
502 5115 601 5173 sed
631 5115 800 5169 animi
864 5112 1339 5175 consternatione,
1402 5112 1559 5166 nullo
1587 5117 1817 5181 accepto
1861 5111 2080 5176 nuntio,

465 5194 469 5209 ἶ
503 5216 742 5264 mentem
763 5220 795 5263 a
842 5204 1105 5275 jucundis
1146 5204 1314 5260 rebus
1348 5203 1417 5258 ad
1469 5203 1750 5263 contraria
1785 5202 2081 5258 convertit.

502 5300 629 5356 Haec
661 5306 747 5356 est
786 5297 1026 5353 felicium
1060 5296 1345 5351 hominum
1377 5296 1511 5362 vita,
1545 5311 1656 5350 non
1685 5294 1843 5351 valde
1872 5295 2087 5351 scilicet

2132 4610 2137 4617 .
2181 4567 2391 4632 οὐδενὸς
2417 4566 2542 4635 ἀξια
2572 4566 2737 4638 φόϐου
2758 4583 2771 4597 ο
2805 4564 2997 4635 φθάνει
3028 4565 3084 4619 δὲ
3113 4566 3146 4637 ἡ
3175 4564 3507 4636 λειποθυμία
3537 4566 3641 4636 τὴν
3673 4568 3782 4634 ἀγ-

2184 4659 2390 4728 γελίαν,
2437 4658 2531 4712 καὶ
2582 4657 2912 4731 ἀναστρέφει
2963 4655 3099 4728 πρὸς
3141 4655 3202 4710 τδ
3235 4657 3475 4711 ἐναντίον
3509 4656 3620 4709 ἀπὸ
3672 4658 3781 4711 τῶν

2183 4748 2354 4821 ἡδέων
2399 4748 2500 4819 τὴν
2549 4747 2794 4819 γνώμην.
2845 4747 3097 4810 Τοιοῦτος
3147 4746 3257 4801 τῶν
3309 4745 3702 4816 εὖθυμούντων
3752 4748 3780 4797 ὁ

2185 4839 2319 4912 βίος,
2370 4840 2431 4893 οὐ
2464 4838 2606 4893 πάνυ
2653 4837 2948 4908 γε’ἀξιοςθ
2996 4838 3057 4893 οὗ
3104 4836 3213 4909 γὰρ
3253 4840 3317 4909 τῇ
3347 4834 3633 4908 ἐλευθερίᾳ
3685 4837 3779 4905 τῆς

2184 4929 2482 5001 παρθενίας
2538 4926 2969 4995 ἀντεξετάζεται.
3037 4926 3232 4981 Καίτοι
3276 4925 3447 4979 πολλά
3486 4925 3600 4978 τῶν
3652 4942 3783 4978 σκυ-

2185 5018 2543 5091 θρωποτέρων
2571 5019 2600 5071 6
2632 5016 2789 5086 λόγος
2833 5016 3136 5090 ἐπιτρέχων
3184 5016 3467 5069 κατέλιπε.
3502 5014 3786 5077 Πολλάκις

2185 5111 2295 5185 γὰρ
2342 5110 2572 5180 κάκείνη
2618 5108 2698 5162 ἔτι
2747 5109 2841 5162 νέα
2884 5108 2963 5180 τῷ
3012 5107 3247 5178 σώματι,
3290 5106 3371 5160 ἔτι
3412 5109 3479 5177 τῇ
3524 5108 3786 5176 νυμφικῇ

2186 5203 2389 5276 ἀγλαΐᾳ
2421 5201 2710 5256 στίλϐουσα
2728 5242 2744 5267 ,
2776 5199 2859 5253 ἐτι
2885 5199 3047 5271 τυχὸν
3071 5198 3383 5271 ἐρυθριῶσα
3410 5196 3502 5251 τοῦ
3535 5196 3791 5267 νυμφίου

2184 5297 2286 5366 τὴν
2329 5294 2554 5361 εἴσοδον,
2587 5292 2682 5347 καὶ
2717 5289 2857 5362 μετά
2899 5288 3082 5354 αίδοῦς
3128 5287 3532 5351 ὑποϐλέπουσα,
3564 5288 3655 5340 ὅτε
3685 5287 3797 5340 καὶ

502 5393 667 5463 digna
688 5405 832 5448 :non
855 5390 1003 5447 enim
1021 5404 1147 5445 cum
1168 5387 1417 5462 virginali
1435 5389 1687 5444 libertate
1708 5395 2081 5459 comparatur.

510 5482 673 5554 Atqui
720 5482 913 5548 multa,
945 5497 1066 5554 qua:
1121 5482 1374 5554 graviora
1405 5470 1565 5547 sunt,
1587 5495 1922 5551 percurrens
1942 5493 2085 5550 prte-

509 5574 642 5630 terit
671 5574 870 5630 oratio.
901 5572 1035 5629 Nam
1072 5590 1217 5646 saepe
1237 5576 1330 5630 illa
1365 5588 1491 5629 cum
1538 5573 1948 5631 adolescentula
1977 5581 2084 5637 est,

512 5672 677 5735 atque
729 5666 786 5720 in
853 5680 1071 5736 sponsa:
1133 5664 1429 5738 splendore
1472 5664 1673 5729 elucet,
1745 5662 2088 5732 fortasseque

513 5755 696 5816 adhuc
715 5757 905 5829 sponsi
931 5755 1165 5813 adventu
1201 5757 1384 5822 rubet,
1425 5763 1481 5811 et
1508 5756 1721 5826 pudens
1750 5755 1897 5810 limis
1927 5770 2087 5822 aspe-

2188 5388 2552 5462 θερμοτέρους
2603 5379 2742 5438 εἶναι
2780 5381 3067 5454 συμϐαίνει
3112 5381 3241 5445 τοὺς
3286 5378 3509 5443 πόθους,
3562 5377 3656 5430 ὑπ’
3699 5377 3801 5430 αι-

2191 5481 2391 5553 σχύνης
2435 5479 2573 5551 πρὸς
2620 5475 2682 5530 τὺ
2729 5473 3029 5545 ἐκφανῆναι
3077 5471 3483 5545 κωλυομένους,
3514 5468 3803 5540 ἐξαίφνης

2190 5574 2349 5645 Χήρας
2389 5570 2485 5625 καὶ
2516 5568 2697 5632 ἀθλία,
2740 5565 2834 5620 καὶ
2862 5563 3087 5638 ἔρημος.
3122 5565 3216 5618 καὶ
3262 5564 3442 5618 πάντα
3466 5561 3535 5616 τὰ
3563 5561 3810 5631 φευκτά

2195 5662 2596 5737 μεταλαμϐάνει
2621 5659 2889 5730 ὀνόματα,
2933 5656 3027 5711 καὶ
3076 5655 3176 5727 τὴν
3204 5654 3343 5718 τέως
3374 5651 3637 5726 λαμπράν
3691 5652 3810 5706 καὶ

2193 5755 2511 5827 λευχεὶμονα
2550 5751 2645 5805 καὶ
2695 5748 3075 5821 περίϐλεπτον,
3126 5745 3339 5820 ἀθρόως
3388 5744 3805 5815 καταμελαίνει
