3896 6208
229 228 322 283 535

1572 218 1658 273 DE
1699 210 2163 271 VIRGINITATE.

3370 209 3475 265 334

225 337 611 415 προσπεσοῦσα
637 339 670 409 ἡ
706 334 985 410 συμφορὰ,
1020 336 1113 390 καὶ
1144 335 1458 409 περιϐάλλει
1490 335 1568 406 τῷ
1595 335 1802 397 πένθει,

1914 336 2019 383 ctat
2052 347 2063 383 :
2100 325 2542 396 quandoquidem
2567 337 2693 378 cum
2726 323 2892 377 animi
2914 322 3243 395 cupiditates
3271 324 3478 397 pudore

219 434 311 488 τὸν
343 430 614 503 νυμφικδν
650 429 854 500 κόσμον
883 428 1272 499 άποσυλήσασα
1291 444 1305 457 ’
1340 423 1459 480 εἶτα
1487 427 1648 496 ζόφος
1680 426 1801 479 ἀντὶ

217 527 322 597 τῆς
369 527 430 578 ὲν
476 522 702 577 παστάδι
728 521 1137 593 λαμπρότητος,
1182 524 1276 576 καὶ
1305 518 1565 593 θρηνῳδοὶ
1595 519 1692 582 τὰς
1725 519 1802 571 οἰ-

225 618 423 691 μωγὰς
476 613 863 677 ὲπιτείνουσαι,
915 613 1009 668 καὶ
1050 616 1203 683 μῖσος
1254 611 1394 666 κατὰ
1446 611 1553 665 τῶν
1600 613 1806 681 ἐπιχει-

225 707 464 781 ρούντων
501 705 763 776 πραΰνειν
806 705 873 757 τά
916 703 1099 775 πάθη,
1134 703 1398 773 ἀπέχθεια
1442 703 1662 766 σιτίων,
1706 719 1803 772 τη-

223 797 394 853 κεδὼν
421 796 700 868 σώματος,
740 796 1012 867 κατήφεια
1029 795 1224 866 ψυχῆς,
1259 796 1523 867 ἐπιθυμία
1550 794 1799 857 θανάτου,

223 892 319 946 καὶ
354 890 547 962 μέχρις
589 886 757 943 αὐτοῦ
807 888 901 941 τοῦ
936 887 1166 943 Θανάτου
1210 888 1469 951 πολλάκις
1511 887 1797 957 ἰσχύσασα.

234 983 357 1037 Ἐάν
376 983 433 1035 δὲ
462 981 555 1035 καὶ
584 979 799 1051 παυσθῇ
827 998 943 1042 run;
968 979 1046 1051 τῷ
1074 980 1251 1052 χρόνῳ
1277 984 1311 1051 ἡ
1341 979 1615 1053 συμφορά,
1641 979 1802 1033 πάλιν

224 1073 355 1144 ἄλλη
414 1072 694 1143 συμφορὰ,
742 1071 855 1125 εἴτε
898 1072 1130 1143 ὑπάρχει
1167 1073 1354 1134 τέκνα,
1404 1073 1513 1125 εἴτε
1558 1072 1655 1125 καὶ
1704 1072 1799 1142 μή.

228 1164 396 1217 Ὄντα
426 1164 524 1233 μὲν
571 1161 698 1232 γὰρ,
736 1161 948 1231 ὀρφανά
978 1163 1195 1226 πάντως
1229 1163 1367 1225 ἐστὶ,
1412 1163 1506 1217 καὶ
1536 1162 1620 1217 διὰ
1647 1162 1804 1216 τοῦτο

223 1256 457 1322 ἐλεεινὰ,
484 1256 578 1309 καὶ
618 1256 687 1308 δι’
725 1254 906 1308 αὐτῶν
940 1254 1002 1307 τὸ
1034 1253 1204 1319 πάθος
1249 1254 1701 1319 ἀνακαινίζοντα·
1754 1256 1803 1307 εἰ

222 1346 281 1399 δὲ
313 1346 392 1417 μὴ
428 1346 537 1417 εἴη,
587 1342 887 1416 πρόρριζον
933 1344 1139 1413 οἴχεται
1179 1343 1239 1397 τὸ
1277 1343 1370 1397 τοῦ
1414 1343 1803 1415 κατοιχομένου

229 1437 596 1510 μνημόσυνον,
639 1436 736 1489 καὶ
776 1431 838 1488 τὸ
872 1435 1042 1488 κακὸν
1079 1434 1221 1508 ὑπὲρ
1254 1435 1606 1507 παραμυθίαν
1636 1436 1801 1489 ἐστίν.

238 1530 344 1584 Ἐῶ
372 1530 441 1583 τά
472 1530 607 1584 ἄλλα
632 1530 703 1582 τά
732 1529 834 1599 τῆς
852 1520 1084 1600 χηρείας
1116 1529 1240 1582 ἴδια.
1274 1529 1369 1593 Τίς
1396 1531 1503 1601 γὰρ
1532 1530 1598 1583 ἂν
1630 1531 1805 1584 πάντα

228 1618 370 1691 μετά
402 1617 688 1688 ἀκριϐείας
722 1617 1200 1689 ἀπαριθμήσαιτο;
1236 1620 1364 1682 τοὺς
1398 1610 1644 1689 ἑχθρδυς,
1683 1621 1807 1683 τοὺς

1904 420 2140 490 quodam
2170 417 2629 487 comprimuntur,
2664 428 2774 485 quo
2797 414 2982 471 minus
3003 430 3124 471 sese
3154 415 3477 482 ostendant,

1903 512 2148 565 acriores
2182 509 2297 565 fieri
2328 507 2597 579 contingit
2626 525 2641 562 :
2670 515 2781 560 tum
2814 506 2883 562 de
2904 506 3200 577 improviso
3221 508 3476 575 viduitas,

1903 617 2170 666 arumna,
2196 598 2437 657 solitudo
2481 618 2493 653 :
2523 613 2714 668 quave
2756 598 3044 653 horribilia
3073 607 3221 667 sunt,
3249 600 3475 655 nomina

1903 695 2009 752 sibi
2041 694 2291 765 imponit,
2326 699 2381 749 et
2412 706 2561 755 ecce,
2591 706 2714 762 qua
2744 690 2891 746 lauta
2924 691 3084 748 modo
3123 701 3243 747 erat
3274 693 3481 747 amictu

1903 786 2139 843 candido
2192 792 2500 855 ornatuque
2548 784 2788 855 insigni,
2839 794 3059 855 repente
3116 799 3236 855 qua
3286 784 3482 840 incidit

1902 877 2189 931 calamitas
2238 889 2357 930 eam
2390 873 2536 945 pulla
2584 881 3021 943 veste,.atroque
3047 873 3236 928 habitu
3279 873 3478 932 induit.

1903 970 2311 1039 dilaceratoque
2343 982 2559 1038 sponsa
2619 974 2838 1032 ornatu,
2873 967 2926 1022 in
2990 968 3196 1021 luctum
3251 966 3401 1020 illam
3430 972 3484 1020 et

1905 1063 2217 1133 squalorem
2255 1061 2513 1129 conjicit;
2541 1058 2739 1115 deinde
2767 1075 2866 1129 pro
2900 1059 3022 1113 luce
3046 1060 3099 1113 in
3128 1059 3354 1129 nuptiali
3381 1074 3482 1113 cu-

1904 1156 2088 1212 biculo
2126 1154 2301 1226 caligo
2321 1162 2373 1210 et
2395 1154 2660 1217 tenebra,
2718 1153 2923 1217 luctus,
2955 1152 3333 1207 lamentabiles
3363 1151 3484 1223 plo-

1904 1255 2058 1302 ratus
2115 1254 2280 1316 atque
2340 1244 2527 1300 odium
2595 1244 2651 1297 in
2717 1259 2815 1299 cos
2862 1243 2954 1313 qui
3019 1243 3262 1298 dolorem
3312 1244 3485 1299 lenire

1904 1349 2207 1407 conantur;
2232 1338 2451 1409 cibique
2483 1338 2836 1401 abstinentia,
2868 1339 3114 1407 corporis
3147 1338 3321 1401 tabes,
3346 1354 3484 1394 con-

1904 1433 2101 1486 tractio
2123 1430 2492 1500 demissioque
2536 1429 2742 1492 animi,
2777 1429 2973 1484 mortis
3019 1428 3313 1499 cupiditas,
3365 1445 3487 1500 qua

1906 1537 2050 1591 sape
2080 1521 2148 1575 ad
2181 1521 2356 1591 ipsam
2389 1535 2563 1589 usque
2592 1527 2824 1574 mortem
2847 1518 3128 1589 perdurat.
3161 1521 3259 1573 Sin
3302 1529 3484 1576 autem

1907 1612 2093 1681 aliquo
2131 1612 2293 1667 modo
2340 1610 2397 1665 ﬁt
2444 1620 2505 1666 ut
2555 1620 2800 1680 tempore
2842 1612 3127 1681 mitigetur
3178 1611 3484 1677 calamitas,

224 1690 465 1770 οἰκείους
484 1724 499 1738 ·
531 1708 656 1769 τοὺς
684 1706 776 1775 μὲν
812 1706 1240 1777 ἐπεμϐαίνοντας
1269 1709 1333 1779 τῇ
1375 1708 1627 1777 συμφορᾷ
1645 1722 1657 1735 ’
1683 1707 1808 1767 τοὺς

1914 1718 2133 1758 rursum
2186 1703 2291 1756 alia
2338 1703 2865 1768 exoriturarumna,
2900 1703 3016 1758 sive
3046 1703 3245 1758 liberos
3303 1703 3485 1772 habet,

227 1794 291 1848 δὲ
335 1792 788 1864 “gemmam;
840 1795 908 1862 τῇ
972 1791 1211 1863 ἐρημίᾳ,
1267 1792 1360 1844 καὶ
1424 1790 1540 1861 μεθ’
1619 1789 1809 1860 ἡδονῆς

233 1884 540 1956 βλέποντας
562 1885 619 1936 ἐν
646 1883 825 1954 πικρῷ
855 1882 1117 1954 ὀφθαλμῷ
1147 1883 1236 1936 τὸν
1263 1882 1615 1935 διαπίπτοντα
1642 1876 1807 1943 οἷκον,

232 1977 333 2031 καὶ
360 1976 486 2039 τοὺς
508 1975 979 2048 καταφρονοῦντας
995 1976 1230 2039 οἰκέτας,
1252 1974 1348 2028 καὶ
1386 1975 1561 2029 πάντα
1592 1972 1660 2026 τὰ
1680 1971 1811 2027 ἄλλα

230 2069 332 2121 ὅσα
364 2068 630 2140 πάρεστιν
654 2066 902 2136 ἀφθόνως
934 2068 1027 2120 ἐπὶ
1056 2066 1166 2120 τῶν
1192 2066 1449 2121 τοιούτων
1473 2066 1815 2137 δυστυχημά-

227 2177 336 2215 των
366 2160 534 2232 ὁρᾷν·
558 2150 726 2235 διὀὧν
748 2160 805 2212 αἱ
843 2157 1033 2213 πολλαὶ
1059 2159 1153 2212 καὶ
1170 2157 1416 2229 δεύτεραι
1448 2159 1538 2212 ὑπ’
1569 2158 1813 2228 ἀνάγκης

165 2264 172 2269 ’
229 2254 370 2326 πρὸς
422 2254 522 2323 τὴν
560 2252 670 2306 τῶν
709 2252 911 2323 ὁμοίων
940 2250 1127 2305 κακῶν
1166 2250 1564 2323 παρεϐάλλοντο
1598 2254 1810 2321 πεῖραν,

227 2347 327 2399 οὐκ
378 2344 707 2414 ὲνεγκοῦσαι
760 2343 868 2397 τῶν
934 2343 1356 2413 ἐπεγγελῶν-ξων
1403 2344 1501 2414 τὴν
1566 2343 1811 2415 πικρίαν,

229 2438 423 2509 ὥσπερ
457 2437 798 2506 ἀμυνόμεναι
832 2436 957 2499 τοὺς
1001 2435 1349 2506 λυπήσαντας
1389 2437 1503 2497 τοῖς
1535 2434 1682 2498 ἰδίοις
1726 2453 1819 2490 κα-

227 2532 365 2593 κοῖς·
422 2527 624 2581 πολλαὶ
658 2528 713 2581 δὲ
740 2531 807 2599 τῇ
846 2528 1038 2601 μνήμῃ
1080 2527 1190 2580 τῶν
1237 2527 1680 2599 συμϐεϐηκότων,
1709 2530 1816 2581 πᾶν

227 2623 411 2677 ὁτιοῦν
445 2622 763 2692 ὑπέστησαν
813 2620 1033 2689 μᾶλλον,
1083 2621 1116 2691 ἢ
1162 2623 1422 2691 ἐμπεσεῖν
1469 2621 1534 2674 ὲκ
1564 2620 1817 2693 δευτέρου

228 2715 295 2784 τῇ
325 2711 440 2765 τῶν
487 2710 785 2782 συμφορῶν
826 2710 1123 2781 ὁμοιότητι.
1157 2711 1265 2765 Καὶ
1311 2712 1360 2763 εί
1416 2710 1592 2781 βούλει
1629 2712 1820 2782 μαθεῖν

228 2805 299 2858 τά
326 2805 570 2873 δυσχερῆ
612 2800 707 2855 τοῦ
738 2802 1043 2875 κοινοτέρου
1074 2800 1211 2872 βίου,
1247 2803 1476 2857 ἄκουσον
1508 2798 1596 2857 οἷα
1630 2804 1818 2872 λέγου-

232 2914 318 2951 σιν
357 2897 420 2950 αἱ
464 2898 532 2966 τῇ
580 2895 747 2965 πείρα
774 2894 864 2947 τὸν
909 2893 1022 2963 βίον
1063 2894 1420 2965 γνωρίσασαι,
1457 2897 1606 2960 ὅπως
1647 2914 1821 2967 μακα-

1908 1797 2025 1852 sive
2081 1805 2251 1852 caret.
2297 1794 2509 1850 Etenim
2565 1786 2623 1850 εἴ
2673 1795 2856 1859 habet,
2910 1796 3032 1851 orbi
3079 1796 3305 1850 omnino
3330 1803 3484 1860 sunt,

1908 1894 2199 1954 propterea
2234 1885 2716 1939 commiseratione
2738 1885 2912 1956 digni,
2943 1893 3109 1956 atque
3141 1900 3204 1940 ex
3238 1885 3323 1941 his
3347 1886 3486 1956 ipsis

1906 1976 2120 2032 doloris
2157 1975 2384 2033 aﬂ‘ectus
2414 1985 2740 2044 renovatur;
2774 1977 2859 2031 sin
2884 1978 3110 2031 omnino
3150 1983 3491 2042 caret,mor-

1912 2074 1993 2128 tui
2031 2076 2293 2130 memoria
2325 2075 2574 2131 funditus
2599 2074 2841 2142 tollitur,
2884 2076 3213 2147 graviusque
3236 2085 3321 2132 est
3346 2078 3492 2133 sola-

1914 2166 1991 2220 tio
2016 2166 2236 2222 malum.
2263 2164 2514 2238 Reliqua,
2551 2182 2673 2237 qua
2697 2175 2827 2221 sunt
2857 2167 3145 2222 viduitatis
3174 2169 3393 2240 propria
3415 2169 3493 2224 in-

1912 2255 2222 2320 commoda,
2244 2256 2459 2309 omitto.
2486 2255 2699 2322 Quotus
2726 2256 2871 2310 enim
2891 2256 3124 2326 quisque
3141 2265 3246 2320 est,
3265 2257 3357 2328 qui
3375 2272 3493 2312 om-

1914 2345 2005 2400 nia
2060 2353 2316 2402 accurate
2348 2348 2676 2403 cnumcret?
2715 2355 2773 2401 ut
2824 2347 3081 2405 inimicos
3135 2347 3490 2412 domesticos,

1916 2445 2030 2490 tum
2056 2451 2150 2492 eos
2178 2438 2271 2506 qui
2301 2438 2357 2491 in
2382 2437 2750 2492 calamitatem
2780 2438 3047 2504 incidunt,
3070 2445 3185 2492 tum
3220 2439 3340 2496 illos
3389 2442 3483 2511 qui

1916 2544 1978 2584 ea
2010 2529 2307 2584 solitudine
2331 2529 2590 2601 gaudent,
2638 2543 2917 2599 sensuque
2944 2531 3178 2600 quodam
3205 2531 3492 2588 oculorum

1919 2620 2130 2690 iniquo,
2162 2628 2212 2675 et
2243 2635 2366 2673 cum
2394 2619 2675 2690 voluptate
2708 2621 2978 2677 labentem
3001 2622 3246 2690 domum,
3274 2639 3496 2681 servos-

1920 2727 2026 2782 que
2054 2712 2235 2766 omnia
2266 2711 2601 2782 negligentes
2654 2713 2947 2783 aspiciunt,
2999 2721 3334 2785 cunctasque
3360 2716 3497 2772 alias

1922 2820 2011 2860 res
2044 2805 2323 2869 adversas,
2360 2819 2499 2874 quas
2550 2805 2753 2860 multas
2791 2805 2846 2860 in
2900 2805 2969 2861 iis
3000 2806 3220 2876 quidem
3270 2822 3498 2864 cernere

1923 2896 2050 2951 licet
2077 2914 2091 2951 :
2120 2910 2353 2966 quarum
2392 2910 2560 2951 causa
2583 2911 2692 2950 non
2714 2911 2902 2967 pauca
2932 2898 3212 2963 mulieres,
3251 2914 3376 2953 cum
3405 2914 3499 2954 eas

234 2989 453 3062 ρίζουσι
477 2988 577 3058 τὴν
606 2988 751 3057 ζωὴν
775 2988 883 3041 τῶν
916 2985 976 3052 ἐξ
1007 2988 1182 3059 ἀρχῆς
1207 2988 1298 3041 τὸν
1337 2991 1395 3042 ἐν
1417 2990 1684 3061 παρθενίᾳ
1711 2990 1812 3062 βίον

1925 2987 2291 3043 deridentium
2318 2987 2661 3057 iniquitatem
2690 3003 2800 3041 non
2835 2987 3058 3054 ferrent,
3081 3005 3146 3044 ex
3170 2990 3502 3046 necessitate

234 3078 642 3150 προελομέεικυν,
692 3078 787 3131 καὶ
833 3078 907 3149 μὴ
948 3077 1035 3131 διὰ
1072 3080 1355 3149 συμφορᾶς
1403 3080 1822 3149 μεταμαθὸντων

178 3186 207 3222 ο
235 3174 300 3227 τὸ
329 3172 579 3235 κάλλιον,
610 3171 694 3226 ὅτι
724 3169 941 3224 πάντων
973 3169 1079 3222 τῶν
1116 3168 1590 3223 τοιούτων.κακῶν
1635 3171 1824 3223 ἀνεπί-

233 3264 430 3326 δεκτὸς
478 3264 627 3316 ἐστιν
659 3263 693 3333 ἡ
733 3260 996 3332 παρθενία
1023 3276 1035 3289 ·
1071 3260 1170 3314 οὐκ
1209 3261 1471 3331 ὀρφανίαν
1509 3261 1714 3333 θρηνεῖ,
1764 3263 1823 3315 οὺ

188 3388 207 3421 ι
240 3358 475 3429 χηρείαν
506 3355 789 3426 ὀδύρεταισ
823 3353 910 3407 ἀεὶ
943 3352 1157 3407 σύνεστι
1181 3352 1258 3423 τῷ
1285 3353 1548 3425 ἀφθάρτῳ
1578 3354 1822 3425 νυμφίῳο

238 3450 328 3501 ἀεὶ
355 3447 724 3516 ἐπαγάλλεται
764 3449 875 3511 τοῖς
914 3446 1013 3517 τῆς
1049 3447 1329 3511 εὐσεϐείας
1358 3448 1695 3519 γεννήμασι·
1737 3448 1828 3499 τόν

237 3557 305 3594 τε
329 3537 481 3595 οἷκον
508 3540 599 3594 τὸν
621 3539 837 3609 άληθῶς
863 3538 991 3593 ἴδιον
1018 3540 1149 3592 πᾶσι
1184 3539 1488 3603 καλλίστοις
1514 3540 1616 3610 ὁρᾷ
1648 3538 1825 3611 διηνε-

240 3628 355 3692 κῶς
389 3628 808 3699 εὐθηνούμενον,
834 3626 923 3681 διὰ
955 3628 1015 3681 τὸ
1044 3634 1299 3699 παρεῖναι
1330 3631 1424 3683 καὶ
1466 3631 1694 3683 ἐνοικεῖν
1738 3631 1826 3683 ἀεὶ⁵

236 3720 333 3771 τὸν
361 3719 466 3773 τοῦ
497 3721 644 3773 οἴκου
691 3719 965 3791 Δεσπότην
984 3737 997 3750 ⁸
1034 3721 1119 3790 ἐφ’
1150 3713 1217 3792 ἧς
1246 3724 1275 3777 ὁ
1307 3721 1535 3786 Θάνατος
1577 3723 1637 3776 οὐ
1661 3739 1828 3794 χωρι-

238 3812 414 3883 σμὸν,
471 3811 611 3865 ἀλλά
654 3813 941 3883 συνάψειαν
974 3812 1066 3867 τοῦ
1104 3813 1434 3883 ποθουμένου
1474 3816 1647 3867 ποιεῖ·
1697 3813 1827 3866 ὅταν

236 3904 354 3975 γάρ
380 3900 659 3974 ἀναλύσῃ,
680 3903 793 3957 τότε
824 3904 922 3960 σὺν
949 3904 1168 3977 Χριστῷ
1198 3905 1426 3973 γίνεται,
1454 3904 1635 3969 καθώς
1662 3922 1825 3977 φησιν

230 3997 268 4050 ὀ
306 3992 664 4057 ’Δπόστολος.

1925 3081 2121 3135 iterum
2172 3095 2232 3134 se
2270 3078 2532 3133 similium
2570 3079 2838 3133 malorum
2887 3080 3133 3149 periculo
3161 3080 3500 3150 obiecerunt,

1924 3173 2081 3243 quasi
2112 3172 2271 3227 malis
2306 3170 2422 3226 suis
2465 3185 2655 3241 poenas
2684 3171 2939 3240 petierint
2983 3173 3053 3227 ab
3090 3172 3180 3237 iis,
3233 3188 3263 3228 a
3299 3175 3501 3245 quibus

1924 3265 2166 3321 dolorem
2207 3264 2539 3334 acceperint.
2592 3262 2915 3333 Complures
2969 3279 3098 3321 vero
3153 3267 3499 3337 superiorum

1925 3356 2194 3411 malorum
2226 3354 2607 3411 recordatione
2636 3355 2854 3425 quidvis
2880 3356 3178 3423 sustinere,
3209 3373 3273 3414 ac
3294 3360 3503 3430 perpeti

1930 3449 2263 3512 maluerunt.
2302 3462 2467 3518 quam
2521 3446 2580 3502 in
2633 3448 2845 3505 similes
2902 3465 3097 3506 rursus
3165 3452 3506 3508 calamitates

1931 3540 2238 3595 incurrere.
2268 3538 2366 3595 Sin
2431 3546 2612 3594 autem
2669 3554 2992 3597 communes
3026 3542 3190 3611 hujus
3222 3542 3347 3599 vita
3364 3542 3506 3598 dilIiv

1927 3632 2160 3686 cultates
2189 3645 2521 3702 cognoscere
2558 3630 2737 3700 cupis,
2772 3631 2929 3686 velim
2982 3631 3177 3688 audias
3208 3647 3329 3702 qua
3359 3647 3508 3687 com-

1932 3730 2233 3777 memorent
2284 3723 2565 3787 mulieres,
2619 3737 2741 3793 qua
2774 3721 2906 3776 illud
2928 3723 3048 3776 vita
3073 3739 3247 3793 genus
3271 3732 3508 3796 experta

1928 3822 2292 3884 cognoscunt,
2314 3828 2477 3884 quam
2514 3812 2864 3869 beatissimas
2906 3828 3000 3869 cas
3051 3829 3176 3871 esse
3225 3829 3347 3886 qua
3393 3815 3508 3870 vir-

1934 3905 2137 3977 ginalis
2188 3905 2314 3960 vita
2360 3905 2632 3959 rationem
2685 3902 3029 3975 delegerunt,
3082 3921 3262 3977 neque
3299 3921 3367 3963 ex
3397 3906 3509 3961 ulla

1937 3997 2270 4060 calamitate,
2293 3994 2424 4067 quid
2447 3995 2646 4051 melius
2673 4004 2841 4060 esset,
2871 3997 3203 4064 didicerunt,
3250 3998 3507 4069 quoniam

234 4086 317 4141 ab
341 4084 611 4141 omnibus
639 4084 724 4140 his
757 4086 920 4142 malis
941 4101 1117 4141 vacua
1141 4093 1228 4141 est
1253 4085 1580 4158 virginitas;
1645 4102 1755 4142 non
1795 4087 2085 4143 orbitatem
2153 4088 2323 4158 luget,
2359 4101 2468 4141 non
2509 4085 2827 4141 viduitatem
2880 4087 3231 4151 lamentatur,
3294 4100 3511 4155 unaque

228 4199 470 4255 semper
492 4192 579 4238 est
598 4197 722 4236 cum
750 4182 1069 4253 incorrupto
1098 4197 1325 4253 sponso,
1352 4192 1407 4239 et
1431 4183 1702 4239 fructibus
1721 4183 1940 4254 pietatis
1956 4190 2218 4254 perpetuo
2240 4181 2461 4254 gaudet,
2482 4194 2545 4234 ac
2565 4180 2789 4235 domum
2821 4194 2948 4234 vere
2965 4180 3238 4249 propriam
3259 4180 3509 4235 omnirc-

238 4290 379 4329 mni
411 4274 746 4343 Optimarum
785 4288 981 4343 genere
1010 4274 1359 4328 continenter
1386 4274 1693 4330 institutam
1734 4274 1911 4340 videt,
1948 4282 2237 4345 propterea
2264 4270 2413 4343 quod
2449 4271 2642 4325 harum
2663 4270 2862 4325 adium
2918 4268 3183 4325 Dominus
3216 4287 3326 4327 una
3365 4287 3511 4329 sem-

220 4372 459 4439 perest
510 4372 677 4434 atque
748 4362 959 4425 incolit,
1000 4364 1092 4418 ubi
1141 4379 1251 4419 non
1288 4365 1713 4435 scjunctionem,
1750 4367 1843 4421 sed
1870 4366 2313 4436 conjunctionem
2388 4378 2511 4420 cum
2581 4376 2669 4428 eo,
2743 4363 2905 4433 cujus
2953 4362 3229 4420 desiderio
3274 4373 3513 4433 tenetur,

227 4472 410 4513 mors
446 4454 648 4521 eﬂicit;
683 4468 808 4508 cum
839 4455 985 4508 enim
1022 4452 1364 4521 dissolvitur,
1432 4456 1611 4526 inquit
1655 4455 1953 4527 Apostolus
2004 4456 2019 4485 '
2043 4494 2059 4519 ,
2116 4465 2232 4510 tum
2289 4461 2375 4510 est
2410 4467 2536 4509 cum
2571 4452 2814 4508 Christo.
3171 4499 3179 4506 .

322 4552 504 4609 nam
534 4551 726 4622 καιρὸς
758 4550 824 4605 ἂν
854 4550 963 4623 εἴη,
994 4550 1178 4622 ἐπειδὴ
1219 4551 1290 4605 τά
1320 4551 1429 4605 τῶν
1459 4552 1812 4624 εὐθυμούντων

1914 4570 1920 4605 ι
2013 4549 2121 4608 Sed
2152 4551 2413 4623 quoniam
2458 4565 2581 4622 qua
2625 4550 2693 4605 ad
2726 4550 2882 4605 latos
2923 4550 3173 4608 homines
3205 4552 3517 4624 pertinent,

206 4647 296 4702 ἐκ
356 4644 575 4715 μέρους
606 4641 917 4713 ἐξήτασται,
959 4645 1055 4696 καὶ
1085 4642 1212 4705 τοὺς
1240 4642 1462 4714 ἑτέρους
1504 4643 1812 4698 ὲποπτεῦσα

1940 4651 2069 4699 sunt
2097 4641 2280 4711 aliqua
2306 4656 2372 4697 ex
2402 4650 2558 4711 parte
2588 4653 2619 4694 a
2650 4639 2812 4696 nobis
2837 4640 3095 4712 indagata
3118 4680 3133 4703 ,
3163 4649 3377 4713 tempus
3403 4643 3516 4715 jam

202 4740 405 4812 βίους
447 4735 528 4806 τῷ
575 4733 736 4805 λόγῳ,
768 4730 851 4797 οἷς
885 4734 979 4789 καὶ
1008 4734 1211 4801 πενίαι,
1241 4735 1337 4789 καὶ
1367 4735 1707 4808 δυσκληρίαι,
1744 4753 1812 4789 κα

1941 4743 2046 4802 est,
2089 4738 2148 4787 ut
2183 4732 2289 4787 hac
2325 4730 2576 4787 oratione
2607 4740 2837 4788 cateras
2888 4732 3015 4787 vita
3054 4734 3296 4788 rationes
3332 4748 3522 4805 perse-

192 4829 445 4886 λοιςαὶ
475 4826 584 4882 τῶν
630 4826 984 4898 ἀνθρωπίνων
1032 4825 1219 4881 παθῶν
1262 4827 1541 4899 συμφοραὶ
1589 4844 1812 4899 παραπε

1942 4839 2196 4896 quamur,
2229 4838 2351 4895 qua
2383 4822 2838 4895 paupertatibus,
2873 4824 3040 4879 rebus
3070 4823 3320 4881 adversis
3341 4863 3356 4890 ,
3388 4825 3521 4881 reli-

188 4924 537 4996 πήγασινη
572 4914 686 4973 οἷον
723 4919 1001 4991 πηρώσεις
1026 4936 1088 4974 τε
1146 4921 1240 4974 καὶ
1270 4921 1439 4986 νόσοι,
1469 4920 1564 4975 καὶ
1589 4921 1689 4975 ὅσα
1731 4939 1812 4975 τοι

1945 4916 2180 4987 quisque
2217 4915 2488 4970 malorum
2525 4914 2890 4969 humanorum
2927 4922 3057 4968 sunt
3091 4915 3387 4985 implicata
3423 4933 3523 4988 pe-

182 5018 395 5077 αὗτα
448 5014 516 5085 τῇ
571 5013 888 5084 ἀνθρωπίνῃ
945 5013 1058 5085 ζωῇ
1117 5012 1597 5084 συγκεκλήριιοται⁸
1655 5014 1714 5067 ἐν
1763 5005 1812 5065 οἳ

1947 5008 2127 5067 stibus
2151 5027 2165 5063 :
2193 5008 2386 5079 quales
2409 5007 2638 5063 omnino
2660 5016 2790 5063 sunt
2815 5005 3021 5071 febres,
3047 5008 3264 5076 morbi,
3293 5018 3346 5066 et
3373 5024 3523 5081 qua-

180 5111 469 5167 amtv
511 5103 543 5157 ὁ
595 5102 695 5173 μὲν
743 5100 865 5156 καθ’
909 5102 1104 5156 ἑαυτὸν
1149 5099 1281 5167 ζῶν,
1331 5102 1364 5173 ἢ
1412 5102 1694 5172 διαφεύγει
1749 5103 1812 5173 τὴ

1945 5113 2161 5172 cunque
2184 5098 2238 5153 id
2259 5097 2478 5169 generis
2497 5098 2750 5153 humana
2767 5097 2892 5152 vita
2912 5097 3266 5155 acciderunt:
3286 5114 3519 5169 quorum

140 5186 145 5193 ’
182 5202 485 5273 αἴραν,
507 5194 542 5265 ἦ
575 5196 705 5266 ῥᾷον
725 5194 968 5265 διαφέρει
999 5194 1100 5266 τὴν
1139 5194 1448 5265 συμφορὰν,
1478 5210 1812 5266 συγκεκροτη

1944 5192 2189 5247 omnium
2214 5189 2519 5261 perieulum
2551 5201 2645 5245 aut
2671 5190 2931 5253 declinat,
2955 5199 3050 5245 aut
3073 5205 3265 5247 eorum
3291 5191 3521 5246 calami-

184 5298 433 5370 μένην
465 5286 606 5358 ἔχων
635 5287 765 5359 περὶ
802 5287 965 5341 αὑτὸν
990 5286 1091 5359 τὴν
1111 5287 1371 5350 διάνοιαν,
1406 5287 1502 5341 καὶ
1532 5286 1667 5357 πρὸς
1697 5286 1812 5340 οὐδὲ

1945 5290 2114 5341 tatem
2166 5284 2378 5354 aquius
2411 5281 2519 5338 fert
2552 5282 2635 5348 is,
2669 5282 2763 5353 qui
2801 5282 2907 5338 sibi
2940 5282 3109 5349 vivit,
3161 5290 3351 5355 utpote
3395 5297 3520 5339 cum

182 5386 357 5443 mo
384 5379 532 5442 ταῖς
551 5379 800 5448 φροντίσι
824 5378 1266 5449 περιελκόμενος.
1302 5379 1360 5434 '0
1378 5378 1436 5433 δὲ
1458 5378 1594 5450 πρὸς
1614 5382 1811 5449 γυναῖκ

1949 5375 2129 5432 omnis
2160 5374 2281 5444 ejus
2313 5372 2511 5428 mentis
2540 5371 2803 5441 cogitatio
2829 5371 2884 5426 in
2914 5372 3036 5445 ipso
3062 5373 3271 5430 bareat
3294 5412 3310 5439 ,
3343 5388 3521 5447 neque

182 5478 303 5534 mi.
350 5470 558 5526 τέκνα
591 5470 1010 5541 μεμερισμένος,
1044 5470 1165 5524 οὐδὲ
1204 5471 1401 5546 σχολὴν
1431 5472 1554 5539 ἄγει
1588 5472 1812 5526 πολλάκι

1954 5468 2253 5524 alienarum
2291 5480 2473 5522 rerum
2509 5464 2659 5520 curis
2690 5462 3068 5521 abstrahatur.
3087 5464 3194 5531 Qui
3219 5480 3348 5523 vero
3379 5483 3517 5524 uxo-

268 5665 295 5694 τ
340 5653 630 5723 Philipp.
665 5668 703 5713 ι,
720 5653 811 5708 2'5.
