3896 6208
454 302 560 359 535

1698 281 1753 335 S.
1792 276 2123 334 CREGORII
2165 266 2451 334 NYSSENI

3590 273 3714 331 536

451 415 534 472 ris
584 425 648 466 ac
701 408 994 463 liberorum
1054 401 1387 473 cogitatione
1442 398 1757 462 detinetur,
1801 402 2024 465 propter

2151 401 2238 461 τοῖς
2285 398 2435 460 ίδίοις
2487 392 2834 458 ἐπιστενάξαι
2871 393 3080 458 κακοῖς,
3131 390 3230 460 τῆς
3281 389 3388 443 τῶν
3439 388 3717 458 φιλτάτων

452 516 636 562 rerum
673 498 776 553 sibi
814 493 1269 551 charissimarum
1303 502 1526 551 curam,
1564 499 1686 556 quae
1731 485 1784 536 in
1831 480 2026 536 alienis

454 593 613 648 malis
639 589 879 643 animum
917 593 1184 653 occupat,
1218 595 1361 650 saepe
1390 594 1492 632 nec
1521 577 1690 631 otium
1723 573 1945 644 quidem
1981 573 2028 625 is

457 683 618 738 habet
675 687 734 732 ut
775 677 894 731 suis
934 675 1052 744 ipse
1088 672 1270 726 doleat
1322 665 1707 721 incommodis.
1764 661 1872 716 Sed
1915 660 2025 714 for-

457 785 603 828 ιοεεο
640 779 1110 839 supervacaneum
1142 771 1226 816 est
1258 761 1372 813 hmc
1403 769 1833 812 COIDIIICHIOI‘HPC
1862 793 1875 816 ,
1908 764 2029 821 quae

455 862 891 936 exploratissimo
919 864 1081 912 sunt:
1107 852 1306 908 etenim
1339 853 1384 905 si
1410 858 1590 902 tantus
1624 847 1794 908 labor,
1815 853 2031 897 tantave

458 957 679 1012 miseria
711 968 836 1007 cum
873 951 938 1004 iis
970 947 1263 1016 conjuncta
1292 950 1374 997 est
1395 981 1408 1005 ,
1439 955 1559 1010 qua:
1594 939 1647 992 in
1683 937 1849 992 rebus
1884 933 2031 1004 opti-

458 1051 562 1104 mis
591 1062 713 1102 csse
747 1043 1022 1104 videntur,
1053 1038 1182 1109 quid
1213 1034 1413 1104 aliquis
1443 1032 1510 1086 de
1543 1032 1706 1086 rebus
1731 1025 2026 1084 contrariis

459 1140 812 1210 cpinabitur,
869 1129 1312 1204 quandoquidem
1371 1132 1456 1179 est
1512 1123 1744 1178 veritate
1803 1119 2032 1174 inferior

458 1232 637 1286 omnis
680 1231 768 1282 illa
807 1223 1078 1281 sermonis
1117 1217 1446 1288 explicatio,
1477 1231 1583 1284 qua
1618 1213 1743 1284 quis
1777 1212 1917 1264 hanc
1953 1207 2035 1263 vi-

461 1333 573 1376 tam
607 1319 676 1371 ob
713 1316 900 1368 oculos
935 1311 1176 1364 omnimn
1238 1321 1441 1376 ponere
1483 1303 1755 1358 conatur?
1780 1303 2036 1354 Attamen

464 1412 664 1463 trullas
699 1409 930 1458 fortasse
963 1402 1125 1469 hujus
1148 1399 1270 1451 vitae
1305 1395 1734 1465 injucunditates
1759 1405 1825 1447 ex
1849 1388 2037 1461 paucis

460 1498 827 1555 demonstrari
859 1495 1022 1547 licet:
1053 1490 1312 1561 quoniam
1339 1487 1538 1557 quibus
1565 1485 1670 1537 hoc
1705 1485 2039 1552 vitae-genus

460 1592 759 1660 contingit,
802 1588 845 1641 si
881 1589 1274 1654 comparentur
1303 1595 1426 1632 cum
1466 1579 1569 1641 iis,
1604 1577 1698 1647 qui
1741 1575 1883 1631 beati
1917 1587 2042 1628 esse

463 1686 754 1743 videntur,
797 1696 827 1733 e
865 1678 1028 1731 rebus
1067 1671 1362 1728 contrariis
1402 1671 1648 1725 dolorem
1705 1682 1770 1722 ac
1821 1665 2040 1720 masti-

2132 489 2404 561 φροντίδος
2425 488 2522 559 τὴν
2545 487 2772 556 καρδίαν
2793 482 3170 555 περιεχούσης.
3203 483 3273 534 ’Ἡ
3298 480 3435 551 τάχα
3459 483 3716 547 περιττόν

2131 583 2246 635 ἐστι
2286 584 2397 644 τοῖς
2433 578 2882 650 ὁμολογουμένοις
2934 572 3285 644 ἐνδιατρίϐειν
3328 572 3404 643 τῷ
3437 573 3619 642 λόγῳ·
3665 576 3716 626 εί

2132 673 2238 745 γὰρ
2281 675 2391 735 τοῖς
2440 671 2654 725 δοκοῦσι
2699 668 2881 729 καλοῖς
2924 667 3175 728 τοσοῦτος
3213 663 3372 726 πόνος
3405 663 3501 716 καὶ
3529 663 3716 715 ταλαι-

2133 765 2314 836 πωρία
2346 764 2718 828 συνέζευκται,
2749 762 2801 813 τί
2831 759 2895 814 ἄν
2923 776 3006 820 τις
3041 756 3294 828 περὶτῶν
3321 757 3576 808 ἐναντίων
3602 773 3715 809 στο-

2133 857 2388 927 χάσαιτο;
2427 856 2603 906 Ἤπου
2651 855 2801 906 πᾶσα
2834 851 2991 918 λόγου
3021 847 3311 918 ὑπογραφὴ
3339 847 3439 916 τῆς
3462 845 3716 917 ἀληθείας

2134 945 2371 998 ἐλάττων
2401 944 2536 1005 ἐστὶ,
2569 943 2661 995 τὸν
2693 941 2807 1011 βίον
2838 938 3018 992 αὑτῶν
3049 939 3139 990 ὑπ’
3179 937 3298 1006 ὄψιν
3337 937 3567 1004 ἀγαγεῖν
3594 939 3713 989 ἐπι-

2135 1036 2411 1108 χειροῦσα.
2473 1034 2610 1087 Ἀλλ’
2659 1032 2804 1085 ἐστιν
2847 1032 2975 1092 ἴσως
3013 1029 3078 1082 δι’
3109 1028 3289 1095 ὀλίγου
3335 1027 3395 1078 τὸ
3443 1027 3576 1080 πολὺ
3622 1027 3717 1095 τῆς

2135 1127 2278 1180 κατά
2331 1126 2429 1196 τὴν
2487 1126 2630 1196 ζωὴν
2681 1123 2872 1194 ἀηδίας
2921 1118 3272 1184 ἐνδείξασθαι,
3328 1116 3407 1170 ὅτι
3461 1116 3718 1178 ἐναντίως

2138 1219 2274 1290 πρὸς
2305 1218 2430 1280 τοὺς
2456 1216 2746 1286 εὐημερεῖν
2773 1211 3063 1274 δοκοῦντας
3095 1207 3607 1278 συγκεκληρωμένοι
3641 1208 3718 1276 τῷ

2141 1309 2260 1380 βίῳ,
2293 1309 2386 1362 καὶ
2419 1307 2516 1369 τὰς
2545 1305 2721 1368 λύπας
2766 1303 2874 1357 ἀπὸ
2907 1301 3014 1355 τῶν
3045 1301 3302 1353 ἐναντίων
3351 1298 3554 1368 έχουσι.
3595 1298 3718 1360 Τοῖς

2143 1401 2240 1472 μὲν
2277 1398 2385 1471 γὰρ
2415 1395 2710 1467 εὑθυμοῦσι
2756 1395 3016 1464 ταράσσει
3056 1392 3145 1472 τὸν
3195 1391 3307 1460 βίον
3344 1393 3372 1443 ὁ
3408 1389 3717 1461 προσδοκῶ-ο

2144 1508 2302 1562 μενος
2361 1489 2392 1559 ἢ
2441 1488 2536 1541 καὶ
2596 1486 3027 1557 παραγινόμενος
3089 1465 3349 1545 θάνατος,
3406 1480 3618 1543 τούτοις
3665 1482 3718 1533 δὲ

2144 1581 2398 1652 συμφορά
2433 1581 2578 1632 ἐστιν
2622 1580 2654 1648 ἡ
2705 1575 2940 1646 ἀναϐολὴ
2989 1573 3082 1626 τοῦ
3113 1573 3343 1626 Θανάτου
3369 1589 3381 1602 ·
3421 1572 3513 1624 καὶ
3547 1573 3576 1624 ὁ
3626 1573 3721 1641 μὲν

2145 1674 2256 1744 βίος
2281 1675 2463 1736 αὐτοῖς
2499 1670 2634 1742 πρὸς
2658 1670 2717 1722 τὸ
2749 1669 2987 1722 ἐναντίον
3015 1666 3329 1736 διέστηκεν,
3363 1667 3394 1736 ἡ
3426 1666 3483 1718 δὲ
3516 1663 3722 1734 ἀθυμία

463 1777 593 1828 tiam
633 1772 874 1839 capiunt.
912 1764 1046 1820 Nam
1080 1764 1166 1818 his
1202 1762 1296 1833 qui
1337 1760 1596 1832 gaudenti
1643 1764 1775 1812 sunt
1814 1757 1996 1809 animo
2021 1797 2036 1822 ,

2151 1765 2282 1835 πρὸς
2326 1763 2387 1815 τὸ
2429 1761 2561 1814 αὑτὸ
2603 1759 2775 1831 πέρας
2807 1758 3136 1828 ἀμφοτέροις
3179 1756 3533 1826 συμφέρεται.
3568 1755 3722 1809 Οὕτω

465 1874 557 1919 aut
588 1867 934 1932 exspectata.
985 1864 1080 1912 aut
1116 1871 1237 1925 qua:
1271 1854 1382 1923 jam
1426 1853 1596 1906 instat
1634 1865 1782 1905 mors
1821 1856 2038 1918 pertur-

463 1957 741 2011 bationem
773 1949 972 2015 affert;
1020 1947 1129 2001 illis
1183 1961 1315 2001 vero
1366 1943 1652 1999 calamitas
1701 1949 1788 1996 est
1836 1939 2033 1994 dilatio

467 2047 695 2102 mortis:
767 2043 984 2110 vitaque
1030 2053 1219 2093 eorum
1271 2037 1413 2090 inter
1469 2051 1526 2090 se
1575 2033 1857 2088 contraria
1911 2040 2036 2096 est,

465 2139 733 2210 quasique
784 2132 1070 2200 interiecto
1103 2130 1369 2183 diametro
1394 2127 1600 2182 distat:
1638 2127 1929 2193 utriusque
1964 2129 2043 2176 ta-

474 2246 596 2286 men
656 2225 1002 2282 imbecillitas
1059 2219 1226 2274 animi
1279 2219 1469 2273 eodem
1525 2218 1760 2272 termino
1811 2213 2058 2269 commi-

469 2336 674 2379 scetur.
711 2317 1074 2384 Quamobrem
1131 2311 1413 2380 multiplex
1468 2318 1522 2365 et
1569 2309 1724 2362 varia
1756 2316 1842 2362 est
1881 2307 2039 2376 copia

473 2416 774 2475 malorum,
808 2425 930 2480 quae
957 2422 988 2461 a
1021 2405 1230 2476 nuptiis
1258 2403 1534 2458 exsistunt
1567 2420 1579 2454 :
1620 2399 1864 2454 dolorem
1893 2399 2040 2452 enim

475 2505 636 2561 iilieri
680 2503 788 2558 nati
825 2515 978 2570 teque
1011 2499 1344 2568 important,
1380 2508 1444 2547 ac
1478 2507 1588 2546 non
1623 2490 1774 2554 nati;
1825 2495 1878 2542 et
1918 2503 2042 2542 rur-

477 2609 575 2648 sus
615 2601 724 2644 tain
762 2588 905 2651 vivi,
946 2600 1107 2655 quam
1149 2582 1372 2638 mortui.
1413 2579 1515 2635 Hic
1553 2580 1696 2636 enim
1740 2577 2038 2632 liberorum

470 2682 820 2738 multitudine
872 2678 1104 2750 gaudet,
1153 2691 1278 2730 cum
1325 2689 1436 2728 non
1489 2673 1624 2727 satis
1660 2671 1860 2726 habeat
1895 2668 2042 2723 unde

470 2777 620 2838 alat;
681 2772 770 2824 ille
832 2783 960 2823 vero
1026 2767 1240 2821 haerede
1301 2771 1454 2818 caret
1524 2761 1850 2817 facultatum
1915 2776 2045 2816 sua-

473 2881 629 2926 rum,
659 2864 713 2915 in
745 2860 943 2929 quibus
986 2857 1222 2910 maxime
1268 2853 1611 2911 elaboravit:
1661 2860 1827 2920 atque
1871 2853 2038 2904 unius

471 2955 689 3024 quidem
721 2953 860 3005 bona
893 2949 1111 3002 fortuna
1139 2947 1368 3000 alterius
1414 2944 1783 2998 calamitatem
1841 2941 2004 2997 etlicit
2026 2982 2042 3008 ,

473 3062 596 3103 cum
626 3045 728 3100 sibi
764 3051 996 3110 uterque
1033 3037 1163 3092 illud
1199 3037 1420 3092 evenire
1463 3036 1631 3098 velit,
1665 3049 1775 3105 quo
1809 3034 2042 3087 alterum

2147 1855 2482 1926 πολύτροπὸς
2533 1857 2645 1907 ἐστι
2676 1852 2769 1905 καὶ
2802 1850 3016 1920 ποικίλη
3053 1849 3158 1903 τῶν
3198 1849 3262 1901 ἐκ
3288 1847 3381 1901 τοῦ
3415 1847 3596 1917 γάμου
3627 1865 3725 1900 κα-

2147 1949 2259 2003 κῶν
2288 1951 2319 2018 ἡ
2352 1947 2615 2018 χορηγία’
2664 1942 2890 1996 λυποῦσι
2931 1941 3038 2012 γάρ
3084 1941 3283 2012 ὁμοίως
3321 1939 3414 1992 καὶ
3451 1939 3725 2009 γινόμενοι

2149 2039 2333 2103 παῖδες
2369 2042 2462 2091 καὶ
2507 2037 2580 2108 μὴ
2623 2032 3001 2103 ἐλπιζόμενον
3057 2033 3150 2086 καὶ
3193 2031 3354 2084 πάλιν
3395 2030 3598 2095 ζῶντες
3633 2031 3730 2083 καὶ

2148 2126 2601 2196 ἀποθνήσκοντες.
2644 2123 2703 2174 '0
2741 2121 2838 2192 μὲν
2877 2121 2986 2192 γὰρ
3020 2120 3324 2192 εὑθηνεῖται
3370 2121 3576 2181 παισὶν,
3606 2119 3730 2172 οὐδὲ

2146 2217 2353 2289 τροφῆς
2380 2217 2514 2287 έχων
2541 2212 2737 2277 ἱκανῶς
2755 2229 2768 2243 '
2793 2213 2870 2283 τῷ
2892 2213 2947 2265 δὲ
2969 2213 3065 2283 οὑχ
3095 2212 3319 2265 ὕπεστιν
3351 2214 3376 2264 ὁ
3402 2209 3496 2263 τοῦ
3520 2210 3726 2280 κλήρου

2149 2310 2387 2380 διάδοχος
2432 2308 2524 2361 ἐπὶ
2570 2306 2781 2370 πολλοῖς
2809 2302 2889 2368 οἷς
2931 2303 3255 2374 ὲμόχθησεν,
3286 2303 3380 2355 καὶ
3414 2303 3472 2354 ἐν
3506 2301 3730 2369 ἀγαθῶν

2154 2404 2316 2475 μοίρᾳ
2346 2400 2441 2472 τὴν
2487 2400 2592 2453 τῶν
2640 2398 2933 2468 ἀλλοτρίων
2965 2399 3199 2449 ποιεῖται
3241 2394 3558 2465 συμφορά-θ’
3600 2394 3731 2446 ἐκά-

2150 2511 2302 2564 τερος
2338 2491 2514 2544 αὐτῶν
2553 2491 2728 2542 ἐκεῖνο
2753 2485 3005 2556 γενέσθαι
3048 2485 3383 2554 βουλόμενος,
3423 2483 3506 2551 ἐφ’
3533 2475 3730 2550 ᾧδυσ·
3788 2514 3798 2524 -

2152 2583 2418 2657 φοροῦντα
2457 2582 2638 2652 βλέπει
2685 2581 2776 2635 τὸν
2824 2579 3028 2647 ἕτερον.
3070 2571 3140 2647 ᾮ
3189 2575 3287 2646 μὲν
3327 2573 3432 2644 γὰρ
3469 2573 3731 2643 τέθνηκεν

2151 2675 2503 2746 ἠγαπημένος
2530 2676 2677 2737 παῖς,
2776 2670 2831 2722 δὲ
2863 2669 3064 2722 ἐπεϐίω
3102 2669 3129 2720 ό
3151 2668 3356 2728 ἄσωτος
3378 2681 3390 2694 '
3426 2664 3645 2717 ἐλεεινοί
3673 2663 3730 2715 δὲ

2153 2770 2480 2840 ἀμφότερον
2515 2770 2543 2820 ό
2578 2767 2674 2836 μὲν
2712 2764 2804 2817 τὸν
2843 2763 3070 2816 θάνατον
3095 2761 3188 2813 τοῦ
3233 2758 3442 2820 παιδὸς,
3478 2758 3506 2809 ὁ
3538 2757 3593 2809 δὲ
3626 2757 3731 2826 τὴν

2155 2861 2298 2930 ζωὴν
2326 2859 2666 2930 ὀδυρόμενος.
2717 2855 2820 2909 Ἐῶ
2870 2852 3195 2926 ζηλοτυπίας
3227 2851 3318 2904 καὶ
3368 2851 3566 2919 μάχας,
3616 2850 3730 2901 εἴτε

2154 2952 2212 3018 ἐξ
2249 2952 2464 3023 ἀληθῶν
2495 2951 2852 3022 πραγμάτων,
2883 2948 2991 3000 εἴτε
3017 2946 3076 3010 ἐξ
3101 2942 3365 2998 ὑπονοιῶν
3396 2941 3727 3011 συνισταμέ-

2155 3062 2268 3108 νας,
2300 3046 2379 3108 εἰς
2425 3038 2510 3096 οἷα
2560 3042 2703 3112 πάθη
2739 3043 2828 3094 καὶ
2877 3038 3160 3110 συμφορὰς
3205 3036 3587 3105 καταλήγουσι.
3631 3035 3678 3084 Τ
3685 3032 3733 3097 ίς

473 3133 712 3192 cruciari
741 3131 909 3186 videt.
943 3131 1018 3183 Ac
1047 3126 1188 3183 huic
1235 3135 1488 3182 mortuus
1541 3134 1627 3182 est
1671 3127 2039 3181 suavissimus

2151 3139 2258 3207 γὰρ
2302 3136 2367 3189 ἂν
2414 3137 2589 3189 πάντα
2640 3133 2775 3204 μετά
2819 3133 3102 3203 ἀκριϐείας
3135 3130 3608 3201 ἀπαριθμήσαιτο;
3655 3127 3732 3179 Σὺ

472 3244 607 3299 puer
639 3244 650 3279 :
685 3223 764 3278 illi
797 3229 1020 3292 superat
1059 3220 1348 3289 prodigus.
1381 3216 1624 3286 Uterque
1656 3231 1789 3271 sane
1821 3215 2050 3269 commi-

475 3318 755 3375 seratione
781 3315 979 3384 dignus
1006 3331 1019 3366 :
1055 3327 1200 3366 unus
1231 3310 1448 3380 quidem
1483 3308 1576 3362 ﬁlii
1609 3314 1840 3362 mortem
1863 3347 1879 3372 ,
1911 3307 2049 3359 alter

475 3425 609 3466 vero
662 3407 828 3461 vitam
884 3406 1052 3476 luget.
1105 3403 1373 3456 Praetereo
1419 3401 1619 3470 quibus
1667 3399 1954 3454 aflectibus
2000 3406 2053 3451 et

477 3499 880 3556 calamitatibus
922 3493 1300 3564 suspiciones,
1341 3499 1396 3547 et
1433 3493 1599 3556 rixae,
1643 3491 1725 3545 vel
1782 3505 1847 3545 ex
1889 3489 2051 3544 rebus

478 3597 619 3651 veris
640 3632 654 3655 ,
690 3591 772 3645 vel
803 3605 833 3644 e
868 3588 1026 3642 falsis
1062 3585 1488 3655 cogitationibus
1517 3589 1722 3638 exortae
1751 3582 2053 3636 terminen-

475 3699 586 3742 tur.
624 3684 762 3750 Quis
793 3681 938 3735 enim
971 3677 1156 3732 omnia
1205 3675 1496 3745 diligenter
1544 3688 1774 3727 narrare
1819 3670 2056 3742 posset?

479 3780 560 3832 Tu
591 3793 720 3832 vero
749 3774 795 3830 si
824 3771 966 3828 scire
991 3769 1076 3823 vis
1099 3806 1114 3832 ,
1144 3777 1202 3820 ut
1234 3767 1317 3820 his
1349 3765 1514 3819 rebus
1546 3766 1650 3818 vita
1674 3764 1744 3818 sit
1769 3763 2055 3817 hominum

481 3869 800 3938 implicata,
843 3878 913 3917 ne
953 3860 1083 3914 mihi
1125 3869 1340 3928 repetas
1384 3856 1638 3925 antiquas
1669 3854 2052 3916 narrationes,

481 3974 602 4030 quae
667 3955 842 4027 poetis
901 3951 1212 4005 fabularum
1271 3955 1594 4017 argumenta
1657 3945 2051 4015 praebuerunt;

484 4068 612 4108 nam
652 4059 875 4119 propter
918 4041 1294 4098 incredibilem
1341 4037 1633 4110 quamdam
1687 4037 2055 4092 insulsitatem

413 4206 423 4221 δ
483 4145 682 4200 fabulae
719 4142 823 4195 illae
849 4137 1074 4210 quidem
1119 4142 1419 4206 putantur:
1460 4132 1513 4184 in
1545 4131 1631 4185 his
1664 4129 1809 4185 enim
1858 4128 2057 4182 libero-

482 4254 604 4292 rum
636 4233 815 4290 cxdes
839 4271 852 4295 ,
884 4246 948 4285 ac
977 4229 1304 4284 voracitates
1328 4265 1342 4289 ,
1379 4223 1606 4276 fratrum
1637 4219 2054 4280 trucidationes,

484 4332 727 4384 virorum
781 4339 981 4388 neces,
1045 4328 1281 4373 matrum
1325 4315 1808 4384 interemptiones,
1863 4309 2056 4365 nefarii

485 4423 664 4476 coitus
683 4458 695 4481 ,
725 4425 779 4471 ct
809 4415 958 4468 varia
990 4411 1226 4480 denique
1256 4416 1465 4462 natura:
1493 4404 1829 4476 perturbatio
1850 4443 1864 4466 ,
1895 4401 2055 4470 cujus

485 4506 1060 4566 cummemorationem
1088 4502 1156 4562 ii,
1186 4499 1275 4568 qui
1305 4507 1486 4553 vetera
1512 4502 1769 4560 narrant,
1791 4509 1821 4546 a
1848 4491 2054 4563 nuptiis

484 4599 869 4661 exordiuntur,
897 4592 1323 4662 hujusmodique
1349 4588 1755 4642 calamitatibus
1786 4585 2058 4639 narratio-

487 4711 610 4749 nem
644 4692 818 4761 ipsam
852 4685 1210 4740 concludunt.
1251 4679 1448 4734 Verum
1497 4678 1754 4732 omnibus
1795 4676 1880 4730 his
1924 4690 2063 4744 prte-

486 4783 793 4847 termissis,
836 4788 888 4832 tu
931 4777 1092 4831 velim
1127 4777 1182 4828 in
1219 4775 1384 4842 hujus
1426 4772 1548 4825 vita:
1599 4770 1814 4824 theatro
1856 4779 2060 4836 tragaa-

487 4877 607 4930 dias
639 4879 851 4943 spectes
871 4911 886 4936 ,
918 4883 1151 4938 quarum
1179 4865 1404 4925 omnino
1435 4862 1701 4916 t'ninistrzn
1735 4859 2055 4914 hominibus

489 4966 691 5035 nuptiae
721 4972 870 5018 sunt.
911 4957 1047 5014 Veni
1075 4958 1141 5011 ad
1172 4955 1381 5026 judicia
1401 4996 1416 5021 ,
1449 4960 1725 5023 pertracta
1754 4951 1823 5005 de
1861 4951 1947 5005 his
1979 4950 2056 5003 le-

487 5073 602 5126 ges,
629 5053 876 5108 invenies
901 5051 956 5105 in
981 5051 1091 5105 illis
1115 5063 1200 5103 res
1226 5047 1292 5101 de
1321 5046 1525 5115 nuptiis
1548 5043 1787 5098 nefarias
1818 5060 1831 5096 :
1865 5057 2060 5112 quem-

486 5147 780 5203 admodum
833 5147 1015 5206 enim,
1053 5156 1179 5196 cum
1217 5139 1460 5193 medicos
1516 5138 1584 5192 de
1636 5137 1803 5191 variis
1845 5134 2054 5190 morbis

487 5243 827 5295 disserentes
879 5229 1156 5296 audieris,
1200 5230 1766 5300 animadverterisque
1813 5228 2057 5298 quibus,

2153 3226 2207 3279 δὲ
2232 3228 2276 3279 εί
2303 3226 2474 3295 βούλει
2503 3225 2710 3296 μαθεῖν,
2745 3226 2892 3286 ὅπως
2928 3223 3307 3294 ἐμπέπλησται
3336 3220 3442 3272 τῶν
3476 3218 3736 3272 τοιούτων

2156 3317 2343 3370 κακῶν
2369 3319 2401 3388 ἡ
2430 3315 2745 3388 ἀνθρωπίνη
2781 3315 2911 3386 ζωὴ.
2956 3315 3026 3384 μή
3067 3331 3155 3383 μοι
3201 3312 3476 3382 ἀναλάϐῃς
3508 3310 3577 3363 τά
3619 3327 3736 3362 πα-

2155 3410 2282 3463 λαιά
2308 3412 2640 3482 διηγήματα,
2686 3409 2722 3462 ἂ
2745 3412 2854 3473 τοῖς
2887 3411 3136 3478 ποιηταῖς
3167 3409 3274 3461 τῶν
3314 3407 3603 3478 δραμάτων
3628 3406 3739 3470 τὰς

2157 3503 2440 3566 ὑποθέσεις
2471 3502 2635 3555 ἔδωκε
2655 3519 2668 3531 ·
2718 3501 2874 3572 μῦθοι
2901 3501 3008 3570 γὰρ
3037 3502 3221 3552 ἐκεῖνα
3249 3498 3336 3553 διὰ
3362 3499 3458 3568 τὴν
3501 3496 3744 3566 ὑπερϐο-

2155 3593 2252 3664 λὴν
2283 3595 2381 3664 τῆς
2413 3594 2638 3658 ἀτοπίας
2661 3593 2987 3665 νομίζονται,
3029 3594 3086 3644 ἐν
3127 3585 3208 3654 οἷς
3237 3589 3593 3657 παιδοφονίαι,
3636 3589 3744 3642 καὶ

2154 3689 2527 3755 τεκνοφαγίαι,
2557 3687 2703 3755 φόνοι
2731 3705 2789 3739 τε
2815 3685 3044 3757 ἀνδρῶν,
3076 3684 3171 3738 κοιλ⁸
3202 3681 3604 3753 μητροκτονίαι,
3636 3681 3747 3734 καὶ

2156 3778 2400 3847 ἀδελφῶν
2436 3778 2660 3846 σφαγαὶ,
2692 3777 2785 3829 καὶ
2820 3775 2991 3845 μίξεις
3032 3773 3357 3845 παράνομοι,
3397 3771 3492 3825 καὶ
3527 3773 3558 3841 ἡ
3592 3787 3747 3823 παιν-

2156 3869 2362 3940 τοδαπὴ
2409 3869 2506 3938 τῆς
2552 3867 2764 3937 φύσεως
2803 3867 3095 3937 σύγχυσις·
3137 3867 3209 3936 ἢν
3236 3866 3285 3917 οἱ
3328 3864 3394 3916 τά
3426 3865 3619 3934 ἀρχαῖα
3655 3862 3749 3915 δι-

2159 3963 2446 4032 ηγούμενοι
2483 3962 2590 4014 ἀπὸ
2618 3961 2809 4031 γάμων
2837 3959 3125 4031 ἀρχόμενοι
3147 3961 3244 4029 τῆς
3275 3957 3616 4026 ἀφηγήσεως.
3648 3956 3746 4020 εἰς

2159 4053 2255 4116 τὰς
2299 4053 2550 4116 τοιαύτας
2591 4053 2873 4124 συμφορὰς
2900 4051 3318 4121 καταλήγουσιν.
3369 4046 3504 4099 Ἀλλ’
3543 4046 3747 4100 ἐκεῖνα

2161 4147 2337 4199 πάντα
2371 4143 2706 4208 καταλιπὼν,
2737 4143 3013 4214 θεώρησον
3041 4141 3131 4194 ἐπὶ
3173 4141 3271 4209 τῆς
3316 4138 3594 4208 παρούσης
3633 4137 3746 4193 τοῦ

2163 4235 2277 4306 βίου
2321 4235 2522 4305 σκηνῆς
2553 4234 2650 4298 τὰς
2695 4235 2752 4286 ἐν
2803 4233 2950 4302 αὑτῷ
2997 4231 3333 4302 τραγῳδίας’
3378 4223 3452 4282 ὧν
3501 4230 3750 4300 χορηγὸς

2159 4328 2365 4396 γίνεται
2393 4329 2504 4388 τοῖς
2531 4323 2840 4396 ἀνθρώποις
2862 4326 2889 4376 ό
2925 4324 3122 4392 γάμος.
3170 4321 3320 4376 Ἑλθὲ
3353 4321 3444 4373 ἐπὶ
3485 4320 3552 4372 τὰ
3580 4319 3749 4373 δικα-

2164 4418 2378 4486 στήρια,
2427 4415 2699 4484 ἀνάγνωθι
2747 4417 2868 4478 τοὺς
2917 4415 3041 4484 περὶ⁷
3088 4413 3290 4466 τούτων
3339 4411 3572 4480 νόμους,
3622 4412 3751 4463 ἐκεῖ

2162 4509 2385 4578 κατόψει
2413 4507 2480 4561 τὰ
2517 4507 2624 4560 τῶν
2655 4507 2846 4577 γάμων
2887 4506 3194 4576 ἀπόρρητα.
3232 4504 3444 4573 ’Ὠσπερ
3472 4503 3581 4573 γὰρ
3612 4502 3748 4555 ὅταν

2165 4599 2364 4672 ἰατρῶν
2413 4598 2649 4670 ἀκούσῃς
2697 4598 2766 4650 τά
2812 4597 3031 4650 ποικίλα
3070 4595 3216 4665 πάθη
3267 4594 3595 4661 διεξιόντων,
3643 4594 3749 4665 τὴν

2163 4689 2453 4760 ἀθλιότητα
2503 4689 2790 4758 μανθάνεις
2813 4687 2905 4739 τοὺ
2936 4686 3273 4756 ἀνθρωπίνου
3311 4685 3582 4754 σώματος,
3616 4685 3749 4736 οἴων

2164 4779 2257 4831 καὶ
2304 4779 2444 4832 ὅσων
2480 4780 2663 4833 κακῶν
2696 4779 2940 4833 δεκτικόν
2983 4783 3096 4832 ἐστι
3125 4778 3538 4846 διδασκόμενος”
3569 4775 3748 4837 οὑτως

2163 4869 2383 4922 ἐπειδὰν
2408 4874 2516 4934 τοῖς
2543 4871 2728 4940 νόμοις
2763 4873 3011 4945 ἐντύχῃς,
3049 4872 3141 4925 καὶ
3184 4869 3326 4939 γνῷς
3352 4869 3448 4930 τὰς
3478 4868 3747 4937 πολυτρό-

2169 4976 2301 5022 πους
2341 4961 2445 5014 τῶν
2487 4963 2679 5031 γάμων
2726 4963 3088 5032 παρανομίας,
3135 4960 3258 5014 καθ’
3284 4953 3357 5012 ὧν
3402 4960 3605 5011 ἐκεῖνοι
3649 4959 3745 5018 τὰς

2166 5052 2432 5123 τιμωρίας
2469 5052 2758 5124 ὁρίζουσιν,
2790 5055 3031 5125 ἀκριϐῶς
3071 5053 3295 5126 διδάσκῃ
3331 5050 3423 5104 τοῦ
3464 5049 3649 5120 γάμου
3683 5047 3743 5100 τά

2170 5141 2296 5196 [δια.
2329 5143 2462 5198 Οὔτε
2496 5147 2604 5216 γὰρ
2655 5146 2833 5217 ἰατρὸς
2875 5145 2943 5198 τά
2975 5145 3050 5216 μὴ
3079 5145 3206 5199 ὄντα
3249 5141 3542 5214 θεραπεύει
3575 5135 3747 5208 πάθη,

2169 5232 2290 5286 οὕτε
2320 5234 2480 5306 νόμος
2517 5236 2586 5290 τά
2627 5236 2702 5309 μὴ
2734 5237 2990 5308 γινόμενα
3030 5235 3319 5306 θεραπεύει
3359 5233 3526 5288 κακά.

488 5341 686 5402 quotve
719 5328 924 5384 morbis
956 5341 1157 5396 corpus
1187 5327 1484 5379 humanum
1524 5323 1661 5376 allici
1705 5327 1914 5392 potest,
1958 5321 2102 5376 illius
2139 5323 2388 5381 miserias
2451 5329 2776 5399 cognoscis:
2848 5329 2922 5381 ita
2990 5342 3058 5382 ex
3123 5328 3359 5397 legibus,
3427 5340 3554 5379 cum
3621 5339 3748 5395 per-

492 5423 692 5492 spicias
717 5421 906 5485 multa,
947 5427 1001 5473 et
1033 5417 1205 5482 varia,
1233 5432 1356 5487 qua:
1378 5416 1433 5470 in
1455 5415 1660 5484 nuptiis
1684 5417 1890 5468 scelera
1915 5412 2354 5482 committuntur,
2382 5434 2612 5487 quorum
2642 5434 2813 5490 poena:
2851 5419 3064 5489 legibus
3088 5419 3221 5489 ipsis
3251 5417 3608 5478 definiuntur,
3653 5431 3752 5470 ac-

494 5526 684 5568 curate
707 5511 988 5581 intelligis,
1013 5525 1135 5580 qua:
1158 5519 1285 5564 sunt
1309 5507 1624 5576 nuptiarum
1652 5504 1873 5574 propria
1904 5521 1916 5555 :
1954 5517 2130 5572 neque
2159 5506 2303 5562 enim
2335 5517 2428 5563 aut
2457 5509 2700 5564 medicus
2725 5523 2839 5575 eos,
2867 5509 2961 5578 qui
2993 5525 3101 5564 non
3124 5515 3272 5574 sunt,
3305 5507 3527 5562 morbos
3556 5514 3755 5574 curat,

493 5624 594 5664 nec
618 5608 811 5664 delicta
834 5609 958 5662 item
981 5646 994 5672 ,
1033 5623 1152 5676 quae
1182 5621 1292 5660 non
1332 5604 1770 5666 committuntur,
1803 5601 1948 5670 leges
1979 5598 2236 5669 puniunt.
