3896 6208
182 297 277 354 537

762 462 767 467 .
795 413 1044 468 ΚΕΦΑΛ.
1078 417 1152 473 Δ’.

1534 303 1622 359 DE
1658 304 2126 364 VIRGINITATE.

1790 440 1836 495 Α
2478 429 2706 487 CAPUT
2745 429 2836 489 IV.

3340 323 3445 381 358

177 524 308 614 οοξι
356 525 557 614 ἐπάν-τα
594 525 664 614 τὰ
696 527 850 614 κατὰ
886 528 993 614 t6!-
1012 529 1160 614 ,ῥίον
1179 529 1540 614 aﬂagranti»!
1564 535 1738 614 ἀρχὴ)

1864 533 2204 614 Quaecunque
2255 537 2307 614 in
2341 536 2444 614 [mc
2490 544 2597 614 vita
2640 545 2878 599 eveniunt
2923 546 3190 614 absurda,
3234 552 3447 607 initium

240 595 376 674 άπὸ
404 594 512 674 ta}?
539 594 723 674 τάμριξ
751 597 879 665 ἕχει
902 614 912 625 '
936 593 1354 674 éféjaaiolog
1376 593 1413 657 ὃ
1439 593 1761 674 κατιῖᾶξῖῆ-

239 668 421 719 θειαγ
451 664 907 735 ἀποταξάμενος
933 666 1014 733 τῷ
1044 671 1162 737 ,βίῳ
1192 664 1383 726 ἐστίκ.

156 787 165 792 ‘
239 773 461 826 Μᾶλλον
500 774 555 826 δὲ
600 774 656 829 τί
694 776 800 846 χρὴ
835 778 1174 847 μικρολόγως
1218 780 1312 835 τοῦ
1360 785 1601 839 τοιούτου
1640 787 1756 857 βίου

158 865 268 935 τὴν
310 866 538 921 ἀτοπίαν
570 868 838 938 ἐλέγχειν,
863 871 920 922 ἐν
962 870 1150 941 μόναις
1192 875 1457 945 μοιχείαις
1479 918 1493 941 ,
1525 879 1620 933 κα)⁸
1644 880 1757 935 δια-

167 958 414 1020 στάσεσι,
448 959 545 1012 καὶ
583 959 899 1025 ἐπιϐουλαῖς
921 965 1331 1034 περιορίζοντας
1349 968 1448 1040 τὴν
1473 971 1580 1025 τῶν
1614 990 1755 1043 συμο

166 1048 353 1118 φορῶν
390 1048 690 1119 ἀρίθμησιν
718 1067 734 1116 ;
768 1050 917 1105 δοκεί
951 1052 1060 1124 γάρ
1094 1072 1183 1124 μοι
1211 1055 1288 1126 τῷ
1319 1057 1631 1133 ὑψηλοτέρῳ
1659 1063 1754 1116 καὶ⁵

168 1137 517 1209 ἀληθεστέρῳ
549 1137 713 1209 λόγῳ,
747 1141 896 1193 πᾶσα
939 1142 972 1211 ἡ
1001 1141 1090 1194 τοῦ
1149 1142 1264 1213 βίού
1300 1148 1470 1202 κακία
1492 1191 1505 1215 ,
1533 1150 1566 1220 ἡ
1618 1152 1752 1206 πᾶσι

170 1227 464 1295 πράγμασι
506 1228 599 1279 καὶ
633 1228 1063 1299 ἐπιτηδεύμασιν
1118 1230 1544 1308 ἐνθεωρουμένη,
1590 1241 1753 1312 μηδεο

164 1316 302 1386 μίαν
327 1318 603 1387 εὑρίσκειν
628 1318 806 1390 ἀρχὴν
840 1319 979 1374 κατά
1013 1321 1115 1391 τῆς
1141 1324 1235 1378 τοῦ
1264 1325 1551 1398 ἀνθρώπου
1582 1330 1747 1402 ζωῆς,

160 1408 218 1459 εί
238 1424 322 1469 τις
358 1407 549 1461 ἑαυτὸν
582 1408 976 1479 μὴκ-ύπαγάγοι
1004 1415 1070 1485 τῇ
1103 1413 1312 1487 ἀνάγκῃ
1350 1417 1444 1472 τοῦ
1482 1420 1597 1490 βίου
1631 1422 1750 1475 τού-

156 1512 282 1549 του.
323 1496 483 1550 Οὕτω
518 1498 574 1551 δὲ
593 1499 725 1569 ἡμῖν
754 1502 787 1570 ή
819 1499 1042 1571 ἀλήθεια
1061 1502 1155 1557 τοῦ
1182 1504 1337 1574 λόγου
1364 1512 1746 1584 φανερωθήσε-

155 1605 276 1641 ται.
318 1589 377 1643 ’0
394 1590 492 1662 τὴν
523 1589 615 1644 τοῦ
644 1590 760 1660 βίου
805 1592 997 1647 τούτου
1030 1595 1245 1667 ἀπάτην
1279 1603 1618 1673 κατανοήσας
1646 1622 1746 1659 κα·-

1934 605 2470 694 ubﬂuptiishltabent:
2498 613 2727 694 Qualis
2761 615 2884 694 item
2916 632 3027 672 esse
3057 605 3241 675 debeat
3271 622 3318 677 is

1931 673 2089 743 hujus
2108 673 2173 730 se
2203 678 2320 732 vita:
2348 673 2597 736 societc'te
2623 684 2923 741 abduxerit.

1928 789 1999 844 At
2045 806 2176 847 vero
2228 794 2360 863 quid
2417 794 2585 866 hujus
2638 799 2765 855 vitae
2822 802 3227 860 absurditatem
3283 806 3437 862 brevi

1857 879 2107 936 oratione
2143 885 2533 955 praestringere
2567 902 2666 943 nos
2702 898 2952 960 Oportet,
2984 893 3078 962 qui
3111 893 3399 953 adulteriis
3422 938 3439 964 ,

1856 968 2139 1035 dissidiis,
2170 972 2618 1033 dissensionibus
2641 1019 2656 1043 ,
2688 988 2853 1050 atque
2893 982 3112 1039 insidiis
3148 986 3438 1040 calamita-
3540 1034 3571 1039 ..

1855 1068 1973 1114 tum
2002 1064 2475 1138 enumerationem
2506 1070 2864 1128 terminemus
2884 1073 2910 1127 ’ί
2937 1075 3137 1129 veriori
3165 1077 3313 1131 enim
3347 1093 3436 1131 ra-

1854 1152 2012 1208 tione
2046 1155 2181 1209 mihi
2216 1158 2395 1213 omnis
2420 1158 2545 1213 vitae
2577 1160 2933 1231 improbitas,
2969 1182 3094 1236 qua:
3128 1175 3182 1222 et
3215 1171 3438 1225 cunctis

1851 1241 1908 1296 in
1947 1244 2113 1299 rebus
2135 1286 2148 1310 ,
2179 1256 2233 1302 et
2266 1248 2465 1304 studiis
2504 1252 2774 1316 cernitur,
2810 1254 3021 1309 nullum
3054 1257 3108 1311 in
3144 1258 3428 1313 hominum

1851 1332 1962 1386 vita
2018 1332 2310 1404 imperium
2358 1338 2559 1394 habere
2605 1340 2840 1406 videtur,
2883 1346 2994 1400 nisi
3040 1347 3166 1417 quis
3228 1349 3425 1419 hujus-

1849 1422 1999 1477 modi
2051 1425 2177 1481 vita;
2223 1429 2605 1485 necessitatem
2651 1433 2754 1488 sibi
2784 1435 2902 1505 ipse
2935 1437 3202 1507 imponat.
3255 1441 3434 1509 Atque

1850 1511 1954 1567 hoc
1975 1514 2193 1584 quidem
2221 1518 2382 1573 modo
2413 1521 2577 1590 hujus
2603 1524 2871 1581 orationis
2900 1528 3101 1584 veritas
3127 1529 3288 1585 nobis
3311 1545 3431 1601 ape-

1847 1603 2038 1659 rietur.
2081 1605 2183 1672 Qui
2210 1608 2375 1680 hujus
2402 1611 2523 1667 vitae
2556 1612 2778 1672 fraudes
2826 1632 2964 1688 puro
3020 1622 3219 1678 mentis
3261 1639 3429 1680 sensu

162 1678 319 1749 θαρῷ
351 1679 431 1750 τῷ
455 1682 555 1752 τῆς
599 1681 778 1753 ψυχῆς
818 1683 1103 1758 ὀφθαλμῷ,
1150 1688 1245 1741 καί⁵
1284 1691 1609 1764 ὑψηλότερος
1636 1694 1738 1749 τῶν

1847 1697 2267 1767 animadvertit,
2290 1678 2356 1757 vet
2392 1703 2561 1762 altius
2589 1720 2618 1760 a
2654 1678 2848 1776 rebus,
2874 1726 2998 1781 quae
3031 1713 3120 1768 hic
3153 1723 3425 1785 expetun-

162 1770 411 1824 ἐνταῦθα
433 1772 869 1844 σπουδαζομένων
889 1777 1197 1847 γενόμενος·
1225 1781 1341 1847 καὶ,
1374 1782 1556 1849 καθώς
1577 1803 1738 1856 φησιν

1844 1793 1948 1852 tur,
1998 1804 2057 1844 se
2089 1790 2265 1858 tollit,
2303 1795 2632 1865 omniaque”
2680 1805 2739 1851 ut
2767 1770 2852 1854 est
2891 1770 3038 1870 apud
3082 1770 3427 1873 Apositolum,

162 1862 196 1915 6
236 1861 587 1926 Ἀπόστολος,
614 1864 858 1936 καθάπερ
880 1867 1000 1921 τινὰ
1033 1868 1240 1942 δυσώδη
1293 1872 1535 1927 σκύϐαλα
1570 1876 1745 1930 πάντα

165 1954 467 2024 περιορῶν,
497 1956 584 2008 καὶ
624 1958 823 2026 τρόπον
871 1960 989 2014 τινὰ
1023 1961 1116 2014 τοῦ
1149 1961 1265 2032 βίου
1298 1966 1496 2031 παντὸς
1534 1966 1624 2021 διὰ
1647 1970 1747 2040 τῆς

167 2044 265 2096 τοῦ
298 2045 477 2115 γάμου
512 2047 909 2118 ἀναχωρήσεως
952 2052 1142 2105 ἑαυτὸν
1177 2053 1467 2125 ἐξοικίσας,
1492 2057 1747 2130 οὐδεμίαν

165 2133 276 2205 ἔχει
317 2136 603 2191 κοινωνίαν
637 2139 774 2209 πρὸς
805 2140 873 2194 τά
900 2144 1045 2196 κακά
1076 2142 1145 2196 τά
1181 2144 1497 2215 ἀνθρώπινα
1529 2167 1544 2181 ο
1565 2150 1748 2206 πλεονο

166 2226 311 2288 εξίαν
335 2225 591 2294 λέγωκαὶ
620 2229 834 2297 φθόνον,
861 2233 1029 2304 ὀργήν
1056 2250 1115 2287 τε
1146 2235 1239 2288 καὶ
1269 2239 1440 2306 μῖσος,
1473 2240 1565 2293 καὶ
1584 2243 1747 2314 κενῆς

162 2314 312 2385 δόξης
359 2318 658 2388 ἐπιθυμίαν
678 2360 694 2384 ,
731 2322 825 2374 καὶ
855 2322 923 2375 τὰ
970 2322 1107 2377 ἄλλα
1137 2325 1236 2378 ὅσα
1265 2327 1507 2382 τοιούτου
1558 2332 1747 2400 γένους

163 2405 322 2457 ἐστίν.
358 2406 590 2461 Πάντων
630 2409 685 2462 δὲ
732 2410 840 2462 τῶν
867 2412 1122 2467 τοιούτων
1150 2416 1250 2488 τὴν
1292 2416 1540 2474 ἀτέλειαν
1584 2421 1743 2493 ἔχων,

162 2499 250 2550 καὶ
275 2497 370 2552 διὰ
407 2500 629 2554 πάντων
658 2501 1047 2574 ἐλευθεριάζων
1073 2507 1166 2559 καὶ
1192 2509 1487 2580 είρηνεύων
1516 2512 1593 2584 τῷ
1621 2513 1742 2587 βίῳ,

160 2590 252 2643 οὐκ
293 2592 446 2644 ἔστιν
494 2593 583 2661 ἐφ’
620 2585 725 2661 ᾧτε
774 2594 1135 2668 φιλονεικήσει
1184 2603 1298 2665 τοῖς
1343 2606 1617 2672 γειτνιῶσι
1652 2609 1745 2664 τὸν

163 2678 375 2747 (φθόνον,
405 2682 619 2746 οὐδενὸς
648 2682 756 2736 τῶν
780 2684 1035 2739 τοιούτων
1064 2688 1385 2761 ἁπτόμενος,
1403 2688 1484 2759 οἷς
1508 2698 1535 2749 6
1554 2697 1747 2766 φθόνος

162 2771 215 2822 ἐν
231 2774 295 2841 τῇ
330 2772 449 2843 ζωῇ
490 2773 819 2844 περιφύεται
853 2792 867 2806 ’
902 2777 1101 2843 παντὸς
1140 2787 1244 2852 γὰρ
1275 2782 1369 2836 τοῦ
1415 2787 1620 2859 κόσμου
1645 2791 1743 2863 τὴν

164 2860 353 2915 ἑαυτοῦ
388 2863 535 2932 ζωὴν
561 2865 863 2937 ὑπεράρας,
887 2870 979 2922 καὶ
1023 2872 1180 2940 μόνον
1204 2874 1381 2944 τίμιον
1400 2877 1577 2951 ἑαυτῷ
1613 2860 1746 2955 κτη-

164 2954 490 3044 μανομίζων
515 2954 612 3027 τὴν
636 2959 856 3031 ἀρετὴν,
875 2960 1076 3017 ἄλυπόν
1103 2980 1224 3021 τινα
1251 2971 1344 3023 καὶ
1359 2972 1629 3044 εἰρηνικὸν
1649 2954 1743 3030 καὶ

162 3040 369 3113 ἄμαχον
400 3043 667 3114 βιοτεύσει
703 3047 836 3118 βίον.
854 3050 964 3121 Τῆς
985 3054 1092 3124 γάρ
1119 3054 1315 3126 ἀρετῆς
1342 3059 1375 3129 ὴ
1400 3040 1610 3131 κτῆσις,
1640 3063 1741 3119 κᾶν

164 3132 358 3195 πάντες
386 3135 688 3207 μετέχωσιν
718 3138 890 3209 αὐτῆς
920 3141 1214 3212 ἄνθρωποι,
1243 3148 1384 3202 κατά
1407 3151 1506 3222 τῆν
1544 3154 1737 3208 ἑαυτοῦ

161 3221 389 3295 δύναμιν
413 3226 666 3291 ἕκαστος,
698 3230 785 3283 ἀεὶ
814 3231 1029 3303 πλήρης
1050 3236 1157 3300 τοῖς
1181 3237 1535 3311 ἐπιθυμοῦσιν
1554 3244 1702 3299 ἐστιν
1720 3264 1734 3278 θ

162 3314 219 3367 ού
246 3317 393 3370 κατὰ
417 3316 515 3388 τὴν
550 3319 642 3371 ἐπὶ
675 3324 778 3390 γῆς
805 3323 1015 3393 κτῆσιν,
1040 3326 1104 3397 ἢν
1131 3328 1466 3399 διαιροῦντες
1486 3334 1567 3398 είς
1594 3336 1736 3406 τμή-

165 3423 323 3476 ματα,
340 3409 469 3463 ὅσον
492 3409 558 3463 ἂν
583 3412 858 3483 προσθῶσι
880 3419 944 3487 τῇ
972 3420 1073 3489 μιᾷ
1099 3421 1295 3491 μερίδι,
1320 3424 1573 3481 τοσοῦτον
1590 3427 1737 3498 ὑφεί-

160 3494 303 3551 Εντο
328 3500 428 3570 τῆς
453 3500 672 3572 ἐτέρας,
706 3506 802 3557 καὶ
853 3505 1186 3579 πλεονασμὸς
1214 3511 1306 3566 τοῦ
1336 3514 1476 3581 ἐνὸς,
1501 3494 1732 3572 ἐλάττω-

162 3586 240 3650 σίς
268 3592 388 3642 ἐστι
418 3590 515 3644 τοῦ
544 3595 991 3667 συμμετέχοντος.
1027 3602 1187 3656 Ὅθεν
1233 3604 1326 3658 καὶ
1365 3607 1420 3660 αἱ
1468 3610 1594 3680 περὶ
1637 3609 1732 3664 τοῦ

159 3679 397 3745 πλείονος
419 3682 609 3753 μάχαι,
642 3685 730 3740 διὰ
744 3688 804 3741 τὸ
833 3689 968 3760 πρὸς
986 3691 1045 3743 τὸ
1060 3691 1411 3749 ἐλαττοῦσθαι
1443 3700 1596 3768 μῖσος
1619 3701 1732 3763 τοῖς

154 3770 465 3844 ἀνθρώποις
501 3777 833 3833 συνίστανται
852 3799 866 3813 ·
892 3784 1100 3837 ἐκείνου
1124 3785 1179 3840 δὲ
1206 3788 1559 3858 ἀνεπίφθονός
1585 3791 1729 3846 ἐστιν

152 3863 185 3930 ἡ
212 3865 509 3932 πλεονεξία
544 3868 635 3921 τοῦ
660 3873 953 3943 κτήματος,
984 3878 1075 3930 καὶ
1097 3880 1125 3931 ὁ
1154 3880 1211 3932 τὸ
1241 3879 1422 3935 πλεῖον
1452 3885 1725 3954 ἁρπάσας,

153 3952 412 4025 οὐδεμίαν
442 3957 637 4027 ἤνεγκε
672 3960 869 4032 ζημίαν
908 3965 987 4037 τῷ
1021 3963 1324 4040 μετασχεῖν
1352 3952 1587 4039 ἀξιούντι
1618 3977 1728 4032 τῶν

154 4041 273 4095 [an
299 4060 315 4073 '
359 4046 487 4100 ἀλλ’
524 4049 644 4102 ὅσον
675 4054 790 4106 ἐστί
836 4072 921 4121 τις
968 4060 1290 4130 χωρητικὸς,
1314 4063 1473 4128 αὐτός
1505 4082 1565 4119 τε
1591 4067 1728 4138 πλη-

150 4131 329 4202 ροῦται
363 4136 468 4207 τῆς
512 4139 723 4211 ἀγαθῆς
777 4143 1071 4215 ἐπιθυμίας
1098 4188 1111 4210 ,
1146 4151 1239 4202 καὶ
1277 4152 1305 4203 6
1335 4153 1562 4219 πλοῦτος
1616 4131 1725 4212 τιῖιν

147 4222 355 4290 ἀρετῶν
386 4227 446 4278 ἐν
486 4230 600 4292 τοῖς
649 4231 1008 4301 προλαϐοῦσιν
1045 4238 1106 4290 ού
1153 4240 1623 4299 καταναλίσκεται.
1667 4246 1725 4300 '0

142 4313 318 4368 τοίνυν
366 4318 505 4388 πρὸς
560 4320 749 4375 τοῦτον
792 4325 1112 4382 ἀποϐλέπων
1146 4330 1237 4384 τὸν
1292 4331 1426 4402 βίον,
1483 4336 1576 4389 καὶ
1626 4337 1723 4411 τὴν

1845 1879 2005 1949 quasi
2063 1882 2252 1951 putida
2305 1892 2555 1940 stercora
2594 1886 2898 1958 despicit‘,
2948 1900 3113 1963 atque
3158 1895 3226 1949 ab
3278 1897 3424 1952 omni

1844 1970 1971 2026 vitae
2020 1974 2455 2044 consuetudine,
2512 1978 2814 2048 repudiatis
2883 1984 3121 2053 nuptiis,
3189 1985 3425 2055 quodam

1845 2060 2008 2117 modo
2044 2078 2103 2118 se
2136 2066 2412 2132 removit;
2460 2067 2672 2122 nullum
2706 2071 2933 2126 omnino
2961 2072 3124 2129 habet
3166 2089 3288 2129 cum
3325 2076 3429 2131 hu-

1844 2153 2024 2208 manis
2056 2154 2227 2219 vitiis,
2266 2157 2521 2226 avaritia,
2568 2159 2816 2230 inquam,
2850 2162 3085 2230 invidia,
3114 2165 3273 2232 odio,
3311 2169 3427 2238 glo-

1845 2243 2052 2313 riaaque
2101 2246 2406 2316 cupiditate
2451 2252 2879 2318 commercium,
2932 2270 3110 2325 neque
3154 2271 3426 2316 cumca-

1844 2336 2015 2400 teris,
2049 2352 2171 2407 quae
2198 2337 2253 2393 id
2288 2340 2507 2410 generis
2543 2350 2693 2396 sunt.
2725 2342 2827 2409 Qui
2860 2343 3008 2399 enim
3056 2344 3127 2400 ab
3164 2348 3425 2403 omnibus

1845 2426 1933 2481 his
1965 2442 2173 2485 vacuus
2210 2440 2377 2501 atque
2422 2434 2649 2489 omnino
2701 2435 2841 2493 liber
2883 2443 3003 2500 est,
3038 2444 3093 2492 et
3129 2438 3315 2509 quiete
3340 2440 3424 2494 vi-

1843 2517 1955 2583 vit,
1991 2518 2130 2573 nihil
2167 2534 2302 2575 sane
2323 2528 2441 2585 est,
2471 2521 2526 2575 in
2554 2537 2666 2592 quo
2696 2524 2822 2594 plus
2851 2524 3057 2582 habere
3082 2529 3419 2596 contendat,

1844 2612 1940 2658 aut
1970 2613 2163 2659 contra
2198 2621 2258 2660 se
2291 2608 2529 2677 alicujus
2570 2610 2647 2665 rei
2695 2613 2872 2681 gratia
2921 2614 3233 2672 vicinorum
3279 2618 3422 2674 invi-

1842 2692 1990 2748 diam
2024 2704 2401 2764 commoveat,
2436 2714 2561 2754 cum
2597 2701 2737 2755 nihil
2770 2717 2961 2758 earum
3001 2705 3074 2761 sit
3108 2721 3293 2763 rerum
3329 2724 3420 2766 as-

1842 2791 2066 2839 secutus
2088 2825 2103 2851 ,
2139 2802 2204 2841 ex
2237 2789 2443 2857 quibus
2471 2789 2527 2843 in
2558 2789 2663 2845 hac
2695 2792 2806 2846 vita
2839 2795 3153 2851 concitetur
3177 2798 3417 2866 invidia;

1842 2888 1969 2928 nam
1996 2875 2090 2945 qui
2123 2877 2191 2931 ab
2220 2879 2479 2934 omnibus
2511 2880 2957 2941 humanisrebus
2982 2885 3223 2943 animum
3256 2904 3416 2945 suum

1843 2968 2153 3036 superando
2183 2968 2445 3035 abduxit,
2471 2979 2525 3027 et
2553 2973 2809 3029 virtutem
2839 2976 3012 3031 solam
3034 3017 3049 3043 ,
3070 2993 3192 3049 quae
3221 2995 3420 3052 magno

1846 3074 1877 3113 a
1909 3075 1968 3116 se
1997 3062 2320 3130 aestimetur,
2356 3066 2767 3134 possessionem
2804 3067 2908 3123 sibi
2945 3071 3181 3139 statuit,
3220 3071 3311 3127 hic
3345 3073 3417 3129 ab

1845 3152 1994 3206 omni
2026 3162 2177 3209 certe
2207 3154 2398 3210 dolore
2442 3171 2708 3223 vacuam,
2743 3159 3019 3228 quietam,
3061 3170 3226 3233 atque
3274 3166 3418 3222 otio-

1844 3259 1960 3299 sam
2014 3245 2180 3299 vitam
2223 3245 2424 3318 deget:
2468 3248 2692 3304 virtutis
2741 3250 2886 3304 enim
2942 3255 3262 3321 possessio,
3312 3256 3413 3312 etsi

1843 3331 2008 3388 homo
2050 3325 2154 3404 pro
2196 3334 2339 3388 virili
2380 3336 2615 3406 quisque
2650 3337 2891 3406 aliquam
2925 3337 3047 3408 ejus
3082 3348 3292 3411 partem
3329 3349 3415 3397 te-

1842 3433 1971 3491 net,
2022 3424 2393 3495 appetcntium
2446 3432 2628 3481 tamen
2671 3427 3007 3500 cupiditates
3048 3446 3266 3502 semper
3315 3448 3411 3488 ex-

1840 3514 1986 3583 piet.
2020 3530 2128 3570 non
2164 3526 2224 3570 ut
2255 3515 2437 3587 aliqua
2489 3517 2593 3573 soli
2646 3521 2966 3597 possessio,
3000 3538 3163 3593 quam
3208 3524 3302 3595 qui
3353 3526 3408 3580 in

1838 3616 2025 3675 partes
2057 3606 2347 3674 dividunt,
2380 3617 2648 3679 quantum
2681 3612 2776 3666 uni
2810 3615 2952 3684 parti
3001 3609 3241 3679 a'ddunt,
3291 3626 3411 3672 tau-

1836 3704 1952 3752 tum
1985 3700 2051 3754 de
2083 3700 2252 3754 altera
2282 3700 2619 3770 detrahunt,
2658 3711 2823 3774 atque
2863 3706 2941 3759 ita
2983 3707 3132 3778 quod
3178 3709 3272 3762 uni
3319 3725 3410 3765 re-

1840 3788 2088 3853 dundat,
2140 3789 2195 3844 id
2245 3790 2407 3860 plane
2462 3790 2617 3847 deest
2665 3793 2857 3861 alteri,
2906 3794 3002 3865 qui
3066 3796 3251 3853 socius
3296 3805 3401 3853 est.

1840 3878 1994 3936 Unde
2027 3881 2095 3936 de
2125 3882 2318 3952 majori
2350 3884 2814 3961 cumulatiorique
2839 3896 2995 3957 parte
3021 3888 3407 3946 contentiones

1831 3973 2106 4028 exsistunt
2132 3991 2147 4041 ;
2181 3989 2247 4029 ex
2275 3990 2341 4030 eo
2372 3976 2516 4031 enim
2539 4015 2554 4041 ,
2587 3976 2737 4047 quod
2768 3977 3080 4033 imminutio
3110 3978 3257 4033 facta
3286 3970 3402 4047 est,

1832 4061 2125 4117 conﬂatum
2161 4074 2245 4120 est
2285 4065 2509 4129 odium,
2559 4066 2780 4123 virtutis
2828 4084 2961 4125 vero
3005 4070 3050 4124 si
3103 4072 3230 4139 quis
3280 4086 3399 4124 ma-

1826 4153 2003 4223 jorem
2043 4164 2249 4224 partem
2290 4157 2622 4226 occupavit,
2670 4158 2740 4213 ab
2784 4158 2987 4212 invidia
3027 4175 3235 4214 vacuus
3273 4170 3356 4214 est
3381 4199 3399 4225 ,

1830 4260 2009 4315 neque
2038 4260 2168 4299 vero
2198 4245 2291 4315 qui
2330 4246 2454 4314 plus
2489 4247 2558 4300 ab
2585 4262 2647 4300 eu
2678 4248 2899 4316 rapuit,
2933 4248 3104 4301 ullum
3141 4249 3189 4303 ei
3228 4248 3403 4303 detri-

1830 4343 2073 4390 mentum
2125 4336 2477 4406 importavit,
2526 4336 2616 4405 qui
2666 4351 2851 4407 aequas
2902 4345 3088 4407 partes
3135 4337 3280 4393 ferre
3318 4340 3402 4394 di-

139 4402 344 4476 ἀρετὴν
389 4409 568 4480 ἐαυτῷ
602 4411 976 4486 θησαυρίζων,
1008 4420 1074 4490 ἢν
1107 4421 1279 4487 οὐδεὶς
1299 4425 1421 4495 ὅρος
1448 4427 1722 4498 ἀνθρώπι-

139 4507 227 4523 υλρ
276 4499 613 4523 ----..-Δ----
691 4497 792 4523 Ῑ-μ
826 4522 829 4523 ,
967 4507 1049 4523 ιιι·
1156 4509 1170 4523 ι
1466 4516 1479 4523 -
1658 4517 1684 4523 ..

1844 4440 1993 4491 gnum
2025 4440 2084 4480 se
2110 4402 2235 4480 esse
2262 4425 2414 4479 ducit
2445 4441 2459 4489 ;
2492 4402 2621 4490 sed,
2672 4402 2746 4479 ut.
2778 4426 3011 4497 quisque
3056 4442 3229 4498 capax
3278 4438 3395 4495 est,

136 4507 227 4557 νος
276 4499 640 4587 περιγράφει,
685 4497 794 4574 ἀρα
822 4507 1170 4572 καταδέξεταί
1217 4527 1346 4566 ποτε
1374 4516 1510 4585 πρός
1529 4497 1581 4569 τι
1614 4517 1722 4572 τῶν

1849 4524 1903 4567 ta
1937 4522 1989 4569 et
2019 4523 2166 4569 recta
2194 4514 2499 4585 cupiditate
2523 4515 2797 4585 expletur,
2830 4524 2884 4571 et
2922 4517 3086 4573 rebus
3118 4497 3185 4572 iis
3209 4557 3224 4582 ,
3260 4534 3397 4587 quas

108 4586 415 4667 satssz
455 4591 550 4643 καὶ
596 4596 994 4666 πεπατημένων
1040 4599 1138 4671 τὴν
1168 4603 1364 4658 ἑαυτοῦ
1390 4605 1566 4678 ψυχὴν
1610 4609 1726 4663 ἐπι-

129 4676 312 4732 κλῖναι
356 4696 375 4745 ;
433 4675 545 4753 ἆρα
606 4683 942 4756 θαυμάσεται
1004 4691 1095 4745 τὸν
1142 4696 1327 4765 γήϊνον
1381 4675 1606 4753 πλοῦτον
1632 4743 1646 4766 ,
1686 4700 1720 4775 ἢ

121 4768 460 4826 δυναστείαν
509 4774 876 4850 ἀνθρωπίνην,
917 4781 949 4851 ἢ
984 4783 1109 4837 ἄλλο
1152 4801 1206 4838 τι
1248 4787 1357 4842 τῶν
1407 4789 1499 4842 ὑπ’
1537 4768 1721 4857 ἀνοίας

120 4862 630 4933 σπουδαζομένωνς
666 4868 728 4921 El
769 4870 868 4940 μὲν
888 4873 996 4944 γάρ
1028 4892 1111 4937 τις
1143 4874 1220 4929 ἔτι
1254 4879 1380 4949 περὶ
1409 4880 1579 4934 ταῦτα
1606 4881 1719 4936 διά-

115 4964 311 5004 κειται
353 4954 648 5019 ταπεινῶς,
671 4956 777 5022 ἔξω
805 4959 897 5013 τοῦ
923 4963 1165 5017 τοιούτου
1188 4965 1253 5020 ἂν
1287 4969 1371 5039 είη
1407 4969 1591 5041 χοροῦ,
1628 4971 1724 5026 καὶ

113 5041 277 5094 οὐδὲν
317 5044 460 5115 πρὸς
498 5045 590 5100 τὸν
632 5047 896 5122 ἡμέτερον
942 5052 1054 5119 ἐξει
1095 5053 1249 5123 λόγον
1276 5072 1292 5087 ⁶
1332 5059 1380 5111 εί
1422 5059 1479 5113 δὲ
1517 5061 1585 5114 τὰ
1613 5061 1748 5117 ἀνω.

116 5131 339 5198 emt,
380 5131 477 5185 καὶ
529 5138 1048 5212 σύμμετεωροπορεῖ
1093 5142 1170 5214 τῷ
1208 5144 1343 5216 Θεῷ,
1396 5147 1725 5222 ὑψηλότερος

116 5220 353 5283 πάντως
405 5222 518 5275 τῶν
569 5227 823 5282 τοιούτων
863 5231 1031 5307 ἐστὶν,
1063 5234 1163 5288 οὐκ
1206 5234 1345 5307 ἔχων
1394 5239 1495 5311 τὴν
1538 5241 1722 5313 κοινὴν

118 5311 396 5385 ἀφορμὴν
432 5314 538 5384 τῆς
587 5320 712 5390 περὶ
750 5320 923 5408 ταῦτα
952 5323 1180 5396 πλάνης,
1210 5327 1303 5382 τὸν
1330 5329 1506 5401 γάμον
1533 5311 1717 5402 λέγω-ο

1823 4619 1989 4674 supra
2041 4605 2430 4674 meminimus,
2495 4622 2603 4664 non
2645 4607 3073 4663 exhauriuntur
3126 4609 3393 4662 virtutum

1824 4692 2044 4747 divitiae.
2090 4692 2277 4764 itaque
2309 4694 2452 4749 hanc
2479 4693 2646 4749 vitam
2678 4697 2771 4767 qui
2819 4696 3088 4761 intuetur,
3137 4705 3300 4767 atque
3341 4698 3394 4751 iu

1829 4784 2069 4850 virtute,
2104 4801 2227 4855 qua)
2254 4785 2402 4841 nulla
2431 4786 2717 4841 hominum
2772 4789 3089 4844 deﬁnitione
3137 4789 3391 4844 describi.

1826 4884 1938 4941 tur,
1965 4890 2159 4934 omnes
2178 4878 2284 4934 sibi
2310 4879 2601 4934 thesauros
2622 4881 2939 4944 constituit,
2966 4895 3033 4934 an
3057 4895 3297 4950 unquam
3328 4886 3393 4934 att

1824 4983 1915 5025 res
1941 4969 2083 5024 ullas
2118 4970 2390 5034 humiles,
2422 4978 2478 5027 et
2509 4970 2747 5025 caducas
2778 4971 3023 5026 animum
3071 4988 3233 5028 suum
3264 4988 3395 5043 pro-
3439 5014 3449 5023 .

1825 5061 2017 5116 clivem
2067 5060 2197 5117 ferri
2256 5062 2531 5132 patietur?
2570 5063 2654 5116 An
2714 5070 2965 5117 terrenas
3019 5060 3275 5126 divitias,
3322 5075 3393 5114 an

1824 5149 2105 5205 hominum
2145 5166 2278 5220 opes
2304 5189 2319 5214 ,
2348 5157 2403 5205 et
2437 5151 2735 5221 potentiam
2762 5189 2777 5215 ,
2808 5165 2877 5204 an
2923 5150 3073 5206 aliud
3109 5149 3390 5220 quidpiam
3444 5195 3452 5227 λ

1821 5257 2048 5308 eorum,
2080 5258 2201 5313 quae
2230 5257 2343 5313 pra:
2375 5243 2608 5299 stultitia
2636 5249 2993 5313 expetuntur,
3023 5241 3069 5297 is
3098 5238 3391 5293 admirabi-
3451 5296 3462 5305 η

1828 5334 1967 5390 tur?
1999 5332 2214 5388 Etenim
2249 5335 2294 5389 si
2315 5333 2441 5404 quis
2471 5334 2546 5387 ita
2581 5333 2775 5388 humili
2804 5341 2908 5397 est,
2937 5342 2990 5387 et
3022 5331 3237 5399 abiecto
3270 5328 3392 5381 aui-
3462 5368 3471 5381 η

119 5404 203 5457 νδῦ
235 5405 368 5476 γὰρ
420 5405 565 5477 ὑπὲρ
610 5412 735 5475 τοὺς
761 5404 952 5480 ἄλλους
997 5416 1171 5471 θέλειν
1201 5414 1442 5488 alvmno
1487 5424 1720 5495 χαλεπὸν

123 5494 271 5525 αι’ρ-
312 5496 506 5525 ’ΜΑΑ
572 5502 602 5525 Δ.
662 5504 831 5525 _(__A,_
957 5508 971 5525 ο
1078 5511 1099 5525 ι
1139 5512 1183 5525 αι
1288 5512 1328 5525 οι
1586 5516 1597 5525 .

1844 5440 1945 5489 ιιο,
1983 5431 2043 5479 ιιι
2068 5424 2133 5479 ad
2166 5423 2280 5479 lucc
2309 5424 2428 5493 ipsa
2453 5422 2742 5488 adiciatur,
2770 5423 2819 5478 is
2849 5423 3041 5492 utique
3070 5428 3156 5475 est
3182 5419 3253 5473 ab
3278 5418 3389 5525 hoc.

123 5494 273 5550 τοῦτο
312 5496 525 5562 πάθος.
572 5502 606 5572 ἡ
661 5504 1036 5579 ὑπερηφανία,
1074 5511 1104 5566 6
1134 5512 1198 5585 δὴ
1232 5512 1465 5585 μάλιστα
1498 5516 1720 5591 σπέρμα

1844 5523 1967 5572 :oetu
1994 5516 2208 5587 alienus
2227 5557 2242 5583 ,
2286 5516 2531 5587 nihilque
2557 5515 2625 5571 ad
2652 5523 2900 5571 nostrum
2930 5527 3235 5571 sermonem
3260 5553 3275 5567 .
3303 5512 3392 5567 sin

184 5678 203 5708 ¹
240 5673 509 5746 Philipp.
535 5677 684 5744 tu,8.
