3896 6204
445 322 550 380 359
1721 325 1777 380 S.
1820 322 2146 380 GREGORII
2180 322 2477 381 NYSSENI
3587 322 3699 378 350

450 452 632 499 autem
666 444 911 500 coelestia
940 445 1184 515 cogitat,
1217 445 1515 516 divinaque
1547 447 1709 501 simul
1746 461 1870 500 cum
1910 444 2017 501 Deo
2046 500 2055 513 ε

2158 465 2201 510 ις
2247 446 2657 517 είπὼνῆρίζαν
2708 446 2887 515 πάσης
2937 445 3037 515 τῆς
3094 442 3233 497 κατά
3280 443 3380 512 τὴν
3426 439 3701 510 ἁμαρτίαν

451 539 875 606 contemplatur,
910 537 977 591 ad
1014 538 1364 594 sublimiores
1397 540 1486 594 hic
1527 539 1754 593 omnino
1793 554 1879 593 res
1931 555 2019 594 re-

2158 538 2387 609 .κάνθης,
2405 538 2496 592 τοῦ
2514 537 2719 600 εἰκότος
2741 539 2839 608 οὐχ
2858 537 3254 607 ἁμαρτήσεται,
3279 532 3437 587 τοῦτο
3467 521 3707 603 μάλιστα

454 629 603 684 lictis
655 628 954 684 humilibus
1002 640 1327 695 contuetur,
1376 646 1501 685 cum
1543 631 1768 686 minime
1811 631 2018 701 nuptiis

2158 647 2189 683 κ
2219 630 2318 700 τῆς
2349 628 2527 693 αίτίας
2559 628 2652 683 τοῦ
2677 628 2854 699 γάμου
2884 627 2982 699 τὴν
3008 627 3180 698 ἀρχὴν
3213 625 3344 696 ἔχει.

456 720 672 776 vinctus
707 721 809 786 sit,
843 721 985 777 unde
1013 723 1324 778 communis
1354 724 1572 779 exsistit
1598 724 1818 778 occasio
1847 739 1946 777 cur
1976 724 2031 776 in
2062 721 2337 791 ejusmodi
2369 736 2552 776 rerum
2577 736 2765 775 errore
2794 723 2921 789 quis
2951 726 3233 784 versetur;
3263 731 3386 770 nam
3418 730 3543 770 cum
3583 714 3710 784 quis

459 813 569 867 vult
599 828 660 868 se
690 813 813 867 aliis
850 828 1197 883 praeponere,
1235 815 1597 886 gravissimus
1627 822 1711 870 est
1747 816 1833 870 hic
1864 813 2133 884 superbia:
2160 811 2392 868 ati'ectus
2416 831 2431 867 :
2458 827 2616 882 quem
2648 811 2694 865 si
2723 811 2849 880 quis
2875 825 3062 865 semen
3088 848 3104 873 ,
3136 808 3223 862 vel
3251 807 3432 877 potius
3468 804 3710 860 radicem

456 909 659 964 dixerit
685 910 864 965 omnis
893 911 1098 980 spinze,
1138 926 1258 981 quae
1292 927 1323 966 e
1347 919 1575 981 peccato
1604 921 1722 975 est,
1768 926 1877 965 non
1908 926 1937 964 a
1972 917 2122 965 recto
2159 909 2207 964 is
2237 908 2538 963 aberrabit.
2584 906 2682 962 llic
2713 922 2847 963 sane
2879 904 3107 961 affectus
3135 917 3165 957 a
3193 902 3507 972 nuptiarum
3542 913 3713 954 causa

460 1005 677 1060 iuitiutn
710 1005 942 1057 maxime
972 1005 1156 1061 habet.

533 1093 652 1151 Non
702 1096 847 1152 enim
896 1104 1075 1166 potest
1109 1096 1430 1165 plerumque
1464 1107 1665 1149 avarus
1707 1092 1872 1162 hujus
1908 1093 2022 1146 vitii

463 1187 667 1240 liberos
707 1201 1000 1251 accusare,
1052 1200 1231 1254 neque
1281 1185 1411 1240 item
1446 1185 1526 1251 is,
1563 1184 1656 1254 qui
1701 1200 1810 1255 prae
1840 1184 2025 1254 gloria:

2203 1093 2276 1146 Οὐ
2320 1094 2427 1163 γὰρ
2472 1091 2616 1145 ἔστιν
2659 1092 2733 1155 ὡς
2779 1090 2871 1142 ἐπὶ
2916 1086 2977 1141 τὺ
3034 1087 3199 1152 πολὺ,
3247 1085 3338 1139 τὸν
3383 1083 3713 1154 πλεονέκτην

2139 1187 2212 1258 μὴ
2263 1186 2388 1248 τοὺς
2433 1170 2601 1248 πέλας
2656 1180 3001 1237 ὲπαιτιᾶσθαι
3027 1220 3043 1246 ,
3095 1180 3130 1250 ἢ
3170 1177 3263 1231 τὸν
3306 1177 3571 1248 δοξομανῆ
3616 1174 3713 1229 καὶ

463 1278 722 1333 aviditate
769 1278 993 1343 insanit,
1033 1292 1207 1345 neque
1242 1277 1337 1346 qui
1387 1276 1613 1333 honoris
1652 1276 1835 1331 studio
1882 1284 2032 1329 tene-

2158 1277 2416 1347 ριλότιμον
2463 1275 2539 1347 μὴ
2598 1276 2676 1338 είς
2728 1273 2789 1327 τὸ
2836 1271 2992 1341 γένος
3045 1271 3353 1337 ἀνενεγκεῖν
3401 1266 3495 1320 τοῦ
3536 1264 3713 1319 κακοῦ

465 1381 571 1434 tur,
618 1386 688 1425 ne
731 1369 893 1439 hujus
935 1369 1063 1423 mali
1118 1384 1342 1424 causam
1392 1369 1459 1423 ad
1502 1370 1816 1439 progeniem
1854 1367 2028 1436 ipsam

2158 1370 2237 1440 ῖὴν
2265 1369 2442 1423 αἰτίαν
2463 1385 2476 1397 ·
2511 1367 2587 1429 ὡς
2616 1365 2681 1419 ἂν
2706 1364 2781 1438 μὴ
2810 1364 3045 1418 ἐλάττων
3072 1362 3253 1431 δοκοίη
3277 1360 3386 1415 τῶν
3414 1359 3519 1429 πρὸ
3546 1356 3714 1411 αὑτοῦ

464 1463 704 1528 referat,
756 1471 817 1517 ut
867 1477 934 1516 ne
977 1461 1078 1528 iis,
1124 1463 1217 1531 qui
1263 1468 1391 1517 ante
1440 1476 1500 1516 se
1548 1462 1660 1515 nati
1704 1461 1871 1522 sunt,
1921 1458 2038 1527 ipse

2158 1461 2451 1528 ἐγονότων,
2480 1458 2574 1512 καὶ
2600 1459 2686 1511 ἵνα
2717 1458 2889 1528 μέγας
2920 1457 3031 1516 τοῖς
3063 1453 3201 1526 μετά
3224 1451 3398 1506 ταῦτα
3418 1450 3715 1520 νομίζοιτο,

465 1554 691 1610 inferior
725 1554 1006 1618 videatur,
1041 1563 1095 1609 et
1138 1562 1198 1607 ut
1233 1568 1262 1607 a
1298 1554 1563 1623 posteris,
1604 1552 1844 1621 aliquam
1881 1548 1948 1603 de
1979 1563 2038 1602 se

2158 1549 2448 1606 ιαταλιπὼν
2488 1567 2608 1603 τινα
2646 1551 2756 1612 τοῖς
2780 1547 2838 1614 ἐξ
2877 1545 3041 1600 αὐτοῦ
3071 1546 3383 1616 διηγήματα
3412 1558 3426 1572 ·
3455 1540 3719 1602 ὡσαύτως

466 1648 1043 1702 commemorationem
1085 1645 1276 1700 liberis
1314 1645 1430 1705 suis
1472 1643 1867 1715 relinquendo,
1925 1656 2039 1692 ma-

2158 1643 2191 1695 ίὲ
2221 1644 2315 1696 καὶ
2348 1641 2417 1695 τὰ
2450 1640 2609 1694 λοιπά
2632 1641 2731 1693 ὅσα
2760 1639 2940 1710 ψυχῆς
2961 1639 3108 1691 ἐστιν
3138 1635 3568 1708 ἀρρωστήματα,
3589 1631 3720 1701 φθό-

466 1754 605 1810 gnus
641 1741 864 1794 omnino
907 1739 1252 1794 existimetur
1294 1756 1307 1792 :
1357 1738 1660 1806 eodemque
1706 1735 1866 1790 modo
1914 1733 2039 1789 reli-

2158 1753 2248 1800 ρος,
2285 1736 2379 1788 καὶ
2413 1734 2767 1805 μνησικακία,
2800 1732 2895 1786 καὶ
2938 1733 3125 1803 μῖσος,
3157 1729 3250 1781 καὶ
3279 1727 3331 1779 εί
3378 1743 3430 1778 τι
3477 1721 3720 1778 τοιοῦτον

467 1844 623 1900 quae,
658 1846 778 1900 quze
818 1839 946 1886 sunt
1001 1830 1170 1883 animi
1234 1828 1628 1899 aegritudines,
1683 1827 1923 1889 invidia,
1983 1835 2038 1881 ct

2158 1829 2230 1882 ἱτε
2238 1845 2347 1900 ρον,
2362 1804 2461 1897 τῆς
2473 1826 2641 1897 αὐτῆς
2652 1824 2828 1888 αἰτίας
2840 1825 3093 1896 ἤρτηται.
3108 1817 3409 1889 Πάνταγάρ
3422 1815 3597 1869 ταῦτα
3608 1817 3721 1877 τοῖς

470 1917 693 1984 odium,
747 1921 1076 1990 injuriarum
1123 1920 1468 1982 recordatio,
1505 1920 1550 1976 si
1579 1935 1699 1989 qua:
1727 1919 1845 1972 alia:
1877 1927 2040 1982 sunt,

471 2013 540 2067 ab
603 2011 705 2064 hac
765 2025 899 2066 sane
961 2024 1130 2064 causa
1191 2009 1634 2080 proﬁciscuntur.
1712 2007 1837 2062 llzec
1898 2009 2042 2063 enim

474 2100 659 2155 omnia
695 2100 749 2153 in
784 2099 869 2154 his
905 2114 1012 2152 una
1046 2099 1269 2165 insunt,
1306 2100 1399 2168 qui
1432 2097 1577 2152 hanc
1627 2097 1796 2151 vitam
1849 2098 2043 2165 attige-

475 2202 642 2247 runt:
689 2207 719 2245 a
764 2185 969 2261 quibus
1017 2190 1235 2261 quidem
1287 2189 1453 2245 rebus
1498 2190 1592 2260 qui
1643 2189 2043 2246 remotissimus

473 2289 592 2346 est,
652 2290 910 2352 tanquam
971 2294 1037 2336 ex
1090 2281 1196 2334 alta
1254 2281 1438 2351 aliqua
1488 2280 1709 2350 specula
1763 2282 2043 2335 hominum

474 2371 919 2442 perturbationes
978 2371 1136 2443 longe
1199 2372 1585 2442 prospiciens,
1645 2388 1836 2428 eorum
1898 2373 2048 2429 dolet

473 2465 811 2527 caecitatem,
865 2463 958 2533 qui
991 2463 1157 2520 rebus
1199 2464 1286 2521 his
1328 2464 1619 2523 fallacibus
1654 2485 1778 2525 sese
1832 2467 2044 2521 manci-

476 2561 710 2625 parunt,
740 2568 1033 2624 rerumque
1083 2553 1445 2612 humanarum
1478 2560 1900 2631 prosperitatem
1936 2575 2049 2614 ma-

475 2662 640 2716 gnum
672 2647 879 2718 aliquid
912 2662 1035 2703 esse
1069 2657 1352 2718 putarunt.
1388 2650 1525 2704 Cum
1560 2651 1705 2705 enim
1739 2652 1827 2706 hic
1858 2668 2051 2723 quem-

476 2735 619 2805 piam
661 2735 935 2790 hominem
980 2737 1183 2800 rebus,
1223 2753 1345 2808 qua:
1383 2739 1437 2793 in
1482 2740 1593 2793 vita
1628 2742 1919 2806 eveniunt,
1957 2757 2048 2797 se—

479 2826 678 2881 cundis
712 2825 996 2881 ﬂorentem
1016 2868 1032 2891 ,
1063 2826 1480 2899 honoribusque
1500 2868 1514 2895 ,
1546 2841 1641 2884 aut
1681 2832 1878 2901 opibus
1900 2872 1914 2896 ,
1956 2840 2050 2887 aut

477 2916 721 2987 potentia
753 2924 1007 2971 ornatum
1038 2917 1220 2983 videt,
1273 2934 1462 2973 eorum
1505 2921 1764 2990 quidem,
1813 2924 1908 2993 qui
1954 2925 2052 2977 ha-

479 3025 598 3063 rum
628 3024 811 3064 rerum
845 3011 1030 3066 studio
1059 3010 1384 3076 efferuntur,
1422 3012 1564 3067 ridet
1601 3013 1909 3080 insaniam,
1944 3016 2048 3069 hu—

478 3114 758 3169 manaeque
800 3100 926 3155 vita:
968 3112 1213 3172 tempus,
1263 3109 1322 3156 ut
1362 3119 1392 3158 a
1438 3102 1782 3159 Psalmorum
1825 3119 2048 3163 auctore

477 3191 749 3247 terminus
795 3193 915 3262 ejus
966 3202 1152 3251 certus
1198 3194 1380 3252 dictus
1423 3204 1543 3260 est,
1587 3214 1751 3268 quam
1796 3199 2054 3255 brevissi-

481 3298 626 3335 mum
677 3293 966 3340 numerat:
1017 3285 1214 3342 deinde
1252 3286 1485 3345 inﬁnitis
1531 3290 1642 3346 illis
1680 3291 1896 3347 saeculis
1929 3308 2052 3346 cum

480 3374 680 3445 exiguo
725 3376 830 3433 hoc
875 3377 1002 3433 vitae
1050 3381 1228 3449 spatio
1290 3381 1537 3448 collatis,
1597 3384 1879 3438 mollitiem
1933 3386 2054 3455 ejus

482 3467 663 3537 luget,
701 3468 794 3538 qui
840 3469 907 3524 ad
957 3486 1044 3526 res
1088 3471 1406 3541 bujusmodi
1453 3475 1743 3543 sordidas,
1778 3477 2055 3543 humiles,

479 3574 710 3630 quaeque
744 3558 811 3614 ad
846 3571 1059 3632 tempus
1086 3572 1328 3629 manent,
1371 3565 1615 3621 animum
1644 3571 1876 3625 extollit.
1912 3570 2057 3636 Quid

483 3651 631 3706 enim
674 3667 857 3707 causae
898 3663 1019 3719 est,
1068 3670 1168 3708 cur
1217 3656 1273 3710 in
1327 3655 1398 3712 iis
1450 3657 1585 3727 ipsis
1627 3660 1795 3716 rebus
1844 3661 2057 3730 honos,

483 3759 645 3813 quem
679 3745 924 3814 plerique
966 3755 1262 3817 expetunt,
1313 3749 1384 3803 sit
1434 3748 1772 3807 beatitudine
1816 3752 2061 3825 dignus?

483 3834 753 3900 Quoniam
792 3836 922 3906 quid
955 3838 1062 3903 iis,
1093 3838 1186 3908 qui
1227 3838 1436 3896 honore
1474 3841 1654 3897 affecti
1701 3854 1862 3911 sunt,
1908 3846 2061 3901 addit

487 3926 709 3981 honor?
757 3928 923 3998 Atqui
957 3944 1021 3984 ea
1055 3930 1372 3985 conditione
1415 3940 1579 3988 natus
1616 3942 1701 3989 est
1756 3944 1814 3989 ut
1861 3939 2061 3992 moria-

489 4027 603 4084 tur,
635 4020 882 4075 mortalis
914 4020 1002 4075 hic
1031 4030 1253 4086 manet,
1285 4024 1399 4078 sive
1445 4023 1619 4080 honos
1662 4026 1715 4080 ei
1763 4029 2057 4094 tribuatur,

490 4112 608 4166 sive
639 4126 770 4165 non.
805 4111 914 4166 Aut
951 4113 1123 4168 multa
1156 4113 1354 4184 jugera
1387 4123 1544 4171 terrae
1580 4119 1946 4187 possedisse?
1978 4123 2060 4178 Ad

489 4218 651 4272 quem
686 4203 955 4272 Optimum
990 4203 1149 4259 linem
1195 4205 1299 4259 hoc
1334 4207 1584 4275 perducit
1627 4224 1758 4276 eos,
1805 4212 1901 4282 qui
1958 4212 2066 4267 ista

490 4294 895 4364 possederunt,
928 4295 1036 4351 nisi
1064 4295 1190 4367 quis
1223 4296 1449 4353 demens
1478 4300 1779 4358 arbitretur
1808 4320 1906 4360 sua
1943 4322 2066 4363 esse

491 4400 554 4442 ea
581 4426 596 4450 ,
638 4402 758 4456 qua:
796 4387 949 4442 nullo
989 4396 1150 4457 pacto
1190 4389 1259 4443 ad
1300 4406 1360 4445 se
1399 4393 1710 4461 pertinent;
1747 4411 1858 4465 prae
1892 4399 2064 4453 multa

2142 1924 2270 1993 περὶ
2306 1922 2395 1975 τὸν
2435 1920 2546 1991 βίον
2578 1917 2814 1991 τοῦτο[ν]
2835 1915 3187 1987 ἐπτοημένοις
3224 1907 3718 1981 συμπολιτεύεταιι

2139 2007 2213 2068 ὧν
2252 2016 2280 2067 ό
2308 2012 2412 2079 ἔξω
2449 2010 2762 2081 γενόμενος,
2791 2007 3041 2077 καθάπερ
3065 2003 3156 2057 ὲπί
3178 2019 3321 2065 τινος
3351 1999 3562 2069 ὑψηλῆς
3591 2014 3725 2051 σκο-

2141 2108 2272 2169 πιᾶς
2323 2102 2601 2174 πόρρωθεν
2653 2098 2968 2154 ἐποπτεύων
3000 2095 3069 2150 τά
3110 2093 3423 2166 ἀνθρώπινα
3444 2090 3613 2160 πάθη,
3637 2090 3725 2142 ol-

2141 2197 2346 2267 κτείρει
2376 2195 2473 2265 τῆς
2503 2192 2837 2263 τυφλότητος
2877 2190 3001 2253 τοὺς
3043 2189 3110 2258 τῇ
3141 2184 3363 2256 τοιαύτῃ
3401 2181 3726 2253 ματαιότητι

2142 2285 2591 2356 δεδουλωμένους,
2623 2282 2716 2336 καὶ
2750 2281 2892 2352 μέγα
2934 2278 3216 2350 κρίνοντας
3246 2276 3345 2347 τὴν
3384 2273 3485 2344 τῆς
3522 2269 3726 2343 σαρκὸς

2144 2378 2466 2450 εὐπραγίαν.
2497 2375 2666 2429 Ὅταν
2695 2373 2802 2444 γάρ
2843 2388 2964 2425 τινα
3006 2369 3112 2423 τῶν
3160 2365 3459 2438 ἀνθρώπων
3498 2363 3589 2417 ἐπί
3617 2378 3728 2450 τινι

2144 2449 2428 2523 τῶνκατά
2466 2463 2577 2534 βίον
2609 2463 2692 2533 ἴδη
2728 2460 3109 2532 περίϐλεπτον,
3136 2455 3457 2526 ἀξιώμασιν,
3490 2452 3524 2523 ἢ
3556 2449 3729 2504 πλοῦς

2144 2577 2278 2624 τοις,
2309 2557 2342 2629 ἢ
2372 2555 2709 2617 δυναστείαις
2755 2551 3030 2623 κομῶντα,
3058 2547 3337 2618 καταγελᾷ
3383 2545 3488 2615 τῆς
3536 2541 3729 2605 ἀνοίας

2146 2650 2362 2705 τῶνδιά
2399 2647 2568 2703 ταῦτα
2596 2641 3015 2714 πεφυσημένων,
3042 2640 3134 2693 καὶ
3176 2636 3400 2709 ἀριθμεῖ
3443 2634 3535 2688 τὸν
3571 2632 3731 2703 μήκι-

2150 2758 2272 2794 στον
2294 2739 2481 2811 χρόνον
2528 2736 2620 2789 τοῦ
2663 2732 3001 2805 ἀνθρωπίνου
3038 2729 3175 2800 βίου,
3202 2727 3343 2781 κατά
3372 2727 3470 2797 τὴν
3498 2721 3728 2794 εἰρημέ-

2148 2848 2246 2903 νην
2277 2829 2378 2882 ὑπὸ
2405 2827 2496 2880 τοῦ
2538 2821 2839 2896 Ψαλμῳδοῦ
2894 2819 3230 2892 προθεσμίαν
3262 2834 3275 2848 ·
3310 2812 3431 2870 εἶτα
3480 2828 3730 2885 παραμε-

2149 2920 2426 2994 τρῶντοῖς
2454 2916 2697 2988 ἀπείροις
2714 2914 2871 2967 αίῶσι
2890 2911 2951 2965 τὸ
2968 2909 3248 2978 ἀκαριαῖον
3261 2903 3418 2959 τοῦτο
3431 2903 3726 2972 διᾴστημα,

2151 3017 2289 3068 ἐλεεῖ
2318 3014 2414 3083 τῆς
2432 3010 2757 3082 χαυνότητος
2780 3005 2871 3060 τὸν
2898 3003 2993 3056 ἐπὶ
3022 3004 3134 3065 τοῖς
3158 2999 3297 3054 οὕτω
3327 2997 3603 3067 γλίσχροις
3635 2995 3732 3047 καὶ

2152 3107 2423 3167 ταπεινοῖς
2456 3103 2549 3155 καὶ
2593 3096 2946 3170 προσκαίροις
2987 3094 3085 3165 τὴν
3132 3091 3309 3163 ψυχὴν
3349 3087 3729 3157 ἐπαιρόμενον.

2154 3201 2219 3255 Τί
2243 3201 2350 3269 γὰρ
2388 3197 2535 3261 ἄξιόν
2561 3195 2677 3246 ἐστι
2717 3186 3064 3263 μακαρισμοῦ
3096 3185 3204 3240 τῶν
3241 3180 3475 3236 ἐνταῦθα
3511 3182 3545 3249 ἡ
3574 3175 3734 3247 τιμὴ,

2155 3296 2217 3349 τὸ
2254 3268 2403 3363 παρὰ
2448 3287 2659 3351 πολλοῖς
2698 3282 3168 3352 σπουδαζόμενον;
3207 3276 3359 3331 Ἐπεὶ
3386 3274 3452 3345 δὴ
3489 3272 3542 3324 τί
3574 3268 3736 3323 πλέον

2155 3389 2264 3448 τοῖς
2292 3360 2674 3452 τετιμημένοις
2709 3374 3064 3448 προστίθησις
3116 3370 3362 3441 διαμένει
3405 3364 3515 3436 γὰρ
3543 3360 3737 3431 θνητὸς

2156 3478 2185 3529 ό
2208 3474 2418 3546 θνητὸς,
2447 3474 2547 3526 κᾶν
2578 3471 2824 3541 τιμᾶται,
2847 3466 2952 3521 κᾶν
2989 3466 3084 3536 μή.
3117 3464 3189 3517 Ἢ
3218 3462 3277 3515 τὸ
3318 3457 3489 3513 πολλὰ
3529 3452 3737 3539 πλέθρα

2158 3564 2454 3635 κεκτῆσθαι
2484 3561 2616 3633 γῆς;
2645 3559 2687 3612 Τ
2691 3558 2815 3612 οῦτο
2845 3556 2902 3610 δὲ
2931 3557 3010 3619 είς
3031 3553 3084 3608 τί
3104 3554 3276 3625 πέρας
3306 3548 3541 3623 χρηστὸν
3566 3563 3740 3600 κατα-

2156 3659 2314 3729 λήγει
2356 3658 2467 3719 τοῖς
2495 3652 2873 3724 κτησαμένοις.
2900 3649 3052 3712 ἐκτὸς
3082 3646 3175 3700 τοῦ
3216 3643 3422 3698 οἴεσθαι
3462 3640 3551 3694 τὸν
3584 3638 3741 3710 ἀνόη·

2158 3769 2249 3805 τον
2281 3747 2473 3803 ἑαυτοῦ
2508 3742 2647 3799 εἶναι
2685 3744 2752 3797 τὰ
2789 3742 2956 3812 μηδὲν
2982 3741 3359 3813 προσήκοντα;
3384 3735 3566 3804 ἀγνοεί
3602 3732 3740 3802 γὰρ,

2158 3842 2232 3903 ὡς
2267 3842 2459 3904 ἔοικεν,
2490 3838 2595 3891 ὑπὸ
2646 3835 2848 3906 πολλῆς
2872 3830 3237 3903 λαιμαργίας,
3259 3828 3341 3882 ὅτι
3392 3825 3485 3878 τοῦ
3529 3822 3743 3893 Κυρίου

2164 3934 2265 4007 μέν
2306 3937 2451 3988 ἐστιν
2484 3935 2517 4004 ἡ
2565 3932 2636 4002 γῆ
2667 3928 2879 4000 ἀληθῶς
2906 3969 2920 3994 ,
2951 3926 3045 3980 καὶ¹
3091 3923 3152 3976 τὸ
3216 3920 3492 3991 πλήρωμα
3542 3916 3738 4007 αότῆς.

2162 4003 2420 4089 Barcaei);
2448 4003 2557 4096 γάρ
2591 4023 2769 4092 πάσης
2800 4021 2897 4091 τῆς
2926 4020 3028 4088 γῆς
3050 4018 3079 4069 ὁ
3110 4014 3240 4078 Θεός
3262 4028 3280 4043 ·
3312 4013 3423 4074 τοῖς
3449 4010 3502 4063 δὲ
3527 4003 3741 4075 ἀνθρώο

2164 4134 2285 4181 ποις
2312 4116 2374 4169 τὸ
2411 4115 2511 4185 τῆς
2556 4110 2867 4175 πλεονεξίας
2912 4107 3083 4170 πάθος
3121 4100 3462 4176 ψευδώνυμον
3499 4100 3600 4169 τῆς
3632 4115 3742 4150 κυ-

2168 4208 2413 4280 ριότητος
2466 4203 2563 4273 τὴν
2598 4198 2968 4274 προσηγορίαν
3000 4197 3181 4250 δίδωσι
3218 4192 3327 4246 τῶν
3377 4189 3529 4244 οὐδὲν
3567 4205 3742 4259 προσ-

2162 4300 2422 4371 ηκόντων.
2469 4297 2535 4349 Ἦ
2571 4294 2669 4365 μὲν
2697 4292 2803 4363 γὰρ
2826 4292 2920 4361 γῆ,
2962 4287 3144 4351 καθώς
3172 4302 3334 4357 φησιν
3365 4285 3394 4336 ὁ
3434 4282 3594 4351 σοφὸς
3617 4280 3742 4333 Ἐκ-

2165 4386 2513 4459 κλησιαστὴς,
2550 4385 2630 4446 είς
2659 4382 2750 4435 τὸν
2787 4379 2958 4433 αἰῶνα
3012 4377 3247 4446 ἔστηκε,
3278 4373 3481 4435 πάσαις
3533 4371 3744 4440 ὑπηρε-

489 4479 634 4533 enim
672 4478 1001 4534 inexhausta
1037 4479 1335 4547 aviditate,
1372 4490 1431 4535 ut
1468 4462 1763 4541 verisimile
1794 4497 1907 4551 est,
1959 4491 2055 4546 hoc

2166 4481 2331 4535 τοῦσα
2363 4480 2482 4541 ταῖς
2506 4476 2738 4544 γενεαῖς,
2760 4472 2852 4525 καὶ¹
2892 4468 3078 4524 ἄλλοτε
3104 4466 3294 4530 ἀλλους
3331 4465 3456 4527 τοὺς
3489 4463 3609 4517 κατ’
3640 4462 3745 4515 αὐ-

489 4572 740 4641 ignorat,
801 4568 949 4640 quod
1008 4568 1222 4624 Domini
1278 4579 1362 4626 est
1420 4582 1608 4638 terra,
1668 4584 1723 4629 et
1782 4580 2067 4647 plenitudo

493 4660 615 4729 ejus
648 4658 689 4714 '.
730 4659 848 4712 Rex
891 4658 1036 4713 enim
1089 4659 1271 4715 omnis
1325 4668 1487 4715 terrae
1536 4663 1846 4733 Dominus;
1902 4669 2072 4725 homi-

492 4751 659 4807 nibus
720 4763 847 4806 vero
902 4758 965 4805 ut
1015 4765 1233 4816 rerum,
1293 4768 1430 4820 quas
1493 4755 1813 4825 possident,
1862 4757 2070 4814 domini

490 4842 855 4913 appellentur,
894 4841 1036 4897 falso
1085 4842 1192 4898 hoc
1238 4843 1350 4898 illis
1401 4845 1599 4900 tribuit
1646 4849 1892 4905 avaritiae
1936 4852 2071 4906 affe-

489 4940 636 4987 ctus.
680 4933 849 4989 Terra
884 4935 1062 5001 enim,
1119 4935 1298 5005 inquit
1345 4938 1564 5006 sapiens
1595 4937 1963 4997 Ecclesiastes
1994 4943 2060 5009 ³⁸,

491 5027 548 5081 in
574 5035 843 5082 attemqu
872 5028 1052 5092 stetit,
1088 5026 1351 5082 omnibus
1379 5029 1636 5083 aetatibus
1667 5031 2028 5100 suppeditans
2048 5076 2061 5101 ,

490 5121 742 5189 aliosque
768 5119 1003 5175 subinde
1052 5134 1084 5176 e
1132 5134 1192 5174 se
1223 5129 1382 5175 natos
1409 5122 1682 5177 nutriens.
1714 5121 1902 5192 Neque
1935 5141 2064 5182 vero

489 5211 742 5268 homines
774 5210 859 5267 sui
889 5218 1218 5282 potestatem
1256 5212 1494 5279 habent,
1519 5214 1611 5269 sed
1642 5230 1710 5269 ex
1739 5216 2021 5272 voluntate
2047 5257 2062 5282 ,

491 5313 741 5375 nutuque
768 5304 971 5360 summi
1005 5304 1239 5361 rectoris
1282 5304 1562 5377 pendent:
1599 5322 1724 5362 cum
1767 5311 1914 5364 enim
1962 5327 2063 5365 ne-

492 5399 709 5464 sciunt,
762 5400 818 5453 in
864 5399 1008 5453 hanc
1038 5398 1209 5452 vitam
1255 5399 1665 5470 ingrediuntur,
1708 5417 1835 5456 cum
1883 5413 2066 5458 autem

494 5490 721 5544 minime
748 5490 977 5557 volunt,
1010 5504 1076 5544 ex
1103 5489 1294 5544 eadem
1327 5506 1523 5547 rursus
1556 5502 1794 5547 exeunt:
1833 5508 2069 5563 cumque

494 5580 744 5634 vicissim
790 5587 1096 5635 nascantur
1128 5588 1183 5636 et
1218 5580 1529 5649 intereant,
1582 5581 1784 5654 insigni
1836 5584 2065 5639 stultitia

570 5762 589 5796 ³
621 5762 744 5820 Psal
768 5776 925 5833 ιιιιιιι,
973 5764 1021 5819 1.
1100 5763 1139 5796 ⁸⁸
1165 5762 1345 5820 Eccle.
1379 5769 1494 5827 1.4.

2166 4571 2264 4643 τὴν
2314 4567 2628 4639 γινομένους
2663 4563 3018 4635 ἐκτρέφουσα.
3078 4561 3141 4613 Οί
3189 4558 3246 4611 δὲ
3300 4554 3576 4626 ἄνθρωποι
3624 4552 3747 4607 οὐδὲ

2168 4662 2373 4718 ἑαυτῶν
2401 4661 2550 4723 ὄντες
2591 4657 2790 4726 κύριοι,
2817 4654 2951 4709 ἀλλά
2980 4653 3116 4725 πρὸς
3160 4650 3221 4705 τὸ
3246 4649 3340 4705 toﬁ
3368 4649 3594 4718 ἄγοντος
3622 4645 3747 4716 Beti-

2168 4756 2338 4825 λημα,
2365 4754 2454 4807 ὅτε
2490 4751 2589 4803 οὐκ
2631 4749 2828 4811 ἴσασιν,
2870 4749 2948 4810 εἰς
2984 4745 3083 4815 τὴν
3121 4742 3263 4813 ζωὴν
3290 4740 3617 4813 περιιόντες,
3654 4736 3747 4791 καὶ

2168 4850 2256 4902 ὅτε
2293 4846 2369 4918 μὴ
2392 4845 2687 4915 βούλονται,
2720 4840 2879 4895 πάλιν
2912 4839 3079 4907 αὐτῆς
3105 4834 3481 4907 χωριζόμενοι,
3513 4832 3618 4885 ὑπὸ
3649 4831 3747 4900 τῆς

2171 4940 2373 5008 πολλῆς
2403 4936 2753 5009 ματαιότητος
2777 4931 3050 5003 κυριεύειν
3072 4931 3271 4983 οἴονται
3298 4926 3491 4994 αὐτῆς,
3525 4923 3575 4976 οἱ
3609 4921 3744 4976 κατὰ

2170 5032 2390 5104 καιροὺς
2417 5027 2689 5098 γινόμενοί
2709 5042 2769 5078 τε
2794 5025 2886 5076 καὶ
2909 5018 3401 5091 ἀπολλύμενοι,τῆς
3432 5014 3521 5069 ἀεὶ
3532 5010 3767 5107 ῌμενοὺοὶ

2172 5141 2292 5197 σης.
2335 5124 2394 5176 '0
2428 5116 2521 5175 οὖν
2550 5116 2956 5186 ὲπεσκεμμένος
3005 5110 3197 5176 ταῦτα,
3232 5108 3326 5163 καὶ
3349 5107 3436 5161 διὰ
3462 5104 3629 5159 τοῦτο
3656 5119 3748 5156 πε-

2173 5154 2292 5197 υηεν
2353 5154 2393 5176 υ
2428 5154 2520 5175 νυν
2550 5154 2954 5186 εσ-ευηςμιηυιν,
3016 5154 3197 5176 ..η-..η
3234 5154 3326 5163 η..-
3354 5154 3435 5161 η..
3476 5154 3545 5159 --ν
3576 5154 3622 5158 --

2173 5213 2441 5287 ριφρονῶν
2490 5212 2590 5264 ὅσα
2620 5209 2777 5279 τίμια
2811 5206 2924 5265 τοῖς
2953 5202 3259 5274 ἀνθρώποις
3294 5197 3608 5287 νομίζεται,

2170 5283 2355 5379 νης-δὲ
2398 5306 2499 5374 τῆς
2548 5302 2698 5365 θείας
2726 5299 2869 5369 ζωῆς
2898 5296 3036 5367 ἔχων
3067 5294 3160 5347 τὸν
3200 5293 3398 5363 ἔρωτα,
3434 5291 3464 5341 ό
3490 5284 3647 5379 εἰδὼς
3664 5283 3753 5379 ότι

2169 5374 2319 5455 πόσα
2348 5396 2481 5469 σὰρξ
2510 5394 2721 5466 χόρτος,
2759 5391 2853 5443 καὶ
2897 5390 3045 5441 πᾶσα
3072 5384 3204 5449 δόξα
3229 5378 3518 5452 ἀνθρώπου
3540 5377 3619 5440 ὡς
3655 5374 3752 5428 ἄν·

2167 5493 2257 5556 θος
2294 5489 2509 5561 χόρτου,
2560 5485 2689 5538 πότε
2720 5482 2955 5550 σπουδῆς
2994 5479 3141 5546 ἀξιον
3168 5476 3259 5529 τὸν
3284 5474 3475 5546 χόρτον
3502 5469 3754 5561 οἰήσεται

2166 5552 2257 5640 τὸν
2294 5552 2547 5654 ’σημερον
2596 5578 2723 5631 ὄντα
2745 5615 2759 5642 ,
2793 5573 2888 5627 καὶ
2944 5569 3132 5643 αὔριον
3164 5568 3263 5621 οὐκ
3294 5564 3549 5619 ἐσόμενον
3581 5552 3755 5626 ;Οἶδε
