3896 6204
187 302 274 362 3“

1528 298 1617 353 DE
1675 296 2141 354 VIBGINITATE.

3349 303 3455 360 542

184 425 287 495 γάρ
308 424 342 478 6
383 420 798 494 ιπεσκεμμένος
849 419 918 474 τὰ
947 419 1069 475 θεῖα
1106 420 1317 490 καλῶς,
1346 421 1428 475 ὅτι
1475 421 1537 474 ού
1559 421 1643 475 ’τὰ
1675 422 1765 475 ἀνα

1893 436 1939 477 se
1967 429 2128 476 terra!
2160 421 2431 477 dominari
2465 423 2729 488 credunt,
2785 437 2907 493 quae
2960 435 3178 492 semper
3217 429 3456 479 maneat.

181 514 438 586 Θρώπινα
464 516 622 583 μόνον
651 514 753 567 οὐκ
778 513 893 585 ἔχει
921 513 986 567 τὸ
1013 513 1230 581 πάγιον,
1270 512 1385 567 ἀλλ’
1425 512 1501 576 ὡς
1531 513 1651 565 οὐδὲ
1680 510 1774 565 τοῦ

177 607 396 677 κόσμου
447 607 643 670 mm;
698 608 781 670 εἰς
827 605 891 660 τὸ
937 605 1184 676 διηνεκὲς
1232 605 1637 678 ἠρεμήσοντος,
1689 603 1779 657 διὰ

177 698 348 753 τοῦτο
369 699 447 764 ὡς
474 698 767 771 ἀλλοτρίας
803 697 900 752 καὶ
929 696 1268 769 προσκαίρου
1297 697 1495 769 ταύτης
1532 698 1777 769 ὑπερορᾷ

174 792 285 861 τῆς
314 792 461 862 ζωῆς
480 809 492 823 ·
521 790 713 860 ἐπειδὴ
751 792 782 843 ὀ
821 790 1049 863 οὐρανὸς
1077 790 1172 843 καὶ⁵
1199 791 1232 860 ἡ
1261 790 1331 861 γῆ
1362 788 1777 861 παρελεύσεται,

177 882 326 936 κατὰ
370 881 471 953 τὴν
494 881 589 935 τοῦ
620 883 877 953 Σωτῆρος
906 882 1113 950 φωνὴν,
1137 881 1233 934 καὶ
1264 879 1441 934 πάντα
1477 878 1576 950 τὴν
1609 896 1776 950 μετα-

182 974 521 1043 στοιχείωσιν
569 972 889 1041 ἀναγκαίως
934 972 1234 1043 ἐκδέχεται.
1279 971 1379 1026 Διά
1427 969 1587 1024 τοῦτο
1615 1012 1629 1036 ,
1676 969 1782 1035 ἓως

184 1067 332 1118 ἐστὶν
366 1067 425 1118 ὲν
468 1065 551 1136 τῷ
587 1066 810 1135 σκήνει,
850 1062 1035 1129 καθώς
1073 1081 1238 1136 φησιν
1269 1065 1298 1118 ὁ
1340 1063 1687 1127 Ἀπὸστολος,
1718 1061 1782 1116 τὸ

186 1157 524 1227 πρόσκαιρον
558 1155 993 1225 ἐνδεικνύμενος,
1018 1154 1352 1227 βαρούμενος
1380 1153 1478 1223 τὴν
1501 1153 1778 1225 παροῦσαν

184 1245 354 1315 ζωὴν,
392 1244 471 1315 τῷ
517 1243 891 1315 μακρύνεσθαι
924 1243 1075 1315 αύτῷ
1116 1245 1218 1317 τὴν
1251 1244 1544 1315 παροικίαν
1575 1242 1779 1313 ταύτην

179 1335 451 1406 ὀδύρεται,
472 1336 663 1407 ὥσπερ
682 1338 781 1390 καὶ
797 1338 824 1389 6
841 1335 1145 1407 Ψαλμῳδδς
1163 1338 1220 1391 ὲν
1236 1335 1399 1406 ᾠδαῖς
1420 1335 1589 1399 θείαις
1606 1335 1778 1405 λέγων

181 1426 504 1496 πεποίηται.
535 1426 746 1488 Ὄντως
774 1424 882 1495 γάρ
910 1427 968 1479 ἐν
999 1425 1180 1479 σκότει
1208 1424 1539 1495 βιοτεύουσιν
1563 1427 1612 1479 οἱ
1642 1424 1781 1496 μετά

179 1518 295 1571 τῶν
345 1517 723 1590 σκηνωμάτων
750 1517 956 1571 τούτων
999 1520 1065 1589 τῇ
1111 1516 1223 1589 ζωῇ
1260 1517 1669 1587 παροικοῦντες.
1703 1510 1778 1570 Οῦ

179 1610 346 1681 χάριν
392 1609 653 1674 στενάξας
681 1612 712 1663 ὁ
740 1610 1031 1681 Προφήτης
1057 1609 1195 1681 πρὸς
1222 1609 1320 1680 τὴν
1352 1611 1654 1681 παράτασιν
1681 1610 1780 1681 τῆς

183 1702 508 1775 παροικίας,
538 1722 559 1755 ι
598 1701 785 1773 υίμοι,
823 1721 842 1754 ι
893 1700 1080 1773 φησὶν,
1129 1719 1147 1753 ι
1188 1701 1332 1771 ὄτιή
1380 1700 1640 1772 παροικία
1675 1717 1775 1772 μου

186 1766 520 1865 ἐμακρύνθη
548 1795 561 1848 ι
603 1813 622 1846 ι
652 1766 834 1846 έκὸτει
869 1766 925 1846 δέ
955 1766 1072 1862 *τὴν
1128 1766 1440 1862 αἰτίαν-τῆς
1462 1766 1776 1863 κατηφείας
1808 1766 1854 1825 Β

186 1884 401 1955 ταύτης
435 1884 682 1954 ἀνέθηκε.
724 1884 798 1937 Τὸ
846 1884 957 1955 γὰρ
1001 1884 1192 1947 σκότος
1226 1887 1291 1955 τῇ
1346 1883 1583 1954 Ἐϐραΐδι
1627 1887 1778 1957 φωνῇ

192 1978 388 2047 κηὸὰρ
405 1977 763 2048 ὀνομάζεσθαι
801 1976 1202 2048 μεμαθήκαμεν
1222 1994 1235 2006 ⁵
1254 1972 1290 2047 ἦ
1310 1976 1418 2044 γὰρ
1446 1977 1521 2040 ὡς
1542 1977 1778 2048 ἀληθῶς,

193 2067 443 2140 καθάπερ
496 2068 730 2139 ἀορασίᾳ
779 2068 887 2120 τινὶ
937 2070 1227 2139 νυκτερινῇ
1279 2069 1682 2139 κεκρατημένοι
1727 2070 1779 2122 oi

191 2154 492 2225 ἄνθρωποι.
540 2155 687 2209 οὕτω
747 2155 889 2227 πρὸς
923 2155 1023 2227 τὴν
1073 2158 1174 2228 τῆς
1227 2157 1443 2228 ἀπάτης
1488 2158 1780 2227 ἐπίγνωσιν

190 2245 643 2316 ἀμόλυωποῦσιν·
667 2247 771 2300 οὐκ
790 2248 992 2310 εἰδότες
1017 2247 1100 2301 ὅτι
1125 2248 1302 2300 πάντα
1323 2248 1421 2300 ὅσα
1446 2249 1600 2318 τίμια
1635 2251 1691 2302 ὲν
1713 2252 1782 2322 τῇ

189 2336 293 2407 ζωῇ
322 2337 501 2408 ταύτῃ
522 2339 909 2409 νενόμισται,ἢ
937 2340 1031 2393 καὶ
1055 2340 1155 2392 ὅσα
1188 2341 1321 2410 πρὸς
1346 2340 1405 2392 τὸ
1430 2341 1671 2395 ἐναντίον
1685 2343 1782 2395 ὑπ-

187 2425 466 2499 είληπται,
496 2431 556 2484 ὲν
584 2429 727 2501 μόνῃ
749 2434 816 2501 τῇ
849 2429 1114 2501 ὑπολήψει
1147 2429 1256 2482 τῶν
1283 2432 1527 2501 ἀνοήτων
1554 2431 1783 2503 ὑφέστη-

189 2537 313 2574 κενο
352 2521 504 2575 αὐτὰ
557 2521 614 2575 δὲ
646 2523 732 2590 ἐφ’
771 2521 980 2574 ἑαυτῶν
1031 2524 1179 2576 ἐστιν
1234 2523 1444 2594 οὐδαμῆ
1495 2523 1647 2576 οὐδέν
1681 2541 1694 2554 ο
1720 2523 1782 2576 οὐ

188 2612 482 2682 δυσγένειά
502 2630 587 2676 τις
607 2655 622 2678 ,
651 2615 755 2667 οὐκ
785 2613 1135 2685 εὐδοκίμησις
1183 2615 1404 2683 γένους,
1438 2614 1500 2666 οὐ
1530 2613 1689 2681 δόξα,
1721 2615 1782 2668 ού

191 2706 540 2776 περιρρανεια,
571 2705 633 2758 οὐ
660 2704 731 2759 τὰ
756 2705 962 2760 παλαιά
1005 2706 1341 2777 διηγήματα,
1368 2707 1462 2776 οὐχ
1491 2708 1520 2759 ὁ
1548 2707 1642 2759 ἐπὶ
1666 2708 1784 2771 τοῖς

190 2796 451 2850 ἐνεστῶσι
485 2796 689 2865 τῦφος,
718 2798 780 2851 ού
814 2798 875 2851 τὸ
922 2801 1142 2869 κρατεῖν
1177 2800 1383 2870 ἑτέρων
1407 2841 1422 2865 ,
1454 2799 1516 2852 ού
1558 2799 1619 2851 τὸ
1650 2800 1784 2852 ὑπο-

191 2892 397 2961 χείριον
433 2887 575 2944 εἶναι
610 2907 623 2919 ’
663 2891 887 2945 πλοῦτοί
934 2908 994 2945 τε
1048 2893 1140 2946 καὶ
1176 2892 1377 2962 τρυφαὶ
1408 2932 1422 2956 ,
1460 2891 1554 2945 καὶ
1605 2891 1785 2944 πενίαι

191 2986 282 3039 καὶ
311 2985 565 3056 ἀπορίαι,
598 2984 691 3038 καὶ
739 2985 913 3038 πᾶσαι
937 2985 995 3037 αἱ
1025 2983 1120 3037 τοῦ
1156 2985 1272 3054 βίον
1311 2982 1639 3054 ἀνωμαλίαι,
1674 2987 1786 3047 τοῖς

1875 510 2017 585 Ergo
2045 515 2136 584 qui
2169 514 2286 569 haec
2312 526 2493 570 mente
2522 514 2791 580 intuetur,
2820 514 3032 585 hacque
3067 514 3135 569 de
3164 528 3331 569 causa
3361 530 3458 585 pro

1877 609 2050 663 nihilo
2088 624 2153 665 ea
2192 616 2349 679 putat
2371 653 2395 675 ,_
2420 625 2542 679 qua:
2582 610 2863 663 hominum
2897 608 3094 677 vulgus
3131 608 3186 662 in
3238 608 3453 678 pretio,

1878 708 2042 769 atque
2072 701 2129 755 in
2159 701 2369 755 honore
2398 701 2559 755 habet
2584 740 2598 765 ,
2629 703 2834 770 quique
2860 700 3101 755 caelestis
3128 700 3249 755 vita;
3276 703 3456 754 solum

1879 806 2064 847 amore
2114 791 2353 856 ducitur,
2389 789 2691 861 fenumque
2745 805 2867 845 esse.
2923 804 3138 844 omnem
3193 803 3454 852 carnem,

1879 882 2150 953 quasique
2191 883 2302 937 feni
2343 881 2532 936 ﬂorem
2569 898 2783 937 omnem
2824 882 3063 937 hominis
3097 880 3325 950 gloriam
3369 882 3455 937 vl-

1880 977 1992 1040 det,
2019 975 2282 1032 studione
2308 975 2535 1044 dignum
2564 974 2747 1029 fenum
2774 989 3014 1044 unquam
3044 972 3277 1043 putabit,
3308 972 3457 1043 quod

1881 1066 2046 1121 hodie
2076 1073 2194 1131 est,
2231 1080 2356 1121 cras
2386 1081 2495 1119 non
2535 1064 2820 1119 futurum?
2845 1063 2947 1130 Qui
2978 1063 3124 1118 enim
3154 1063 3339 1118 divina
3370 1078 3458 1118 re-

1879 1168 1965 1215 cte
2003 1158 2427 1228 contemplatur,
2462 1157 2552 1211 hic
2577 1156 2960 1211 animadvertit
2994 1173 3105 1212 non
3150 1158 3336 1213 solum
3368 1169 3459 1211 res

1880 1250 2155 1304 humanas
2185 1249 2322 1302 nihil
2357 1247 2499 1302 ﬁrmi
2532 1247 2809 1317 solidique
2843 1248 3077 1310 habere,
3118 1247 3250 1312 sed,
3299 1246 3457 1316 quasi

1877 1356 2058 1410 neque
2099 1341 2395 1395 universus
2429 1339 2515 1393 hic
2550 1337 2790 1393 mundus
2821 1339 2875 1391 in
2911 1349 3233 1409 perpetuum
3271 1338 3342 1393 sit
3374 1336 3462 1391 fu-

1878 1442 2035 1489 turus
2057 1477 2070 1499 ,
2107 1442 2392 1503 promerea
2429 1432 2595 1484 vitam
2632 1429 2773 1485 hanc
2806 1431 2963 1500 quasi
2997 1431 3273 1495 alienam,
3308 1444 3459 1484 eam-

1879 1541 1986 1594 que
2021 1524 2286 1579 caducam
2331 1522 2559 1592 negligit
2588 1540 2599 1576 :
2645 1522 2941 1591 quoniam,
2977 1527 3035 1574 ut
3070 1536 3203 1575 voce
3239 1518 3455 1574 Domini

1881 1615 2253 1687 significatum
2288 1620 2375 1667 est
2406 1611 2450 1679 ⁸,
2484 1611 2608 1666 cceli
2646 1619 2702 1664 et
2733 1617 2882 1665 terra
2922 1608 3271 1673 transibunt,
3316 1622 3458 1662 cun-

1882 1716 2083 1777 ctaque
2135 1704 2325 1761 formae
2367 1703 2853 1759 commutationem
2901 1699 3219 1755 necessario
3263 1715 3460 1771 exspe-

1882 1806 2054 1855 ctant.
2106 1796 2476 1864 Quamobrem
2510 1795 2755 1865 quandiu
2793 1794 3029 1865 aliquis,
3081 1792 3259 1862 inquit
3312 1791 3458 1861 Apo-

1882 1893 2058 1947 stolus
2083 1891 2103 1921 '
2128 1931 2142 1955 ,
2179 1890 2237 1944 in
2270 1890 2375 1944 hoc
2406 1886 2723 1942 habitacqu
2761 1892 2875 1952 est,
2920 1884 3312 1939 mortalitatem
3349 1898 3462 1954 pra:

1881 2000 1941 2040 se
1972 1984 2192 2050 ferens,
2243 1984 2456 2054 hacque
2508 1982 2618 2035 vita
2670 1989 2969 2052 gravatus,
3021 1976 3303 2049 prorogari
3354 1975 3461 2031 sibi

1880 2075 2028 2131 hunc
2058 2075 2356 2130 iucolatum
2391 2074 2575 2137 dolet,
2611 2083 2670 2126 ut
2698 2074 2752 2126 in
2782 2071 2987 2125 divinis
3018 2070 3275 2124 cantibus
3302 2066 3459 2123 Psal-

1884 2168 2079 2224 mistcs
2106 2167 2310 2223 cecinit
2339 2184 2356 2236 ;
2385 2181 2513 2221 vere
2540 2166 2684 2219 enim
2714 2165 2768 2218 in
2792 2163 3034 2218 tenebris
3057 2162 3248 2216 vivunt
3272 2161 3340 2228 ii,
3366 2159 3462 2232 qui

1882 2262 1938 2315 in
1989 2260 2075 2316 his
2123 2258 2499 2316 tabernaculis
2542 2258 2711 2311 vitam
2761 2255 3014 2325 degunt:
3063 2255 3250 2323 itaque
3296 2252 3463 2322 hujus

1882 2354 2159 2407 iucolatus
2204 2350 2648 2423 prorogationem
2677 2347 2954 2416 Propheta
3002 2345 3094 2400 his
3150 2343 3340 2399 verbis
3376 2343 3463 2396 lu-

1883 2451 1969 2516 get
1998 2462 2053 2499 ιι
2086 2443 2175 2498 ναι
2203 2442 2354 2505 mihi,
2387 2442 2646 2511 quoniam
2681 2440 2956 2495 incolatus
2987 2452 3142 2493 meus
3161 2435 3463 2507 prolonga-

1885 2545 1972 2590 lus
1996 2542 2078 2589 est
2105 2534 2157 2587 ‘l
2198 2552 2216 2585 ι
2241 2532 2507 2587 Tenebris
2552 2546 2716 2602 porro
2742 2529 3052 2595 domicilii,
3079 2535 3134 2583 et
3190 2524 3463 2581 iucolalus

1885 2627 2050 2697 hujus
2070 2639 2294 2680 causam
2320 2624 2510 2678 tribuit
2538 2640 2551 2677 :
2579 2622 2933 2679 Hebraeorum
2959 2621 3109 2675 enim
3135 2633 3266 2674 voce
3288 2616 3467 2673 Cedar

1886 2718 2141 2773 tenebras
2172 2716 2432 2788 appellari
2469 2731 2500 2769 a
2538 2715 2880 2785 sapientibus
2914 2712 3255 2776 didicimus;
3288 2715 3383 2763 aut
3412 2707 3467 2764 id

1887 2811 2111 2881 quidem
2162 2823 2397 2863 revera:
2454 2815 2511 2861 ut
2561 2807 2706 2860 enim
2755 2803 3005 2875 quaedam
3058 2800 3239 2857 noctis
3288 2799 3470 2869 caligo

1889 2901 2222 2956 mortalibus
2252 2898 2578 2960 offunditur,
2619 2898 2702 2953 sic
2748 2897 2801 2950 hi
2843 2894 2913 2951 ad
2948 2893 3158 2951 erroris
3200 2889 3469 2962 cognitio-

1890 3011 2013 3050 nem
2042 2995 2416 3055 obc:ecantur,
2447 2998 2630 3060 utpote
2657 3005 2782 3044 cum
2812 2987 3040 3043 minime
3067 2985 3323 3048 videant,
3348 2995 3471 3051 quae

196 3080 290 3150 μὲν
318 3080 675 3143 ἀπαιδεύτοις
722 3080 982 3152 πάμπολυ
1030 3081 1307 3152 διαφέρειν
1345 3081 1594 3135 δοκοῦσιν
1615 3121 1629 3146 ,
1658 3083 1787 3135 ὅταν

1893 3087 1945 3140 in
1976 3087 2079 3139 hac
2114 3086 2223 3139 vita
2256 3098 2473 3140 summa
2501 3081 2906 3152 magniﬁcaque
2942 3078 3257 3134 existimata
3302 3079 3470 3135 sunt,

193 3171 391 3242 ἡδονὴν
421 3172 686 3225 ποιῶνται
714 3171 825 3226 τῶν
849 3172 1107 3226 τοιούτοιν
1147 3174 1450 3244 κριτήριον.

1893 3193 2080 3247 qumve
2111 3177 2167 3229 in
2198 3174 2497 3229 contrariis
2526 3180 2655 3227 sunt
2688 3171 2854 3224 rebus
2885 3167 3073 3223 habita
3096 3206 3111 3231 ,
3140 3165 3325 3220 omnia
3359 3162 3474 3217 haec

198 3268 375 3321 solum
428 3265 626 3320 insana
681 3264 917 3334 quadam
949 3263 1235 3318 hominum
1293 3264 1554 3333 opinione
1612 3265 1743 3321 talia
1782 3269 2108 3324 exstitisse:
2179 3280 2242 3320 ea
2277 3278 2406 3318 vero
2438 3277 2533 3332 per
2563 3277 2623 3317 se
2656 3260 2790 3313 nihil
2823 3257 3051 3312 omnino
3082 3261 3254 3310 sunt:
3322 3253 3475 3309 nulla

196 3357 552 3429 ignobilitas,
585 3358 800 3412 nullum
843 3358 1060 3414 illustre
1108 3374 1315 3426 genus,
1367 3360 1516 3413 nulla
1563 3360 1774 3430 gloria,
1822 3365 2006 3419 nullus
2040 3360 2322 3432 Splendor,
2355 3356 2518 3412 nullae
2581 3355 2649 3408 de
2719 3351 3021 3421 majoribus
3073 3363 3473 3429 commemora-

199 3454 404 3516 tiones,
444 3453 598 3507 nulla
644 3469 831 3509 rerum
879 3454 1236 3522 praesentium
1266 3455 1436 3508 animi
1467 3456 1664 3520 elatio,
1698 3458 1947 3530 nihilque
1973 3469 2057 3514 est
2086 3459 2140 3512 in
2174 3456 2314 3509 alios
2374 3450 2684 3515 dominari,
2753 3447 2999 3519 nihilque
3069 3446 3303 3499 aliorum
3372 3442 3475 3497 im-

201 3551 351 3618 perio
404 3549 585 3603 teneri
616 3567 631 3604 :
665 3563 777 3603 non
831 3548 1069 3614 divitiae,
1121 3564 1231 3603 non
1287 3560 1586 3620 paupertas
1612 3592 1626 3617 ,
1676 3569 1786 3608 non
1828 3564 2079 3626 egestas,
2148 3551 2313 3606 nulla:
2342 3548 2582 3618 denique
2615 3543 2781 3614 hujus
2806 3544 2930 3598 vitae
2995 3537 3350 3610 inaequabiles
3378 3554 3473 3591 va-

201 3644 462 3705 rietates,
498 3656 619 3712 qua:
664 3640 939 3711 imperitis
985 3640 1207 3710 quidem
1253 3641 1617 3710 hominibus,
1656 3658 1782 3699 cum
1829 3645 1887 3699 hi
1956 3646 2297 3715 voluptatem
2356 3639 2476 3696 suis
2532 3637 2793 3693 sensibus
2856 3633 3178 3695 metiantur,
3245 3628 3478 3685 muitum

201 3735 450 3790 eminere
483 3734 755 3789 videntur.

262 3832 310 3883 Τ
313 3829 368 3901 ᾧ
398 3829 459 3882 δὲ
484 3827 671 3898 ὑψηλῷ
705 3828 805 3901 τὴν
838 3828 1075 3882 διάνοιαν
1113 3830 1291 3883 πάντα
1323 3830 1563 3902 ὁμότιμα
1608 3833 1789 3901 φαίνε-

204 3938 309 3984 ται,
372 3920 473 3973 καὶ
516 3918 663 3972 οὐδὲν
688 3920 1076 3991 προτιμότερον
1112 3920 1206 3973 τοῦ
1258 3922 1445 3993 ἑτέρου
1474 3923 1534 3975 τὸ
1561 3922 1773 3993 ἕτερον,

1964 3831 2031 3885 At
2075 3843 2205 3885 vero
2238 3826 2333 3897 qui
2375 3838 2574 3894 magno
2613 3820 2835 3890 altoque
2897 3824 2981 3873 est
3038 3816 3254 3884 animo,
3294 3816 3475 3872 omnia

1893 3928 2008 3979 hmc
2054 3921 2206 3991 paria
2236 3934 2381 3982 esse,
2428 3929 2606 3985 neque
2663 3927 2776 3968 rem
2810 3925 2975 3964 unam
3011 3909 3170 3964 alteri
3219 3916 3479 3980 praestare

205 4012 520 4085 τῷδμοξως
545 4011 630 4065 διὰ
676 4010 781 4065 τῶν
808 4013 1068 4066 ἐναντίων
1115 4012 1205 4065 τὸν
1251 4013 1349 4083 τῆς
1399 4013 1544 4083 ζωῆς
1590 4014 1789 4086 δρόμον

207 4105 491 4167 ἀνύεσθαι,
527 4103 619 4157 καὶ
653 4104 775 4173 ἴσην
806 4107 863 4157 ὲν
892 4104 1127 4175 ἑκατέρᾳ
1160 4104 1267 4156 τῶν
1291 4102 1497 4174 λήξεων
1532 4107 1629 4175 τὴν
1656 4106 1791 4176 πρὸς

204 4200 263 4253 ab
299 4195 364 4253 εὖ
395 4198 428 4270 ἢ
463 4197 651 4261 κακῶς
681 4196 1031 4283 ζῇνδύναμιν
1075 4199 1422 4267 ἐνυπάρχειν,
1448 4196 1536 4251 διά
1568 4197 1676 4250 τῶν
1706 4198 1794 4250 δε-

1895 4022 2073 4089 putat,
2101 4012 2364 4083 quoniam
2421 4024 2485 4063 ex
2518 4007 2684 4063 rebus
2720 4004 2862 4058 inter
2916 4017 2975 4058 se
3015 4000 3311 4057 contrariis
3359 4001 3481 4055 vitae

1894 4121 2094 4161 cursus
2143 4119 2298 4173 atque
2353 4098 2675 4161 coniicitur,
2737 4095 3080 4164 aequalisque
3127 4093 3183 4146 in
3245 4101 3481 4161 utraque

1896 4195 2022 4249 vita:
2064 4192 2377 4247 conditione
2411 4196 2464 4243 et
2521 4187 2659 4241 bene
2707 4192 2762 4240 et
2822 4184 2963 4236 male
3038 4182 3254 4235 vivendi
3337 4181 3483 4234 inest.

209 4290 336 4358 ξιῶν
369 4290 551 4344 ὅπλων
574 4290 668 4343 καὶ
695 4271 1020 4360 ἀριστερῶν,
1058 4289 1221 4361 φησὶν
1264 4291 1292 4343 ὁ
1326 4289 1668 4353 Ἀπὸστολος,
1709 4289 1787 4343 διᾶ

1898 4284 2168 4347 facultas;
2230 4289 2341 4334 tam
2396 4292 2463 4332 ex
2523 4276 2686 4330 rebus
2735 4273 2966 4335 «lustris,
3006 4271 3189 4340 inquit
3238 4272 3478 4340 Aposto-

205 4383 367 4454 Μξης
417 4382 513 4435 καὶ
566 4382 791 4451 ἀτιμίας
814 4398 827 4411 ·
856 4381 923 4434 δι’
945 4374 1019 4435 ὧν
1048 4384 1075 4435 ὁ
1109 4382 1208 4452 μὲν
1250 4381 1660 4454 κεκαθαρμένος
1708 4382 1787 4435 τδε.

1900 4378 2008 4443 lus,
2073 4388 2237 4444 quam
2300 4368 2588 4430 sinistris,
2647 4373 2701 4420 et
2753 4378 2907 4432 aeque
2942 4379 3007 4416 ex
3067 4361 3287 4432 gloria,
3319 4370 3482 4432 atque

206 4451 331 4528 νοῦν
368 4474 464 4527 καὶ
496 4473 904 4544 ὲπεσκεμμένος
938 4471 1034 4544 τὴν
1063 4451 1171 4526 τῶν
1213 4473 1384 4526 ὄντων
1408 4451 1685 4545 ἀλήθειαν,
1710 4476 1787 4542 ὀρ-

1901 4485 1967 4524 ex
2025 4466 2205 4533 aliqua
2266 4459 2563 4532 ignominia
2602 4458 2726 4545 :‘iu
2784 4454 2984 4523 quibus
3035 4451 3255 4521 quidem
3319 4453 3485 4506 rebus

203 4565 317 4628 θῶς
357 4564 570 4618 ὁδεύσει
597 4537 714 4637 τὴν-
739 4537 962 4636 πορείαν
980 4537 1003 4631 ,⁷
1023 4564 1130 4619 ἀπὸ
1178 4565 1447 4632 γενέσεως
1498 4537 1668 4636 ’μέχρι
1699 4537 1787 4635 eq,-

1905 4555 1989 4617 is,
2044 4551 2136 4621 qui
2188 4562 2324 4618 pura
2381 4554 2561 4598 mente
2630 4539 2732 4594 fuit
2786 4547 2841 4592 rt
2888 4539 3245 4605 incorrupta,
3302 4550 3486 4591 rerum

206 4657 397 4722 ἑξόδου
436 4655 528 4709 τὸν
554 4658 884 4727 τεταγμένον
933 4656 1083 4727 αὐτῷ
1130 4657 1319 4729 χρόνον
1367 4656 1796 4727 διεξερχήμενος·

208 4747 349 4800 ἀλλὰ
393 4748 536 4801 κατά
565 4746 664 4817 τὴν
696 4747 806 4800 τῶν
847 4746 1143 4818 ὁδοιπόρων
1174 4746 1460 4818 συνήθειαν
1486 4748 1578 4800 τοῦ
1614 4749 1802 4818 πρόσω

205 4841 497 4910 ἐχόμενος,
535 4839 715 4909 ὀλίγον
771 4843 1005 4894 ποιεῖται
1057 4840 1166 4893 τῶν
1215 4838 1662 4911 προφαινομένων
1713 4838 1803 4890 τὸν

202 4927 394 4995 λόγον.
446 4926 684 4998 Σύνηθες
737 4926 848 4997 γὰρ
884 4929 997 4991 τοῖς
1053 4926 1421 4997 ὁδοιποροῦσιν
1468 4926 1561 4977 ἐπὶ
1601 4924 1662 4978 τὸ
1707 4927 1805 4994 τῆς

197 5019 337 5073 ὁδοῦ
395 5020 571 5088 πέρας
614 5020 815 5090 ὁμοίως
840 5018 1160 5087 ἐπείγεσθαι
1185 5057 1200 5081 ,
1230 5018 1294 5071 ἄν
1326 5034 1385 5071 τε
1416 5017 1504 5071 διὰ
1531 5014 1809 5086 λειμώνων

201 5113 307 5165 καὶ
338 5112 638 5183 συμφύτων
669 5113 904 5184 χωρίων,
927 5111 994 5166 ἀν
1016 5129 1076 5166 τε
1102 5111 1169 5165 δι’
1190 5111 1538 5182 ἐρημοτέρων
1559 5109 1652 5162 καὶ
1674 5124 1809 5178 τρα-

197 5204 468 5276 χυτέρα-ιν
501 5204 681 5258 τόπων
735 5204 1078 5276 διέρχωνται,
1120 5203 1216 5257 καὶ
1240 5202 1363 5256 οὔτε
1390 5203 1451 5255 τὸ
1492 5202 1588 5274 ἡδὺ
1634 5217 1812 5272 παρα-

198 5296 510 5365 κατέσχεν,
533 5294 658 5349 οὔτε
686 5296 746 5350 τὸ
771 5297 933 5367 ἀηδὲς
968 5294 1294 5350 ὲνεπόδισεν.
1338 5294 1495 5347 Οὕτω
1524 5292 1617 5346 καὶ
1648 5291 1811 5355 αὐτὸς

198 5389 635 5461 ἀμεταστρεπτὶ
668 5388 803 5458 πρὸς
837 5388 928 5442 τὸν
975 5387 1334 5459 προκείμενον
1390 5387 1592 5438 σκοπὸν
1632 5381 1809 5452 ἐαυτῷ

197 5480 634 5551 ιπειχθήσεται,
654 5481 791 5552 πρὸς
814 5479 968 5534 οὐδὲν
988 5478 1098 5533 τῶν
1120 5476 1392 5548 παροδίων
1415 5474 1810 5546 ἐπιστρεφόμε-

200 5587 297 5635 νας
320 5587 340 5603 ⁸
356 5567 503 5625 ἀλλὰ
525 5570 663 5640 πρὸς
688 5569 845 5640 μόνον
876 5568 1102 5640 οὐρανὸν
1134 5567 1349 5640 βλέπων
1374 5564 1460 5619 δια
1470 5580 1529 5616 πε
1539 5563 1692 5633 ράσει
1719 5561 1811 5615 τὸν

279 5749 306 5781 ⁸
334 5742 544 5802 Matth.
568 5760 716 5814 utr,
749 5744 842 5802 55.
917 5743 999 5800 'll
1020 5745 1146 5805 Cor.
1174 5765 1225 5816 v,
1271 5744 1326 5801 4.

1407 5744 1425 5774 ⁶
1458 5739 1603 5796 l‘sal.
1627 5751 1777 5794 catt.
1804 5735 1855 5791 5.

1909 4643 2193 4699 veritatem
2226 4639 2458 4694 intuitus
2505 4641 2622 4699 est,
2678 4634 2746 4687 ab
2777 4640 2900 4686 ortu
2945 4643 3118 4700 usque
3152 4626 3216 4682 ad
3275 4628 3485 4681 obitum

1910 4735 2236 4808 praeﬁnitum
2298 4731 2402 4787 sibi
2455 4737 2667 4798 tempus
2698 4723 3101 4796 percurrendo,
3165 4729 3315 4776 recta
3342 4720 3489 4773 hunc

1917 4832 2097 4899 ipsum
2154 4827 2278 4880 vitze
2306 4837 2527 4878 cursum
2564 4818 2808 4880 conﬁcit,
2846 4832 2969 4871 cum
3023 4830 3199 4883 neque
3234 4811 3487 4880 volupta-

1912 4929 2025 4974 tum
2084 4915 2365 4972 hlanditiis
2406 4912 2725 4973 molliatur,
2777 4920 2954 4975 neque
3008 4904 3170 4959 rebus
3224 4901 3488 4973 gravibus

1916 5010 2232 5065 debilitetnr
2262 5020 2325 5060 ac
2358 5004 2717 5074 deprimatur,
2756 4997 2849 5054 sed
2883 4997 3152 5050 viatorum
3190 5008 3341 5049 more
3379 4989 3493 5046 lou:

1917 5104 2039 5174 gius
2107 5112 2456 5171 progressus,
2491 5109 2714 5165 parvam
2767 5105 2956 5146 earum
3007 5102 3212 5154 rerum,
3274 5098 3394 5155 quae
3432 5098 3490 5137 se

1918 5194 2027 5249 illis
2087 5187 2425 5251 ostendunt,
2486 5187 2753 5240 rationem
2807 5181 2989 5236 habet.
3046 5176 3185 5232 Illud
3231 5176 3376 5232 enim
3436 5174 3496 5227 in

1917 5282 2345 5340 consuetudine
2379 5293 2567 5335 eorum
2619 5286 2705 5333 est
2748 5275 2842 5346 qui
2899 5270 3358 5345 peregrinantur,
3432 5272 3494 5316 ut

1920 5376 2034 5431 sive
2074 5374 2266 5444 pratis,
2310 5370 2640 5428 sivc.cnltis
2687 5366 2836 5438 agris
2867 5406 2882 5430 ,
2936 5365 3048 5419 sive
3080 5359 3255 5415 vastis
3310 5355 3495 5410 deser-

1918 5468 2097 5537 tisque
2139 5463 2277 5517 locis
2308 5462 2410 5518 iter
2440 5458 2665 5519 faciant.
2722 5473 2903 5527 neque
2945 5453 3021 5510 rei
3053 5451 3220 5506 ullius
3252 5446 3494 5537 oblecta-

1918 5534 2088 5624 tione,
2127 5568 2305 5626 neque
2338 5566 2398 5610 re
2448 5552 2634 5623 aliqua
2688 5550 2918 5604 molesta
2954 5539 3225 5613 impediti,
3273 5534 3497 5593 itineris
