3896 6204
430 267 537 325 345

1689 291 1746 346 S.
1780 293 2110 352 GREGORII
2148 299 2443 360 NYSSENI

3584 326 3705 383 3M

429 401 653 443 cursum
710 391 982 450 coniicere
1037 404 1335 459 maturent.
1387 404 1620 478 Parique
1667 410 1882 467 ratione
1917 412 1996 470 hic

431 492 531 509 nnn
580 478 900 509 A:n--o:-..l-
1007 501 1177 509 ..-μη
1276 494 1286 505 -
1516 498 1543 509 .-
1621 498 1633 509 .
1961 506 1972 509 ,

2112 417 2245 488 βίον,
2283 422 2534 494 καθάπερ
2559 442 2640 491 τις
2666 429 3006 504 κυϐερνήτης
3042 433 3248 503 ἀγαθὸς
3279 436 3418 509 πρὸς
3456 439 3551 495 τδν
3583 442 3701 499 ἅνω

429 492 532 534 nec
579 478 903 538 diverticula
933 524 949 550 ,
1007 501 1187 558 neque
1236 494 1451 551 viarum
1512 498 1775 557 ﬂexiones
1826 506 2005 574 respi-

426 572 642 640 cieudo,
684 575 750 629 ad
800 576 932 632 illud
987 581 1135 650 quod
1201 585 1307 640 sibi
1370 589 1609 644 maxime
1661 572 2004 661 propositum

425 674 530 727 est,
560 666 785 722 omnino
812 672 1096 739 perveniet
1119 714 1134 738 ,
1174 676 1268 731 sed
1305 678 1358 731 in
1408 681 1608 735 cmlum
1664 684 1841 739 solum
1868 701 2005 741 con-

399 754 651 821 ‘tuendo,
685 756 832 814 hunc
882 760 1009 816 vitae
1052 777 1275 819 cursum
1310 805 1326 830 ,
1377 775 1638 839 tanquam
1673 773 1874 843 aliquis
1903 790 2001 845 op-

425 844 594 901 timus
647 849 1003 918 gubernator,
1037 855 1314 923 conficiet,
1369 860 1462 929 qui
1496 863 1721 918 cmleste
1778 844 2003 934 aliquod

426 934 581 992 sidus
637 937 900 998 intuendo
953 944 1020 998 ad
1084 946 1137 1001 id
1176 948 1332 1006 navis
1383 966 1606 1006 cursum
1668 955 1878 1026 dirigit.
1915 958 2005 1011 ille

425 1039 559 1079 vero
592 1065 608 1090 ,
651 1029 741 1083 cui
802 1030 1053 1088 obtusior
1088 1044 1173 1089 est
1229 1039 1425 1093 mentis
1496 1041 1643 1096 acies
1672 1083 1687 1107 ,
1742 1043 2005 1099 inferiora

426 1118 691 1186 respicit,
750 1131 804 1179 et
841 1123 907 1178 ad
945 1128 1194 1198 corporis
1241 1131 1551 1201 voluptates
1578 1175 1592 1197 ,
1633 1141 1893 1206 tanquam
1936 1140 2002 1193 ad

428 1208 688 1275 pabulum
769 1215 1052 1283 pecudes,
1115 1222 1355 1275 animum
1420 1224 1652 1292 adjicit,
1720 1228 2005 1299 ventrique

427 1298 572 1364 soli,
618 1304 940 1374 caeterisque
990 1310 1198 1366 ventris
1269 1312 1457 1366 vitium
1532 1319 2004 1387 consequentibus

424 1383 587 1439 rebus
637 1387 856 1447 deditus
896 1394 1066 1463 vivit;
1102 1399 1266 1469 Quive
1294 1415 1323 1453 a
1364 1402 1475 1455 vita
1529 1402 1717 1459 divina
1753 1423 2002 1476 aversus,

423 1481 478 1528 et
509 1489 537 1528 a
579 1484 1026 1540 testamentorum
1057 1489 1346 1559 promissis
1402 1492 1614 1550 alienus
1636 1536 1650 1559 ,
1685 1497 1823 1551 nihil
1857 1500 2001 1554 aliud

422 1567 479 1620 itt
522 1567 683 1627 bonis
736 1587 861 1629 esse
912 1587 1090 1648 putat,
1141 1581 1248 1636 nisi
1298 1598 1422 1638 etim
1456 1586 1582 1655 quis
1638 1587 1693 1642 in
1755 1592 2004 1660 corporis

422 1659 700 1732 voluptate
744 1675 853 1732 est,
894 1669 983 1725 hic
1031 1674 1314 1742 profecto,
1363 1683 1414 1732 ct
1463 1678 1643 1735 omnis
1690 1659 1873 1748 homo,
1908 1683 2000 1754 qui

421 1750 479 1805 in
537 1767 601 1808 eo
645 1772 874 1815 numero
906 1769 1011 1829 est,
1070 1764 1126 1820 in
1181 1768 1445 1835 tenebris,
1482 1780 1543 1824 ut
1587 1770 1789 1828 divinis
1834 1772 2002 1830 Litte—
2033 1810 2077 1867 Β

421 1842 499 1899 ris
537 1845 806 1917 scriptum
856 1852 1031 1920 est“,
1080 1856 1363 1924 ambulat,
1394 1874 1517 1914 cum
1554 1860 1607 1914 in
1656 1862 1763 1917 vita
1811 1863 2004 1934 hujus-

421 1935 568 1989 modi
642 1939 787 1994 mala
856 1941 1212 2002 introducat:
1254 1948 1308 2003 in
1391 1950 1478 2006 bis
1514 1954 1663 2008 enim
1727 1957 2001 2023 avaritia,

420 2026 588 2081 animi
621 2028 957 2099 impotentia,
983 2036 1274 2095 immodica
1302 2043 1367 2096 ad
1402 2045 1710 2115 voluptates
1744 2047 1961 2105 atfectio
1985 2094 2000 2118 ,

422 2115 641 2186 imperii
680 2123 993 2192 cupiditas,
1052 2127 1233 2187 inanis
1256 2133 1443 2204 gloria:
1494 2138 1779 2207 appetitio,
1827 2155 1890 2195 ac
1915 2115 2003 2197 re;

419 2205 568 2276 liqua
599 2207 742 2266 inest
799 2228 988 2271 earum
1063 2236 1184 2291 quae
1251 2234 1379 2281 sunt
1430 2205 1747 2286 hominibus
1807 2240 2005 2289 contu-

416 2297 695 2368 bernales,
734 2307 1214 2374 perturbationum
1256 2316 1574 2375 multitudo.
1620 2318 1694 2375 Eii
1738 2322 1822 2379 bis
1854 2325 1999 2379 enim

416 2390 649 2459 morbis,
702 2395 841 2452 alter
895 2400 1136 2470 quodam
1180 2405 1343 2462 modo
1387 2409 1615 2467 alterius
1667 2415 1887 2470 vinculo
1921 2425 2003 2473 te-

415 2487 600 2546 netur,
651 2490 705 2539 et
762 2487 848 2541 cui
899 2504 1043 2546 unus
1076 2508 1144 2547 ex
1174 2493 1260 2550 his
1293 2498 1550 2567 accedit,
1603 2503 1801 2574 reliqui
1842 2507 1998 2574 quasi

415 2572 654 2626 naturali
712 2575 949 2646 quadam
1019 2585 1351 2641 necessitate
1419 2591 1686 2660 compulsi
1772 2594 1838 2649 ad
1876 2610 1997 2649 eum

413 2674 793 2723 concurrunt:
826 2668 878 2725 id
915 2673 1059 2745 quod
1100 2673 1155 2728 in
1190 2687 1383 2733 catena
1416 2678 1531 2736 fieri
1565 2684 1853 2742 videmus:
1880 2688 1999 2759 ejus

415 2754 563 2809 enim
622 2758 894 2830 principio
940 2771 1196 2830 attracto,
1232 2784 1412 2839 neque
1477 2773 1671 2845 reliqui
1729 2776 1877 2833 illius
1908 2754 2000 2834 or-

414 2845 516 2902 bes
575 2853 885 2909 consistere
934 2869 1189 2926 possunt,
1248 2862 1343 2916 sed
1374 2863 1602 2922 ultimus
1656 2880 1866 2927 catenae
1909 2889 2000 2928 or-

414 2936 502 2992 bis
541 2954 664 2995 cum
702 2944 879 3013 primo
925 2948 1089 3004 simul
1156 2961 1337 3010 motus
1392 2967 1497 3021 est,
1533 2974 1655 3013 cum
1710 2979 1772 3016 ex
1807 2980 1996 3021 eorum

414 3037 682 3099 perpetuo
719 3035 913 3093 ordine
958 3039 1054 3109 qui
1122 3041 1283 3097 simul
1323 3048 1518 3102 annosi
1557 3060 1684 3104 sunt
1734 3055 1954 3113 circulis
1980 3100 1995 3125 ,

415 3133 447 3171 a
504 3122 682 3190 primo
731 3128 899 3183 motio
962 3130 1082 3201 ipsa
1145 3138 1573 3206 progrediatur:
1613 3143 1685 3198 ita
1769 3147 1993 3205 humani

708 3217 957 3290 impliciti
1012 3223 1156 3280 inter
1201 3242 1261 3283 se
1323 3238 1486 3298 atque
1533 3237 1765 3291 connexi
1818 3249 1947 3294 sunt
1978 3283 1993 3309 ,

415 3319 671 3378 smpeque
717 3311 810 3377 tit,
848 3324 930 3379 ut,
975 3331 1100 3371 cum
1153 3335 1297 3376 unus
1355 3323 1751 3395 imperaverit,
1789 3332 1995 3403 reliqua

415 3395 545 3452 item
601 3402 919 3460 morborum
962 3410 1123 3465 turba
1181 3413 1423 3469 animum
1456 3416 1700 3473 invadat.
1745 3395 1923 3493 Atque
1950 3427 1996 3481 si

415 3488 532 3544 bare
567 3493 785 3562 quidem
830 3497 945 3568 ipsa
989 3503 1145 3571 quasi
1205 3505 1470 3561 maiorum
1525 3518 1720 3566 eatena
1773 3488 1865 3569 tibi
1900 3533 1996 3572 ex-

418 3580 652 3649 plicetur
711 3602 935 3645 necesse
979 3604 1097 3657 est,
1162 3593 1252 3651 fac
1286 3612 1410 3653 esse
1479 3605 1790 3674 quempiam
1824 3648 1839 3671 ,
1897 3611 1990 3680 qui

414 3687 528 3741 prae
579 3673 856 3749 voluptate
894 3684 1127 3752 quadam
1173 3686 1244 3740 sit
1304 3688 1485 3746 inanis
1553 3673 1740 3764 gloriae
1794 3673 1990 3758 affectu

416 3776 749 3837 superatus;
785 3780 871 3827 est
926 3774 1054 3829 huic
1096 3792 1229 3832 sane
1258 3778 1438 3837 inanis
1473 3784 1661 3853 gloria:
1702 3790 1991 3860 cupiditati

416 3856 679 3924 adjuncta
709 3863 871 3918 etiam
904 3869 1168 3937 appetitio
1199 3873 1472 3942 quaedam,
1510 3885 1567 3931 ut
1600 3881 1721 3949 plus
1763 3856 1808 3936 is
1842 3898 1993 3940 asse-

415 3955 655 4011 quatur:
690 3954 948 4019 quoniam
1004 3973 1111 4012 non
1161 3971 1339 4030 potest
1397 3965 1522 4033 quis
1567 3968 1689 4038 plus
1745 3971 1978 4030 habendi
2019 3954 2323 4049 cupiditate
2390 3988 2601 4051 teneri,

421 4053 540 4093 mes
588 4044 838 4110 quietiam
920 4050 989 4101 sit
1045 4051 1233 4120 gloriae
1275 4056 1557 4126 aviditas;
1624 4061 1820 4119 deinde
1883 4084 1907 4119 a

415 4130 643 4201 guitatis
701 4138 1059 4206 amplitudine
1090 4144 1302 4200 cazteris
1348 4146 1469 4216 ipse
1526 4151 1787 4220 antistet,

417 4220 543 4289 rcs,
591 4224 675 4280 vel
719 4226 773 4281 in

412 4406 692 4474 tenebras,
746 4417 910 4482 atque
958 4415 1137 4486 ignem
1176 4419 1459 4478 desinens.

483 4500 648 4558 Vides
693 4503 885 4559 horum
937 4511 1181 4565 omnium
1254 4516 1522 4572 malorum
1589 4525 1745 4590 quasi
1805 4527 1989 4597 viam,
2028 4538 2074 4592 D

410 4594 870 4661 quemadmodum
912 4598 1164 4655 videlicet
1195 4604 1262 4658 ab
1304 4622 1413 4662 uno
1459 4610 1757 4681 voluptatis
1791 4594 1987 4676 aﬂectu

410 4692 610 4739 cuncta
651 4688 1125 4756 proficiscuntur?
1157 4692 1525 4759 Quamobrem
1576 4705 1667 4757 ubi
1720 4708 1990 4776 ejusmodi

410 4775 681 4829 malorum
736 4779 1034 4849 conjuncta
1090 4787 1383 4842 multitudo
1419 4790 1471 4844 in
1533 4792 1673 4850 hanc
1710 4799 1872 4854 vitam
1902 4820 1990 4859 se-

409 4867 515 4919 tnel
551 4883 673 4924 sese
711 4872 975 4940 conjecit,
1033 4891 1139 4929 una
1173 4886 1278 4944 est,
1322 4889 1379 4933 ut
1415 4882 1485 4935 ab
1531 4884 1617 4941 his
1669 4890 1987 4960 liberemur,

407 4955 586 5021 ratio,
615 4975 777 5028 quam
833 4964 887 5018 in
940 4964 1141 5024 divinis
1174 4967 1398 5028 Litteris
1428 4976 1894 5047 contemplemur:
1923 4999 1986 5039 ea

407 5056 588 5102 autem
627 5058 745 5115 est,
782 5064 842 5109 ut
879 5057 948 5112 ab
1000 5059 1092 5114 illa
1140 5063 1265 5117 vitae
1296 5064 1584 5135 disciplina
1633 5088 1734 5127 nos
1790 5090 1984 5132 avoce-

407 5155 552 5204 mus,
590 5158 715 5212 qua:
771 5148 935 5204 rebus
975 5155 1232 5221 gravibus
1260 5164 1343 5211 est
1372 5168 1535 5228 atque
1593 5164 1839 5221 molestis
1890 5182 1983 5223 as-

408 5232 569 5287 tricta
604 5252 620 5303 ;
651 5251 829 5308 neque
858 5242 1029 5307 enim,
1086 5246 1175 5300 cui
1232 5248 1523 5306 Sodomam
1567 5254 1807 5312 incolere
1832 5259 1982 5314 cordi

406 5331 510 5387 est,
551 5325 693 5396 ignis
743 5329 977 5387 imbrem
1030 5333 1309 5394 declinare
1349 5341 1436 5395 hic
1492 5355 1671 5413 potest
1702 5366 1715 5402 :
1750 5364 1851 5403 nec
1888 5352 1979 5420 qui

410 5411 666 5473 Sodomis
717 5436 974 5490 egressus
998 5468 1012 5491 ,
1050 5427 1245 5484 iterum
1279 5433 1344 5486 ad
1407 5436 1557 5491 urbis
1616 5439 1885 5494 excidium
1923 5459 1980 5497 se

2112 511 2310 564 σκοπὸν
2360 513 2651 570 διευθύνων
2691 519 2752 573 τὺ
2795 520 3023 592 σκάφος.
3072 524 3129 579 '0
3166 526 3224 579 δὲ
3254 528 3433 600 παχὺς
3463 530 3560 603 τὴν
3580 533 3698 589 διά-

2108 617 2274 664 νοιαν,
2324 605 2416 658 καὶ
2469 607 2618 660 κάτω
2650 609 2883 679 βλέπων,
2915 614 3012 668 καὶ
3066 619 3694 697 συγκεκυφὼςτῇ’ψυχῇ
3740 624 3747 629 ’

2108 694 2243 765 πρὸς
2272 696 2337 749 τά
2365 696 2498 767 ἡδέα
2519 699 2614 753 τοῦ
2642 700 2916 772 σώματος,
2953 706 3205 780 καθάπερ
3237 710 3376 782 πρὸς
3399 711 3498 782 τὴν

2105 785 2173 838 τὰ
2204 784 2546 857 βοσκήματα,
2582 791 2719 865 μόνῃ
2748 797 2813 865 τῇ
2844 798 3040 867 γαστρὶ
3062 798 3155 852 καὶ⁹
3184 802 3296 863 τοῖς
3329 802 3465 870 μετά
3493 784 3695 873 γαστέ-

2110 893 2177 945 ρα
2215 877 2321 940 ζῶν
2346 919 2362 945 ,
2401 880 2911 955 ἀπηλλοτριωμένος
2951 886 3044 941 τοῦ
3089 889 3225 943 Θεοῦ
3259 893 3357 964 τῆς
3400 894 3566 967 ζωῆς,
3602 899 3694 953 καὶ

2108 966 2256 1031 ξένος
2309 969 2415 1024 τῶν
2456 972 2732 1046 διαθηκῶν
2759 977 2861 1047 τῆς
2902 981 3271 1051 ἐπαγγελίας,
3305 984 3457 1039 οὐδὲν
3504 966 3694 1060 ἕτερον

2105 1059 2309 1126 ἀγαθὸν
2333 1057 2469 1116 εἶναι
2492 1066 2747 1134 νομίζων,
2773 1068 2805 1138 ἦ
2827 1070 2887 1121 τὸ
2919 1071 3150 1142 ἡσθῆναι
3180 1074 3270 1127 διὰ
3291 1074 3383 1127 τοῦ
3414 1057 3691 1148 σώματος,

2106 1146 2262 1214 οὗτός
2310 1155 2493 1220 ἐστιν,
2539 1157 2634 1209 καὶ
2684 1160 2792 1223 πᾶς
2823 1163 2851 1214 ὁ
2896 1161 3153 1227 τοιοῦτος,
3191 1165 3220 1216 ὁ
3258 1168 3315 1217 ὲν
3350 1166 3529 1221 σκότει
3576 1169 3693 1223 δια-

2106 1242 2483 1312 πορευόμενος,
2512 1246 2693 1311 καθὼς
2729 1267 2890 1331 φησιν
2915 1255 2946 1321 ἡ
2973 1253 3182 1326 Γραφὴ,
3214 1257 3243 1308 ὁ
3270 1256 3381 1308 τῶν
3402 1260 3459 1311 ἐν
3482 1258 3561 1329 τῷ

2104 1332 2277 1404 τούτῳ
2303 1337 2488 1390 κακῶν
2523 1339 2751 1411 εύρέτης
2772 1360 2785 1373 ·
2812 1346 2870 1397 ἐν
2902 1344 3111 1410 τούτοις
3137 1347 3245 1420 γὰρ
3269 1349 3362 1402 καὶ
3389 1348 3687 1416 πλεονεξία,

2105 1426 2200 1479 καὶ
2239 1427 2425 1482 παθῶν
2466 1432 2751 1497 ἀκολασία,
2802 1437 2894 1490 καὶ¹
2935 1440 2969 1509 ἡ
3004 1440 3137 1511 πρὸς
3188 1443 3288 1505 τὰς
3322 1442 3517 1513 ἡδονὰς
3548 1443 3691 1514 ἀμευ-

2104 1518 2229 1589 τρία
2252 1561 2267 1585 ,
2295 1521 2551 1592 φιλαρχία
2583 1542 2643 1577 τε
2681 1528 2852 1594 πᾶσα,
2884 1529 2978 1583 καὶ¹
3018 1531 3182 1601 κενῆς
3206 1532 3364 1602 δόξης
3394 1533 3686 1605 ἐπιθυμία,

2106 1609 2198 1661 καὶ
2244 1612 2271 1663 ὁ
2318 1610 2501 1676 λοιπὸς
2545 1615 2732 1685 ὅμιλος
2768 1618 2876 1673 τῶν
2918 1623 3307 1677 συνοικούντων
3339 1624 3527 1702 παθῶν
3575 1626 3690 1692 τοῖς

2105 1699 2431 1772 ἀνθρώποις.
2487 1707 2705 1778 Ἕχεται
2753 1711 2863 1783 γάρ
2914 1730 3031 1778 πως
3089 1716 3146 1770 ἐν
3196 1718 3307 1782 τοῖς
3362 1720 3555 1782 κακοῖς
3592 1718 3689 1773 τοῦ

2106 1792 2290 1865 ἑτέρου
2314 1795 2375 1849 τδ
2421 1796 2637 1871 ἕτερον,
2676 1802 2772 1856 καὶ
2812 1796 2967 1877 ᾧπερ
2992 1804 3058 1860 ἂν
3086 1807 3147 1860 τὺ
3180 1808 3239 1861 ἒν
3284 1811 3688 1882 παραγένηται,

2111 1886 2205 1939 καὶ
2243 1885 2311 1940 τά
2352 1887 2513 1943 λοιπὰ
2542 1891 2790 1966 καθάπερ
2832 1895 2937 1949 ὑπὸ
2985 1913 3130 1961 τινος
3171 1899 3410 1970 φυσικῆς
3438 1901 3691 1973 ἀνάγκης

2109 1973 2394 2046 ἑλκόμενα,
2421 1981 2627 2033 συνεισέ
2637 1999 2822 2053 ρχεται
2845 1985 3080 2051 πάντως.
3108 1983 3231 2043 Οἷον
3252 1991 3309 2041 ἐν
3330 1988 3516 2043 ἁλύσει
3538 1990 3690 2058 γίνε-

2108 2084 2221 2132 ται,
2249 2069 2347 2139 τῆς
2373 2072 2549 2143 ἀρχῆς
2573 2076 3026 2148 ἐπισπασθείσης,
3054 2080 3173 2133 οὐδὲ
3202 2079 3299 2145 τὰς
3331 2080 3524 2145 λοιπὰς
3552 2084 3691 2150 ἠρε-

2112 2162 2231 2230 μεῖν
2263 2162 2360 2232 τῆς
2394 2158 2634 2229 ἁλύσεως
2685 2167 2930 2235 ἀγκύλας
2992 2169 3214 2224 δυνατόν
3262 2173 3433 2236 ἐστιν,
3487 2173 3601 2227 ἀλλ’
3648 2175 3688 2245 ἡ

2109 2250 2250 2306 κατὰ
2296 2253 2357 2305 τὸ
2394 2253 2581 2326 ἕτερον
2616 2256 2791 2329 πέρας
2822 2259 2922 2329 τῆς
2957 2260 3198 2325 ἁλύσεως
3226 2262 3438 2335 ἀγκύλη
3474 2281 3692 2317 συνεκι-

2108 2338 2243 2412 νήθη
2295 2344 2362 2413 τῇ
2410 2344 2622 2417 πρώτῃ,
2655 2347 2796 2401 κατά
2842 2347 2904 2401 τὸ
2948 2350 3237 2405 ἀκόλουθον
3277 2353 3362 2406 ἀεὶ¹
3393 2353 3489 2407 καὶ
3516 2370 3690 2425 προσ-

2108 2431 2231 2501 εχὲς
2256 2433 2362 2486 ἀπὸ
2394 2434 2488 2487 τοῦ
2516 2436 2733 2507 πρώτου
2758 2437 2850 2492 διὰ
2895 2440 3000 2493 τῶν
3027 2442 3447 2515 παρακειμένων
3467 2444 3567 2514 τῆς
3598 2460 3690 2496 κι-

2107 2525 2312 2594 νήσεως
2334 2526 2630 2600 προϊούσης
2653 2545 2670 2558 ·
2697 2528 2869 2596 οὕτως
2908 2533 3283 2603 ἐμπέπλεκται
3330 2536 3425 2589 καὶ
3474 2534 3691 2605 συμπέ-

2107 2630 2274 2682 φυκεν
2302 2616 2551 2687 ἀλλήλοις
2586 2618 2656 2672 τὰ
2694 2621 3010 2693 ἀνθρώπινα
3038 2623 3207 2696 πάθη,
3229 2626 3323 2680 καὶ
3344 2626 3410 2679 δι’
3439 2626 3559 2689 ἐνὸς
3587 2623 3687 2679 τοῦ

2105 2705 2595 2779 ἐπικρατήσαντος,
2624 2713 2718 2766 καὶ
2743 2715 2771 2766 ὁ
2807 2714 2992 2778 λοιπὸς
3016 2715 3123 2769 τῶν
3152 2717 3338 2772 κακῶν
3375 2716 3533 2781 ὁλκὸς
3563 2733 3691 2770 συν-

2105 2796 2412 2867 εισέρχεται
2441 2802 2505 2871 τῇ
2539 2799 2706 2874 ψυχῇ.
2742 2804 2853 2858 Καὶ
2886 2807 2935 2859 εί
2963 2808 3066 2878 χρή
3098 2825 3179 2862 σοι
3223 2808 3550 2882 διαγράφειν
3586 2810 3688 2882 τὴν

2106 2889 2349 2960 πονηρὰν
2397 2892 2598 2963 ταύτην
2637 2894 2846 2960 ἅλυσιν,
2878 2899 3079 2952 ὑπόθου
3104 2900 3223 2955 τινὰ
3254 2902 3342 2957 διά
3380 2920 3528 2968 τινος
3557 2904 3686 2975 ήδοο

2105 2978 2200 3048 νῆς
2250 2978 2342 3032 τοῦ
2405 2981 2544 3039 κατὰ
2604 2982 2703 3053 τὴν
2750 2986 3053 3052 κενοδοξίαν
3100 2990 3397 3062 ἡττηθῆναι
3426 2992 3682 3057 πάθους·

2106 3069 2242 3124 ἀλλὰ
2271 3074 2334 3142 τῇ
2358 3074 2631 3147 κενοδοξία
2657 3077 2747 3129 καὶ
2776 3080 2809 3148 ἡ
2841 3078 2934 3132 τοῦ
2972 3079 3215 3144 πλείονος
3244 3082 3430 3153 ἔφεσις
3462 3102 3691 3158 συνηκο-

2022 3168 2065 3227 c
2098 3161 2391 3234 λούθησεν·
2433 3166 2494 3219 οὐ
2553 3167 2662 3238 γὰρ
2711 3168 2827 3222 ἔστι
2885 3171 3212 3246 πλεονέκτην
3263 3175 3555 3244 γενέσθαι,
3605 3177 3685 3249 μὴ

2094 3252 2309 3324 ἐκείνης
2349 3254 2441 3307 ἐπὶ
2497 3256 2557 3309 τὸ
2608 3259 2779 3326 πάθος
2826 3264 3294 3336 χειραγωγούσης.
3337 3265 3473 3322 Εἶτα
3515 3270 3551 3338 ἡ
3585 3268 3685 3322 τοῦ

2097 3343 2440 3401 πλεονεκτεῖν
2471 3350 2566 3401 καὶ
2604 3351 2859 3423 προέχειν
2895 3355 3233 3429 ἐπιθυμία,ἢ
3265 3359 3433 3431 ὀργὴν
3457 3361 3685 3427 ἐξάπτει

2095 3436 2232 3506 πρὸς
2268 3436 2329 3490 τὸ
2356 3438 2647 3509 ὁμόφυλον,
2682 3440 2716 3512 ἢ
2753 3444 2889 3515 πρὸς
2925 3444 2985 3499 τὸ
3007 3446 3316 3520 ὑποχείριον
3343 3450 3441 3523 τὴν
3471 3452 3688 3523 ὑπερη-

2097 3526 2314 3597 φανίαν,
2350 3530 2383 3601 ἢ
2433 3531 2567 3601 πρὸς
2599 3532 2659 3586 τὸ
2713 3534 2978 3608 ὑπερέχον
3012 3539 3104 3592 τὸν
3132 3540 3322 3608 φθόνον
3347 3559 3361 3574 ε
3385 3542 3580 3612 φθόνου
3620 3543 3692 3597 δὲ

2099 3617 2389 3683 ἀκόλουθος
2417 3623 2448 3692 ἡ
2498 3623 2783 3695 ὑπόκρισις
2836 3628 3044 3695 γίνεται
3077 3646 3089 3659 °
3126 3631 3339 3704 ἐκείνης
3371 3636 3403 3705 ἡ
3444 3635 3638 3705 πικρία
3668 3678 3688 3703 ,

2098 3710 2300 3782 ταύτης
2353 3715 2385 3785 ή
2425 3716 2808 3788 μισανθρωπία
2832 3736 2845 3749 °
2882 3721 3085 3776 τούτων
3140 3726 3394 3780 ἁπάντων
3428 3728 3489 3781 τὸ
3524 3727 3690 3793 τέλος

2100 3802 2441 3874 κατάκρισις,
2483 3808 2562 3871 είς
2591 3808 2815 3877 γέενναν
2845 3811 2938 3865 καὶ
2972 3814 3161 3880 σκότος
3209 3818 3302 3871 καὶ
3354 3817 3466 3891 πῦρ
3510 3836 3688 3874 κατα-

2100 3890 2360 3962 λήγουσα.

2677 3991 2780 4047 uisi
2834 3993 2996 4063 hujus
3048 3997 3276 4054 aﬂ'ectus
3322 4000 3433 4056 dux
3495 4009 3548 4056 et
3575 4015 3689 4055 co-

1916 4072 2146 4139 rtpctilio
2188 4074 2338 4141 haec,
2372 4093 2477 4148 qua
2526 4082 2652 4151 quis
2729 4083 2981 4152 atlicitur,
3048 4099 3108 4143 ut
3161 4100 3215 4145 et
3265 4107 3450 4163 Opunt,
3490 4103 3544 4148 et
3595 4093 3695 4149 di-

1819 4157 1903 4212 vel
1935 4161 1987 4213 iu
2027 4167 2267 4233 aequales
2313 4172 2551 4225 concitat
2597 4173 2769 4240 iram,
2826 4178 2909 4231 vel
2943 4180 3254 4249 superbiam
3329 4184 3385 4237 in
3453 4182 3693 4240 inferio-

832 4232 1466 4304 superiores-invidiam,
1535 4243 1696 4313 cujus
1740 4249 1893 4302 socia
1968 4264 2051 4308 est
2128 4256 2423 4315 simultas:
2464 4260 2630 4332 hujus
2694 4280 2823 4320 vero
2870 4282 3052 4324 comes
3139 4272 3410 4327 acerbitas

412 4315 598 4371 odium
632 4320 906 4389 quoddam
949 4323 1229 4382 hominum
1275 4336 1673 4404 consequitur:
1710 4348 1767 4393 at
1830 4341 2023 4398 borum
2082 4357 2325 4405 omnium
2370 4362 2711 4423 postremum
2758 4373 2840 4413 εει
2890 4358 3192 4430 damnatio,

412 4406 669 4430 ιιι.ι..ι...--
749 4417 901 4430 ,ιηηκ
960 4415 971 4426 ο
1196 4419 1208 4430 .
1281 4421 1292 4430 .

3441 4314 3457 4339 ,
3514 4290 3689 4344 quam

3240 4362 3297 4418 in
3346 4364 3686 4435 gehennam;

2181 4532 2342 4606 Ὁρᾷς
2373 4536 2463 4590 τὸν
2488 4538 2644 4593 ὁλκὸν
2672 4541 2780 4595 τῶν
2819 4546 3022 4613 κακῶν,
3055 4548 3201 4612 ὅπως
3231 4549 3349 4614 ἐνὸς
3389 4550 3458 4604 τὰ
3503 4552 3688 4608 πάντα

2084 4623 2178 4677 τοῦ
2216 4629 2355 4682 κατὰ
2384 4630 2480 4700 τὴν
2517 4633 2710 4705 ἡδονὴν
2757 4633 3033 4708 ἐξέρχεται
3060 4641 3297 4709 πάθους;
3341 4642 3559 4716 Ἐπειδὴ
3581 4642 3687 4700 οὖν

2088 4718 2232 4786 ἅπαξ
2267 4722 2514 4792 εἰσῆλθεν
2549 4728 2629 4788 εἰς
2659 4726 2749 4782 τὸν
2784 4728 2950 4801 βίονή
2979 4733 3266 4786 ἀκολουθία
3285 4735 3393 4788 τῶν
3418 4738 3682 4791 τοιούτων

2093 4809 2303 4875 παθῶν,
2338 4812 2464 4881 μίαν
2504 4815 2720 4887 ὁρῶμεν
2760 4820 2824 4872 ἐκ
2853 4820 2953 4889 τῆς
2986 4821 3091 4875 τῶν
3122 4823 3495 4879 θεοπνεύστων
3531 4826 3682 4897 Γρα-

2088 4898 2203 4964 φῶν
2230 4901 2541 4973 συμϐουλῆς
2571 4905 2668 4976 τὴν
2707 4907 2937 4975 διέξοδον
2979 4912 3201 4979 τούτων,
3246 4914 3304 4967 τὸ
3337 4916 3679 4987 χωρισθῆναι

2088 4990 2183 5044 τοῦ
2214 4992 2453 5046 τοιούτου
2496 4994 2630 5064 βίου,
2668 4998 2761 5051 τοῦ
2794 5003 3146 5073 συνημμένην
3177 5003 3389 5074 ἔχοντος
3415 5008 3473 5058 ἐν
3494 5007 3680 5080 ἐαυτῷ

2088 5078 2186 5150 τὴν
2207 5080 2314 5132 τῶν
2342 5083 2583 5153 ἀνιαρῶν
2611 5086 2985 5160 ἀκολούθησιν·
3029 5093 3127 5146 οὐκ
3177 5093 3291 5147 ἔστι
3321 5095 3451 5167 γὰρ,
3490 5097 3550 5150 ἐν

2087 5171 2273 5241 δόμοις
2316 5173 2783 5248 φιλοχωρήσαντα,
2844 5182 3125 5253 διαφυγεῖν
3180 5186 3281 5257 τὴν
3337 5189 3431 5242 τοῦ
3499 5192 3674 5263 πυρὸς

2087 5262 2426 5334 ἐπομϐρίαν·
2474 5268 2595 5321 οὐδὲ
2637 5272 2729 5323 τὸν
2760 5271 2864 5337 ἔξω
2910 5275 3160 5347 Σοδόμων
3210 5279 3519 5350 γενόμενον,
3550 5262 3668 5337 εἶτα

2087 5353 2246 5405 πάλιν
2288 5355 2694 5428 ἐπιστραφέντα
2729 5361 2863 5434 πρὸς
2888 5364 2987 5436 τὴν
3015 5368 3297 5437 ἐρήμωσιν
3324 5370 3554 5443 ταύτης,
3593 5372 3669 5445 μὴ

2082 5447 2319 5516 παγῆναι
2349 5447 2550 5519 στήλην
2590 5451 2715 5515 ἁλός
2735 5469 2749 5483 ο
2785 5453 2900 5507 ἀλλ’
2926 5457 3047 5510 οὐδὲ
3079 5459 3179 5530 τῆς
3209 5461 3524 5531 Αἰγυπτίων
3550 5464 3671 5520 δου-

406 5506 697 5571 convertit,
750 5510 805 5564 in
848 5522 1083 5571 statuam
1133 5522 1266 5578 salis
1298 5539 1404 5578 non
1449 5542 1804 5585 concrescere
1836 5572 1850 5595 .
1882 5549 1978 5589 nc-

2102 5506 2227 5598 ,είάέ
2284 5506 2825 5610 ἀπαλλαγήσεται,ὁ
2877 5547 2953 5618 μὴ
2995 5506 3311 5609 καταλιπὼν
3365 5553 3464 5627 τὴν
3502 5555 3676 5626 Αἰγυ-

481 5682 521 5713 “
541 5683 698 5741 Joan.
728 5702 828 5757 λιι,
857 5691 946 5747 35.
