3896 6204
259 307 368 365 365

1603 306 1693 363 DE
1725 304 2187 367 WBGINITATE.

3414 310 3520 368 546

263 442 425 494 πτον,
465 422 564 491 τὴν
587 424 917 495 ὑποϐρύχιον
965 424 1108 494 λέγω
1140 424 1343 497 ταύτην
1393 424 1557 498 ζωὴν,
1604 427 1698 480 καὶ
1724 427 1840 481 δια-

1953 445 2049 500 que
2099 430 2170 486 ab
2212 430 2595 507 Egyptiorum
2636 431 2900 489 servitute
2929 445 2989 488 se
3036 429 3162 501 quis
3187 424 3518 491 vindicabit,

265 521 375 585 ϐἀς
404 518 526 589 οὐχὶ
561 518 657 590 τὴν
698 516 968 590 Ἐρυθρὰν
1002 517 1239 589 ἐκείνην,
1273 516 1409 572 ἀλλὰ
1442 516 1543 588 τὴν
1588 517 1844 587 μέλαιναν

267 610 478 683 ταύτην
497 610 589 664 καὶ
613 609 826 681 ζοφώδη
860 608 954 663 τοῦ
994 608 1110 681 βίου
1156 608 1460 664 θάλασσαν·
1486 610 1631 675 εἰδὲ,
1665 608 1843 673 καθώς

271 706 481 772 φησινό
508 703 732 773 Κύριος,
762 702 858 756 ὲάν
890 703 965 773 μὴ
986 699 1325 775 ἐλευθερώσῃ
1357 703 1505 773 ἡμᾶς
1537 704 1570 774 ἡ
1599 701 1842 773 ἀλήθεια,

268 796 349 867 τῷ
376 794 529 865 κακῷ
566 795 668 865 τῆς
695 793 939 857 δουλείας
982 794 1412 865 ὲναπομένομεν,
1439 794 1558 858 πῶς
1602 793 1749 848 ἐστιν
1788 796 1847 848 ὲν

264 888 335 956 τῇ
369 885 598 957 ἀληθεία
636 884 891 953 γενέσθαι
927 882 1018 937 τὸν
1043 882 1311 956 ζητοῦντα
1338 884 1553 955 ψεῦδος,
1576 885 1670 939 καὶ
1699 886 1755 938 ὲν
1779 888 1845 957 τῇ

269 975 446 1047 πλάνῃ
474 974 571 1030 τοῦ
603 975 721 1045 βίου
743 975 1210 1045 ἀναστρεφόμενον
1235 991 1250 1041 ;
1285 974 1402 1038 πῶς
1423 974 1480 1028 δέ
1504 992 1587 1038 τις
1606 973 1703 1045 τὴν
1731 976 1850 1029 δου-

266 1067 417 1121 λείαν
455 1067 772 1137 ἀποδράσει,
810 1069 839 1120 ὁ
869 1070 988 1131 ταῖς
1038 1068 1306 1136 ἀνάγκαις
1348 1066 1446 1138 τῆς
1474 1066 1687 1135 φύσεως
1712 1068 1847 1121 ὑπο-

269 1158 477 1228 χείριον
522 1156 644 1220 δοὺς
681 1144 792 1227 ’τὴν
827 1156 962 1210 ίδίαν
1014 1154 1199 1225 ζωήν;
1251 1144 1676 1228 Γνωριμώτερος
1708 1158 1751 1211 δ’
1781 1158 1847 1211 ἂν

270 1245 484 1311 γένοιτο
516 1246 644 1315 ἡμῖν
672 1244 763 1298 διά
790 1262 936 1308 τινος
966 1244 1405 1317 παραδείγματος
1429 1247 1458 1298 ὁ
1488 1246 1615 1316 περὶ
1644 1246 1849 1301 τούτων

269 1334 664 1408 λόγος.Ὦσπερ
676 1350 760 1396 τις
777 1335 1018 1406 ποταμὸς
1037 1335 1312 1407 χειμέριος
1340 1335 1569 1407 ῥεύματι
1590 1338 1850 1409 τραχυνό-

273 1445 454 1498 μενος,
492 1428 587 1482 καὶ
623 1426 768 1481 κατά
793 1426 892 1499 τὴν
928 1428 1122 1481 ἑαυτοῦ
1164 1427 1459 1499 φερόμενος
1505 1428 1685 1498 φύσιν,
1718 1430 1849 1497 ξύλα

269 1537 333 1573 τε
362 1520 460 1574 καὶ
488 1519 701 1585 λίθους,
729 1521 824 1573 καὶ
864 1521 974 1573 πᾶν
1010 1519 1072 1573 τὸ
1110 1519 1422 1592 παρατυχὺν
1455 1520 1851 1592 ὑπολαμϐάνων

269 1610 352 1681 τῷ
382 1611 601 1682 ῥείθρῳ,
630 1610 809 1682 μόνοις
832 1614 942 1675 τοῖς
980 1611 1100 1665 κατ’
1129 1612 1290 1665 αὐτὸν
1311 1614 1615 1683 γινομένοις
1654 1614 1851 1683 σφαλε-

276 1703 373 1777 ρὸς
423 1704 519 1759 καὶ
569 1701 891 1773 κινδυνώδης
931 1704 1080 1768 ἐστὶ,
1111 1706 1222 1767 τοῖς
1263 1703 1319 1756 δὲ
1356 1704 1637 1776 πόρῥωθεν
1688 1706 1850 1760 αὐτὸν

278 1792 708 1865 φυλασσομένοις
752 1793 875 1863 είκῆ
912 1797 997 1865 ῥεῖ
1021 1810 1036 1824 ’
1065 1793 1208 1847 οὕτω
1242 1796 1333 1847 καὶ
1361 1796 1459 1866 τὴν
1486 1796 1578 1849 τοῦ
1616 1796 1730 1867 βίου
1759 1815 1853 1851 τα-
1881 1785 1926 1843 Β

284 1884 512 1958 palmo
538 1885 655 1938 κατ’
694 1886 862 1956 αὐτὴν
909 1885 1145 1954 γεγονὼς
1203 1888 1362 1958 μόνος
1413 1888 1725 1957 ὑφίσταται,
1760 1890 1854 1943 καὶ

280 1977 447 2049 μόνος
480 1976 791 2047 ἀναδέχεται
842 1976 963 2030 καθ’
993 1976 1186 2030 ἑαυτοῦ
1226 1977 1296 2031 τὰ
1339 1979 1507 2051 πάθη,
1538 1979 1680 2051 ἅπερ
1728 1980 1852 2051 ἂνή

277 2065 443 2134 φύσις
459 2064 764 2128 ἀκολούθως
785 2066 949 2135 ἑαυτῇ
986 2065 1180 2134 ῥέουσα
1203 2068 1314 2129 τοῖς
1341 2066 1409 2120 δι’
1432 2068 1599 2139 αὐτῆς
1629 2086 1856 2141 πορευο-

276 2156 466 2229 μένοις
492 2156 800 2226 ἀναγκαίως
829 2156 1114 2226 ἐπάγεται,
1144 2156 1230 2211 διὰ
1255 2157 1362 2211 τῶν
1393 2159 1485 2212 τοῦ
1516 2159 1629 2230 βίου
1668 2160 1852 2215 κακῶν

271 2250 658 2313 ἐπικλύζουσα.
693 2249 755 2303 El
784 2249 842 2303 δέ
874 2266 957 2312 τις
978 2248 1266 2303 καταλίποι
1297 2251 1387 2304 τὸν
1421 2250 1715 2324 χείμαρῤον
1729 2252 1851 2305 τοῦ-

268 2357 383 2407 τον,
404 2340 482 2403 ὥς
514 2357 676 2411 φησιν
706 2342 739 2411 ἡ
768 2340 980 2412 Γραφὴ,
1007 2343 1101 2396 καὶ
1119 2342 1180 2395 τὺ
1208 2340 1352 2413 ὓδωρ
1375 2343 1435 2396 τὸ
1459 2343 1847 2408 ἀνυπόστατον,

268 2432 388 2498 ἔξω⁴
405 2433 620 2494 πάντως
636 2434 804 2497 ἔσται,
827 2431 967 2486 κατά
986 2432 1084 2504 τὴν
1104 2432 1204 2503 τῆς
1229 2432 1373 2505 ᾠδῆς
1398 2434 1731 2501 ἀκοῖουθίαν,
1751 2437 1850 2508 τῆς

269 2524 445 2596 θήρας
473 2523 586 2578 τῶν
610 2525 833 2578 ὀδόντων
858 2523 951 2578 τοῦ
987 2523 1123 2595 βίου,
1154 2524 1406 2597 καθάπερ
1451 2527 1728 2598 στρουθίον
1772 2529 1850 2601 τῷ

266 2620 371 2689 τῆς
406 2619 607 2692 ἀρετῆς
629 2618 813 2690 πτερῴ
841 2619 1071 2683 διαπτάς
1093 2619 1193 2689 τὴν
1215 2620 1436 2689 παγίδα.
1471 2621 1689 2693 Ἐπειδὴ
1712 2621 1840 2691 γὰρ,

267 2710 414 2765 κατά
444 2711 505 2763 τὸ
542 2709 704 2781 ῥηθὲν
747 2711 880 2781 ἡμῖν
920 2710 1012 2764 ἐπὶ
1049 2710 1142 2763 τοῦ
1185 2711 1487 2783 χειμάῥρου
1521 2713 1847 2784 ὑπόδειγμα,

267 2802 557 2864 παντοίαις
607 2801 869 2871 ταραχαῖς
917 2800 1010 2854 καὶ
1060 2801 1394 2871 ἀνωμαλίαις
1443 2802 1787 2875 πλημμύρων
1820 2806 1849 2857 ὁ

268 2892 615 2963 ἀνθρώπινος
662 2892 773 2962 βίος
800 2891 887 2947 ἀεὶ
916 2891 1158 2963 φέρεται,
1201 2892 1341 2946 κατά
1372 2892 1463 2946 τοῦ
1490 2895 1727 2965 πρανοῦς
1750 2897 1850 2968 τῆς

269 2985 494 3067 φύσεως
516 2984 900 3055 προχεόμενος,
922 2984 1014 3037 καὶ¹
1048 2984 1199 3037 οὐδὲν
1234 2984 1433 3055 ἔστηκε
1465 2986 1573 3040 τῶν
1605 2987 1663 3040 ὲν
1700 2988 1849 3057 αὐτῷ

269 3072 745 3145 σπουδαζομένων,
774 3074 894 3128 οὐδὲ
944 3074 1202 3145 ἀναμένει
1237 3076 1335 3148 τὴν
1386 3077 1702 3151 πλησμονὴν
1739 3078 1846 3132 τῶν

268 3166 683 3237 ἐπιθυμούντων
719 3166 898 3221 αὐτῶν
923 3181 937 3196 ’
976 3170 1153 3222 πάντα
1206 3168 1262 3222 δὲ
1317 3168 1386 3223 τὰ
1443 3171 1849 3239 προσπίπτοντα

268 3257 410 3329 ὁμοῦ
442 3275 502 3311 τε
533 3259 895 3330 προσήγγισε,
927 3259 1018 3312 καὶ
1046 3258 1265 3328 θίγοντα
1303 3260 1645 3331 παρέδραμε,
1676 3263 1769 3315 κα)⁸
1792 3263 1852 3317 τὺ

269 3353 363 3406 ἀεὶ
389 3352 562 3423 παρὸν
591 3351 669 3422 τῷ
698 3351 909 3423 σφοδρῷ
936 3351 1037 3421 τῆς
1067 3353 1299 3424 παρόδου
1332 3353 1613 3423 διαφεύγει
1648 3354 1748 3425 τὴν
1771 3355 1854 3408 αἴ-

271 3444 490 3515 σθησιν,
519 3443 625 3498 ὑπὸ
656 3444 753 3515 τῆς
780 3444 1006 3497 κατόπιν
1032 3446 1292 3517 ὲπιρῥοῆς
1314 3444 1421 3498 τῶν
1444 3444 1733 3516 ὀφθαλμῶν
1760 3448 1857 3519 ἀρα

273 3536 631 3606 παζομένων·
668 3535 758 3589 διὰ
808 3535 965 3589 τοῦτο
1004 3536 1279 3601 λυσιτελὲς
1328 3537 1395 3591 ἂν
1427 3537 1513 3609 εἴη
1548 3539 1735 3612 πόῥρω
1760 3538 1852 3592 τοῦ

270 3629 517 3681 τοιούτου
547 3625 817 3698 ῥεύματος
868 3628 1091 3693 ἑαυτοὺς
1146 3630 1378 3700 ἀνέχειν,
1418 3628 1493 3693 ὡς
1544 3630 1608 3684 ἂν
1640 3630 1714 3699 μὴ
1749 3629 1855 3683 τῶν

270 3720 530 3776 ἀστάτων
550 3721 947 3793 περιεχόμενοι,
976 3722 1083 3775 τῶν
1112 3722 1198 3774 ἀεὶ
1224 3720 1473 3776 ἑστώτων
1498 3722 1858 3793 όλιγωρήσαι-

271 3832 405 3885 μεν.
450 3812 576 3875 Πῶς
604 3812 710 3885 γάρ
762 3813 876 3867 ἔστι
910 3813 1000 3866 τὸν
1050 3813 1469 3886 προσπαθοῖωτά
1501 3833 1605 3869 τινι
1658 3815 1765 3869 τῶν
1799 3818 1857 3869 ἐν

268 3901 354 3972 τῷ
406 3899 510 3970 βίῳ
545 3900 741 3971 τούτῳ,
784 3901 872 3956 διὰ
898 3902 1086 3966 τέλους
1118 3903 1262 3974 ἔχειν
1308 3903 1369 3956 τὸ
1400 3904 1765 3975 ποθούμενον;
1792 3903 1858 3957 Τί

267 3994 386 4046 τῶν
420 3989 658 4064 μάλιστα
688 3994 1128 4064 σπουδαζομένων
1187 3996 1360 4049 είσαεὶ
1407 3997 1713 4067 παραμένει
1744 4014 1855 4050 τοι·

269 4084 464 4148 οὖτον;
504 4083 630 4136 ποῖα
666 4085 912 4155 νεότητος
938 4087 1121 4157 ἀκμής
1155 4086 1239 4149 τίς
1268 4086 1544 4157 δυνάμεως
1577 4087 1609 4158 ἦ
1645 4087 1857 4158 μορφῆς

268 4177 534 4248 εύμοιρξα
558 4192 574 4240 ;
596 4177 680 4240 τίς
702 4175 928 4241 πλοῦτος
951 4194 966 4242 ;
999 4177 1122 4229 ποία
1143 4176 1301 4243 δόξα;
1332 4176 1412 4241 τίς
1434 4176 1720 4231 δυναστεία
1740 4195 1755 4243 ;
1780 4178 1855 4230 Οὐ

270 4266 453 4318 πάντα
491 4264 559 4318 τά
611 4264 837 4318 τοιαῦτα
872 4266 1062 4337 μικρὸν
1115 4265 1423 4335 ἀνθήσαντα
1448 4266 1660 4337 χρόνον,
1698 4264 1858 4320 πάλιν

268 4355 551 4427 ἀπερρύη,
588 4357 681 4409 καὶ
735 4356 870 4428 πρὸς
920 4357 1020 4428 τὴν
1065 4355 1316 4409 ἐναντίαν
1361 4355 1677 4426 ἐπωνυμίαν
1724 4372 1852 4426 μετ·

1948 520 2053 577 nisi
2126 520 2455 594 Egyptum,
2503 523 2558 578 id
2629 535 2713 579 est
2780 523 2922 578 hanc
2960 520 3304 578 submersam
3352 516 3519 572 vitam

1948 615 2185 683 deserat,
2228 623 2281 671 et
2320 631 2429 671 non
2469 614 2716 671 Rubrum
2758 613 2914 680 illud,
2945 611 3042 669 sed
3076 612 3290 681 nigrum
3328 608 3434 663 hoc
3464 613 3523 661 et

1947 706 2241 763 obscurum
2273 709 2399 762 vitae
2434 722 2584 761 mare
2636 712 2921 770 transeat;
2986 704 3034 759 si
3089 708 3269 757 autem
3319 699 3426 756 nisi
3458 698 3524 754 li-

1945 799 2219 855 beraverit
2242 815 2365 863 nos,
2388 809 2448 854 ut
2474 800 2651 870 inquit
2681 798 3002 863 Dominus",
3032 796 3256 860 veritas,
3294 794 3348 848 in
3375 791 3522 847 malo

1948 890 2230 946 servitutis
2288 892 2771 961 permanebimus,
2830 886 3106 959 quomodo
3159 892 3379 955 potest,
3425 881 3521 952 qui

1948 980 2146 1038 falsum
2173 983 2389 1053 quarit,
2427 983 2590 1052 quive
2634 983 2688 1036 in
2730 980 2894 1051 hujus
2928 980 3053 1034 vita:
3105 975 3386 1031 erroribus
3413 978 3521 1034 est,

1949 1077 2004 1131 in
2060 1077 2292 1132 veritate
2316 1076 2568 1132 versari?
2592 1073 2780 1141 Quove
2813 1080 2973 1143 pacto
3014 1070 3138 1139 quis
3198 1068 3303 1122 hoc
3331 1065 3524 1135 jugum

1950 1168 2231 1225 servitutis
2276 1165 2565 1235 dejecerit,
2619 1164 2714 1234 qui
2766 1165 2931 1217 vitam
2986 1161 3166 1223 suam,
3213 1155 3371 1227 quasi
3409 1168 3526 1210 ser-

1948 1274 2095 1325 vam,
2128 1258 2182 1312 in
2236 1264 2443 1310 natura;
2497 1253 2854 1309 necessitates
2882 1249 3154 1320 conjicit?
3186 1247 3290 1303 Sed
3342 1245 3526 1300 notior

1950 1350 2170 1423 quidem
2225 1348 2384 1403 nobis
2431 1345 2712 1417 proposito
2758 1344 2941 1413 aliquo
2994 1340 3244 1411 exemplo
3298 1338 3402 1393 erit
3458 1336 3527 1391 de
3624 1387 3634 1395 .

1951 1446 2038 1500 his
2090 1444 2253 1514 plane
2297 1441 2494 1496 oratio.
2530 1436 2999 1506 Quemadmodum
3054 1435 3233 1490 amnis
3288 1430 3522 1501 aliquis,

1952 1535 2047 1606 qui
2078 1549 2178 1590 sua
2234 1542 2431 1587 natura
2484 1532 2619 1587 satis
2666 1528 2976 1600 proﬂuens,
3040 1524 3286 1581 incitatis
3357 1537 3528 1593 aqua-

1951 1640 2073 1681 rum
2129 1620 2563 1694 proﬂuxionibus
2617 1619 2860 1690 rapidior
2904 1617 3079 1673 fertur
3107 1655 3122 1679 .
3187 1614 3441 1685 lignaque
3471 1616 3527 1665 et

1954 1716 2191 1788 lapides,
2230 1725 2285 1771 et
2328 1714 2535 1776 omnia,
2579 1727 2701 1783 quae
2745 1711 2848 1768 sibi
2890 1709 3108 1765 obviam
3145 1707 3303 1771 tiunt,
3353 1704 3408 1758 in
3448 1701 3529 1756 al-

1953 1822 2113 1862 veum
2141 1806 2305 1877 rapit,
2359 1804 2724 1859 calamitatem
2773 1801 2863 1856 hic
2908 1808 2962 1855 et
2988 1796 3289 1870 periculum
3324 1794 3392 1849 iis
3426 1792 3529 1847 im-

1954 1906 2155 1968 portat,
2187 1897 2281 1968 qui
2328 1911 2496 1967 prope
2542 1893 2810 1957 incolunt,
2867 1891 2976 1946 illis
3007 1904 3137 1945 vero
3188 1885 3393 1941 frustra
3432 1882 3529 1937 de-

1953 1991 2093 2053 ﬂuit,
2158 1990 2251 2060 qui
2307 1989 2468 2059 longe
2516 1987 2709 2042 remoti
2744 1999 2867 2040 cum
2906 1983 3122 2036 vitant:
3160 1979 3257 2043 ita,
3297 1975 3391 2046 qui
3421 1973 3523 2029 sibi

1954 2083 2119 2153 hujus
2172 2083 2297 2137 vitae
2363 2077 2829 2151 perturbationem
2888 2070 3143 2143 peperit,
3199 2082 3318 2124 eam
3378 2064 3529 2119 solus

1951 2176 2211 2239 sustinet,
2263 2182 2318 2229 et
2354 2171 2506 2227 solus
2529 2184 2625 2225 eos
2661 2183 2762 2223 sua
2815 2171 3013 2236 sponte
3044 2160 3236 2228 recipit
3273 2156 3525 2217 aﬂ‘ectus,

1949 2268 2007 2322 in
2046 2280 2186 2339 quos
2241 2273 2458 2336 natura,
2502 2276 2623 2332 quae
2666 2274 2767 2315 suo
2820 2255 3054 2326 quodam
3114 2265 3281 2306 cursu
3337 2247 3529 2310 fertur,

1949 2335 2078 2411 cum
2127 2354 2212 2410 his
2262 2335 2384 2407 vitae
2436 2350 2595 2404 malis
2646 2344 3014 2407 circumﬂuat,
3068 2341 3191 2395 illos
3248 2335 3529 2406 impellit,

1896 2508 1900 2512 _
1949 2446 2041 2518 qui
2068 2444 2187 2515 ejus
2208 2457 2430 2499 cursum
2457 2445 2660 2495 tenent.
2695 2436 2801 2492 Sed
2828 2437 2873 2491 si
2903 2433 3047 2505 quis,
3073 2439 3134 2485 ut
3161 2437 3248 2485 est
3278 2427 3331 2481 in
3354 2424 3529 2481 sacris

1948 2537 2171 2592 Litteris
2199 2577 2214 2600 ,
2252 2540 2548 2588 torrentem
2574 2530 2741 2592 hunc,
2789 2523 3297 2590 intolerabilemque
3333 2530 3529 2588 aquam

1949 2628 2208 2698 relinquit
2238 2666 2252 2691 ,
2295 2624 2385 2680 hic
2423 2623 2582 2694 plane
2629 2620 2770 2675 liber
2822 2618 2946 2683 erit,
3004 2621 3065 2670 ut
3107 2613 3163 2668 iu
3198 2609 3418 2666 Psalmo
3445 2620 3534 2662 se-

1948 2723 2137 2793 quitur
2168 2721 2212 2786 ⁸,
2243 2734 2274 2773 a
2301 2717 2558 2788 captione
2588 2712 2833 2770 dentium
2887 2708 3052 2778 hujus
3077 2707 3221 2770 vitae,
3251 2719 3315 2759 ac
3364 2698 3532 2756 veluti

1948 2789 2141 2886 passer
2170 2828 2199 2867 e
2222 2810 2434 2881 laqueis
2475 2807 2578 2862 alis
2608 2803 2830 2860 virtutis
2857 2798 3117 2858 evolabit.
3145 2793 3413 2862 Quoniam
3440 2789 3535 2860 igi-

1948 2884 2059 2969 tur,
2089 2912 2145 2959 ut
2176 2904 2269 2958 illo
2302 2902 2421 2973 ipso
2447 2898 2710 2954 torrentis
2737 2892 2986 2963 exemplo
3015 2897 3180 2962 patet,
3212 2884 3385 2941 variis
3418 2894 3535 2952 per-

1951 2972 2350 3053 turbationibus
2389 2988 2921 3061 iuazquabilihusque
2962 2994 3146 3036 rerum
3176 2972 3534 3061 varietatibus

1949 3081 2148 3139 referta
2178 3078 2487 3136 mortalium
2513 3053 2645 3138 vita,
2674 3071 2742 3127 ad
2773 3053 2984 3126 naturas
3012 3062 3435 3122 declinationem
3462 3053 3536 3111 ef-

1953 3173 2075 3229 fusa
2108 3184 2324 3241 semper
2358 3166 2551 3232 fertur;
2586 3179 2653 3219 ne
2683 3161 2982 3233 quidquam
3043 3150 3300 3210 consistit
3349 3158 3532 3201 rerum

1953 3280 2074 3338 quae
2100 3266 2154 3319 in
2189 3235 2252 3319 ea
2285 3260 2617 3320 ambiantur,
2648 3268 2827 3323 neque
2855 3253 3159 3317 exspectat,
3196 3241 3323 3297 dum
3357 3235 3533 3307 ii,qui

1953 3330 2252 3424 cupiditate
2305 3349 2490 3418 aliqua
2549 3351 2829 3404 tenentur,
2882 3337 3132 3394 satietate
3188 3330 3532 3401 espleantur,

1954 3423 2187 3516 cumque
2221 3441 2423 3505 omnia,
2455 3453 2575 3509 quae
2594 3437 2795 3507 impetu
2813 3430 3059 3504 quodam
3090 3423 3340 3481 feruntur
3363 3434 3535 3492 prope

1956 3538 2120 3593 simul
2147 3532 2503 3595 accesserint,
2540 3539 2595 3584 et
2628 3542 2750 3599 quae.
2781 3526 3079 3593 attingunt,
3132 3529 3357 3574 cursum
3400 3526 3535 3567 con-

1958 3628 2206 3691 fecerint,
2255 3623 2512 3695 quodque
2567 3634 2785 3689 semper
2846 3628 3088 3687 praasens
3147 3607 3324 3675 adest,
3385 3603 3534 3659 ﬂuxu

1955 3716 2192 3790 quodam
2218 3712 2559 3770 clandestino
2590 3726 2657 3766 ex
2700 3707 2875 3764 oculis
2913 3709 3189 3773 ereptum,
3230 3710 3357 3753 cum
3405 3708 3534 3750 sen-

1958 3824 2079 3866 sum
2138 3815 2390 3863 nostrum
2442 3802 2609 3860 celeri
2668 3799 2903 3856 transitu
2954 3792 3535 3865 eﬂ‘ugiat:propterea

1956 3901 2090 3955 utile
2118 3912 2250 3954 sane
2280 3902 2427 3953 esset
2455 3900 2612 3951 extra
2641 3892 2787 3947 hunc
2821 3889 2948 3944 vitae
2984 3886 3209 3941 ﬂuctum
3262 3881 3421 3948 longe
3476 3887 3537 3928 se

1955 3999 2161 4057 tenero,
2193 3996 2253 4044 ut
2284 4003 2353 4044 ne
2380 3985 2547 4042 rebus
2580 3983 2668 4040 his
2692 3980 2914 4038 caducis
2941 3992 3043 4033 nos
3067 3970 3310 4045 impediti
3332 3983 3396 4024 ea
3417 3979 3539 4037 qua

1956 4082 2288 4152 sempiterna
2315 4086 2445 4136 sunt
2495 4076 2718 4133 omnino
2772 4069 3162 4138 despiciamus.
3218 4062 3339 4128 Quo
3390 4056 3537 4114 enim

1956 4149 2120 4229 modo
2156 4181 2337 4242 potest
2369 4171 2455 4225 his
2485 4168 2611 4223 vita:
2633 4165 2799 4220 rebus
2829 4161 3078 4216 addictus
3106 4154 3327 4211 assidue
3358 4149 3413 4204 id
3435 4149 3538 4202 ha-

1956 4267 2106 4331 bere,
2134 4263 2279 4335 quod
2310 4264 2366 4318 in
2406 4263 2597 4323 rebus,
2632 4270 2754 4328 qua:
2779 4252 3015 4308 maxime
3044 4250 3395 4335 expetuntur,
3439 4254 3538 4311 op-

1958 4358 2124 4412 tabile
2154 4333 2240 4412 est
2269 4361 2329 4410 ut
2360 4359 2626 4425 perpetuo
2666 4342 2922 4401 maneat?
2946 4336 3104 4407 Quod
3154 4333 3355 4390 adulta
3402 4337 3540 4385 mta—

268 4426 473 4515 ίπεσες
517 4450 616 4512 Τίς
646 4426 837 4501 ὲνεϐίω
875 4426 1164 4512 διαπαντὸς
1190 4451 1257 4520 τῇ
1293 4448 1536 4519 νεότητι;
1573 4448 1675 4500 τίνι
1706 4447 1852 4520 διήρ-

1962 4448 2033 4503 tis
2064 4449 2252 4514 robur,
2285 4460 2408 4517 quae
2434 4442 2630 4499 virium
2677 4446 2773 4495 aut
2821 4435 3012 4491 forma:
3060 4426 3371 4499 integritas,
3411 4435 3540 4493 qua:

268 4561 401 4598 κεσε
444 4542 723 4605 διατέλους
761 4542 794 4610 ἠ
825 4541 1079 4612 δύναμις;
1113 4541 1187 4594 Τὸ
1218 4541 1274 4594 δὲ
1310 4539 1404 4593 τοῦ
1445 4539 1668 4604 κάλλους
1705 4539 1864 4604 ἀνθος

266 4630 361 4707 ἆρ’
402 4634 529 4705 οὐχὶ
566 4634 660 4693 καὶ
682 4632 863 4687 αὐτῶν
889 4632 995 4685 τῶν
1022 4632 1162 4686 κατά
1192 4632 1251 4685 τὸ
1282 4632 1380 4704 ἔαρ
1420 4631 1862 4703 προφαινομένων

267 4726 714 4799 ὠκυμορώτερον
766 4727 800 4797 ἡ
839 4725 997 4795 φύσις
1048 4724 1410 4798 ἑποίησε;Τά
1471 4725 1570 4795 μὲν
1621 4725 1729 4795 γὰρ
1760 4724 1862 4793 τῆς

266 4818 423 4889 ὧρας
472 4816 835 4887 ἐπιλαϐούσης
878 4816 1215 4886 ἐϐλάστησε,
1242 4816 1336 4869 καὶ
1385 4816 1578 4887 μικρὸν
1616 4816 1861 4887 ἀπανθή-

270 4923 450 4961 σαντα
509 4907 720 4978 χρόην,
748 4906 910 4959 πάλιν
941 4906 1172 4976 ἀνέζησε
1192 4921 1205 4934 °
1237 4906 1329 4958 καὶ
1374 4905 1534 4959 πάλιν
1582 4906 1856 4977 ἀπερῥύη,

266 5002 369 5052 καὶ
401 4998 563 5052 πάλιν
593 4998 957 5068 ἐκόμασε,καὶ
986 4997 1044 5051 τὸ
1064 4996 1158 5051 νῦν
1182 4997 1376 5061 κάλλος
1402 4998 1495 5051 καὶ
1523 4999 1601 5061 είς
1634 4999 1860 5071 νεότητα

260 5090 466 5155 ἔδειξε.
505 5091 578 5143 τὸ
614 5090 668 5144 δὲ
717 5089 1055 5161 ἀνθρώπινον
1092 5088 1251 5152 ἄνθος
1283 5088 1483 5160 ἀπαξή
1513 5091 1674 5160 φύσις
1718 5090 1859 5144 κατὰ

255 5183 326 5236 τὸ
386 5182 492 5254 ἔαρ
546 5182 645 5253 τῆς
699 5182 949 5252 νεότητος
1003 5179 1243 5245 δείξασα,
1280 5175 1400 5233 εἶτα
1446 5180 1748 5243 ἀπέσϐεσε,
1780 5180 1856 5251 τῷ

255 5273 518 5346 χειμῶνι
545 5275 639 5326 τού
691 5275 877 5344 γήρως
918 5271 1291 5341 ὲναφανίσασα
1316 5288 1330 5303 ο
1357 5270 1618 5335 ὡσαύτως
1669 5273 1761 5326 καὶ
1791 5272 1857 5325 τά

250 5367 409 5423 ἄλλα
458 5364 637 5417 πάντα
682 5364 820 5436 πρὸς
867 5362 1057 5435 καιρὸν
1078 5363 1176 5433 τὴν
1214 5363 1314 5434 τῆς
1359 5362 1558 5434 σαρκὸς
1608 5364 1859 5436 αἴσθησιν

250 5455 674 5526 ἀπατήσαντα,
715 5452 833 5510 εἶτα
884 5454 1202 5527 παρέδραμε
1256 5456 1348 5509 καὶ
1388 5455 1762 5529 συνεκαλύιρθη
1793 5460 1857 5531 τῇ

252 5551 436 5624 λήθη.
483 5547 638 5602 Ἐπεὶ
658 5543 750 5603 οὖν
770 5549 826 5602 αἱ
853 5547 1099 5603 τοιαῦται
1131 5546 1423 5620 μεταϐολαὶ
1447 5549 1587 5604 κατά
1615 5567 1736 5605 τινα
1762 5551 1859 5622 τῆς

334 5726 552 5785 'Joan.
580 5740 701 5794 vut,
728 5726 814 5782 32.
890 5728 911 5759 ³
939 5724 1085 5783 Psal.
1116 5742 1310 5795 cmu,
1346 5725 1395 5779 Ἰ.

1963 4558 2118 4615 opes,
2150 4556 2270 4613 qua:
2296 4538 2490 4612 gloria,
2520 4550 2642 4608 quae
2670 4528 2951 4606 potentia?
2974 4538 3157 4581 nonne
3200 4517 3385 4576 omnia
3419 4516 3539 4615 h-ze-c

1963 4637 2050 4692 vel
2097 4635 2297 4706 exiguo
2343 4642 2587 4695 tempore
2636 4641 2761 4681 cum
2812 4618 3127 4681 ﬂoruerint,
3188 4623 3383 4667 rursus
3432 4604 3539 4662 dif-

1962 4727 2168 4789 ﬂuuut,
2193 4700 2376 4794 ⁷ιιιιιιιει
2404 4723 2457 4777 iu
2486 4717 2819 4795 contrariam
2848 4710 3087 4767 nominis
3118 4700 3537 4776 appellationem

1963 4817 2178 4872 deﬂuxu
2219 4792 2612 4869 conciderunt?
2638 4792 2772 4875 Quis
2801 4803 2952 4860 omni
2983 4811 3227 4870 tempore
3265 4795 3321 4849 in
3350 4792 3541 4847 adole-

1966 4906 2223 4964 scentia?
2254 4905 2355 4959 Cui
2376 4911 2642 4974 perpetuo
2665 4895 3086 4968 suppeditarunt
3117 4887 3306 4945 vires?
3343 4886 3539 4940 Annon

1965 4996 2395 5071 pulchritudinis
2418 4996 2608 5048 ﬂorem
2639 4989 2802 5045 citius
2839 4986 2923 5040 vel
2953 4984 3064 5037 illis
3110 4981 3243 5052 ipsis
3290 4977 3539 5037 ﬂoribus.

1964 5066 2056 5165 qui
2089 5108 2148 5147 se
2182 5090 2359 5161 primo
2390 5084 2707 5146 ostendunt,
2739 5078 3090 5135 interiturum
3121 5083 3327 5129 natura
3341 5066 3543 5125 allicit?

1963 5185 2095 5251 Qua:
2128 5158 2262 5237 sane
2297 5189 2545 5249 tempore
2571 5190 2677 5231 suo
2707 5179 2903 5227 natura
2932 5167 3200 5228 conserit.
3236 5177 3359 5217 cum
3388 5158 3540 5214 brevi

1958 5288 2204 5345 tempore
2221 5270 2527 5331 ﬂoruerint,
2554 5281 2748 5321 rursus
2765 5268 3020 5332 surgunt,
3048 5272 3241 5311 rursus
3264 5251 3538 5315 diﬂluuut,

1959 5380 2158 5422 rursus
2190 5362 2576 5420 frondescunt,
2608 5367 2772 5426 atque
2812 5354 2955 5408 hanc
2985 5347 3206 5422 quidem
3233 5344 3541 5418 pulchritu-

1957 5458 2103 5515 dinis
2153 5457 2388 5527 speciem
2444 5450 2631 5507 adulta
2696 5449 2752 5503 in
2796 5454 2956 5501 mlate
3014 5451 3211 5497 natura
3272 5433 3540 5493 ostendit.

1957 5551 2130 5619 Quam
2160 5562 2287 5605 vero
2320 5545 2601 5603 hominum
2636 5538 3099 5613 pulchritudinem
3134 5535 3188 5589 in
3225 5530 3545 5588 adolescen-
