3896 6204
340 364 441 421 3H

1577 348 1632 402 s.
1675 336 2001 400 cneconu
2028 322 2316 391 stssm

3490 319 3590 377 3A8

338 487 438 553 tia,
471 500 632 557 quasr
664 462 843 556 primo
880 496 1027 548 vere,
1073 480 1235 551 plane
1285 472 1704 539 demonstravit,
1763 484 1920 525 sene-
1952 516 1955 525 ι

2056 464 2236 526 νύσεως
2275 458 2521 529 ἀνάγκην
2552 449 2960 524 συμϐαίνουσαι,
2986 445 3217 500 λυποῦσι
3247 443 3465 504 πάντως
3502 437 3594 492 τὸν

341 580 508 636 ctntis
552 585 741 649 postea
791 576 972 632 hieme
1026 571 1328 637 exstinxit;
1401 568 1705 636 eodemque
1756 560 1920 616 modo

342 672 555 743 reliqua
601 668 807 732 omnia,
856 682 980 737 qua:
1017 664 1086 721 ad
1135 662 1411 735 quoddam
1457 668 1677 731 tempus
1735 655 1922 711 carnis

299 826 308 855 '
345 776 571 819 sensum
592 760 945 828 deceperunt,
967 763 1319 826 posteaquam
1344 765 1569 808 cursum
1586 765 1650 805 ea
1676 747 1922 819 perfece-

345 862 495 918 runt,
518 851 793 907 oblivione
810 848 974 905 simul
997 849 1272 904 occultata
1293 854 1439 901 sunt.
1464 840 1733 909 Quoniam
1757 839 1923 911 igitur

346 944 618 1015 ejusmodi
656 940 1145 1005 commutationes,
1173 952 1295 1008 quae
1319 934 1555 1006 quadam
1590 941 1800 987 natura:
1823 944 1922 983 ne-

346 1037 602 1091 cessitate
632 1034 912 1097 eveniuut,
945 1031 1131 1087 dolore
1149 1029 1303 1083 illum
1321 1025 1565 1082 alliciunt
1581 1024 1674 1094 qui
1703 1023 1759 1076 in
1791 1020 1924 1076 atte-

347 1128 529 1182 ctione
555 1134 831 1191 versatur,
862 1140 968 1179 una
999 1132 1145 1178 certe
1181 1128 1266 1176 est
1294 1121 1492 1173 horum
1522 1115 1790 1169 malormn
1837 1111 1928 1167 de-

348 1218 595 1280 clinatio,
629 1224 688 1270 ut
715 1231 782 1270 ne
819 1214 945 1270 ullis
976 1213 1165 1279 rebus,
1196 1224 1320 1281 quae
1346 1210 1592 1264 animum
1626 1204 1923 1267 concitent,

351 1324 473 1364 sese
499 1309 778 1379 adjnngat,
813 1307 929 1370 sed,
960 1311 1224 1376 quantum
1252 1302 1367 1358 tieri
1384 1310 1584 1372 potest,
1609 1314 1668 1354 se
1687 1298 1756 1353 ab
1777 1293 1929 1350 omni

354 1400 476 1453 vitae
507 1392 906 1452 consuetudine
933 1402 1147 1461 avocet,
1175 1408 1298 1464 qua:
1343 1391 1408 1445 ad
1450 1390 1702 1445 vitiosam
1762 1383 1931 1439 disci-

351 1491 579 1560 plinam,
614 1488 877 1558 carnique
904 1486 1144 1542 deditam
1195 1483 1451 1546 adducat,
1500 1481 1588 1535 vel
1633 1477 1815 1548 potius
1860 1473 1931 1528 ab

351 1597 416 1637 ea
442 1579 843 1644 convenientia,
878 1577 1378 1648 conjunctioneque
1406 1580 1617 1627 natura:
1669 1584 1730 1624 se
1759 1579 1933 1622 remo-

353 1680 497 1740 veat,
530 1688 638 1743 qua
667 1685 770 1727 suo
818 1670 1057 1741 quisque
1100 1667 1322 1736 corpori
1368 1664 1632 1720 astrictus
1689 1665 1929 1722 tenetur,

355 1774 416 1820 ut
462 1780 533 1820 ne
580 1764 712 1829 vita,
744 1777 865 1834 qua:
901 1777 933 1817 e
968 1775 1136 1816 carne
1168 1769 1273 1824 est,
1316 1759 1387 1814 sit
1446 1755 1632 1811 carnis
1692 1750 1930 1807 obnoxia

355 1855 814 1914 calamitatibus:
876 1854 982 1909 hoc
1032 1862 1215 1917 autem
1261 1823 1371 1914 est,
1418 1848 1521 1904 soli
1571 1846 1769 1901 animm
1803 1843 2020 1904 vivere,
2062 1843 2123 1891 ut.
2148 1833 2297 1904 quis,
2344 1833 2612 1899 quantum
2651 1823 2705 1877 in
2759 1835 2817 1876 se
2862 1825 2968 1882 est,

2021 560 2082 611 ἐν
2110 549 2452 627 προσπαθείᾳ
2484 545 2795 623 γενόμενον,
2833 542 2930 612 μία
2970 539 3078 592 τῶν
3114 535 3369 590 τοιούτων
3409 529 3597 586 κακῶν

2021 624 2167 701 ἐστιν
2217 639 2493 713 ἀποφυγὴ,
2521 637 2583 691 τὸ
2633 632 2821 707 μηδενὶ
2866 630 2978 686 τῶν
3022 624 3504 701 μεταϐαλλομένων
3528 624 3598 693 τῇ

2019 734 2165 805 ψυχῇ
2198 712 2584 803 προστεθῆναι,
2614 722 2729 777 ἀλλ’
2754 721 2831 785 ὡς
2852 720 2964 773 ἐστι
2988 717 3232 782 δυνατὸν,
3266 712 3602 786 χωρισθῆναι

2018 825 2118 896 τῆς
2148 822 2284 894 πρὸς
2309 821 2483 874 πάντα
2511 816 2602 872 τὸν
2636 815 2748 886 βίον
2776 813 2868 867 τὸν
2888 810 3109 883 ἐμπαθῆ
3143 823 3203 863 τε
3229 806 3324 862 καὶ
3347 805 3602 876 σάρκινον

2020 892 2266 988 ὁμιλίας·
2298 912 2497 984 μᾶλλον
2525 910 2582 964 δὲ
2602 908 2697 963 καλ.
2723 907 2823 979 τῆς
2855 904 2990 975 πρὸς
3021 902 3081 957 τὸ
3112 900 3270 972 σῶμα
3304 897 3367 952 τδ
3404 892 3601 951 ἑαυτοῦ

2026 1006 2365 1080 συμπαθείας
2403 1003 2511 1071 ἔξω
2548 998 2830 1071 γενέσθαι,
2878 996 2955 1059 ὡς
2992 994 3058 1048 ἂν
3112 993 3189 1063 μὴ
3234 988 3377 1044 κατὰ
3419 988 3601 1057 σάρκα

2027 1101 2195 1173 βιοὺς,
2225 1095 2521 1156 ὑπεύθυνος
2576 1092 2802 1163 γένηται
2832 1090 2954 1150 ταῖς
3000 1087 3066 1140 ἐκ
3092 1085 3191 1155 τῆς
3220 1080 3420 1154 σαρκὸς
3457 1095 3601 1149 συμ-

2027 1170 2220 1264 ιροραϊς
2248 1204 2262 1220 '
2304 1187 2461 1243 τοῦτο
2497 1185 2555 1239 δέ
2607 1184 2722 1237 ἐστι
2757 1183 2818 1236 τὸ
2878 1180 3012 1252 μόνῃ
3061 1180 3127 1249 τῇ
3158 1176 3304 1246 ψυχῇ
3359 1172 3478 1244 ζῇν,
3505 1170 3601 1224 καὶ

2032 1282 2311 1357 μιμεῖσθαι
2367 1278 2508 1334 κατὰ
2572 1276 2633 1331 τὸ
2688 1273 2912 1329 δυνατὸν
2960 1272 3059 1344 τὴν
3111 1269 3221 1324 τῶν
3293 1264 3601 1336 ἀσωμάτων

2027 1351 2307 1446 δυνάμεων
2345 1368 2651 1425 πολιτείαν·
2690 1358 2802 1438 ἐνῇ
2836 1362 2961 1418 οὔτε
3000 1358 3268 1431 γαμοῦσιν
3291 1354 3417 1409 οὔτε
3439 1351 3600 1424 γαμί-

2015 1445 2284 1523 ’σκονταν
2308 1463 2422 1518 ἀλλ’
2461 1462 2620 1533 ἔργον
2650 1458 2833 1521 αὐτοῖς
2875 1455 2973 1509 καὶ
3001 1449 3333 1522 κατόρθωμα
3368 1447 3429 1500 τὸ
3466 1445 3603 1499 θεω-

2035 1562 2146 1634 ρεῖν
2187 1559 2278 1612 τὸν
2322 1553 2540 1624 Πατέρα
2585 1550 2686 1621 τῆς
2720 1546 3028 1619 ἀφθαρσίας
3060 1541 3198 1605 ἐστὶ,
3232 1540 3325 1593 καὶ
3376 1537 3513 1607 πρὸς
3543 1533 3606 1587 τὺ

2033 1626 2336 1724 άρχέτυπον
2368 1645 2562 1707 κάλλος
2591 1642 2691 1713 τὴν
2724 1639 2860 1693 ἰδίαν
2890 1632 3252 1698 καλλωπίζειν
3280 1629 3493 1703 μορφὴν
3516 1626 3609 1680 διὰ

2030 1745 2130 1815 τῆς
2162 1734 2514 1809 ἐνδεχομένης
2549 1732 2850 1804 μιμήσεως.

3010 1815 3320 1871 institutum
3359 1811 3609 1866 imitetur

357 1954 574 2008 illarum
630 1956 985 2023 potestatum,
1035 1962 1157 2020 quae
1190 1946 1441 2017 corporis
1474 1951 1728 2014 expertes
1763 1950 1893 1997 sunt
1921 1955 1937 1994 :
1980 1935 2089 1990 illa:
2115 1931 2261 1987 enim
2294 1938 2473 1996 neque
2504 1921 2738 1985 nubunt,
2778 1929 2958 1984 neque
2989 1912 3304 1975 nubuntur;
3336 1905 3434 1963 sed
3503 1904 3612 1961 hoc

357 2051 444 2099 est
493 2001 1008 2113 ipsisrpropositum
1042 2001 1308 2103 jmunus,‘
1337 2001 1602 2100 studium,
1655 2039 1820 2103 atque
1868 2025 2170 2100 perfectum
2218 2017 2479 2078 cilicium,
2526 2020 2586 2067 ut
2633 2010 2965 2076 incorruptae
3024 2001 3355 2073 integritatis
3397 2002 3611 2069 patrem

2266 2110 2280 2113 _
2316 2109 2327 2113 _
2406 2106 2418 2113 .
2594 2102 2605 2113 .
2646 2100 2659 2113 ι
2717 2099 2751 2113 ι-
2818 2097 2850 2113 ιο
2876 2096 2941 2113 ,c-
2975 2092 3246 2113 -..μμ-ι-..
3279 2085 3586 2113 --ηιηιι-υΙΑ

359 2085 444 2099 ν...
493 2085 626 2112 Ψ-.-
709 2085 765 2097 ,ν
808 2085 1008 2097 νων...
1337 2085 1601 2100 _-__-_._,
1658 2085 1747 2103 θη,
1869 2085 1884 2100 ,

359 2085 819 2201 contemplemur,
848 2139 1033 2216 atque,
1065 2136 1332 2198 quantum
1361 2126 1666 2181 imitatione
1686 2119 1911 2192 assequi
1949 2110 2286 2189 possunt,ad
2316 2106 2492 2179 ipsius
2517 2096 2945 2174 pulchritudinis
2968 2092 3247 2163 exemplar
3275 2085 3608 2150 contuendo,

363 2240 519 2284 suam
556 2223 660 2294 ipsi
688 2228 885 2277 ornent
915 2220 1173 2275 formam.

971 2308 1200 2366 CAPUT
1256 2307 1322 2362 ν.

365 2405 545 2462 Animi
586 2405 963 2475 integritatem,
1011 2397 1336 2475 ejusqueulr
1379 2394 1623 2475 omnibus
1662 2389 1938 2461 affectibus

454 2467 790 2540 cacuitatém,
815 2467 1052 2542 corporis
1086 2467 1363 2526 munditiis
1387 2467 1593 2522 anteire
1624 2471 1849 2533 oportet.

441 2567 616 2638 llujus
644 2567 811 2638 igitur
832 2564 1053 2629 mentis,
1081 2574 1418 2630 summaeque
1448 2552 1763 2625 cupiditatis
1790 2549 1943 2620 adju-

372 2661 594 2722 torium,
614 2664 674 2713 ut
704 2658 758 2711 in
785 2656 992 2713 divinis
1011 2653 1238 2708 Litteris
1265 2648 1525 2721 appellari
1548 2646 1710 2709 solet,
1731 2640 1938 2698 homini

372 2750 734 2821 virginitatem
766 2748 1024 2801 tributam
1052 2759 1174 2801 esse
1203 2742 1480 2798 diximus:
1527 2746 1587 2792 ut
1617 2736 1761 2791 enim
1815 2732 1944 2787 reli-

371 2856 605 2912 quorum
640 2840 946 2895 studiorum
977 2845 1125 2892 artes
1183 2834 1431 2904 quaedam
1465 2831 1533 2885 ad
1584 2830 1800 2883 illorum
1849 2823 1943 2895 qui

370 2948 558 2989 earum
603 2931 786 2986 studio
815 2936 1093 2991 tenentur,
1139 2924 1439 2997 perlectam
1472 2920 1811 2990 disciplinam
1858 2917 1945 2970 in-

372 3030 551 3081 ventae
583 3030 748 3079 sunt:
785 3022 866 3078 sic
894 3018 1224 3092 virginitatis
1255 3015 1497 3072 studium
1528 3011 1661 3067 mihi
1694 3024 1786 3065 ars
1806 3023 1951 3079 qum-

373 3117 498 3173 dam
529 3124 583 3171 et
612 3116 846 3171 facultas
876 3112 1164 3168 divinioris
1191 3112 1316 3165 vita:
1367 3107 1586 3162 videtur
1622 3119 1766 3168 esse,
1828 3116 1951 3173 quae

375 3209 590 3272 doceat,
623 3204 1084 3277 quemadmodum
1122 3203 1182 3267 ii,
1218 3200 1312 3273 qui
1347 3200 1434 3254 his
1471 3196 1722 3267 corporis
1756 3195 1949 3248 vincu-

377 3300 447 3356 lis
470 3298 682 3355 astrieli
735 3304 1012 3359 tenentur,
1060 3307 1250 3350 earum
1301 3304 1508 3353 rerum,
1556 3301 1678 3356 quae
1720 3297 1953 3353 corpore

377 3400 588 3454 carent,
624 3396 835 3445 natura:
871 3387 1079 3444 similes
1101 3384 1427 3441 eﬂiciantur.
1450 3380 1587 3435 Vita;
1609 3377 1752 3433 enim
1788 3374 1952 3444 hujus

377 3501 541 3541 omne
573 3482 836 3548 studium,
863 3490 1027 3551 atque
1048 3478 1357 3533 inStitutum
1385 3471 1516 3527 illud
1539 3479 1645 3536 est,
1681 3478 1737 3523 ut
1769 3485 1836 3523 ne
1857 3481 1954 3521 vo-

380 3581 650 3650 luptatum
682 3578 889 3646 impetu
927 3570 1096 3626 animi
1145 3567 1484 3639 deprimatur
1522 3562 1774 3628 altitudo,
1821 3572 1957 3614 neve

382 3687 484 3727 nos
517 3713 533 3736 ,
585 3670 680 3740 qui
745 3665 991 3721 coelestia
1061 3657 1471 3728 contemplari,
1526 3655 1688 3726 quive
1767 3651 2026 3725 divinac

382 3716 533 3736 ἰν-ν
586 3716 680 3740 ἰη-υ
751 3716 990 3721 τεά-ντηη
1286 3716 1302 3728 .
1458 3716 1468 3721 -
1544 3716 1559 3726 ,

382 3764 568 3820 animo
595 3760 845 3817 contueri
898 3756 1187 3818 debemus,
1246 3751 1313 3806 ad
1356 3747 1609 3817 corporis
1640 3744 1955 3799 affectiones

2058 3723 2167 3793 γὰρ
2210 3720 2290 3773 ἐτι
2340 3716 2538 3771 δύνατα

385 3856 596 3925 delapsi
629 3853 910 3908 cadamus.
946 3848 1065 3914 Quo
1094 3845 1242 3902 enim
1281 3841 1443 3897 modo
1472 3840 1692 3895 animus
1745 3847 1956 3898 noster,

386 3950 480 4021 qui
506 3946 754 4002 inferiori
792 3944 920 3998 huic
948 3941 1132 3997 carnis
1182 3937 1449 4009 voluptati
1472 3933 1817 4003 mancipatus
1851 3936 1957 3992 est,

389 4047 555 4112 atque
585 4038 643 4092 in
673 4036 1041 4092 humanorum
1078 4029 1368 4087 all'ectuum
1404 4025 1796 4097 appetitionem
1812 4029 1962 4075 totus

389 4130 677 4197 incumbit,
726 4135 904 4200 potest
943 4131 1237 4197 cognatum
1274 4120 1408 4175 illud
1455 4120 1663 4182 lumen,
1709 4114 1965 4185 quodque

389 4234 570 4281 mente
599 4224 715 4294 ipsa
751 4220 1016 4285 cernitur,
1051 4230 1226 4271 vacuo
1270 4221 1325 4269 et
1386 4212 1563 4267 libero
1592 4224 1760 4265 sensu
1820 4206 1966 4277 aspi-

391 4333 538 4380 cere,
560 4331 683 4373 cum
721 4314 767 4371 is
796 4327 962 4386 prava
989 4309 1224 4382 quadam
1257 4315 1420 4375 atque
1458 4301 1731 4359 inerudita
1772 4298 1968 4354 antici-

398 4411 614 4480 patione
640 4409 705 4463 ad
730 4407 965 4462 humiles
999 4404 1098 4458 has
1125 4414 1235 4466 res,
1270 4406 1326 4454 ct
1356 4397 1656 4453 lutulentus
1688 4392 1862 4447 aciem
1894 4389 1970 4444 in-

396 4502 621 4559 tendat?
667 4500 803 4555 Nam
839 4507 899 4553 ut
931 4509 1225 4567 porcorum
1253 4490 1397 4546 oculi
1431 4500 1631 4544 natura
1660 4487 1716 4541 in
1764 4493 1970 4539 terram

396 4592 672 4657 conversi,
703 4589 1059 4645 miriﬁcarum
1096 4597 1277 4638 rerum
1338 4577 1644 4634 caelestium
1691 4582 1972 4643 aspectum

398 4700 509 4742 non
542 4682 768 4745 habent,
817 4680 899 4736 sic
952 4677 1167 4730 animus
1223 4669 1475 4741 corporis
1531 4667 1663 4721 luxu
1704 4662 1971 4734 perditus,

398 4793 525 4834 cum
558 4777 624 4832 ad
651 4771 903 4834 humilia,
954 4777 1007 4823 et
1033 4765 1099 4821 ad
1133 4781 1197 4821 ea
1230 4779 1352 4835 qua:
1395 4769 1523 4817 sunt
1570 4756 1841 4829 pecudum
1891 4755 1977 4808 in-

401 4870 640 4924 cliuatus
672 4866 767 4932 sit,
802 4880 911 4919 non
954 4862 1155 4917 caelum
1201 4856 1459 4926 amplius,
1519 4866 1700 4920 neque
1738 4848 1976 4915 reliqua-

401 4976 524 5016 rum
559 4975 738 5015 rerum
769 4954 1237 5031 convenientiam,
1271 4959 1324 5004 et
1350 4948 1605 5002 decorem
1635 4955 1864 4998 cernere
1889 4953 1979 5008 po-

403 5046 549 5101 terit.
578 5044 760 5110 Quare
785 5050 842 5097 ιιι
860 5043 927 5095 ad
947 5028 1530 5111 voluptatemdivinam
1562 5033 1710 5086 illam
1733 5028 1974 5100 quidem,

403 5148 459 5196 et
485 5138 698 5193 beatam
727 5134 946 5188 aninms
977 5140 1167 5187 noster
1193 5130 1434 5199 quietus,
1462 5139 1526 5180 ac
1557 5123 1695 5178 liber
1744 5119 1982 5175 maxime

407 5230 686 5302 respiciat,
720 5227 787 5283 ad
821 5227 999 5282 nullas
1050 5222 1275 5279 omnino
1323 5236 1413 5276 res
1463 5216 1723 5280 caducas,
1772 5221 1826 5267 et
1871 5218 1985 5267 ter-

406 5339 569 5380 renas
601 5338 660 5378 se
686 5322 804 5391 ipse
829 5326 1130 5379 convertet,
1167 5329 1345 5385 neque
1397 5326 1584 5366 earum
1638 5307 1983 5373 voluptatum

408 5413 680 5483 particeps
715 5409 825 5475 lict,
858 5422 978 5478 qua:
1008 5406 1072 5459 ad
1102 5402 1413 5459 communis
1439 5400 1562 5455 vitte
1590 5391 1986 5463 indulgentiam

411 5509 738 5571 comparata;
768 5505 915 5563 sunt,
952 5499 1045 5552 sed
1091 5509 1305 5549 onmem
1352 5491 1535 5563 potius
1568 5486 1772 5542 amoris
1807 5485 1913 5536 vim
1954 5496 1984 5535 a

411 5594 578 5648 rebus
637 5590 921 5662 corporeis
971 5588 1040 5642 ad
1089 5602 1209 5642 eam
1249 5583 1502 5640 traducet
1557 5573 1987 5648 pulchritudinis

414 5682 928 5752 contemplationem
956 5696 971 5746 ;
999 5694 1120 5748 qam
1148 5686 1199 5732 et
1234 5675 1485 5744 corporis
1529 5685 1725 5740 expers
1783 5674 1888 5725 est,
1935 5670 1989 5718 et

421 5782 600 5832 mente
639 5773 919 5831 cernitur:
951 5780 1115 5843 atque
1152 5768 1218 5825 ad
1251 5768 1392 5822 hanc
1413 5761 1631 5835 quidem
1658 5756 1825 5813 animi
1860 5753 1987 5809 alle-

2650 2278 2904 2335 ΚΕΦᾹΛ.
2937 2275 3015 2332 Ε’.

2042 2385 2168 2436 Ὅτι
2207 2374 2592 2447 προηγεῖσθαι
2620 2372 2738 2447 χρὴ
2775 2369 2892 2439 τὴν
2940 2367 3051 2447 (ﬁt;
3081 2364 3295 2447 ψυχῆς
3326 2360 3616 2416 ἀπάθειαν

2360 2437 2470 2513 τῆς
2512 2444 2582 2497 ἐν
2608 2437 2845 2511 atoma
2872 2437 3291 2507 καθαρότητος.

2110 2539 2328 2608 Ταύτης
2348 2530 2439 2589 οὖν
2458 2532 2558 2603 τῆς
2586 2529 2822 2593 διανοίας
2843 2529 2938 2582 καὶ
2966 2527 3065 2598 τῆς
3088 2523 3298 2594 ὑψηλῆς
3324 2518 3616 2590 ἐπιθυμίας

2044 2627 2325 2700 συνεργὸν,
2355 2622 2539 2685 καθὼς
2564 2623 2632 2691 τῇ
2655 2620 2843 2691 Γραφῇ
2877 2618 3022 2670 δοκεῖ
3039 2655 3054 2681 ,
3085 2615 3178 2668 καὶ
3213 2610 3403 2683 βοηθὸν
3425 2608 3506 2679 τῷ
3532 2608 3619 2662 ἁν-

2043 2697 2245 2793 θρὼπῳ
2266 2715 2365 2787 τὴν
2399 2710 2695 2785 παρθενίαν
2724 2705 2862 2763 εἷναί
2901 2720 3099 2777 φαμεν.
3143 2703 3253 2757 Καὶ
3284 2702 3471 2771 ὥσπερ
3510 2697 3617 2750 τῶν

2042 2789 2242 2864 λοιπῶν
2262 2802 2708 2877 ἐπιτηδευμάτων
2732 2799 2916 2870 τέχναι
2944 2795 3086 2859 τινὲς
3111 2793 3247 2866 πρὸς
3274 2791 3372 2862 τὴν
3389 2789 3618 2842 ἑκάστου

2044 2903 2150 2956 τῶν
2193 2894 2642 2966 σπουδαζομένων
2669 2888 3001 2961 ἐπεργασίαν
3045 2882 3448 2954 ἐπενοήθησαν·
3480 2876 3621 2932 οὕτω

2051 3008 2139 3065 μοι
2164 2991 2311 3045 δοκεῖ
2333 2987 2427 3041 καὶ
2455 2985 2515 3038 τὸ
2536 2984 2634 3055 τῆς
2662 2979 2958 3050 παρθενίας
2988 2975 3326 3046 ἐπιτήδευμα
3348 2971 3514 3041 τέχνη
3540 2986 3623 3032 τις

2048 3060 2300 3138 εἶναικαὶ
2323 3079 2549 3148 δύναμις
2571 3075 2672 3145 τῆς
2696 3072 2972 3142 θειοτέρας
3000 3068 3165 3138 ζωῆς,
3193 3063 3328 3136 πρὸς
3357 3063 3455 3135 τὴν
3485 3060 3626 3116 dadi-

2053 3190 2217 3247 ματον
2240 3171 2400 3241 φύσιν
2425 3169 2553 3231 τοὺς
2582 3168 2639 3219 ἐν
2674 3163 2838 3235 σαρκὶ
2862 3161 3067 3227 ζῶντας
3103 3155 3419 3228 ὁμοιοῦσθαι
3447 3171 3624 3226 παρα-

2053 3263 2405 3326 σκευάζουσα.
2430 3259 2586 3312 Πᾶσα
2615 3256 2720 3327 γάρ
2737 3258 2852 3308 ἐστι
2872 3249 3074 3322 σπουδὴ
3100 3248 3195 3302 τοῦ
3220 3247 3462 3301 τοιούτου
3488 3244 3624 3315 βίου,

2051 3356 2198 3418 ὅπως
2238 3351 2312 3424 μὴ
2344 3351 2403 3404 τὸ
2428 3348 2630 3419 ὑψηλὸν
2661 3347 2759 3418 τῆς
2785 3343 2963 3415 ψυχῆς
2982 3341 3070 3395 διὰ
3091 3339 3190 3411 τῆς
3207 3337 3627 3404 ἐπαναστάσεως

2050 3446 2159 3500 τῶν
2193 3444 2397 3516 ἡδονῶν
2426 3426 2761 3509 ταπεινωθῇ,
2790 3437 2884 3489 καὶ
2916 3433 3036 3488 dtv'ri.
3056 3432 3148 3485 τοῦ
3175 3430 3628 3501 μετεωροπορέἰν,

2055 3539 2149 3593 καὶ
2175 3538 2253 3601 εἰς
2284 3538 2352 3588 τὰ
2378 3534 2491 3590 ἄνω
2526 3531 2741 3603 βλέπειν
2776 3528 2875 3598 τὴν
2921 3525 3158 3579 διάνοιαν
3195 3520 3375 3593 ἡμῶν,
3401 3519 3538 3590 πρὸς
3566 3534 3631 3571 τα

2059 3628 2258 3700 σαρκὸς
2297 3625 2390 3679 καὶ
2415 3625 2646 3694 αἵματος
2669 3615 3084 3687 κατενεχθεῖσαν
3106 3610 3254 3681 πάθη
3285 3611 3489 3661 πεσεῖν.
3510 3605 3633 3669 Πῶς

2544 3732 2561 3767 ι
2612 3711 2749 3784 πρὸς
2798 3709 2858 3761 τὸ
2908 3705 3163 3776 συγγενές
3203 3720 3263 3756 τε
3305 3701 3399 3755 καὶ
3446 3698 3633 3768 νοητὸν

2202 3807 2467 3879 ἐλευθέρῳ
2488 3802 2809 3859 ἀναϐλέπειν
2829 3796 2906 3870 τῷ
2927 3797 3132 3868 ὄμματι
3155 3795 3188 3865 ἠ
3221 3788 3631 3865 πρεσηλωθείσα

2062 3880 2212 3959 κάτω
2246 3904 2315 3973 τῇ
2344 3898 2502 3971 ἡδονῇ
2529 3896 2628 3966 τῆς
2662 3892 2881 3965 σαρκὸς,
2912 3891 3007 3943 καὶ
3035 3889 3135 3958 τὴν
3177 3882 3470 3953 ἐπιθυμίαν
3502 3880 3631 3953 πῴς

2061 3995 2131 4048 τὰ
2183 3989 2496 4063 ἀνθρώπινα
2547 3985 2695 4057 πάθη
2730 3983 3181 4055 άπασχολήσασα,
3230 3981 3358 4033 ὅταν
3392 3976 3526 4050 πρὸς
3566 3974 3636 4028 τά

2066 4084 2240 4156 ὑλώδη
2270 4084 2371 4153 σχῇ
2402 4081 2501 4152 τὴν
2534 4078 2705 4152 ῥοπὴν
2746 4079 2810 4129 ἐκ
2844 4075 3119 4146 μοχθηρᾶς
3158 4088 3305 4134 τινος
3345 4070 3437 4123 καὶ
3482 4069 3638 4120 ἀπαι-

2065 4178 2250 4232 δεύτου
2311 4173 2666 4247 προσλήψεως
2703 4186 2718 4236 ;
2762 4167 3027 4237 Καθάπερ
3075 4163 3184 4233 γὰρ
3226 4164 3275 4215 ot
3329 4161 3436 4214 τῶν
3499 4158 3640 4211 συῶν

2068 4252 2336 4336 ὀφθαλμοὶ
2365 4267 2444 4327 είς
2468 4262 2527 4316 τὸ
2550 4261 2700 4315 κάτω
2721 4257 2871 4329 παρὰ
2906 4258 3003 4326 τῆς
3033 4255 3245 4324 φύσεως
3278 4247 3643 4323 ἐστραμμένοι

2068 4363 2177 4417 τῶν
2226 4358 2492 4433 οὐρανίων
2523 4352 2812 4425 θαυμάτων
2863 4348 3105 4419 ἀπείρως
3136 4345 3371 4415 ἔχουσιν,
3412 4339 3583 4402 οὕτως
3608 4338 3643 4408 ἠ

2070 4453 2149 4524 τῷ
2200 4451 2411 4522 σώματι
2479 4439 3024 4513 συγκατασπασθείσα
3069 4435 3215 4507 ψυχὴ
3274 4431 3459 4487 οὐκέτι
3511 4427 3643 4501 πρὸς

2071 4546 2167 4598 τὸν
2204 4542 2430 4612 οὐρανὸν
2480 4538 2573 4593 καὶ
2622 4536 2692 4589 τὰ
2723 4534 2835 4590 ἄνω
2879 4530 3046 4600 κάλλη
3095 4527 3314 4599 βλέπειν
3342 4524 3646 4594 δυνήσεται,

2076 4635 2213 4707 πρὸς
2237 4607 2298 4687 τί)
2333 4629 2585 4685 ταπεινὸν
2631 4627 2724 4679 καὶ
2765 4620 3037 4694 κτηνῶδες
3068 4618 3170 4688 τῆς
3224 4613 3437 4685 φύσεως
3462 4607 3650 4663 ἐπικύ-

2077 4701 2309 4783 πτουσα.
2368 4723 2454 4786 Ὠς
2494 4721 2561 4774 ἂν
2619 4715 2712 4772 οὖν
2770 4716 3004 4788 μάλιστα
3057 4712 3190 4781 ἡμῖν
3246 4704 3510 4774 ἐλευθέρα
3559 4701 3649 4755 καὶ

2077 4820 2263 4882 ἄνετος
2285 4817 2319 4888 ἡ
2344 4812 2490 4884 ψυχὴ
2519 4812 2657 4884 πρὸς
2691 4808 2791 4879 τὴν
2832 4806 2981 4860 θείαν
3007 4820 3065 4856 τε
3094 4800 3185 4856 καὶ
3208 4797 3487 4871 μακαρίαν
3531 4793 3649 4865 ἠδο-

2079 4913 2176 4986 νὴν
2200 4909 2515 4969 ἁναόλέποι,
2556 4904 2691 4976 πρὸς
2724 4902 2874 4956 οὐδὲν
2903 4898 3011 4952 τῶν
3059 4895 3263 4966 γηΐνων
3313 4888 3512 4959 ἑαυτὴν
3537 4889 3659 4939 ἐπιο

2012 5003 2052 5057 D
2084 5003 2310 5076 στρέφῃ,
2344 5000 2464 5053 οὐδέ
2497 4996 2603 5051 τῶν
2628 4989 3027 5064 νενομισμένων
3067 4983 3208 5038 κατὰ
3231 4982 3329 5053 τὴν
3352 4977 3447 5032 τοῦ
3476 4974 3661 5029 κοινοῦ

2086 5073 2201 5171 βίου
2242 5073 2586 5166 συγχώρησιν
2614 5087 2815 5160 ἡδονῶν
2867 5079 3234 5154 μεταλήψεται
3260 5115 3275 5140 ,
3308 5073 3443 5127 ἀλλὰ
3497 5086 3653 5141 μετα-

2086 5190 2241 5261 θήσει
2293 5185 2391 5257 τὴν
2429 5182 2698 5256 ἐρωτικὴν
2745 5176 2971 5244 δύναμιν
3014 5170 3121 5225 ἀπὸ
3169 5168 3278 5221 τῶν
3335 5160 3663 5234 σωματικῶν

2087 5282 2180 5336 ἐπὶ
2209 5279 2309 5350 τὴν
2354 5276 2551 5346 νοητήν
2595 5288 2655 5325 τε
2705 5268 2801 5324 καὶ
2857 5265 3017 5321 άῦλον
3062 5261 3155 5316 τοῦ
3206 5256 3371 5314 καλοῦ
3408 5253 3671 5324 θεωρίαν,

2090 5373 2223 5445 πρὸς
2383 5344 2638 5435 τοιαυτην
2669 5364 2768 5431 τῆς
2818 5359 2996 5429 ψυχῆς
3041 5353 3278 5409 διάθεσιν
3307 5353 3340 5420 ἡ
3398 5344 3671 5416 παρθενία

2092 5437 2183 5521 τοῦ
2208 5437 2456 5534 σώματος
2503 5461 2632 5532 ἡμῖν
2672 5452 2935 5525 ἐπενοήθη
2968 5469 2981 5482 ’
3015 5448 3089 5511 ὡς
3124 5446 3189 5500 ἂν
3234 5442 3468 5514 μάλιστα
3500 5437 3671 5508 λήθην

2092 5561 2187 5615 aut
2240 5528 2555 5627 ἀμνηστίαν
2600 5548 2917 5620 ἐμποιήσειε
2974 5545 3038 5612 τῇ
3071 5540 3216 5609 ψυχῇ
3263 5533 3371 5586 τῶν
3408 5528 3674 5601 ἐμπαθῶν

2093 5653 2192 5713 τῆς
2226 5623 2439 5719 φάσεως
2469 5643 2802 5712 κινημάτων,
2827 5635 3093 5708 μηδεμίαν
3121 5630 3364 5697 ἀνάγκην
3389 5623 3683 5690 ἐπάγουσα

2100 5715 2325 5817 προς-τὰ
2346 5737 2577 5795 ταπεινὰ
2598 5737 2694 5807 τῆς
2718 5731 2918 5807 σαρκὸς
2944 5728 3232 5799 ὀφλήματα
3260 5715 3678 5788 καταγίνεσθαι.
