3896 6204
280 345 396 403 359

1639 336 1728 434 DE":
1769 292 2239 393 γιιιιξιΝιΤΛτΕ.

3452 346 3559 403 350

295 459 759 532 Ἐλευθερωθεῖσα
814 460 923 532 γὰρ
980 458 1126 527 ἅπαξ
1178 459 1286 513 τῶν
1354 457 1609 513 τοιούτων
1660 460 1837 532 χρεῶν
1864 503 1878 523 ,

1999 458 2245 524 :tionem,
2283 458 2635 530 studiumque
2676 464 2759 515 cst
2787 461 3034 530 corporis
3069 462 3287 518 inventa
3331 463 3558 536 virgini-

285 554 478 610 οὐκέτι
538 551 836 607 κινδυνεύει
890 550 965 623 μὴ
1014 549 1095 622 τῷ
1140 552 1260 605 κατ’
1305 548 1484 619 ὀλίγον
1532 550 1884 621 προσεθισμῷ

287 650 426 721 περὶ
468 647 536 701 τὰ
585 645 848 699 δοκοῦντα
895 643 1046 715 νόμῳ
1101 643 1206 696 τινί
1256 643 1471 711 φύσεως
1533 642 1885 712 συγκεχωρῆ-

283 741 445 802 σθαι,
483 740 541 792 ὲν
593 737 911 806 ἀποστροφῇ
966 734 1055 787 καὶ
1108 733 1297 805 ἀγνοίᾳ
1331 733 1433 803 τῆς
1481 732 1629 795 Θείας
1679 749 1736 784 τε
1790 732 1885 785 καὶ

280 830 569 901 ἀκηράτου
613 829 839 898 γένηται
885 824 1109 897 ἡδονῆς,
1156 824 1223 896 ἣν
1272 824 1405 895 μόνη
1447 825 1478 895 ἡ
1514 823 1736 893 καρδίας
1787 840 1924 876 κα-.

282 923 546 993 ϐαρύτης,
586 918 683 973 τοῦ
731 920 790 972 ἐν
841 919 973 989 ἡμῖν
1017 914 1366 987 ἡγεμονικοῦ,
1413 914 1663 986 θηρεύειν
1707 913 1881 983 πέφυ-

282 1028 409 1064 κεν.

1986 559 2087 616 tas,
2113 558 2193 615 ut,
2221 565 2345 604 eum
2374 549 2748 619 allectionum,
2771 566 2894 621 qum
2925 568 2954 606 a
2980 562 3172 608 natura
3201 554 3420 609 tributa!
3475 557 3558 612 vi-

1986 640 2209 704 dentur,
2246 641 2574 696 oblivionem
2599 641 2786 696 animo
2803 644 3038 699 maxime
3060 643 3326 710 attulerit,
3352 646 3558 701 nullam

1985 732 2219 787 inducat
2276 733 2665 788 necessitatem
2721 734 2959 790 sordidis
2998 735 3182 790 carnis
3222 736 3423 792 debitis
3461 752 3561 792 va-

1986 823 2168 879 candi.
2211 822 2345 877 Nam
2371 825 2465 878 ubi
2521 826 2690 879 semel
2736 826 2888 882 hisce
2923 827 3149 884 liberata
3202 837 3287 884 est
3323 829 3559 895 debitis,

1986 928 2096 967 non
2132 914 2243 984 jam
2280 916 2516 985 amplius
2568 916 2868 985 periculum
2921 927 3025 984 est,
3082 934 3151 974 ne
3203 919 3563 975 assuetudine

1985 1006 2201 1060 tandem
2236 1022 2440 1072 rerum,
2476 1023 2597 1077 qua:
2628 1019 2839 1063 natura?
2869 1011 3106 1078 quadam
3154 1011 3273 1080 lege
3334 1010 3564 1081 permis-

283 1119 370 1160 sae
408 1101 684 1165 videntur,
743 1112 928 1154 veram
995 1098 1145 1151 illam
1208 1101 1371 1165 atque
1407 1095 1771 1150 immortalem
1822 1098 2159 1166 voluptatem
2218 1106 2507 1153 aversetur
2564 1107 2729 1170 atque
2760 1098 2953 1170 fugiat,
2987 1115 3150 1171 quam
3200 1114 3298 1156 cor
3357 1100 3557 1158 solum,

288 1210 434 1258 pura
458 1193 597 1263 ejus,
639 1191 735 1261 qui
784 1205 887 1244 nos
928 1190 1089 1258 regit,

891 1284 1146 1339 ΚΕΦΑΛ.
1187 1286 1278 1351 ς’.

289 1405 426 1458 Ὀτι
464 1402 666 1467 Ἠλίας
702 1400 800 1454 καὶ
844 1398 1126 1464 Ἰωάννης
1152 1397 1261 1463 τῆς
1278 1396 1580 1465 ἀκριϐείας
1606 1396 1713 1451 τοῦ
1733 1396 1880 1461 ,ϐίον

718 1470 935 1524 τούτου
967 1467 1454 1537 ἐπεμελήθησαν.

367 1562 468 1617 Διά
500 1560 661 1616 τοῦτό
719 1577 810 1631 μοι
863 1559 1012 1613 δοκεῖ
1044 1558 1138 1611 καὶ
1180 1557 1209 1609 ὁ
1268 1556 1444 1628 μέγας
1484 1558 1543 1610 ὲν
1577 1556 1880 1627 προφήταις

308 1655 524 1719 Ἠλίας,
548 1654 644 1708 καὶ
669 1655 697 1707 ὁ
746 1655 804 1705 ἐν
847 1648 1123 1720 πνεύματι
1159 1650 1254 1703 καὶ
1280 1648 1507 1719 δυνάμει
1538 1648 1723 1701 Ἠλίου
1762 1648 1878 1718 μετ’

1163 1189 1330 1244 animi
1394 1188 1709 1260 integritate
1755 1187 2017 1255 adhibita,
2051 1205 2249 1260 capere
2274 1189 2435 1244 solet.

2592 1282 2825 1338 CAPUT
2863 1282 2949 1337 Vl.

1983 1396 2134 1451 Elius
2179 1405 2229 1451 et
2273 1395 2510 1451 Joannes
2572 1396 2878 1464 diligentem
2920 1396 3111 1449 Irarum
3173 1411 3359 1449 curam
3406 1396 3566 1452 adhi-

2359 1525 2369 1533 ,
2649 1468 2894 1520 buerunt.

2053 1556 2135 1612 Ob
2165 1573 2285 1613 eam
2321 1572 2544 1613 causam
2590 1572 2820 1628 magnus
2853 1557 2907 1611 in
2944 1557 3222 1627 prephetis
3256 1557 3389 1611 mihi
3417 1558 3568 1614 vide-

1981 1656 2073 1703 tur
2104 1648 2275 1713 Elias,
2337 1657 2392 1704 et
2445 1648 2492 1704 is
2541 1649 2633 1719 qui
2669 1657 2858 1719 postea
2891 1649 2947 1702 in
3005 1647 3201 1718 spiritu
3260 1656 3314 1704 et
3364 1649 3564 1706 virtute

301 1749 512 1801 ἐκεῖνον
543 1744 880 1816 ἐπιδημήσας
899 1741 978 1813 τῷ
1015 1741 1136 1814 βίῳ,
1160 1735 1222 1796 οὗ
1259 1739 1459 1812 μείζων
1478 1740 1650 1803 οὐδεὶς
1685 1741 1741 1793 ἐν
1759 1756 1881 1808 γεν-

1999 1739 2114 1795 Είὶιε
2141 1740 2197 1795 in
2236 1740 2406 1794 vitam
2442 1740 2609 1802 venit,
2651 1753 2763 1809 quo
2792 1754 2925 1794 sane
2973 1739 3029 1792 in
3077 1737 3220 1794 natis
3271 1739 3561 1795 mulierum

306 1839 495 1909 νητοῖς
522 1834 806 1905 γυναικῶν.
850 1833 1023 1905 Είπερ
1063 1851 1115 1887 τι
1150 1834 1243 1886 καὶ
1268 1831 1452 1905 ἕτερον
1484 1834 1519 1903 ἡ
1542 1833 1659 1884 κατ’
1688 1830 1883 1893 αὐτοὺς

311 1927 520 1999 ἱστορία
553 1926 850 1999 παραδηλοί
885 1925 951 1979 δι’
980 1925 1318 1997 αἰνίγματος,
1361 1923 1519 1976 τοῦτο
1552 1922 1786 1994 μάλιστα
1808 1920 1886 1993 τῷ

309 2017 425 2088 ἰδίῳ
443 2015 784 2087 δογματίζειν
817 2014 937 2086 βίῳ,
962 2015 1022 2068 τὸ
1065 2013 1399 2086 χωρισθῆναι
1424 2014 1524 2083 τῆς
1554 2014 1646 2066 τοῦ
1676 2013 1885 2084 ἀνθρω‹

301 2108 459 2161 πίνου
490 2106 605 2177 βίου
640 2105 962 2169 ἀκολουθίας
1011 2105 1101 2159 τὸν
1150 2107 1216 2176 τῇ
1254 2104 1454 2175 θεωρία
1490 2104 1596 2157 τῶν
1641 2104 1886 2175 ἀοράτων

300 2198 630 2269 σχολάζοντα
651 2215 665 2227 ο
715 2197 791 2259 ὡς
825 2196 890 2250 ἂν
919 2195 995 2267 μὴ
1030 2198 1152 2258 ταῖς
1197 2194 1474 2257 τοιαύταις
1511 2194 1746 2257 ἀπάταις
1769 2195 1887 2254 ταῖς

293 2288 390 2343 διὰ
416 2288 525 2341 τῶν
559 2286 864 2357 αἰσθήσεων
895 2283 1207 2355 γινομέναις
1255 2283 1654 2358 προσεθισθεὶς,
1689 2281 1888 2351 σύγχυ-

294 2381 388 2436 σίν
408 2399 529 2434 τινα
558 2380 653 2434 καὶ
685 2379 894 2449 πλάνην
915 2377 1077 2433 πάθοι
1094 2376 1224 2448 περὶ
1245 2377 1343 2447 τὴν
1362 2375 1456 2429 τοῦ
1485 2374 1651 2438 ὅντως
1680 2370 1886 2442 ἀγαθοῦ

291 2471 505 2544 κρίσιν.
536 2470 858 2542 ’Δμφότεροι
885 2468 994 2541 γὰρ
1026 2468 1189 2532 εὐθὺς
1208 2470 1273 2521 ὲκ
1299 2467 1436 2522 νέων
1470 2464 1890 2535 ἀπεξενώθηεαν

292 2543 402 2631 τῆς
429 2561 783 2633 ἀνθρωπίνης
821 2558 987 2630 ζωῆς,
1024 2559 1118 2613 καί.
1140 2543 1255 2613 οἷον
1284 2558 1388 2623 ἔξω
1410 2558 1508 2628 τῆς
1533 2556 1747 2626 φύσεως
1767 2557 1891 2608 ἐαυ-

290 2655 432 2718 τοὺς
465 2653 700 2723 ἔστησαν
720 2654 787 2724 τῇ
803 2651 932 2723 περὶ
958 2650 1058 2724 τὴν
1090 2649 1293 2722 βρῶσιν
1316 2650 1410 2702 καὶ
1443 2650 1599 2701 πόσιν
1621 2647 1892 2719 ὑπεροψίᾳ

293 2746 405 2817 τῆς
446 2744 709 2815 συνήθους
736 2743 831 2797 καὶ
850 2744 1244 2813 νενομισμένης
1273 2735 1498 2812 τροφῆς,
1534 2740 1629 2794 καὶ
1658 2742 1725 2811 τῇ
1751 2738 1893 2793 κατά

292 2837 403 2908 τῆν
419 2837 624 2909 ἔρημον
654 2836 922 2907 διαγωγῇ,
944 2835 1020 2898 ὡς
1049 2834 1158 2888 καὶ.
1179 2833 1276 2905 τὴν
1304 2830 1473 2903 ἀκοὴν
1502 2830 1891 2902 ἁπεριήχητον,

297 2927 404 2981 καὶ
426 2926 734 2996 ἀπλάνητον
771 2925 953 2987 αὐτοῖς
990 2922 1327 2993 φυλαχθῆναι
1369 2920 1466 2992 τὴν
1494 2919 1637 2989 ὄψιν,
1666 2920 1758 2973 καὶ
1793 2918 1893 2990 τὴν

295 3017 499 3088 γεῦσιν
534 3016 715 3087 ἀπλῆν
742 3032 801 3069 τε
846 3015 941 3069 καὶ
1000 3013 1460 3085 ἀπραγμάτευτον
1496 3011 1790 3081 διαμεῖναι,
1829 3009 1894 3060 ἐκ

1986 1846 2147 1886 nemo
2191 1831 2367 1901 major
2417 1838 2644 1885 exortus
2688 1839 2791 1884 est.
2823 1830 2954 1895 Quae
2998 1844 3162 1899 porro
3207 1829 3274 1884 de
3310 1830 3394 1885 his
3432 1829 3570 1901 ipsis

1986 1929 2244 1977 narratur
2298 1922 2550 1987 historia,
2586 1923 2688 1977 etsi
2745 1921 2875 1992 quid
2926 1921 3074 1975 aliud
3117 1921 3374 1986 obscure,
3436 1919 3572 1976 illud

1987 2022 2168 2067 tamen
2202 2013 2437 2068 maxime
2480 2012 2707 2078 indicat,
2741 2010 2887 2082 quod
2908 2012 3030 2067 vitae
3067 2012 3335 2067 rationem
3388 2012 3570 2079 docet,

1990 2112 2069 2170 ut,
2098 2103 2192 2175 qui
2222 2103 2432 2159 scilicet
2465 2103 2907 2174 contemplandis
2961 2103 3146 2168 rebus,
3181 2119 3303 2174 quae
3350 2103 3575 2158 minime

1987 2198 2090 2253 sub
2128 2204 2411 2266 aspectum
2457 2196 2684 2260 cadunt,
2720 2212 2778 2251 se
2806 2195 2978 2259 dedit,
3046 2195 3134 2251 hic
3190 2196 3259 2251 ab
3321 2196 3576 2250 humana:

1989 2286 2114 2340 vitae
2143 2286 2541 2341 consuetudine
2554 2287 2768 2341 alienus
2796 2284 2910 2347 tiat,
2931 2299 3001 2338 ne
3024 2283 3338 2353 hujusmodi
3366 2283 3577 2337 fraudi-

1990 2377 2114 2441 bus,
2153 2393 2275 2447 qua:
2301 2378 2555 2433 sensibus
2589 2376 3002 2447 concipiuntur,
3039 2376 3312 2442 addictus,
3353 2382 3591 2459 ιιιειηιιιιο-ι

1991 2470 2214 2525 batione
2253 2478 2420 2540 atque
2446 2471 2646 2526 mentis
2668 2487 2859 2526 errore
2885 2472 2938 2525 in
2968 2470 3115 2526 illius
3144 2469 3353 2539 judicio
3370 2469 3577 2525 allicia-

1992 2569 2101 2628 tur,
2135 2564 2281 2630 quod
2311 2576 2367 2616 re
2400 2576 2528 2616 vera
2566 2560 2768 2615 bonum
2818 2570 2921 2615 est.
2991 2558 3057 2613 Ili
3085 2560 3247 2615 ambo
3298 2560 3368 2615 ab
3392 2561 3574 2617 adole-

1992 2655 2202 2708 scentia
2242 2668 2364 2708 sese
2394 2652 2578 2707 statim
2615 2652 2683 2705 ab
2719 2652 2971 2707 humanae
3004 2651 3127 2707 vitae
3170 2652 3432 2708 societate
3484 2667 3573 2707 re-

1982 2752 2319 2814 moverunt:
2381 2758 2506 2798 cum
2559 2744 2707 2798 enim
2767 2746 3026 2814 potionis,
3084 2753 3248 2815 atque
3304 2744 3435 2809 cibi,
3480 2744 3578 2816 qui

1994 2836 2208 2892 caneris
2225 2837 2288 2891 ad
2312 2836 2433 2891 vita:
2446 2836 2905 2892 sustentationem
2945 2844 3031 2892 est
3052 2836 3234 2902 datus,
3268 2837 3579 2908 despicien-

1994 2926 2093 2989 tia,
2125 2936 2239 2981 tum
2282 2928 2412 2991 vita,
2450 2944 2611 2996 quam
2638 2927 2690 2981 in
2723 2929 3022 2985 solitudine
3047 2938 3297 2999 egerunt,
3323 2944 3383 2985 se
3420 2928 3580 3000 quasi

1996 3033 2029 3099 ξι
2065 3027 2271 3073 naturae
2301 3019 2615 3074 alienarunt
2654 3020 2928 3084 instituto,
2971 3028 3031 3075 ut
3075 3028 3130 3075 et
3172 3034 3336 3075 aures
3369 3035 3401 3075 a
3439 3028 3581 3076 stre-

295 3110 403 3164 τοῦ
440 3108 836 3181 προστυχόντος
851 3107 1135 3179 ἑκατέροις
1162 3104 1542 3176 πληρουμένης
1556 3104 1655 3173 τῆς
1684 3101 1890 3173 χρείας.

1999 3110 2116 3180 pitu
2171 3120 2225 3165 et
2266 3111 2460 3166 oculos
2528 3111 2596 3165 ab
2638 3127 2827 3166 errore
2875 3119 3184 3177 tuerentur,
3234 3120 3289 3167 et
3357 3119 3581 3183 gustatu

312 3200 599 3254 Ἐντεῦθεν
651 3201 731 3262 είς
784 3195 983 3268 πολλὴν
1024 3195 1206 3250 εύδίαν
1250 3194 1344 3248 καὶ
1385 3193 1624 3265 γαλήνην
1659 3193 1766 3246 ἀπὸ
1788 3190 1895 3245 τῶν

1999 3200 2231 3272 simplici
2256 3211 2478 3265 essent,
2503 3209 2557 3256 et
2588 3202 2656 3255 ad
2687 3202 2889 3256 nullam
2922 3218 3034 3257 rem
3072 3210 3289 3273 parato,
3313 3203 3575 3258 nimirum

300 3292 511 3359 ἔξωθεν
541 3291 787 3364 θορύϐων
822 3290 1184 3359 κατέστησαν,
1229 3287 1323 3342 καὶ
1356 3286 1447 3340 διὰ
1485 3284 1644 3339 τοῦτο
1676 3286 1754 3348 είς
1804 3300 1894 3337 το-

1999 3306 2125 3347 curn
2161 3291 2545 3363 necessitatem
2578 3293 2756 3347 victus
2797 3307 2865 3346 ex
2908 3291 3195 3362 quibusvis
3230 3293 3416 3358 rebus,
3458 3309 3581 3365 quze

302 3384 503 3439 σοῦτον
557 3382 787 3455 μέγεθος
842 3383 952 3436 τῶν
982 3381 1139 3435 θείων
1166 3377 1520 3451 χαρισμάτων
1560 3376 1895 3447 ἐπήρθησαν,

1999 3381 2218 3451 utrique
2269 3381 2487 3435 obviam
2549 3380 2761 3447 ﬁerent,
2830 3396 2963 3437 sane
3016 3382 3322 3453 explerent.
3363 3383 3582 3450 Quam—

300 3478 435 3533 ὅσον
470 3477 598 3549 περὶ
623 3475 888 3546 ἑκατέρου
910 3474 1114 3528 τούτων
1139 3471 1464 3544 μνημονεύει
1480 3469 1697 3539 ὁλόγος.
1714 3468 1895 3532 Ἠλίας

1999 3475 2184 3529 obrem
2207 3474 2275 3528 ab
2295 3474 2542 3529 externis
2572 3474 3084 3544 perturbationibus
3105 3476 3324 3538 remoti,
3354 3476 3409 3531 in
3430 3491 3581 3532 sum-

306 3570 415 3642 μὲν
437 3570 544 3638 γάρ
590 3568 844 3640 καθάπερ
894 3567 1095 3639 ταμίας
1132 3583 1215 3629 τις
1243 3563 1352 3618 τῶν
1390 3560 1484 3616 τοῦ
1517 3561 1651 3616 Θεοῦ
1682 3560 1900 3632 δωρεῶν

304 3659 611 3726 καταστὰς,
644 3660 744 3725 τὰς
773 3661 838 3714 ὲκ
881 3659 976 3713 τοῦ
1009 3654 1238 3730 ούρανοῦ
1265 3655 1453 3729 χρείας
1504 3656 1623 3708 κατ’
1652 3654 1899 3722 ἐξουσίαν

305 3753 414 3809 καὶ
442 3750 748 3806 ἀποκλείειν
802 3755 915 3816 τοῖς
976 3751 1371 3823 ἁμαρτάνουσι,
1419 3749 1513 3802 καὶ
1541 3746 1747 3801 ἀνιέναι
1789 3748 1901 3810 τοῖς

308 3842 643 3917 μετανοοῦσι
675 3843 856 3914 κύριος
896 3838 983 3915 ἦν.
1022 3843 1125 3896 Τὸν
1146 3841 1203 3895 δὲ
1234 3839 1487 3910 Ἰωάννην
1509 3838 1748 3892 τοιοῦτον
1777 3837 1903 3906 μέν·

304 3952 403 3990 τοι
458 3932 923 4007 θαυματοποιῆσαι
969 3934 1121 3988 οὐδέν
1180 3949 1341 4003 φησιν
1388 3934 1420 4002 ἡ
1462 3930 1582 3984 θεία
1630 3928 1897 4000 Ἱστορία·

310 4026 705 4100 τερισσότερον
738 4027 793 4080 δὲ
826 4027 859 4095 ἢ
893 4025 1033 4082 κατά
1070 4025 1245 4078 πάντα
1276 4024 1561 4094 προφήτην
1590 4021 1650 4075 τὸ
1676 4023 1733 4074 ὲν
1753 4020 1901 4091 αὐτῷ

311 4117 568 4189 χάρισμα
623 4116 773 4185 παρά
817 4116 909 4170 τοῦ
942 4116 1009 4170 τὰ
1051 4112 1268 4186 κρυπτά
1301 4113 1586 4183 βλέποντος
1620 4110 1899 4181 μεμαρτύ-

314 4223 503 4279 ρηται·
526 4206 666 4278 τάχα
692 4208 773 4260 ὅτι
802 4205 1049 4277 καθαράν
1085 4220 1145 4258 τε
1171 4203 1265 4258 καὶ
1290 4202 1469 4272 ἀμιγῆ
1500 4201 1680 4271 πάσης
1713 4200 1902 4268 ὑλικῆς

312 4296 701 4368 προσπαθείας
748 4295 847 4367 τὴν
881 4294 1086 4349 ἑαυτῶν
1144 4291 1435 4363 ἐπιθυμίαν
1479 4292 1571 4344 ἀπ’
1618 4289 1791 4360 ἀρχῆς
1824 4290 1903 4350 είς

312 4386 473 4451 τέλος
502 4386 581 4457 τῷ
602 4385 794 4458 Κυρίῳ
826 4384 1118 4456 ἀνέθηκαν,
1153 4381 1276 4437 οὔτε
1306 4382 1385 4445 είς
1416 4380 1620 4433 τέκνων
1646 4377 1899 4449 στοργὴν,

2001 3582 2088 3621 ma
2115 3565 2240 3621 vitae
2270 3565 2668 3636 tranquillitate
2693 3573 2857 3637 atque
2887 3568 3002 3623 otio
3032 3583 3152 3624 sese
3180 3569 3582 3624 constituerunt

2000 3659 2235 3731 indeque
2266 3660 2333 3714 ad
2359 3668 2570 3713 tantam
2590 3659 2902 3714 divinorum
2925 3675 3212 3714 munerum
3237 3658 3582 3714 altitudinem

2007 3752 2139 3806 elati
2171 3758 2330 3816 sunt,
2363 3762 2625 3822 quantam
2656 3752 2772 3807 haec
2800 3752 2868 3807 de
2924 3761 3160 3821 utroque
3191 3759 3584 3808 commemorat

2000 3843 2199 3899 oratio.
2229 3843 2381 3899 Elias
2433 3845 2580 3899 enim
2618 3844 2779 3915 quasi
2843 3842 2940 3899 Dei
3001 3859 3290 3900 munerum
3343 3833 3585 3915 quarstor

2005 3936 2231 4007 aliquis,
2264 3952 2388 3991 cum
2456 3951 2519 3991 es
2557 3943 2827 4005 potestate
2859 3936 3096 4005 quadam
3161 3936 3287 3992 cozli
3351 3935 3586 3991 admini-

2010 4030 2332 4085 strationem
2358 4028 2599 4091 haberet,
2626 4028 2771 4082 illius
2800 4037 2855 4083 et
2883 4027 3268 4096 peccatoribus
3290 4026 3585 4081 obstruen-

2004 4120 2082 4186 di,
2117 4132 2172 4175 et
2212 4121 2316 4183 iis,
2365 4119 2459 4188 qui
2495 4118 2874 4189 paenitentiam
2917 4119 3126 4188 agendo
3173 4117 3583 4186 resipiscerent,

2004 4210 2284 4280 aperiendi
2346 4218 2670 4278 potestatem
2726 4208 2938 4261 habuit.
2971 4208 3239 4263 Joannem
3294 4223 3421 4261 vero
3474 4207 3584 4263 tale

2004 4302 2210 4373 aliquid
2254 4301 2576 4355 miraculum
2635 4298 2860 4362 fecisse,
2900 4298 3039 4353 nihil
3097 4298 3299 4353 divinis
3347 4307 3431 4353 est
3473 4298 3586 4353 Lit-

2010 4394 2144 4449 teris
2177 4392 2485 4463 proditum:
2541 4400 2595 4445 at
2629 4390 2696 4455 is.
2733 4391 2826 4460 Qui
2873 4404 2960 4445 res
3012 4389 3260 4445 occultas
3298 4389 3583 4460 perspicit,

312 4477 442 4532 οὔτε
460 4481 543 4542 είς
572 4476 832 4546 γυναικὸς
862 4476 1135 4548 φροντίδα,
1159 4473 1282 4527 οὗτε
1316 4473 1397 4537 είς
1422 4472 1550 4527 ἄλλο
1581 4487 1633 4523 τι
1666 4469 1773 4523 τῶν
1811 4471 1895 4522 άν‹

2011 4458 2268 4540 testatum
2302 4482 2545 4552 reliquit,
2582 4458 2764 4553 majus
2795 4483 2870 4538 illi
2906 4498 3106 4538 munus
3132 4497 3255 4538 esse
3296 4458 3581 4543 tributum,

315 4569 613 4641 θρωπίνων
638 4568 1037 4639 ἀσχολήσαντες
1055 4583 1068 4598 ⁸
1100 4565 1155 4619 οἵ
1175 4582 1240 4634 γε
1275 4564 1409 4635 μηδὲ
1434 4564 1531 4634 τῆς
1552 4560 1903 4633 καθ’ήμέραν

314 4660 627 4730 ἀναγκαίας
672 4660 880 4731 τροφῆς
908 4658 1139 4731 πρέπειν
1178 4659 1390 4720 ἑαυτοῖς
1426 4654 1781 4718 ὑπολαϐόντες
1804 4652 1903 4724 τὴν

320 4753 620 4825 μέριμναν,
648 4752 745 4815 τῆς
777 4768 837 4804 τε
861 4751 970 4805 τῶν
1016 4750 1326 4820 ἐνδυμάτων
1368 4747 1694 4818 σεμνότητος
1726 4747 1905 4818 κρείτ-

316 4862 447 4909 τους
488 4844 884 4915 ὲπιδειχθέντες
902 4886 917 4911 ,
946 4846 1011 4897 ὲκ
1046 4842 1155 4896 τῶν
1183 4843 1543 4913 ἐπιτυχόντων
1570 4842 1780 4904 ἑαυτοῖς
1808 4840 1905 4903 τὰς

322 4935 516 5005 χρείας
563 4935 969 5006 ἀπεσχεδίαζον,
1019 4935 1047 4987 ὁ
1096 4933 1194 5004 μὲν
1231 4932 1490 5004 δέρμασιν
1522 4931 1765 5000 αἰγείοις,
1796 4930 1824 4982 ὁ
1851 4929 1905 4984 δὲ

320 5026 574 5097 καμήλου
629 5025 773 5098 θριξὶ
833 5025 1238 5097 σκεπαζόμενος
1264 5041 1277 5055 ·
1307 5026 1407 5079 οὐκ
1445 5024 1511 5079 ἂν
1545 5027 1625 5088 είς
1651 5025 1822 5076 ἐκεῖνο
1847 5023 1909 5075 τὸ

320 5120 578 5191 μέγεθος,
608 5118 683 5182 ὡς
712 5114 888 5190 οἴμαι,
944 5118 1271 5188 φθάσαντες,
1311 5119 1358 5171 εί
1391 5119 1509 5181 ταῖς
1533 5116 1626 5171 τοῦ
1657 5114 1906 5187 σώματος

312 5211 684 5284 ἡδυπαθείαις
720 5212 823 5264 ὑπὸ
850 5210 943 5264 τοῦ
964 5212 1146 5281 γάμου
1171 5209 1681 5281 κατεμαλάχθησαν.
1718 5207 1906 5262 Ταῦτα

304 5303 379 5357 δὲ
402 5302 502 5372 οὐχ
537 5301 739 5366 ἁπλῶς,
778 5301 933 5364 ἀλλὰ,
962 5300 1144 5364 καθώς
1176 5317 1341 5372 φησιν
1382 5301 1410 5352 ὁ
1457 5299 1794 5365 Ἀπόστολος,
1827 5301 1905 5362 είς

306 5392 612 5449 νουθεσίαν
641 5393 799 5464 ἡμῶν
830 5394 1267 5465 ἀναγέγραπται,
1296 5392 1383 5446 ἵνα
1397 5392 1531 5464 πρὸς
1560 5393 1650 5446 τὸν
1684 5392 1907 5446 ἐκείνων

305 5488 445 5561 βίον
484 5487 580 5539 καὶ
614 5486 704 5540 τὸν
732 5486 939 5540 ἑαυτῶν
984 5486 1422 5556 κατευθύνωμεν.
1469 5486 1533 5538 Τί
1576 5481 1667 5539 οὖν
1700 5487 1761 5538 ὲκ
1788 5484 1910 5537 τού-

303 5595 436 5632 των
464 5575 841 5647 μανθάνομεν;
877 5575 951 5629 Τὸ
994 5575 1114 5629 καθ’
1150 5575 1444 5649 ὁμοιότητα
1476 5575 1584 5628 τῶν
1615 5576 1784 5645 ἀγίων
1810 5577 1907 5629 ἀν-

302 5668 495 5741 δρῶν,
529 5667 717 5739 μηδενὶ
764 5667 873 5721 τῶν
918 5668 1182 5739 βιωτικῶν
1225 5670 1565 5743 πραγμάτων
1603 5685 1909 5739 προσασκο-

308 5761 445 5815 Αεῖν
479 5759 578 5830 τὴν
603 5757 838 5813 διάνοιαν
866 5759 956 5816 τὸν
990 5762 1359 5839 ἐπιθνμοῦντα
1389 5761 1465 5833 τῷ
1488 5760 1607 5832 Θεῷ
1640 5760 1910 5832 συναφθῆ-

2006 4592 2169 4647 quam
2211 4574 2429 4630 caeteris
2453 4574 2708 4630 omnibus
2745 4575 3044 4645 prophetis.
3078 4573 3201 4630 llaec
3231 4573 3467 4628 fortasse
3501 4573 3587 4626 his

2006 4669 2223 4723 duobus
2284 4668 2656 4739 contigerunt,
2714 4668 2977 4737 quoniam
3028 4682 3242 4737 puram,
3298 4664 3588 4733 omnisque

2008 4760 2309 4815 materialis
2340 4770 2617 4827 expertem
2649 4758 2960 4813 affectionis
2994 4773 3149 4813 suam
3196 4760 3250 4811 in
3278 4755 3388 4810 Deo
3435 4755 3591 4826 cupi-

2007 4852 2233 4907 ditatem
2296 4858 2623 4921 posuerunt,
2680 4866 2858 4921 neque
2913 4850 3210 4923 liberorum
3281 4848 3587 4915 amoribus,

2008 4959 2188 5013 neque
2240 4943 2537 5012 conjugum
2574 4941 2741 5006 curis,
2793 4954 2969 5009 neque
3001 4938 3213 4994 caeteris
3246 4939 3370 4993 ullis
3423 4938 3589 4993 rebus

2010 5032 2269 5086 lnnnanis
2298 5030 2514 5094 intenti,
2542 5047 2609 5084 ne
2647 5028 2953 5099 quotidiani
3001 5028 3242 5097 quidem,
3285 5043 3348 5082 ac
3397 5042 3589 5083 neces-

2009 5124 2140 5179 sarii
2196 5124 2374 5177 victus
2416 5137 2603 5177 curam
2636 5120 2704 5175 ad
2768 5136 2828 5175 se
2884 5120 3158 5190 pertinere
3212 5125 3583 5174 censuerunt:

2012 5214 2357 5282 vestiumque
2384 5211 2518 5265 luxu
2548 5211 2792 5280 abiecto,
2822 5226 2886 5265 ex
2923 5209 2992 5264 iis
3022 5224 3146 5279 qua:
3172 5206 3580 5272 'oﬂerebantur,

2010 5303 2171 5357 facile
2192 5303 2295 5357 sibi
2331 5301 2643 5356 necessaria
2668 5301 2968 5369 parabant:
3004 5314 3149 5353 unus
3169 5298 3314 5353 enim
3364 5297 3585 5367 quidem

2010 5396 2254 5466 caprinis
2288 5394 2545 5465 pellibus,
2596 5393 2735 5446 alter
2766 5392 2891 5462 pilis
2930 5391 3121 5446 cameli
3168 5390 3402 5443 amictus
3429 5393 3583 5442 erat:

2013 5504 2189 5558 neque
2218 5487 2486 5556 profecto.
2520 5495 2578 5539 nt
2606 5485 2866 5545 arbitror,
2893 5483 2960 5537 ad
2999 5498 3117 5536 eam
3156 5480 3587 5552 magnitudinem

2015 5578 2411 5648 pervenissent,
2444 5576 2489 5630 si
2522 5575 2720 5646 nuptiae
2750 5590 2846 5629 eos
2893 5574 3143 5645 corporis
3175 5572 3590 5628 oblectamentis

2016 5668 2278 5725 delinitos
2315 5668 2699 5724 mollivissent.
2743 5664 2867 5721 ηυξ
2918 5680 3084 5737 porro
3109 5680 3217 5718 non
3252 5665 3374 5720 sine
3394 5678 3585 5730 causa,

2020 5763 2136 5829 se],
2177 5770 2236 5814 ut
2291 5770 2375 5816 est
2434 5759 2577 5832 apud
2622 5758 2963 5829 Apostolum,
3029 5756 3096 5812 ad
3157 5765 3399 5813 nostram
3451 5769 3588 5811 sane

2562 5997 2575 6025 ι
