3896 6204
372 332 473 391 851
1603 330 1661 384 8.
1723 327 2051 385 GBEGORII
2106 328 2400 387 NYSSENI
2508 337 2513 343 ’
3524 326 3628 384 552

368 448 675 507 doctrinam
706 452 912 519 scripta
939 453 1089 511 sunt,
1115 461 1311 518 nempe
1349 452 1408 501 ut
1440 444 1505 501 ad
1545 444 1770 500 illorum
1811 446 1940 501 vita:
1968 501 1969 505 η

2075 463 2161 501 αι’
2198 447 2317 500 οὐδὲ
2337 446 2445 517 γάρ
2469 445 2583 499 ἐστι
2623 445 2845 499 δυνατὸν
2865 445 2955 500 τὸν
2984 445 3065 509 είς
3110 444 3280 499 πολλὰ
3312 444 3378 515 τῇ
3423 444 3636 516 διανοίᾳ

368 542 678 599 institutum
735 557 835 597 nos
894 540 1024 595 item
1079 539 1245 593 vitam
1303 548 1551 593 nostram
1606 537 1936 608 dirigamus.

2081 539 2411 610 ιαχεόμενον,
2467 537 2599 610 πρὸς
2636 534 2770 591 Θεοῦ
2823 537 3152 609 κατανόησιν
3197 538 3294 593 καὶ
3340 536 3638 608 ἐπιθυμίαν

372 633 511 705 Ergo
538 632 669 704 quid
703 648 767 687 ex
800 632 886 686 his
911 630 1222 686 documenti
1270 629 1641 703 percipimus?
1672 628 1728 685 ιιι
1783 645 1938 694 sane,

2079 629 2441 702 ύθυπορῆσαι.

371 735 451 790 ιιι,
481 724 763 796 proposito
792 732 1110 779 sanctorum
1152 724 1393 778 virorum
1454 721 1730 793 exemplo,
1800 721 1867 777 iis
1915 723 2081 776 rebus
2149 736 2272 791 quae
2326 721 2394 775 ad
2452 719 2596 775 hanc
2656 719 2822 774 vitam
2879 719 3180 790 pertinent,
3263 735 3507 776 animum
3568 735 3641 776 ne

327 796 336 853 ί
370 819 595 889 adjiciat
621 819 667 874 is
705 819 801 889 qui
836 833 897 874 se
947 832 1070 871 cum
1133 815 1243 871 Deo
1274 815 1524 886 junctum
1570 830 1696 870 esse
1725 814 1944 869 studet:
1988 813 2107 868 fieri
2138 813 2285 869 enim
2326 828 2434 868 non
2476 819 2675 883 potest,
2707 819 2770 865 ut
2839 816 2999 881 cujus
3043 812 3264 868 animus
3333 813 3637 868 multarum

374 931 559 971 rerum
588 914 739 970 curis
764 913 1112 976 distrahitur,
1146 911 1193 965 is
1213 912 1267 965 in
1291 910 1384 966 Dei
1404 911 1949 981 contemplationem,
1989 893 2455 981 cupiditatemque
2488 908 2649 979 plane
2680 915 2830 963 totus
2863 907 3169 963 incumbat.

887 1076 902 1090 ο
965 1046 1196 1103 CAPUT
1229 1045 1342 1101 VII.

379 1159 486 1225 Qui
525 1159 709 1212 multis
755 1174 930 1212 rerum
986 1159 1128 1211 curis
1153 1157 1457 1221 distinetur,
1491 1156 1609 1224 ﬁeri
1643 1170 1747 1209 non
1782 1162 1953 1224 potest

782 1239 841 1281 ut
862 1229 947 1281 hic
974 1230 1154 1282 animo
1177 1231 1245 1281 sit
1277 1226 1529 1296 perfecto.

448 1340 577 1394 Mihi
610 1355 744 1394 sane
794 1340 1033 1403 videtur,
1072 1339 1217 1410 quod
1250 1339 1318 1394 de
1367 1339 1454 1393 his
1482 1346 1817 1408 praeceptum
1849 1344 1953 1405 est,

2641 1045 2897 1100 ΚΕΦΑΛ.
2951 1045 3027 1101 Z'.

2052 1166 2175 1219 Ὀτι
2200 1163 2307 1219 τὸν
2335 1165 2422 1230 είς
2450 1163 2649 1218 πολλὰ
2677 1161 3060 1233 μεριζόμενον
3104 1160 3491 1231 τελειωθῆναι
3520 1162 3637 1233 τὴν

2564 1238 2693 1302 ψυχ
2704 1234 2777 1301 ὴν
2800 1232 3119 1286 ἀδύνατον.

2126 1348 2286 1400 Δοκεῖ
2329 1346 2387 1400 δέ
2451 1362 2541 1415 μοι
2594 1345 2661 1399 δι’
2706 1345 3102 1415 ὑποδείγματος
3140 1344 3530 1415 ἐναργέστερον
3569 1344 3636 1398 ἂν

378 1435 631 1504 exemplo
689 1434 960 1490 illustrius
1026 1434 1142 1487 fieri
1207 1448 1393 1504 posse.
1466 1430 1742 1487 Ponamus
1791 1431 1958 1500 igitur

2075 1439 2397 1509 παραστῆσαι
2420 1435 2484 1491 τδ
2516 1438 2644 1509 περὶ
2665 1436 2867 1490 τούτων
2889 1437 3087 1507 δόγμα.
3128 1435 3490 1507 ’Υποθώμεθα
3526 1436 3637 1506 γάρ

378 1539 595 1594 aquam,
626 1540 746 1595 quae
762 1539 793 1578 a
822 1523 971 1580 fonte
990 1526 1174 1594 aliquo
1193 1530 1399 1586 manat,
1423 1524 1477 1576 in
1506 1523 1751 1577 diversas
1767 1521 1962 1576 fluxio-

2075 1547 2108 1584 :t
2135 1529 2278 1601 ὖδωρ
2309 1531 2374 1584 ἐκ
2398 1530 2579 1602 πηγῆς
2607 1528 2993 1601 προχεόμενον,
3033 1531 3114 1589 εἰς
3146 1528 3435 1599 διαφόρους
3465 1528 3640 1598 ἀπορο

378 1633 499 1682 nes,
530 1632 593 1673 ac
610 1617 784 1683 rivos,
811 1629 872 1672 ut
904 1617 984 1683 tit,
1006 1616 1245 1687 dispergi
1284 1609 1453 1685 atque
1474 1615 1755 1685 dissipari.
1780 1613 1963 1680 Quan-

383 1709 478 1763 diu
515 1716 666 1764 certe
690 1710 766 1763 ita
803 1708 1001 1774 fertur,
1033 1708 1101 1762 ad
1134 1707 1313 1762 nullas
1353 1719 1448 1761 eas
1486 1718 1597 1771 res,
1646 1720 1769 1776 quae
1820 1704 1965 1776 agri-

2061 1619 2190 1692 ροἀς
2218 1619 2362 1674 κατά
2408 1619 2469 1673 τὸ
2502 1618 2715 1689 συμϐὰν
2744 1618 3135 1689 διασχίζεσθαι.
3186 1616 3398 1671 Οὐκοῦν
3433 1618 3538 1680 ἓως
3572 1616 3639 1670 ἂν

2060 1711 2202 1765 οὕτω
2234 1711 2487 1782 φέρηται,
2516 1712 2594 1774 εἱς
2623 1709 2774 1763 οὐδὲν
2800 1709 2908 1763 τῶν
2932 1709 3067 1782 πρὸς
3092 1708 3190 1781 τὴν
3218 1708 3488 1781 γεωργίαν
3508 1725 3643 1780 χρη-

382 1802 613 1857 culturae
644 1802 959 1873 expediant,
1001 1803 1108 1857 erit
1150 1799 1595 1868 accommodata;
1652 1815 1777 1855 cum
1813 1800 1962 1856 illius

2075 1802 2238 1874 τίμων
2276 1802 2578 1873 ἐπιτήδειον
2606 1800 2778 1865 ἔσται,
2804 1804 2899 1872 τῆς
2918 1803 2997 1866 εἷς
3022 1802 3193 1855 πολλά
3213 1801 3509 1873 διαχύσεως
3530 1803 3643 1857 όλί-

386 1910 542 1966 ιιιιιιαι
570 1896 626 1950 in
660 1896 864 1952 multas
903 1905 1089 1967 partes
1120 1896 1412 1966 dissipatio
1456 1894 1715 1966 exiguum
1749 1895 1802 1948 id
1844 1894 1958 1949 cili-

384 1984 514 2049 ciat,
541 1984 685 2055 quod
725 1985 781 2039 in
818 1984 1052 2055 singulis
1105 1984 1355 2055 partibus
1391 1992 1557 2039 tenue
1601 1991 1709 2051 est,
1758 1985 1960 2054 vixque

386 2091 497 2146 prae
532 2076 797 2131 tenuitate
824 2086 1112 2132 movetur:
1151 2076 1235 2132 sin
1258 2084 1437 2131 autem
1469 2076 1594 2145 quis
1622 2092 1814 2131 omnes
1839 2077 1959 2147 ejus

385 2167 667 2236 dispersos
695 2167 844 2241 rivos
879 2167 1125 2239 colligat,
1162 2167 1376 2238 quodve
1401 2168 1606 2238 passim
1632 2168 1958 2238 dissipatum

388 2266 497 2323 est,
540 2258 596 2313 in
655 2275 827 2317 unum
862 2260 1076 2314 alveum
1112 2260 1429 2325 concludat,
1494 2260 1562 2315 ad
1601 2260 1802 2314 multas
1837 2260 1963 2313 vitae

388 2349 827 2415 commoditates,
862 2359 915 2406 et
944 2366 1037 2407 eas
1070 2351 1291 2422 quidem
1325 2353 1671 2407 necessarias
1711 2352 1962 2407 uberiore

389 2448 637 2495 uteretur
666 2456 830 2512 aqua,
867 2458 989 2512 quae
1044 2443 1100 2497 in
1148 2444 1318 2497 unum
1354 2444 1427 2498 sit
1457 2443 1634 2498 locum
1695 2442 1961 2497 derivata.

389 2530 466 2585 Ita
506 2532 787 2587 hominum
819 2548 995 2599 mens,
1028 2534 1071 2589 si
1137 2535 1343 2605 passim
1405 2535 1748 2601 diffunditur,
1789 2550 1965 2606 eoque

388 2623 754 2693 potissimum,
792 2640 901 2696 quo
936 2640 1195 2684 sensuum
1248 2627 1521 2684 illecebris
1549 2630 1782 2699 rapitur,
1839 2643 1966 2699 pcr-

389 2723 555 2785 petuo
593 2714 793 2769 diffluit
846 2730 909 2770 ac
962 2717 1284 2788 dissipatur,
1343 2719 1547 2773 nullam
1606 2719 1764 2790 plane
1828 2718 1963 2772 mibi

391 2820 641 2876 magnam
669 2807 778 2860 vim
809 2806 1009 2862 habere
1040 2807 1256 2861 videtur
1298 2807 1365 2861 ad
1400 2824 1523 2863 eum
1574 2818 1820 2875 cursum;
1872 2808 1968 2879 qui

392 2897 459 2957 ad
492 2911 684 2956 verum
714 2896 916 2955 bonum
973 2898 1253 2972 pertinet;
1322 2899 1415 2954 sed
1449 2899 1495 2953 si
1552 2899 1796 2970 undique
1845 2914 1966 2955 sese

392 2993 698 3063 collegerit,
731 3000 895 3061 atque
943 3009 996 3047 in
1044 3007 1103 3047 se
1132 2991 1424 3062 receperit,
1458 2999 1681 3060 totaque
1718 2989 1786 3045 ad
1820 3006 1963 3057 eam,

392 3101 517 3156 quae
555 3084 658 3142 sibi
708 3085 929 3156 propria
985 3094 1089 3149 est,
1139 3098 1202 3138 ac
1235 3083 1505 3137 naturalis
1538 3082 1783 3137 muneris
1843 3081 1968 3136 fun-

2065 1913 2162 1966 γον
2191 1896 2250 1949 τὸ
2285 1896 2345 1949 ἐν
2377 1895 2611 1966 ἑκάστῳ,
2658 1896 2751 1948 καὶ
2789 1894 3039 1966 ἀδρανὲς,
3074 1895 3168 1948 καὶ
3200 1894 3517 1965 δυσκίνητον
3538 1896 3646 1949 ὑπὸ

2065 1987 2279 2050 ἀτονίας
2299 1987 2576 2057 ποιούσης·
2605 1988 2654 2039 εί
2679 1986 2735 2040 δέ
2763 2003 2844 2041 τις
2873 1986 3052 2050 πάσας
3070 1985 3234 2040 αὑτοῦ
3260 1984 3358 2049 τὰς
3377 1984 3646 2050 ἀτάκτως

2066 2080 2343 2153 ἀπορῥοάς
2378 2079 2698 2148 συναγάγοι,
2731 2080 2825 2132 καὶ
2860 2080 2939 2142 εἰς
2971 2072 3029 2131 ἓν
3064 2078 3276 2150 ῥεῖθρον
3308 2078 3369 2131 τὸ
3399 2077 3644 2149 πολλαχῆ

2065 2172 2203 2236 τέως
2234 2171 2628 2242 ἐσκεδασμένον
2654 2169 2978 2242 ἀθροίσειεν,
3008 2171 3088 2235 είς
3118 2170 3283 2223 πολλά
3309 2170 3493 2224 ἀντῶν
3515 2170 3643 2240 βιω-

2068 2264 2243 2332 φελῶν
2271 2265 2363 2318 καὶ
2411 2262 2696 2335 χρησίμων
2742 2262 2922 2333 ἀθρόῳ
2959 2262 3052 2317 καὶ
3113 2262 3530 2332 συντεταγμένῳ
3565 2260 3645 2331 τῷ

2071 2357 2512 2428 ὖδατιχρήσαιτο.
2543 2354 2699 2409 Οὕτω
2738 2373 2827 2425 μοι
2856 2356 3002 2408 δοκεῖ
3053 2354 3147 2407 καὶ
3174 2356 3202 2407 6
3232 2353 3354 2417 νοῦς
3381 2355 3411 2406 6
3442 2352 3649 2424 ἀνθρώ-

2070 2456 2243 2512 πινος,
2283 2450 2333 2501 εί
2384 2448 2481 2517 μὲν
2529 2447 2802 2518 πανταχοῦ
2832 2446 3114 2517 διαχέοιτο,
3150 2446 3285 2517 πρὸς
3322 2445 3383 2498 τδ
3414 2444 3646 2516 ἀρέσκον

2070 2541 2158 2594 ἀεὶ
2185 2541 2299 2603 τοῖς
2338 2539 2712 2611 αἰσθητηρίοις
2751 2540 2888 2611 ῥέων
2935 2537 3029 2591 καὶ
3080 2536 3522 2607 σκεδαννύμενος,
3554 2552 3650 2607 μη-

2022 2688 2028 2695 ,
2070 2630 2259 2701 δεμίαν
2290 2629 2567 2699 ἀξιόλογον
2604 2629 2831 2701 δύναμιν
2860 2629 3029 2699 ίσχειν
3062 2627 3199 2700 πρὸς
3234 2628 3330 2696 τὴν
3354 2627 3444 2679 ἐπὶ
3477 2625 3539 2679 τὸ
3563 2625 3650 2679 δν-

2074 2739 2176 2786 τως
2204 2720 2406 2790 ἀγαθὸν
2439 2721 2664 2794 πορείαν
2690 2737 2704 2751 ⁸
2748 2722 2796 2775 εί
2834 2722 2891 2775 δὲ
2937 2719 3269 2791 πανταχόθεν
3305 2715 3647 2787 ἀνακληθεὶς,

2072 2814 2167 2867 καὶ
2186 2814 2315 2901 περὶ
2337 2812 2527 2867 ἑαυτὸν
2549 2813 2613 2867 ἀθ
2624 2812 2874 2885 ροισθεὶς,
2903 2810 3239 2882 συνηγμένος
3256 2809 3351 2863 καὶ
3368 2808 3650 2878 ἀδιάχυτος

2073 2905 2209 2979 πρὸς
2224 2905 2322 2978 τὴν
2351 2905 2556 2960 οἰκείαν
2590 2904 2765 2976 ἐαυτῷ
2787 2905 2880 2959 καὶ
2912 2904 3054 2958 κατά
3075 2902 3237 2973 φύσιν
3266 2902 3548 2973 ἐνέργειαν
3570 2918 3652 2954 κι-

2072 3000 2233 3064 νοῖτο,
2258 2997 2409 3059 οὐδὲν
2431 2997 2493 3051 τὸ
2521 2996 2729 3051 κωλύον
2761 2997 2923 3051 αὑτὸν
2941 2995 3092 3049 ἔσται
3123 2995 3258 3063 πρὸς
3278 2994 3345 3047 τά
3366 2993 3478 3047 ἀνω
3498 2993 3654 3062 φέρε-

2077 3087 2222 3152 σθαι,
2244 3087 2338 3141 καὶ
2368 3089 2466 3159 τῆς
2494 3086 2747 3159 ἀληθείας
2774 3084 2883 3139 τῶν
2898 3085 3064 3139 ὄντων
3085 3083 3441 3153 ἐφάπτεσθαι.
3469 3081 3654 3136 Καθά-

392 3172 630 3227 ctionem
662 3172 994 3242 impellatur,
1019 3172 1156 3227 nihil
1182 3171 1402 3243 quidem
1427 3170 1817 3241 impedimento
1841 3172 1967 3238 erit,

2075 3192 2181 3245 περ
2205 3174 2313 3245 γὰρ
2341 3174 2403 3226 τὸ
2442 3175 2968 3245 περιεστεγασμένον
3011 3172 3101 3226 διά
3131 3173 3363 3243 σωλῆνος
3390 3172 3535 3243 ὕδωρ
3560 3172 3654 3243 δρ-

393 3269 692 3339 quominus
757 3264 825 3319 ad
884 3264 1168 3334 superiora
1216 3263 1471 3325 .feratur,
1534 3270 1700 3333 atque
1757 3278 1963 3325 rerum,

394 3375 516 3433 quae
535 3375 661 3415 vere
692 3364 843 3423 sunt,
871 3357 1154 3412 veritatem
1190 3356 1442 3427 attingat.
1475 3352 1541 3409 Ut
1579 3354 1723 3408 cnim
1772 3367 1967 3423 magna

396 3467 551 3523 aqua;
571 3452 659 3508 vis
689 3466 844 3521 aqua:
871 3448 1131 3505 ductibus
1163 3448 1377 3502 obtecta
1406 3455 1457 3503 et
1486 3447 1767 3509 conclusa,
1803 3461 1965 3515 saepe,

322 3546 330 3553 ’
396 3560 519 3602 cum
544 3544 627 3599 vis
683 3543 776 3597 illa
832 3547 1104 3609 erumpat,
1166 3539 1220 3593 in
1276 3538 1509 3594 sublime
1580 3538 1774 3601 fertur,
1832 3554 1971 3608 quo-

395 3637 543 3692 niam
604 3649 716 3689 non
768 3632 934 3686 habet
992 3644 1099 3699 qua
1168 3626 1526 3693 dilfundatur,
1607 3626 1771 3697 idque
1843 3642 1967 3681 cum

398 3735 581 3782 motus
604 3724 725 3794 ejus
754 3722 1023 3778 naturalis
1066 3720 1158 3775 ille
1201 3719 1294 3785 sit,
1354 3726 1414 3772 ut
1443 3719 1697 3773 deorsum
1730 3718 1966 3774 feratur:

400 3817 483 3873 sic
511 3817 752 3870 humana
779 3827 934 3867 mens
969 3811 1123 3881 quasi
1160 3817 1396 3880 angusto
1424 3810 1659 3880 quodam
1691 3824 1844 3880 aquae
1864 3809 1970 3864 du-

304 3938 308 3942 Α
401 3920 516 3970 (tu,
548 3921 671 3960 cum
705 3905 950 3974 undique
994 3902 1332 3957 continentia
1382 3902 1499 3971 ipsa
1553 3903 1969 3971 comprimatur,

401 4005 577 4068 neque
603 3995 798 4049 habeat
828 3993 972 4047 unde
1007 3999 1258 4061 erumpat
1280 4031 1294 4052 .
1341 3990 1638 4061 agitatione
1667 3991 1786 4060 ipsa
1815 4002 1975 4046 natu-

400 4089 503 4145 rali
533 4086 599 4141 ad
628 4100 807 4141 rerum
840 4085 1145 4139 caelestium
1176 4083 1412 4152 quodam
1450 4081 1610 4135 modo
1643 4081 1975 4137 excitabitur

403 4179 817 4251 appetitionem.
853 4175 986 4229 Nam
1028 4191 1203 4246 neque
1234 4175 1473 4239 animus,
1498 4175 1589 4245 qui
1614 4175 1839 4245 perenni
1862 4177 1978 4246 agi-

402 4273 612 4328 tatione
640 4280 909 4333 movetur,
947 4270 1254 4324 consistere
1286 4275 1486 4339 potest,
1510 4283 1634 4323 cum
1666 4268 1735 4323 ab
1771 4282 1857 4333 eo,
1882 4268 1974 4337 qui

403 4367 555 4421 illum
605 4363 802 4426 eﬂ‘ecit,
855 4361 1166 4432 hujusmodi
1228 4369 1408 4417 motus
1453 4371 1706 4416 naturam
1748 4361 1977 4416 sortitus

405 4459 517 4512 sit:
546 4469 742 4524 neque,
776 4453 823 4509 si
858 4453 1203 4524 prohibetur,
1237 4452 1531 4523 quominus
1574 4451 1640 4506 ad
1671 4467 1759 4506 res
1787 4451 1977 4507 inanes

2073 3266 2186 3319 θιον
2212 3266 2471 3329 πολλάκις
2502 3265 2604 3319 ὑπὸ
2636 3267 2733 3336 τῆς
2757 3265 3151 3337 ἀναθλιῦοότης
3179 3265 3299 3335 βίας
3318 3265 3413 3318 ἐπὶ
3444 3265 3515 3318 τά
3544 3266 3655 3319 ἀνω

2073 3356 2319 3427 φέρεται,
2355 3356 2457 3410 ούκ
2494 3356 2614 3426 ἔχον
2641 3358 2746 3428 ὅπη
2776 3355 3023 3429 διαχυθῇ,
3067 3355 3162 3409 καὶ
3197 3355 3387 3418 ταῦτα,
3420 3372 3654 3424 καταφε-

2076 3447 2203 3520 ροῦς
2228 3447 2375 3518 αὐτῷ
2403 3448 2503 3518 τῆς
2531 3447 2670 3503 κατά
2699 3447 2859 3517 φύσιν
2897 3446 3061 3518 οὔσης
3083 3447 3350 3518 κινήσεως
3371 3444 3542 3499 mimo
3564 3445 3656 3498 καὶ

2073 3538 2102 3589 ό
2148 3537 2279 3602 νοῦς
2310 3540 2338 3591 ό
2374 3537 2734 3610 ἀνθρώπινος,
2780 3532 2892 3591 οἷόν
2923 3555 3068 3601 τινος
3100 3536 3336 3608 σωλῆνος
3398 3536 3657 3605 στεγανοῦ

2073 3630 2174 3699 τῆς
2197 3630 2523 3701 ἐγκρατείας
2565 3629 2726 3684 αὐτὸν
2756 3629 3131 3700 ἁπανταχόθεν
3168 3627 3653 3700 περισφιγγούσης,

2075 3718 2516 3790 ἀναληφθήσεταί
2568 3736 2683 3782 πως
2715 3718 2821 3771 ὑπὸ
2868 3718 2969 3787 τῆς
3003 3717 3096 3771 τοῦ
3145 3716 3409 3770 κινεῖσθαι
3444 3715 3652 3784 φύσεως

2078 3809 2214 3881 πρὸς
2246 3808 2343 3879 τὴν
2364 3808 2473 3862 τῶν
2494 3807 2839 3878 ὑψηλοτέρων
2870 3806 3183 3878 ἐπιθυμίαν,
3217 3806 3316 3859 οὑκ
3347 3804 3484 3875 ἔχων
3520 3805 3650 3857 ὅπου

2076 3903 2392 3973 παραρρυῇ.
2413 3900 2550 3955 Οὔτε
2571 3900 2678 3973 γὰρ
2702 3900 2891 3971 στῆναί
2909 3917 3035 3953 ποτε
3054 3899 3274 3952 δυνατόν
3303 3899 3417 3950 ἐστι
3438 3898 3535 3969 τὴν
3546 3898 3655 3949 ἀει-

2079 3994 2297 4063 κίνητον
2312 3991 2432 4045 -ύπδ
2458 3990 2549 4044 τοῦ
2572 3991 2933 4060 πεποιηκότος
2960 3989 3216 4059 εἰληφότα
3238 3987 3333 4058 τὴν
3357 3987 3533 4056 φύσιν,
3562 3985 3654 4038 καὶ

2080 4083 2159 4145 είς
2181 4082 2249 4136 τά
2277 4081 2478 4153 μάταια
2500 4079 2736 4152 χρῆσθαι
2765 4083 2829 4151 τῇ
2861 4080 3069 4151 κινήσει
3116 4077 3475 4147 κωλυόμενον,
3507 4075 3653 4144 ἀμή-

2080 4193 2240 4246 χανον
2282 4174 2356 4245 μὴ
2418 4173 2552 4245 πρὸς
2581 4173 2678 4243 τὴν
2724 4172 2980 4242 ἀλήθειαν
3007 4172 3222 4233 πάντως
3263 4167 3651 4239 εὐθυπορῆσαι,

2081 4263 2160 4334 τῷ
2220 4262 2553 4331 πανταχόθεν
2599 4262 2706 4315 ἀπὸ
2746 4261 2854 4314 τῶν
2886 4260 3101 4314 ἀτόπων
3139 4258 3523 4327 ἀπείργεσθαι·
3565 4257 3657 4311 καὶ

2082 4356 2190 4427 γὰρ
2217 4355 2273 4405 ἐν
2296 4356 2413 4417 ταῖς
2442 4352 2744 4415 πολυοδίαις
2772 4351 2913 4404 οὓτω
2945 4350 3175 4421 μάλιστα
3196 4349 3319 4412 τοὺς
3350 4348 3657 4417 ὁδοιπόρους

2083 4447 2296 4517 ὁρῶμεν
2328 4444 2426 4514 τῆς
2457 4443 2668 4507 εὐθείας
2714 4445 2812 4515 οὺχ
2845 4444 3275 4515 ἁμαρτάνοντας,
3323 4441 3450 4493 ὅταν
3479 4437 3576 4509 τὴν
3602 4439 3659 4490 ἐν

405 4566 473 4606 co
499 4556 650 4603 motu
680 4555 889 4611 utatur,
922 4545 1149 4600 dubium
1180 4553 1284 4610 est,
1326 4545 1461 4615 quin
1494 4559 1619 4599 cum
1655 4544 1897 4614 undique
1950 4560 1969 4597 a

2084 4541 2204 4601 ταῖς
2241 4536 2427 4600 ἄλλαις
2454 4535 2591 4599 ὁδοῖς
2631 4536 2837 4606 πλάνην
2892 4536 3281 4606 προμαθόντες,
3317 4531 3656 4584 ἐκκλίνωσιν.

405 4644 570 4700 rebus
650 4638 908 4696 absurdis
967 4636 1285 4708 repellatur,
1345 4634 1411 4689 ad
1474 4634 1761 4689 veritatem
1826 4642 1979 4687 recta

407 4728 991 4788 omnino-contendat:
1025 4729 1078 4781 in
1115 4727 1303 4782 multis
1337 4726 1481 4780 enim
1534 4725 1826 4780 itineribus
1864 4726 1981 4778 via-

410 4833 558 4879 tores
586 4821 823 4876 maxime
851 4818 1097 4873 videmus
1130 4824 1277 4871 recta
1303 4815 1389 4869 via
1422 4830 1529 4869 non
1557 4815 1832 4880 aberrare,
1854 4828 1980 4867 cum

408 4916 743 4985 reliquorum
771 4914 1025 4969 itinerum
1060 4926 1248 4967 errore
1304 4917 1429 4963 ante
1479 4908 1727 4963 instructi
1759 4906 1984 4961 omnino

408 5014 658 5070 caveant,
698 5021 769 5061 ne
798 5005 1073 5067 aberrent,
1113 5003 1275 5058 veluti
1312 5002 1383 5062 is,
1416 4999 1508 5070 qui
1551 5000 1604 5053 in
1656 4999 1854 5053 itinere
1900 4996 1980 5049 fa-

409 5097 604 5153 ciendo
625 5111 750 5152 cum
804 5112 864 5152 se
892 5096 960 5151 ab
993 5095 1243 5159 incertis,
1279 5091 1721 5158 transversisque
1769 5087 1979 5143 semitis

410 5191 718 5253 abduxerit,
748 5188 923 5259 magis
955 5187 1011 5242 in
1045 5194 1194 5243 recta
1242 5201 1301 5241 se
1347 5185 1431 5239 via
1463 5181 1848 5239 conservabit:
1905 5180 1979 5234 ita

411 5284 628 5339 animus
655 5290 842 5337 noster
877 5296 907 5335 a
936 5281 1100 5336 rebus
1134 5278 1391 5333 inanibus
1419 5290 1665 5338 aversus,
1712 5274 1766 5328 in
1815 5272 1981 5326 rebus

410 5389 532 5442 qua:
561 5378 709 5438 sunt,
737 5372 1023 5428 veritatem
1053 5370 1213 5440 plane
1235 5376 1509 5438 agnoscet.
1539 5364 1724 5435 Itaque
1746 5362 1811 5416 de
1834 5376 1981 5415 sum-

2092 4629 2179 4691 Ὠς
2209 4630 2237 4681 6
2264 4627 2370 4679 τῶν
2408 4625 2837 4697 πεπλανημένων
2876 4624 3076 4697 τρίϐων
3106 4625 3162 4677 ἐν
3190 4623 3265 4693 τῷ
3303 4621 3508 4675 ὁδεύειν
3541 4624 3665 4674 ἀνα-

2081 4719 2358 4788 χωρήσας,
2386 4717 2477 4768 ὲπὶ
2508 4716 2607 4787 τῆς
2656 4716 2872 4778 εὐθείας
2929 4716 3130 4786 μᾶλλον
3176 4714 3365 4767 ἑαυτὸν
3395 4712 3619 4783 φυλάξει
3642 4727 3658 4744 ·

2082 4810 2254 4872 οὕτως
2304 4807 2461 4878 ἡμῶν
2488 4809 2521 4877 ἡ
2556 4806 2760 4860 διάνοια
2792 4809 2864 4879 τῇ
2900 4807 3216 4878 ἀποστροφῇ
3255 4805 3364 4859 τῶν
3418 4805 3661 4875 ματαίων

2082 4902 2182 4974 τὴν
2211 4904 2268 4956 ἐν
2294 4904 2403 4964 τοῖς
2431 4895 2580 4953 οὖσιν
2615 4899 2870 4971 ἀλήθειαν
2901 4898 3280 4968 ἐπιγνώσεται.
3326 4898 3542 4951 Ἔοικεν
3570 4893 3665 4949 οὖν

2084 4993 2256 5047 ταῦτα
2292 4992 2568 5044 παιδεύειν
2596 4991 2741 5061 ἡμᾶς
2782 4994 2846 5061 τῇ
2878 4994 3063 5062 μνήμῃ
3107 4990 3217 5042 τῶν
3241 4988 3490 5059 μεγάλων
3530 5002 3667 5055 προ-

2086 5082 2272 5153 φητῶν
2300 5083 2544 5145 ἐκείνων,
2566 5080 2627 5134 τὸ
2663 5082 2850 5152 μηδενὶ
2876 5081 2981 5133 τῶν
3007 5083 3065 5133 ἐν
3103 5079 3180 5151 τῷ
3210 5080 3397 5148 κόσμῳ
3434 5077 3669 5129 σπουδα-

2087 5175 2327 5246 ζομένων
2373 5174 2774 5245 ἐμπλέκεσθαι·
2814 5174 2872 5228 ἓν
2917 5174 2973 5227 δέ
3020 5173 3130 5226 τῶν
3162 5171 3615 5240 σπουδαζομένων
3641 5170 3670 5221 6

2086 5236 2261 5337 γάμος
2287 5236 2473 5319 εστίν·
2517 5266 2714 5338 μᾶλλον
2743 5266 2800 5320 δὲ
2829 5265 2970 5337 ἀρχὴ
3005 5264 3097 5317 καὶ
3138 5263 3263 5335 ῥίζα
3293 5260 3394 5331 τῆς
3419 5236 3528 5313 τῶν
3562 5276 3670 5330 μα-
3716 5236 3733 5302 l

2088 5358 2252 5411 ταίων
2281 5356 2541 5427 σπουδῆς.

412 5464 517 5518 mis
544 5463 651 5520 illis
681 5461 962 5534 prophetis
995 5458 1440 5516 commemoratio
1471 5473 1571 5513 nos
1622 5457 1689 5511 ad
1714 5457 1818 5509 hoc
1845 5451 2063 5507 erudire
2088 5449 2325 5512 videtur,
2356 5456 2416 5504 ut
2486 5450 2555 5506 iis
2616 5450 2806 5513 rebus,
2856 5464 2981 5520 qua
3052 5448 3106 5503 in
3167 5448 3268 5502 hac
3319 5445 3433 5499 vita
3500 5456 3665 5510 expe-

414 5564 621 5621 tuntur,
648 5572 716 5612 ne
743 5556 1118 5626 implicentur:
1168 5554 1222 5610 in
1250 5565 1481 5621 quarum
1525 5567 1705 5607 rerum
1756 5561 1985 5605 numero
2022 5553 2150 5601 sunt
2185 5546 2408 5617 nuptiae,
2439 5561 2561 5617 quae
2587 5546 2892 5602 studiorum
2963 5544 3205 5599 inanium
3230 5554 3414 5597 semen
3484 5538 3670 5609 potius

417 5656 561 5715 sunt
602 5657 764 5721 atque
801 5649 1153 5722 principium.
