3896 6204
266 304 384 366 853

901 431 1155 485 ΚΕΦΛΔ.
1174 431 1256 486 ιιι.

362 563 487 615 Ὀτι
509 560 648 615 οὐδέ
675 563 708 616 ὁ
724 559 913 632 γάμος
938 560 1057 616 τῶν
1078 561 1587 632 κατεγνωσμένων
1605 563 1799 617 ἐστίν.

362 696 566 767 Μηδεὶς
585 696 643 750 δὲ
666 696 755 751 διά
769 696 974 751 τούτων
999 698 1145 768 ἡμᾶς
1165 697 1374 751 ἀθετεῖν
1398 697 1592 751 οἰέσθω
1611 697 1708 770 τὴν
1731 700 1873 751 οἱκο-

237 774 263 821 ‘
283 788 481 858 νομίαν
517 786 612 841 τοῦ
669 789 881 859 γάμουο
910 789 970 842 οὐ
1008 788 1120 860 γὰρ
1170 787 1472 860 ἀγνοοῦμεν
1494 790 1575 843 ὅτι
1604 789 1696 842 καὶ
1720 783 1872 853 οὗτος

283 881 385 951 τῆς
410 879 503 932 τοῦ
528 879 666 932 Θεοῦ
700 878 951 949 εὐλογίας
983 882 1082 934 οὐκ
1129 880 1515 952 ἠλλοτρίωταιο
1544 880 1658 933 ἀλλ’
1688 881 1873 953 ἐπειδὴ

274 969 476 1023 τούτου
507 970 607 1039 μὲν
642 969 924 1041 αὐτάρκης
945 971 1242 1042 συνήγορος
1275 970 1369 1022 καὶ
1405 971 1438 1042 ἡ
1468 970 1618 1040 κοινὴ
1649 972 1757 1023 τῶν
1779 970 1874 1023 άν-

277 1057 522 1129 θρώπων
550 1058 714 1127 φύσις
742 1060 912 1124 ἐστὶν,
947 1060 1252 1130 αὐτόματον
1282 1059 1380 1128 τὴν
1408 1060 1544 1131 πρὸς
1562 1060 1632 1113 τὰ
1655 1060 1878 1117 τοιαῦτα

282 1155 466 1227 ῥοπὴν
507 1156 780 1210 ἐντιθεῖσα
818 1157 953 1209 πᾶσι
998 1157 1112 1219 τοῖς
1144 1155 1231 1209 διὰ
1276 1155 1456 1227 γάμου
1488 1154 1769 1228 προϊοῦσιν
1796 1158 1877 1221 είς

278 1248 540 1317 γέννησιν
564 1265 576 1276 ·
628 1246 927 1301 ἀντιϐαίνει
952 1246 1010 1299 δέ
1048 1263 1165 1310 πως
1204 1248 1237 1318 ἡ
1280 1247 1549 1317 παρθενία
1591 1251 1656 1319 τῇ
1692 1247 1871 1318 φύσει’

279 1335 540 1407 περιττὸν
570 1335 637 1388 ἂν
677 1336 762 1404 εῐη
804 1335 934 1405 περὶ¹
967 1335 1148 1405 γάμου
1183 1338 1498 1408 προτροπὴν
1547 1338 1641 1390 καὶ
1673 1337 1874 1408 παραί-

278 1442 431 1478 νεσιν
460 1424 766 1495 φιλοπόνως
824 1425 1185 1495 συγγράφειν,
1229 1425 1326 1494 τὴν
1378 1424 1875 1493 δυσανταγώνιστον

281 1517 453 1572 αὖτοῦ
502 1515 976 1588 προϐαλλομένους
1024 1518 1324 1588 συνήγορον
1364 1516 1463 1589 τὴν
1489 1516 1703 1589 ἡδονὴν,
1737 1517 1876 1589 πλὴν

280 1613 335 1665 εἰ
369 1611 443 1682 μὴ
489 1612 630 1679 τάχα
689 1610 778 1662 διὰ
816 1609 946 1672 τοὺς
994 1608 1062 1661 τά
1107 1608 1356 1679 δόγματα
1410 1609 1509 1680 τῆς
1550 1610 1876 1682 Ἐκκλησίας

285 1700 817 1770 παραχαράσσοντας
843 1697 954 1750 τῶν
987 1697 1242 1752 τοιούτων
1269 1697 1427 1769 χρεία
1450 1684 1623 1766 λόγων
1650 1698 1716 1752 ἂν
1750 1692 1837 1769 εἴη
1856 1716 1871 1730 ο

1627 311 1714 368 DE
1755 308 2223 369 VlRGlNlTATE.

1900 439 1950 494 A

2566 428 2795 485 CAPUT
2831 431 2963 483 ΠΗ.

2129 567 2241 623 Nec
2263 568 2662 622 matrimonium
2689 584 2799 622 esse
2836 568 2895 619 in
2928 564 3081 620 rebus
3112 564 3402 619 damnatis.

2043 697 2210 753 Nemo
2240 713 2369 753 vero
2399 713 2463 753 ex
2509 698 2599 760 iis,
2633 714 2754 767 quae
2810 698 3068 760 diximus,
3115 698 3169 752 iu
3227 697 3546 769 Opinionem

1973 791 2174 856 veniat,
2212 807 2313 845 nos
2339 792 2679 845 matrimonii
2745 793 3055 861 improbare
3111 791 3552 845 institutionem:

1973 897 2082 937 non
2110 884 2255 936 enim
2291 883 2634 952 ignoramus,
2685 899 2862 953 neque
2909 882 3041 937 illud
3090 897 3121 935 a
3176 881 3557 936 benedictione

1975 974 2067 1031 Dei
2109 974 2281 1031 fuisse
2322 975 2581 1029 alienum.
2621 972 2727 1029 Sed
2759 976 3017 1044 quoniam
3067 973 3171 1027 hoc
3204 972 3379 1042 ipsum
3419 971 3555 1026 satis

1974 1077 2235 1123 accurate
2298 1066 2544 1121 defendit
2604 1067 2914 1121 communis
2995 1065 3274 1119 hominum
3336 1072 3552 1128 natura,

1975 1174 2096 1229 qua:
2121 1174 2221 1214 sua
2252 1166 2448 1228 Sponte
2499 1158 2565 1211 ad
2596 1156 2915 1226 hujusmodi
2947 1171 3036 1210 res
3071 1156 3180 1209 vim
3234 1152 3428 1207 inserit
3486 1152 3555 1207 iis

1974 1251 2425 1321 quimatrimonii
2463 1252 2552 1305 via
2596 1251 2825 1320 quaesita
2868 1250 2935 1303 ad
2971 1236 3266 1302 liberorum
3303 1260 3561 1314 procrea-

1976 1344 2177 1398 tionem
2207 1344 2503 1398 accedunt:
2562 1355 2772 1397 naturae
2806 1342 2951 1395 enim
2984 1340 3221 1410 quodam
3278 1337 3439 1391 modo
3473 1352 3559 1389 rc-

1976 1437 2119 1494 sistit
2147 1437 2458 1507 virginitas;
2490 1449 2954 1504 supervacaneum
3002 1432 3189 1500 utique
3228 1435 3396 1490 esset,
3456 1426 3557 1480 ad-

1976 1528 2305 1584 monitiones
2346 1537 2508 1597 atque
2540 1525 2878 1581 hortationes
2922 1523 2990 1577 de
3044 1520 3395 1576 matrimonio
3428 1518 3557 1572 dili-

1977 1627 2167 1692 genter
2219 1618 2592 1680 eonscribere,
2651 1633 2777 1671 cum
2814 1615 3068 1683 voluptas
3123 1613 3244 1682 ipsa
3277 1608 3553 1671 ostendat,

1978 1727 2039 1767 se
2069 1711 2399 1767 acerrimum
2455 1709 2603 1764 illius
2666 1706 3028 1777 patrocinium
3091 1703 3395 1771 suscipere,
3450 1697 3554 1752 nisi

287 1790 383 1852 οὓς
404 1789 971 1861 κεκαυτηριασμένους
995 1789 1095 1861 τὴν
1126 1790 1262 1843 ίδίαν
1303 1791 1605 1861 συνείδησιν
1633 1792 1661 1844 6
1708 1791 1872 1844 Ἀπό-

1983 1803 2217 1860 fortasse
2251 1812 2433 1857 tamen
2462 1802 2548 1857 his
2575 1800 2919 1855 sermonibus
2969 1810 3109 1866 opus
3142 1800 3290 1849 esset
3334 1798 3559 1860 propter

296 1882 485 1944 6:610;
507 1880 751 1950 ὀνομάζει
774 1898 788 1912 ο
819 1883 914 1935 καὶ
935 1880 1115 1946 καλῶς
1141 1882 1413 1952 ὀνομάζειο
1442 1882 1523 1935 ὅτι
1552 1883 1877 1936 καταλιπόν-

295 1990 392 2036 τες
425 1975 521 2043 τὴν
566 1973 786 2041 όδηγίαν
836 1970 932 2026 τοῦ
983 1973 1140 2041 ἁγίου
1168 1973 1501 2043 Πνεύματος,
1526 1973 1612 2026 διὰ
1635 1973 1734 2044 τῆς
1770 1974 1880 2027 τῶν

292 2067 560 2137 δαιμόνων
574 2065 924 2128 διδασκαλίας
952 2065 1115 2129 οὐλάς
1129 2082 1284 2130 τινας
1305 2066 1399 2119 καὶ
1419 2064 1589 2119 ὲκκαύ
1598 2083 1743 2136 ματα
1760 2068 1878 2130 ταῖς

287 2158 541 2229 καρδίαις
566 2157 746 2233 αὑτῷν
776 2157 1198 2228 ἐγχαράσσουσι,
1217 2157 1284 2211 τὰ
1314 2156 1409 2210 τοῦ
1435 2157 1570 2211 Θεοῦ
1605 2158 1879 2229 κτίσματα

285 2250 702 2322 βδελυσσόμενοι
730 2251 806 2314 ὡς
827 2250 1130 2321 μιάσματα,
1157 2251 1251 2305 καὶ¹
1295 2252 1373 2314 εἰς
1409 2251 1577 2304 κακὸν
1621 2251 1876 2321 φέροντα,

283 2342 385 2395 καὶ
420 2341 826 2412 κακῶνθαῖτια,
860 2343 953 2395 καὶ
982 2341 1049 2396 τά
1091 2342 1316 2396 τοιαῦτα
1359 2342 1875 2413 προσαγορεύοντες.

294 2434 462 2488 Ἀλλά
490 2434 543 2487 τί
586 2452 674 2504 μοι
706 2436 832 2499 τοὺς
870 2434 975 2501 ἔξω
998 2436 1222 2508 κρίνειν,
1264 2435 1426 2507 φησιν
1456 2437 1484 2488 6
1515 2435 1876 2501 Ἀπόστολος;

279 2524 394 2591 ἕξω
411 2526 522 2595 γάρ
546 2527 685 2578 εἰσιν
714 2526 789 2590 ὡς
836 2526 1051 2597 ἀληθῶς
1082 2530 1279 2581 ὲκεῖνοι
1321 2531 1419 2599 τῆς
1456 2525 1550 2580 τοῦ
1583 2527 1741 2596 λόγου
1770 2527 1879 2580 τῶν

284 2617 609 2687 μυστηρίων
636 2617 826 2687 αὐλῆς,
851 2619 950 2671 οὐκ
988 2620 1046 2672 ὲν
1075 2622 1140 2690 τῇ
1170 2619 1348 2693 σκέπῃ
1378 2620 1470 2673 τοῦ
1499 2617 1655 2684 Θεοῦ,
1679 2618 1792 2673 ἀλλ’
1820 2620 1877 2672 ὲν

278 2710 352 2778 τῇ
387 2708 600 2778 μάνδρᾳ
620 2707 714 2761 τοῦ
740 2709 983 2781 Πονηροῦ
1012 2710 1355 2780 αὐλιζόμενοι
1382 2728 1395 2742 ο
1420 2712 1468 2775 οἱ
1503 2711 1877 2782 ἐζωγρημένοι

280 2802 369 2863 εἰς
396 2800 458 2852 τὸ
484 2801 693 2854 ἐκείνου
727 2802 960 2873 θέλημα,
987 2802 1130 2856 κατὰ
1160 2803 1261 2873 τὴν
1288 2802 1383 2857 τοῦ
1409 2804 1732 2857 Ἀποστόλου
1766 2822 1879 2873 φω-

280 2892 409 2962 νὴν,
437 2893 534 2945 καὶ
550 2892 640 2946 διὰ
664 2887 823 2947 τοῦτο
851 2894 924 2965 μὴ
951 2894 1245 2959 συνιέντες,
1277 2895 1358 2948 ὅτι
1376 2894 1556 2966 πάσης
1580 2896 1781 2967 ἀρετῆς
1811 2896 1870 2948 ὲν

285 2984 552 3054 μεσότητι
583 2982 983 3055 θεωρουμένης,
1014 2986 1047 3055 ἡ
1075 2984 1167 3038 ἐπὶ
1200 2984 1267 3038 τὰ
1300 2984 1681 3055 παρακείμενα
1702 3001 1878 3057 παραυ

280 3079 465 3149 τροπὴ
483 3078 651 3131 κακία
680 3076 828 3129 ἐστίν
846 3095 859 3107 ·
888 3076 1130 3145 ὑφέσεως
1149 3076 1259 3148 γὰρ
1295 3076 1387 3130 καὶ
1414 3077 1715 3141 ὲπιτάσεως
1743 3095 1878 3131 παν-

276 3169 457 3239 ταχοῦ
486 3186 570 3231 τις
588 3169 648 3222 τὸ
679 3169 841 3239 μέσον
869 3167 1164 3231 ἐπιλαϐὼν,
1190 3168 1301 3239 ,τὴν
1333 3167 1532 3240 ἀρετὴν
1565 3170 1628 3222 ὲκ
1659 3171 1757 3240 τῆς
1779 3187 1877 3223 και

280 3260 417 3325 κίεις
436 3260 690 3332 διέκρινε.
722 3259 1062 3331 Σαφέστερος
1085 3259 1131 3312 δ’
1157 3259 1224 3314 ἂν
1255 3260 1385 3331 ἡμῖν
1420 3261 1448 3313 6
1485 3259 1642 3329 λόγος
1671 3260 1880 3329 γένοιτο

282 3353 381 3407 ἀπ’
410 3351 591 3406 αὐτῶν
616 3350 724 3404 τῶν
769 3350 1111 3424 πραγμάτων
1155 3348 1539 3421 δεικνύμενος
1577 3350 1757 3405 Δειλία
1784 3352 1879 3405 καὶ

282 3443 493 3516 Θράσος
517 3442 612 3496 δύο
640 3443 830 3497 κακίαι
857 3443 998 3496 κατὰ
1021 3442 1081 3495 τὸ
1104 3441 1345 3496 ἐναντίον
1385 3443 1693 3512 νοούμεναι,
1725 3442 1758 3513 ἠ
1782 3443 1879 3512 μὲν

284 3536 434 3591 κατά
474 3534 730 3605 ἔλλειψιν,
765 3536 799 3605 ἡ
847 3534 904 3587 δὲ
938 3533 1078 3588 κατὰ
1113 3533 1450 3604 πλεονασμὸν
1479 3532 1876 3604 πεποιθήσεως,

293 3629 468 3697 μέσην
502 3626 852 3698 περιέχουσιν
879 3626 1060 3679 αὐτῶν
1092 3626 1192 3696 τὴν
1239 3624 1508 3696 ἀνδρείαν.
1542 3623 1709 3678 Πάλιν
1738 3625 1766 3677 6
1787 3626 1878 3678 εὐ-

289 3717 467 3788 σεϐὴς
499 3715 620 3770 οὒτε
658 3716 837 3782 ἄθεος,
874 3715 996 3770 οὔτε
1028 3717 1380 3789 δεισιδαίμων
1405 3720 1551 3774 ἐστίν
1574 3737 1587 3751 ’
1636 3721 1751 3774 ἴσον
1771 3719 1880 3791 γὰρ

283 3810 384 3865 ἐπ’
417 3810 622 3877 άμςοῖν
649 3807 711 3859 τδ
742 3806 1021 3879 ἀσέϐημα,
1051 3808 1147 3862 καὶ
1178 3808 1240 3861 τὸ
1268 3810 1472 3880 μηδένα
1515 3810 1665 3873 Θεὸν,
1700 3813 1794 3864 καὶ
1821 3811 1881 3864 τὺ

283 3900 535 3962 πολλοὺς
571 3895 702 3952 εἶναι
723 3898 951 3953 οἴεσθαι.
990 3899 1177 3954 Βούλει
1204 3902 1295 3954 καὶ
1316 3901 1384 3955 δι’
1421 3904 1622 3975 ἑτέρων
1647 3903 1880 3973 ἐπιγνῶ-

286 4009 383 4046 ναι
426 3988 491 4043 τὸ
518 3987 722 4059 δόγμα;
763 3990 820 4042 ’0
842 3989 1033 4059 φυγὼν
1061 3990 1122 4044 τὸ
1152 3990 1408 4060 φειδωλὸς
1438 3988 1573 4046 εἶναι
1604 3993 1698 4047 καὶ
1735 3996 1882 4049 ἄσω-

286 4100 406 4146 τος,
449 4083 511 4135 ὲν
530 4079 714 4151 τῇτῶν
733 4081 993 4135 ἐναντίων
1014 4081 1202 4136 παθῶν
1235 4083 1584 4156 ἀναχωρήσει
1602 4084 1700 4157 τὴν
1731 4087 1881 4140 ἐλευ-

288 4176 485 4245 θερίαν
520 4174 597 4245 τῷ
617 4174 739 4245 ήθει
770 4173 1101 4246 κατώρθωσε
1129 4193 1143 4207 ·
1177 4174 1420 4230 τοιοῦτον
1454 4178 1562 4249 γάρ
1590 4196 1641 4232 τι
1665 4182 1698 4250 ἡ
1731 4180 1881 4235 ἐλευ-

286 4270 450 4340 θερία
481 4268 651 4331 ἐστὶν,
680 4265 743 4319 τὸ
782 4268 920 4337 μήτε
954 4266 1090 4338 πρὸς
1110 4266 1209 4331 τὰς
1240 4268 1513 4339 ἀμέτρους
1541 4270 1636 4324 καὶ
1673 4273 1885 4341 ἀνωφε..

284 4361 405 4423 lsi;
440 4359 691 4422 δαπάνας
715 4359 837 4430 εἰκῆ
856 4359 1175 4431 διαχεῖσθαι,
1205 4362 1341 4433 μήτε
1368 4362 1506 4432 πρὸς
1522 4362 1590 4417 τὰ
1614 4363 1884 4433 ἀναγκαῖα

289 4545 385 4598 τνα
425 4543 503 4614 μὴ
553 4546 669 4606 τοῖς
719 4541 1056 4597 καθέκαστον
1097 4544 1422 4617 ἑπεξίωμεν,
1462 4546 1564 4617 τὴν
1614 4548 1887 4622 μεσότητα

285 4633 402 4687 τῶν
430 4632 693 4687 ἐναντίων
719 4632 921 4703 ἀρετὴν
957 4634 987 4685 6
1015 4633 1171 4703 λόγος
1209 4636 1523 4708 ἐγνώρισεν.
1560 4640 1771 4696 Οὐκοῦν
1792 4643 1887 4697 καὶ

288 4725 329 4794 ἡ
363 4722 690 4793 σωφροσύνη
738 4723 971 4795 μεσότης
1015 4725 1182 4792 ἐστὶν,
1221 4727 1317 4806 καί
1351 4728 1592 4800 φανερὰς
1629 4731 1744 4802 ἔχει
1786 4734 1886 4799 τὰς

290 4816 382 4884 ἐφ’
419 4814 660 4886 ἑκάτερα
685 4815 822 4885 πρὸς
874 4815 1073 4869 κακίαν
1111 4818 1491 4890 παρατροπὰς.
1536 4821 1593 4875 '0
1644 4822 1742 4892 μὲν
1776 4823 1885 4897 γάρ

291 4906 563 4961 ἐλλείπων
594 4907 737 4960 κατά
791 4906 884 4960 τδν
933 4906 1035 4972 τῆς
1071 4907 1251 4988 ψυχῆς
1272 4910 1444 4976 τόνον,
1473 4913 1566 4965 καὶ
1610 4912 1698 4967 διὰ
1728 4914 1886 4970 τοῦτο

290 4996 775 5067 σὺκαταγὼνιστος
802 4998 881 5069 τῷ
917 4998 1019 5070 τῆς
1042 4998 1236 5070 ἡδονῆς
1270 5000 1434 5054 πάθει
1458 5003 1759 5074 γινόμενος,
1791 5007 1887 5061 καὶ

292 5088 440 5160 μηδὲ
467 5088 841 5160 προσεγγίσας
872 5091 937 5160 τῇ
979 5087 1085 5159 6δῷ
1124 5088 1221 5143 τοῦ
1255 5091 1378 5145 κατ’
1414 5092 1614 5165 ἀρετὴν
1645 5092 1761 5165 βίου
1792 5097 1887 5149 καὶ

286 5181 601 5253 σώφρονος,
654 5182 734 5244 είς
782 5180 928 5253 πάθη
972 5182 1072 5253 τῆς
1118 5182 1346 5254 ἀτιμίας
1378 5185 1711 5240 κατὼλισθεν
1737 5205 1751 5220 ·
1779 5188 1887 5243 όδὲ

284 5272 592 5345 παρελθὼν
607 5273 707 5343 τῆς
725 5272 1078 5342 σωφροσύνης
1090 5272 1152 5326 τὸ
1170 5272 1417 5345 βάσιμον,
1447 5277 1540 5331 καὶ
1560 5279 1887 5351 ὑπερπεσὼν

277 5364 397 5422 τοῦ
417 5364 588 5434 μέσου
608 5363 705 5435 τῆς
728 5363 950 5436 ἀρετῆς,
973 5357 1086 5417 οἷον
1102 5364 1335 5434 κρημνῷ
1349 5382 1455 5419 τινι
1476 5369 1544 5438 τῇ
1571 5367 1884 5442 διδασκαλίᾳ

276 5455 413 5513 τῶν
432 5452 705 5524 δαιμόνων
732 5451 1124 5524 ὲγκατηνὲχθη,
1144 5455 1542 5525 καυτηριάζων,
1570 5457 1752 5523 καθώς
1781 5477 1885 5531 φη-

282 5563 391 5604 σιν
420 5547 451 5599 6
492 5546 832 5611 ’Δπόστολος,
887 5544 986 5618 τὴν
1016 5545 1154 5601 ἰδίαν
1191 5546 1510 5618 συνείδησιν.
1561 5549 1649 5605 Ἐν
1690 5544 1735 5620 ᾧ
1777 5551 1888 5624 γὰρ

378 5749 403 5784 ⁹
430 5747 453 5805 Ι
477 5748 718 5805 Timotb.
752 5765 824 5816 tv,
848 5749 903 5805 2.
983 5749 1026 5781 “
1054 5748 1072 5802 l
1112 5750 1241 5809 Cor.
1277 5766 1329 5815 v,
1365 5750 1449 5805 l2.

1982 1911 2099 1959 eos,
2164 1897 2258 1966 qui
2309 1893 2561 1949 Ecclesia
2614 1901 2883 1962 pra-cepta
2931 1898 3095 1958 atque
3137 1884 3384 1939 instituta
3431 1895 3558 1935 cor-

1982 1991 2293 2053 rumpunt:
2334 1997 2473 2052 quos
2522 1979 2878 2037 cauteriatam
2940 1991 3095 2033 suam
3161 1971 3559 2029 conscientiam

1981 2074 2247 2132 habentes
2286 2084 2442 2128 vocat
2474 2072 2771 2144 Apostolus
2796 2073 2839 2136 ’,
2885 2076 2941 2123 et
2986 2073 3136 2122 recte
3170 2072 3350 2129 vocat,
3430 2077 3561 2132 pro-

1983 2176 2166 2238 pterea
2214 2166 2380 2235 quod,
2418 2165 2670 2235 spiritum
2719 2162 2912 2215 ducem
2944 2154 3326 2227 relinquendo,
3358 2153 3563 2207 daemo-

1985 2258 2196 2323 niorum
2229 2254 2497 2309 doctrinis
2532 2251 2821 2307 cicatrices
2867 2247 3159 2317 quasdam,
3218 2251 3382 2312 atque
3438 2242 3560 2295 inu-

1983 2352 2189 2405 Stiones
2217 2347 2479 2402 cordibus
2511 2345 2627 2401 suis
2660 2342 3002 2412 imprimunt,
3037 2351 3125 2391 res
3160 2350 3190 2388 a
3221 2334 3328 2389 Deo
3345 2342 3559 2387 creatas

1982 2442 2334 2500 detestantes.
2368 2439 2529 2507 quasi
2566 2438 2793 2505 impurae
2827 2432 2933 2485 illae
2962 2431 3092 2489 sint,
3126 2425 3191 2480 ad
3242 2425 3559 2492 malumque

1983 2535 2222 2597 trahant,
2259 2541 2421 2602 atque
2455 2534 2510 2585 in
2541 2542 2707 2583 causa
2738 2526 2850 2581 sint
2895 2523 3188 2583 malorum,
3225 2524 3279 2574 et
3305 2516 3419 2570 haec
3477 2522 3561 2568 at-

1984 2642 2091 2695 que
2116 2626 2221 2679 alia
2252 2620 2527 2693 ejusmodi
2561 2620 2828 2675 dicentes.
2883 2616 2952 2669 At
2980 2613 3113 2684 quid
3145 2610 3210 2666 ad
3239 2625 3324 2664 me
3372 2615 3559 2664 extra-

1981 2733 2116 2775 neos
2143 2717 2413 2787 judicare,
2447 2713 2626 2783 inquit
2652 2709 2948 2781 Apostolus
2967 2707 3054 2761 "’1'
3097 2702 3352 2760 Extraitei
3388 2701 3557 2767 enim,

1983 2822 2037 2868 et
2072 2810 2230 2864 alieni
2265 2824 2322 2863 re
2354 2822 2483 2861 vera
2515 2816 2642 2860 sunt
2673 2803 2750 2856 illi
2785 2818 2815 2856 a
2871 2816 2992 2856 sese
3031 2796 3439 2865 domicilioque,
3504 2793 3561 2847 in

1984 2917 2093 2973 quo
2150 2898 2539 2969 mysteriorum
2598 2908 2779 2949 sermo
2815 2892 3026 2961 positus
3059 2895 3166 2949 est,
3200 2885 3295 2956 qui
3339 2898 3445 2938 non
3503 2880 3560 2935 in

1984 2992 2079 3047 Dei
2107 2989 2386 3062 praesidio,
2422 2985 2517 3043 sed
2553 2985 2606 3039 in
2636 2983 2899 3054 spelunca
2930 2977 3132 3033 diaboli
3184 2975 3252 3031 ad
3299 2975 3421 3045 ejus
3464 2986 3561 3062 vo-

1988 3061 2249 3136 luntatem
2281 3082 2716 3138 commorantur,
2739 3070 3041 3127 secundum
3066 3081 3251 3123 vocem
3279 3061 3558 3134 Apostoli:

1982 3181 2382 3243 preptereaque
2412 3182 2521 3222 non
2555 3164 2883 3234 intelligunt,
2910 3176 3035 3215 cum
3065 3158 3243 3212 virtus
3274 3154 3454 3209 omnis
3504 3152 3559 3206 in

1980 3261 2363 3319 mediocritate
2388 3257 2681 3319 consistat,
2708 3254 2784 3315 id,
2811 3251 2957 3321 quod
2976 3250 3029 3302 in
3052 3248 3358 3302 contrarias
3379 3248 3562 3312 partes

1982 3354 2341 3415 convertitur,
2373 3365 2494 3405 esse
2525 3347 2738 3402 vitium.
2784 3343 2887 3410 Qui
2924 3341 3068 3396 enim
3102 3340 3157 3393 in
3187 3335 3442 3391 omnibus
3476 3348 3563 3388 re-

1978 3447 2084 3501 bus
2114 3453 2167 3501 et
2202 3444 2344 3513 ejus,
2393 3438 2538 3511 quod
2571 3451 2787 3508 parum,
2826 3442 2878 3489 et
2913 3432 3082 3494 illius,
3130 3428 3273 3499 quod
3325 3424 3557 3480 nimium

1979 3545 2085 3601 est,
2114 3533 2546 3591 mediocritatem
2574 3528 2744 3599 capit,
2781 3526 2871 3581 hic
2903 3525 3094 3579 vitium
3137 3537 3167 3576 a
3218 3522 3419 3574 virtute
3448 3516 3560 3571 dis-

1981 3627 2168 3683 tinxit.
2218 3623 2458 3693 Quaestio
2506 3621 2620 3676 haec
2656 3617 2919 3674 illustrior
2948 3616 3076 3680 erit,
3121 3612 3167 3667 si
3211 3609 3374 3667 rebus
3425 3610 3558 3681 ipsis

1985 3720 2418 3775 demonstretur.
2487 3712 2663 3767 Metus
2695 3718 2748 3765 et
2794 3707 3044 3770 audacia,
3075 3705 3187 3757 duo
3245 3718 3276 3757 e
3334 3703 3557 3773 regione

1980 3812 2159 3884 posita
2190 3810 2319 3863 vitia
2351 3813 2638 3878 putantur,
2668 3802 2757 3856 hic
2796 3798 3038 3870 quidem,
3088 3794 3348 3867 quoniam
3386 3793 3558 3848 conﬂ-

1981 3906 2178 3961 deutire
2211 3902 2433 3957 modum
2469 3897 2695 3959 deserit,
2732 3894 2824 3948 illa
2866 3890 2995 3962 quia
3057 3899 3301 3959 superat,
3354 3886 3561 3940 medio-

1982 3997 2231 4051 critatem
2264 3993 2573 4056 continent,
2618 4001 2738 4057 quae
2795 3984 2849 4039 in
2916 3980 3237 4037 fortitudine
3290 3977 3555 4034 cernitur.

1982 4088 2220 4151 Rursus,
2255 4085 2347 4156 qui
2383 4084 2644 4154 pietatem
2699 4077 2852 4139 colit,
2888 4077 2934 4130 is
2968 4089 3147 4143 neque
3191 4072 3391 4141 impius
3453 4077 3555 4130 est.

1983 4197 2160 4250 neque
2193 4175 2650 4247 superstitiosus;
2688 4171 2740 4224 in
2775 4177 3008 4236 utroque
3035 4166 3181 4220 enim
3227 4176 3382 4231 aeque
3418 4161 3560 4213 inest

1983 4271 2236 4341 impietas
2270 4287 2283 4322 :
2318 4267 2479 4328 alter,
2520 4263 2647 4332 quia
2675 4259 2843 4314 Deum
2886 4264 3083 4325 negat;
3126 4254 3263 4306 alter
3298 4252 3556 4321 quoniam

1938 4348 1954 4364 ’
1982 4362 2184 4416 multos
2229 4374 2352 4414 esse
2398 4355 2677 4424 opinatur.
2730 4348 2899 4403 Visne
2933 4348 3036 4401 hoc
3091 4345 3270 4416 ipsum
3331 4359 3396 4397 ex
3434 4343 3561 4397 aliis

292 4453 639 4526 μικρολόγως
663 4453 827 4522 ἔχειν.
862 4452 1021 4506 (lii-tto
1041 4453 1134 4506 καὶ
1159 4454 1251 4506 ἐπὶ
1275 4454 1382 4509 τῶν
1416 4454 1620 4509 λοιπῶν
1643 4458 1879 4524 πάντων,

1986 4450 2356 4524 cognoscere?
2407 4446 2511 4513 Qui
2544 4445 2598 4498 in
2632 4442 2813 4497 avaris
2869 4454 2933 4494 ac
2968 4437 3208 4508 prodigis
3242 4450 3367 4491 esse
3403 4451 3553 4488 recu-

1987 4551 2092 4606 sat,
2135 4536 2429 4594 contrariis
2458 4537 2601 4590 inter
2626 4547 2687 4589 se
2722 4530 3006 4585 all'ectibus
3056 4525 3305 4588 remotis,
3363 4524 3560 4577 libera-

1986 4634 2195 4688 litatem
2234 4629 2424 4684 habitu
2485 4624 2722 4696 quodam
2767 4630 2919 4678 recte
2969 4618 3180 4685 coluit;
3258 4615 3559 4668 liberalitas

1985 4726 2130 4782 enim
2191 4724 2249 4778 in
2303 4736 2369 4777 eo
2423 4720 2624 4784 elucet,
2684 4724 2742 4771 ut
2785 4732 2853 4771 ne
2902 4715 3028 4784 quis
3066 4714 3120 4767 in
3160 4716 3415 4779 sumptus
3462 4706 3555 4759 im-

1988 4817 2309 4872 moderatos
2378 4812 2715 4880 minimeque
2765 4808 2929 4863 utiles
2982 4815 3185 4860 temere
3229 4800 3561 4874 profuseque

1984 4918 2197 4980 eroget,
2232 4920 2369 4963 neve
2428 4906 2486 4959 in
2541 4903 2705 4958 rebus
2764 4896 3094 4955 necessariis
3131 4909 3331 4965 parcus
3387 4894 3459 4947 sit
3498 4906 3562 4945 ac

1983 5004 2276 5058 remissus.
2313 4998 2493 5068 Atque
2524 4995 2597 5050 ita
2628 4994 2684 5049 in
2713 4991 2928 5047 caeteris
2949 4987 3230 5052 omnibus,
3259 5001 3329 5041 ne
3346 4984 3560 5053 singula

1984 5110 2086 5151 nos
2113 5104 2528 5165 persequamur,
2560 5100 2746 5141 rerum
2776 5083 2919 5137 inter
2948 5096 3009 5135 se
3030 5076 3392 5150 pugnantium
3448 5089 3563 5127 me-

1985 5185 2330 5242 diocritatem
2363 5181 2418 5235 in
2442 5179 2645 5235 virtute
2675 5174 2913 5247 positam
2949 5186 3074 5227 esse
3098 5171 3238 5224 ratio
3271 5165 3515 5222 deﬁnivit
3543 5180 3559 5218 :

1983 5278 2169 5347 itaque
2214 5269 2571 5342 temperantia
2602 5270 2732 5323 item
2764 5264 3118 5321 mediocritas
3148 5269 3254 5325 est,
3296 5266 3459 5329 atque
3508 5256 3563 5309 in

1989 5376 2221 5437 utraque
2252 5372 2408 5436 parte
2440 5358 2831 5416 conversiones
2864 5355 2932 5411 ad
2984 5355 3176 5411 vitium
3228 5350 3389 5405 habet
3436 5361 3564 5418 per-

1991 5460 2229 5533 spicuas.
2261 5455 2365 5523 Qui
2390 5455 2535 5511 enim
2563 5450 2732 5506 animi
2764 5448 3025 5503 ﬁrmitate
3064 5445 3356 5511 deseritur,
3416 5440 3566 5495 volu-

1999 5552 2271 5626 ptatisque
2287 5546 2482 5604 affectu
2502 5543 2663 5600 facile
2688 5540 2947 5600 vincitur.
2980 5550 3209 5610 eamque
3237 5535 3308 5591 ob
3341 5544 3565 5588 causam
