3896 6204
318 278 424 343 355
1562 279 1619 334 S.
1662 278 1989 336 GBEGORII
2022 280 2317 338 NYSSENI
3462 277 3563 338 356

322 402 391 459 ad
417 402 744 472 incorrupta:
804 407 1226 471 temperatazque
1254 400 1380 454 vitae
1408 402 1548 455 viam
1580 418 1749 473 prope
1788 417 1895 457 non

2020 403 2288 457 εδελυκτὸν
2319 398 2456 456 εἶναι
2496 401 2584 454 τὸν
2645 400 2821 470 γάμον
2859 399 3123 471 ὁρίζεται,
3167 399 3357 453 ἐαυτὸν
3403 399 3561 467 στίζει

324 492 579 559 accessit,
621 494 674 547 in
707 492 1102 563 ignominiosas
1129 491 1218 547 hic
1266 492 1583 548 all'ectiones
1635 494 1894 564 delapsus

2020 499 2104 561 λοῖς
2130 494 2223 549 τοῦ
2248 494 2426 565 γάμου
2458 492 2808 563 ὀνειδισμοῖς·
2839 495 2886 546 εί
2916 492 3024 564 γὰρ
3056 492 3117 545 τὸ
3138 492 3353 564 δένδρον
3381 491 3556 561 κακὸνι

326 584 549 644 incidit;
593 584 684 653 qui
734 598 862 637 vero
900 584 1277 654 temperantia:
1309 584 1445 640 lines
1488 586 1709 651 transit,
1765 595 1815 640 et
1867 601 1895 640 a

2020 585 2179 649 ιαθώς
2209 586 2342 657 φησί
2370 602 2470 638 που
2506 586 2566 639 τδ
2607 585 2962 654 Εὐαγγέλιον,
3004 585 3098 638 καὶ
3130 584 3158 636 6
3191 583 3406 654 καρπὸς
3433 584 3576 638 πάν-

324 673 547 728 virtutis
602 674 981 729 mediocritate
1044 675 1289 750 recedit,
1350 675 1439 730 hic
1501 676 1895 731 conscientiam

2020 697 2102 743 rm;
2122 678 2215 734 τοῦ
2243 679 2457 750 δένδρου
2489 672 2660 743 ἄξιος.
2682 679 2746 731 Et
2777 676 2842 748 δὴ
2875 676 2969 731 τοῦ
2994 675 3160 745 φυτοῦ
3183 675 3276 730 τοῦ
3308 676 3452 730 κατά
3487 675 3577 728 τὸν

327 780 504 828 suam,
539 765 717 836 inquit
744 766 1058 836 Apostolus,
1092 748 1445 822 canteriatam
1471 766 1698 833 habens,
1721 769 1773 823 in
1803 768 1900 822 ali-

2020 772 2175 842 rdtpov
2227 748 2513 842 βλάστημα
2561 771 2657 824 καὶ
2689 768 2904 840 καρπός
2929 769 3076 821 ἐστιν
3108 766 3471 837 ὀάνθρωπος,
3508 764 3579 819 τὰ

327 871 464 924 quas
509 857 905 912 dmmouiorum
964 858 1231 913 doctrina:
1282 858 1524 914 salebras
1580 861 1901 931 compulsus

2020 861 2093 916 τοῦ
2124 862 2302 934 γάμου
2336 863 2510 933 ὀνείδη
2557 862 2777 924 πάντως
2805 857 2899 913 τοῦ
2947 860 3313 929 προφέροντος
3343 856 3573 925 γίνεται.

328 947 580 1000 incurrit.
613 946 747 1001 Nam
788 946 934 1018 quod
963 949 1367 1005 matrimonium
1406 950 1733 1005 detestabile
1782 967 1907 1007 esse
1945 953 2161 1019 statuit,
2234 951 2644 1007 matrimonium
2712 951 2891 1020 ipsum
2930 948 3311 1019 vituperando,
3358 962 3421 1001 se
3458 947 3579 1015 ipse

329 1039 667 1094 conscindit:
698 1040 744 1095 si
771 1040 916 1096 enim
949 1040 1114 1095 arbor
1134 1041 1296 1104 mala,
1327 1050 1386 1095 ut
1408 1049 1490 1097 est
1512 1042 1745 1110 quodam
1806 1043 1926 1097 loco
1964 1043 2019 1098 in
2057 1043 2360 1113 Evangelia
2393 1043 2458 1110 ¹¹,
2492 1041 2707 1101 fructus
2734 1040 2857 1110 ejus
2889 1039 3020 1096 item
3046 1046 3130 1094 est
3169 1037 3367 1094 arbore
3415 1037 3580 1107 plane

329 1130 549 1201 dignus,
582 1132 912 1186 matrimonii
943 1134 1096 1203 quasi
1140 1133 1373 1201 alicujus
1432 1135 1631 1205 plantae
1679 1151 1899 1205 germen
1942 1143 2049 1202 est,
2082 1143 2248 1207 atque
2273 1134 2488 1191 fructus
2517 1133 2704 1190 homo.
2772 1131 2906 1199 Qua:
2950 1131 3118 1202 igitur
3178 1130 3296 1200 ipse
3341 1129 3401 1184 in
3456 1144 3579 1185 ma-

328 1223 649 1277 trimonium
682 1221 929 1278 convicia
957 1223 1200 1292 conjicit,
1249 1223 1303 1277 in
1327 1239 1453 1279 eum
1510 1224 1599 1278 illa
1650 1225 1768 1296 ipsa
1811 1223 2086 1281 recidunt.

400 1320 469 1374 At
518 1320 594 1373 illi
633 1319 874 1389 quidem,
905 1320 997 1389 qui
1029 1320 1422 1376 conscientiam
1475 1321 1621 1377 notis
1653 1323 1895 1376 inustam

2081 1320 2218 1375 Ἀλλ’
2247 1320 2444 1375 ἐκεῖνοι
2493 1319 2592 1389 μὲν
2635 1314 2949 1388 στιγματίαι
2992 1312 3090 1385 τὴν
3138 1313 3437 1384 συνείδησιν
3480 1312 3580 1368 καὶ

329 1411 551 1477 habent,
609 1419 771 1480 atque
811 1426 879 1466 ex
928 1412 1211 1467 sententiae
1269 1411 1610 1468 absurditate
1663 1420 1792 1467 sunt
1819 1412 1902 1467 ci-

2020 1410 2634 1484 ιαταμεμωλωπισμένοι
2686 1413 2751 1482 τῇ
2797 1408 2999 1480 ἀτοπίᾳ
3041 1407 3137 1461 τοῦ
3182 1408 3448 1479 δόγματος
3486 1407 3581 1462 διὰ

330 1502 533 1557 catrice
587 1502 823 1571 quadam
884 1501 1086 1569 allecti,
1133 1502 1402 1572 ejusmodi
1454 1504 1621 1560 rebus
1670 1504 1905 1559 convin-

2020 1503 2108 1557 τῶν
2139 1501 2397 1557 τοιούτων
2429 1502 2759 1571 ἐλέγχονται.
2799 1499 2992 1570 Ἡμεῖς
3026 1498 3085 1552 δὲ
3108 1497 3281 1552 ταῦτα
3320 1497 3415 1552 καὶ
3444 1497 3580 1568 mp!

330 1601 547 1647 cuntur.
611 1590 722 1648 Nos
775 1607 905 1648 vero
963 1592 1031 1648 de
1076 1594 1428 1648 matrimonio
1484 1594 1561 1649 ita
1614 1596 1903 1662 sentimus,

2020 1594 2096 1648 τοῦ
2140 1593 2321 1665 γάμου
2370 1590 2731 1662 γινώσκομεν,
2786 1590 2860 1655 ὡς
2905 1590 2986 1643 δεῖ
3028 1589 3442 1661 προηγουμένην
3479 1588 3612 1660 μένι

330 1694 586 1755 Oportere
639 1700 739 1740 uos
774 1700 959 1740 rerum
1016 1685 1325 1739 divinarum
1386 1686 1630 1742 studium
1687 1702 1907 1743 curam-

2020 1679 2145 1738 εἶναι
2174 1682 2272 1754 τὴν
2300 1682 2429 1754 περὶ
2453 1682 2521 1737 τὰ
2568 1682 2687 1736 θεῖα
2722 1680 2957 1751 σπουδήν
2981 1697 3044 1734 τε
3086 1679 3183 1734 καὶ
3218 1678 3537 1750 ἐπιμέλειαν
3558 1720 3577 1746 ,

330 1792 436 1846 que
465 1775 593 1831 huic
621 1776 955 1831 matrimonii
981 1774 1156 1831 ollicio
1186 1775 1479 1842 anteferre,
1517 1793 1694 1847 neque
1726 1787 1906 1834 tamen

2020 1775 2106 1847 τῆς
2134 1775 2191 1828 δὲ
2218 1773 2314 1829 τοῦ
2342 1773 2522 1845 γάμου
2554 1772 2893 1844 λειτουργίας
2928 1772 3003 1843 μὴ
3044 1772 3315 1843 ὑπερορᾷν
3354 1770 3444 1824 τὸν
3468 1788 3581 1825 σως

331 1882 455 1922 eum
490 1867 795 1937 despicere,
844 1867 938 1937 qui
984 1874 1287 1939 temperate
1343 1867 1460 1935 illo,
1518 1882 1582 1923 ac
1629 1869 1909 1926 moderate

333 1959 412 2012 uti
463 1966 640 2028 potest
675 1976 689 2013 :
738 1959 917 2028 qualis
964 1958 1276 2027 patriarcha
1314 1956 1467 2015 Isaac
1505 1959 1625 2026 fuit,
1672 1961 1768 2032 qui
1797 1977 1907 2017 non

226 2119 231 2124 ⁸
335 2048 660 2106 ﬁorescente
683 2059 861 2114 actate,
905 2057 966 2104 ut
1001 2048 1274 2106 all‘ectioui
1310 2052 1626 2123 conjugium
1657 2054 1907 2118 serviret,

337 2139 432 2197 sed
467 2142 733 2197 exhausta
769 2141 881 2211 jam
912 2141 1304 2210 adolescentia,
1350 2144 1419 2198 ob
1464 2143 1556 2199 Dei
1606 2145 1659 2199 in
1704 2146 1910 2203 semine

335 2233 795 2300 benedictionem,
846 2232 1150 2289 Rebeccam
1187 2234 1243 2289 in
1278 2235 1686 2291 matrimonium
1714 2238 1907 2293 duxit:

336 2326 426 2382 cui
470 2341 595 2381 cum
637 2341 814 2395 usque
843 2326 911 2380 ad
941 2342 1115 2382 unum
1146 2335 1365 2398 partum
1392 2343 1614 2398 operam
1645 2330 1909 2399 dedisset,

336 2433 532 2474 rursus
565 2418 620 2472 in
666 2418 852 2486 rebus,
885 2433 1007 2490 quae
1049 2420 1226 2475 oculis
1262 2437 1372 2475 non
1414 2433 1737 2487 cernuntur,
1764 2434 1910 2482 totus

336 2507 466 2573 fuit,
509 2508 714 2565 clausis
742 2511 993 2580 corporis
1027 2511 1302 2568 sensibus.
1347 2511 1400 2567 ld
1438 2513 1583 2568 enim
1606 2515 1913 2588 signiﬁcare

337 2600 472 2656 mibi
520 2601 737 2657 videtur
780 2600 1037 2669 historia,
1082 2618 1202 2672 quae
1243 2619 1462 2675 gravem
1511 2606 1656 2663 illius
1687 2610 1915 2679 patriar-

339 2691 457 2748 chae
508 2692 794 2747 oculorum
827 2692 1080 2747 obtutum
1112 2704 1524 2751 commemorat.
1571 2697 1749 2768 Atque
1797 2700 1913 2755 ι)ωο

338 2784 559 2854 quidem
604 2784 678 2837 ita
727 2798 787 2838 se
822 2783 1080 2849 habeant,
1124 2785 1583 2854 quemadmodum
1620 2789 1687 2845 iis
1734 2789 1810 2845 ita
1854 2806 1914 2847 se

341 2874 546 2931 habere
576 2862 859 2940 videntur,
889 2876 985 2947 qui
1012 2876 1283 2946 ejusmodi
1309 2894 1397 2934 res
1418 2883 1726 2951 perspicere
1757 2883 1916 2952 plane

342 2964 546 3021 sciunt.
578 2964 692 3021 Nos
737 2981 891 3031 vero,
923 2983 1045 3037 qua:
1088 2968 1156 3022 ad
1192 2969 1457 3026 orationis
1498 2973 1912 3042 perpetuitatem

2009 1867 2218 1939 φρόνως
2247 1884 2307 1920 τε
2327 1867 2422 1921 καὶ⁸
2450 1865 2879 1938 μεμετρημένως
2914 1864 3212 1936 κεχρῆσθαι
3239 1864 3536 1935 δυνάμενον
3559 1878 3579 1897 ο

2008 1958 2120 2024 οἷος
2142 1957 2209 2032 ἦν
2235 1962 2264 2013 ὀ
2303 1958 2643 2031 πατριάρχης
2695 1956 2915 2020 Ἰσαὰκ,
2970 1956 3029 2020 ὃς
3073 1956 3173 2010 οὐκ
3205 1958 3262 2009 ἐν
3285 1957 3437 2027 ἀκμῇ
3481 1954 3585 2025 τῆς

2010 2051 2222 2122 ἡλικίας
2247 2090 2261 2116 ,
2287 2051 2374 2104 ῖνα
2411 2049 2487 2120 μὴ
2513 2048 2716 2113 πάθους
2745 2047 2906 2119 ἔργον
2931 2048 2960 2101 6
2986 2046 3162 2118 γάμος
3189 2047 3431 2117 γένηται,
3462 2046 3582 2101 ἀλλ’

2010 2140 2110 2211 ἤδη
2147 2140 2246 2209 τῆς
2282 2138 2533 2210 νεότητος
2576 2136 3019 2208 ὑπαναλωθείσης
3052 2136 3199 2209 αὐτῷ
3233 2136 3445 2208 δέχεται
3480 2135 3582 2209 τὴν

2010 2231 2109 2302 τῆς
2136 2231 2427 2295 Ῥεϐέκκας
2454 2230 2781 2302 συνοίκησιν,
2809 2231 2906 2303 τῆς
2930 2230 3019 2285 διὰ
3054 2231 3152 2301 τὴν
3188 2230 3280 2285 ἐπὶ
3314 2229 3390 2301 τῷ
3416 2228 3584 2299 σπέρ-

2015 2338 2144 2392 ματι
2175 2320 2269 2373 τοῦ
2302 2319 2438 2373 Θεοῦ
2465 2320 2713 2389 εὐλογίαν
2735 2337 2747 2349 ·
2790 2320 2886 2373 καὶ
2923 2319 3087 2391 μέχρι
3113 2319 3241 2389 μιᾶς
3276 2318 3460 2383 ὠδῖνος
3487 2319 3586 2371 ὑπ-

2013 2418 2286 2486 ηρετήσας
2308 2412 2386 2483 τῷ
2410 2412 2591 2484 γάμῳ,
2628 2412 2789 2466 πάλιν
2814 2411 2920 2465 τῶν
2947 2410 3194 2482 ἀοράτων
3218 2409 3337 2473 ὅλος
3363 2405 3454 2480 ἦν,
3482 2409 3587 2481 μύ-

2016 2524 2113 2570 σας
2145 2504 2215 2559 τά
2247 2505 2534 2576 σωματικά
2573 2504 2900 2575 αἰσθητήρια
2925 2519 2938 2532 '
2977 2502 3133 2557 τοῦτο
3162 2502 3270 2573 γὰρ
3297 2503 3329 2571 ἡ
3376 2501 3588 2572 ἱστορία

2013 2599 2161 2653 δοκεῖ
2201 2597 2518 2669 σημαίνειν,
2562 2596 2659 2668 τὴν
2697 2595 2974 2667 βαρύτητα
3014 2595 3123 2648 τῶν
3159 2592 3449 2664 ὀφθαλμῶν
3488 2590 3586 2653 τοῦ

2016 2691 2354 2765 πατριάρχου
2399 2687 2750 2760 διηγουμένη.
2802 2687 2960 2742 Ἀλλά
3009 2686 3182 2742 ταῦτα
3239 2685 3338 2757 μὲν
3394 2685 3585 2756 ἐχέτω,

2013 2787 2161 2850 ὅπως
2186 2785 2252 2839 ἂν
2282 2784 2424 2855 ἐχειν
2445 2784 2576 2856 δοκῇ
2611 2784 2723 2847 τοῖς
2766 2780 2836 2836 τά
2862 2781 3083 2835 τοιαῦτα
3106 2779 3340 2852 καθορᾷν
3367 2780 3592 2850 ἐπιστή-

2019 2895 2196 2949 μοσιν.
2244 2877 2437 2947 Ἡμεῖς
2464 2876 2520 2929 δὲ
2548 2876 2684 2947 πρὸς
2723 2873 2793 2928 τὰ
2827 2874 3022 2945 συνεχῆ
3067 2873 3163 2927 τοῦ
3194 2872 3352 2941 λόγου
3385 2872 3590 2944 προΐω-

2020 2987 2139 3039 μεν.
2171 2969 2237 3022 Τί
2268 2963 2361 3022 οῦν
2384 2963 2452 3038 ἧν
2476 2966 2535 3021 τὸ
2562 2966 2883 3038 λεγόμενον;
2912 2965 3034 3019 Ὀτι
3059 2963 3126 3019 ἂν
3154 2964 3247 3036 ἐξῇ
3273 3002 3289 3028 ,
3324 2965 3464 3035 μήτε
3493 2962 3592 3034 τῆς

339 3052 639 3122 pertinent,
694 3069 1109 3124 persequamur.
1145 3055 1286 3122 Quid
1318 3072 1449 3129 ergo
1485 3058 1618 3113 illud
1651 3070 1735 3117 est
1769 3062 1912 3133 quod

2020 3060 2293 3132 θειοτέρας
2334 3058 2629 3129 ἐπιθυμίας
2673 3056 3001 3127 ἀφίστασθαι
3029 3096 3043 3121 ,
3077 3057 3215 3129 μήτε
3259 3055 3592 3126 ἀποφεύγειν

342 3142 566 3210 dicitur,
593 3145 640 3198 si
664 3144 904 3211 licuerit,
927 3161 1106 3216 neque
1129 3161 1159 3201 a
1190 3147 1376 3204 divina
1414 3150 1694 3206 voluntate
1732 3152 1915 3209 disce-

342 3234 455 3302 dat,
508 3250 684 3309 neque
727 3237 947 3308 nuptias
997 3238 1209 3311 fugiat?
1254 3256 1376 3313 qua:
1405 3257 1572 3312 porro
1603 3248 1918 3301 naturaein-

345 3329 688 3386 stitutionem
722 3341 1062 3401 aspernetur,
1095 3334 1486 3392 crimineturve
1518 3337 1594 3405 id,
1627 3339 1714 3394 cui
1743 3340 1918 3397 honos

344 3421 568 3477 attribui
606 3421 767 3486 solet,
802 3424 954 3479 nulla
998 3432 1083 3481 est
1131 3428 1310 3483 oratio
1363 3447 1377 3483 :
1439 3445 1565 3485 nam
1614 3440 1675 3486 ut
1714 3410 1778 3487 in
1829 3448 1915 3500 eo,

343 3511 487 3584 quod
509 3529 536 3567 a
558 3515 717 3570 nobis
745 3518 1054 3588 expositum
1074 3527 1179 3581 est,
1211 3534 1365 3590 aqua:
1403 3531 1454 3577 et
1475 3521 1641 3580 fontis
1667 3526 1918 3596 exemplo

342 3614 491 3676 patet
516 3623 530 3661 ε
563 3621 687 3662 cum
718 3607 771 3660 in
795 3608 1075 3678 regionem
1104 3610 1343 3681 aliquam
1365 3614 1602 3683 agricola
1633 3618 1919 3675 canalibus

344 3712 542 3769 aquam
597 3699 828 3766 derivat,
872 3700 927 3754 in
985 3701 1277 3771 medioque
1318 3720 1484 3761 cursu
1529 3709 1817 3775 contingit,
1861 3721 1922 3765 ut

349 3787 546 3858 exig'uo
584 3788 762 3843 rivulo
792 3805 931 3860 opus
962 3790 1035 3846 sit
1070 3810 1085 3847 :
1118 3798 1329 3846 tantum
1371 3794 1463 3850 ille
1492 3810 1647 3865 aquae
1679 3797 1922 3853 diﬂluere

347 3879 630 3944 concedet,
674 3887 939 3949 quantum
976 3897 1113 3938 usus
1146 3882 1240 3940 ille
1277 3885 1558 3942 moderate
1586 3888 1807 3960 exigere
1838 3890 1921 3944 vi-

347 3968 527 4035 detur,
563 3987 861 4043 rursusque
890 3981 1116 4043 paratus
1160 3983 1266 4042 est,
1330 3986 1388 4030 ut
1438 3978 1491 4032 id
1543 3992 1668 4035 cum
1710 3980 1921 4051 reliquo

348 4060 547 4117 iterum
572 4077 726 4131 aqua:
746 4079 913 4120 cursu
930 4066 1509 4146 commisccatur..Sin
1534 4079 1732 4139 autem,
1767 4087 1923 4142 aqua:

344 4149 482 4205 nihil
525 4153 875 4219 reservando,
923 4154 1129 4210 aditum
1168 4156 1244 4211 illi
1276 4156 1494 4213 incaute
1521 4160 1748 4230 aperiet,
1773 4162 1921 4233 peri-

348 4243 530 4298 culum
564 4245 691 4310 erit,
733 4261 803 4301 ne
857 4254 970 4301 tota
1002 4262 1158 4321 aquae
1188 4249 1293 4316 vis,
1328 4260 1538 4308 rectum
1574 4268 1798 4310 cursum
1834 4270 1923 4312 re-

348 4334 670 4405 linquendo,
698 4338 988 4407 paludibus
1010 4355 1075 4396 ex
1102 4349 1423 4399 transverso
1455 4345 1641 4401 omnia
1665 4355 1917 4419 occupet.

2017 3152 2110 3207 τὸν
2139 3151 2336 3223 γάμον.
2382 3148 2569 3214 Οὐδείς
2599 3151 2714 3203 ἐστι
2756 3149 2914 3219 λόγος
2942 3150 2972 3202 ὀ
3004 3147 3210 3202 ἀθετῶν
3241 3148 3339 3218 τὴν
3388 3150 3595 3202 οἰκονο-

2021 3244 2151 3315 μίαν
2196 3245 2296 3314 τῆς
2340 3241 2591 3311 φύσεως,
2637 3242 2729 3296 καὶ
2779 3241 2855 3305 ώς
2892 3239 3173 3311 βδελυκτέΝ
3207 3239 3506 3296 διαϐάλλων
3534 3239 3595 3293 τὸ

2017 3334 2215 3405 τίμιον.
2240 3331 2507 3402 Καθάπερ
2541 3330 2648 3403 γὰρ
2677 3331 2769 3384 ἐπὶ
2786 3330 2881 3386 τοῦ
2907 3329 3307 3403 προρρηθέντος
3339 3331 3473 3401 ἡμῖν
3502 3328 3595 3384 τοῦ

2019 3426 2163 3481 κατά
2200 3426 2260 3480 τὸ
2308 3424 2455 3496 ὓδωρ
2507 3425 2601 3478 καὶ
2629 3424 2731 3496 τὴν
2773 3423 2956 3495 πηγὴν
3001 3421 3399 3493 ύποδείγματος
3424 3461 3440 3487 ,
3469 3422 3596 3476 ὅταν

2020 3519 2113 3572 ἐπί
2154 3535 2208 3572 τι
2238 3517 2436 3589 χωρίον
2465 3514 2784 3588 διοχετεύων
2815 3518 2845 3570 6
2882 3514 3125 3587 γεωργὸς
3159 3514 3221 3568 τὸ
3269 3513 3412 3586 ὕδωρ
3440 3511 3599 3581 ἐφέλο

2022 3628 2176 3666 κεται
2197 3651 2212 3677 ,
2239 3611 2462 3680 γένηται
2495 3609 2550 3663 δέ
2590 3625 2671 3673 τις
2712 3607 2805 3663 καὶ
2834 3607 2923 3662 διὰ
2952 3607 3115 3678 μέσου
3150 3606 3309 3678 χρεία
3338 3605 3599 3677 βραχείας

2022 3703 2327 3775 ἀπορροῆς,
2372 3701 2619 3756 τοσοῦτον
2664 3700 2824 3772 μόνον
2855 3697 3014 3753 δώσει
3037 3699 3441 3771 παραρῤυῆναι,
3471 3699 3595 3751 ὅσον

2020 3798 2087 3867 τῇ
2117 3793 2449 3868 ὲπιζητούσῃ
2492 3794 2654 3866 χρείᾳ
2707 3791 3017 3864 σύμμετρον
3059 3794 3349 3860 γενόμενον
3374 3831 3391 3858 ,
3435 3789 3595 3843 πάλιν

2022 3885 2256 3949 εὐκόλως
2294 3883 2753 3955 συναναμιχθῆναι
2792 3880 2870 3953 τῷ
2898 3882 3025 3954 ὅλῳ·
3071 3882 3121 3935 εί
3148 3881 3205 3934 δὲ
3235 3881 3476 3952 ἀπείρως
3500 3878 3597 3934 καὶ

2022 3976 2392 4048 εύταμιεύτως
2433 3975 2660 4040 ἀνοίξειε
2686 3974 2765 4046 τῷ
2816 3974 2968 4028 ῦδατι
2996 3973 3095 4045 τὴν
3123 3973 3454 4045 ἀπόρροιαν,
3481 3987 3597 4025 κιν-

2022 4066 2266 4123 δυνεύσει
2297 4067 2395 4137 τῆς
2436 4066 2649 4130 εὐθείας
2687 4065 2955 4137 ἀφέμενον
3004 4064 3149 4120 ἅπαν
3176 4063 3599 4136 ἐκχαραδρωθῆ-

2023 4178 2111 4216 ναι
2162 4159 2303 4215 κατὰ
2358 4159 2419 4213 τὸ
2467 4157 2713 4227 πλάγιον
2779 4157 2871 4211 τὸν
2925 4157 3090 4210 αὐτὸν
3138 4155 3358 4226 τρόπον,
3409 4153 3598 4225 ἐπειδὴ

2025 4253 2181 4325 χρεία
2207 4251 2285 4321 τῷ
2317 4250 2417 4322 βίῳ
2455 4250 2550 4304 καὶ
2586 4249 2687 4319 τῆς
2725 4247 2784 4315 ἐξ
2821 4246 3065 4317 ἀλλήλων
3106 4236 3387 4317 διαδοχῆς,
3416 4246 3466 4297 εί
3496 4243 3600 4314 μέν

2023 4363 2109 4409 τις
2137 4344 2279 4399 οῦτω
2318 4343 2579 4415 χρήσαιτο
2616 4339 2694 4411 τῷ
2736 4339 3005 4410 γινομένῳ
3025 4377 3042 4402 ,
3069 4339 3147 4404 ὡς
3178 4339 3599 4411 προηγουμένων

348 4425 471 4480 Pari
503 4426 736 4492 ratione,
764 4430 1024 4499 quoniam
1058 4431 1113 4485 in
1143 4432 1253 4487 vita
1287 4448 1426 4505 opus
1460 4444 1545 4492 est
1574 4445 1764 4492 mutua
1796 4416 1918 4494 suc-

2025 4435 2135 4490 τῶν
2163 4433 2571 4505 πνευματικῶν,
2603 4429 2836 4503 φειδωλῇ
2866 4432 2961 4486 καὶ
2985 4430 3363 4503 ὑπεσταλμένῃ
3395 4431 3598 4503 κεχρῆ-

348 4519 618 4585 cessione,
656 4519 702 4573 si
750 4521 878 4591 quis
926 4521 1054 4589 hoc,
1099 4524 1245 4595 quod
1274 4525 1388 4595 jam
1436 4536 1779 4585 contractum
1818 4538 1924 4599 est,

348 4611 701 4665 matrimonio
738 4612 814 4665 ita
869 4621 1072 4680 utetur,
1105 4622 1163 4669 ut
1199 4617 1366 4674 rebus
1401 4620 1740 4689 spiritalibus
1783 4638 1925 4692 pra:-

348 4703 566 4771 pr.sitis,
594 4703 747 4757 tenui
783 4702 852 4758 ad
903 4704 1179 4774 ejusmodi
1212 4723 1301 4765 res
1351 4725 1416 4765 ac
1454 4714 1686 4768 remissa
1711 4715 1929 4785 cupidi-

348 4800 464 4848 tate
511 4810 647 4850 usus
708 4794 779 4853 sit
829 4804 1053 4867 propter
1114 4801 1379 4870 temporis
1434 4801 1786 4871 brevitatem,
1835 4807 1927 4864 hic

350 4893 660 4957 temperans
684 4896 790 4953 est,
818 4905 885 4945 ex
918 4889 1164 4960 Apostoli
1192 4902 1486 4962 praecepto,
1535 4896 1796 4964 agricola,
1832 4898 1926 4968 qui

349 4980 597 5049 seipsum
640 4982 926 5052 sapientiae
954 4984 1244 5055 praeceptis
1283 4985 1505 5051 excolit,
1555 5002 1659 5043 nec
1685 4988 1743 5043 in
1770 4990 1930 5045 retri-

348 5072 582 5129 buendis
628 5072 737 5128 illis
788 5073 1001 5145 frigidis
1039 5074 1243 5133 debitis
1277 5077 1500 5135 sordide
1540 5095 1782 5151 semper,
1826 5082 1929 5139 ab-

342 5160 599 5233 jecteque
636 5170 940 5233 occupatus
966 5174 1071 5228 est,
1117 5164 1213 5221 sed
1262 5181 1329 5221 ex
1376 5171 1759 5226 convenientia
1789 5186 1927 5242 qua-

345 5252 473 5309 dam
518 5254 848 5312 munditiam
889 5257 1058 5312 animi
1107 5257 1165 5314 in
1202 5259 1513 5316 orationum
1558 5261 1743 5319 studio
1781 5279 1920 5320 con-

349 5344 530 5401 stituit
567 5365 580 5401 :
637 5347 791 5405 timet
832 5347 1000 5414 enim,
1059 5364 1128 5405 ne
1174 5366 1242 5407 ex
1296 5351 1400 5408 hac
1440 5353 1726 5411 allectione
1769 5363 1920 5412 totus

347 5434 614 5493 adiciatur
644 5454 794 5506 caro,
823 5448 878 5497 et
921 5442 1168 5514 sanguis,
1208 5444 1265 5499 in
1326 5446 1528 5516 quibus
1557 5462 1669 5502 non
1705 5463 1919 5518 perma-

350 5532 442 5579 net
496 5526 738 5598 Spiritus
774 5528 893 5586 Dei.
949 5531 1053 5599 Qui
1102 5550 1232 5591 vero
1285 5537 1357 5592 ita
1404 5537 1657 5593 inﬁrmus
1708 5547 1814 5605 est,
1851 5550 1919 5609 ⁹ιιι

424 5705 468 5738 “
497 5705 686 5763 Matth.
717 5726 809 5779 vn,
850 5711 933 5766 l8.

2026 4527 2151 4582 σθαι
2176 4529 2243 4599 τῇ
2278 4525 2405 4597 περὶ
2424 4524 2494 4578 τά
2519 4522 2743 4577 τοιαῦτα
2769 4523 3038 4594 ἐπιθυμίᾳ
3056 4563 3073 4589 ,
3101 4523 3190 4578 διά
3212 4523 3311 4595 τὴν
3347 4521 3445 4577 τοῦ
3472 4540 3599 4576 και-

2027 4617 2122 4691 ροῦ
2151 4616 2434 4688 συστολὴν,
2465 4609 2620 4680 οὗτος
2642 4617 2671 4668 ὀ
2697 4612 2928 4687 σώφρων
2955 4614 3022 4669 ἂν
3045 4615 3132 4686 εἴη
3152 4614 3396 4686 γεωργὸς
3415 4654 3430 4678 ,
3459 4614 3603 4668 κατὰ

2024 4709 2085 4763 τὺ
2114 4708 2479 4782 παράγγελμα
2522 4705 2617 4761 τοῦ
2663 4705 2984 4763 Ἀποστόλου
3009 4746 3025 4770 ,
3060 4707 3160 4760 οὐκ
3209 4707 3297 4760 ἀεὶ
3327 4707 3457 4779 περὶ
3500 4705 3602 4770 τὰς

2024 4802 2309 4865 ἀποδόσεις
2331 4801 2439 4854 τῶν
2464 4800 2685 4870 ψυχρῶν
2719 4799 2941 4855 ἐκείνων
2981 4798 3311 4870 ὀφλημάτων
3344 4800 3604 4870 μικρολο-

2025 4891 2289 4964 γούμενος
2311 4929 2327 4955 ,
2371 4889 2507 4944 ἀλλά
2550 4889 2648 4960 τὴν
2692 4891 2757 4942 ἐκ
2808 4888 3097 4959 συμφώνου
3143 4888 3490 4961 καθαρότητα
3529 4891 3601 4960 τῇ

2027 4984 2190 5056 σχολῇ
2221 4982 2328 5037 τῶν
2374 4980 2689 5054 προσευχῶν
2714 4980 3009 5054 ἀφορίζων,
3042 4982 3071 5034 6
3112 4980 3363 5045 δεδοικὼς
3392 4982 3468 5053 μὴ
3511 4981 3605 5037 διά

2025 5076 2125 5147 τῆς
2170 5074 2425 5145 τοιαύτης
2476 5072 2850 5145 προσπαθείας
2894 5074 3013 5139 ὅλος
3059 5073 3282 5144 γένηται
3326 5074 3463 5146 σὰρξ
3507 5076 3605 5131 καὶ

2026 5164 2165 5239 αἷμα
2189 5205 2203 5230 ,
2230 5168 2289 5220 ἐν
2320 5161 2402 5231 εἷς
2427 5166 2488 5219 ού
2520 5164 2817 5237 καταμένει
2846 5164 2943 5220 τοῦ
2984 5164 3122 5220 Θεοῦ
3150 5166 3212 5220 τὸ
3244 5167 3491 5237 Πνεῦμα.
3544 5168 3605 5221 '0

2027 5261 2083 5316 δὲ
2117 5259 2358 5325 ἀσθενῶς
2386 5259 2727 5329 διακείμενος
2751 5299 2766 5325 ,
2812 5258 2889 5325 ὡς
2920 5260 2994 5331 μὴ
3026 5259 3286 5315 δύνασθαι
3337 5261 3476 5333 πρὸς
3504 5261 3606 5333 τὴν

2026 5353 2127 5423 τῆς
2152 5353 2367 5422 φύσεως
2394 5352 2567 5424 φορὰν
2593 5351 2861 5423 ἀνδρικῶς
2892 5353 3100 5424 στῆναι,
3131 5353 3396 5426 κρείττων
3421 5354 3490 5409 ἀν
3518 5354 3604 5424 εἴη

2028 5447 2219 5520 πόῤῥω
2254 5446 2363 5499 τῶν
2392 5443 2651 5501 τοιούτων
2681 5445 2871 5499 ἐαυτὸν
2918 5446 3115 5517 μᾶλλον
3146 5448 3356 5519 ἀνέχων
3376 5487 3393 5511 ,
3445 5447 3479 5517 ἢ
3525 5449 3608 5509 είς

2030 5540 2215 5609 ἀγῶνα
2243 5537 2446 5593 κατιὼν
2493 5536 2717 5609 μείζονα
2748 5538 2846 5609 τῆς
2872 5539 3174 5610 δυνάμεως.
3206 5538 3462 5603 Κίνδυνος
3493 5536 3610 5611 γὰρ
