3896 6204
320 298 440 356 557

1655 292 1742 349 DE
1782 289 2246 349 VlBGlNlTATE.

3479 299 3584 357 δῶ

319 419 393 474 οὗ
424 414 617 486 μικρὸς
646 411 1135 483 παρακρουσθέντα
1167 412 1257 465 τὸν
1295 408 1533 472 τοιοῦτον
1566 410 1624 463 ὲν
1651 410 1716 479 τῇ
1750 408 1902 477 πείρᾳ

2018 415 2225 460 natura:
2254 420 2395 461 onus
2445 406 2720 463 sustinere
2763 413 3018 478 nequeat,
3074 407 3268 466 melius
3297 418 3506 482 agetur.
3537 417 3585 472 si
3620 408 3641 419 ’

318 509 433 579 τῆς
457 503 647 577 ἡδονῆς
670 541 687 565 ,
718 501 887 572 μηδὲν
910 500 1096 571 ἕτερον
1121 499 1322 568 ἀγαθον
1358 499 1630 570 οίηθῆναι,
1664 497 1697 568 ἢ
1740 496 1801 549 τὺ
1826 494 1914 549 διὰ

326 597 540 672 σαρκὸς
570 592 704 666 μετὰ
740 591 1120 664 προσπαθείας
1159 590 1304 654 τινὸς
1333 589 1770 661 λαμϐανόμενον,
1816 588 1913 644 καὶ

324 684 749 756 ἀποστρέψαντα
793 680 1076 744 παντελῶς
1130 680 1220 735 τὸν
1261 679 1455 735 ἑαυτοῦ
1504 680 1629 734 νοῦν
1666 679 1773 733 ἀπὸ
1815 680 1912 750 τῆς

323 780 439 833 τῶν
470 774 779 846 ἀσωμάτων
830 771 1053 840 ἀγαθῶν
1092 772 1420 843 ἐπιθυμίας,
1473 773 1593 826 ὅλον
1651 770 1912 842 σαρκικὸν

319 870 584 939 γενέσθαι
605 910 621 932 ,
668 867 732 919 τὸ
764 867 823 918 ὲν
870 863 1080 928 τούτοις
1124 864 1222 934 ἡδὺ
1254 864 1544 927 διαπαντὸς
1583 863 1787 935 τρόπου
1816 861 1913 931 θη⁴

319 961 592 1033 ρεύονταο
628 961 707 1025 ὡς
748 959 1030 1030 φιλήδονον
1067 953 1207 1012 εἶναι
1248 956 1445 1028 μᾶλλον
1493 955 1653 1011 αὑτὸν
1685 954 1719 1024 ἢ
1765 952 1914 1023 φιλό-

318 1052 465 1107 θεον.
513 1051 733 1122 Ἐπειδὴ
762 1050 939 1105 τοίνυν
965 1048 1052 1103 διὰ
1092 1048 1153 1103 τὸ
1183 1048 1282 1118 τῆς
1305 1048 1516 1118 φύσεως
1558 1046 1780 1110 ἀσθενὲς
1801 1084 1817 1109 ,
1849 1044 1908 1100 ού

320 1144 529 1206 παντός
580 1144 697 1196 ὲστι
739 1142 842 1212 τῆς
894 1144 976 1205 εἰς
1018 1140 1086 1195 τὰ
1135 1139 1361 1194 τοιαῦτα
1410 1137 1749 1209 συμμετρίας
1792 1137 1911 1188 ἑπι-

321 1235 642 1306 τυγχάνειν,
687 1234 1027 1291 ἐπικίνδυνον
1058 1233 1116 1286 δὲ
1151 1232 1211 1287 τὸ
1236 1230 1341 1296 ἔξω
1379 1230 1471 1285 τοῦ
1513 1230 1711 1301 μέτρου
1771 1244 1911 1298 παρ-

321 1324 616 1398 ενεχθέντα
644 1327 725 1390 εἰς
757 1326 871 1379 ἰλὺν
892 1323 1075 1394 βυθοῦ,
1107 1322 1250 1379 κατὰ
1270 1323 1361 1376 τὸν
1383 1320 1708 1391 Ψαλμῳδὸν,
1727 1320 1910 1390 ἐμπα-

321 1422 520 1489 γῆναι’
552 1417 827 1479 ιυσιτελὲς
857 1415 921 1470 ἂν
950 1415 1034 1485 εἴη
1059 1457 1075 1483 ,
1114 1413 1292 1476 καθὼς
1331 1414 1620 1483 ὑφηγεῖται
1648 1413 1676 1464 ό
1711 1410 1868 1478 λόγος
1892 1449 1907 1473 ,

322 1509 623 1580 ἀπείρατον
671 1507 780 1561 τῶν
824 1507 1079 1560 τοιούτων
1128 1503 1438 1559 διαϐιῶναυ
1474 1503 1550 1565 ὡς
1604 1502 1669 1556 ἂν
1721 1501 1794 1572 μὴ
1842 1503 1906 1571 τῇ

324 1602 596 1673 προφάσει
633 1602 744 1656 τῶν
789 1599 1296 1671 συγκεχωρημένων
1328 1597 1531 1652 εἴσοδον
1576 1595 1730 1650 λάϐοι
1768 1593 1908 1648 κατᾶ

322 1695 423 1762 τῆς
455 1692 632 1763 ψυχῆς
656 1693 724 1746 τὰ
754 1690 924 1762 πάθη·

2017 499 2085 552 ah
2120 498 2188 552 iis
2234 497 2422 566 procul
2458 512 2518 553 se
2567 498 2822 564 abducat,
2866 513 3029 567 quam
3088 498 3142 553 in
3186 511 3459 559 certamen
3487 502 3584 560 de-

2016 590 2243 646 scendat
2286 589 2461 661 impar
2500 589 2731 645 viribus.
2767 588 3082 645 Periculum
3124 592 3268 646 enim
3304 608 3417 648 non
3468 592 3587 650 ievc

2014 688 2118 739 est,
2153 693 2223 733 ne
2262 678 2351 732 hic
2376 680 2715 759 voluptatum
2747 694 2873 744 usu,
2906 682 3064 750 quasi
3106 696 3255 747 esca,
3301 683 3583 754 deceptus,

2013 770 2150 824 nihil
2190 770 2337 824 aliud
2385 772 2439 826 in
2493 771 2652 827 bonis
2697 788 2822 828 esse
2863 782 3036 843 putet,
3076 790 3239 843 quam
3273 776 3406 833 illud
3437 778 3584 848 quod

2013 876 2136 916 cum
2187 862 2453 917 suavitate
2482 862 2718 932 quadam
2748 864 2936 919 carnis
2966 866 3267 935 percipitur
3305 867 3581 933 sensibus,

2012 965 2171 1015 neve,
2214 966 2339 1005 cum
2379 967 2407 1005 a
2448 967 2629 1007 rerum
2667 968 2894 1023 corpore
2937 956 3249 1010 vacantium
3283 956 3585 1026 cupiditate

2012 1056 2170 1096 suam
2205 1049 2439 1096 mentem
2479 1042 2640 1112 plane
2691 1045 2971 1111 averterit,
3006 1046 3061 1099 in
3093 1045 3256 1101 rebus
3289 1063 3420 1104 sane
3456 1062 3581 1102 cor-

2012 1133 2195 1204 poreis
2246 1141 2392 1189 totus
2439 1136 2660 1191 omnino
2706 1136 2799 1202 sit,
2845 1152 3140 1207 rerumque
3183 1138 3377 1193 harum
3430 1139 3584 1193 volu-

2012 1230 2219 1294 ptalem
2272 1223 2420 1277 omni
2458 1232 2699 1294 tempore
2748 1225 2988 1296 indaget.
3024 1227 3182 1296 quasi
3224 1228 3404 1297 potius
3427 1228 3584 1283 volu-

2010 1315 2177 1386 ptatis
2225 1315 2321 1379 sit,
2376 1331 2539 1385 quam
2599 1316 2690 1370 Dei
2751 1327 2982 1373 amator.
3038 1318 3102 1372 Et
3148 1320 3407 1389 quoniam
3473 1336 3585 1391 pra:

2008 1417 2222 1463 naturae
2274 1408 2645 1464 imbecillitate
2705 1424 2815 1464 non
2882 1410 3127 1479 cujusvis
3171 1411 3410 1467 hominis
3477 1420 3578 1475 est,

2011 1501 2206 1555 harum
2236 1516 2418 1554 rerum
2447 1500 2875 1555 moderationem
2909 1503 3150 1572 assequi,
3186 1506 3582 1573 periculosum—

2011 1607 2118 1662 que
2155 1600 2261 1657 est,
2293 1592 2386 1662 qui
2427 1600 2581 1646 extra
2618 1591 2839 1646 modum
2895 1594 3060 1662 positi
3116 1603 3267 1661 sunt,
3304 1610 3373 1649 ne
3406 1594 3485 1658 hi,
3521 1601 3583 1648 ut

2009 1693 2095 1740 est
2122 1684 2178 1751 in
2212 1683 2549 1740 Psalmorum
2595 1695 2818 1741 auctore
2852 1687 2918 1750 “,
2946 1688 2999 1741 in
3030 1687 3162 1742 limo
3204 1686 3461 1756 profundi
3498 1686 3583 1741 iu-

328 1783 616 1852 ngantur:
665 1783 795 1839 illud
842 1782 1079 1839 maxime
1122 1780 1363 1850 expedit,
1400 1778 1719 1848 hujusmodi
1773 1778 1899 1834 vita:
1936 1792 2134 1847 genus,
2181 1777 2261 1830 uti
2296 1776 2409 1831 haec
2438 1777 2615 1832 oratio
2671 1787 2876 1844 monet,
2929 1780 3111 1836 minus
3182 1778 3441 1849 experiri,
3510 1793 3580 1833 ne

333 1894 539 1944 rerum,
572 1892 688 1948 quae
710 1875 997 1947 permissae
1050 1883 1181 1930 sunt
1224 1873 1585 1931 excusatione
1627 1870 1893 1953 adhibita,
1937 1868 2104 1923 animi
2137 1868 2521 1925 aﬂ'eetionibus
2553 1868 2737 1924 aditus
2770 1872 3013 1940 patellat.

926 2006 1178 2060 ΚΕΦᾹΛ.
1207 2004 1285 2060 Θ⁹.

433 2122 548 2174 Ὅτι
573 2120 1017 2192 δυσμετάθετον
1044 2120 1141 2174 ἐπὶ
1167 2123 1391 2186 παντὸς
1417 2120 1455 2188 ἡ
1483 2119 1791 2186 συνήθεια.

397 2239 644 2307 ’Δμαχον
670 2232 781 2308 γάρ
803 2238 949 2290 ἐστιν
977 2236 1074 2290 ἐπὶ
1106 2236 1358 2305 παντδςή
1389 2234 1644 2305 συνήθεια
1662 2275 1676 2298 ,
1701 2233 1900 2303 πολλὴν

316 2329 518 2399 ἔχουσα
549 2327 778 2398 δύναμιν
813 2328 950 2399 πρὸς
989 2327 1187 2399 ἑαυτὴν
1224 2326 1449 2381 ἑλκύσαι
1481 2328 1575 2381 καὶ
1600 2326 1902 2381 ἐπισπάσα-

315 2420 447 2473 σθαι
484 2418 586 2489 τὴν
616 2419 795 2490 ψυχὴν
818 2458 833 2484 ,
882 2420 976 2473 καί
1003 2436 1124 2474 τινα
1151 2417 1317 2473 καλοῦ
1367 2419 1670 2489 παρασχεῖν
1696 2435 1901 2486 φαντα-

312 2511 478 2578 σίαν,
506 2511 566 2564 ὲν
616 2503 659 2579 ᾧ
704 2510 767 2564 ἄν
820 2528 907 2575 τις
944 2511 1129 2581 σχέσιν
1175 2512 1269 2565 κού⁵
1297 2509 1670 2581 προσπὰθειαν
1696 2509 1783 2563 διὰ
1807 2510 1900 2563 τοῦ

311 2599 690 2671 προσεθισμοῦ
719 2618 841 2655 τινα
870 2603 1136 2672 κτήσηται
1157 2617 1170 2631 ⁸
1200 2601 1293 2654 καὶ
1329 2600 1483 2655 οὐδὲν
1514 2599 1656 2654 οὕτω
1685 2603 1750 2671 τῇ
1798 2600 1901 2670 φύ-

312 2710 398 2745 σει
428 2695 660 2762 φευκτόν
684 2696 831 2748 ἐστιν
849 2732 864 2757 ,
899 2694 974 2758 ὡς
1012 2694 1071 2747 ἐν
1098 2693 1356 2765 συνηθείᾳ
1380 2695 1674 2764 γενόμενον
1707 2694 1780 2765 μὴ
1810 2693 1903 2747 καὶ

314 2786 562 2857 σπουδῆς
612 2785 759 2852 ἄξιον
810 2787 905 2841 καὶ
953 2788 1168 2860 αἱρετὸν
1217 2779 1557 2859 νομισθῆναι.
1607 2785 1903 2853 Ἀπόδειξις

309 2874 412 2928 τοῦ
457 2875 615 2944 λόγου
645 2878 675 2929 ὁ
705 2875 1042 2947 ἀνθρώπινος
1081 2876 1226 2946 βίος,
1263 2877 1320 2929 ὲν
1359 2870 1403 2945 ᾧ
1439 2875 1707 2929 τοσούτων
1734 2874 1902 2928 ὄντων

311 2965 514 3031 ἐθνῶν,
543 2967 605 3020 οὐ
640 2968 706 3020 τὰ
734 2966 873 3021 αὐτά
899 2970 1033 3021 πᾶσι
1063 2966 1456 3033 σπουδάζεται,
1507 2966 1643 3022 ἄλλα
1671 2967 1727 3019 δὲ
1771 2968 1901 3038 παρ’
1942 3018 1958 3035 ,

310 3058 531 3131 ἑτέροις
581 3059 697 3112 ἐστὶ
743 3058 883 3113 καλά
915 3076 973 3112 τε
1008 3058 1103 3112 καὶ
1138 3059 1295 3130 τίμια
1321 3100 1336 3124 ,
1380 3059 1480 3130 τῆς
1511 3060 1639 3130 παρ’
1669 3058 1901 3112 ἑκάστου

314 3149 612 3221 συνηθείας
655 3151 756 3222 τὴν
803 3152 930 3223 περί
979 3169 1031 3205 τι
1080 3151 1313 3223 σπουδήν
1364 3168 1423 3206 τε
1472 3150 1568 3205 καὶ
1608 3148 1901 3221 ἐπιθυμίαν

313 3238 602 3310 ποιούσης.
630 3241 741 3293 Καὶ
781 3239 842 3293 οὐ
871 3240 1031 3309 μόνον
1057 3240 1197 3294 κατὰ
1229 3241 1297 3294 τὰ
1343 3241 1468 3312 ἕθνη
1502 3240 1600 3313 τὴν
1648 3239 1901 3311 τοιαύτην

315 3331 680 3402 παραλλαγὴν
708 3330 854 3384 ἐστιν
896 3331 1023 3385 ἰδεῖν
1045 3372 1059 3396 ,
1102 3332 1209 3385 τῶν
1239 3332 1415 3386 αὐτῶν
1453 3333 1898 3403 ἐπιτηδευμάτων

314 3421 478 3492 παρά
524 3439 637 3475 τισι
686 3423 787 3493 μὲν
836 3422 1302 3495 θαυμαζομένων,
1352 3423 1786 3494 διαϐαλλομένων
1842 3424 1898 3476 δὲ

316 3513 454 3585 παρ’
490 3514 697 3585 ἑτέροις
721 3532 735 3546 ·
772 3514 909 3569 ἀλλὰ
954 3516 1048 3569 καὶ
1086 3516 1180 3569 ἐπὶ
1225 3516 1319 3570 τοῦ
1363 3516 1528 3569 αὑτοῦ
1577 3516 1764 3580 ἔθνους
1807 3518 1900 3570 καὶ

314 3606 420 3677 τῆς
452 3607 624 3677 αὐτῆς
662 3607 869 3670 πόλεως
912 3608 1006 3662 καὶ
1047 3607 1238 3677 γένους
1259 3648 1274 3675 ,
1305 3610 1362 3662 ἐν
1409 3603 1491 3673 οἷς
1542 3607 1742 3681 πολλὴν
1783 3608 1899 3662 ἔστι

313 3700 585 3771 διαφορὰν
618 3700 745 3755 ἰδεῖν
775 3701 840 3755 ὲκ
884 3700 981 3771 τῆς
1011 3699 1298 3772 συνηθείας
1337 3702 1587 3765 ἑκάστοις
1615 3701 1900 3773 ἐγγινομέ-

313 3810 445 3863 νην.
481 3791 661 3855 Οὕτως
690 3794 755 3846 ἐκ
797 3795 929 3864 μιᾶς
960 3794 1145 3858 ὠδῖνος
1193 3793 1411 3863 ἀδελφοὶ
1439 3793 1791 3866 προελθόντες
1818 3797 1898 3861 εἰς

313 3884 547 3953 γένεσιν
577 3888 681 3947 τοῖς
713 3886 1106 3957 ἐπιτηδεύμασι
1141 3885 1218 3957 τῷ
1268 3886 1368 3958 βίῳ
1401 3887 1650 3942 πλεῖστον
1683 3888 1777 3941 ἀπ’
1812 3887 1901 3941 ἀλ-

314 3973 507 4045 λήλων
532 3974 849 4047 ἐσχίσθησαν
871 3993 883 4007 ·
915 3976 1009 4030 καὶ
1039 3975 1192 4030 οὔπω
1220 3977 1377 4030 τοῦτο
1404 3978 1715 4049 θαυμαστόν
1734 3994 1747 4009 ·
1773 3978 1899 4032 ἐπεὶ

313 4065 413 4118 καὶ
454 4065 486 4118 ό
523 4065 850 4121 καθέκαστον
885 4066 1169 4137 ἄνθρωπος
1199 4069 1260 4122 οὐ
1292 4069 1390 4140 τὴν
1418 4070 1590 4142 αὐτὴν
1614 4070 1691 4135 ὡς
1725 4070 1817 4124 ἐπὶ
1839 4069 1899 4123 τὸ

312 4156 459 4211 πολὺ
487 4158 613 4229 περὶ
640 4158 732 4212 τοῦ
758 4159 924 4214 αὑτοῦ
955 4160 1277 4231 πράγματος
1303 4161 1481 4233 κρίσιν
1509 4163 1621 4233 ἔχει
1639 4205 1655 4229 ,
1684 4162 1798 4217 ἀλλ’
1823 4163 1900 4227 ὡς

313 4247 386 4301 ἂν
414 4250 544 4319 περὶ
570 4248 797 4303 ἕκαστον
829 4251 935 4305 ἀπὸ
961 4252 1058 4322 τῆς
1086 4252 1369 4323 συνηθείας
1397 4253 1636 4326 διατεθῇ.
1666 4256 1776 4309 Καὶ
1814 4256 1898 4310 ἵνα

316 4339 396 4409 μὴ
418 4339 489 4392 τὰ
522 4340 712 4412 πόρρω
750 4342 839 4395 τοῦ
869 4343 1189 4414 πράγματος
1225 4343 1489 4415 λέγωμεν,
1521 4346 1746 4412 πολλοὺς
1767 4349 1898 4418 ἡμῖν

312 4433 697 4504 ἐγνωρίσαμεν
735 4434 969 4505 ἐραστὰς
1020 4436 1252 4506 μάλιστα
1299 4436 1395 4508 τῆς
1424 4440 1775 4511 σωφροσύνης
1804 4442 1899 4494 εύ-

313 4521 416 4586 θίις
447 4524 599 4594 παρὰ
638 4523 736 4595 τὴν
786 4525 1011 4597 πρώτην
1044 4528 1257 4598 ἡλικίαν
1310 4531 1597 4598 φανέντας,
1644 4532 1817 4603 ἀρχὴν
1841 4532 1897 4587 δὲ

2614 2005 2843 2063 CAPUT
2884 2008 2975 2065 IX.

2003 2112 2071 2168 In
2104 2117 2248 2172 omni
2274 2135 2456 2185 re.non
2489 2121 2649 2191 facile
2685 2126 3002 2180 commutari
3029 2135 3200 2197 potest
3230 2128 3575 2184 consuetudo.

2075 2226 2134 2282 In
2166 2230 2312 2285 omni
2344 2246 2404 2287 re
2431 2231 2668 2289 diﬂicilis
2709 2244 2815 2299 est,
2875 2251 2997 2306 quae
3039 2248 3405 2309 expugnetur,
3447 2255 3577 2295 con-

2003 2321 2240 2378 suetudo
2270 2341 2282 2378 :
2311 2325 2571 2393 quoniam
2599 2340 2722 2380 cum
2750 2327 2975 2384 multam
3011 2328 3075 2382 ad
3109 2328 3494 2384 attrahendum
3522 2332 3577 2384 in

2002 2427 2063 2468 se
2090 2414 2355 2478 animum,
2387 2414 2842 2486 adiciendumque
2892 2417 2999 2471 vim
3048 2419 3314 2483 obtineat,
3373 2428 3487 2474 tum
3520 2422 3574 2475 in

2002 2519 2069 2560 eo
2105 2506 2266 2568 valet,
2317 2514 2377 2561 ut
2425 2508 2664 2578 aliquam
2718 2510 2933 2566 honesti
2984 2510 3298 2580 Opinionem
3353 2511 3573 2582 afferat;

2002 2613 2130 2653 nam
2163 2600 2207 2653 si
2247 2598 2371 2669 quis
2422 2614 2489 2653 ex
2528 2601 2943 2667 consuetudine,
2995 2618 3208 2673 usuque
3234 2603 3574 2669 habitum,et

2004 2688 2244 2758 aliquam
2269 2690 2436 2744 animi
2468 2689 2812 2746 affectionem
2848 2692 2953 2746 sibi
2985 2695 3406 2761 comparaverit,
3437 2694 3576 2749 nihil

2002 2779 2087 2835 vel
2114 2780 2230 2850 ipsa
2255 2788 2449 2835 natura
2483 2784 2563 2837 sic
2601 2782 2913 2853 fugiendum
2936 2791 3021 2839 est
3050 2802 3063 2839 :
3094 2784 3239 2854 quod
3274 2786 3319 2839 si
3353 2785 3408 2840 in
3438 2801 3575 2840 con-

2004 2872 2349 2927 suetudinem
2393 2873 2612 2936 abierit,
2641 2889 2751 2928 non
2779 2875 2927 2929 omni
2963 2877 3144 2931 studio
3163 2878 3385 2948 dignum
3412 2895 3579 2950 expc--

2003 2964 2336 3034 tendumque
2366 2965 2636 3021 videatur.
2667 2967 2844 3036 Atque
2877 2967 3042 3038 hujus
3095 2972 3379 3026 sententia:
3419 2972 3577 3027 testis

2003 3065 2088 3112 est
2129 3057 2410 3112 hominum
2460 3060 2590 3122 vita,
2619 3058 2672 3112 iu
2727 3075 2834 3129 qua
2881 3074 3003 3113 cum
3040 3059 3265 3117 inﬁnin
3307 3063 3577 3119 exsistant

2002 3150 2274 3215 nationes,
2302 3166 2411 3205 non
2462 3166 2654 3206 omnes
2715 3157 2894 3209 tamen
2955 3167 3065 3207 uno
3095 3154 3394 3224 eodemque
3458 3166 3577 3211 stu-

2006 3243 2097 3298 dio
2126 3241 2425 3307 ducuntur,
2459 3245 2556 3299 sed
2591 3244 2732 3314 apud
2765 3244 3037 3312 diversas,
3058 3264 3127 3303 ex
3161 3263 3351 3303 earum
3381 3249 3573 3318 cujus-

2002 3351 2112 3407 que
2163 3337 2581 3397 consuctudine.
2626 3353 2746 3407 qum
2806 3338 3048 3393 studium
3093 3339 3148 3393 in
3184 3340 3362 3409 aliqua
3424 3358 3482 3397 re
3520 3351 3576 3396 ct

2002 3426 2353 3496 cupiditatem
2379 3428 2571 3497 gignit,
2611 3443 2696 3483 res
2719 3429 2772 3482 in
2797 3429 3003 3483 honore
3028 3438 3192 3499 atque
3220 3433 3393 3501 pretio
3423 3443 3569 3489 sunt.

2000 3515 2187 3585 Neque
2218 3518 2360 3587 apud
2399 3518 2647 3573 diversas
2676 3519 2851 3573 solum
2893 3520 3144 3574 nationes
3171 3521 3437 3591 ejusmodi
3477 3525 3573 3577 ho-

2000 3624 2123 3663 rum
2185 3608 2492 3663 studiorum
2555 3612 2759 3664 variam
2818 3613 3295 3669 connnutationem
3348 3629 3574 3670 eernere

2001 3701 2150 3768 licet,
2182 3708 2242 3755 ut
2274 3700 2416 3771 apud
2444 3703 2708 3771 quasdam
2747 3710 2935 3771 gentes
2978 3703 3032 3756 in
3088 3705 3263 3773 pretio
3303 3706 3395 3760 illa
3441 3708 3570 3768 sint,

2002 3793 2143 3863 apud
2186 3794 2322 3849 alias
2376 3793 2774 3862 improbentur,
2834 3794 2927 3849 sed
2975 3794 3029 3849 in
3086 3780 3275 3850 eadem
3328 3798 3569 3861 natione,

2001 3886 2570 3963 eademquemcivitate,
2597 3896 2651 3940 et
2702 3884 2906 3942 familia
2961 3887 3123 3947 hanc.
3156 3904 3279 3958 quae
3317 3905 3349 3944 e
3385 3891 3570 3961 singu-

2000 3978 2179 4034 lorum
2238 3977 2636 4033 consuetudine
2710 3979 2992 4043 nascitur,
3067 3978 3566 4038 dissimilitudinem

2001 4068 2163 4139 plane
2192 4081 2526 4138 cognoscere
2548 4080 2870 4135 possumus.
2903 4066 3215 4139 Eodemque
3244 4069 3404 4128 modo
3431 4086 3572 4141 saepe

2001 4161 2213 4231 gemelli
2253 4159 2455 4214 fratres
2496 4160 2728 4214 diversis
2766 4159 2893 4212 vita:
2927 4159 3127 4213 studiis
3168 4175 3232 4215 ex
3288 4177 3388 4215 usu
3431 4177 3567 4217 con-

2001 4250 2401 4320 suetudineque
2431 4249 2606 4304 allecti
2637 4256 2789 4311 sunt,
2826 4263 3004 4316 neque
3027 4249 3133 4304 hoc
3158 4264 3291 4307 sane
3316 4252 3569 4309 mirabile

2000 4353 2086 4402 est
2123 4363 2137 4401 :
2167 4343 2421 4415 quoniam
2456 4340 2656 4410 singuli
2684 4339 2937 4395 homines
2977 4355 3086 4394 non
3123 4355 3268 4410 saepe
3315 4342 3455 4397 idem
3504 4346 3570 4400 de.

2001 4455 2111 4495 una
2136 4438 2436 4506 eademque
2468 4449 2525 4490 re
2555 4434 2823 4498 sentiunt,
2859 4432 2954 4488 sed
2989 4434 3063 4486 ita
3110 4440 3169 4486 ut
3219 4434 3455 4506 quisque
3484 4447 3569 4492 est

2002 4528 2400 4588 consuetudine
2432 4525 2680 4581 allectus.
2721 4524 2783 4579 Et
2829 4538 2920 4587 ne,
2949 4538 3071 4593 qua:
3106 4538 3136 4577 a
3167 4537 3223 4576 re
3262 4522 3379 4592 ipsa
3416 4525 3571 4580 valde

312 4614 566 4686 ῥυπαροῦ
601 4616 716 4686 βίου
748 4618 1145 4689 ποιησαμένους
1174 4621 1272 4691 τὴν
1299 4620 1557 4676 δοκοῦσαν
1584 4623 1803 4695 ἔννομόν
1836 4642 1894 4679 τε

2005 4630 2212 4681 remota
2243 4627 2397 4683 sunt,
2426 4631 2943 4680 commemoremus,
2984 4616 3186 4670 multos
3214 4630 3318 4671 nos
3346 4616 3567 4685 quidem

316 4709 415 4760 καί
450 4709 945 4781 συγκεχωρημένην
991 4710 1098 4763 τῶν
1144 4711 1346 4780 ἡδονῶν
1397 4716 1705 4783 μετουσίαν.
1746 4717 1898 4772 Ἐπεὶ

314 4800 430 4870 γὰρ
458 4798 608 4865 ἅπαξ
637 4799 735 4871 τὴν
770 4801 1023 4872 τοιαύτην
1047 4802 1404 4871 παρεδέξαντο
1425 4809 1643 4876 πεῖραν,
1668 4807 1809 4862 κατὰ
1840 4809 1900 4862 τὸ

319 4893 487 4963 ῥηθὲν
538 4894 671 4963 ἡμῖν
702 4894 795 4947 ἐπὶ
837 4893 932 4947 τοῦ
977 4895 1193 4968 ῥείθρου
1242 4897 1579 4969 ὑπόδειγμα,
1612 4898 1733 4954 ὅλον
1765 4900 1901 4971 πρὸς

314 4982 494 5036 ταῦτα
518 4985 581 5037 τὸ
600 4985 991 5058 ἐπιθυμητικὸν
1023 4990 1492 5060 μεταστρέψαντες
1513 5033 1527 5057 ,
1555 4992 1649 5046 καὶ
1681 4992 1778 5063 τὴν
1812 4995 1902 5064 ὁρ-

316 5074 431 5144 μὴν
471 5074 580 5130 ἀπὸ
607 5076 716 5132 τῶν
744 5077 1030 5151 θειοτέρων
1064 5079 1200 5151 πρὸς
1234 5081 1301 5135 τὰ
1320 5084 1549 5138 ταπεινὰ
1587 5085 1681 5141 καὶ
1724 5083 1898 5155 ὑλώδη

318 5167 807 5236 μετοχετεύσαντες
830 5211 845 5236 ,
877 5171 1075 5243 πολλὴν
1111 5174 1169 5226 ἑν
1195 5173 1407 5238 ἑαυτοῖς
1432 5174 1530 5246 τὴν
1558 5176 1897 5248 εὐρυχωρίαν

312 5259 432 5320 τοίς
466 5257 693 5312 πάθεσιν
726 5260 941 5332 ἡνοιξαν
960 5277 974 5291 ⁶
1020 5263 1096 5327 ὡς
1146 5265 1423 5331 παντελῶς
1448 5267 1548 5338 τῆς
1576 5269 1669 5322 ἐπὶ
1696 5268 1756 5323 τὸ
1786 5269 1898 5324 ἄνω

312 5349 495 5419 φορεῖς
517 5348 676 5420 λῆξαι
718 5352 811 5405 καὶ
837 5353 1279 5426 ἀποξηρανθῆναι
1308 5356 1405 5428 τὴν
1435 5358 1745 5430 ἐπιθυμίαν,
1770 5360 1897 5429 ὃλην

313 5438 461 5509 πρὸς
504 5442 573 5494 τὰ
626 5442 772 5512 πάθη
810 5447 1228 5517 μεταρῤυεῖσαν.
1278 5434 1377 5500 Διὰ
1424 5448 1581 5503 τοῦτο
1626 5450 1897 5514 λυσιτελὲς

308 5524 461 5585 εἶναι
490 5530 782 5604 νομίζομεν
808 5537 920 5600 τοῖς
949 5536 1355 5609 ἀσθενεστέροις
1383 5540 1460 5603 εἰς
1487 5540 1583 5612 τὴν
1605 5542 1897 5613 παρθενίαν

392 5711 438 5744 ⁸⁸
470 5710 619 5768 Psal.
641 5726 794 5778 LVIII,
817 5714 867 5768 3.

1996 4727 2267 4774 amatores
2346 4711 2744 4783 cognovimus,
2820 4707 2913 4778 qui
2972 4707 3043 4762 ab
3112 4708 3334 4762 ineunte
3404 4722 3570 4777 prope

1994 4816 2154 4866 astate
2202 4822 2261 4862 se
2311 4803 2491 4860 omnis
2558 4798 2934 4870 temperantia:
2996 4798 3229 4852 maxime
3291 4796 3569 4852 studiosos

1997 4897 2393 4959 ostenderunt;
2425 4892 2652 4962 impura:
2680 4905 2811 4946 vero
2863 4889 2988 4944 vitae
3022 4886 3239 4942 initium
3293 4885 3567 4957 quoddam

1996 4992 2273 5062 jecerunt,
2306 4986 2454 5058 quod
2483 4985 2691 5055 justum
2723 4980 3050 5053 permissum
3076 4978 3294 5035 videtur
3319 4993 3444 5035 esse
3469 4995 3567 5032 vo-

2000 5084 2273 5152 luptatum
2305 5077 2666 5137 consortium,
2694 5079 2881 5143 postea
2910 5084 3041 5127 vero
3077 5084 3242 5140 quam
3279 5069 3380 5124 hoc
3401 5068 3566 5124 semel

1995 5173 2203 5242 experti
2252 5176 2403 5233 sunt,
2461 5180 2705 5231 onmem,
2767 5173 2825 5218 ut
2873 5162 2926 5216 in
2978 5161 3117 5217 alvei
3167 5176 3268 5217 nos
3320 5159 3567 5229 exemplo

1996 5263 2256 5327 diximus,
2274 5259 2630 5330 appetitionis
2656 5256 2762 5313 vim
2789 5269 2913 5310 cum
2946 5252 3163 5319 adhaec
3187 5252 3304 5320 ipsa
3334 5264 3566 5305 conver-

1997 5354 2185 5414 terint,
2218 5358 2273 5407 et
2294 5365 2323 5404 a
2366 5351 2529 5405 rebus
2563 5348 2768 5403 divinis
2797 5346 2864 5400 ad
2923 5344 3179 5406 humiles,
3221 5340 3566 5411 caducasque

1996 5452 2255 5505 mentem,
2282 5451 2337 5499 et
2374 5438 3132 5514 cupiditatemtraduxerint;
3168 5435 3241 5490 ita
3283 5432 3440 5487 valde
3462 5431 3565 5489 sibi

2005 5545 2278 5605 patentem
2346 5533 2411 5588 ad
2475 5532 2641 5587 animi
2677 5529 2993 5585 affectiones
3049 5528 3259 5585 aditum
3299 5536 3562 5598 apparue
