3896 6204
285 304 393 359 330
1598 285 1656 341 S.
1693 278 2023 339 GREGORII
2062 276 2358 336 NYSSENI
3446 273 3550 331 360

291 425 441 481 runt,
478 421 537 470 ut
569 410 814 470 cmlestia
847 416 1033 481 petere
1063 404 1290 463 omnino
1309 402 1603 471 desierint;
1627 415 1875 473 peneque

1994 399 2051 462 ἱις
2092 399 2174 462 είς
2225 394 2463 465 ἀσφαλές
2497 411 2549 448 τι
2597 392 2852 465 φρούριον
2885 389 3248 459 καταφεύγειν
3275 430 3290 457 ,
3332 389 3428 444 καὶ
3479 388 3556 462 μὴ

294 512 510 566 illarum
548 507 745 562 ardore
776 501 1000 558 arefacti
1031 501 1164 565 sint,
1193 514 1318 556 cum
1342 496 1521 553 omnis
1541 509 1608 549 eo
1637 493 1876 549 conﬂuat

1994 490 2112 560 πρὸς
2134 487 2232 560 τὴν
2255 486 2575 542 ἀκολουθίαν
2604 485 2889 547 κατιόντας
2912 481 3007 536 τοῦ
3046 482 3163 553 βίου
3185 524 3200 548 ,
3229 482 3556 554 προσκαλεί-

296 601 573 673 appetitio.
603 595 968 664 Quamobrem
1014 593 1083 647 iis
1139 591 1235 662 qui
1302 590 1485 644 minus
1529 586 1672 641 ﬁrmi
1722 592 1872 649 sunt,

295 694 601 751 conducere
630 688 980 750 arbitramur,
1018 692 1076 739 ut
1098 684 1163 738 ad
1205 681 1580 753 virginitatem
1610 686 1874 748 tanquam

298 784 366 838 ad
402 783 740 837 tutissimum
769 777 1043 849 quoddam
1069 754 1382 845 prtesidium
1411 769 1748 840 confugiant,
1777 783 1877 823 ne-

296 891 403 946 que
439 874 505 928 ad
557 873 723 941 hujus
774 871 898 924 vitae
957 866 1409 922 consuetudinem
1458 859 1874 922 descendentes,

297 975 490 1023 contra
515 981 573 1021 se
605 963 939 1019 tentaliones
968 952 1293 1031 provocent,
1323 952 1504 1025 neque
1546 962 1607 1009 ut
1654 960 1878 1023 propter

302 1059 401 1111 hos
432 1054 617 1111 carnis
650 1052 897 1117 aﬂectus,
933 1051 1042 1105 illis
1078 1063 1137 1104 se
1185 1044 1424 1101 maxime
1474 1044 1639 1098 rebus
1695 1040 1878 1110 impli-

300 1156 447 1211 cent,
491 1161 614 1217 qua:
672 1157 1021 1213 summOpere
1074 1140 1276 1195 mentis
1309 1144 1514 1192 nostra:
1574 1139 1879 1204 repugnant

299 1240 522 1301 rationi,
589 1238 1079 1308 periclitenturque
1137 1245 1249 1285 non
1303 1228 1373 1283 de
1420 1224 1614 1297 praedii
1652 1223 1876 1290 ﬁnibus,

300 1349 410 1389 non
439 1332 507 1387 de
528 1331 885 1402 pecuniarum
933 1327 1173 1397 jactura,
1222 1337 1331 1377 non
1380 1320 1448 1374 de
1477 1319 1601 1373 ullis
1643 1316 1881 1386 denique

302 1425 517 1479 caeteris
555 1422 741 1484 rebus,
765 1434 885 1489 quae
914 1418 969 1472 in
991 1417 1095 1470 hac
1132 1415 1244 1468 vita
1271 1419 1625 1482 expetuntur,
1684 1408 1780 1464 sed
1815 1407 1883 1463 de

301 1529 366 1569 ea
394 1529 511 1584 spe,
539 1526 662 1582 quae
683 1510 974 1582 praelucet.
1000 1504 1119 1560 Non
1147 1505 1293 1559 enim
1324 1502 1419 1573 qui
1449 1502 1517 1555 ad
1555 1516 1644 1555 res
1685 1499 1881 1553 huma-

303 1618 402 1660 nas
449 1610 650 1665 mente,
687 1601 977 1667 animoque
1027 1611 1086 1651 se
1116 1593 1427 1656 convertit,
1466 1598 1633 1660 atque
1660 1603 1880 1644 omnem

304 1697 434 1750 illuc
461 1708 648 1747 curam
685 1690 890 1756 rcjicit,
926 1687 1279 1755 animumque
1316 1698 1477 1738 suum
1526 1682 1581 1735 in
1612 1696 1677 1736 eo
1726 1695 1885 1734 occu-

1978 580 2102 634 σθαι
2136 580 2258 634 καθ’
2291 578 2496 632 ἑαυτῶν
2540 577 2916 649 πειρασμοὺς,
2964 576 3058 629 καὶ⁵
3106 577 3220 638 τοῖς
3264 575 3562 645 ἀντιστρα-

1974 672 2285 743 τευομένοις
2316 670 2394 741 τῷ
2422 671 2572 741 νόμῳ
2609 668 2703 722 τοῦ
2729 668 2846 732 νοὸς
2880 667 3038 740 ἡμῶν
3061 666 3148 720 διὰ
3167 665 3274 719 τῶν
3297 666 3400 736 τῆς
3428 682 3568 738 σαρ-

1976 766 2071 829 κὸς
2101 764 2441 835 παθημάτων
2475 760 2921 833 συμπλέκεσθαι,
2966 761 3059 813 καὶ
3112 758 3441 814 κινδυνεύειν
3496 758 3563 813 οῦ

1977 859 2106 929 περὶ
2133 859 2236 927 γῆς
2269 857 2431 927 ὅρων,
2459 854 2619 926 ἢχρη
2629 854 2811 925 μάτων
2839 851 3141 922 ἀποϐολῆς,
3172 851 3206 921 ἢ
3236 850 3395 904 ἄλλου
3412 848 3563 914 τινὸς

1977 950 2087 1003 τῶν
2122 947 2264 1002 κατὰ
2313 948 2415 1017 τὴν
2466 946 2613 1017 ζωὴν
2664 945 2865 1015 ταύτην
2918 942 3397 1013 σπουδαζομένων,
3423 942 3562 997 ἀλλὰ

1982 1038 2110 1109 περὶ
2150 1037 2251 1107 τῆς
2282 1034 2698 1107 προηγουμένης
2725 1032 2954 1096 ἐλπίδος.
2985 1032 3101 1085 Οὐκ
3152 1030 3266 1085 ἐστι
3311 1034 3417 1103 γάρ
3466 1030 3561 1086 τὸν

1980 1132 2060 1187 εἰς
2085 1127 2176 1181 τὸν
2205 1127 2409 1199 κόσμον
2435 1125 2624 1179 τοῦτον
2644 1125 3056 1196 ἀποστρέφοντα
3081 1124 3181 1195 τὴν
3202 1124 3439 1179 διάνοιαν
3465 1125 3559 1181 καὶ

1979 1220 2079 1289 τὴν
2109 1218 2296 1272 ἐνθάδε
2350 1217 2622 1289 μέριμναν
2649 1215 2989 1271 ἀναλαϐόντα
3007 1254 3021 1279 ,
3053 1217 3147 1270 καὶ
3176 1218 3257 1280 είς
3288 1217 3562 1288 ἀνθρωπί-

1982 1328 2079 1383 νην
2108 1310 2399 1383 ἀρέσκειαν
2425 1309 2754 1380 ἀσχολοῦντα
2790 1309 2984 1362 ἐαυτοῦ
3018 1309 3118 1379 τὴν
3150 1308 3393 1381 καρδίαν,
3420 1309 3562 1381 πλη-

1987 1403 2161 1474 ρωτὴν
2182 1401 2437 1471 γενέσθαι
2462 1405 2562 1473 τῆς
2591 1402 2813 1472 πρώτης
2839 1400 2933 1455 καὶ
2957 1400 3198 1471 μεγάλης
3224 1402 3438 1467 ἐντολῆς
3466 1402 3564 1457 τοῦ

1987 1493 2196 1565 Κυρίου
2217 1532 2231 1558 ,
2264 1493 2298 1562 ῆ
2334 1510 2498 1563 φησιν
2526 1491 2584 1559 ἐξ
2629 1492 2755 1561 ὅλης
2788 1492 3011 1563 καρδίας
3038 1494 3132 1545 καὶ
3162 1493 3441 1564 δυνάμεως
3471 1493 3568 1548 τὸν

1983 1585 2114 1639 Θεὸν
2138 1587 2378 1656 ἀγαπᾷν.
2406 1584 2532 1650 Πῶς
2560 1584 2669 1657 γὰρ
2689 1586 2967 1657 ἀγαπήσει
2990 1602 3075 1649 τις
3102 1588 3161 1652 ἐξ
3182 1586 3309 1656 ὅλης
3339 1585 3567 1657 καρδίας

1985 1679 2079 1732 καὶ
2107 1678 2388 1748 δυνάμεως
2419 1678 2511 1731 τὸν
2556 1676 2690 1730 Θεδν
2714 1717 2728 1742 ,
2770 1678 2899 1731 ὅταν
2931 1676 3271 1749 καταμερίσῃ
3302 1676 3399 1747 τὴν
3426 1693 3571 1748 καρ-

306 1796 419 1857 pat,
451 1793 510 1838 ut
534 1782 849 1838 hominibus
894 1780 1128 1850 placeat,
1178 1778 1225 1831 is
1253 1782 1432 1844 potest
1454 1773 1690 1843 primum
1726 1771 1879 1833 illud,

1994 1769 2100 1823 Βίαν
2133 1742 2327 1822 ἑαυτοῦ
2358 1769 2493 1843 πρὸς
2515 1770 2646 1824 Θεὸν
2668 1771 2760 1824 καὶ⁵
2786 1771 3010 1840 κόσμον,
3045 1742 3417 1825 καὶ-κλέπτων
3447 1742 3572 1843 τρό-

305 1886 359 1931 ει
386 1874 681 1929 maximum
712 1870 803 1925 Dei
839 1878 1168 1939 praeceptum
1192 1866 1431 1934 explere,
1452 1877 1559 1932 quo
1578 1876 1881 1927 monemur,

306 1975 363 2019 ut
398 1973 512 2018 toto
534 1963 722 2024 corde,
747 1960 880 2015 totis
925 1959 1135 2013 viribus
1190 1955 1359 2011 Deum
1400 1955 1715 2023 diligamus.
1765 1951 1884 2018 Quo

307 2056 451 2111 enim
483 2061 645 2125 pacto
681 2052 791 2116 ﬁet,
828 2060 887 2105 ut
922 2057 1037 2104 toto
1079 2048 1204 2119 quis
1240 2048 1424 2103 animo
1476 2045 1643 2101 Deum
1671 2045 1881 2115 diligat,

309 2162 433 2203 cum
487 2160 649 2202 suum
681 2144 770 2198 hic
806 2143 1049 2197 animum
1076 2141 1253 2195 modo
1287 2139 1341 2194 in
1385 2138 1580 2202 Deum,
1615 2136 1779 2191 modo
1828 2141 1883 2190 in

313 2256 400 2296 res
431 2238 698 2293 humanas
731 2235 994 2304 impellat,
1042 2232 1391 2300 debitamque
1441 2229 1521 2283 illi
1548 2227 1655 2285 soli
1710 2229 1886 2298 pieta-

308 2345 440 2392 tem,
471 2343 536 2382 ac
565 2325 993 2382 benevolentiam
1031 2323 1266 2393 quodam
1303 2320 1466 2377 modo
1519 2319 1782 2390 eripiens,
1824 2321 1881 2374 in

229 2486 234 2491 μ
310 2419 565 2475 humanis
623 2415 910 2472 affectibus
962 2412 1290 2469 exhauriat?
1345 2410 1550 2467 caelebs
1607 2408 1751 2464 enim
1797 2423 1886 2473 ea,

310 2527 432 2584 quae
462 2510 558 2564 Dei
593 2517 740 2569 sunt,
775 2515 936 2561 curat
976 2523 989 2559 :
1027 2506 1122 2577 qui
1167 2518 1298 2558 vero
1357 2503 1713 2558 matrimonio
1768 2501 1889 2555 vin-

311 2610 437 2657 ctus
465 2608 569 2666 est,
594 2599 649 2655 in
682 2598 788 2661 bis,
823 2612 945 2667 qua:
969 2603 1024 2652 et
1072 2595 1262 2651 mundi
1310 2602 1363 2651 et
1420 2592 1705 2649 hominum
1737 2599 1889 2659 sunt,

310 2706 502 2748 curam
538 2689 893 2758 studiumque
939 2686 1183 2742 adhibet.
1240 2684 1339 2741 Sin
1385 2693 1567 2741 autem
1616 2685 1892 2741 laboriosa

312 2791 506 2838 contra
559 2781 869 2851 voluptates
919 2792 983 2832 ac
1037 2776 1279 2832 difﬁcilis
1325 2776 1542 2831 videtur
1581 2791 1797 2847 pugna;
1834 2776 1893 2829 ii-

314 2873 465 2930 denti
493 2874 675 2927 animo
705 2871 937 2941 quisque
982 2870 1055 2924 sit
1094 2877 1147 2923 et
1185 2868 1309 2923 forti
1332 2882 1491 2933 ;.non
1519 2868 1664 2922 enim
1700 2882 1894 2936 parum

1982 1877 2082 1915 πον
2108 1860 2232 1914 τινὰ
2267 1859 2364 1932 τὴν
2419 1861 2612 1934 ἐκείνῳ
2657 1862 2801 1932 μόνῳ
2839 1863 3288 1934 χρεωστουμένην
3319 1862 3567 1931 ἀγάπην,

1980 1951 2339 2023 ἀνθρωπίνοις
2387 1953 2555 2025 αὐτὴν
2615 1954 2814 2008 πάθεσι
2883 1955 3329 2028 προσαναλίσκῃς
3369 1957 3397 2008 ό
3453 1955 3568 2025 γάρ

1981 2043 2194 2115 ἄγαμος
2229 2045 2469 2115 μεριμνᾷ
2494 2045 2562 2099 τὸ.
2586 2046 2679 2099 τοῦ
2703 2047 2931 2118 Κυρίου,
2977 2050 3006 2102 ό
3045 2047 3102 2101 δὲ
3127 2048 3383 2119 γαμήσας
3410 2064 3572 2118 μερι-

1987 2136 2094 2205 μνᾷ
2117 2131 2186 2186 τά
2217 2132 2311 2185 τοῦ
2353 2135 2581 2206 κόσμου.
2617 2137 2680 2189 Ei
2702 2137 2757 2190 δὲ
2782 2138 3036 2201 ἐπίπονος
3070 2139 3103 2208 ἡ
3149 2137 3283 2209 πρὸς
3312 2138 3411 2200 τάς
3438 2137 3568 2209 ἠδο-

1986 2228 2084 2292 νάς
2109 2229 2255 2301 μάχη
2281 2231 2447 2292 δοκεῖ,
2484 2228 2760 2299 θαῤῥείτω
2786 2232 2893 2294 πᾶς
2911 2246 2924 2258 ’
2950 2229 3069 2282 οὑδὲ
3106 2230 3216 2300 γὰρ
3240 2228 3376 2299 πρὸς
3410 2228 3571 2282 τοῦτο

1991 2320 2161 2391 μικρά
2210 2323 2243 2392 ὴ
2275 2320 2531 2389 συνήθεια
2564 2321 2659 2374 καὶ
2702 2323 2813 2384 τοῖς
2845 2319 3267 2383 δυσκολωτάτοις
3300 2315 3436 2373 εἶναι
3481 2320 3571 2373 δο-

1988 2410 2196 2475 κοῦσιν,
2234 2410 2428 2482 ἡδονήν
2455 2428 2575 2479 τινα
2608 2410 2696 2463 διὰ
2718 2411 2816 2479 τῆς
2844 2410 3109 2480 ἐπιμονῆς
3149 2408 3566 2482 ἐνεργάσασθαι·

1992 2503 2086 2556 καὶ
2113 2503 2306 2573 ἡδονὴν
2330 2502 2428 2573 τὴν
2457 2503 2751 2574 καλλίστην
2780 2502 2873 2556 καὶ¹
2896 2502 3304 2572 καθαρωτάτην,
3331 2498 3400 2573 ἧς
3422 2500 3572 2567 ἀξιόν

1991 2599 2105 2651 ἐστι
2146 2597 2237 2651 τόν
2267 2613 2332 2666 γε
2375 2596 2499 2651 νοῦν
2530 2597 2721 2667 ἔχοντα
2767 2596 3110 2669 περιέχεσθαι
3148 2596 3341 2666 μᾶλλον
3364 2636 3378 2660 ,
3426 2594 3460 2666 ἢ
3500 2597 3571 2665 τῇ

1990 2689 2118 2762 περὶ
2158 2688 2230 2743 τά
2277 2689 2506 2743 ταπεινά
2541 2688 2964 2761 μικροπρεπείᾳ,
3017 2687 3126 2741 τῶν
3163 2686 3413 2759 μεγάλων
3445 2688 3573 2739 κατ’

1992 2780 2249 2852 ἀλήθειαν
2295 2781 2391 2836 καὶ
2448 2780 2625 2834 πάντα
2665 2779 2787 2834 νοῦν
2833 2780 3207 2852 ὑπερεχόντων
3249 2776 3574 2851 ἀλλοτριοῦ-

1999 2871 2143 2927 σθαι.

316 2969 375 3024 in
400 2981 467 3023 eo
496 2964 842 3021 consuetudo
871 2961 1038 3030 valet,
1082 2969 1140 3016 ut
1180 2962 1260 3017 vel
1291 2962 1360 3017 iis
1405 2976 1529 3031 quae
1551 2960 1880 3016 difﬁcillima
1907 2976 2041 3025 esse
2081 2966 2359 3033 videntur,
2408 2967 2742 3037 voluptatem
2798 2965 3117 3036 quamdam,
3178 2980 3415 3037 eamque
3476 2964 3582 3019 ho-

317 3061 693 3120 nestissimam
726 3067 782 3116 et
806 3059 1042 3115 maxime
1073 3071 1264 3129 puram
1303 3072 1368 3112 ex
1400 3056 1583 3127 aliqua
1641 3059 2049 3127 perseverantia
2108 3062 2306 3132 pariat,
2374 3061 2536 3132 cujus
2614 3060 2836 3133 quidem
2891 3059 3189 3132 voluptatis
3255 3074 3446 3115 amore
3497 3058 3566 3125 is,

318 3160 415 3232 qui
468 3166 648 3213 mente
686 3156 945 3227 praeditus
1010 3160 1129 3220 est,
1169 3153 1354 3223 potius
1396 3159 1482 3207 est
1537 3152 1888 3220 delinendus,
1929 3170 2093 3225 quam
2126 3167 2156 3210 a
2192 3158 2357 3212 rebus
2382 3172 2510 3211 vere
2531 3156 2763 3227 magnis,
2799 3169 2987 3225 quaeve
3051 3169 3271 3211 omnem
3336 3162 3578 3209 mentem

318 3251 610 3317 excedunt,
647 3247 970 3305 alienandus
1001 3261 1066 3302 ex
1101 3243 1438 3301 demissione
1495 3244 1727 3314 quadam
1774 3245 1965 3313 animi,
1993 3263 2115 3318 qua:
2140 3249 2194 3304 in
2217 3249 2382 3305 rebus
2408 3247 2708 3303 humilibus
2734 3248 3001 3303 cernitur.

948 3385 1177 3444 CAPUT
1214 3383 1283 3441 Χ.

725 3504 869 3572 Quid
904 3519 960 3558 re
984 3520 1105 3558 vera
1129 3502 1493 3568 expetendum.

391 3620 604 3688 Quanta
634 3618 780 3673 enim
817 3615 1038 3685 jactura
1071 3613 1185 3674 ﬁat.
1221 3628 1344 3668 cum
1373 3611 1498 3682 quis
1528 3611 1643 3666 veri
1685 3612 1900 3669 honesti

323 3711 678 3784 possessione
707 3707 878 3783 cadit,
925 3721 1048 3776 quae
1078 3704 1346 3759 orationis
1387 3703 1471 3759 vis
1522 3703 1626 3758 hoc
1658 3704 1901 3773 explica-

324 3802 441 3857 ret?
470 3807 744 3870 quantave
786 3796 989 3851 mentis
1025 3801 1175 3851 esset
1204 3793 1514 3849 adhibenda
1547 3794 1902 3863 praestantia?

327 3894 451 3960 Quo
478 3892 625 3946 enim
661 3889 824 3944 modo
858 3889 985 3958 quis
1018 3888 1087 3958 {id
1131 3874 1459 3957 eiplicando
1491 3897 1898 3956 assequeretur,

324 3979 475 4052 quod
508 3994 686 4049 neque
732 3979 984 4033 oratione
1027 3977 1284 4047 exprimi,
1330 3992 1509 4046 neque
1540 3983 1723 4031 mente
1759 3991 1903 4030 com-

325 4071 590 4145 prehendi
647 4070 865 4140 potest?
909 4070 1045 4123 Nam
1100 4068 1147 4124 si
1192 4069 1317 4138 quis
1373 4068 1447 4121 ita
1490 4068 1688 4122 mentis
1728 4066 1900 4121 aciem

325 4167 666 4231 purgaverit,
701 4167 760 4214 ut
789 4158 974 4229 aliquo
1009 4166 1170 4229 pacto
1200 4158 1400 4214 intueri
1432 4157 1630 4228 possit.
1667 4154 1813 4225 quod
1845 4156 1902 4210 in

327 4252 762 4308 beatitudinibus
812 4250 1016 4309 factum
1072 4263 1156 4306 est
1208 4250 1372 4306 nobis
1421 4264 1452 4304 a
1502 4247 1614 4303 Deo
1662 4247 1902 4319 promis-

328 4356 474 4403 sum,
502 4341 549 4396 is
574 4356 790 4395 onmem
819 4340 1102 4395 hominum
1130 4355 1317 4395 vocem
1342 4339 1723 4410 reprehendet,
1743 4337 1903 4407 quasi

326 4433 534 4486 nullam
592 4432 704 4485 vim
756 4431 955 4486 habeat
1001 4432 1067 4485 ad
1118 4431 1199 4485 rei
1249 4431 1543 4485 intellectae
1583 4428 1904 4500 explicatio-

330 4540 491 4589 nem;
527 4524 571 4579 si
605 4524 731 4592 quis
771 4532 950 4577 autem
988 4524 1239 4592 corporis
1276 4524 1351 4577 ita
1381 4531 1466 4578 est
1500 4523 1746 4578 irretitus
1774 4520 1905 4576 ahe-

2635 3387 2889 3442 ΚΕΦΔΛ.
2924 3387 2984 3440 I’.

2359 3502 2422 3556 Τί
2463 3502 2530 3555 τὸ
2560 3500 2800 3569 ἀληθῶς
2839 3499 3223 3570 ἐπιθυμητόν.

2003 3636 2014 3643 ·
2075 3613 2219 3686 Ὀση
2251 3616 2359 3685 γάρ
2396 3615 2542 3669 ἐστιν
2581 3617 2614 3687 ἡ
2649 3613 2820 3687 ζημία
2871 3616 2929 3668 ἐν
2975 3613 3287 3669 ἀποπτώσει
3330 3612 3585 3684 γενέσθαι

2002 3707 2101 3778 τῆς
2128 3707 2223 3761 τοῦ
2273 3707 2439 3772 ὅντως
2477 3707 2641 3788 καλοῦ
2672 3710 2916 3777 κτήσεως
2939 3748 2954 3771 ,
2989 3707 3073 3770 τίς
3104 3706 3168 3760 ἂν
3214 3707 3579 3778 παραστήσειε

2002 3797 2196 3867 λόγος;
2228 3799 2358 3870 ποίᾳ
2400 3799 2443 3851 δ’
2474 3798 2539 3852 ἀν
2572 3787 2655 3861 τις
2691 3799 2954 3870 χρήσαιτο
2997 3798 3231 3859 διανοίας
3263 3787 3527 3868 ὑπερϐολῇ
3556 3811 3576 3859 ς

2004 3890 2122 3954 πῶς
2153 3890 2219 3944 ἂν
2249 3890 2536 3956 ἐνδείξαιτο
2566 3891 2660 3945 καὶ
2699 3892 2779 3954 εἰς
2810 3892 3131 3962 ὑπογραφὴν
3158 3890 3353 3959 ἀγάγοι
3390 3889 3449 3941 τὸ
3487 3887 3580 3941 καὶ

2002 3984 2147 4055 λόγῳ
2175 3983 2413 4056 ἄρρητον
2443 3986 2536 4037 καὶ
2562 3985 2790 4055 νοήματι
2812 3982 3223 4052 ἀκατάληπτον;
3256 3983 3317 4035 Εἰ
3351 3982 3445 4052 μὲν
3471 3981 3580 4051 γάρ

2002 4093 2088 4139 τις
2134 4075 2225 4128 ἐπὶ
2256 4074 2508 4129 τοσοῦτον
2549 4074 2609 4127 τὸ
2640 4075 2738 4145 τῆς
2771 4073 2997 4146 καρδίας
3031 4074 3184 4145 ὄμμα
3230 4072 3580 4142 κεκάθαρται,

2004 4167 2081 4231 ὡς
2124 4166 2417 4237 δυνηθῆναί
2450 4184 2567 4230 πως
2604 4166 2729 4219 ἰδεῖν
2757 4167 2819 4220 τὸ
2848 4167 2904 4219 ἐν
2941 4168 3052 4229 τοῖς
3084 4164 3445 4235 μακαρισμοῖς
3474 4161 3587 4215 ὑπὸ

2004 4256 2099 4312 τοῦ
2125 4258 2335 4329 Κυρίου
2371 4257 2776 4328 ἐπηγγελμένον
2801 4298 2814 4321 ,
2850 4256 3027 4325 πάσης
3055 4254 3460 4324 καταγνώσεται
3486 4254 3585 4307 ἀνο

2005 4349 2282 4422 θρωπίνης
2326 4349 2509 4419 φωνῆς
2529 4389 2543 4414 ,
2575 4348 2650 4411 ὼς
2683 4347 2937 4419 οὐδεμίαν
2977 4347 3206 4417 ἐχούσης
3231 4344 3459 4415 δύναμιν
3504 4343 3587 4406 είς

2004 4442 2103 4513 τὴν
2127 4441 2221 4496 τοῦ
2274 4441 2556 4512 νοηθέντος
2590 4441 2971 4510 παράστασιν·
3015 4441 3062 4493 εί
3106 4438 3163 4491 δέ
3214 4454 3296 4501 τις
3345 4435 3427 4488 ἔτι
3473 4436 3586 4497 τοῖς

2006 4535 2207 4599 ὑλικοῖς
2249 4534 2624 4605 ἐγκαθήμενος
2673 4532 2912 4599 πάθεσι,
2959 4531 3207 4601 καθάπερ
3257 4527 3362 4581 ὑπὸ
3407 4526 3591 4597 λήμης

330 4615 534 4679 ctihus,
577 4624 637 4669 ut
661 4614 863 4668 mentis
892 4629 1006 4668 sua:
1030 4615 1178 4668 acies
1215 4614 1503 4668 aﬂ‘ectione
1543 4613 1705 4677 mala,
1746 4614 1893 4683 quasi

2008 4626 2153 4689 τινὸς
2180 4628 2280 4697 τῆς
2301 4623 2579 4695 ἐμπαθοῦς
2600 4624 2889 4687 διαθέσεως
2932 4623 2992 4676 τὸ
3023 4620 3326 4693 διορατικὸν
3360 4620 3460 4689 τῆς
3488 4616 3593 4685 ψυ-

333 4704 657 4775 lippitudine
701 4704 936 4774 quadam
968 4704 1266 4760 obscurata
1315 4704 1409 4770 sit,
1442 4705 1624 4760 inanis
1651 4704 1782 4759 huic
1821 4712 1893 4761 est

2010 4720 2114 4791 χῆς
2139 4689 2535 4772 ἐπιπεπλασται
2563 4762 2578 4784 ,
2632 4717 2836 4789 ματαία
2882 4716 2977 4770 καὶ
3013 4689 3183 4785 τούτῳ
3233 4715 3385 4766 πᾶσα
3415 4711 3592 4780 λόγων

331 4805 386 4851 ει
429 4798 655 4851 minime
696 4796 981 4851 fructuosa
1011 4798 1192 4852 omnis
1220 4797 1304 4851 vis
1332 4805 1384 4851 et
1414 4798 1686 4853 orationis
1722 4798 1903 4867 copia,

332 4891 594 4959 quoniam
631 4891 684 4944 in
714 4890 823 4946 illis
855 4891 948 4960 qui
980 4890 1101 4945 sine
1140 4905 1307 4945 sensu
1341 4899 1489 4955 sunt,
1538 4891 1764 4960 perinde
1798 4900 1905 4955 est,

334 4984 517 5038 eleves
558 4982 741 5036 verbis
772 4998 841 5036 an
882 4981 1184 5052 ampliﬁces
1225 4981 1491 5037 miracula
1526 4999 1540 5036 :
1572 4991 1630 5037 ut
1673 4983 1730 5036 in
1774 4983 1908 5038 solis

333 5073 525 5137 radiis,
564 5073 746 5129 inanis
779 5083 883 5141 est,
921 5083 1086 5145 atque
1128 5075 1354 5130 minime
1390 5076 1539 5129 utilis
1567 5075 1636 5130 de
1676 5074 1765 5130 his
1801 5089 1913 5130 ser-

333 5170 515 5222 monis
540 5165 835 5235 explicatio
860 5166 932 5228 ci,
959 5168 1053 5235 qui
1079 5165 1260 5219 lumen
1293 5165 1363 5218 ab
1390 5173 1512 5219 ortu
1539 5181 1649 5220 non
1676 5164 1908 5235 aspexit,

333 5259 592 5327 quoniam
652 5256 875 5315 luminis
922 5257 1107 5311 radios
1167 5258 1397 5312 auribus
1447 5258 1730 5326 percipere
1801 5270 1912 5308 non

332 5355 513 5417 potest
551 5365 565 5403 :
600 5347 675 5400 ita
720 5348 776 5401 in
814 5361 944 5402 vero
974 5346 1205 5411 lumine,
1240 5347 1386 5417 quod
1431 5354 1615 5401 mente
1645 5345 1912 5409 cernitur,

334 5438 453 5493 suis
479 5439 679 5508 cuique
711 5438 892 5494 oculis
934 5452 1074 5507 opus
1102 5445 1208 5503 est,
1260 5448 1315 5493 ut
1352 5437 1500 5492 illam
1543 5436 1914 5508 pulchritudi~

335 5543 458 5584 nem
490 5529 742 5600 aspiciat,
774 5546 939 5600 quam
969 5529 1063 5599 qui
1103 5545 1333 5585 munere
1364 5529 1483 5595 Dei,
1520 5545 1583 5583 ac
1614 5528 1909 5599 providen-

334 5619 409 5673 tia
440 5620 637 5685 cernit,
667 5621 977 5677 incredibili
1007 5622 1214 5681 mentis
1246 5630 1472 5692 stupore
1498 5627 1716 5675 tenetur
1758 5620 1812 5672 in
1842 5633 1909 5674 eo

334 5710 477 5783 quod
511 5712 745 5781 exprimi
775 5728 884 5769 non
913 5719 1131 5784 potest;
1163 5714 1256 5785 qui
1287 5728 1415 5768 vero
1448 5727 1555 5767 non
1590 5710 1828 5782 aspexit,
1862 5711 1909 5767 is

2008 4810 2200 4881 ἰσχύςο
2250 4810 2340 4863 ἐπὶ
2391 4810 2499 4879 γὰρ
2550 4809 2659 4862 τῶν
2697 4807 3039 4877 ἀναισθήτως
3088 4805 3360 4875 ἐχόντων,
3412 4804 3473 4854 ἐν
3504 4800 3585 4870 τῷ

2005 4901 2175 4972 ὁμοίῳ
2215 4900 2517 4968 καθέστηκε
2552 4900 2613 4952 τό
2649 4917 2709 4952 τε
2738 4897 2990 4952 ἐλαττοῦν
3036 4896 3123 4950 διὰ
3161 4894 3255 4949 τοῦ
3284 4894 3441 4961 λόγου
3492 4892 3592 4945 καὶ

2006 4990 2067 5042 τὸ
2106 4989 2423 5061 ὑπεραίρειν
2456 4988 2525 5042 τά
2565 4976 2813 5058 θαύματα
2835 5005 2847 5017 θ
2875 4987 2951 5049 ὡς
2979 4985 3072 5039 καὶ
3111 4984 3205 5036 ἐπὶ
3234 4983 3331 5052 τῆς
3358 4980 3595 5052 ἡλιακῆς

2009 5078 2224 5142 ἀκτῖνος
2243 5117 2257 5141 ,
2284 5076 2363 5146 τῷ
2394 5077 2468 5147 μὴ
2498 5077 2811 5147 τεθεαμένῳ
2847 5075 2906 5128 τὸ
2949 5074 3065 5143 φῶς
3097 5073 3205 5127 ἀπὸ
3250 5070 3472 5142 πρώτης
3499 5085 3594 5136 γε⁸

2009 5168 2208 5232 νέσεως
2236 5167 2381 5239 ἀργὴ
2417 5169 2511 5221 καὶ
2556 5168 2810 5236 ἀνόνητος
2846 5166 3052 5234 γίνεται
3079 5168 3111 5234 ἠ
3160 5163 3248 5217 διὰ
3284 5162 3393 5215 τῶν
3415 5161 3593 5228 λόγων

2010 5258 2104 5313 τοῦ
2134 5260 2308 5329 φωτὸς
2362 5262 2623 5331 ἑρμηνεία
2648 5277 2661 5291 ο
2692 5261 2751 5312 οὑ
2787 5260 2894 5329 γάρ
2948 5260 3062 5310 ἐστι
3094 5256 3315 5309 δυνατὸν
3362 5254 3461 5324 τὴν
3493 5251 3594 5321 τῆς

2012 5352 2227 5414 ἀκτῖνος
2280 5351 2596 5422 λαμπηδόνα
2651 5351 2715 5404 δι’
2751 5349 2916 5419 ἀκοῆς
2953 5349 3270 5417 ἐναυγάσαι.
3308 5344 3465 5399 Οῦτω
3499 5342 3593 5398 καὶ

2014 5443 2107 5496 ἐπὶ
2131 5442 2226 5496 τοῦ
2257 5442 2511 5514 ἀληθινοῦ
2549 5443 2644 5498 καὶ
2666 5442 2855 5513 νοητοῦ
2884 5442 3062 5512 φωτὸς
3084 5481 3099 5504 ,
3131 5440 3277 5494 ἰδίων
3296 5434 3593 5507 ὀφθαλμῶν

2017 5534 2231 5604 ἑκάστῳ
2273 5534 2429 5605 χρεία
2456 5577 2470 5600 ,
2496 5535 2583 5588 ἵνα
2628 5534 2690 5588 τὸ
2720 5532 2914 5597 κάλλος
2942 5534 3116 5587 ἐκεῖνο
3141 5531 3419 5601 θεάσηται,
3454 5530 3595 5599 ὅπερ

2016 5626 2045 5677 ὁ
2077 5623 2173 5695 μὲν
2203 5622 2323 5679 ἰδὼν
2355 5625 2497 5679 κατά
2519 5642 2638 5679 τινα
2666 5625 2815 5679 θείαν
2844 5625 3051 5695 δωρεάν
3076 5640 3134 5676 τε
3166 5623 3258 5673 καὶ
3285 5619 3574 5672 ἐπίπνοιαν

2017 5716 2417 5791 ἀνερμήνευτον
2448 5720 2505 5772 ἐν
2530 5717 2606 5790 τῷ
2630 5719 2926 5791 ἀπορρήτῳ
2956 5718 3054 5783 τῆς
3090 5712 3447 5787 συνειδήσεως
3480 5711 3598 5784 ἔχει
