3896 6204
211 266 324 343 'sst

1579 280 1670 338 DE
1685 279 2159 341 VIRGINITATE.

3384 285 3490 342 562

221 399 323 469 τὴν
368 396 631 470 ἔκπληξιν
655 413 669 427 ·
701 398 731 450 ό
771 396 829 452 δὲ
868 397 944 469 μὴ
978 396 1300 470 τεθεαμένος
1323 439 1338 466 ,
1374 398 1497 454 οὐδὲ
1544 399 1810 471 γνώσεται

1916 416 2095 472 neque
2111 414 2299 457 earum
2335 414 2520 457 rerum
2546 400 2805 455 damnum
2840 399 3061 479 sentiet,
3092 399 3296 469 quibus
3325 402 3492 455 orba-

214 492 328 562 τὴν
353 491 565 563 ζημίαν
602 483 675 545 ὧν
703 490 1095 561 ἀπεστέρηται.
1126 491 1253 557 Πῶς
1283 492 1392 564 γὰρ
1437 493 1503 547 ἄν
1546 510 1630 558 τις
1661 494 1811 564 αὐτῷ

211 582 594 651 διαπεφευγὸς
642 581 803 635 αὐτὸν
850 583 1054 651 ἀγαθὸν
1081 586 1449 656 παραστήσειε
1474 603 1489 651 ;
1517 585 1634 649 πῶς
1669 586 1713 638 δ’
1746 587 1810 641 ἀν

158 746 161 749 _
210 691 316 738 τις
345 676 440 728 ὑπ’
470 674 589 744 ὄψιν
626 673 826 743 ἀγάγοι
857 673 919 726 τὸ
955 674 1231 744 ἄφραστον
1259 691 1273 739 ;
1310 676 1468 740 Ἰδίας
1500 676 1683 745 φωνάς
1715 694 1812 748 ση-

219 765 504 837 μαντικάς
552 767 763 819 ἐκείνου
814 765 912 819 τοῦ
965 766 1194 830 κάλλους
1242 768 1303 820 οὐ
1364 768 1760 839 μεμαθήκαμεν
1794 782 1807 797 °

145 866 158 900 θ
216 858 533 928 ὑπόδειγμα
578 857 673 911 τοῦ
724 858 1056 929 ζητουμένου
1112 859 1173 911 ὲν
1197 861 1310 922 τοῖς
1357 855 1506 913 οὖσιν
1535 861 1635 913 οὐκ
1663 859 1810 913 ἔστιν

214 950 408 1003 οὐδέν’
448 949 514 1002 ἐκ
554 947 896 1021 συγκρίσεως
932 965 995 1017 γε
1031 948 1135 1020 μὴν
1161 950 1293 1003 αὐτὸ
1319 950 1622 1021 δηλωθῆναι
1668 952 1809 1021 ἀμή-

215 1057 409 1110 χανον.
448 1040 546 1104 Τίς
601 1040 712 1110 γάρ
771 1038 937 1111 ὀλίγῳ
999 1040 1257 1111 σπινθῆρι
1312 1039 1662 1113 προσεικάζει
1717 1042 1809 1094 τὸν

218 1131 397 1201 ἥλιον,
437 1131 472 1201 ἢ
508 1131 696 1202 ῥανίδα
744 1131 1003 1202 βραχεῖαν
1051 1132 1183 1201 πρὸς
1242 1131 1340 1202 τὴν
1398 1132 1505 1185 τῶν
1558 1131 1809 1184 ἀϐύσσων

219 1222 487 1294 ἀπειρίαν
517 1222 874 1293 άνθίστησινς
920 1224 1015 1275 Ὃν
1063 1223 1173 1292 γὰρ
1201 1222 1311 1292 ἔχει
1340 1223 1495 1292 λόγον
1538 1224 1674 1294 πρὸς
1710 1222 1807 1287 τὰς

220 1313 500 1376 ἀϐύσσους
542 1315 575 1382 ἠ
635 1312 792 1383 ὀλίγη
844 1312 1058 1381 σταγὼν
1087 1350 1103 1377 ,
1162 1313 1194 1383 ἢ
1242 1314 1378 1384 πρὸς
1432 1315 1529 1386 τὴν
1568 1315 1809 1386 μεγάλην

221 1405 417 1457 ἀκτῖνα
444 1404 541 1458 τοῦ
570 1404 724 1475 ἡλίου
754 1404 816 1457 τὸ
843 1403 1037 1475 μικρὸν
1070 1404 1490 1475 σπινθηράκιον’
1519 1404 1663 1459 οὐτω
1696 1406 1809 1459 διά-

222 1513 404 1551 κειται
443 1497 541 1550 καὶ
572 1497 750 1551 πάντα
780 1496 850 1550 τά
894 1494 1041 1567 παρὰ
1083 1497 1190 1550 τῶν
1217 1496 1519 1567 ἀνθρώπων
1557 1497 1631 1559 ὼς
1669 1497 1810 1551 καλὰ

224 1587 619 1658 θαυμαζόμενα
647 1588 785 1659 πρὸς
814 1590 991 1641 ἐκεῖνο
1015 1587 1077 1641 τὸ
1099 1587 1294 1651 κάλλος
1317 1627 1332 1650 ,
1365 1587 1394 1641 ὃ
1422 1589 1552 1660 περὶ
1576 1588 1636 1641 τὸ
1658 1588 1809 1658 πρῶ-

226 1696 320 1732 τον
362 1679 568 1747 ἀγαθὸν
605 1681 700 1732 καὶ
727 1679 792 1732 τὸ
821 1679 1075 1733 ἐπέκεινα
1116 1679 1316 1742 παντὸς
1344 1679 1550 1747 ἀγαθοῦ
1585 1681 1813 1751 θεωρεῖ-,

1920 504 2008 548 tus
2062 502 2167 548 est.
2228 491 2517 558 Quomodo
2588 492 2734 547 enim
2797 492 2873 547 illi
2916 492 3210 563 quisquam
3284 492 3491 547 bonum

1916 594 2232 655 exponeret,
2280 584 2427 654 quod
2482 586 2551 638 ab
2602 584 2725 652 ejus
2768 598 2932 639 sensu
2982 583 3219 655 refugit?
3251 598 3362 655 qua
3411 598 3493 638 ra-

1918 678 2067 733 tione
2109 693 2221 732 rem
2274 678 2344 731 ob
2374 678 2565 731 oculos
2608 684 2857 747 poneret,
2902 693 3025 747 quae.
3068 678 3171 733 sub
3206 685 3490 747 aspectum

1917 786 2026 824 ..οη
2056 770 2237 825 cadit?
2280 783 2382 824 nos
2410 769 2632 839 propria
2680 769 2868 831 verba,
2903 784 3024 839 quae
3062 769 3212 823 illius
3242 767 3490 838 pulchri-

1918 862 2124 917 tudinis
2151 862 2387 931 speciem
2419 860 2813 931 significarent,
2848 876 2959 915 non
3004 860 3339 925 didicimus;
3378 874 3489 913 non

1915 954 2088 1008 ullum
2127 953 2267 1021 ejus,
2302 953 2368 1006 de
2402 968 2513 1022 quo
2561 953 2851 1022 quaeritur,
2903 960 3085 1008 exstat
3128 952 3437 1020 exemplum
3466 969 3484 1005 :

1916 1045 2327 1116 comparatione
2349 1059 2483 1099 vero
2511 1044 2694 1115 aliqua
2729 1045 2836 1099 hoc
2871 1045 3051 1115 ipsum
3088 1044 3354 1098 illustrari
3386 1042 3492 1097 dif-

1919 1136 2060 1190 ficile
2086 1150 2220 1191 sane
2253 1143 2359 1190 est.
2396 1133 2533 1199 Quis
2579 1135 2725 1189 enim
2763 1150 2946 1205 parvae
2976 1134 3290 1190 scintillulae
3318 1132 3490 1189 solem

1915 1231 2220 1294 comparat,
2250 1231 2345 1277 aut
2377 1238 2599 1293 parvam
2630 1223 2833 1278 stillam
2863 1239 2989 1279 cum
3022 1224 3291 1279 immensa
3319 1237 3493 1292 aqua-

1914 1331 2035 1370 rum
2075 1315 2335 1384 voragine
2379 1313 2632 1370 confert?
2663 1316 2873 1369 nullam
2921 1315 3080 1369 enin?
3125 1315 3492 1384 comparatio-

1915 1421 2039 1459 nem
2084 1405 2245 1460 habet
2274 1420 2451 1475 neque
2479 1420 2604 1459 cum
2647 1406 2911 1476 voragine
2939 1413 3112 1475 gutta,
3151 1418 3328 1474 neque
3362 1419 3490 1458 cum

1914 1498 2049 1552 solis
2086 1496 2260 1551 radiis
2295 1496 2520 1550 minima
2565 1495 2827 1550 scintilla.
2858 1495 3062 1550 Eodem
3104 1496 3268 1550 modo
3305 1509 3366 1550 se
3393 1494 3492 1548 ha-

1918 1584 2046 1638 bent
2073 1586 2279 1646 omnia,
2313 1598 2657 1654 quascunque
2684 1584 2934 1639 homines
2960 1591 3226 1654 tanquam
3260 1582 3491 1652 pulchra

1916 1674 2281 1738 admirantur,
2303 1674 2711 1744 comparatione
2737 1674 2882 1729 facta
2907 1689 3034 1730 cum
3063 1690 3130 1730 eo
3151 1673 3298 1744 quod
3326 1688 3491 1729 omne

228 1784 346 1820 ται.
386 1769 485 1831 Τίς
510 1763 605 1821 οὖν
635 1769 841 1822 ἐπίνοια
885 1769 945 1822 τὸ
975 1768 1205 1838 μέγεθος
1235 1768 1336 1838 τῆς
1364 1766 1565 1840 ζημίας
1590 1769 1667 1840 τῷ
1702 1789 1808 1824 πα-

1913 1766 2202 1835 pulchrum
2236 1774 2403 1835 atque
2448 1765 2652 1820 bonum
2694 1766 2933 1820 excedit.
2968 1763 3154 1835 Itaque
3188 1780 3309 1835 quae
3342 1781 3499 1821 men—

234 1857 389 1912 θόντι
430 1858 529 1929 τὴν
583 1858 776 1929 ζημίαν
822 1860 1027 1929 ταύτην
1086 1861 1420 1928 ὲνδείξεται;
1468 1861 1664 1924 Καλῶς
1721 1878 1810 1931 μοι

230 1950 385 2004 δοκεῖ
409 1953 438 2005 ὁ
470 1951 638 2021 μέγας
676 1952 839 2004 Δαϐὶδ
866 1952 963 2023 τὴν
988 1953 1298 2023 ἀμηχανίαν
1330 1953 1652 2023 ἐνδεδεῖχθαι
1679 1954 1811 2007 ’ταύ⁶

231 2060 332 2114 την
355 2060 371 2073 ’
396 2044 456 2105 ὃς
483 2042 665 2113 ἐπειδὴ
695 2060 825 2096 ποτε
848 2044 1073 2113 δυνάμει
1103 2043 1198 2096 τοῦ
1235 2042 1548 2114 Πνεύματος
1578 2044 1810 2113 ὑψωθεὶς

229 2131 329 2194 τὴν
367 2132 606 2185 διάνοιαν
631 2171 647 2195 ,
699 2132 795 2184 καὶ
838 2126 950 2186 οἷον
997 2130 1167 2195 ὲκὸἀς
1213 2131 1374 2195 αὐτὸς
1408 2132 1600 2185 ἑαυτὸν
1622 2171 1637 2197 ,
1673 2126 1810 2184 εἶδεν

225 2226 407 2277 ἐκεῖνο
443 2224 503 2276 τὸ
531 2224 813 2294 ἀμήχανον
845 2224 940 2277 καὶ⁵
989 2223 1346 2295 ἀπερινόητον
1397 2223 1592 2286 κάλλος
1640 2225 1696 2276 ὲν
1740 2222 1808 2295 τῇ

226 2314 491 2386 paynpfg,
508 2316 766 2367 ἐκστάσει
799 2309 926 2384 (εἶδε
958 2313 1015 2367 δὲ
1063 2315 1280 2377 πάντως
1316 2314 1392 2378 ὡς
1429 2313 1701 2385 ἀνθρώπῳ
1746 2332 1809 2383 γε

220 2406 447 2459 δυνατὸν
493 2406 653 2467 ἰδεῖν,
680 2405 783 2470 ἔξω
822 2406 929 2458 τῶν
957 2407 1055 2477 τῆς
1087 2405 1289 2477 σαρκὸς
1332 2405 1811 2477 προκαλυμμάτων

220 2497 520 2568 γενόμενος
546 2537 562 2561 ,
592 2497 687 2550 καὶ
720 2496 975 2550 εἰσελθὼν
1000 2497 1089 2550 διὰ
1132 2497 1298 2568 μόνης
1324 2496 1561 2559 διανοίας
1593 2499 1672 2558 είς
1712 2497 1810 2569 τὴν

218 2590 332 2644 τῶν
375 2590 685 2660 ἀσωμάτων
716 2590 811 2642 καὶ
854 2587 1060 2660 νοητῶν
1092 2588 1347 2658 θεωρίαν)
1369 2603 1383 2619 ⁸
1415 2588 1602 2659 ἐπειδή
1632 2605 1684 2642 τι
1717 2589 1812 2642 καὶ

220 2683 405 2737 εἰπεῖν
426 2682 576 2748 ἄξιον
600 2681 698 2735 τοῦ
736 2682 993 2750 ὀφθέντος
1046 2682 1384 2753 ὲπεπόθησεν
1408 2721 1423 2747 ,
1454 2679 1673 2758 εκείνην
1728 2680 1813 2747 ἐξ·

218 2774 421 2844 εὸόησε
450 2774 553 2845 τὴν
577 2774 762 2844 φωνὴν
780 2812 795 2835 ,
825 2774 891 2844 ἦν
925 2773 1125 2836 πάντες
1169 2773 1402 2846 ᾄδουσιν,
1440 2773 1525 2828 ὅτι
1549 2771 1677 2841 Πᾶς
1703 2773 1811 2827 ἇν-

220 2868 462 2935 θρωπος
488 2865 793 2932 ψεύστης-ο
822 2863 980 2917 τοῦτο
1001 2862 1057 2915 δέ
1082 2863 1247 2927 ἐστιν,
1275 2862 1352 2926 ὣς
1389 2879 1453 2932 γε
1495 2864 1524 2916 ὁ
1563 2863 1694 2934 ἐμὸς
1721 2863 1808 2917 λόο

219 2972 320 3026 τος
345 2997 364 3020 ,
396 2956 480 3008 ὃτι
524 2956 633 3017 πᾶς
678 2952 962 3026 ἄνθρωπος
1017 2955 1167 3024 φωνῇ
1217 2953 1532 3025 ἐπιτρέπων
1572 2953 1670 3025 τὴν
1715 2951 1809 3007 τοῦ

218 3046 510 3119 ἁφράστου
539 3044 718 3114 φωτὸς
763 3044 1057 3116 ἑρμηνείαν
1080 3085 1095 3110 ,
1125 3045 1293 3108 ὅντως
1344 3043 1584 3116 ψεύστης
1615 3045 1762 3098 ἐστίν
1791 3060 1807 3076 ο

218 3140 351 3210 οὐχὶ
401 3138 482 3209 τῷ
521 3141 698 3210 μισεῖν
726 3138 893 3208 αὐτὴν
915 3177 931 3202 ,
984 3137 1119 3192 ἀλλὰ
1144 3138 1223 3208 τῷ
1256 3137 1500 3192 ἀσθενεῖν
1542 3137 1671 3208 περὶ
1711 3137 1811 3208 τὴν
1837 3130 1879 3189 C

218 3231 321 3286 τοῦ
346 3230 628 3300 νοηθέντος
652 3228 1016 3299 παράστασιν.
1048 3229 1121 3282 Τὸ
1146 3229 1243 3299 μὲν
1272 3228 1382 3300 γὰρ
1405 3228 1659 3298 αἰσθητὸν
1681 3228 1809 3282 κάλ‹

220 3322 317 3385 λος
334 3364 354 3390 ,
379 3321 503 3383 ὅσον
524 3320 677 3375 κάτω
702 3337 768 3372 πε
777 3323 830 3391 ρ).
852 3320 943 3373 τὸν
968 3319 1235 3391 ἡμέτερον
1257 3319 1651 3390 ἀναστρέφεται
1675 3319 1807 3389 βίον,

225 3414 340 3468 εἴτε
372 3414 430 3465 ἑν
456 3411 685 3482 ἀψύχοις
712 3411 866 3474 ὕλαις
884 3452 897 3473 ,
936 3411 1045 3463 εἴτε
1079 3411 1172 3463 καὶ
1193 3412 1251 3464 ὲν
1278 3409 1524 3480 σώμασιν
1548 3409 1812 3481 ἐμψύχοις

226 3504 315 3559 διά
341 3520 489 3567 τινος
525 3503 782 3574 εὐχροίας
810 3502 1310 3571 ἐμφανταζόμενον,
1344 3501 1621 3570 αὐτάρκης
1654 3500 1811 3571 ήμῶν

230 3595 264 3664 ἡ
283 3594 428 3648 κατά
465 3594 563 3665 τὴν
586 3593 837 3663 αἴσθησιν
866 3592 1094 3662 δύναμις
1123 3592 1215 3645 καὶ
1240 3591 1539 3662 θαυμάσαι,
1571 3591 1665 3644 καὶ
1685 3591 1812 3645 ἀπο-

230 3684 513 3752 δέξασθαι,
536 3685 632 3738 καὶ
654 3686 929 3756 γνώριμον
962 3684 1132 3754 ἑτέρῳ
1163 3684 1406 3753 ποιῆσαι,
1436 3682 1526 3737 διά
1566 3684 1664 3753 τῆς
1704 3683 1811 3736 τῶν

230 3779 409 3848 λόγων
456 3778 667 3847 γραφῆς
709 3776 898 3846 ὥσπερ
930 3777 987 3828 ὲν
1039 3776 1204 3828 εἰκόνι
1246 3775 1353 3828 τινὶ
1403 3774 1479 3845 τῷ
1521 3774 1665 3845 λόγῳ
1716 3773 1810 3828 τοῦ

229 3870 483 3924 τοιούτου
505 3869 724 3932 κάλλους
756 3867 1169 3939 ἐγγραφομένου
1191 3883 1205 3899 ο
1240 3862 1300 3920 οὐ
1328 3866 1385 3919 δὲ
1416 3866 1476 3918 τὸ
1505 3866 1813 3937 ἀρχέτυπον

231 3962 433 4024 κάλλος
489 3960 757 4029 διαφεύγει
809 3960 908 4031 τὴν
955 3959 1314 4029 κατανόησιν,
1350 3960 1467 4023 πῶς
1505 3961 1571 4013 ἂν
1598 3961 1626 4011 ὁ
1658 3958 1814 4027 λόγος

234 4054 318 4106 ὐπ’
350 4053 486 4122 δ’,ιηιν
513 4052 725 4121 ἀγάγοι,
756 4050 1014 4123 οὐδεμίαν
1050 4051 1298 4122 μηχανὴν
1323 4050 1651 4121 ἐξευρίσκων
1682 4052 1812 4104 ὐπο-

233 4146 450 4215 γραφῆς
474 4184 488 4205 ,
516 4144 577 4196 οὐ
604 4142 787 4214 χροιὰν
818 4142 956 4212 ἔχων
994 4143 1189 4205 εἰπεῖν,
1218 4141 1278 4193 οὐ
1308 4144 1493 4213 σχῆμα
1512 4182 1527 4204 ,
1557 4142 1618 4195 οὐ
1652 4142 1812 4211 μέγε-

234 4236 318 4300 θος
337 4277 353 4298 ,
384 4237 448 4288 οὐ
486 4236 701 4305 μορφῆς
738 4232 1017 4305 εὐμοιρίαν
1037 4271 1052 4296 ,
1082 4231 1202 4285 οὐδέ
1232 4249 1356 4285 τινα
1387 4231 1521 4295 ὅλως
1546 4231 1815 4303 φλυαρίαν

231 4325 519 4393 τοιαύτηνς
554 4322 630 4375 Τὸ
665 4323 774 4393 γάρ
798 4322 970 4386 ἀειδὲς
1004 4322 1180 4392 πάντη
1204 4363 1218 4387 ,
1256 4323 1349 4375 καὶ
1386 4321 1810 4392 ἀσχημάτιστον,

232 4414 325 4468 καὶ
380 4412 746 4483 πηλικότητος
777 4413 957 4484 πάσης
1000 4413 1310 4484 ἀλλότριον,
1345 4414 1437 4466 καὶ
1469 4413 1684 4467 πάντων
1710 4414 1811 4467 ὅσα

1914 1861 1986 1916 tis
2026 1862 2108 1917 vis
2154 1871 2260 1925 est,
2297 1871 2357 1916 ut
2408 1863 2481 1925 ei,
2515 1862 2608 1931 qui
2661 1862 2764 1916 hoc
2811 1862 3012 1915 damno
3062 1861 3316 1926 afficitur,
3356 1859 3492 1915 illud

1912 1953 2088 2022 ipsum
2134 1954 2519 2009 demonstret?
2554 1953 2721 2009 Recte
2765 1954 2897 2007 mihi
2922 1952 3143 2021 quidem
3176 1954 3320 2008 hanc
3356 1951 3496 2008 ditii-

1911 2046 2166 2100 cultatem
2214 2062 2464 2117 summus
2513 2048 2605 2101 ille
2656 2046 2824 2100 David
2883 2045 3296 2102 demonstrasse
3338 2044 3495 2100 vidc-

1912 2145 2000 2190 tur
2041 2153 2057 2190 :
2087 2137 2180 2207 qui
2221 2136 2462 2207 Spiritus
2492 2138 2543 2191 vi
2579 2137 2874 2207 aliquando
2908 2147 3092 2193 mente
3116 2136 3317 2204 elatus,
3348 2150 3493 2206 qua-

1911 2227 2069 2298 sique
2117 2236 2271 2282 extra
2340 2243 2401 2284 se
2450 2229 2701 2300 positus,
2761 2242 2999 2298 cumque
3052 2228 3110 2283 in
3172 2228 3333 2283 beata
3399 2227 3491 2281 illa

1913 2320 2110 2376 mentis
2148 2321 2385 2376 elatione
2432 2327 2599 2386 esset,
2640 2320 3104 2390 pulchritudinem
3157 2320 3305 2373 illam
3352 2319 3494 2373 dilli-

1911 2412 2091 2477 cilem,
2124 2427 2246 2482 qua:
2279 2428 2390 2467 non
2422 2423 2603 2468 mente
2646 2411 3146 2483 comprehenditur,
3184 2411 3302 2481 ipse
3332 2411 3488 2474 vidit,

1910 2510 1971 2555 ut
2009 2503 2212 2555 homini
2252 2502 2445 2556 saltem
2474 2510 2655 2573 potest
2684 2504 3023 2574 contingere,
3058 2503 3309 2573 corporis
3341 2503 3492 2557 velut

1910 2602 2108 2649 excitus
2159 2594 2484 2656 involucris,
2528 2595 2646 2649 sola
2688 2603 2867 2651 mente
2897 2596 3193 2665 aniquue
3240 2610 3369 2649 cum
3422 2594 3493 2650 ad

1865 2735 1876 2745 ,
1912 2698 2118 2748 rerum,
2164 2699 2287 2755 quae
2334 2698 2566 2755 corpore
2608 2694 2830 2749 vacant,
2870 2694 3161 2755 menteque
3194 2685 3371 2741 solum
3407 2685 3494 2740 in-

1912 2776 2269 2847 telliguntur,
2316 2776 2849 2845 contemplationem‘
2890 2791 2951 2832 se
2999 2776 3302 2841 conferret,
3359 2791 3497 2848 quo-

1910 2868 2059 2922 niam
2103 2868 2311 2938 aliquid
2355 2869 2544 2936 dicere
2589 2869 2840 2940 cupierat
2878 2884 2946 2925 eo
2986 2868 3237 2940 dignum,
3266 2870 3415 2940 quod
3462 2882 3496 2924 a

1913 2974 1973 3015 se
1999 2970 2355 3031 conspectum
2372 2968 2510 3027 erat,
2536 2960 2804 3032 ejusmodi
2822 2960 3045 3017 verbum
3074 2960 3323 3031 protulit,
3346 2960 3496 3031 quod

1912 3053 2075 3125 vulgo
2114 3053 2223 3109 dici
2262 3053 2402 3109 solet
2433 3070 2445 3107 :
2481 3072 2499 3104 ι
2528 3052 2721 3109 Omnis
2745 3054 2906 3108 homo
2942 3051 3174 3107 mendax
3196 3053 3293 3107 ¹⁸⁴ι
3334 3068 3354 3102 ι
3389 3050 3498 3105 hoc

1913 3156 2020 3212 est,
2054 3154 2113 3200 ut
2137 3160 2257 3200 mea
2290 3143 2396 3199 fert
2420 3144 2630 3215 opinio,
2661 3144 2827 3199 homo
2848 3144 3050 3206 omnis,
3076 3143 3168 3214 qui
3198 3139 3494 3198 ineffabilia

1912 3236 2138 3291 luminis
2188 3234 2697 3305 interpretationem
2751 3234 2994 3289 sermoni
3045 3232 3348 3303 permittit,
3404 3232 3496 3288 hic

1911 3336 1997 3384 est
2029 3343 2086 3383 re
2119 3342 2248 3382 vera
2298 3326 2473 3381 falsus
2507 3344 2520 3379 :
2557 3340 2667 3379 non
2703 3324 2830 3395 quia
2870 3323 3157 3379 veritatem
3205 3323 3343 3388 odit,
3395 3324 3493 3380 sed

1912 3418 2169 3489 quoniam
2221 3416 2288 3470 ad
2356 3416 2478 3485 ejus
2530 3414 2677 3485 quod
2733 3422 2916 3471 mente
2979 3415 3491 3486 comprehenditur,

1912 3510 2335 3580 explicationem
2373 3507 2623 3564 infirmus
2664 3515 2772 3563 est.
2813 3507 3285 3563 Pulchritudinem
3320 3508 3491 3572 enim,

1913 3618 2034 3673 qua:
2062 3601 2319 3657 sensibus
2347 3601 2671 3672 percipitur,
2712 3616 2901 3671 quasve
2936 3602 2990 3657 in
3023 3601 3185 3656 terris
3211 3601 3266 3655 iu
3300 3611 3494 3657 nostra

1913 3695 2019 3748 hac
2062 3693 2168 3746 vita
2208 3692 2477 3754 cernitur,
2515 3692 2630 3748 sive
2666 3690 2756 3745 illa
2798 3692 2870 3747 sit
2902 3692 2959 3746 in
3010 3690 3177 3748 rebus
3208 3692 3489 3756 inanimis,

1914 3786 2029 3840 sive
2069 3784 2122 3838 in
2172 3783 2501 3854 corporibus
2535 3782 2820 3847 animatis,
2869 3783 3018 3838 bono
3072 3784 3262 3854 aliquo
3307 3787 3498 3840 colore

1912 3876 2241 3947 exc0gitata,
2289 3875 2374 3932 vis
2427 3890 2690 3932 sensuum
2739 3883 3057 3931 nostrorum
3092 3891 3190 3948 per
3241 3892 3303 3933 se
3358 3880 3499 3934 satis

1913 3977 2018 4034 cst,
2047 3978 2105 4022 ut
2138 3968 2286 4021 illam
2323 3981 2425 4023 nos
2468 3967 2825 4038 aspiciamus,
2868 3967 3229 4033 admiremur.
3257 3969 3495 4026 demou-

1915 4068 2152 4115 stremus
2198 4059 2345 4125 aliis,
2384 4072 2448 4112 ac
2496 4073 2772 4122 sermone,
2812 4060 2974 4129 quasi
3026 4060 3081 4115 in
3128 4061 3327 4118 tabella
3356 4077 3496 4131 qua-

1914 4149 2036 4203 dam
2069 4149 2142 4205 sit
2169 4147 2336 4217 hujus
2369 4147 2803 4218 pulchritudinis
2832 4162 3091 4219 expressa
3126 4152 3360 4219 species,
3393 4166 3498 4205 nov

1914 4247 2025 4294 tam
2093 4239 2240 4293 illam
2298 4238 2513 4299 caetesz
2566 4237 2873 4303 faciamus;
2946 4253 3125 4307 neque
3171 4240 3316 4293 enim
3370 4243 3494 4310 ejus

1913 4330 2192 4398 exemplar
2238 4325 2651 4396 intelligentiam
2692 4326 2879 4395 fugit:
2915 4340 3024 4396 quo
3068 4327 3231 4382 modo
3274 4332 3384 4393 fiet,
3436 4342 3494 4385 ut

1915 4419 1985 4473 ob
2030 4418 2220 4476 oculos
2270 4432 2386 4472 rem
2434 4427 2602 4487 ponat
2633 4418 2838 4483 oratio,
2889 4433 3012 4489 quae
3042 4419 3248 4473 nullam
3282 4421 3494 4477 descri-

236 4504 361 4574 περὶ
392 4479 554 4573 σῶμα
595 4479 689 4557 καὶ
719 4479 972 4573 αἴσθησιν
1006 4479 1314 4574 θεωρεῖται,
1347 4503 1630 4576 πόρρωθεν
1662 4504 1808 4572 ἱδρύ-

1915 4511 2079 4567 bendi
2114 4518 2286 4565 artem
2326 4509 2615 4580 comperit,
2662 4524 2775 4565 non
2811 4510 3031 4567 dicendi
3072 4513 3337 4578 colorem,
3383 4532 3493 4572 non

234 4612 429 4661 μενον,
459 4593 577 4657 πῶς
622 4593 690 4648 άν
720 4611 804 4657 τις
840 4593 928 4648 διὰ
944 4593 1052 4647 τῶν
1101 4595 1236 4665 μόνῃ
1269 4596 1335 4666 τῇ
1370 4594 1618 4666 αἰσθήσει
1645 4613 1813 4650 κατα-

229 4685 661 4757 λαμϐανομένων
712 4686 1060 4757 γνωρίσειεν;
1108 4686 1183 4739 Οὐ
1244 4687 1349 4757 μὴν
1405 4687 1492 4741 διά
1539 4687 1699 4741 τοῦτό
1748 4705 1812 4748 γε

233 4776 611 4844 ἀπο-γνωστέον
658 4778 790 4846 ἡμῖν
817 4779 916 4847 τῆς
959 4775 1252 4839 ἐπιθυμίας
1276 4775 1516 4845 ταύτης,
1555 4777 1636 4829 ὃτι
1676 4776 1815 4847 ὑψη-

230 4867 427 4938 λοτέρα
464 4866 709 4935 φαίνεται
739 4868 837 4937 τῆς
868 4867 1220 4940 καταλήψεως
1240 4886 1253 4898 ·
1288 4867 1401 4921 ἀλλ’
1430 4869 1542 4937 ὅσῳ
1588 4866 1729 4936 μέγα
1752 4867 1815 4921 τὸ

228 4958 562 5029 ζητούμενον
589 4960 617 5012 ὁ
654 4958 810 5027 λόγος
839 4958 1139 5026 ἀπέδειξεν,
1161 4959 1398 5031 τοσούτῳ
1426 4959 1624 5030 μᾶλλον
1649 4960 1812 5029 ὑψοῦ-

233 5048 364 5101 σθαι
390 5047 495 5118 χρὴ
524 5049 621 5118 τὴν
648 5048 887 5104 διάνοιαν
910 5052 1004 5105 καὶ
1045 5051 1462 5122 συνεπαίρεσθαι
1489 5051 1565 5123 τῷ
1592 5051 1810 5123 μεγέθει

217 5136 323 5192 τοῦ
361 5137 714 5208 ζητουμένου,
750 5140 824 5212 μὴ
851 5141 1125 5205 παντελῶς
1161 5140 1265 5207 ἔξω
1298 5143 1548 5210 γενέσθαι
1594 5143 1694 5213 τῆς
1716 5143 1811 5197 τοῦ

1911 4604 2160 4675 figuram,
2193 4615 2302 4656 non
2334 4600 2790 4671 magnitudinem,
2830 4617 2941 4657 non
2976 4603 3342 4674 integritatem
3378 4612 3491 4663 fur-

1911 4711 2032 4761 mm,
2081 4710 2261 4765 neque
2309 4695 2450 4750 ullas
2492 4695 2652 4765 plane
2683 4695 2736 4750 id
2783 4697 3000 4767 generis
3059 4712 3234 4769 nugas
3287 4699 3498 4755 habet?

1912 4785 2057 4857 quod
2112 4787 2260 4841 enim
2310 4786 2380 4839 ab
2430 4786 2580 4840 omni
2612 4793 2767 4857 parte
2817 4787 3113 4843 obscurum
3162 4799 3267 4854 est,
3313 4804 3495 4859 neque

1911 4879 2024 4933 ulla
2066 4876 2242 4932 forma
2290 4892 2636 4947 expressum,
2663 4878 2878 4948 quodve
2916 4878 2985 4935 ab
3017 4880 3167 4934 omni
3215 4882 3494 4952 magnitu-

1918 4970 2045 5026 dine
2088 4969 2349 5034 alienum,
2411 4970 2680 5041 longeque
2715 4970 2784 5025 ab
2834 4971 2919 5026 his
2951 4973 3210 5029 omnibus
3251 4975 3493 5045 positum

1917 5070 2035 5127 est,
2094 5077 2216 5131 quze
2284 5062 2537 5132 corporis
2584 5061 2841 5118 sensibus
2896 5072 3217 5129 cernuntur,
3278 5066 3337 5121 id
3383 5082 3495 5135 quo

1919 5156 2079 5209 modo
2115 5155 2313 5222 aliquis
2347 5154 2625 5224 cegnitum
2657 5170 2724 5209 ex
2768 5154 2836 5209 iis
2883 5155 3048 5210 rebus
3090 5156 3156 5210 ha
3230 5165 3335 5219 ret,
3372 5170 3493 5226 qua:

1919 5243 2036 5297 solo
2081 5257 2247 5296 seusu
2295 5242 2883 5313 comprehenduntur?
2913 5242 3029 5299 Non
3072 5156 3362 5315 prolierea
3406 5253 3493 5298 ta-

216 5225 440 5296 ἀγαθοῦ
496 5229 789 5298 μετουσίας
810 5248 824 5261 ’
856 5231 1099 5295 κίνδυνος
1145 5232 1253 5303 γάρ
1280 5234 1339 5286 οὐ
1383 5233 1594 5306 μικρὸς,
1622 5234 1694 5305 μὴ
1733 5232 1810 5305 τῷ

1917 5243 2036 5297 solo
2081 5257 2247 5296 seusu
2295 5242 2883 5313 comprehenduntur?
2913 5242 3029 5299 Non
3072 5225 3362 5315 proﬁcrea
3406 5253 3494 5298 ta-

218 5320 351 5373 λίαν
381 5319 571 5389 ὑψηλῴ
604 5338 662 5374 τε
692 5322 785 5375 καὶ
812 5324 1057 5395 ἀρρήτῳ,
1096 5325 1409 5379 παντάπασι
1440 5329 1539 5396 τῆς
1562 5328 1688 5397 περὶ
1716 5328 1810 5381 αὐ·

1917 5290 2031 5297 η--
2082 5290 2247 5296 --η--
2302 5290 2830 5313 -----,,.---------..-...
2864 5290 2876 5296 -
2913 5290 3029 5299 -.νη
3076 5290 3362 5315 rer--.“
3409 5290 3462 5298 η

1919 5350 2040 5389 men
2092 5334 2255 5403 hujus
2302 5334 2657 5404 cognitionis,
2710 5333 3141 5406 cupiditatisque
3185 5350 3289 5391 nos
3339 5351 3492 5407 spem

216 5409 319 5463 τοῦ
360 5410 569 5474 ἑννοίας
625 5412 1078 5485 ἀπολισθήσωμεν
1108 5456 1122 5481 ,
1166 5414 1351 5484 μηδενὶ
1397 5414 1658 5486 γνωρίμῳ
1713 5414 1812 5487 τὴν

218 5498 560 5568 κατανόησιν
585 5502 765 5556 αὐτῶν
787 5505 1175 5578 ἐπερείδοντες.
1212 5506 1302 5558 Δεῖ
1331 5504 1509 5559 τοίνυν
1535 5506 1636 5578 τῆς
1662 5507 1814 5561 aco»

298 5684 371 5719 ’⁵⁸
394 5682 541 5741 Ρνιιι.
568 5700 694 5749 cxv,
723 5686 812 5743 ll.

180 5742 281 5877 Lg
296 5836 369 5880 τί*
554 5742 830 5843 Pariter.
873 5780 987 5842 Gn.
1034 5780 1252 5843 XLVI.

1916 5428 2191 5497 deponere
2242 5425 2525 5491 debemus,
2580 5428 2842 5497 quoniam
2898 5430 3061 5485 altior
3128 5444 3192 5484 ca
3239 5438 3489 5499 apparet,

1918 5532 2084 5589 quam
2115 5526 2174 5573 ut
2207 5525 2388 5574 mente
2409 5518 2798 5590 comprehendi
2834 5520 3050 5594 possit;
3080 5521 3199 5589 sed,
3235 5537 3346 5593 quo
3374 5536 3493 5577 ma-

2580 5818 2602 5846 .
3097 5788 3177 5850 ιε
