3896 6204
391 276 497 332 363
1641 276 1698 331 S.
1742 275 2064 333 GRECORII
2085 278 2375 336 NYSSENI
3525 291 3644 346 564

394 390 480 458 ius
518 397 600 444 est
637 389 710 453 id,
741 389 884 460 quod
917 388 1199 460 qureritur,
1236 403 1302 444 eo
1341 388 1508 445 altius
1537 390 1720 443 animo
1751 398 1944 444 mente-

2062 391 2210 456 νείας
2246 393 2432 447 ἕνεκεν
2471 396 2672 466 ταύτης
2699 397 2786 451 διὰ
2813 398 2919 452 τῶν
2969 402 3034 472 τῇ
3064 401 3314 472 αἰσθήσει
3349 404 3640 475 γνωρίμων

395 497 500 551 que
529 482 731 546 eﬂerri,
757 483 950 552 reique
982 482 1153 552 ipsius
1193 481 1566 550 magnitudine
1597 479 1770 549 magis
1795 486 1944 548 atqur

2063 487 2418 553 χειραγωγεῖν
2469 487 2605 557 πρὸς
2651 489 2713 541 τὸ
2753 489 2982 560 ἀόρατον
3027 491 3123 562 τὴν
3168 493 3426 548 διάνοιαν.
3467 496 3532 549 Ἡ
3575 497 3642 551 δὲ

395 572 570 639 magis
614 587 713 626 nos
747 571 974 624 excitari
1011 580 1246 641 Oportet,
1280 578 1339 624 ut
1382 585 1452 624 ne
1497 569 1566 623 ab
1619 567 1792 637 ipsius
1822 567 1944 621 boui

2056 573 2267 627 ἐπίνοια
2292 575 2506 644 γένοιτο
2535 579 2600 634 ἂν
2629 581 2760 651 ⁴ἡμῖν
2786 581 3007 654 τοιαύτη
3034 601 3046 614 ·

393 661 652 714 societate
704 659 864 714 alieni
919 674 1017 713 nos
1067 659 1224 727 plane
1274 657 1596 713 ellieiamur.
1649 656 1958 711 Periculum
1996 660 2140 715 enim
2181 677 2291 718 nou
2370 681 2599 736 parvum
2665 679 2771 739 est,
2809 687 2903 741 ne,
2937 688 3061 742 cum
3093 676 3298 733 nullius
3332 678 3409 734 rei
3446 679 3647 745 cogni-

391 759 540 808 tione
579 754 745 823 hujus
789 754 1208 824 intelligentiam
1252 752 1373 822 capi
1409 766 1571 821 posse
1645 751 2121 820 aﬁirmaverimus,
2198 767 2423 830 propter
2474 777 2726 834 magnam
2797 767 3090 835 quamdam
3155 779 3211 825 et
3277 772 3645 841 inexplicabi-

392 852 494 904 lem
539 847 966 918 magnitudinem
1014 862 1116 903 nos
1155 846 1275 915 ejus
1319 846 1544 901 omnino
1587 847 1954 918 cognitionem
1989 851 2328 912 amittamus.
2372 855 2560 928 Itaque
2595 869 2820 930 propter
2847 862 2988 918 hanc
3056 862 3230 933 ipsam
3295 866 3648 922 imbecillita-

390 955 518 999 tem,
561 955 625 993 ex
669 940 830 993 rebus
860 954 1024 994 sensu
1051 937 1286 1028 cognitis
1315 938 1512 1028 mentis
1549 939 1654 992 vim
1682 955 1786 995 nos
1815 939 2220 1010 quodammodo
2249 948 2316 1005 ad
2360 949 2412 1004 id
2463 950 2749 1008 traducere
2809 963 3047 1024 oportet,
3120 956 3267 1028 quod
3333 958 3437 1014 sub
3503 975 3648 1016 ocu-

391 1028 475 1085 los
515 1043 622 1082 non
675 1030 843 1084 cadit.
890 1030 1067 1098 Atque
1120 1028 1176 1082 in
1214 1027 1316 1081 hac
1359 1026 1577 1096 quidem
1617 1031 2084 1101 contemplatione
2111 1051 2212 1092 nos
2251 1038 2327 1094 ita
2357 1055 2661 1096 versemur.

741 1172 756 1208 ,
998 1138 1228 1208 caper
1262 1138 1354 1195 xu.

400 1233 859 1301 Quemadmodum
897 1233 1012 1303 quis
1061 1234 1112 1285 in
1146 1231 1566 1303 consideratione
1599 1251 1714 1289 vere
1757 1235 1962 1289 honesti

974 1303 1173 1356 versari
1199 1301 1366 1355 debet.

458 1395 561 1462 Qui
592 1393 894 1448 exteriores
942 1401 1153 1446 tantum
1197 1407 1286 1445 res
1329 1392 1476 1446 nulla
1517 1394 1772 1463 penitiori
1821 1408 1958 1450 con-

389 1488 740 1556 templatione
785 1487 1088 1551 intuentur,
1147 1501 1272 1540 cum
1336 1487 1634 1549 hominem,
1687 1495 1781 1540 aut
1843 1503 1956 1542 rem

2660 1156 2910 1212 ΚΕΦΔΛ.
2946 1159 3047 1214 IA'.

2064 1241 2195 1309 Πῶς
2225 1244 2302 1297 ἅν
2323 1261 2414 1312 τις
2432 1247 2501 1300 ἐν
2521 1250 2790 1316 περινοίᾳ
2827 1249 3056 1320 γένοιτο
3073 1252 3179 1307 τοῦ
3203 1253 3388 1320 ὅντως
3415 1255 3640 1312 καλοῦ.

2130 1397 2339 1470 Ὠσπερ
2364 1401 2542 1455 τοίνυν
2569 1404 2617 1456 oi
2651 1405 2750 1475 μὲν
2779 1407 3220 1480 ἐπιπολαιότερον
3244 1409 3368 1481 δίχα
3394 1412 3645 1477 διανοίας

2056 1485 2126 1538 τὰ
2170 1487 2468 1558 πράγματα
2511 1491 2828 1560 βλέποντες,
2861 1496 3077 1550 έπειδάν
3103 1497 3315 1551 εἴδωσιν
3345 1500 3646 1570 ἄνθρωπον

387 1579 625 1648 aliquam
667 1578 967 1648 aspiciunt,
1016 1593 1137 1645 qua)
1188 1577 1425 1646 speciem
1458 1577 1696 1646 aliquam
1746 1593 1858 1648 pra:
1901 1594 1944 1632 ει

2057 1577 2090 1647 ἢ
2113 1578 2246 1650 ὅπερ
2266 1578 2333 1632 ἂν
2355 1579 2490 1652 τύχῃ
2511 1582 2618 1637 τῶν
2644 1588 3000 1657 φαινομένων,
3025 1589 3184 1642 πλέον
3207 1591 3356 1644 οὐδὲν
3376 1591 3471 1644 τοῦ
3493 1594 3648 1663 ὀρω-

386 1669 544 1733 ferat,
579 1669 712 1722 nihil
745 1683 876 1724 sane
908 1669 1143 1736 amplius
1170 1669 1491 1738 exquirunt,
1517 1684 1680 1737 quam
1723 1669 1776 1724 id
1806 1669 1944 1740 quod

2063 1669 2746 1771 μένου.περιιεργόιζόνται⁹
2795 1679 2956 1749 ἀρκεῖ
2997 1680 3104 1750 γὰρ
3137 1681 3317 1743 αὐτοῖς
3356 1682 3647 1752 θεασαμέ-

384 1763 486 1814 sub
522 1761 712 1814 oculos
755 1761 922 1814 cadit.
959 1758 1091 1812 Nam
1123 1758 1251 1812 dum
1287 1759 1536 1827 corporis
1573 1761 1771 1814 molem
1821 1776 1954 1815 con-

384 1851 737 1919 templantur,
783 1851 850 1903 iis
899 1849 1033 1902 satis
1078 1855 1185 1906 est.
1242 1848 1287 1902 si
1331 1857 1499 1902 totam
1531 1849 1778 1918 corporis
1825 1864 1956 1904 cou-

385 1942 720 1996 stitutionem
785 1938 1268 2008 cotnprehcudissc
1314 1955 1373 1994 se
1428 1949 1641 2010 putent.
1691 1939 1762 1992 At
1825 1956 1956 1995 vero

383 2034 474 2102 qui
507 2039 686 2086 mente
715 2039 800 2085 est
829 2037 988 2082 acuta
1022 2037 1076 2083 et
1115 2029 1442 2098 perspicaci,
1485 2030 1956 2101 scientiarumque

381 2122 688 2190 disciplinis
717 2121 1042 2180 instructus,
1093 2134 1200 2171 non
1239 2120 1411 2172 solum
1445 2121 1582 2176 satis
1629 2122 1791 2176 habet
1823 2137 1954 2176 ocu-

384 2215 557 2266 lorum
590 2226 756 2265 sensu
788 2224 894 2270 res,
933 2223 1054 2276 qua?
1096 2218 1246 2270 sunt,
1280 2210 1519 2276 intueri;
1558 2227 1733 2280 neque
1764 2212 1951 2276 rebus,

380 2319 500 2372 qute
557 2301 833 2362 videntur,
887 2298 1213 2367 simpliciter
1266 2300 1598 2369 acquiescit;
1662 2316 1840 2370 neque
1899 2302 1954 2357 id

379 2393 523 2464 quod
556 2408 666 2448 non
703 2393 968 2453 cernitur,
1027 2393 1081 2446 in
1120 2393 1186 2446 iis
1221 2392 1406 2454 rebus,
1443 2408 1564 2461 quae
1598 2394 1760 2448 nullae
1803 2403 1952 2460 sunt,

379 2495 668 2552 numerat;
711 2483 805 2539 sed
854 2497 1070 2537 onmem
1112 2482 1274 2536 etiam
1324 2483 1489 2536 animi
1536 2492 1788 2538 naturam
1831 2485 1954 2540 dili-

379 2587 568 2648 genter
624 2575 937 2642 investigat,
994 2588 1402 2646 corporumque
1461 2575 1778 2643 qualitates,
1832 2590 1954 2645 quae

376 2676 665 2740 apparent.
697 2676 751 2722 ct
786 2667 1065 2730 universe,
1101 2674 1155 2720 et
1193 2667 1470 2735 sigillatim
1507 2667 1821 2722 considerat
1851 2685 1864 2720 :
1900 2674 1953 2720 et

378 2761 568 2813 harum
623 2773 785 2810 uuam
821 2758 890 2812 ab
940 2757 1110 2810 altera
1164 2756 1436 2825 praecipue
1485 2757 1700 2811 ratione
1748 2757 1952 2812 distin-

377 2849 497 2917 guit
529 2866 542 2900 :
581 2861 884 2915 rursusque
914 2847 1130 2899 illarum
1159 2861 1504 2900 communem
1533 2861 1862 2901 concursum
1897 2857 1950 2902 et

377 2938 786 3005 conspirantem
851 2937 1142 3005 quemdam
1189 2951 1521 2991 consensum
1578 2939 1633 2992 in
1701 2940 1950 3008 corporis

2059 1777 2169 1824 νοις
2197 1760 2287 1813 τὸν
2334 1761 2498 1830 ὄγκον
2529 1765 2620 1819 τοῦ
2673 1765 2922 1837 σώματος
2945 1808 2960 1833 ,
2992 1770 3110 1823 ὅλον
3156 1771 3373 1841 νομίσαι
3406 1773 3498 1825 τὸν
3533 1771 3646 1826 τοῦ

2055 1851 2343 1925 ἀνθρώπου
2393 1853 2547 1922 λόγον
2589 1857 3002 1929 κατειληφέναι·
3044 1863 3073 1913 ὁ
3107 1861 3163 1914 δὲ
3198 1862 3500 1931 διορατικὸς
3531 1862 3649 1932 τὴν

2054 1941 2248 2012 ψυχὴν,
2282 1943 2374 1996 καὶ
2414 1944 2838 2015 πεπαιδευμένος
2889 1948 2963 2018 μὴ
2991 1949 3170 2018 μόνοις
3195 1949 3489 2021 ὀφθαλμοῖς
3511 1954 3652 2004 ἐπι-

2053 2031 2322 2104 τρέπει[ν]
2342 2034 2439 2104 τὴν
2467 2035 2574 2087 τῶν
2594 2035 2760 2089 ὄντων
2787 2037 3090 2107 ἐπίσκεψιν,
3111 2041 3171 2092 οὐ
3196 2040 3353 2111 μέχρι
3372 2043 3479 2096 τῶν
3506 2062 3651 2112 φαι-

2055 2123 2294 2192 νομένων
2347 2125 2636 2193 στήσεται,
2679 2126 2799 2179 οὐδὲ
2835 2128 2894 2180 τὸ
2937 2129 3010 2199 μὴ
3053 2129 3379 2199 βλεπόμενον
3416 2134 3473 2184 ὲν
3512 2137 3647 2198 τοῖς

2058 2201 2132 2282 μὴ
2156 2208 2275 2265 οὖσι
2304 2213 2595 2280 λογίζεται,
2642 2215 2777 2268 ἀλλά
2804 2217 2896 2268 καὶ
2937 2218 3113 2289 ψυχῆς
3156 2218 3314 2287 φύσιν
3347 2224 3599 2292 περινοεῖ
3620 2264 3643 2287 ,

2056 2304 2148 2355 καὶ
2179 2302 2278 2367 τὰς
2307 2304 2384 2374 τῷ
2407 2305 2618 2375 σώματι
2645 2306 2988 2376 ὲμφυομένας
3017 2309 3326 2380 ποιότητας,
3358 2311 3449 2363 καὶ
3471 2317 3642 2383 κοινῇ

2056 2396 2150 2447 καὶ
2195 2396 2316 2450 καθ’
2351 2397 2550 2460 ὲαυτάς
2595 2397 3016 2452 ἐπισκέπτεται·
3071 2400 3176 2471 ἰδίᾳ
3219 2419 3277 2454 τε
3309 2403 3414 2472 γὰρ
3443 2405 3645 2456 αὐτῶν

2054 2485 2288 2555 ἑκάστην
2322 2487 2540 2556 χωρίζει
2568 2487 2645 2558 τῷ
2677 2488 2840 2558 λόγῳ,
2874 2491 2966 2543 καὶ
2996 2491 3156 2544 πάλιν
3187 2492 3284 2564 τὴν
3316 2494 3495 2564 κοινὴν
3527 2496 3647 2548 αὖε-

2053 2575 2160 2629 τῶν
2193 2577 2495 2648 συνδρομήν
2530 2595 2588 2631 τε
2627 2580 2720 2632 καὶ
2750 2579 3051 2651 σύμπνοιαν
3080 2583 3206 2653 περὶ
3234 2584 3332 2652 τὴν
3363 2584 3451 2637 τοῦ
3489 2585 3644 2640 ὑπο-

2055 2667 2301 2736 κειμένου
2329 2668 2584 2722 σύστασιν
2613 2669 2837 2741 θεωρεῖ·
2888 2671 3059 2734 οὕτως
3091 2669 3183 2725 οὖν
3221 2675 3314 2728 καὶ
3341 2675 3398 2728 ὲν
3425 2678 3492 2745 τῇ
3531 2677 3643 2731 τοῦ

2055 2758 2220 2810 καλοῦ
2261 2759 2514 2830 ζητήσει,
2562 2763 2590 2813 ό
2624 2761 2721 2831 μὲν
2753 2761 2948 2833 ἀτελὴς
2980 2763 3077 2834 τὴν
3109 2764 3366 2829 διάνοιαν,
3401 2767 3643 2822 ἐπειδὰν

2056 2848 2138 2922 ἴδῃ
2179 2867 2229 2902 τι
2274 2852 2502 2919 πρᾶγμα
2547 2844 2591 2918 ᾧ
2638 2851 2864 2916 κάλλους
2907 2854 3052 2917 τινὸς
3091 2855 3438 2927 περικέχυται
3487 2876 3641 2926 φαν-

2052 2940 2232 3001 τασία,
2267 2939 2398 2993 αὐτὸ
2422 2942 2596 2994 ἐκεῖνο
2633 2943 2794 2997 καλὸν
2825 2939 2964 2996 εἶναι
3002 2947 3068 3015 τῇ
3098 2947 3292 2999 ἑαυτοῦ
3323 2947 3481 3016 φύσει
3509 2952 3640 3022 οἰή-

374 3027 768 3083 cmtstitutioue
799 3027 1218 3094 conteuqﬂatur.
1251 3025 1449 3081 Eadem
1492 3027 1658 3097 igitur
1692 3030 1832 3083 ratio
1863 3039 1944 3085 est

2058 3046 2231 3094 σεται,
2261 3031 2397 3101 ὅπερ
2415 3030 2480 3084 ἂν
2505 3032 2602 3103 τὴν
2627 3031 2876 3102 αἴσθησιν
2897 3034 3060 3088 αὑτοῦ
3088 3037 3153 3088 δι’
3178 3037 3367 3108 ἡδονῆς
3393 3040 3644 3096 ἐπισπά-

375 3121 429 3184 lu
466 3123 630 3190 hujus
666 3122 877 3175 honesti
907 3122 1231 3190 pulchrique
1265 3121 1633 3190 indagatione.
1665 3121 1767 3188 Qui
1798 3124 1943 3178 enim

374 3223 555 3269 mente
613 3215 792 3267 minus
853 3215 1092 3282 perlecta
1147 3201 1250 3276 est,
1311 3227 1436 3266 cum
1481 3212 1687 3282 aliquid
1747 3215 1941 3279 cernit,

371 3305 516 3375 quod
547 3305 782 3374 speciem
820 3303 1248 3374 pulchritudinis
1293 3304 1532 3373 aliquam
1571 3319 1682 3374 prae
1719 3320 1777 3360 se
1814 3303 1940 3367 fert,

372 3392 504 3446 illud
535 3393 712 3462 ipsum
746 3393 1036 3462 pulchrum
1081 3405 1178 3444 sua
1217 3401 1410 3444 natura
1453 3407 1577 3446 esse
1608 3392 1941 3461 opinabitur,

371 3485 515 3556 quod
553 3486 829 3552 voluptate
875 3483 1111 3554 quadam
1160 3483 1281 3550 ejus
1311 3498 1506 3537 sensus
1538 3481 1776 3538 all'ccerit
1809 3501 1823 3536 :
1855 3483 1943 3538 ni-

371 3577 556 3646 hilque
602 3585 798 3646 prmtcr
838 3590 958 3629 eam
999 3571 1250 3642 requirit.
1306 3573 1411 3628 Sed
1457 3574 1550 3642 qui
1591 3574 1944 3645 integerrimo

371 3676 453 3722 cst
477 3667 646 3721 animi
684 3683 849 3722 sensu
889 3665 1270 3736 ejusmodique
1300 3681 1389 3722 res
1425 3664 1696 3734 inspicere
1737 3673 1941 3734 potest,

369 3761 418 3815 is
462 3759 744 3814 materiam
793 3759 1108 3828 relinquens
1142 3757 1355 3828 pulchri
1394 3757 1581 3811 formae
1613 3756 1941 3826 subjectam,

369 3868 456 3914 eo,
488 3852 634 3921 quod
672 3853 846 3906 oculis
870 3852 1133 3914 cernitur,
1159 3850 1316 3921 quasi
1344 3849 1703 3905 fundamento
1734 3850 1939 3920 aliquo,

371 3951 554 3998 utetur
608 3941 673 3996 ad
739 3942 886 3996 illius
929 3941 1351 4011 pulchritudinis
1401 3941 1940 4010 contemplationem,

367 4032 515 4105 quod
568 4041 747 4088 mente
791 4033 1294 4102 comprehenditur,
1341 4032 1504 4102 cujus
1557 4031 1943 4086 communione

368 4142 492 4181 cum
531 4128 737 4196 reliqua
780 4126 1004 4180 honesta
1039 4126 1378 4195 pulchraque
1431 4133 1581 4190 sunt,
1618 4131 1732 4177 tum
1773 4123 1939 4178 etiam

369 4216 658 4271 habentur.
686 4215 817 4270 Mihi
853 4232 980 4270 vero
1019 4215 1237 4271 dilIicile
1264 4217 1502 4279 videtur,
1538 4229 1663 4269 cum
1692 4213 1941 4284 plerique

366 4309 560 4363 obtusa
593 4310 790 4362 mentis
842 4308 958 4363 acie
1000 4307 1130 4370 sint,
1185 4324 1304 4372 eos,
1347 4308 1440 4377 qui
1472 4321 1726 4361 sermone
1769 4314 1940 4359 mate-

2052 3139 2232 3192 σηται,
2263 3125 2355 3176 καὶ
2383 3124 2532 3176 οὐδὲν
2559 3125 2697 3196 ὑπὲρ
2723 3122 2878 3179 τοῦτο
2899 3127 3058 3181 πλέον
3085 3147 3148 3182 πε
3160 3131 3522 3201 ριεργὰζεται.
3570 3135 3643 3188 Ὀ

2047 3211 2104 3264 δὲ
2138 3212 2540 3282 κεκαθαρμένος
2570 3215 2658 3268 τὸν
2682 3217 2781 3286 τῆς
2810 3219 2986 3288 ψυχῆς
3015 3219 3310 3290 ὀφθαλμὸν,
3338 3226 3429 3274 καὶ
3462 3223 3642 3277 δυνα-

2047 3303 2136 3366 τὸς
2170 3302 2238 3356 τὰ
2268 3304 2489 3357 τοιαῦτα
2521 3305 2754 3374 βλέπειν,
2784 3309 2994 3378 χαίρειν
3035 3311 3200 3373 ἐάσας
3228 3310 3324 3382 τὴν
3358 3311 3490 3384 ὓλην
3524 3315 3641 3385 τὴν

2049 3391 2492 3463 ὑποϐεϐλημένην
2538 3397 2602 3463 τῇ
2648 3395 2739 3447 τοῦ
2784 3395 2948 3448 καλοῦ
2991 3397 3134 3468 ἰδέᾳ,
3183 3392 3292 3449 οἷον
3337 3398 3642 3472 ὑποϐτιὶθρᾳ⁵

2045 3483 2150 3536 τινὶ
2175 3481 2250 3551 τῷ
2272 3483 2535 3554 ὁρωμένῳ
2557 3490 2835 3555 χρήσεται,
2868 3487 3002 3556 πρδς
3034 3487 3130 3558 τὴν
3158 3488 3251 3541 τοῦ
3275 3488 3461 3559 νοητοῦ
3490 3491 3644 3543 κάλ-

2045 3572 2169 3636 λους
2203 3573 2453 3644 θεωρίαν,
2490 3569 2551 3627 οὗ
2588 3577 2725 3630 κατὰ
2762 3579 3050 3647 μετουσίαν
3083 3579 3151 3632 τά
3185 3580 3318 3634 ἄλλα
3348 3579 3488 3633 καλὰ
3527 3583 3642 3650 γί-

2053 3666 2199 3718 νεταί
2229 3683 2285 3716 τε
2319 3665 2410 3719 καὶ
2435 3666 2774 3736 ὀνομάζεται.
2809 3670 2964 3720 Δοκεῖ
2990 3669 3046 3722 δέ
3081 3688 3172 3741 μοι
3199 3670 3420 3741 χαλεπὸν
3452 3667 3637 3739 εἶναι,

2044 3755 2152 3806 τῶν
2180 3755 2444 3807 πλείστων
2474 3759 2539 3826 τῇ
2572 3756 2793 3830 τοιαύτῃ
2827 3757 3095 3830 παχύτητι
3131 3761 3230 3828 τῆς
3260 3761 3495 3824 διανοίας
3529 3778 3634 3816 συ-

2045 3846 2280 3910 ζώντων,
2306 3847 2366 3898 τὸ
2394 3847 2746 3916 διατεμόντας
2771 3847 2846 3918 τῷ
2869 3849 3011 3918 λόγῳ
3046 3851 3137 3902 καὶ
3163 3851 3496 3921 χωρίσαντας
3515 3852 3638 3922 τὴν

2046 3935 2176 4004 ὕλην
2223 3937 2334 3988 ἀπὸ
2367 3935 2460 3988 τοῦ
2508 3936 2970 4008 ὲπιθεωρουμένου
3011 3940 3270 4006 κάλλους,
3319 3943 3486 4011 αὐτὴν
3526 3929 3636 4014 ἐφ’

2044 4027 2244 4094 ἑαυτῆς
2283 4027 2374 4080 τοῦ
2407 4027 2571 4081 καλοῦ
2601 4029 2698 4100 τὴν
2730 4029 2888 4098 φύσιν
2918 4032 3268 4101 κατανοῆσαι.
3307 4035 3409 4086 Καὶ
3446 4035 3500 4086 et
3527 4052 3640 4102 τις

2044 4118 2284 4190 ἀκριϐῶς
2319 4119 2490 4173 ἐθέλοι
2529 4120 2626 4190 τὴν
2660 4122 2836 4176 αἰτίαν
2867 4127 3086 4176 σκοπεῖν
3123 4124 3228 4177 τῶν
3265 4125 3643 4196 πεπλανημέ-

2043 4229 2149 4266 νων
2174 4211 2268 4264 καὶ
2291 4211 2580 4282 μοχθηρῶν
2601 4213 2941 4284 amarem,
2965 4214 3064 4266 οὐκ
3089 4215 3152 4268 ἄν
3178 4215 3425 4286 μοιδοκεί
3449 4219 3641 4288 ἄλλην

2042 4301 2241 4372 εὑρεῖν,
2273 4301 2306 4373 ἢ
2341 4301 2401 4354 τὸ
2438 4302 2512 4371 μὴ
2552 4301 2791 4372 ἀκριϐῶς
2824 4303 2979 4372 ἡμῶν
3017 4307 3386 4374 γεγυμνάσθαι
3424 4307 3493 4360 τὰ
3516 4310 3641 4379 τῆς

366 4399 504 4453 riam
533 4400 879 4469 disjuugunt,
912 4407 965 4453 et
999 4414 1026 4451 a
1061 4399 1473 4468 pulchritudine
1502 4400 1591 4454 illa
1617 4406 1935 4462 secernunt,

2049 4393 2220 4464 ψυχῆς
2249 4394 2584 4464 αἰσθητήρια
2615 4395 2749 4465 πρὸς
2781 4395 2876 4466 τὴν
2904 4395 2997 4448 τοῦ
3022 4397 3185 4449 καλοῦ
3216 4399 3310 4451 καὶ
3343 4400 3415 4470 μὴ
3437 4402 3639 4454 τοιού-

365 4505 496 4559 quae
526 4491 812 4560 aspicitur,
856 4505 1013 4559 posse
1062 4491 1234 4558 ipsam
1270 4505 1365 4558 per
1407 4505 1465 4543 se
1512 4490 1940 4558 pulchritudinis

365 4591 616 4635 naturam
665 4582 941 4652 cognitam
994 4580 1210 4635 habere.
1266 4583 1344 4633 Ac
1397 4581 1443 4634 si
1495 4580 1619 4650 quis
1669 4582 1937 4635 malarum

364 4675 684 4744 opinionum
726 4675 780 4728 in
827 4689 1123 4742 erroreque
1154 4675 1490 4728 versantium
1522 4689 1746 4728 causam
1779 4691 1940 4729 accu-

364 4775 482 4820 rate
523 4767 836 4836 perspicere
869 4765 1020 4828 velit,
1069 4780 1178 4820 non
1237 4767 1398 4819 aliam
1447 4782 1580 4820 sane
1613 4782 1736 4821 eum
1780 4767 1937 4821 inve-

367 4858 485 4912 nire
535 4859 794 4919 arbitror,
860 4857 964 4912 nisi
1015 4857 1160 4926 quod
1217 4873 1324 4910 non
1381 4867 1637 4913 accurate
1689 4873 1790 4913 nos
1837 4860 1939 4914 hos

366 4947 544 5000 nostri
577 4947 741 4999 animi
779 4963 980 5002 sensus
1013 4947 1066 5000 in
1109 4947 1213 4999 hoc
1255 4945 1626 5008 exercuimus,
1665 4955 1724 5000 ut
1771 4948 1938 5002 hone-

365 5045 511 5092 stum
568 5038 923 5105 pulchrumve
971 5039 1040 5092 ab
1101 5052 1167 5092 co
1225 5038 1744 5098 internosceremus,
1791 5039 1937 5106 quod

365 5145 542 5199 neque
569 5129 880 5191 honestum,
913 5143 1088 5196 neque
1122 5141 1253 5180 sane
1284 5126 1568 5195 pulchrum
1601 5135 1703 5180 est.
1738 5125 1939 5191 Quam-

362 5221 551 5274 obrem
602 5233 725 5272 cum
778 5219 846 5271 ab
899 5219 1000 5272 hoc
1057 5217 1262 5279 studio,
1313 5216 1460 5286 quod
1510 5217 1560 5270 in
1605 5232 1734 5271 vero
1794 5218 1938 5273 bono

363 5312 646 5374 consistit,
673 5325 732 5365 se
773 5310 1101 5368 abduxerittt
1139 5309 1412 5368 homines.
1438 5308 1634 5378 partim
1668 5309 1720 5363 iu
1754 5312 1937 5372 carnis

365 5383 606 5456 amorem
654 5401 860 5470 delapsi
895 5408 1045 5464 sunt,
1092 5398 1290 5470 partim
1341 5399 1395 5452 in
1439 5399 1788 5454 inanimatam
1841 5417 1936 5472 pe-

363 5491 648 5545 cuniarum
703 5491 812 5544 vim
855 5489 1245 5558 cupiditatibus
1279 5488 1520 5558 prolapsi
1576 5488 1931 5544 inciderunt:

365 5581 610 5650 plerique
639 5594 768 5634 vero
810 5574 872 5634 in
909 5579 1237 5642 honoribus,
1295 5579 1349 5631 in
1385 5578 1574 5646 gloria:
1622 5579 1929 5649 splendore,

365 5673 417 5726 in
449 5673 642 5742 Opibus
678 5681 732 5726 et
769 5671 1015 5742 potentia
1050 5670 1341 5725 honestum
1376 5683 1646 5740 posuere;
1681 5670 1929 5726 nonnulli

2039 4501 2132 4538 του
2170 4485 2458 4554 διάκρισιν.
2486 4486 2583 4539 Διὰ
2603 4485 2758 4538 τοῦτο
2783 4487 3114 4549 ἀποστάντες
3141 4489 3190 4539 οἱ
3213 4488 3485 4559 ἄνθρωποι
3511 4491 3638 4563 τῆς

2042 4577 2171 4647 περὶ
2203 4577 2262 4628 τὸ
2291 4576 2459 4640 ὅντως
2505 4577 2706 4645 ἀγαθὸν
2755 4577 3020 4647 σπουδῆς,
3067 4580 3115 4630 οἱ
3169 4579 3266 4648 μὲν
3307 4581 3388 4642 εἰς
3433 4581 3642 4650 ἔρωτα

2043 4667 2259 4738 σαρκῶν
2312 4666 2745 4738 κατωλίσθησαν,
2795 4671 2844 4720 οἱ
2884 4669 2939 4720 δὲ
2984 4670 3076 4720 ἐπὶ
3124 4670 3216 4738 τὴν
3257 4669 3463 4740 ἄψυχον
3507 4675 3643 4726 τῶν

2040 4758 2334 4828 χρημάτων
2374 4756 2506 4827 ὕλην
2533 4761 2652 4821 ταῖς
2674 4758 2984 4828 ἐπιθυμίαις
3012 4758 3229 4830 ἔρεψανο
3261 4760 3407 4812 ἄλλοι
3443 4763 3501 4813 ὲν
3539 4779 3642 4816 τι·-

2041 4851 2172 4918 μαῖς
2217 4851 2310 4902 καὶ
2341 4849 2518 4916 δόξαις
2556 4851 2648 4902 καὶ
2673 4850 3008 4913 δυναστείαις
3037 4851 3097 4903 τὸ
3127 4849 3288 4903 καλὸν
3320 4852 3636 4917 ὡρίων-τοο

2033 4941 2140 4994 εἰσὶ
2169 4942 2226 4995 δέ
2257 4959 2401 5004 τινες
2421 4943 2470 4995 οἳ
2505 4943 2632 5012 περ)⁸
2659 4942 2850 5011 τέχνας
2878 4941 2971 4994 καὶ
3008 4943 3312 5012 ἐπιστήμας
3341 4939 3638 5016 ἐπτοήθη-

2037 5049 2155 5086 σαν·
2203 5035 2251 5086 οἱ
2296 5033 2351 5086 δὲ
2396 5033 2952 5104 ἀνδραποδωδέστεροι
2999 5035 3221 5096 τούτων,
3271 5033 3466 5102 λαιμὸν
3520 5039 3634 5090 καὶ

2034 5125 2273 5196 γαστέρα
2302 5125 2396 5179 τοῦ
2427 5123 2631 5193 ἀγαθοῦ
2667 5122 2941 5176 ποιοῦνται
2973 5124 3248 5194 κριτήρια.
3291 5127 3352 5176 Οἱ
3391 5123 3450 5177 δὲ
3480 5125 3633 5178 ἀπη-

2040 5216 2260 5278 στάντες
2289 5215 2397 5267 τῶν
2425 5213 2622 5267 ὑλικῶν
2648 5211 2950 5282 νοημάτων,
2984 5213 3071 5265 καὶ
3103 5212 3209 5264 τῶν
3232 5215 3358 5282 περὶ
3384 5212 3456 5264 τὰ
3485 5231 3626 5280 φαι-

2036 5307 2236 5376 νόμενα
2282 5305 2684 5378 προσπαθειῶν.
2738 5302 3032 5374 ἀνεζήτουν
3072 5304 3170 5374 τὴν
3213 5304 3389 5374 ἁπλῆν
3423 5323 3483 5358 τε
3521 5308 3626 5360 καὶ

2038 5397 2196 5450 ἀῦλον
2239 5397 2332 5449 καὶ
2377 5398 2782 5467 ἀσχημάτιστον
2829 5394 2922 5446 τοῦ
2982 5394 3145 5448 καλοῦ
3187 5395 3369 5464 φύσιν,
3402 5398 3508 5450 οὐκ
3547 5397 3625 5450 ἂν

2038 5490 2165 5559 περὶ
2191 5487 2288 5559 τὴν
2319 5489 2529 5559 αἵρεσιν
2557 5487 2663 5540 τῶν
2693 5486 3046 5556 ὲπιθυμητῶν
3071 5487 3474 5558 ἐπλανήθησαν,
3505 5487 3624 5540 οὐδ’

2039 5581 2106 5633 ἂν
2130 5578 2380 5632 τοσοῦτον
2405 5579 2506 5632 ὑπὸ
2532 5579 2632 5648 τῆς
2655 5578 2905 5648 τοιαύτης
2933 5577 3145 5646 ἀπάτης
3166 5579 3622 5650 παρηνέχθησαν,

2039 5671 2114 5736 ὡς
2147 5671 2279 5741 μηδὲ
2308 5671 2368 5726 τὸ
2395 5671 2730 5741 πρόσκαιρον
2762 5670 2861 5739 τῆς
2893 5673 2951 5726 ὲν
2982 5669 3191 5734 τούτοις
3237 5669 3434 5735 ἡδονῆς
3493 5669 3626 5725 ϐλέ-
