3896 6204
225 236 324 294 365
632 240 636 243 “
1564 237 1651 294 DE
1681 237 2153 296 VlRGlNITATE.
3357 246 3463 301 366

219 366 460 415 mag,
493 349 628 422 πρὸς
672 350 772 422 τὴν
803 349 1108 424 ὑπεροψίαν
1155 354 1262 410 τῶν
1299 353 1558 409 τοιούτων
1602 355 1802 427 ὁδηγη-

1928 363 2084 409 ιυιθιη
2131 361 2280 422 sunt,
2309 356 2401 427 qui
2443 356 2498 410 in
2547 357 2747 412 artium
2790 359 3258 430 scientiarumque
3297 359 3466 416 disci-

215 440 409 512 θῆναι.
1905 447 2070 515 plinis
2109 457 2334 516 stupore
2378 448 2616 517 quodam
2659 448 2836 504 ati'ecti
2865 459 3122 507 tenentur
3153 471 3164 506 :
3200 451 3296 522 qui
3340 464 3470 506 vero

213 542 361 588 sunt
407 534 494 589 his
550 533 878 602 abiectiores
925 535 1281 606 vilioresque,
1339 535 1394 591 hi
1438 537 1494 592 in
1543 538 1688 607 gula,
1771 551 1835 592 ac
1872 546 2062 592 ventre
2089 539 2270 592 sedem
2301 538 2516 592 honesti
2541 540 2836 593 collocant.
2867 540 3060 597 Verum
3087 541 3241 612 quia
3302 541 3472 596 rebus

215 625 334 679 sub
364 640 582 680 sensum
617 625 966 690 cadentibus,
990 635 1044 682 et
1088 628 1156 681 ab
1204 629 1372 683 animi
1414 628 1797 684 aﬂ‘eetionibus
1839 629 2026 685 adeas
2073 646 2162 684 res
2205 632 2512 699 propensis,
2581 647 2700 700 quae
2741 633 2979 702 speciem
3048 633 3285 703 aliquam
3333 646 3472 704 pra:-

217 714 382 778 bent,
417 729 539 768 sese
568 716 922 778 abduxerim,
958 719 1009 771 bi
1043 718 1347 788 simplicem
1419 721 1592 789 ipsius
1652 721 1868 776 honesti
1909 721 2238 791 indagarunt
2285 728 2573 785 naturam,
2631 739 2752 792 qua:
2806 723 3051 778 materia:
3101 739 3298 795 expers
3352 731 3467 789 est,

219 804 485 873 nullaque
535 803 708 874 ﬁgura
759 805 1120 874 exprimitur;
1175 821 1352 876 neque
1407 809 1460 862 in
1538 809 1839 878 deligendis
1885 811 1953 865 iis
1976 811 2321 873 aberrarunt,
2354 825 2474 878 qum
2504 812 2738 866 maxime
2777 812 3038 882 optabilia
3075 821 3232 880 sunt;
3294 831 3471 886 neque

219 900 496 970 ejusmodi
528 909 661 955 sunt
692 901 975 956 erroribus
1009 902 1082 954 ita
1119 902 1505 968 circumventi,
1541 913 1600 958 ut
1631 919 1805 974 neque
1844 911 2134 976 perspecta
2173 903 2490 974 voluptatis,
2521 920 2644 974 quae
2679 907 2734 960 in
2779 907 2848 964 iis
2891 919 2996 977 est,
3052 908 3342 977 brevitate,
3402 908 3471 964 ad

221 992 497 1062 ejusmodi
533 1006 716 1046 rerum
757 991 1171 1060 despicientiam
1198 993 1421 1050 deducti
1463 995 1730 1051 venerint.

297 1084 508 1138 Οὐκοῦν
540 1083 679 1152 αὕτη
708 1083 776 1136 ἂν
799 1085 1004 1150 γένοιτο
1037 1088 1167 1157 ἡμῖν
1200 1087 1317 1150 ὁδὸς
1343 1089 1421 1150 είς
1447 1087 1546 1159 τὴν
1577 1088 1670 1140 τοῦ
1704 1105 1802 1142 κα-

225 1174 324 1227 λοῦ
353 1174 568 1246 εὑρεσιν
595 1175 824 1242 ἄγουσα,
854 1174 914 1228 τὸ
942 1176 1116 1229 πάντα
1139 1177 1207 1230 τὰ
1236 1177 1390 1242 ἀλλα,
1426 1178 1524 1231 ὅσα
1553 1179 1652 1242 τάς
1680 1180 1802 1232 ἐπι-

227 1264 430 1336 θυμίας
455 1265 564 1318 τῶν
591 1263 893 1335 ἀνθρώπων
921 1266 1227 1334 ἐφέλκεται,
1264 1268 1403 1320 καλά
1425 1264 1564 1322 εἶναι
1588 1267 1805 1339 νομιζό-

1980 1079 2106 1136 llaec
2147 1081 2313 1151 igitur
2345 1082 2504 1139 nobis
2532 1082 2748 1153 quidem
2785 1086 2870 1139 via
2911 1096 3016 1152 est,
3051 1102 3158 1158 qua
3201 1089 3270 1143 ad
3297 1088 3475 1160 ipsius

1908 1173 2121 1228 honesti
2168 1175 2537 1230 inventionem
2594 1175 2865 1241 ducimur,
2917 1187 2977 1232 ut
3023 1188 3220 1234 caetera
3266 1183 3472 1248 omnia,

1906 1265 2104 1334 quibus
2162 1265 2442 1319 hominum
2495 1267 2790 1321 trahuntur
2845 1270 3214 1338 cupiditates,
3284 1289 3475 1344 quaeve

232 1375 400 1428 μενα,
453 1357 547 1409 καὶ
589 1355 679 1408 διὰ
718 1354 879 1408 τοῦτο
923 1356 1158 1428 σπουδῆς
1207 1374 1352 1421 τινος
1399 1359 1493 1411 καὶ
1537 1359 1806 1430 ἀποδοχῆς

1928 1362 2134 1410 ιοηοειο
2170 1364 2454 1425 putantur,
2504 1371 2566 1411 ea
2615 1372 2739 1412 cum
2796 1374 2894 1428 pro
2925 1359 3095 1414 nihilo
3150 1361 3471 1432 habeamus,

228 1449 548 1518 ἀξιούμενα,
579 1447 752 1501 ταῦτα
782 1447 1208 1518 ὑπρὸαίνοντας
1240 1449 1316 1512 ὡς
1341 1449 1574 1504 ταπεινά
1614 1467 1673 1502 τε
1714 1451 1808 1503 καὶ

229 1539 565 1610 πρόσκαιρα,
601 1538 788 1607 μηδενὶ
822 1536 1025 1591 τούτων
1064 1538 1519 1609 προσαναλίσκειν
1547 1538 1642 1610 τὴν
1681 1541 1806 1592 ἐπι-

235 1629 546 1701 θυμητικὴν
575 1629 725 1700 ἡμῶν
756 1628 1007 1699 δύναμιν,
1038 1631 1174 1701 μήτε
1204 1630 1310 1701 μὴν
1345 1631 1520 1702 ἀργὴν
1555 1631 1648 1684 καὶ
1678 1632 1802 1684 ἀκί-

1909 1444 2066 1514 quasi
2116 1443 2344 1497 humilia
2390 1444 2522 1506 sint,
2553 1445 2620 1498 ad
2664 1452 2988 1516 tempusque
3035 1457 3311 1517 maneant,
3354 1453 3474 1507 nul-

1915 1536 2020 1589 lam
2065 1534 2120 1587 in
2169 1533 2256 1588 his
2287 1548 2421 1588 sane
2457 1535 2804 1604 appetitionis
2837 1546 3040 1593 nostra:
3071 1539 3180 1594 vim
3211 1556 3311 1597 nos
3342 1558 3476 1598 con--

1909 1638 2228 1688 sumamus;
2275 1638 2451 1693 neque
2491 1631 2696 1688 tamen,
2731 1633 2811 1690 ut,
2849 1641 2973 1680 cum
3025 1628 3081 1681 in
3132 1629 3291 1685 nobis
3338 1631 3473 1702 ipsis

237 1739 400 1792 νητον
421 1724 478 1773 ἐν
513 1722 716 1783 ἐαυτοῖς
743 1721 1202 1785 κατακλείσαντας
1230 1721 1394 1792 ἔχειν,
1434 1721 1546 1776 ἀλλ’
1570 1722 1810 1776 ἐκκαθά-

1928 1730 2032 1772 aam
2080 1714 2542 1779 eoneluser‘imus,
2592 1715 2848 1780 otiosam,
2891 1718 2960 1773 ab
2995 1720 3255 1789 omnique
3305 1701 3475 1791 agita-

245 1830 453 1884 ραντας
479 1814 642 1881 αὑτὴν
673 1812 776 1864 ἀπὺ
822 1813 924 1882 τῆς
966 1812 1076 1865 τῶν
1105 1815 1376 1867 ταπεινῶν
1415 1814 1808 1885 προσπαθείας,

245 1906 367 1958 ἐκεῖ
381 1905 612 1971 ἀνάῃιν,
635 1905 764 1957 ὅπου
780 1905 880 1956 οὐκ
899 1907 1196 1972 ἐφικνεῖται
1217 1907 1248 1976 ή
1274 1905 1542 1975 αἴσθησις·
1565 1905 1642 1968 ὡς
1675 1908 1810 1976 μήτε

243 1994 471 2067 ούρανοῦ
495 1994 824 2067 [ἀνθρώπου]
851 1995 1041 2056 κάλλος
1058 1996 1352 2066 θαυμάσαι,
1377 1998 1508 2067 μήτε
1531 1999 1715 2071 φωστῆ
1724 2016 1813 2068 ρος

243 2087 436 2155 αὐγὰς,
477 2089 610 2156 μήτε
643 2087 772 2140 ἄλλο
813 2104 866 2139 τι
909 2087 1016 2140 τῶν
1065 2087 1402 2158 φαινομένων
1436 2089 1643 2142 καλῶν⁹
1681 2090 1815 2142 ἀλλά

239 2177 328 2232 διὰ
357 2178 452 2230 τοῦ
486 2179 617 2230 πᾶσι
647 2177 857 2240 τούτοις
884 2177 1352 2249 ὲπιθεωρουμένου
1395 2179 1626 2243 κάλλους
1667 2198 1815 2251 χειρ·

237 2269 572 2338 αγωγεῖσθαι
614 2267 747 2338 πρὸς
773 2267 872 2338 τὴν
893 2269 1096 2320 ἐκείνου
1125 2268 1218 2320 τοῦ
1245 2267 1470 2331 κάλλους
1501 2269 1812 2340 ἐπιθυμίαν,

236 2355 304 2431 ἧς
331 2361 428 2412 καὶ
462 2362 510 2411 οί
540 2359 757 2429 οὐρανοὶ
785 2357 1094 2426 διηγοῦνται
1120 2357 1219 2426 τὴν
1253 2356 1430 2421 δόξαν,
1464 2359 1556 2412 καὶ
1589 2357 1818 2428 στερέω-

238 2467 339 2520 μα,
380 2448 477 2501 καὶ
500 2450 652 2500 πᾶσα
685 2448 716 2517 ἡ
747 2447 921 2509 κτίσις
943 2446 1262 2514 ἀναγγέλλει
1291 2445 1390 2516 τὴν
1418 2447 1637 2513 γνῶσιν.
1663 2444 1818 2498 Οὕτω

236 2541 346 2611 γὰρ
378 2537 604 2591 ἀνιοῦσα
634 2539 668 2608 ἡ
701 2538 866 2607 ψυχὴ,
899 2537 994 2590 καὶ
1023 2537 1131 2590 πᾶν
1174 2535 1235 2589 τὺ
1266 2536 1818 2607 καταλαμϐανόμενον

236 2634 316 2697 ὡς
346 2631 673 2702 μικρότερον
699 2630 794 2684 τοῦ
823 2629 1153 2701 ζητουμένου
1199 2629 1699 2700 καταλιμπάνουσα,
1731 2628 1822 2696 γέ-

238 2740 390 2777 νοιτο
419 2723 487 2776 ἂν
516 2724 574 2774 ἐν
620 2721 870 2791 περινοίᾳ
918 2721 1016 2790 τῆς
1057 2718 1528 2791 μεγαλοπρεπείας
1571 2718 1818 2790 ἐκείνης,

239 2817 344 2888 τῆς
396 2815 650 2886 ὑπεράνω
689 2813 798 2867 τῶν
841 2812 1084 2884 οὐρανῶν
1123 2811 1455 2883 ἐπηρμένης,
1505 2811 1664 2866 Ἀλλὰ
1707 2811 1822 2875 πῶς

238 2907 310 2960 ἂν
342 2923 429 2968 τις
470 2904 578 2958 τῶν
627 2902 843 2974 ὑψηλῶν
886 2901 1154 2970 ἐφίκοιτο,
1184 2902 1312 2972 περὶ
1349 2901 1418 2954 τά
1465 2901 1709 2956 ταπεινάδ
1724 2901 1823 2974 τὴν

241 2994 486 3065 σπουδὴν
510 2994 683 3063 ἔχωνς
715 2991 832 3054 πῶς
863 2992 908 3044 δ’
936 2990 1001 3044 ἀν
1030 3009 1113 3054 τις
1144 2989 1280 3061 πρὸς
1309 2989 1401 3043 τὸν
1430 2991 1656 3060 οὐρανὸν
1687 2991 1820 3043 ἀνα-
1848 3027 1891 3085 C

239 3086 434 3155 πτείη,
473 3085 548 3154 μὴ
579 3083 877 3153 πτερωθεὶς
907 3082 984 3152 τῷ
1010 3080 1245 3151 οὐρανίῳ
1288 3080 1474 3150 πτερῷ
1495 3119 1509 3142 ,
1543 3080 1637 3132 καὶ
1685 3081 1824 3133 ἀνω-

242 3177 423 3248 φερὴς
453 3177 547 3228 καὶ
581 3175 852 3244 μετέωρος
885 3172 972 3226 διὰ
1004 3172 1104 3242 τῆς
1137 3171 1347 3242 ὑψηλῆς
1377 3171 1648 3234 πολιτείας
1675 3170 1828 3238 γενό-

246 3285 452 3336 μενος;
489 3266 583 3328 Τίς
617 3267 673 3318 δέ
715 3264 886 3325 οὕτως
929 3264 1032 3327 ἔξω
1063 3263 1172 3315 τῶν
1204 3261 1574 3330 εὑαγγελικῶν
1623 3277 1829 3330 μυστη-

249 3359 388 3429 ρίων
429 3357 597 3418 ἐστὶν,
630 3356 706 3418 ὼς
753 3357 966 3423 ἀγνοεῖν
1006 3355 1087 3406 ὅτι
1117 3352 1176 3405 ἒν
1202 3353 1384 3423 δχημα
1415 3357 1480 3423 τῇ
1514 3352 1828 3425 ἀνθρωπίνῃ

247 3449 396 3518 ψυχῇ
422 3448 519 3515 τῆς
550 3447 640 3500 ἐπὶ
671 3447 794 3508 τοὺς
815 3445 1072 3515 οὐρανοὺς
1095 3443 1317 3513 πορείας
1339 3445 1475 3508 ἐστὶ,
1503 3443 1564 3496 τὸ
1587 3442 1666 3513 τῷ
1693 3442 1827 3496 εῖδει

250 3540 352 3609 τῆς
388 3537 743 3606 καταπτάσης
769 3538 1093 3606 περιστερᾶς
1122 3535 1310 3588 ἑαυτὸν
1331 3534 1616 3604 ὁμοιῶσαι,
1637 3530 1704 3604 ἦς
1731 3533 1830 3596 τὰς

252 3631 533 3699 πτέρυγας
554 3625 804 3694 γενέσθαι
833 3624 980 3694 αὐτῷ
1009 3624 1103 3676 καὶ
1137 3622 1299 3676 Δα6“ιδ
1329 3624 1358 3675 ό
1388 3624 1674 3692 προφήτης
1701 3621 1823 3674 ἐπόο

252 3718 465 3790 θησενς
503 3717 652 3770 Οὑτω
691 3717 798 3786 γὰρ
830 3719 886 3769 ὲν
925 3716 1205 3785 αἰνίγματι
1251 3714 1350 3786 τὴν
1394 3714 1488 3768 τοῦ
1515 3714 1829 3785 Πνεύματος

247 3811 493 3878 δύναμιν
515 3810 582 3878 τῇ
611 3808 793 3878 Γραφῇ
826 3807 1051 3879 σύνηθες
1079 3806 1385 3878 ὀνομάζειν·
1429 3805 1540 3859 εῐτε
1571 3806 1704 3860 διότι
1742 3823 1832 3876 χο-

249 3901 351 3972 λῆς
383 3902 543 3952 ἐστιν
576 3898 790 3968 ἄμοιρον
838 3897 994 3950 τοῦτο
1028 3897 1090 3950 τὸ
1121 3897 1327 3968 ὄρνεον,
1373 3897 1407 3968 ἢ
1454 3897 1536 3950 ὅτι
1567 3896 1831 3961 δυσωδίας

251 3992 476 4064 ἐχθρὸν,
509 3989 686 4052 καθώς
707 4008 866 4057 φασιν
889 3993 936 4043 ot
966 3990 1034 4042 τὰ
1061 3989 1285 4042 τοιαῦτα
1317 3989 1830 4060 παρατηρήσαντες.

251 4082 468 4136 Οὐκοῦν
499 4082 529 4133 ό
558 4080 736 4150 πάσης
767 4082 991 4152 πικρίας
1021 4081 1113 4134 καὶ
1137 4081 1404 4152 σαρκικῆς
1426 4080 1684 4142 δυσωδίας
1713 4080 1834 4132 ἐαυ-

248 4173 344 4227 τὸν
372 4173 715 4242 ἀποστήσας,
751 4173 846 4224 καὶ
871 4172 1086 4225 πάντων
1105 4172 1211 4225 τῶν
1239 4171 1508 4225 ταπεινῶν
1536 4188 1595 4224 τε
1621 4171 1715 4224 καὶ
1735 4187 1832 4240 χα-

249 4263 542 4335 μαιζήλων
571 4264 922 4334 ὑπεραρθεὶς,
961 4264 1160 4334 μᾶλλον
1189 4263 1244 4316 δὲ
1277 4261 1474 4326 παντὸς
1500 4261 1594 4316 τοῦ
1625 4262 1830 4332 κόσμου

1918 1804 2066 1857 tione
2103 1817 2335 1856 vacuam
2376 1801 2690 1866 habeamus,
2728 1805 2821 1859 sed
2851 1819 2974 1860 cum
3007 1807 3076 1860 ab
3106 1809 3255 1862 omni
3287 1827 3472 1865 rerum

1913 1893 2104 1948 vilium
2134 1893 2580 1963 abjectarumque
2613 1895 2908 1963 cupiditate
2955 1912 3055 1952 nos
3086 1897 3231 1951 illam
3270 1900 3469 1955 libera-

1913 1982 2177 2046 verimus,
2217 1997 2281 2036 eo
2318 1983 2472 2051 plane
2517 1983 2816 2038 referamus
2855 1996 3086 2054 Oportet,
3124 2003 3234 2057 quo
3281 1971 3479 2046 sensus

1916 2072 2034 2140 ipse
2059 2072 2351 2140 pervenire
2387 2086 2496 2124 non
2525 2081 2724 2141 potest,
2778 2074 2850 2128 ita
2885 2082 2940 2127 ut
2981 2091 3156 2145 neque
3197 2079 3320 2134 ειειί
3355 2082 3476 2150 pul-

1915 2161 2309 2223 chritudinem,
2365 2175 2541 2230 neque
2585 2161 2852 2215 luminum
2900 2163 3110 2229 radios,
3155 2181 3332 2236 neque
3392 2184 3480 2224 res

1923 2261 2150 2307 caeteras
2179 2252 2484 2306 admiretur
2513 2267 2576 2306 ac
2602 2253 2884 2322 suspiciat,
2914 2269 3034 2323 qua:
3069 2256 3307 2325 aliquam
3339 2273 3480 2327 pra:-

1919 2343 2086 2398 beant
2148 2345 2361 2413 pulchri
2407 2345 2666 2414 speciem.
2693 2346 2761 2398 At
2801 2360 2869 2401 ex
2927 2347 3064 2416 ipsa,
3110 2364 3232 2418 quas
3281 2351 3336 2404 in
3396 2353 3482 2406 his

1919 2432 2174 2488 omnibus
2198 2441 2496 2504 spectatur,
2520 2433 2927 2502 pulchritudine
2961 2435 3176 2492 animus
3207 2447 3394 2493 noster
3414 2440 3481 2494 ad

1920 2522 2131 2594 pulchri
2180 2523 2326 2577 illius
2381 2523 2736 2592 cupiditatem
2779 2524 3012 2579 ducatur
3045 2536 3280 2597 oportet,
3324 2529 3482 2598 cujus

1921 2615 2149 2684 gloriam
2182 2623 2236 2669 et
2265 2614 2391 2670 eteli
2442 2625 2493 2670 et
2529 2616 2928 2671 firmamentqu
2963 2629 3241 2687 enarrant,
3278 2626 3482 2678 omnis-

1922 2719 2029 2774 que
2076 2714 2329 2759 creatura
2389 2705 2756 2776 cognitionem
2814 2706 2935 2775 ejus
2987 2711 3296 2765 annuntiat.
3352 2710 3484 2764 Cum

1923 2795 2071 2852 enim
2113 2797 2330 2851 animus
2359 2797 2441 2851 sic
2485 2797 2818 2863 ascenderit,
2847 2807 2901 2853 ct
2939 2801 3205 2871 quidquid
3240 2817 3483 2872 compre-

1925 2887 2156 2941 hensum
2191 2889 2284 2951 sit,
2337 2887 2484 2941 velut
2527 2887 2757 2944 inferius
2810 2906 2875 2944 eo
2906 2892 3050 2960 quod
3098 2880 3327 2962 inquirit
3361 2895 3489 2949 reli-

1926 2976 2129 3042 querit,
2159 2985 2274 3030 tum
2310 2975 2364 3029 in
2405 2977 2555 3032 illius
2596 2979 2922 3048 majestatis.
2953 2999 3074 3051 qua:
3110 2999 3277 3054 supra
3320 2988 3487 3044 ccelos

1925 3080 1983 3120 se
2006 3067 2221 3130 extulit,
2260 3069 2720 3138 contemplatione
2753 3075 3083 3129 versabitur.
3134 3074 3238 3130 Sed
3271 3093 3377 3147 qua
3413 3095 3504 3134 ra-

1927 3154 2074 3209 tione
2101 3155 2212 3216 lict,
2247 3163 2306 3210 ut
2346 3156 2439 3224 qui
2475 3171 2655 3210 rerum
2699 3157 2988 3213 humilium
3041 3163 3224 3218 studio
3257 3175 3489 3235 tenetur,

1927 3259 2014 3300 res
2053 3245 2317 3300 sublimes
2371 3246 2695 3316 divinasque
2724 3257 3049 3318 asseqnatur
3070 3252 3094 3304 ?
3117 3268 3295 3322 quove
3331 3259 3488 3312 modo

1925 3339 2072 3391 circa
2103 3338 2302 3392 cceltnn
2327 3338 2636 3407 pervolaret
2659 3340 2726 3406 is,
2769 3342 2860 3411 qui
2901 3358 3010 3397 non
3040 3345 3142 3401 alis
3173 3349 3490 3405 cmlcstibus

1917 3427 2202 3492 sublatus,
2237 3443 2415 3496 neque
2447 3428 2703 3485 sublimia
2743 3432 2898 3501 petit,
2941 3449 3117 3504 neque
3170 3452 3236 3491 ex
3273 3440 3492 3494 sublimi

1925 3517 2160 3587 quodam
2198 3517 2450 3574 instituto
2490 3520 2735 3576 caelestia
2773 3526 3221 3595 contemplatur?
3255 3529 3388 3594 Quis
3421 3530 3495 3584 ita

1928 3609 1995 3664 ab
2040 3609 2316 3678 Evangelii
2371 3612 2648 3682 mysteriis
2696 3627 2923 3670 aversus
2976 3624 3080 3682 est,
3116 3619 3208 3689 qui
3285 3621 3498 3688 ignoret

1930 3700 2064 3755 illud
2095 3716 2263 3754 unum
2289 3715 2414 3756 esse
2456 3702 2675 3758 itineris
2711 3705 3042 3774 vehiculum,
3075 3723 3184 3777 quo
3217 3709 3496 3765 hominum

1931 3793 2148 3847 animus
2169 3792 2237 3847 ad
2259 3793 2430 3848 cmlos
2455 3794 2694 3859 vehitur,
2723 3811 2848 3849 cum
2872 3798 2998 3867 quis
3029 3800 3236 3855 scilicet
3256 3803 3497 3871 seipsum

1929 3883 2092 3937 cllicit
2134 3885 2368 3938 similem
2407 3886 2672 3941 columba:
2699 3885 3029 3954 devolantis,
3074 3891 3233 3960 cujus
3278 3894 3498 3962 quidem

1930 3975 2048 4028 alas
2075 3974 2178 4028 sibi
2215 3974 2355 4030 efﬁci
2395 3991 2646 4032 summus
2671 3977 2832 4032 etiam
2863 3980 3125 4049 propheta
3151 3981 3320 4038 David
3344 3985 3501 4039 valde

1925 4065 2211 4134 expetivit.
2263 4064 2341 4119 lta
2377 4068 2523 4122 enim
2578 4069 2816 4137 Spiritus
2856 4072 3029 4124 sancti
3080 4073 3187 4126 vim
3243 4090 3364 4129 mos
3417 4085 3502 4129 est

1933 4155 1988 4210 in
2019 4155 2220 4212 divinis
2248 4155 2469 4214 Litteris
2505 4160 2845 4214 subobscure
2881 4163 3178 4230 appellari;
3222 4165 3337 4219 sive
3371 4182 3502 4236 quo-

1932 4248 2078 4303 niam
2124 4248 2241 4302 avis
2287 4249 2403 4302 haec
2448 4248 2570 4304 felle
2611 4258 2784 4314 caret,
2837 4252 2952 4306 sive
2983 4253 3110 4323 quia
3142 4263 3228 4310 est
3277 4255 3499 4312 inimica

246 4355 504 4424 γεγονὼς
529 4354 856 4426 ὑψηλότερος
879 4357 936 4408 ἐν
958 4354 1036 4425 τῷ
1058 4355 1439 4425 προειρημένῳ
1463 4353 1668 4425 πτερῷ,
1699 4357 1819 4408 ἐκεῑε

1936 4337 2116 4402 fetori,
2156 4348 2217 4393 ut
2253 4339 2479 4394 tradunt
2527 4341 2614 4404 hi,
2647 4341 2740 4411 qui
2776 4341 2890 4398 hac
2921 4343 3036 4414 ipsa
3081 4345 3498 4418 investigarunt.

245 4465 348 4511 νος
383 4447 609 4516 εὑρήσει
639 4446 730 4497 τὸν
767 4445 925 4515 μόνον
966 4445 1260 4514 ἐπιθυμίας
1287 4445 1455 4508 ἄξιον,
1487 4447 1581 4498 καὶ
1605 4447 1834 4515 γενήσε-

237 4556 347 4592 ται
371 4538 467 4591 καὶ
498 4535 659 4596 αὐτὸς
695 4536 876 4599 καλὸς,
909 4536 984 4606 τῷ
1019 4536 1168 4606 καλῷ
1202 4534 1584 4605 προσπελάσας
1605 4552 1620 4567 ·
1657 4537 1749 4590 καὶ
1779 4539 1836 4590 ἐν

179 4645 192 4680 ι
238 4629 412 4698 αὐτῷ
442 4626 702 4696 γεγονὼς,
725 4627 974 4697 λαμπρός
997 4644 1056 4679 τε
1095 4626 1188 4680 καὶ
1215 4626 1507 4696 φωτοειδὴς
1535 4629 1591 4679 ἐν
1611 4629 1677 4698 τῇ
1705 4644 1834 4696 μετ-

239 4719 419 4790 ουσίᾳ
446 4716 544 4771 τοῦ
571 4717 824 4788 ἀληθινοῦ
849 4718 1024 4786 φωτὸς
1049 4719 1468 4786 καταστήσεται.
1497 4716 1705 4786 Ὥσπερ
1729 4715 1837 4786 γὰρ

236 4813 316 4864 ἐν
350 4811 513 4862 νυκτὶ
539 4809 638 4872 τὰς
667 4809 869 4878 ἀθρόας
899 4809 992 4862 τοῦ
1023 4809 1182 4880 ἀέρος
1212 4809 1540 4878 ἐκλάμψεις,
1565 4807 1658 4871 οὓς
1696 4825 1840 4870 τινες

227 4900 578 4970 διᾴττοντας
613 4897 867 4952 καλοῦσιν
895 4897 1167 4968 ἀστέρας,
1214 4897 1365 4951 οὐδὲν
1411 4896 1538 4950 ἄλλο
1579 4897 1741 4964 φασὶν
1788 4897 1838 4948 οί

223 4988 440 5045 ταῦτα
464 4987 954 5057 ιριλοσοφήσαντες,
983 4987 1016 5056 ἢ
1047 4986 1186 5058 ἀέρα
1220 4983 1356 5040 εἶναι
1393 4987 1498 5040 ὑπὸ
1529 4985 1649 5056 βίας
1676 5003 1840 5039 πνευ-

224 5081 456 5156 μάτων
496 5078 658 5130 τινῶν
691 5081 770 5142 είς
797 5079 888 5131 τὸν
933 5077 1171 5148 αἰθέριον
1216 5078 1378 5130 τόπον
1420 5077 1835 5149 ὑπερχεόμενον·

217 5176 484 5240 λέγουσι
513 5170 622 5240 γὰρ
649 5169 742 5222 τὸν
767 5169 1022 5240 πυροειδῆ
1054 5168 1239 5222 τοῦτον
1267 5167 1442 5234 ὁλκὸν,
1476 5168 1842 5238 ἐκφλογωθέν-

221 5282 344 5328 ως
391 5263 451 5314 ἐν
483 5260 564 5330 τῷ
597 5259 772 5329 αἰθέρι
814 5259 910 5312 τοῦ
943 5259 1250 5330 πνεύματος
1274 5301 1288 5324 ,
1335 5258 1412 5329 τῷ
1439 5258 1650 5330 οὐρανῷ
1677 5263 1840 5330 ἐγχα-

221 5349 602 5425 ράςσεσθαιο
663 5349 850 5420 ῶσπερ
895 5347 990 5403 οὖν
1041 5352 1070 5402 ὁ
1116 5351 1356 5418 ἐπίγειος
1403 5342 1557 5414 οὗτος
1599 5351 1705 5422 ἀὴρ
1751 5352 1838 5405 ἀν-

215 5441 462 5503 υσθείς
479 5439 584 5492 ὑπὸ
598 5442 691 5512 τῆς
713 5441 832 5511 βίας
849 5440 944 5494 τοῦ
970 5440 1292 5511 πνεύματος,
1309 5441 1600 5514 φωτοειδὴς
1617 5443 1840 5511 γίνεται,

221 5536 318 5607 τῷ
361 5530 603 5602 καθαρῷ
628 5531 722 5586 τοῦ
755 5532 968 5604 αἰθέρος
994 5533 1451 5605 ἐναλλοιούμενος’
1485 5533 1660 5606 ταύτῃ
1693 5553 1751 5588 τε
1779 5535 1844 5607 δὴ

227 5625 346 5680 καὶ
375 5621 414 5675 ὀ
436 5619 564 5685 νοῦς
586 5623 615 5676 ὁ
644 5621 1002 5694 ἀνθρώπινος,
1027 5623 1338 5681 καταλιπὼν
1358 5623 1448 5682 τὸν
1479 5623 1696 5696 θολερὸν
1719 5625 1844 5681 τοῦ-

1935 4429 1988 4486 Is
2016 4430 2182 4502 igitur
2214 4431 2308 4500 qui
2348 4432 2418 4487 ab
2453 4433 2604 4487 omni
2642 4434 2963 4501 acerbitate,
3002 4446 3056 4492 et
3101 4438 3285 4492 carnis
3328 4440 3504 4495 fetore

1937 4523 2094 4592 longe
2123 4521 2346 4592 refugit,
2372 4522 2535 4591 quive
2564 4536 2595 4576 a
2621 4522 2785 4579 rebus
2817 4524 3118 4582 humilibus
3166 4529 3505 4598 terrenisque

1937 4616 2102 4670 altius
2146 4614 2352 4682 fertur;
2390 4616 2475 4670 vel
2513 4615 2580 4670 ab
2620 4617 2878 4673 omnibus
2912 4619 3092 4688 potius
3135 4622 3298 4676 rebus
3342 4637 3504 4676 mun-

1938 4707 2096 4761 danis
2139 4721 2200 4761 se
2248 4707 2356 4762 illis
2397 4707 2552 4777 ipsis,
2593 4725 2733 4779 quas
2765 4710 3022 4777 diximus,
3065 4712 3165 4767 alis
3217 4714 3507 4771 sublimius

1939 4799 2098 4862 tollit,
2131 4799 2180 4854 is
2213 4799 2461 4869 profecto
2494 4801 2754 4866 inveniet,
2785 4802 2931 4870 quod
2964 4809 3050 4856 est
3083 4804 3258 4858 solum
3299 4808 3508 4876 appeti-

1940 4889 2089 4943 tione
2135 4889 2382 4960 dignum,
2432 4904 2667 4960 cumque
2713 4891 2781 4945 ad
2822 4892 3282 4960 pulchritudinem
3333 4898 3507 4968 ipsam

1941 4992 2113 5048 prope
2167 4981 2487 5046 accesserit,
2549 4982 2776 5050 pulcher
2819 4983 2985 5035 etiam
3046 4984 3165 5054 ipse
3215 4988 3502 5049 ellicietur.

1943 5069 2376 5140 splendidusque
2407 5072 2461 5124 in
2512 5087 2597 5136 ea,
2634 5088 2698 5126 ac
2727 5073 3038 5128 luminosus
3079 5075 3255 5132 factus
3294 5077 3348 5130 in
3390 5081 3504 5132 veri

1943 5161 2171 5214 luminis
2204 5163 2467 5216 societate
2496 5164 2883 5217 constituetur.
2929 5163 3002 5220 Ut
3028 5167 3175 5220 enim
3207 5178 3365 5222 nocte
3396 5167 3508 5222 fre-

1943 5259 2174 5322 quentes
2203 5254 2326 5306 ωξιί
2371 5252 2545 5322 ignes,
2595 5269 2735 5323 quos
2766 5257 3031 5312 micantes
3077 5259 3261 5312 stellas
3290 5268 3508 5325 vocant,

1947 5347 2080 5401 nihil
2115 5345 2262 5400 aliud
2304 5361 2426 5400 esse
2467 5347 2659 5400 dicunt
2689 5347 2767 5410 hi,
2797 5349 2890 5416 qui
2935 5348 2990 5404 in
3028 5350 3131 5404 hoc
3171 5350 3354 5406 studio
3391 5367 3512 5406 ver-

1945 5437 2050 5492 sati
2095 5446 2244 5499 sunt,
2277 5451 2440 5504 quam
2482 5450 2661 5490 aerem
2701 5438 2794 5506 qui
2824 5438 3114 5508 spirituum
3143 5441 3510 5511 quorumdam

1947 5528 2000 5583 vi
2041 5527 2096 5582 in
2129 5525 2424 5583 aathereum
2455 5526 2844 5597 cmlestetnque
2873 5530 3025 5585 illum
3063 5533 3134 5586 sit
3165 5533 3344 5589 locum
3373 5534 3513 5590 effu-

1967 5632 2109 5678 sus:
2140 5619 2331 5678 dicunt
2376 5619 2520 5677 enim
2570 5615 2906 5678 inflammato
2955 5624 3011 5679 in
3045 5624 3252 5683 aethere
3299 5627 3515 5697 spiritu,
