3896 6204
348 280 452 335 567
996 330 999 331 ,
1618 276 1674 329 S.
1714 272 2045 331 GRECOR“
2103 271 2398 331 NYSSENI
3478 271 3610 327 368

354 398 573 465 igneum
607 388 752 446 hunc
785 394 1018 444 tractant
1058 386 1198 442 cmln
1237 386 1505 457 imprimi:
1542 398 1600 440 ut
1633 387 1798 457 igitur
1826 401 1951 448 aer,

2054 403 2111 441 ον
2138 386 2232 440 καὶ
2263 385 2455 455 ἰλυώδη
2491 382 2629 455 βίον,
2670 382 2890 437 ἐπειδὰν
2917 379 3159 453 καθαρὸς
3203 380 3488 452 γενόμενος
3529 382 3608 435 ἐν

354 485 465 545 hic,
502 481 595 550 qui
625 494 839 535 onmem
875 486 1074 533 terram
1112 478 1516 547 complectitur,
1552 478 1601 531 vi
1648 477 1919 547 spirituali

2054 479 2086 547 ᾗ
2116 477 2343 547 δυνάμει
2387 475 2482 530 τοῦ
2521 475 2836 545 πνεύματος
2858 515 2872 537 ,
2900 472 3195 543 φωτοειδὴς
3228 472 3454 542 γένηται
3497 474 3610 525 καὶ

354 577 407 628 ίη
444 572 676 627 sublime
706 570 919 641 pulsus,
955 585 1078 624 cum
1109 570 1439 640 anherisque
1469 583 1604 639 puro
1631 569 1922 638 splendore

2054 569 2313 640 μμιχθείη
2335 571 2401 640 τῇ
2429 568 2657 639 ἀληθινῇ
2685 566 2779 620 καὶ
2807 564 2985 636 ὑψηλῇ
3012 564 3361 635 καθαρότητι,
3385 564 3612 633 διαφαί-

353 667 720 722 commutatus
747 699 761 724 ,
821 659 1127 713 lumiuosus
1157 711 1161 714 ,
1188 658 1403 714 exsistit
1460 675 1474 712 :
1515 660 1590 712 ita
1638 659 1920 713 hominum

2054 659 2169 712 εταί
2204 676 2320 724 πως
2356 660 2449 712 καὶ¹
2490 657 2650 721 αὐτὸς
2685 659 2742 710 ἐν
2781 656 2999 726 ἐκείνῃ,
3030 656 3126 707 καὶ
3154 652 3388 707 ἀκτίνων
3430 652 3612 724 ἐμπί-

354 771 532 817 mens,
566 768 690 808 cum
731 752 1098 805 turbulentam
1136 750 1275 803 hanc
1316 749 1503 813 vitam,
1552 763 1615 804 ac
1641 763 1919 804 caenosam

2054 751 2240 816 τλαται,
2269 750 2362 803 καὶ
2384 750 2500 819 φῶς
2530 749 2736 819 γίνεται
2758 788 2772 811 ,
2803 745 2945 800 κατά
2985 746 3083 816 τὴν
3104 741 3429 814 τοῦ,Κυρίου
3461 742 3611 797 ὑπό.

354 846 619 909 descruit,
661 843 920 914 quoniam
957 843 1183 911 spiritus
1209 840 1258 894 vi
1284 839 1397 909 jam
1434 854 1572 910 pura
1601 838 1788 894 ell‘ecta
1815 848 1920 901 est,

2054 858 2226 911 χεσιν,
2285 840 2343 903 ὃς
2390 841 2516 904 τοὺς
2564 838 2804 900 δικαίους
2838 836 3070 907 λάμψειν
3127 835 3249 888 καθ’
3301 835 3612 905 ὁμοιότητα

354 955 478 994 cum
518 936 739 992 sublimi
774 935 868 987 illo
903 946 1141 1001 veroque
1168 938 1221 986 et
1264 946 1402 1000 puro
1447 930 1737 1001 splendore
1772 944 1924 984 com-

2054 932 2115 985 οὓ
2176 931 2329 1002 ἡλίου
2395 929 2888 1001 κατεπηγγείλατο.
2949 925 3121 980 Τοῦτο
3185 923 3280 978 καὶ
3351 924 3444 976 ἐπὶ
3494 923 3615 993 τῆς

355 1028 544 1090 mista,
586 1026 639 1079 in
672 1025 766 1079 illo
794 1022 1197 1093 quodammodo
1234 1022 1495 1092 perlucet,
1530 1021 1924 1091 radiorumque

2054 1024 2126 1094 ’ἧς
2161 1021 2376 1093 ὁρῶμεν
2410 1022 2691 1091 γινόμενον
2730 1020 2824 1073 ἐπί
2850 1017 3179 1088 κατόπτρου,
3219 1014 3264 1087 ἢ.
3289 1014 3512 1077 ὓδατος,
3568 1012 3613 1082 ἢ

356 1118 735 1177 coruscatinne
796 1115 1015 1186 impleta
1069 1120 1176 1178 est,
1232 1121 1398 1183 atque
1445 1128 1511 1169 ex
1544 1112 1758 1168 Dninini
1798 1128 1925 1183 pro-

2054 1114 2184 1168 λλου
2229 1113 2376 1177 τινος
2422 1114 2531 1167 τῶν
2570 1110 2913 1166 ἀποστίλϐειν
2941 1110 3029 1163 διὰ
3074 1108 3329 1179 λειότητα
3366 1105 3615 1176 δυναμέ-

356 1209 527 1263 misso
579 1207 761 1260 lumen
819 1202 1224 1274 quodammodo
1278 1201 1510 1257 edicitur
1552 1202 1926 1272 :promiserat

2054 1222 2150 1258 ων.
2206 1205 2380 1261 Ὅταν
2426 1205 2535 1276 γάρ
2567 1220 2620 1257 τι
2667 1204 2873 1256 τούτων
2918 1200 3135 1271 δέξηται
3176 1198 3273 1270 τὴν
3306 1197 3401 1250 τοῦ
3445 1197 3614 1267 ἡλίου

355 1300 500 1354 enim
543 1300 588 1351 is
620 1296 803 1366 justos
834 1295 980 1349 viros
1016 1293 1084 1346 ad
1116 1294 1256 1348 solis
1291 1293 1701 1349 similitudinem
1756 1292 1925 1347 reful-

2054 1299 2251 1363 thi’va,
2306 1297 2401 1350 καὶ
2444 1296 2609 1366 ἀλλην
2657 1295 2752 1364 ἀφ’
2799 1291 3007 1346 ἑαυτῶν
3042 1291 3233 1344 ἀκτῖνα
3298 1289 3472 1342 ποιεῖ’
3498 1288 3617 1340 οὐκ

357 1397 546 1459 gentes
586 1387 721 1440 fore.
755 1385 929 1455 Atque
963 1383 1017 1438 id
1044 1386 1222 1454 ipsum
1253 1384 1474 1454 quidem
1522 1384 1575 1438 in
1607 1384 1771 1439 terris
1801 1384 1919 1439 ﬁeri

2054 1398 2094 1441 ιν
2126 1388 2466 1456 ποιήσαντα,
2523 1387 2572 1439 εί
2619 1384 2774 1456 ῥύπῳ
2820 1382 2930 1436 τινὶ
2983 1381 3047 1434 τὸ
3106 1379 3342 1451 καθαρόν
3387 1395 3449 1431 τε
3505 1379 3621 1431 καὶ

358 1482 624 1540 videmus,
658 1479 744 1532 vel
785 1478 838 1532 in
868 1478 1112 1547 speculo,
1143 1477 1229 1531 vel
1272 1476 1326 1529 in
1360 1491 1526 1546 aqtta,
1559 1476 1642 1530 vel
1686 1477 1739 1529 in
1773 1483 1931 1531 Caete-

2054 1478 2279 1532 ττιλπνὸν
2308 1478 2411 1548 τῆς
2436 1476 2756 1547 ἐπιφανείας
2784 1471 3133 1545 άχρειωθείη.
3169 1469 3293 1527 Εἴτε
3317 1464 3407 1523 οὖν
3440 1471 3620 1540 ἡμεῖς

356 1572 434 1625 ris
463 1571 646 1630 rebus,
673 1584 795 1639 qu:e
829 1583 939 1638 prae
962 1570 1226 1622 tenuitate
1253 1566 1536 1621 relucendi
1566 1567 1672 1621 vim
1706 1567 1925 1621 habent.

2054 1574 2139 1626 ivw
2188 1570 2496 1641 γενοίμεθα,
2538 1566 2924 1630 καταλιπόντες
2966 1563 3028 1618 τὸ
3072 1562 3349 1635 περίγειον
3386 1561 3625 1626 σκότος,

356 1662 492 1717 Cum
516 1663 661 1716 enim
700 1676 786 1715 res
817 1660 999 1729 aliqua
1027 1656 1300 1727 ejusmodi
1326 1656 1509 1711 radios
1537 1658 1669 1712 solis
1699 1656 1924 1727 exeipit,

2054 1664 2147 1715 ,κεῖ
2183 1660 2490 1731 φωτοειδεϊς
2531 1656 2873 1728 γενησόμεθα
2894 1695 2910 1720 ,
2959 1654 3038 1726 τῷ
3069 1652 3305 1725 ἀληθινῷ
3338 1652 3478 1722 φωτὶ
3507 1647 3625 1703 τοῦ

359 1754 497 1807 alios
529 1766 721 1805 rursus
751 1750 804 1803 in
841 1765 900 1804 se
929 1748 1116 1803 radios
1154 1747 1272 1817 ipsa
1311 1747 1476 1801 eilicit
1508 1748 1696 1818 :‘quod
1740 1748 1929 1818 utique

2054 1753 2266 1822 [ριστοῦ
2310 1751 2744 1822 ἐμπελάσαντες
2775 1749 2883 1803 εῖτε
2912 1746 2975 1801 τὸ
3013 1747 3129 1817 φῶς
3153 1745 3216 1799 τὸ
3261 1743 3513 1814 ἀληθινὸν
3545 1742 3629 1796 τὸ

360 1859 469 1897 non
517 1843 715 1895 factum
760 1848 930 1903 esset,
972 1827 1016 1895 Si
1052 1853 1187 1907 pura
1232 1839 1379 1894 illius
1417 1839 1493 1893 rei
1538 1840 1931 1909 splendidaque

2054 1845 2120 1899 Lai.
2148 1847 2205 1897 ἐν
2233 1846 2299 1915 τῇ
2330 1842 2521 1915 σκοτίᾳ
2551 1842 2769 1912 λάμπον
2791 1841 2885 1895 καὶ
2911 1839 3105 1911 μέχρις
3125 1837 3280 1910 ἡμῶν
3307 1835 3637 1906 mulsam,

360 1933 680 2002 sizpei-iicies
719 1930 973 1985 sordibus
1016 1928 1346 1999 quibusdam
1401 1940 1547 1985 esset
1588 1932 1799 1987 inutilis
1845 1933 1927 1987 ιε.-

2054 1936 2119 1990 ιαὶ
2152 1938 2315 2007 ἡμεῖς
2347 1934 2464 2003 φῶς
2482 1933 2749 2004 ἐσόμεθα,
2783 1931 2962 1995 καθώς
2991 1929 3123 2001 φησί
3154 1946 3255 1981 που
3282 1929 3393 1990 τοῖς
3424 1924 3629 1997 μαθη-

361 2035 467 2079 cla.
504 2022 644 2093 Ergo
673 2037 770 2075 nos
798 2021 912 2074 sive
946 2019 1182 2074 terrenis
1217 2020 1426 2075 relictis
1467 2021 1551 2077 his
1582 2024 1826 2079 tenebris
1873 2026 1926 2079 in

2054 2027 2146 2088 ταῖς
2175 2026 2204 2078 ὁ
2239 2025 2473 2096 Κύριος*
2520 2025 2584 2078 Ei
2625 2023 2698 2094 μὴ
2745 2039 2830 2085 τις
2859 2020 3056 2084 κακίας
3086 2018 3255 2092 ῥύπος
3295 2020 3362 2089 τῇ
3404 2014 3631 2088 καρδίᾳ

362 2114 578 2168 sublimi
630 2126 932 2171 versemur,
981 2110 1052 2163 ibi
1097 2109 1210 2179 jam
1254 2109 1416 2164 lucidi
1460 2110 1754 2167 eﬂiciemur
1784 2130 1924 2169 verae

2054 2115 2550 2185 εροσπεπλασμένος
2611 2113 2710 2185 τὴν
2761 2113 2919 2184 χάριν
2969 2110 3063 2165 τοῦ
3110 2109 3375 2181 ἡμετέρου
3424 2107 3632 2177 φωτὸς

361 2203 565 2258 Christi
632 2202 735 2256 luci
789 2199 1318 2269 appropinquantes;
1368 2216 1460 2256 seu
1511 2202 1602 2255 lux
1642 2204 1732 2257 illa
1780 2220 1928 2273 vera,

2054 2204 2403 2278 ιμαυρώσειε.

363 2312 480 2369 quae
507 2296 588 2349 vel
620 2295 671 2347 in
704 2293 944 2347 tenebris
988 2292 1152 2356 lucet,
1183 2293 1247 2344 ad
1278 2308 1385 2346 nus
1425 2291 1738 2354 descendat.
1775 2296 1935 2350 etiam
1976 2312 2074 2351 nos
2104 2298 2191 2350 lux
2221 2297 2446 2359 erimus,
2483 2301 2544 2350 ιιι
2573 2294 2836 2348 Dominus
2893 2291 3126 2363 quodam
3168 2292 3289 2345 loco
3324 2288 3636 2358 discipulis

363 2390 437 2442 ait
478 2388 554 2440 ":
584 2381 700 2440 Nisi
743 2383 1065 2453 quibusdam
1116 2384 1335 2437 malitiae
1383 2385 1818 2454 impuritatisque
1853 2388 2106 2443 sordibus
2145 2387 2369 2458 propius
2422 2386 2573 2441 cordi
2620 2384 2874 2450 admotis,
2925 2383 3146 2438 luminis
3189 2383 3359 2437 nostri
3400 2386 3633 2437 obscu-

365 2479 569 2535 rabitur
590 2475 784 2547 gratia.

431 2573 612 2639 Atque
666 2566 900 2621 fortasse
957 2564 1178 2635 quidem
1218 2563 1337 2619 inec
1387 2581 1509 2635 qua:
1567 2583 1622 2620 ιιι
1675 2570 1940 2639 exemplis

2104 2569 2257 2641 Τάχα
2283 2569 2464 2624 τοίνυν
2502 2568 2652 2640 ἡμᾶς
2683 2567 2867 2639 ἠρέμα
2907 2565 2993 2619 διὰ
3042 2564 3150 2619 τῶν
3201 2562 3640 2634 ὑποδειγμάτων

365 2658 620 2717 consistit
650 2655 1054 2717 oratio,sensiin
1087 2670 1151 2709 co
1186 2670 1285 2708 nos
1317 2655 1566 2719 adduxit,
1595 2665 1654 2710 ut
1687 2667 1942 2728 putemus

2054 2664 2064 2715 ὃ
2099 2662 2258 2731 λόγος
2292 2662 2609 2734 προσήγαγε
2647 2661 2714 2730 τῇ
2746 2657 2957 2729 ἐπινοίᾳ
2982 2657 3080 2728 τῆς
3109 2655 3246 2728 πρὸς
3276 2654 3337 2708 τὸ
3367 2657 3641 2727 κρεῖττον

369 2767 468 2806 nos
500 2749 555 2803 in
596 2746 649 2800 id
696 2753 1092 2801 commutatum
1140 2744 1228 2809 iri,
1269 2745 1415 2814 quod
1455 2748 1652 2803 melius
1679 2759 1812 2805 est:
1845 2750 1943 2807 de-

370 2847 855 2905 monstratumque
890 2842 995 2899 est,
1033 2849 1143 2887 non
1174 2835 1335 2890 aliter
1366 2836 1482 2891 ﬁeri
1518 2854 1697 2906 posse.
1726 2846 1788 2893 ut
1823 2840 1941 2893 ani-

372 2944 494 2984 mus
524 2943 648 2983 cum
677 2924 964 2979 immortali
1000 2925 1427 2995 incorruptoque
1458 2925 1816 2997 Deojunctus
1845 2930 1939 2991 sit,

374 3019 479 3075 nisi
509 3018 644 3087 ipse,
691 3024 958 3085 quantum
993 3015 1107 3070 lieri
1142 2987 1355 3085 potest,-
1380 2987 1735 3085 integritatis,
1784 2987 1947 3075 casti-
1971 2987 2013 3048 α

373 3108 613 3179 talisque
647 3105 900 3177 praesidio
930 3120 1129 3177 purus,
1162 3113 1328 3176 atque
1357 3107 1712 3178 incorruptus
1746 3111 1857 3174 ﬁat,
1891 3120 1949 3166 ut

375 3200 478 3255 hac
509 3197 869 3253 similitudine
898 3197 974 3262 id,
1004 3197 1151 3268 quod
1196 3198 1377 3254 simile
1407 3207 1514 3263 est,
1544 3202 1950 3272 apprehendat;

375 3300 635 3362 tanquam
676 3290 863 3359 aliquo
916 3288 1140 3359 speculo
1189 3288 1437 3345 adhibito
1477 3289 1570 3346 Dei
1613 3294 1836 3362 puritati
1889 3310 1950 3351 se

374 3383 495 3454 ipse
532 3380 861 3451 subiiciens,
898 3395 1022 3451 quae
1071 3380 1495 3451 pulchritudinis
1541 3383 1718 3453 ipsius
1765 3399 1950 3441 exem-

377 3473 515 3545 plari
571 3473 673 3529 sibi
725 3474 1126 3537 demonstrato,
1180 3473 1247 3527 ad
1308 3474 1454 3530 illius
1509 3476 1947 3544 similitudinem,

376 3566 610 3623 formam
651 3579 806 3620 suam
842 3565 1136 3634 exprimat.
1180 3563 1276 3618 Sin
1313 3576 1495 3622 autem
1523 3568 1794 3640 quispiam
1827 3572 1952 3628 talis

370 3665 480 3723 est,
517 3657 610 3728 qui
662 3657 877 3712 noverit
910 3656 1024 3711 haec
1076 3656 1314 3712 humana
1357 3657 1636 3727 deserere,
1688 3670 1783 3718 aut
1825 3679 1952 3720 cor-

378 3764 533 3821 pora,
579 3758 677 3804 aut
723 3750 1008 3822 pecunias,
1063 3759 1157 3805 aut
1208 3751 1594 3819 scientiarum,
1641 3759 1954 3831 artiumque

376 3841 582 3905 studia,
633 3850 726 3894 aut
758 3856 1099 3910 quaecunque
1145 3842 1393 3899 moribus
1435 3845 1762 3919 legibusque
1810 3866 1952 3921 prze-

377 3931 527 3985 clara
586 3939 872 4001 putantur,
929 3931 1189 4002 quoniam
1248 3934 1302 3988 in
1353 3934 1442 3990 his
1484 3937 1671 4001 rebus,
1717 3955 1952 4010 quarum

378 4038 575 4080 sensus
611 4022 776 4093 iudex
822 4032 925 4089 est,
958 4023 1026 4080 de
1066 4026 1301 4083 honesto
1332 4029 1609 4099 opinionis
1648 4047 1808 4087 error
1832 4050 1955 4088 ver-

378 4121 575 4185 satur;
608 4116 696 4169 hic
729 4115 974 4185 profecto
1021 4126 1075 4174 et
1106 4133 1316 4186 amore,
1357 4130 1411 4176 et
1447 4124 1745 4193 cupiditate
1783 4124 1850 4179 ad
1899 4126 1956 4181 il-

381 4206 477 4261 Iud
508 4208 684 4277 ipsum
717 4207 893 4263 solum
935 4208 1248 4274 honestum,
1282 4214 1640 4283 pulchrumve
1685 4215 1953 4284 trahetur,

2036 2756 2191 2826 ἡμῶν
2231 2754 2602 2816 ἀλλοιώσεωςθ
2632 2751 2727 2804 καὶ
2781 2748 2997 2820 ἐδείχθη
3048 2747 3126 2819 μὴ
3155 2746 3374 2801 δυνατὸν
3411 2746 3639 2818 ἑτέρως

2036 2842 2175 2900 εἶναι
2212 2844 2549 2916 ωναφθῆναι
2590 2841 2689 2913 τὴν
2727 2841 2909 2912 ψυχὴν
2947 2838 3025 2912 τῷ
3058 2837 3321 2909 ἀφθάρτῳ
3347 2836 3498 2909 Θεῷ,
3540 2837 3638 2910 μὴ

2045 2936 2142 2990 καὶ
2186 2934 2358 3006 αὐτὴν
2398 2935 2476 2999 ὡς
2515 2928 2628 2987 οἷόν
2664 2949 2725 2986 τε
2762 2931 3008 3002 καθαρὰν
3056 2930 3355 3001 γενομένην
3397 2928 3490 2985 διὰ
3518 2928 3639 3000 τῆς

2002 3025 2018 3048 ⁸
2048 3028 2377 3100 ἀφθαρσίας·
2401 3027 2478 3090 ὡς
2499 3025 2565 3080 ἂν
2586 3026 2674 3079 διά
2698 3025 2790 3078 τοῦ
2809 3024 2995 3096 ὁμοίου
3036 3023 3319 3096 καταλάϐῃ
3334 3022 3394 3076 τδ
3411 3023 3638 3092 ὅμοιον,

2047 3122 2211 3174 οἱονεὶ
2236 3119 2537 3189 κάτοπτρον
2558 3121 2623 3189 τῇ
2655 3117 2983 3189 καθαρότητι
3005 3116 3098 3170 τοῦ
3122 3115 3254 3170 Θεοῦ
3282 3114 3476 3186 ἐαυτὴν
3497 3115 3641 3170 ὑπο-

2050 3210 2256 3265 θεῖσανο
2290 3209 2431 3263 ὥστε
2471 3208 2613 3263 κατά
2640 3209 2873 3279 μετοχὴν
2902 3208 2995 3261 καὶ
3020 3207 3318 3278 ἐμφάνειαν
3354 3207 3447 3260 τοῦ
3470 3222 3640 3276 πρω-

2050 3303 2285 3356 τοτύπου
2317 3300 2546 3364 κάλλους
2577 3300 2669 3354 καὶ
2706 3299 2766 3353 τὸ
2793 3301 2850 3353 ἐν
2883 3299 3025 3370 αὐτῇ
3064 3298 3427 3371 μορφωθῆναι.
3458 3298 3524 3353 El
3564 3296 3645 3353 δᾶ

2049 3411 2135 3457 τις
2157 3391 2399 3457 τοιοῦτός
2433 3394 2603 3452 ἐστιν,
2626 3385 2737 3454 οἷος
2763 3389 2862 3462 ἤδη
2895 3389 3072 3443 πάντα
3098 3388 3408 3443 καταλιπεῖν
3434 3387 3502 3442 τὰ
3525 3388 3645 3443 ἀν-

2052 3482 2333 3554 θρώπινα,
2382 3482 2492 3534 εἴτε
2525 3479 2782 3550 σώματα,
2819 3478 2930 3532 είτε
2967 3478 3225 3549 χρήματα
3250 3519 3264 3544 ,
3300 3477 3407 3530 εἴτε
3454 3476 3520 3531 τά
3568 3478 3650 3534 ὲν

2052 3574 2381 3645 ἐπιστήμαις
2411 3572 2445 3643 ἢ
2491 3570 2703 3642 τέχναις
2735 3567 3143 3640 ἐπιτηδεύματα
3165 3608 3181 3634 ,
3213 3568 3246 3641 ἢ
3291 3569 3383 3623 καὶ
3415 3569 3519 3622 ὅσα
3566 3569 3646 3626 ἐν

2052 3664 2198 3718 ἔθεσι
2227 3664 2321 3717 καὶ
2360 3663 2545 3735 νόμοις
2582 3661 2730 3727 δεξιά
2772 3661 3055 3733 θεωρεῖται
3102 3662 3253 3735 (περὶ⁵
3294 3661 3362 3716 τὰ
3401 3659 3649 3717 τοιαῦτα

2052 3760 2221 3832 γὰρὴ
2260 3758 2437 3830 πλάνη
2481 3759 2578 3831 τῆς
2604 3756 2698 3812 τοῦ
2733 3757 2899 3812 καλοῦ
2940 3758 3345 3828 κατανοήσεως,
3386 3757 3443 3808 ἐν
3476 3751 3552 3819 οἷς
3593 3757 3645 3829 ἠ

2055 3851 2306 3922 αἴσθησις
2337 3851 2618 3922 κριτήριον
2660 3850 2913 3921 γίνεται),
2947 3851 2975 3904 ὁ
3008 3848 3246 3912 τοιοῦτος
3273 3849 3409 3920 πρὸς
3448 3847 3653 3903 ἐκεῖνο

2058 3943 2217 4015 μόνον
2245 3942 2522 4014 ἐρωτικῶς
2546 3957 2606 3995 τε
2630 3941 2724 3994 καὶ
2747 3940 3159 4013 ἐπιθυμητικῶς
3188 3940 3321 4005 ἕξει,
3349 3940 3380 3992 δ
3399 3939 3496 4009 οὐχ
3512 3938 3649 3993 έτέο

2058 4034 2231 4108 ρωθεν
2262 4033 2374 4104 ἔχει
2395 4033 2454 4086 τὸ
2473 4032 2636 4087 καλδν
2658 4028 2817 4097 εἶναι,
2848 4032 2969 4086 οὐδὲ
3004 4031 3148 4095 ποτὲ,
3174 4031 3207 4102 ἢ
3234 4033 3369 4105 πρός
3389 4048 3439 4084 τι
3460 4031 3649 4086 τοιοῦ-

2054 4123 2147 4176 τόν
2178 4123 2356 4174 ἐστιν·
2392 4120 2527 4174 ἀλλὰ
2566 4119 2625 4185 ἐξ
2651 4120 2842 4174 ἐαυτοῦ
2870 4120 2964 4174 καὶ
2995 4121 3060 4174 δι’
3091 4121 3282 4174 ἐαυτοῦ
3321 4121 3503 4186 καλδν,
3533 4123 3655 4179 καὶ

2056 4214 2118 4266 ἐν
2156 4211 2335 4283 ἐαυτῷ
2377 4210 2618 4266 τοιοῦτον
2664 4211 2827 4266 καλὸν
2873 4210 2953 4276 ὃν,
2991 4212 3083 4265 καὶ
3129 4212 3251 4265 οὐδὲ
3296 4212 3429 4266 ποτὲ
3470 4211 3652 4267 καλὸν

379 4300 524 4370 quod
591 4316 699 4354 non
758 4301 979 4357 aliunde
1030 4302 1300 4360 exsistere
1361 4314 1558 4376 potest,
1623 4323 1802 4379 neque
1860 4310 1951 4364 ali-

2056 4306 2362 4375 γενόμενον,
2395 4303 2428 4375 ἦ
2453 4303 2580 4357 ποτὲ
2606 4303 2704 4357 οὐκ
2730 4302 3005 4374 ἐσόμενον,
3036 4303 3172 4356 ἀλλὰ
3196 4301 3427 4358 πάντοτε
3455 4304 3652 4358 ὡσαύ-

380 4392 624 4461 quando,
651 4407 830 4463 neque
876 4392 944 4448 ad
994 4395 1200 4467 aliquid
1245 4397 1514 4467 ejusmodi
1550 4399 1809 4465 refertur,
1855 4402 1951 4457 sed

380 4482 529 4554 quod
561 4499 624 4538 ex
669 4500 753 4544 se.
789 4494 840 4539 cl
872 4498 968 4554 per
999 4501 1080 4553 se,
1111 4495 1168 4543 et
1198 4489 1253 4543 in
1293 4503 1355 4544 se
1385 4492 1673 4546 honestum
1701 4500 1807 4558 est,
1848 4493 1951 4551 hoc

381 4589 516 4632 sane
557 4584 641 4631 est
679 4590 895 4646 semper
941 4576 1253 4645 honestum,
1297 4595 1475 4652 neque
1507 4584 1800 4654 aliquando
1844 4602 1951 4641 non

384 4666 509 4727 fuit,
538 4674 633 4719 aut
664 4664 962 4735 aliquando
1009 4683 1118 4723 non
1152 4668 1418 4738 futurum,
1472 4674 1565 4729 sed
1599 4684 1859 4746 perpetuo
1895 4693 1955 4733 se

384 4772 496 4811 uno
527 4755 832 4847 eodemque
865 4756 1028 4847 modo
1060 4758 1258 4847 habet,
1275 4775 1457 4831 neque
1489 4764 1715 4819 omnino
1746 4767 1954 4847 augeri,

383 4853 561 4907 neque
601 4853 687 4891 am
699 4839 949 4908 plilicari,
980 4856 1156 4912 neque
1186 4843 1296 4898 ulla
1329 4846 1727 4916 permutatione
1756 4839 1953 4903 mutari

385 4935 586 4998 potest.
622 4929 788 4999 Atqui
819 4939 1048 4988 cunctas
1070 4933 1236 4988 animi
1271 4935 1355 4989 sui
1388 4943 1688 5005 potestates
1712 4940 1957 4994 omnium

385 5017 642 5072 vitiorum
685 5019 943 5076 sordibus
983 5024 1077 5093 qui
1111 5024 1455 5091 absterserit,
1491 5028 1622 5083 illud
1668 5030 1844 5086 ausim
1873 5031 1959 5088 di-

385 5124 530 5175 cere,
556 5108 1013 5184 alhrmaremque,
1046 5116 1395 5185 perspicuum
1428 5119 1477 5174 ei
1509 5120 1739 5175 omnino
1752 5136 1876 5178 esse
1907 5122 1960 5178 id

386 5200 531 5270 quod
562 5209 756 5254 natura
797 5210 880 5257 est
913 5205 1094 5258 solum
1130 5206 1443 5274 honestum,
1495 5224 1526 5264 a
1556 5226 1666 5281 quo
1700 5227 1826 5266 cum
1861 5213 1963 5269 bo-

2057 4412 2166 4458 τως
2191 4393 2333 4464 ἔχον,
2362 4392 2677 4465 προσθήκης
2704 4409 2761 4447 τε
2791 4393 2884 4445 καὶ
2916 4390 3193 4462 αὐξήσεως
3222 4388 3507 4464 ὑπεράνω,
3537 4396 3659 4450 καὶ

2058 4485 2407 4541 ἀνεπίδεκτον
2444 4486 2625 4556 πάσης
2656 4485 2866 4555 τροπῆς
2898 4500 2957 4537 τε
3004 4486 3097 4539 καὶ
3134 4483 3494 4550 ἀλλοιώσεως.
3542 4486 3655 4559 Τῷ

2057 4578 2235 4632 τοίνυν
2257 4577 2439 4641 πάσας
2465 4576 2655 4630 ἐαυτοῦ
2680 4575 2779 4639 τὰς
2799 4576 2901 4646 τῆς
2927 4575 3106 4648 ψυχῆς
3135 4576 3397 4647 δυνάμεις
3417 4577 3482 4630 ἐκ
3506 4594 3654 4632 παν-

2059 4668 2151 4733 τὸς
2176 4668 2349 4733 εἴδους
2368 4668 2566 4732 κακίας
2585 4665 3017 4737 ἀποκαθάραντι,
3036 4665 3216 4737 τολμῶ
3243 4668 3337 4721 καὶ
3362 4667 3525 4737 λέγω,
3550 4668 3655 4726 ὅτι

2063 4760 2305 4831 ἐμφανὲς
2334 4761 2541 4829 γίνεται
2569 4758 2631 4811 τὸ
2659 4758 2816 4828 μόνον
2843 4760 2912 4830 τῇ
2940 4758 3099 4827 φύσει
3131 4759 3313 4823 καλὸν,
3350 4759 3489 4833 ὅπερ
3519 4761 3656 4819 ἐστὶ
3694 4830 3695 4837 κ

2063 4851 2125 4905 τὸ
2158 4853 2358 4914 παντὸς
2388 4848 2554 4904 καλοῦ
2580 4866 2638 4902 τε
2669 4849 2762 4902 καὶ
2787 4849 2992 4915 ἀγαθοῦ
3017 4849 3208 4904 αἴτιον.
3233 4849 3503 4923 Καθάπερ
3529 4852 3655 4927 γὰρ

2063 4942 2325 5014 ὀφθαλμῷ
2343 4944 2443 5016 τὴν
2471 4943 2652 5014 λήμην
2684 4943 3089 5015 ἀπορικιιαμένῳ
3128 4942 3198 4997 τὰ
3236 4944 3295 4996 ἐν
3317 4942 3394 5014 τῷ
3425 4944 3653 5017 οὐρανῷ

2065 5032 2352 5104 τηλαυγῶς
2394 5030 2727 5104 καθορᾶται·
2777 5031 2945 5096 οὕτως
2990 5032 3084 5086 καὶ
3124 5033 3190 5103 τῇ
3232 5030 3374 5104 ψυχῇ
3411 5032 3503 5086 διὰ
3545 5035 3652 5107 τῆς

2067 5121 2376 5195 ἀφθαρσίας
2415 5122 2777 5194 παραγίνεται
2825 5122 2858 5192 ἠ
2908 5120 3135 5192 δύναμις
3179 5120 3279 5191 τῆς
3324 5120 3418 5175 τοῦ
3463 5121 3651 5192 φωτὸς

2067 5215 2276 5268 ἐκείνου
2303 5215 2683 5286 κατανοήσεως
2701 5255 2716 5279 ,
2753 5217 2848 5268 καὶ
2873 5215 2909 5286 ἡ
2937 5214 3167 5288 ἀληθινὴ
3211 5213 3480 5286 παρθενία
3498 5258 3516 5282 ,
3550 5218 3649 5270 καὶ

387 5291 528 5347 ncsti
574 5291 775 5354 omnis,
834 5299 949 5348 tum
1002 5294 1129 5382 boni
1182 5298 1536 5369 principium,
1592 5310 1756 5372 atque
1793 5316 1951 5359 causa

2054 5306 2102 5378 ’ἡ
2135 5308 2263 5381 περὶ
2292 5308 2390 5379 τὴν
2429 5308 2739 5380 ἀφθαρσίαν
2771 5307 2971 5380 σπουδὴ
3001 5309 3079 5373 είς
3110 5307 3297 5362 τοῦτον
3326 5309 3417 5364 τὸν
3444 5308 3652 5363 σκοπὸν

387 5382 644 5472 essistit:
676 5390 737 5435 ut
784 5383 931 5438 enim
982 5385 1198 5453 oculus,
1234 5389 1328 5459 qui
1374 5389 1723 5461 lippitudinis
1768 5394 1951 5450 morhc

2070 5400 2404 5472 καταλήγει,
2436 5400 2497 5454 τὸ
2536 5399 2605 5454 δι’
2652 5399 2819 5469 αὐτῆς
2855 5398 3147 5471 δυνηθῆναι
3185 5399 3276 5454 τὸν
3319 5399 3454 5454 Θεὸν
3496 5400 3649 5455 ἰδεῖν.

388 5467 651 5530 liberatus
678 5484 783 5541 cst,
816 5487 1002 5545 aperte
1030 5494 1095 5535 ea
1141 5481 1340 5549 cernit,
1371 5498 1493 5555 qua:
1526 5483 1584 5541 in
1626 5485 1770 5543 cmlo
1794 5501 1951 5558 appa-

2072 5489 2195 5545 Ὅτι
2219 5467 2408 5564 γάρτὸ
2441 5490 2646 5565 κυρίως
2675 5467 3153 5564 και-πρῶτωςίκαὶ
3184 5491 3363 5564 μόνως
3393 5489 3559 5548 καλὸν
3586 5506 3652 5545 τε

460 5672 507 5708 ⁸³
527 5672 716 5734 Matth.
744 5696 797 5749 v,
835 5682 920 5739 ιι.
