3896 6204
262 226 370 287 369

1650 245 1740 303 DE
1778 247 2236 308 VIRGlNlTATE.

3422 267 3528 324 370

253 344 360 447 καὶ
388 345 598 451 ἀγαθον
624 349 720 451 καί
743 352 983 451 καθαρὸν
1007 357 1037 412 δ
1058 357 1166 414 τῶν
1190 358 1329 416 ὅλων
1356 363 1472 417 ἐστὶ
1496 363 1650 431 Θεὸς,
1676 366 1830 422 οὐδεὶε

1940 346 2080 424 rent
2110 388 2124 424 :
2158 369 2242 426 sic
2268 370 2455 427 animo
2494 387 2562 430 ex
2598 387 2735 446 pura
2788 374 3121 449 integritate,
3170 376 3526 451 castitateqpe

250 432 413 488 οὕτω
440 437 639 505 τυφλὸς
661 439 762 511 τὴν
781 441 1041 511 διάνοιαν,
1063 447 1140 513 ὡς
1167 448 1243 521 μὴ
1263 451 1358 521 ἀφ’
1382 453 1575 507 ἑαυτοῦ
1599 455 1847 511 συνιδεῖν.

265 523 451 616 ’ᾼὶλά
490 525 645 581 τοῦτο
688 530 788 600 μὲν
833 532 967 599 τσως
1013 537 1188 603 οὐδεὶς
1228 541 1443 610 ἀγνοεῖ·
1478 543 1755 616 ἐπιζητεῖν
1792 546 1851 601 δὲ

256 614 421 705 εἰκός
449 633 621 681 τινας,
650 621 701 674 εί
740 621 1145 682 δυνατόνιὲστιν
1180 626 1290 684 οἷόν
1331 650 1453 687 τινα
1497 614 1717 705 μέθοδον
1755 639 1851 693 κα.)⁸

258 703 493 777 ἀγωγὴν
520 708 620 780 τὴν
663 712 803 781 πρὸς
832 714 993 770 τοῦτο
1030 722 1478 791 χειραγωγοῦσαν
1499 703 1658 797 -ημᾶς
1693 728 1846 792 ἐξευ-

259 798 402 867 ρεῖν.
440 799 652 854 Msa-ra)
689 804 791 873 μὲν
831 801 924 860 οὖν
956 810 1014 862 αἱ
1054 811 1196 866 θεῖαι
1231 814 1413 869 Βίϐλοι
1456 817 1559 887 τῆς
1591 820 1848 891 τοιαύτης

254 888 399 982 εἰσιν
423 890 773 963 ὑφηγήσεως·
799 897 984 953 πολλοὶ
1004 900 1063 954 δὲ
1092 903 1203 956 τῶν
1244 906 1417 975 ἁγίων
1444 908 1693 982 καθάπερ
1716 888 1838 967 τινά

254 977 575 1074 λύχνονᾲτδδ
600 986 810 1040 ἑαυτῶν
837 988 954 1059 βίον
972 996 1085 1057 τοῖς
1117 996 1262 1051 κατά
1286 997 1418 1052 Θεὸν
1456 977 1845 1074 πορευομένοις

253 1072 671 1140 προφαίνουσιν.
732 1079 894 1134 Ἀλλά
935 1083 1035 1147 τάς
1073 1086 1177 1154 μὲν
1229 1090 1294 1143 ὲκ
1339 1091 1437 1161 τῆς
1483 1072 1842 1148 θεοπνεύστου

254 1161 486 1253 Γραφῇ
509 1169 590 1230 είς
608 1168 702 1222 τὸν
730 1173 1089 1243 προκείμενον
1112 1179 1310 1234 σκοπὸν
1333 1181 1610 1253 ὑποθήκας
1632 1184 1841 1248 ἔξεστιν

510 1256 781 1324 πλουσίως
813 1261 874 1327 ἐξ
906 1265 1230 1337 ἀμφοτέρων
1265 1268 1374 1323 τῶν
1406 1251 1692 1343 Διαθηκῶν
1715 1275 1839 1328 ἀνα-

255 1339 534 1434 λέξασθαι·
572 1347 743 1402 πολλὰ
781 1352 881 1421 μὲν
921 1353 1030 1425 γάρ
1067 1356 1127 1410 ὲν
1155 1360 1463 1429 προφήταις
1505 1339 1600 1415 καὶ
1647 1362 1799 1434 νόμῳ
1822 1406 1838 1431 ,

253 1435 429 1490 πολλά
454 1437 514 1492 δὲ
549 1440 612 1493 ἐν
648 1442 1032 1512 εὐαγγελικαίς
1071 1464 1130 1500 τε
1173 1450 1268 1502 καὶ
1305 1450 1689 1517 ἀποστολικαὶϊς
1730 1472 1838 1509 παι

254 1528 511 1597 ραδόσεσι
539 1534 806 1601 πάρεστιν
840 1537 1090 1606 ἀφθόνως
1122 1539 1325 1597 λαϐεῖν.
1361 1543 1501 1598 Ὅσα
1542 1546 1588 1599 δ’
1634 1547 1702 1603 ἂν
1743 1550 1838 1603 καὶ

190 1658 193 1659 ν
256 1621 419 1692 ἡμεῖς
449 1624 875 1698 ὑπονοήσωμεν,
909 1633 1029 1695 ταίς
1052 1629 1224 1696 θείαις
1258 1633 1677 1704 ἀκολουθοῦντες
1724 1659 1836 1711 φω-

190 1715 200 1729 ‘
257 1714 402 1779 ναῖς,
428 1714 582 1769 ταῦτ’
612 1717 772 1773 ἐστίν.

262 1806 494 1874 copiose
569 1810 700 1864 satis
746 1812 1009 1875 colligere
1065 1816 1228 1881 licet;

1953 456 2188 516 facultas
2220 460 2434 517 accedit
2483 463 2627 519 lucis
2663 465 2812 522 illius
2853 469 3308 541 contemplandas.
3346 472 3526 544 Atque

1951 560 2080 603 vera
2142 549 2364 619 quidem
2422 551 2706 622 virginitas
2756 553 3198 627 incorruptaeque
3249 559 3524 615 castitatis

1951 638 2195 694 studium
2220 655 2287 697 eo
2320 655 2453 698 sane
2481 643 2740 711 refertur,
2760 654 2820 700 ut
2850 646 2998 702 illius
3029 647 3205 717 ipsius
3231 662 3335 719 ope
3362 648 3524 704 adhi~

1951 729 2087 796 bita,
2127 729 2300 787 Deum
2340 733 2465 803 quis
2510 735 2687 804 possit
2732 736 2957 791 intueri.
3009 736 3142 792 Nam
3179 738 3422 810 proprie,
3467 746 3525 796 et

1948 822 2207 892 primum,
2263 831 2318 879 et
2381 824 2559 880 solum
2629 826 2942 891 honestum,
3001 844 3305 899 purumque
3352 828 3522 886 Deum

1948 927 2094 981 esse,
2120 929 2281 971 nemo
2306 917 2378 971 ita
2411 925 2595 973 mente
2620 932 2767 973 caeca
2790 928 2895 983 est,
2936 919 3067 990 quin
3104 936 3201 992 per
3229 935 3289 977 se
3317 922 3523 978 intelli-

1946 1012 2058 1076 gat.
2127 1006 2234 1062 Sed
2291 1007 2392 1063 hoc
2425 1008 2604 1078 ipsum
2660 1008 2897 1067 fortasse
2944 1027 3108 1067 nemo
3165 1013 3421 1083 ignorat;
3466 1021 3524 1069 at

1944 1111 2160 1165 aequum
2196 1104 2381 1152 tamen
2415 1105 2519 1160 est,
2555 1107 2615 1152 ut
2649 1101 2921 1166 nonnulli,
2957 1102 3002 1157 si
3032 1102 3147 1157 fieri
3180 1111 3376 1174 potest.
3405 1118 3527 1158 om-

1946 1186 2078 1240 nino
2113 1186 2395 1255 indagent,
2435 1203 2557 1258 quae
2585 1204 2720 1245 sane
2750 1191 2890 1245 ratio
2922 1193 2993 1248 sit
3022 1207 3086 1249 ae
3119 1194 3223 1260 via,
3265 1209 3386 1264 quae
3421 1209 3524 1250 nos

1943 1276 2011 1331 ad
2054 1277 2186 1332 illud
2226 1278 2404 1348 ipsum
2438 1279 2728 1337 honestum
2766 1282 2952 1339 ducat.
2988 1283 3170 1340 Picum
3210 1287 3379 1357 igitur
3415 1287 3521 1342 hu-

1935 1370 2097 1440 jusce
2146 1374 2484 1429 narrationis
2538 1373 2740 1431 divinae
2799 1379 3051 1447 Litterae,
3099 1382 3523 1452 compluresque

1938 1465 2277 1520 sanctissimi
2316 1466 2419 1520 viri
2447 1468 2616 1522 vitam
2645 1483 2823 1535 suam,
2865 1471 3024 1541 quasi
3054 1471 3234 1527 iumen
3276 1472 3520 1543 aliquod,

1940 1554 2048 1608 illis
2100 1555 2419 1619 ostendunt,
2472 1557 2565 1626 qui
2630 1573 2754 1613 cum
2814 1559 2926 1616 Deo
2973 1562 3275 1617 ambulant.
3317 1560 3519 1616 Verum

1941 1656 2208 1716 praecepta
2248 1647 2467 1717 quidem
2507 1649 2698 1715 multa,
2741 1667 2864 1722 quae
2912 1654 2981 1708 ad
3030 1654 3133 1709 hoc
3177 1653 3518 1724 propositum

1870 1735 1910 1789 Β
1942 1738 2237 1807 pertinent,
2265 1755 2329 1793 ex
2362 1739 2569 1797 divinis
2600 1742 2892 1813 utriusque
2920 1743 3260 1800 Testamenti
3299 1744 3520 1814 scriptis

1321 1832 1445 1873 nam
1489 1834 1615 1875 cum
1669 1823 1841 1878 multa
1884 1842 1914 1882 e
1953 1830 2261 1899 prephetis.
2309 1839 2475 1901 atque
2516 1834 2655 1903 lege,
2689 1842 2803 1888 tum
2854 1834 3114 1905 pleraque
3162 1849 3316 1899 sane,
3369 1841 3424 1889 et
3453 1846 3520 1888 ex

261 1897 625 1967 cvangelicis,
683 1910 739 1957 et
791 1906 1111 1975 apostolicis
1161 1909 1549 1968 traditionibus
1606 1913 1827 1972 abunde
1862 1897 2072 1992 percipi
2122 1897 2547 1991 possuntath
2570 1897 2725 1980 *νει-ο
2762 1897 2882 1992 nos,
2914 1897 3132 1983 divinos
3170 1897 3367 1982 imitati
3404 1936 3522 1980 ser-

262 2007 470 2055 mones.
504 2001 856 2055 commentati
886 2016 1103 2070 sumus,
1132 2003 1250 2060 haec
1274 2007 1501 2063 omnino
1525 2018 1677 2064 sunt.

859 2120 1108 2176 ΚΕΦΑΛ.
1143 2123 1243 2178 IB’.

251 2220 375 2277 ὀτι
541 2226 850 2309 ἀρχῆς,
884 2229 1026 2309 οὐδὲ
1046 2234 1195 2309 κςιτὰ
1221 2237 1413 2309 φύσιν
1432 2240 1838 2309 συνουσιωμέ-

311 2297 624 2432 ἔοῆτν,
649 2300 1047 2364 αὐτεξούσιον
1072 2303 1196 2372 ἔχει
1221 2297 1259 2358 ὃ
1295 2306 1603 2375 ἄνθρωπος
1635 2308 1703 2363 τὸ
1727 2297 1837 2362 Στα-

432 2383 452 2419 ι
572 2405 588 2420 .
854 2398 865 2404 υ

312 2456 396 2509 Τδ
424 2457 644 2533 λογικὸν
677 2458 837 2515 τοῦτο
879 2462 975 2516 καὶ
996 2463 1331 2534 διανοητικδν
1374 2464 1533 2531 ζῶον,
1562 2468 1593 2520 ὁ
1621 2467 1829 2542 ἀνθρω·

240 2564 371 2612 θος,
407 2548 513 2619 τῆς
553 2550 702 2615 θείας
747 2568 808 2606 τε
852 2553 947 2606 καὶ
994 2555 1274 2625 ἀκηράτου
1303 2556 1518 2626 φύσεως
1552 2556 1713 2628 ἔργον
1740 2560 1833 2614 καὶ

241 2639 477 2712 μίμημα
506 2642 746 2710 γεγονώς
765 2660 778 2674 ο
811 2642 956 2699 οὕτω
983 2646 1092 2717 γὰρ
1118 2648 1179 2700 ὲν
1204 2649 1270 2718 τῇ
1308 2649 1679 2720 Κοσμογενείᾳ
1705 2652 1833 2721 περὶ¹

239 2730 413 2786 αὐτοῦ
441 2732 879 2804 ἀναγέγραπται,
909 2736 992 2788 ὅτι
1029 2756 1049 2788 ι
1085 2738 1221 2790 Κατ’
1255 2738 1439 2791 εἰκόνα
1475 2737 1609 2793 θεοῦ
1643 2741 1831 2811 ἐποίη-

241 2838 340 2876 σεν
364 2822 532 2876 αὐτόν
552 2838 566 2853 ο
603 2843 622 2876 ι
649 2825 808 2879 τοῦτο
833 2821 930 2881 οὖν
948 2827 1011 2881 τὸ
1034 2829 1192 2897 ζῶον,
1212 2831 1242 2884 ὁ
1270 2830 1575 2902 ἄνθρωπος,
1604 2833 1666 2886 ού
1696 2834 1836 2888 κατά

238 2910 411 2982 φύσιν
437 2914 560 2968 οὐδὲ
604 2919 1032 2991 συνουσιωμένον
1059 2918 1215 2991 ἔσχεν
1248 2923 1306 2974 ὲν
1334 2922 1510 2994 ἑαυτῷ
1556 2923 1707 2996 παρά
1733 2924 1834 2996 τὴν

236 3004 474 3077 πρώτην
499 3005 708 3072 γένεσιν
742 3007 804 3061 τὸ
835 3009 1136 3080 παθητικόν
1157 3029 1218 3065 τε
1259 3012 1354 3066 καὶ
1384 3014 1668 3085 ἐπίκηρον.
1700 3016 1835 3070 Οὐδὲ

237 3093 356 3165 γάρ
381 3087 454 3163 ἦν
483 3093 706 3146 δυνατὸν
732 3094 823 3147 τὸν
859 3098 957 3167 τῆς
980 3097 1185 3161 εἰκόνος
1222 3100 1550 3170 διασωθῆναι
1576 3100 1751 3170 λόγον,
1782 3104 1832 3155 εί

2528 2127 2759 2184 CAPUT
2798 2128 2915 2184 XII.

1943 2238 2124 2310 Neque
2184 2257 2216 2294 a
2262 2241 2550 2308 principio,
2592 2258 2753 2311 neque
2796 2255 2990 2297 natura
3031 2255 3231 2300 mnatre
3267 2256 3390 2302 sunt
3425 2250 3520 2305 Ιιο·

2040 2312 2170 2371 mini
2204 2312 2529 2379 aﬁ‘ectioues,
2555 2313 2646 2366 sed
2675 2327 2740 2365 ea:
2778 2313 3000 2367 consilio
3029 2316 3131 2367 sibi
3155 2319 3419 2373 evertiunt.

2014 2455 2337 2533 liomonqui
2382 2461 2616 2517 rationis
2662 2463 2961 2532 particeps,
3011 2464 3321 2535 mentisque
3366 2482 3518 2522 como

1940 2561 2040 2617 pos
2077 2548 2279 2602 animal
2331 2559 2437 2615 est,
2478 2559 2534 2605 et
2579 2551 2779 2607 divina:
2810 2554 3251 2626 iiicorruptazque
3301 2566 3512 2615 natura:

1939 2655 2103 2710 Opus,
2138 2652 2304 2711 atque
2327 2642 2686 2699 simulacrum
2712 2643 2967 2699 eﬂ‘ectum
3000 2666 3011 2702 :
3046 2647 3101 2701 in
3136 2648 3324 2702 mundi
3368 2650 3514 2708 enim

1949 2733 2342 2787 constitutione
2366 2733 2435 2788 de
2467 2748 2534 2788 eo
2570 2733 2656 2789 his
2684 2735 2866 2790 verbis
2907 2737 3185 2807 scriptum,
3219 2746 3346 2800 est:
3383 2758 3402 2791 ι
3433 2740 3513 2794 Ad

1944 2823 2236 2893 imaginem
2264 2822 2355 2879 Dei
2381 2823 2507 2880 fecit
2531 2840 2654 2881 eum
2685 2827 2771 2892 ⁸⁵⁸,
2812 2845 2831 2879 ι
2866 2828 2999 2894 hoc,
3038 2829 3280 2899 inquam,
3313 2832 3514 2886 animai

1941 2910 2124 2977 homo,
2173 2913 2445 2984 principio
2491 2929 2601 2969 non
2656 2915 2787 2971 illud
2822 2917 2928 2973 sibi
2968 2926 3163 2972 natura
3211 2920 3511 2990 ingenitum

1939 3005 2155 3072 habuit,
2208 3015 2270 3061 ut
2320 3007 2609 3064 affectibus
2658 3019 2826 3077 esset,
2891 3013 3167 3083 mortique
3206 3014 3513 3085 expositus.

1938 3096 2125 3168 Neque
2166 3099 2312 3154 enim
2358 3100 2475 3156 fieri
2507 3110 2745 3172 poterat,
2783 3113 2842 3158 ut
2873 3105 3255 3159 similitudinis
3284 3121 3505 3162 conscr-

238 3184 581 3249 ὑπεναντίως
626 3181 741 3256 εἶχε
782 3186 855 3265 τὸ.
878 3189 1328 3262 ἀπεικονισμένον
1383 3191 1577 3256 κάλλος
1605 3194 1740 3266 πρὸς
1771 3195 1830 3247 τὸ

1944 3197 2066 3243 vata
2095 3199 2245 3246 esset
2285 3192 2449 3255 ratio,
2474 3194 2520 3247 si
2560 3204 2755 3249 contra
2804 3210 2865 3250 se.
2891 3195 2944 3249 id
2996 3197 3242 3261 haberet,
3265 3199 3412 3267 quod
3444 3199 3511 3253 ad

240 3274 575 3344 ἀρχέτυπον.
616 3275 757 3329 Ἀλλ’
788 3274 1010 3344 ὕστερον
1041 3279 1341 3350 ἐπεισήχθη
1379 3281 1443 3335 τὸ
1475 3281 1646 3346 πάθος
1682 3282 1832 3353 αὐτῷ

242 3365 389 3433 μετά
415 3366 516 3435 τὴν
543 3365 769 3438 πρώτην
795 3371 1138 3441 κατασκευὴν
1156 3385 1170 3399 ·
1210 3373 1508 3442 ἐπεισήχθη
1541 3373 1597 3426 δὲ
1626 3372 1828 3437 οὕτως·

245 3454 423 3509 Είκὼν
466 3452 535 3528 ἦν
580 3458 678 3511 καὶ
711 3459 983 3529 ὁμοίωμα,
1022 3458 1201 3523 καθὼς
1222 3461 1459 3540 εἴρηται,
1486 3467 1583 3534 τῆς
1614 3465 1831 3518 πάντων

245 3545 352 3599 τῶν
371 3546 546 3602 ὄντων
581 3548 967 3621 βασιλευούσης
1019 3550 1334 3622 δυνάμεως⁶
1390 3555 1483 3607 καὶ
1533 3554 1621 3607 διὰ
1671 3555 1830 3608 τοῦτο

243 3641 336 3693 ui.
378 3640 441 3693 ὲν
492 3640 571 3710 τῷ
619 3640 950 3712 αὐτεξουσίῳ
992 3643 1091 3709 τῆς
1130 3644 1267 3714 πρὸς
1313 3646 1406 3698 τὸν
1453 3644 1830 3710 ἑξουσιάζοντα

240 3719 470 3785 πάντων
494 3726 606 3800 εἶχε
625 3734 723 3803 τὴν
758 3733 1069 3805 ὁμοιότητα,
1099 3735 1324 3807 οὐδεμιᾷ
1360 3754 1467 3791 τινι
1502 3737 1609 3791 τῶν
1631 3737 1829 3803 ἔξωθεν

238 3821 468 3893 ἀνάγκῃ
493 3822 901 3894 δεδουλωμένος·
928 3824 1064 3879 ἀλλά
1098 3830 1164 3899 τῇ
1189 3827 1382 3900 γνώμῃ
1428 3830 1496 3900 τῇ
1548 3830 1654 3901 ίδίᾳ
1693 3831 1828 3902 πρὸς

238 3912 297 3966 τὺ
338 3912 545 3966 δοκοῦν
581 3913 959 3987 διοικούμενος,
1001 3918 1096 3971 καὶ
1140 3919 1201 3973 τὸ
1244 3920 1476 3991 ἀρέσκον
1520 3921 1670 3991 αὺτῷ
1706 3924 1827 3976 κατ’

243 4005 499 4070 ἐξουσίαν
536 4006 871 4077 αἱρούμενος,
919 4010 1019 4079 τὴν
1072 4012 1355 4081 συμφορὰν
1398 4015 1621 4084 ταύτην,
1734 4014 1829 4069 νῦν

241 4098 578 4168 κεκράτηται
605 4097 666 4151 τὸ
691 4099 1028 4169 ἀνθρώπινον
1049 4141 1065 4162 ,
1120 4102 1281 4166 αὐτὸς
1322 4103 1601 4175 ἐθελοντὴς
1646 4106 1827 4177 ἀπάτῃ

242 4187 599 4257 παρενεχθεὶς
630 4189 1000 4254 ἐπεσπάσατο,
1039 4191 1199 4255 αὐτὸς
1235 4194 1334 4262 τῆς
1367 4195 1563 4258 κακίας
1598 4195 1825 4268 εύρέτης

239 4280 547 4348 γενόμενος,
573 4282 697 4350 οὐχὶ
726 4280 877 4352 παρά
923 4282 1056 4336 Θεοῦ
1105 4285 1403 4356 γενομένην
1448 4286 1653 4358 εὑρών·
1693 4288 1824 4352 Θεὸς

236 4368 345 4437 γὰρ
374 4368 609 4422 θάνατον
631 4371 732 4424 οὐκ
766 4371 1041 4443 ἐποίησεν,
1067 4374 1202 4428 ἀλλά
1226 4376 1425 4445 τρόπον
1455 4378 1577 4431 τινὰ
1602 4378 1826 4449 κτίστης

238 4460 330 4511 καὶ
376 4460 711 4533 δημιουργὸς
763 4462 858 4517 τοῦ
915 4464 1086 4519 κακοῦ
1139 4467 1375 4539 κατέστη
1436 4471 1466 4522 ὁ
1518 4470 1821 4543 ἄνθρωπος.

234 4527 505 4623 Καθάπερ
673 4553 766 4607 τοῦ
806 4555 1031 4625 ἡλιακοῦ
1072 4558 1249 4625 φωτὸς
1291 4527 1444 4633 κοινὴ
1474 4562 1573 4633 μὲν
1603 4527 1822 4636 προκει-
1857 4527 1900 4584 D

234 4655 321 4694 ται
350 4646 521 4696 πᾶσιν
568 4646 602 4714 ἡ
632 4647 912 4715 μετουσία,
955 4644 1036 4713 οἷς
1074 4652 1107 4721 ἡ
1132 4652 1226 4704 τοῦ
1254 4654 1387 4724 ὁρᾷν
1415 4654 1639 4726 δύναμις
1676 4659 1819 4728 πάρ-

234 4744 349 4782 εστι
371 4747 387 4762 ο
424 4731 648 4787 δύναται
680 4734 737 4788 δέ
765 4752 867 4800 τις,
891 4740 938 4790 εί
961 4737 1264 4809 βουληθείη,
1302 4742 1479 4813 μύσας
1498 4746 1589 4800 τὸν
1620 4747 1820 4815 ὀφθαλ-

234 4819 356 4889 μὸν,
380 4820 489 4886 ἕξω
517 4824 768 4889 γενέσθαι
790 4826 893 4895 τῆς
916 4825 1009 4880 τοῦ
1040 4830 1215 4897 φωτὸς
1239 4831 1576 4905 ἀντιλήψεως
1591 4876 1606 4898 ,
1629 4837 1689 4888 ού
1722 4835 1818 4890 τοῦ

228 4910 385 4980 ἡλίου
422 4912 834 4985 ἀποχωροῦντος
877 4918 1137 4989 ἑτέρωθι,
1187 4923 1282 4975 καὶ
1326 4923 1498 4988 οὕτως
1542 4927 1718 4980 ἐκεῖνο
1755 4928 1820 4982 τὸ

223 5003 424 5067 σκότος
451 5004 766 5074 ἐπάγοντος,
811 5010 947 5064 ἀλλά
990 5011 1084 5065 τοῦ
1132 5015 1418 5085 ἀνθρώπου
1445 5016 1537 5072 διά
1564 5022 1662 5090 τῆς
1694 5023 1815 5075 ἐπι-

221 5090 452 5160 μύσεως
480 5096 587 5147 τῶν
616 5097 899 5170 βλεφάρων
928 5101 1019 5154 τὸν
1064 5102 1338 5175 ὀφθαλμὸν
1378 5108 1442 5161 ἐκ
1475 5109 1573 5179 τῆς
1599 5110 1817 5175 ἀκτῖνος

212 5182 685 5251 δεατειχίσαντοςσ
721 5190 820 5259 τῆς
876 5192 982 5261 γάρ
1029 5194 1292 5264 ὀρατικῆς
1345 5197 1623 5267 δυνάμεως
1654 5201 1711 5252 ὲν
1748 5201 1814 5269 τῇ

213 5272 489 5343 ὶπιμύσει
512 5276 621 5330 τῶν
650 5279 913 5349 ὀμμάτων
952 5284 1144 5351 ἀργεῖν
1189 5285 1575 5359 ἀδυνατούσης,
1602 5291 1814 5359 ἀνάγκη

214 5366 379 5417 aiam
412 5366 512 5433 τὴν
537 5368 817 5439 ἐνέργειαν
847 5372 946 5443 τῆς
973 5375 1234 5444 ὁράσεως,
1274 5375 1498 5442 σκότους
1534 5379 1815 5449 ἐνέργειαν

210 5456 496 5525 γίνεσθαι,
524 5458 781 5528 ἑκουσίως
810 5464 869 5517 ὲν
896 5464 973 5535 τῷ
1009 5467 1278 5540 ἀνθρώπῳ
1314 5468 1402 5523 διὰ
1441 5470 1538 5539 τῆς
1556 5471 1813 5541 ἀορασίας

295 5636 369 5670 ⁸⁸⁸
399 5636 539 5697 Gen.
565 5654 605 5709 ι,
637 5641 726 5697 27.

1936 3282 2266 3352 exemplaris
2317 3283 2644 3358 imaginem,
2716 3286 3242 3358 similitudinemque
3288 3306 3510 3361 expres-

1935 3387 2056 3426 sum
2089 3383 2194 3428 est.
2230 3374 2335 3428 Sed
2369 3384 2493 3445 post
2530 3377 2763 3447 primam
2810 3378 3051 3435 hominis
3093 3379 3509 3438 fabricationem

1932 3460 2283 3519 aﬂectionum
2306 3464 2392 3522 vis
2428 3467 2480 3519 in
2514 3481 2641 3522 eum
2681 3467 2995 3523 introducta
3026 3479 3145 3535 est;
3199 3473 3510 3528 introducta

1930 3561 2014 3609 est
2043 3562 2226 3608 autem
2253 3556 2356 3612 hoc
2381 3559 2542 3612 modo
2573 3573 2588 3611 :
2618 3558 2799 3630 Imago
2820 3568 2938 3642 erat
2973 3562 3154 3625 homo.
3179 3564 3507 3619 similitudo-

1930 3661 2059 3716 qne,
2098 3657 2157 3700 ut
2185 3648 2394 3703 dictum
2422 3659 2528 3714 est,
2564 3649 2684 3721 ejus
2721 3652 3031 3722 potestatis,
3064 3654 3225 3723 cuius
3250 3657 3506 3726 imperio.

1928 3752 2274 3807 quaecunque
2322 3752 2476 3805 sunt,
2521 3745 2705 3796 omnia
2750 3753 3027 3810 tenentur,
3080 3762 3144 3801 ac
3192 3759 3505 3817 reguntur:

1930 3828 2095 3899 idque
2124 3838 2410 3899 propterea
2445 3832 2500 3885 in
2553 3833 2792 3891 hominis
2825 3836 2995 3892 libero
3029 3841 3281 3903 consilio,
3315 3843 3505 3897 volun-

1929 3926 2150 3988 tateque
2197 3921 2433 3990 positum
2477 3922 2600 3986 fuit,
2653 3939 2712 3979 se
2774 3926 2922 3982 illius
2966 3929 3376 3985 similitmlinem
3427 3942 3545 3995 te-,

1929 4022 2083 4073 nere,
2104 4010 2266 4078 cujus
2304 4019 2573 4081 potestate
2611 4028 2701 4070 res
2736 4016 3002 4072 universa:
3030 4020 3504 4090 complectuntur;

1930 4115 2106 4170 neque
2150 4103 2259 4156 ulla
2323 4120 2457 4159 sane
2520 4121 2705 4161 rerum
2755 4114 3108 4163 externarum
3173 4115 3503 4168 necessitate

1927 4207 2121 4249 servus
2153 4192 2382 4250 effectus
2420 4205 2529 4259 est,
2577 4196 2673 4250 sed
2707 4211 2808 4251 sua
2857 4198 2976 4267 ipse
3017 4202 3287 4254 sententia
3322 4204 3388 4256 ad
3424 4204 3499 4260 id.

1925 4282 2075 4354 quod
2125 4285 2228 4341 sibi
2261 4287 2440 4341 visum
2475 4295 2581 4350 est,
2618 4303 2740 4343 sese
2786 4288 3004 4343 all‘ecit:
3040 4306 3276 4359 cumque
3311 4310 3374 4345 ex
3413 4310 3500 4363 po-

1928 4386 2130 4434 testate
2158 4378 2210 4432 id
2245 4378 2523 4450 elegisset,
2557 4379 2701 4448 quod
2738 4380 2843 4434 sibi
2871 4380 3183 4450 placuerat;
3217 4384 3500 4446 calatnila:

1928 4477 2036 4526 tem
2079 4471 2240 4531 hanc.
2282 4486 2391 4540 qua
2426 4470 2665 4526 hominis
2707 4488 2881 4541 genus
2913 4472 3024 4542 jam
3052 4489 3376 4544 oppressum
3422 4486 3499 4532 te-

1934 4572 2112 4631 netur,
2151 4572 2344 4634 sponte
2382 4563 2498 4633 ipse
2529 4562 2716 4618 fraude
2742 4565 3149 4622 circumventus
3174 4570 3451 4621 contraxit
3484 4588 3496 4623 :

1927 4663 1982 4710 et
2016 4654 2088 4707 ita
2128 4655 2309 4708 omnis
2340 4652 2466 4707 mali
2501 4660 2697 4708 auctor
2732 4654 2855 4721 fuit,
2902 4670 3011 4709 non
3053 4671 3083 4709 a
3119 4654 3228 4711 Deo
3254 4657 3383 4713 facti
3417 4660 3498 4713 in-

1926 4753 2123 4799 ventor
2157 4764 2170 4800 :
2205 4752 2436 4800 mortem
2482 4744 2629 4799 enim
2666 4743 2810 4801 Dens
2854 4761 2965 4801 non
3002 4746 3200 4812 effecit,
3231 4748 3325 4803 scd
3369 4750 3497 4805 mali

1924 4835 2179 4890 conditor
2218 4835 2643 4907 quodammodo,
2679 4836 3083 4906 fabricatorque
3115 4838 3279 4894 homo
3325 4841 3497 4895 exsti-

1924 4930 1990 4982 tit
2020 4946 2032 4982 :
2065 4929 2526 4998 quemadmodum
2557 4929 2703 4983 enim
2744 4930 2876 4983 solis
2914 4929 3002 4982 lux
3034 4933 3347 4987 communis
3370 4948 3497 5003 pro-

1925 5019 2099 5088 posita
2137 5029 2221 5073 est
2260 5020 2517 5073 omnibus
2552 5020 2645 5089 qui
2691 5019 2947 5074 cernendi
2980 5020 3087 5073 vim
3132 5022 3365 5089 habent;
3399 5038 3497 5093 po-

1908 5088 2027 5163 ‘test
2052 5110 2199 5164 enim
2232 5110 2380 5180 quis,
2432 5110 2475 5165 si
2511 5111 2767 5176 voluerit,
2814 5111 3017 5167 clausis
3064 5114 3241 5167 oculis
3283 5113 3496 5170 cﬂiecre

1922 5215 1990 5254 ne
2020 5201 2194 5255 lucem
2232 5202 2378 5255 illam
2411 5203 2650 5273 excipiat
2679 5222 2693 5254 τ
2727 5220 2833 5257 non
2862 5204 2986 5273 quia
3025 5205 3106 5258 sol
3141 5205 3248 5257 alin
3276 5205 3493 5275 migret,

1921 5300 2085 5362 atque
2116 5309 2181 5347 ex
2212 5308 2278 5347 co
2303 5294 2561 5350 tenebras
2587 5295 2855 5360 oli‘undat,
2886 5296 2980 5352 sed
3013 5297 3141 5367 quia
3162 5296 3325 5351 horno
3352 5298 3491 5369 ipse.

1923 5385 2125 5440 clausis
2170 5385 2466 5454 palpebris,
2514 5388 2736 5442 oculum
2767 5404 2797 5441 a
2848 5389 3015 5445 radiis
3059 5390 3283 5460 sepierit
3317 5408 3330 5443 ε
3363 5405 3491 5444 nam

1926 5490 2048 5530 cum
2080 5474 2296 5531 videndi
2340 5476 2439 5542 vis,
2478 5480 2685 5548 opertis
2719 5480 2914 5547 oculis,
2951 5496 3051 5538 suo
3094 5496 3318 5538 munere
3342 5481 3493 5553 fungi
