3896 6204
381 301 439 358 7i
1603 303 1662 362 S.
1694 302 2018 362 GREGORII
2044 303 2337 362 NYSSENI

3411 349 3415 352 .
3487 306 3593 362 372

341 434 452 474 non
488 417 679 488 possit,
717 432 942 475 necesse
963 426 1046 474 est
1075 418 1256 477 omnis
1285 419 1400 475 haec
1437 429 1695 490 aspectus
1723 434 1911 475 cessa-

2028 419 2440 491 τυνισταμένην·
2473 419 2505 490 ἢ
2551 417 2738 488 ὥσπερ
2785 418 2839 471 εί
2870 434 2952 480 τις
2995 417 3173 470 οἰκίαν
3213 414 3390 487 ἑαυτῷ
3431 434 3593 469 κατα-

343 510 422 565 tio
445 511 694 565 tenebras
725 510 940 576 eliiciat,
987 525 1124 580 quas
1157 512 1321 581 homo
1349 511 1454 566 sibi
1497 519 1695 581 sponte
1743 527 1806 566 ex
1847 525 1914 564 eo

343 601 592 663 oti'undit,
643 601 770 670 quia
815 601 1001 657 videre
1052 572 1269 657 recu'sat
1299 621 1312 656 :
1344 611 1440 656 aut
1475 603 1641 657 veluti
1695 602 1740 658 si
1789 603 1914 672 quis

343 692 559 748 domum
604 691 708 746 sibi
737 691 1040 758 ardilicans,
1069 693 1279 746 nullum
1318 693 1425 746 luci
1466 693 1670 746 aditum
1702 693 1912 762 patefa-

342 784 450 835 ciat
497 781 564 835 ad
614 796 700 845 ea,
738 796 859 850 quae
905 780 1052 836 domi
1095 790 1244 844 sunt,
1290 781 1336 836 is
1375 789 1524 836 certe
1571 796 1696 834 cum
1733 783 1916 850 ingre-

341 871 525 926 diendi
562 872 702 926 viam
742 872 909 927 radiis
958 880 1152 942 Sponte
1184 873 1539 936 obstruxerit,
1581 873 1636 926 in
1675 873 1915 929 tenebris

343 962 462 1032 ipse
489 964 652 1017 vitam
707 963 904 1034 deget:
941 964 1058 1034 pari
1110 965 1322 1018 ratione
1373 964 1585 1033 primus
1636 965 1799 1019 homo
1847 965 1916 1020 de

341 1061 509 1117 terra,
543 1053 627 1108 vel
656 1054 838 1124 potius
875 1055 944 1119 is,
983 1056 1073 1126 qui
1109 1056 1309 1108 malum
1349 1056 1401 1108 in
1437 1055 1655 1109 homine
1685 1056 1912 1126 peperit,

343 1154 512 1192 unum
537 1139 754 1208 quidem
791 1147 986 1194 natura
1027 1141 1316 1196 honestum
1350 1148 1404 1194 et
1438 1141 1640 1196 bonum
1673 1143 1915 1212 undique

341 1232 444 1286 sibi
479 1233 816 1303 propositum
855 1235 908 1287 in
937 1242 1203 1304 potestate
1232 1234 1424 1289 habuit
1455 1252 1468 1287 :
1507 1250 1602 1305 per
1636 1251 1695 1290 se
1733 1244 1915 1289 tamen

345 1323 488 1377 ultro
521 1332 604 1377 est
641 1337 705 1376 ea
755 1323 1002 1385 molitus,
1036 1339 1157 1392 quae
1195 1331 1388 1378 contra
1435 1332 1690 1378 naturam
1737 1333 1911 1379 sunt:

342 1426 469 1465 cum
519 1411 669 1476 ntali,
703 1412 928 1482 vitiique
980 1430 1162 1476 usum,
1207 1413 1486 1484 repudiata
1543 1413 1767 1477 virtute,
1814 1429 1916 1471 suo

341 1500 460 1570 ipse
489 1500 724 1554 consilio
759 1502 1144 1558 introduxerit.
1187 1502 1388 1556 Malum
1411 1504 1556 1557 enim
1589 1513 1744 1558 extra
1778 1518 1914 1559 con-

341 1590 524 1644 silium
558 1592 816 1660 positum,
853 1607 916 1648 ac
953 1609 1048 1662 per
1095 1609 1154 1648 se
1202 1601 1488 1656 constans,
1531 1593 1585 1647 in
1626 1595 1775 1647 omni
1823 1609 1918 1647 na-

341 1692 465 1735 tura
520 1683 730 1736 nullum
780 1691 886 1738 est.
944 1683 1078 1737 Nam
1140 1682 1233 1738 Dei
1287 1697 1426 1753 opus
1477 1698 1642 1739 omne
1689 1684 1914 1748 bonum,

343 1788 520 1843 neque
568 1773 977 1840 detestandum,
1025 1783 1320 1839 cunctave,
1367 1791 1490 1845 qua:
1525 1775 1670 1830 Deus
1717 1773 1915 1841 eil‘ecit,

344 1873 474 1917 sunt
509 1863 802 1919 admodum
853 1867 1028 1934 bona;
1069 1868 1164 1922 sed
1211 1875 1568 1937 posteaquam
1618 1881 1706 1929 eo,
1754 1882 1916 1936 quem

343 1954 610 2019 diximus,
632 1957 792 2010 modo
821 1957 877 2012 in
903 1958 1067 2012 vitam
1098 1959 1380 2014 hominum
1406 1975 1512 2013 non
1537 1959 1656 2013 sine
1680 1959 1918 2012 maxima

343 2046 593 2114 pernicie
637 2048 859 2117 irrepsit
900 2049 1164 2118 peccandi
1214 2048 1583 2112 consuetudo,
1631 2057 1794 2118 atque
1851 2063 1917 2102 ex

345 2152 513 2204 parva
543 2153 734 2201 causa,
765 2155 887 2208 qua:
920 2139 974 2194 in
1012 2140 1226 2197 infinita
1255 2141 1542 2195 hominum
1582 2141 1724 2194 mala
1755 2141 1920 2195 latius

345 2229 608 2291 manavit,
657 2231 843 2286 divina
898 2233 987 2286 illa
1041 2233 1208 2287 animi
1260 2233 1632 2304 pulchritudo,
1683 2248 1806 2302 quae
1851 2233 1918 2285 ad

344 2321 673 2390 exctnplaris
742 2323 1103 2377 imitationem
1163 2322 1344 2378 fuerat
1402 2339 1700 2393 expressa;
1760 2323 1918 2393 quasi

345 2410 573 2477 ferrum,
625 2413 874 2484 rubigine
900 2416 1014 2468 vitii
1052 2425 1136 2470 cst
1177 2424 1524 2484 consumpta,
1571 2429 1679 2468 non
1712 2423 1918 2468 tantam

345 2503 590 2571 quidem,
620 2513 826 2574 quanta
873 2514 1025 2561 certe
1065 2507 1168 2561 sibi
1201 2522 1264 2560 ex
1303 2514 1496 2558 natura
1552 2507 1752 2582 inerat,
1785 2521 1919 2559 con-

345 2595 586 2649 servavit
630 2597 884 2666 imaginis
916 2598 1169 2666 gratiam,
1213 2597 1308 2652 sed
1346 2597 1414 2650 ad
1450 2597 1708 2666 peccandi
1746 2599 1922 2666 turpi-

347 2686 588 2741 tudinem
631 2703 752 2743 sese
787 2697 896 2742 tota
929 2691 1222 2744 convertit.
1254 2689 1441 2757 Itaque
1492 2703 1748 2757 magnum
1786 2687 1920 2740 illud

347 2783 400 2827 et
433 2778 731 2844 pretiosum
775 2779 960 2843 homo,
993 2789 1104 2833 uta
1139 2780 1428 2847 Scriptura
1472 2787 1558 2833 est
1592 2777 1919 2848 appellatus,

347 2879 471 2918 cum
525 2881 554 2918 a
589 2867 852 2936 dignitate
893 2883 992 2922 sua
1037 2868 1362 2931 excidisset,
1408 2867 1553 2936 quod
1605 2865 1809 2920 accidit
1853 2865 1922 2920 iis

247 3003 252 3008 .
347 2955 442 3024 qui
471 2956 524 3010 in
551 2971 770 3011 ccentun
807 2958 982 3028 illapsi
1015 2969 1164 3022 sunt,
1201 2958 1340 3014 facie
1382 2958 1531 3012 onmi
1566 2957 1695 3012 limo
1725 2956 1920 3023 oblita,

350 3061 418 3100 ne
469 3061 498 3100 ε
554 3046 921 3104 familiaribus
969 3049 1190 3120 quidem
1243 3057 1625 3120 agnoscuntur
1673 3067 1686 3103 :
1726 3049 1918 3104 eodem

2017 512 2314 576 σκευάζων,
2366 511 2632 582 μηδεμίαν
2677 509 2888 579 ἑντέμοι
2940 508 3017 578 τῷ
3058 508 3196 576 φωτὶ
3252 507 3350 579 τὴν
3398 508 3489 561 ὲπὶ
3529 509 3598 560 τὰ

2016 603 2124 656 ἔσω
2171 601 2420 671 πάροδον,
2465 599 2773 668 ἀναγκαίως
2821 600 2878 651 ἐν
2929 598 3108 667 σκότῳ
3137 595 3411 667 βιώσεται,
3455 596 3598 651 ἑκὼν

2015 692 2342 754 ἀποκλείσας
2367 694 2485 754 ταῖς
2517 692 2695 744 ἀκτῖσι
2718 689 2815 759 τὴν
2845 689 3042 741 εἴσοδον
3059 705 3073 718 ’
3099 688 3239 741 οὓτω
3265 690 3358 740 καὶ
3379 689 3407 739 ό
3445 688 3600 758 πρῶ-

2014 801 2105 847 τος
2136 784 2164 834 ὁ
2189 786 2252 836 ἐκ
2286 783 2386 852 γῆς
2413 781 2714 852 ἄνθρωπος,
2741 779 2938 850 μᾶλλον
2961 779 3015 831 δὲ
3040 781 3068 831 ὁ
3085 780 3183 849 τὴν
3203 779 3396 832 κακίαν
3425 781 3482 830 ἐν
3523 778 3602 850 τῷ

2015 874 2284 944 ἀνθρώπῳ
2317 873 2600 943 γεννήσας,
2630 872 2687 924 ἐν
2723 872 2821 940 μὲν
2851 872 2914 940 τῇ
2949 869 3105 938 φύσει
3139 870 3200 922 τὸ
3228 869 3388 923 καλόν
3421 887 3479 922 τε
3506 871 3602 922 καὶ

2015 964 2217 1033 ἀγαθὸν
2247 966 2366 1017 κατ’
2395 961 2642 1027 ἐξουσίαν
2671 961 2828 1031 ἔσχεν
2858 960 3189 1030 πανταχόθεν
3218 959 3597 1030 προκείμενθνο

2017 1053 2298 1123 ἐθελοντὴς
2333 1053 2389 1106 δὲ
2421 1053 2549 1122 παρ’
2589 1051 2782 1104 ἑαυτοῦ
2814 1051 2882 1104 τά
2929 1051 3077 1119 παρά
3123 1049 3282 1118 φύσιν
3325 1049 3601 1102 ἐκαινοτό-

2021 1161 2182 1215 μησε,
2210 1145 2310 1215 τὴν
2339 1143 2431 1196 τοῦ
2473 1142 2644 1197 κακοῦ
2694 1145 2888 1213 πεῖραν
2929 1143 2986 1194 ὲν
3033 1145 3098 1213 τῇ
3147 1145 3458 1214 ἀποστροφῇ
3500 1142 3602 1210 τῆς

2018 1236 2217 1305 ἀρετῆς
2241 1237 2304 1306 τῇ
2337 1235 2440 1305 ἰδίει⁵
2471 1234 2787 1306 προαιρέσει
2821 1233 3246 1304 δημιουργήσας.
3284 1234 3466 1287 Κακὸν
3491 1235 3601 1302 γάρ

2018 1328 2123 1393 ἔξω
2153 1327 2519 1398 προαιρέσεως
2553 1327 2821 1396 κείμενον,
2868 1329 2960 1379 καὶ
2992 1328 3113 1380 κατ’
3143 1327 3278 1379 ἰδίαν
3305 1326 3601 1378 ὑπόστασιν

2020 1418 2408 1490 θεωρούμενον.
2439 1419 2496 1470 ὲν
2538 1420 2602 1488 τῇ
2657 1419 2817 1486 φύσει
2863 1417 2969 1472 τῶν
3019 1419 3186 1471 όντων
3228 1418 3373 1470 ἐστὶν
3425 1416 3600 1471 οὐδέν.

2019 1513 2134 1566 Πάν
2164 1511 2270 1582 γάρ
2305 1511 2507 1580 κτίσμα
2549 1510 2682 1563 Θεοῦ
2725 1511 2908 1577 καλὸν,
2945 1510 3039 1564 καὶ
3083 1511 3233 1562 οὐδὲν
3272 1509 3600 1582 ἀπόϐλητον,

2019 1604 2114 1656 καὶ
2169 1581 2346 1655 πάντα
2391 1601 2491 1653 ὅσα
2543 1600 2795 1670 ἐποίησεν
2841 1601 2871 1652 ό
2917 1600 3050 1662 Θεὸς
3098 1600 3238 1652 καλά
3289 1598 3442 1650 λίαν·
3487 1581 3603 1650 ἀλλ’

2021 1690 2205 1760 ἐπειδὴ
2237 1689 2376 1742 κατά
2417 1690 2507 1742 τὸν
2553 1689 2784 1759 ρηθέντα
2826 1689 3026 1759 τρόπον
3063 1689 3356 1758 εἰσεφθάρη
3387 1690 3452 1758 τῇ
3488 1687 3601 1757 ζωῇ

1951 1768 1992 1822 Β
2019 1782 2126 1836 τῶν
2157 1781 2456 1853 ἀνθρώπων
2490 1783 2522 1850 ἡ
2556 1779 2647 1833 τοῦ
2690 1781 3023 1851 ἁμαρτάνειν
3070 1779 3378 1843 ἀκολουθία,
3407 1779 3500 1830 καί
3540 1781 3605 1830 ἐκ

2025 1875 2223 1946 μικρᾶς
2253 1873 2504 1944 ἀφορμῆς
2533 1875 2611 1934 εἰς
2654 1873 2876 1940 ἄπειρον
2924 1871 3020 1940 τῆς
3063 1871 3258 1932 κακίας
3305 1871 3362 1921 ἐν
3396 1868 3471 1937 τῷ
3509 1869 3606 1920 ἀνε-

2021 1963 2224 2034 θρώπῳ
2254 1962 2537 2032 χυθείσης,
2580 1960 2673 2013 καὶ
2703 1962 2765 2012 τὸ
2807 1960 3032 2021 θεοειδὲς
3077 1961 3248 2012 ἐκεῖνο
3290 1957 3387 2025 τῆς
3429 1955 3607 2024 ψυχῆς

2021 2053 2214 2115 κάλλος
2252 2052 2311 2105 τὸ
2348 2051 2490 2104 κατά
2531 2050 2759 2120 μίμησιν
2786 2049 2877 2102 τοῦ
2904 2049 3257 2118 πρωτοτύπου
3291 2047 3608 2116 γενόμενον,

2020 2138 2129 2197 οἷόν
2161 2159 2243 2204 τις
2275 2141 2487 2211 σίδηρος
2510 2140 2876 2209 κατεμελάνθη
2905 2138 2982 2207 τῷ
3006 2139 3100 2207 τῆς
3127 2137 3321 2199 κακίας
3355 2135 3416 2203 ἰῷ
3438 2152 3450 2164 ·
3478 2135 3607 2186 οὑκ-

2022 2236 2101 2289 έτι
2148 2231 2442 2304 τηνικαῦτα
2476 2232 2572 2301 τῆς
2614 2232 2817 2292 οἰκείας
2851 2229 2998 2298 αὐτῷ
3039 2229 3180 2281 κατά
3208 2227 3366 2297 φύσιν
3403 2227 3607 2288 εἰκόνος

2021 2327 2119 2395 τὴν
2145 2324 2303 2394 χάριν
2332 2323 2606 2388 διέσωζεν,
2636 2317 2771 2375 ἀλλά
2817 2321 2951 2392 πρὸς
2975 2321 3036 2373 τὸ
3065 2316 3249 2389 αἶσχος
3276 2319 3372 2387 τῆς
3417 2319 3599 2387 ἀμαρ-

2019 2415 2140 2477 τίας
2174 2413 2588 2484 μετεμορφώθη.
2619 2413 2779 2466 Ὅθεν
2811 2413 2872 2465 τὸ
2913 2412 3054 2481 μέγα
3097 2411 3191 2464 καὶ
3220 2411 3396 2480 τίμιον
3428 2408 3605 2471 τοῦτο,

2020 2509 2048 2558 ό
2077 2505 2379 2575 ἄνθρωπος,
2403 2504 2478 2566 ὠς
2511 2503 2616 2556 ὑπὸ
2643 2504 2742 2573 τῆς
2773 2503 2996 2573 Γραφῆς
3022 2499 3336 2570 ὠνομάσθη,
3363 2497 3607 2550 ἐκπεσὼν

2021 2595 2122 2663 τῆς
2151 2594 2353 2654 οἰκείας
2398 2593 2571 2658 ἀξίας,
2606 2586 2716 2644 οἷον
2756 2593 3050 2660 πάσχουσιν
3081 2592 3129 2642 οἱ
3159 2587 3218 2653 ἐξ
3247 2588 3607 2657 ὀλισθήματος

2023 2683 2499 2754 ὲγκατενεχθέντες
2541 2683 2804 2754 βορϐόρῳ,
2837 2683 2932 2736 καί
2960 2681 3037 2752 τῷ
3068 2680 3223 2752 πηλῷ
3259 2679 3355 2750 τὴν
3397 2677 3608 2748 μορφὴν

2023 2777 2229 2830 ἑαυτῶν
2253 2775 2646 2844 ἐξαλείψαντες,
2672 2775 3059 2842 ἀνεπίγνωστοι
3089 2774 3183 2827 καὶ
3207 2775 3321 2834 τοῖς
3349 2771 3603 2840 συνήθεσι

2023 2867 2289 2936 γίνονται·
2324 2867 2496 2929 οὓτως
2533 2867 2780 2928 κάκεῖνος
2826 2864 3082 2935 ἐμπεσὼν
3111 2863 3188 2933 τῷ
3231 2861 3473 2932 βορϐόρῳ
3512 2860 3612 2929 τῆς

2024 2959 2317 3028 ἁμαρτίας,
2367 2957 2613 3010 ἀπώλεσε
2663 2956 2759 3026 μὲν
2803 2955 2864 3008 τὸ
2906 2954 3069 3008 εἰκὼν
3094 2951 3232 3007 εἶναι
3277 2952 3369 3005 τοῦ
3403 2951 3613 3020 ἀφθάρ-

2023 3067 2115 3104 του
2146 3049 2308 3114 Θεοῦ,
2352 3050 2450 3119 τὴν
2495 3049 2552 3102 δὲ
2601 3047 2844 3119 φθαρτὴν
2899 3048 2993 3100 καὶ
3024 3046 3252 3116 πηλίνην
3298 3044 3484 3098 εἰκόνα
3525 3040 3614 3095 διὰ

349 3139 512 3192 mulo
549 3140 638 3195 ille
669 3141 722 3195 in
752 3142 960 3211 peccati
991 3143 1184 3199 sordes
1215 3144 1586 3215 prtecipitatus
1620 3145 1921 3214 incorrupti

2028 3144 2121 3209 τῆς
2149 3116 2419 3212 ἁμαρτίας
2453 3116 2898 3210 μετημφιάσατο·
2933 3139 2996 3208 ἢν
3037 3137 3335 3190 ἀποθέσθαι
3371 3134 3612 3205 συμϐουο

351 3228 446 3284 Dei
497 3231 790 3302 imaginem
835 3235 1092 3304 perdidit,
1129 3246 1448 3306 mutatoque
1498 3237 1686 3292 habitu
1733 3253 1928 3294 corru-

348 3332 496 3392 ptam
531 3325 826 3394 quamdam
863 3328 1184 3397 peccatique
1213 3329 1702 3407 labeOinqttinatam
1738 3331 1929 3400 imagi-

350 3429 475 3468 nem
526 3415 723 3481 induit,
778 3432 942 3486 quam
994 3421 1134 3473 ratio
1183 3419 1459 3488 deponere
1509 3420 1703 3474 suadet
1739 3420 1789 3474 ei
1833 3423 1924 3490 qui

353 3505 674 3576 incorrupta
724 3509 846 3561 vita:
885 3507 1177 3579 disciplina
1207 3527 1265 3564 se
1305 3512 1466 3580 quasi
1517 3528 1657 3581 aqua
1689 3517 1924 3586 quadam

353 3595 586 3650 ablucrit
615 3613 630 3650 :
657 3605 716 3650 ut
745 3597 847 3651 hoc
875 3613 1008 3652 sane
1032 3606 1250 3654 terreno
1276 3601 1494 3669 abjecto
1525 3603 1926 3675 integumento,

354 3687 520 3739 animi
575 3702 769 3742 rursus
816 3697 1076 3757 appareat
1125 3690 1504 3759 pulchritudo.
1563 3694 1752 3750 Aliena
1799 3712 1930 3751 vero

355 3777 617 3846 abjicere,
668 3779 720 3831 in
772 3795 838 3834 co
871 3789 974 3840 est,
1021 3791 1078 3834 ut
1111 3782 1178 3835 ad
1238 3799 1335 3837 sua
1375 3785 1609 3854 quisque
1656 3797 1820 3857 atque
1862 3789 1928 3843 ad

355 3875 605 3921 naturam
647 3870 832 3923 redeat
863 3887 874 3920 :
913 3875 1055 3940 quod
1093 3873 1340 3942 profecto
1371 3879 1588 3945 assequi
1627 3895 1734 3932 non
1772 3881 1933 3936 aliter

357 3959 506 4024 licet,
550 3961 658 4017 nisi
702 3965 827 4018 talis
862 3981 1054 4022 rursus
1089 3969 1218 4036 quis
1273 3968 1386 4034 liat,
1435 3971 1614 4038 qualis
1663 3973 1930 4042 principio

355 4050 581 4108 eﬂ‘ectus
619 4068 725 4110 est
759 4057 877 4111 Non
919 4059 1067 4112 enim
1114 4069 1364 4115 nostrum
1400 4070 1507 4125 est,
1551 4077 1729 4131 neque
1760 4061 1934 4118 lacul-

357 4145 484 4200 tatis
512 4144 797 4202 hominum
821 4149 1079 4214 cilicium,
1106 4161 1164 4206 ut
1187 4151 1498 4208 divinitatis
1521 4154 1730 4210 similes
1760 4153 1930 4216 ﬁant;

2024 3233 2169 3287 λεύει
2199 3235 2227 3285 ό
2260 3234 2433 3299 λόγος,
2472 3228 2583 3286 οἷόν
2615 3249 2718 3284 τινι
2762 3230 2910 3283 ὕδατι
2951 3229 3029 3299 τῷ
3075 3227 3297 3298 καθαρῷ
3332 3227 3430 3296 τῆς
3463 3225 3612 3277 πολι-

2025 3327 2174 3388 τείας
2232 3324 2710 3393 ἀποκλυσάμενονο
2768 3323 2843 3386 ὡς
2899 3322 2964 3376 ἂν
3020 3319 3458 3392 περιαιρεθέντος
3514 3313 3610 3369 τοῦ

2025 3417 2212 3488 γηῖνου
2269 3413 2638 3484 καλύμματος,
2689 3415 2847 3467 πάλιν
2883 3417 2980 3485 τῆς
3021 3413 3200 3483 ψυχῆς
3239 3408 3523 3480 φανερωθῇ
3551 3405 3615 3460 τὸ

2028 3509 2240 3569 κάλλος.
2289 3505 2568 3568 ’Λπόθεσις
2619 3507 2676 3560 δὲ
2723 3505 2816 3559 τοῦ
2859 3504 3136 3576 ἀλλοτρίου
3180 3504 3326 3554 ἐστὶν
3362 3502 3394 3570 ἡ
3433 3501 3511 3562 εἰς
3552 3497 3618 3550 τὸ

2031 3607 2226 3658 οἰκεῖον
2271 3606 2450 3675 ἐαυτῷ
2497 3604 2590 3656 καὶ
2640 3601 2780 3654 κατά
2826 3601 2984 3668 φύσιν
3019 3595 3308 3657 ἐπάνοδος·
3339 3587 3398 3645 οὗ
3430 3591 3618 3658 τυχεῖν

2033 3697 2206 3761 ἄλλως
2235 3698 2334 3750 οὐκ
2366 3697 2500 3758 ἐστι.
2541 3697 2612 3766 μὴ
2654 3689 2763 3755 οἷος
2804 3694 2861 3759 ἐξ
2893 3691 3066 3763 ἀρχῆς
3100 3686 3343 3755 ἐκτίσθη,
3371 3679 3616 3735 τοιοῦτον

2035 3786 2195 3840 πάλιν
2232 3787 2538 3856 γενόμενον.
2570 3786 2643 3838 Οὐ
2671 3784 2778 3855 γὰρ
2807 3783 3068 3853 ἡμέτερον
3096 3778 3275 3849 ἔργον,
3311 3773 3430 3827 οὐδὲ
3459 3768 3620 3822 δυνά-

2041 3896 2185 3950 μεως
2211 3879 2551 3949 ἀνθρωπίνης
2587 3875 2702 3928 ἐστί
2739 3872 3065 3942 κατόρθωμα
3113 3871 3146 3938 ὴ
3191 3866 3327 3936 πρὸς
3365 3862 3426 3915 τὸ
3460 3859 3616 3950 Θεῖον

2037 3949 2323 4041 όμοίωσιςσ
2369 3969 2503 4022 ἀλλά
2542 3966 2696 4021 τοῦτο
2735 3966 2832 4036 μὲν
2867 3964 2965 4033 τῆς
3011 3959 3103 4014 τοῦ
3143 3956 3275 4011 Θεοῦ
3310 3949 3618 4041 μεγαλοδω-

2045 4039 2170 4133 ρεᾶς
2196 4063 2359 4125 ἐστιν,
2385 4060 2544 4123 εὐθὺς
2587 4059 2704 4128 ἅμα
2743 4059 2809 4127 τῇ
2853 4053 3042 4124 πρώτῃ
3072 4051 3279 4119 γενέσει
3319 4039 3618 4116 χαρισαμέ-

2043 4171 2134 4207 νου
2164 4155 2230 4223 τῇ
2263 4152 2419 4221 φύσει
2442 4151 2539 4220 τὴν
2573 4149 2710 4220 πρὸς
2748 4147 2904 4199 αὐτὸν
2930 4143 3238 4214 ὁμοιότητα,

357 4237 454 4293 sed
495 4238 600 4294 hoc
647 4255 783 4297 sane
820 4243 1095 4314 contingit
1132 4245 1371 4302 maximo
1403 4261 1631 4303 munere
1681 4245 1798 4310 Dei,
1841 4246 1935 4316 qui
1973 4258 2000 4300 a
2055 4246 2231 4316 primo
2279 4243 2460 4298 statim
2517 4251 2640 4294 urltl
2689 4239 2847 4292 nobis
2905 4237 2988 4290 sui
3045 4241 3129 4289 est
3201 4225 3618 4284 similitudinem

357 4330 611 4404 largitus.

428 4427 499 4478 At
523 4426 803 4482 hominum
831 4429 1000 4484 studli
1019 4437 1228 4484 tantum
1255 4431 1386 4486 illud
1418 4447 1550 4488 sane
1577 4441 1680 4497 est,
1714 4443 1772 4487 ut
1797 4447 1925 4502 quas

2110 4424 2222 4494 Τῆς
2247 4423 2302 4476 δὲ
2331 4419 2673 4492 ἀνθρωπίνης
2707 4415 2940 4487 σπουδῆς
2971 4412 3220 4467 τοσοῦτον
3259 4410 3324 4463 ἂν
3358 4410 3464 4481 εἴη,
3495 4411 3622 4463 ὅσον

359 4514 466 4571 sibi
541 4517 732 4572 sordes
767 4525 955 4588 postea
991 4535 1056 4575 ex
1091 4530 1318 4590 peccato
1363 4522 1466 4591 ipsi
1520 4532 1936 4586 contraxerant,

359 4620 456 4662 eas
483 4607 708 4662 omnino
745 4611 952 4673 eluant,
993 4611 1564 4681 pulchritudinemque
1623 4613 1766 4668 illam
1818 4612 1936 4666 illu-

360 4707 557 4763 strent,
580 4715 700 4770 qua:
723 4701 776 4754 in
801 4701 985 4766 animo
1013 4703 1282 4756 occultata
1305 4712 1407 4759 est.
1441 4702 1721 4772 Ejusmodi
1756 4711 1937 4758 autem

360 4801 692 4862 pmceptum
727 4791 781 4846 in
813 4792 1105 4863 Evangelio
1127 4793 1414 4849 Dominum
1443 4795 1640 4849 docere
1679 4795 1937 4859 arbitror,

361 4895 490 4934 cum
543 4882 786 4952 loquitur
834 4882 900 4937 ad
943 4897 1039 4938 eos
1077 4883 1170 4953 qui
1220 4885 1545 4953 sapientiam
1598 4885 1648 4937 in
1683 4884 1938 4954 mysterio

365 4971 676 5042 loquentem
733 4975 919 5030 audire
949 4984 1198 5046 possunt.
1251 4975 1493 5045 Regnum
1527 4974 1639 5040 Dei,
1664 4975 1842 5045 inquit
1872 4976 1936 5038 ⁸⁸,

365 5063 509 5118 intra
552 5080 650 5119 vos
691 5074 793 5122 est.
843 5066 899 5121 ld
943 5069 1128 5130 enim,
1163 5067 1388 5136 opinor,
1439 5068 1718 5138 Scriptura
1778 5067 1948 5137 signi-

368 5157 524 5221 licat,
580 5171 688 5209 non
730 5173 851 5212 esse
891 5157 1137 5213 divinum
1188 5160 1388 5213 bonum
1435 5174 1464 5212 a
1516 5167 1710 5213 natura
1760 5165 1947 5212 nostra

366 5247 720 5317 abjunctum;
778 5265 878 5304 nec
937 5252 1124 5320 procul
1165 5251 1234 5305 ab
1278 5251 1346 5307 iis
1397 5250 1622 5314 abesse,
1677 5249 1770 5319 qui
1815 5248 1946 5303 illud

368 5342 628 5414 indagare
664 5345 972 5398 instituant.
1011 5344 1080 5396 At
1115 5344 1168 5397 in
1217 5345 1450 5414 singulis
1485 5343 1614 5397 illud
1664 5349 1768 5405 est,
1799 5343 1949 5394 inco-

369 5432 577 5502 gnitum
643 5442 822 5487 tamen
867 5441 1030 5503 atque
1076 5434 1396 5496 obscurum,
1440 5449 1564 5487 cum
1593 5438 1648 5486 ct
1681 5431 1852 5492 curis.
1894 5438 1947 5484 et

370 5524 495 5579 vita:
546 5523 919 5594 voluptatibus
969 5541 1342 5606 compressum
1385 5525 1456 5582 sit
1495 5545 1508 5580 :
1542 5539 1737 5579 rursus
1769 5535 1947 5578 autem

447 5701 493 5735 ‘°
528 5701 659 5757 Luc.
687 5719 817 5768 xvn,
836 5703 927 5760 2i.

2043 4518 2344 4588 ἐκκαθᾶραι
2379 4515 2538 4585 μόνον
2569 4513 2659 4564 τὸν
2709 4507 3090 4577 ἐπιγενόμενον
3129 4505 3238 4558 ἀπὺ
3278 4503 3478 4566 κακίας
3530 4503 3625 4573 pti-

2044 4630 2142 4667 πον
2169 4609 2337 4678 αὐτῷ,
2372 4607 2465 4660 καὶ
2507 4605 2568 4658 τὸ
2613 4600 3026 4670 κεκαλυμμένον
3060 4599 3119 4650 ὲν
3160 4598 3224 4666 τῇ
3253 4595 3396 4664 ψυχῇ
3431 4594 3626 4657 κάλλος

2043 4697 2380 4768 διαφωτίσαι.
2407 4693 2480 4746 Τὸ
2508 4692 2562 4744 δὲ
2595 4689 2830 4744 τοιοῦτον
2855 4688 3028 4756 δόγμα
3061 4685 3153 4738 καὶ
3182 4687 3238 4736 ὲν
3270 4683 3345 4754 τῷ
3379 4685 3628 4751 Εὐαγγε-

2044 4792 2144 4862 λίῳ
2165 4788 2434 4842 διδάσκειν
2459 4777 2609 4853 οἶμαι
2642 4782 2730 4835 τὸν
2760 4780 2982 4850 Κύριον,
3011 4777 3232 4844 λέγοντα
3267 4779 3378 4838 τοῖς
3409 4774 3631 4827 ἀκούειν

2045 4879 2359 4951 δυναμένοις
2386 4877 2482 4946 τῆς
2506 4876 2562 4927 ὲν
2595 4870 2876 4943 μυστηρίῳ
2929 4867 3260 4936 λαλουμένης
3303 4866 3510 4933 σοφίας,
3544 4864 3627 4916 ὅτι

2053 4993 2070 5024 ι
2095 4975 2156 5026 Ἡ
2187 4969 2428 5042 βασιλεία
2442 4966 2534 5019 τοῦ
2561 4964 2694 5019 Θεοῦ
2714 4962 2861 5024 ἐντὸς
2880 4959 3031 5030 ὑμῶν
3052 4960 3198 5011 ἐστιν
3215 4975 3228 4987 ο
3260 4977 3277 5008 ›
3297 4956 3628 5009 ἐνδείκνυται

2045 5068 2172 5138 γάρ,
2198 5059 2369 5134 οἶμαι,
2400 5061 2428 5113 ὁ
2461 5059 2615 5126 λόγος
2641 5054 2809 5124 αὐτῷ,
2833 5054 2912 5106 ὅτι
2939 5053 2998 5104 τὸ
3033 5050 3126 5103 τοῦ
3161 5049 3293 5101 Θεοῦ
3331 5047 3532 5115 ἀγαθὸν
3565 5046 3629 5098 οὑ

2043 5160 2320 5227 διώρισται
2345 5153 2443 5222 τῆς
2473 5151 2685 5220 φύσεως
2717 5145 2889 5217 ἡμῶν,
2925 5143 3042 5196 οὐδὲ
3077 5139 3356 5213 πόρρωθέν
3395 5157 3498 5191 που
3521 5138 3632 5190 τῶν

2045 5251 2228 5317 ζητεῖν
2253 5246 2382 5299 αὐτὸ
2417 5239 2858 5314 προαιρουμένων
2881 5233 3221 5305 ἀπῴκισται·
3257 5231 3393 5284 ἀλλά
3424 5231 3480 5282 ἐν
3507 5229 3632 5282 ἐκά-

2047 5359 2156 5410 στῳ
2181 5341 2348 5400 ἐστὶν,
2385 5333 2742 5404 ἀγνοούμενον
2774 5329 2870 5398 μὲν
2912 5327 3005 5380 καὶ
3035 5325 3313 5385 λανθάνον,
3357 5323 3493 5410 ὅταν
3527 5319 3635 5373 ὑπὸ

2053 5409 2160 5484 τῶν
2187 5425 2462 5498 μεριμνῶν
2502 5440 2561 5476 τε
2606 5420 2698 5474 καὶ
2735 5415 2936 5487 ἡδονῶν
2966 5414 3061 5467 τοῦ
3090 5414 3203 5485 βίου
3239 5409 3635 5480 συμπιίγηταυ

2056 5519 2438 5591 εὑρισκόμενον
2464 5515 2518 5570 δὲ
2559 5511 2739 5579 πάλιν,
2771 5511 2896 5564 ὅταν
2934 5507 3014 5570 εἰς
3054 5505 3228 5559 ἐκεῖνο
3259 5502 3354 5572 τὴν
3394 5499 3637 5554 διάνοιαν
