3896 6204
251 306 359 364 $73

249 419 415 491 ἡμῶν
458 420 906 496 ἐπιστρέψωμεν·
952 428 1001 479 εἰ
1046 427 1101 480 δὲ
1131 426 1234 497 χρὴ
1274 425 1367 480 καὶ
1413 426 1478 480 δι’
1515 426 1717 498 ἐτέρων
1755 430 1848 483 τὸν
1878 436 1921 494 Α

249 509 418 580 λόγον
456 512 848 578 πιστώσασθαι,
880 515 1041 570 τοῦτο
1071 517 1167 572 καὶ
1203 518 1263 570 ἐν
1291 520 1358 589 τῇ
1388 515 1723 589 ἁναζητήσει
1753 521 1855 590 τῆς

252 601 637 676 ἀπολλυμένης
681 606 939 680 δραχμῆς
991 610 1125 679 ἡμῖν
1173 609 1525 664 ὑποτίθεσθαι
1571 607 1724 682 οἶμαι
1765 613 1858 666 τὸν

256 693 483 764 Κύριον,
508 695 582 759 ὡς
608 697 760 751 οὐδὲν
795 699 987 768 ὄφελος
1025 701 1091 751 ἐκ
1134 698 1244 752 τῶν
1284 700 1488 755 λοιπῶν
1526 701 1755 774 ἀρετῶν,
1790 702 1857 766 ἃς

253 783 505 856 δραχμὰς
533 790 562 841 ὁ
584 787 743 857 λόγος
780 788 1056 861 ὠνόμασε,
1084 790 1190 844 κᾶν
1228 794 1399 846 πᾶσαι
1446 793 1717 863 παροῦσαι
1760 791 1855 845 τύ-

254 893 412 944 χωσι,
443 878 543 948 τῆς
569 881 700 950 μιᾶς
730 880 945 951 ἐκείνης
967 880 1215 951 ἀπούσης
1248 884 1315 953 τῇ
1346 884 1654 955 χηρευούσῃ
1683 884 1849 956 ψυχῇ.

147 1015 157 1025 ,
253 965 358 1019 Διὰ
388 966 549 1021 τοῦτο
581 970 797 1039 πρῶτον
824 974 922 1043 μὲν
948 973 1142 1029 ᾰπτειν
1184 977 1377 1045 λύχνον
1405 974 1585 1028 ἐλαίου
1620 975 1852 1038 κελεύει,

250 1056 346 1109 τὸν
374 1056 532 1128 λόγον
559 1060 703 1131 τάχα
741 1063 1020 1132 σημαίνων
1063 1066 1156 1120 τὸν
1191 1065 1259 1120 τά
1300 1069 1660 1137 κεκρυμμένα
1687 1066 1854 1136 φωτί-

251 1148 419 1213 ζοντα
436 1166 452 1180 ο
472 1146 595 1204 εἶτα
612 1153 674 1204 ἐν
703 1156 769 1223 τῇ
794 1153 899 1224 ἰδίᾳ
919 1156 1085 1227 οἰκίᾳ,
1110 1156 1404 1220 τουτέστιν,
1439 1158 1498 1209 ἐν
1530 1157 1725 1228 ἐαυτῷ,
1754 1157 1852 1227 ζη-

249 1243 372 1293 τεῖν
393 1241 491 1311 τὴν
506 1243 891 1317 ἀπολλυμένην
913 1247 1182 1320 δραχμήν.
1200 1250 1298 1303 Διὰ
1320 1249 1375 1304 δὲ
1395 1249 1494 1320 τῆς
1514 1249 1853 1321 ζητουμένης

248 1334 503 1405 δραχμῆς
522 1336 624 1408 τήν
652 1336 839 1393 εἰκόνα
869 1341 1084 1405 πάντως
1112 1340 1208 1395 τοῦ
1240 1341 1503 1413 βασιλέως
1529 1342 1849 1410 αἰνίσσεται,

246 1426 350 1497 τὴν
376 1428 500 1499 οὐχὶ
520 1431 802 1497 παντελῶς
830 1434 1233 1505 ἀπολλυμένην,
1261 1435 1397 1490 ἀλλὰ
1428 1438 1852 1509 ὑποκεκρυμμέ-

251 1536 355 1588 νην
380 1524 450 1592 τῇ
479 1524 688 1595 κόπρῳ.
740 1526 961 1597 Κύπρον
1005 1528 1063 1581 δέ
1095 1528 1202 1600 χρὴ
1249 1532 1414 1594 νοεῖν,
1445 1529 1521 1592 ὡς
1548 1523 1723 1600 οἶμαι,
1754 1530 1850 1602 τὴν

249 1613 353 1680 τῆς
384 1614 587 1684 σαρκὸς
625 1615 933 1687 ῥυπαρίαν·
965 1615 1034 1691 ἦς
1078 1620 1531 1692 ἁποσαρωθείσης
1576 1621 1673 1674 καὶ
1714 1623 1849 1675 ἀνα-

254 1700 623 1776 καθαρθείσης
659 1705 748 1759 διὰ
771 1709 872 1778 τῆς
914 1710 1231 1780 ἐπιμελείας
1254 1711 1347 1765 τοῦ
1373 1711 1511 1782 βίου,
1535 1711 1756 1784 ἔκδηλον
1788 1713 1849 1767 τὸ

255 1791 593 1863 ζητούμενον
634 1798 892 1866 γίνεσθαι,
937 1803 1023 1871 ἐφ’
1058 1796 1105 1872 ᾧ
1159 1803 1384 1869 εἰκότως
1423 1804 1597 1877 αὐτήν
1637 1782 1698 1859 τε
1747 1806 1846 1877 τὴν
1882 1782 1923 1836 Β

258 1881 529 1951 εὑροῦσαν
562 1886 767 1957 χαίρειν
811 1889 1013 1961 ψυχὴν,
1052 1892 1147 1945 καὶ
1183 1894 1263 1957 εἰς
1294 1893 1578 1947 κοινωνίαν
1615 1896 1714 1965 τῆς
1757 1896 1849 1949 εὑ-

258 1975 531 2044 φροσύνης
561 1981 1125 2053 συμπαραλαμϐάνειν
1159 1984 1258 2048 τὰς
1290 1985 1559 2054 γείτονας.
1602 1985 1693 2058 Τῷ
1733 1987 1847 2043 ὄντι

256 2064 366 2135 γάρ
401 2068 571 2120 πᾶσαι
596 2070 655 2123 αί
688 2070 925 2126 σύνοικοι
955 2074 1058 2144 τῆς
1100 2074 1278 2146 ψυχῆς
1319 2075 1598 2147 δυνάμεις,
1636 2078 1705 2144 ἃς
1732 2080 1847 2149 γεί-

251 2170 413 2219 τονας
451 2156 547 2211 νῦν
587 2162 1049 2233 προσηγόρευσεν.
1093 2164 1314 2219 ἐπειδάν
1356 2168 1711 2242 ἁνακαλυφθῇ
1750 2172 1847 2226 καὶ

246 2244 505 2319 ἐκλάμψῃ
541 2247 683 2322 αὕτη
728 2253 763 2323 ἡ
813 2254 909 2308 τοῦ
953 2256 1191 2326 μεγάλου
1235 2256 1499 2328 βασιλέως
1547 2260 1732 2327 εἰκὼν,
1777 2262 1846 2334 ἢν

243 2337 305 2403 ἐξ
353 2338 531 2410 ἀρχῆς
571 2340 944 2416 ἐνεσημήνατο
990 2347 1149 2418 ημῶν
1183 2351 1250 2420 τῇ
1294 2349 1509 2422 δραχμῇ
1554 2353 1584 2405 ὁ
1631 2351 1843 2417 πλάσας

244 2429 391 2481 κατὰ
419 2430 590 2499 μόνας
619 2433 718 2494 τὰς
748 2434 975 2505 καρδίας
1025 2437 1204 2508 ἡμῶν,
1253 2440 1375 2493 τότε
1414 2441 1508 2494 ἐπὶ
1551 2440 1650 2512 τὴν
1694 2441 1844 2497 Θείαν

240 2518 466 2591 ἐκείνην
490 2522 666 2592 χαράν
709 2541 771 2577 τε
805 2527 901 2579 καὶ
933 2527 1274 2600 εὐφροσύνην
1317 2531 1841 2604 ἐπιστραφήσονται,

238 2607 323 2678 τῷ
367 2609 637 2682 ἁφράστῳ
687 2614 874 2669 κάλλει
914 2616 1007 2671 τοῦ
1057 2619 1371 2689 εὑρεθέντος
1418 2622 1839 2688 ἐνατενίζουσαι.

246 2716 267 2751 ε
293 2699 619 2772 Συγχάρητε
644 2721 664 2753 ι
690 2704 799 2775 γάρ
822 2724 842 2757 ι
868 2723 977 2777 μοι,
1013 2728 1033 2759 ι
1055 2709 1239 2779 φησὶν,
1276 2729 1295 2762 ι
1322 2712 1404 2766 ὅτι
1424 2707 1582 2785 εὗρον
1601 2714 1702 2787 τὴν
1721 2716 1844 2787 δρα-

241 2789 394 2859 χμὴν
440 2791 510 2861 ἣν
556 2792 834 2850 ἀπώλεσα.
874 2814 895 2847 ι
926 2798 993 2850 Δί
1039 2798 1096 2852 δὲ
1142 2800 1401 2867 γείτονες,
1444 2804 1562 2873 ἤτοι
1606 2804 1842 2861 σύνοικοι

239 2880 345 2950 τῆς
364 2881 547 2953 ψυχῆς
566 2883 824 2956 δυνάμεις
848 2890 941 2942 ἐπὶ
959 2891 1026 2961 τῇ
1053 2891 1268 2963 εὑρέσει
1296 2893 1399 2964 τῆς
1417 2894 1567 2960 θείας
1590 2895 1843 2969 δραχμῆς

240 2971 695 3043 εὐφραινόμεναι,
725 2978 759 3048 ἡ
799 2977 987 3052 λογική
1021 2998 1082 3034 τε
1123 2984 1218 3036 καὶ
1259 2985 1651 3058 ἐπιθυμητικὴ,
1680 2989 1777 3044 καὶ
1806 2991 1842 3062 ἡ

242 3061 401 3147 κατά
416 3062 594 3135 λύπην
623 3083 685 3119 τε
716 3069 809 3121 καὶ
854 3070 1024 3143 ἀργὴν
1073 3074 1398 3147 ἐγγινομένη
1448 3077 1706 3145 διάθεσις,
1745 3081 1841 3135 καὶ

240 3151 298 3205 εἴ
319 3146 471 3217 τινες
499 3154 655 3244 ἄλλαι
684 3137 943 3230 δυνάμεις
972 3137 1078 3216 εἰσὶ
1114 3137 1572 3240 περὶ-τὴνιψυχὴν
1606 3137 1844 3244 θεωρού-
1869 3137 1916 3201 c

244 3257 432 3312 μεναι,
486 3243 710 3309 εἰκότως
752 3246 819 3300 ἂν
864 3244 974 3303 ’καὶ
1020 3251 1170 3321 φίλαι
1213 3249 1354 3309 εῖναι
1397 3243 1729 3329 νομίζονται,
1778 3261 1848 3327 ἃς

242 3331 430 3396 πάσας
459 3334 576 3388 τότε
616 3335 826 3406 χαίρειν
875 3340 933 3392 ἐν
979 3341 1169 3414 Κυρίῳ
1205 3346 1375 3409 εἰκὸς,
1409 3349 1539 3403 ὅταν
1576 3352 1634 3404 αί
1671 3354 1844 3407 πᾶσαι

244 3424 388 3493 πρὸς
415 3424 479 3479 τὸ
510 3426 674 3480 καλόν
699 3444 759 3481 τε
798 3430 894 3484 καὶ
922 3433 1126 3502 ἀγαθὸν
1152 3436 1413 3507 βλέπωσι,
1442 3443 1535 3496 καὶ
1563 3444 1738 3499 πάντα
1762 3447 1845 3510 εἰς

244 3512 406 3660 δόῗν
441 3517 578 3572 Θεοῦ
628 3522 931 3593 ἐνεργῶσι,
987 3528 1184 3598 μηκέτι
1229 3531 1329 3602 τῆς
1383 3533 1657 3605 ἁμαρτίας
1700 3536 1842 3591 ὅπλα

249 3621 306 3660 γι
370 3625 550 3660 ιιεναι.

249 3621 550 3678 τινύμεναι.

312 3784 383 3841 Εἰ
408 3780 507 3839 οὖν
538 3788 671 3861 αὓτη
718 3792 867 3846 ἐστὶν
913 3795 946 3865 ὴ
990 3794 1203 3851 ἐπίνοια
1234 3799 1332 3868 τῆς
1372 3801 1469 3855 τοῦ
1499 3801 1832 3874 ζητουμένου

242 3876 556 3948 εὑρήσεως,
582 3880 616 3947 ἡ
638 3883 733 3951 τῆς
759 3881 909 3949 θείας
951 3887 1160 3950 εἰκόνος
1185 3891 1264 3953 εἰς
1288 3890 1350 3945 τὸ
1374 3892 1598 3963 ἀρχαῖον
1623 3899 1835 3951 ἀποκα-

243 3971 537 4061 τάστασις,
570 3970 666 4039 τῆς
697 3972 789 4027 νῦν
819 3976 877 4029 ἐν
905 3976 985 4047 τῷ
1009 3977 1107 4047 τῆς
1144 3982 1347 4053 σαρκὸς
1372 3984 1530 4056 ῥύπῳ
1560 3988 1834 4061 κεκαλυμ-

248 4059 439 4131 μένης.
475 4062 652 4116 ἐκεῖνο
678 4065 962 4138 γενώμεθα
986 4069 1015 4124 ὃ
1040 4067 1111 4142 ἦν
1139 4074 1288 4144 παρὰ
1325 4075 1425 4147 τὴν
1457 4077 1680 4149 πρώτην
1710 4059 1834 4134 gap.

244 4150 336 4243 τοῦ
358 4150 512 4221 ζωὴν
532 4151 563 4203 ὁ
585 4157 1026 4224 πρωτόπλαστος.
1053 4162 1119 4215 Τί
1146 4159 1239 4217 οὖν
1266 4166 1469 4231 ἐκεῖνος
1491 4163 1592 4239 ἧν;
1622 4171 1835 4243 Γυμνὸς

246 4241 607 4337 “pb-ﬁcit}?
628 4249 838 4337 νεκρῶν
860 4250 1143 4323 δερμάτων
1173 4256 1448 4327 ἐπιϐολῆς,
1466 4261 1525 4313 ἐν
1553 4241 1835 4337 παρρησίᾳ.

168 4332 191 4356 ⁸
240 4329 382 4384 δὲτὸ
410 4332 510 4423 του
556 4335 692 4390 Θεοῦ
737 4343 1029 4412 πρόσωπον
1056 4345 1289 4414 βλέπων,
1320 4348 1474 4403 οὔπω
1506 4351 1563 4406 δέ
1586 4329 1680 4407 διὰ.
1704 4329 1831 4423 γεύλ

242 4435 383 4483 σεως
409 4422 509 4473 καὶ
534 4424 780 4494 ὁράσεως
815 4427 875 4481 τὸ
919 4430 1085 4485 καλὸν
1133 4434 1356 4505 κρίνων,
1388 4436 1524 4490 ἀλλὰ
1550 4422 1831 4509 μόνοντοῦ

239 4510 454 4580 Κυρίου
480 4516 865 4586 κατατρυφῶν,
889 4520 982 4573 καὶ
1003 4522 1068 4593 τῇ
1083 4522 1300 4598 δοθείσῃ
1323 4524 1502 4597 βοηθῷ
1527 4528 1662 4599 πρὸς
1675 4530 1833 4583 τοῦτο

705 4607 909 4702 καθιῖιςΔ
949 4612 1367 4685 ἐπισημαίνεται
1394 4618 1427 4688 ἡ
1460 4617 1580 4673 θεία
1614 4620 1828 4693 Γραφὴ,
1856 4618 1907 4673 D

232 4692 321 4742 ὅτι
372 4692 440 4746 οὐ
497 4695 763 4768 πρότερον
792 4698 961 4771 αὐτὴν
993 4702 1158 4771 ἔγνω,
1205 4707 1334 4777 πρὶν
1363 4708 1703 4781 ἐξορισθῆναι
1735 4692 1828 4766 τοῦ

234 4786 601 4877 παραδείσου,
630 4789 726 4844 καὶ
758 4793 888 4863 πρὶν
917 4795 1134 4867 ἐκείνην
1171 4798 1294 4853 ἀντὶ
1332 4779 1433 4872 τῆς
1461 4779 1738 4874 ἁμαρτίας
1764 4797 1859 4877 ἦν’

226 4874 589 4966 ἀπατηθεῖσα
612 4878 911 4966 μαρτε,
931 4887 998 4956 τῇ
1038 4886 1149 4941 τῶν
1169 4887 1375 4943 ὠδίνων
1395 4896 1639 4966 τιμωρίᾳ
1657 4874 1830 4953 κατα-

220 4964 520 5035 κριθῆναι.
546 4970 624 5021 Δι⁹
647 4965 716 5041 ἧς
752 4973 936 5029 τοίνυν
963 4976 1286 5045 ἀκολουθίας
1313 4981 1419 5047 ἐξω
1441 4964 1829 5057 τοῦήπαραδεί-

218 5071 339 5160 σέιυ
375 5059 732 5160 χεγόνιιμεν,Δ
755 5065 836 5160 τῷ
881 5068 1192 5160 προπάτορι
1229 5075 1706 5145 συνεκδληθέντες,
1735 5081 1831 5134 καὶ

212 5149 339 5201 νῦν
392 5149 485 5242 διά
525 5153 628 5223 τῆς
674 5155 845 5228 αὐτῆς
892 5159 1105 5224 ἔξεστιν
1154 5164 1291 5234 ἡμῖν
1332 5167 1831 5242 παλινδρομήσασιν

208 5241 561 5337 ἐπανελθεῖν
593 5247 690 5301 ἐπὶ
710 5249 811 5321 τὴν
835 5251 1074 5323 ἀρχαίαν
1110 5257 1506 5330 μακαριότητα.
1545 5261 1643 5327 Τίς
1668 5259 1763 5318 οὖν
1792 5266 1827 5337 ἡ

208 5332 573 5428 άιωλουθίας
611 5339 803 5414 Ἡδονὴ
839 5344 962 5398 τότε
993 5345 1063 5399 δι’
1102 5346 1322 5419 ἀπάτης
1363 5352 1692 5427 ἐγγενομένη
1729 5332 1827 5428 τῆς

206 5425 573 5492 ἐκπτώσεως
596 5430 819 5501 ἤρξατο.
852 5431 984 5490 Εἶτα
998 5435 1234 5511 αἰσχύνη
1250 5439 1345 5495 καὶ
1369 5441 1533 5510 φόϐος
1563 5445 1641 5517 τῷ
1663 5425 1825 5504 πάθει

206 5519 333 5588 τῆς
364 5518 569 5589 ἡδονῆς
594 5523 1025 5601 ἐπηκολούθησε,
1070 5532 1167 5588 καὶ
1201 5533 1282 5602 τὸ,
1328 5536 1527 5607 μηκέτι
1559 5538 1747 5597 λοιπὸν
1767 5544 1826 5599 ἐν

298 5689 354 5724 ε’
390 5688 528 5748 Luc.
569 5709 657 5761 xv,
695 5696 746 5753 9.
828 5700 870 5732 "
906 5701 1041 5758 Gen.
1077 5720 1149 5773 tv,
1181 5709 1230 5767 i.

1603 310 1688 366 DE
1726 310 2190 371 VIRGINITATE.

3432 303 3538 363 5τᾶ
3551 296 3567 319 '

1951 432 2227 488 invenitur
2273 447 2398 488 cum
2450 440 2711 499 mentem,
2755 432 3113 500 animumque
3165 432 3416 481 nostrum
3466 424 3535 478 ad

1958 522 2094 577 illud
2138 528 2617 592 converterimus;
2676 525 2762 580 sin
2809 532 2991 579 autem
3025 537 3093 577 ex
3145 519 3272 574 aliis
3317 528 3539 587 quoque

1958 613 2082 681 hoe,
2144 616 2290 686 quod
2350 618 2606 681 dicimus,
2651 616 3037 671 confirmaturi)
3073 613 3140 667 iri
3190 617 3429 681 oportet,
3481 607 3537 659 in

1957 704 2173 759 amissa:
2223 704 2497 761 drachma:
2545 705 2914 776 indagatione,
2977 704 3082 757 hoc
3139 703 3317 772 ipsum
3377 696 3537 752 nobis

1958 791 2247 849 Dominum
2299 798 2595 866 praecipere
2628 811 2850 862 censeo,
2892 795 3049 866 quasi
3082 809 3113 849 e
3170 791 3382 848 caeteris
3424 788 3537 843 vir-

1956 886 2188 950 tutibus,
2218 903 2356 957 quas
2390 889 2683 943 drachmas
2707 889 2798 943 ille
2838 886 3072 951 vocavit,
3096 883 3310 941 etiamsi
3342 894 3537 937 omnes

1955 978 2159 1043 adsint,
2193 979 2286 1033 illa
2318 988 2500 1035 tamen
2534 995 2642 1035 una
2683 986 2893 1035 remota
2925 980 2998 1034 sit
3032 978 3102 1033 ab
3135 976 3318 1030 animo
3347 972 3534 1034 viduo,

1955 1070 2103 1124 nulla
2140 1070 2369 1127 exsistat
2398 1072 2625 1127 utilitas.
2666 1070 2963 1141 Propterea
2992 1070 3270 1125 lucernam
3299 1065 3534 1135 primum

1954 1162 2173 1232 quidem
2233 1162 2639 1233 accendijubet
2702 1182 2717 1220 :
2769 1165 3034 1217 rationem
3102 1159 3248 1215 enim
3299 1156 3537 1211 fortasse

1952 1255 2245 1328 signiﬁcat,
2264 1272 2385 1326 ηοω
2411 1271 2498 1311 res
2517 1255 2782 1319 occultas,
2801 1262 2962 1324 atque
2978 1253 3245 1309 obscuras
3263 1251 3533 1304 illustrat:

1951 1342 2150 1397 deinde
2170 1358 2284 1398 suae
2314 1358 2587 1415 quemque
2620 1343 2789 1408 domi,
2816 1358 3008 1414 nempe
3034 1343 3088 1397 in
3137 1342 3318 1410 seipse
3371 1337 3536 1428 anns-

1950 1449 2066 1490 sam
2101 1435 2418 1490 drachmam
2456 1438 2745 1507 exquirere
2773 1438 2908 1491 vult.
2956 1435 3070 1490 Hac
3098 1448 3231 1490 sane
3259 1431 3537 1487 drachmze

1952 1523 2302 1595 indagatione
2354 1525 2556 1581 summi
2587 1527 2730 1596 regis
2789 1524 3080 1596 imaginem
3113 1522 3276 1575 tacite
3306 1518 3533 1588 intelligi

1948 1625 2188 1688 oportet,
2218 1633 2340 1687 quae
2369 1633 2476 1672 non
2497 1619 2656 1688 plane
2688 1618 2914 1680 amissa,
2937 1615 3033 1672 sed
3069 1616 3172 1670 sub
3198 1613 3325 1667 limo
3348 1609 3535 1665 occul-

1952 1714 2063 1760 tata
2090 1714 2193 1762 est.
2228 1707 2441 1762 Fimum
2473 1722 2619 1771 vero,
2653 1713 2713 1761 ut
2740 1706 3001 1769 arbitror,
3032 1703 3216 1759 carnis
3248 1709 3333 1757 est
3365 1700 3537 1755 inter-

1948 1798 2212 1870 pretanda
2279 1799 2678 1863 immundities,
2735 1799 2897 1868 cuius
2973 1795 3229 1853 sordibus
3287 1790 3534 1864 purgatis

1949 1897 2116 1961 atque
2169 1890 2373 1947 ablutis
2406 1892 2756 1961 perspicuum
2792 1889 2845 1943 id
2882 1888 2960 1952 ﬁt,
3008 1887 3156 1958 quod
3207 1882 3471 1955 quaeritur
3516 1900 3532 1937 :

1945 1998 2057 2055 quo
2082 1983 2326 2047 invento,
2353 1999 2452 2053 par
2484 1992 2568 2039 est
2592 1993 2641 2039 et
2672 1983 2875 2053 ipsum,
2910 1982 3002 2052 qui
3029 1980 3256 2040 invenit.
3285 1976 3534 2031 aniunun

1948 2075 2209 2146 gaudere,
2246 2082 2411 2146 atque
2442 2075 2509 2130 ad
2540 2075 2716 2146 ipsius
2757 2073 2942 2146 gaudii
2980 2072 3295 2129 secietatem
3325 2067 3537 2122 vicinas

1947 2166 2245 2222 asciscere.
2275 2164 2481 2221 Omnes
2512 2166 2657 2221 enim
2696 2180 2756 2221 re
2783 2181 2910 2221 vera
2953 2160 3378 2219 contubernales
3417 2157 3536 2212 ani-

1947 2256 2021 2311 mi
2054 2263 2374 2328 potestates,
2407 2271 2545 2328 quas
2606 2271 2753 2310 nunc
2784 2256 2994 2310 vicinas
3039 2251 3353 2323 appellavit,
3409 2264 3534 2303 cum

1947 2349 2065 2419 ipsa
2110 2350 2295 2421 magni
2354 2349 2500 2421 regis
2531 2349 2797 2419 patefacta
2866 2348 3046 2416 imago
3081 2343 3316 2407 refulsit,
3366 2355 3532 2409 quam

1947 2439 2108 2495 initio
2133 2449 2323 2496 nostra
2354 2439 2618 2495 drachma
2650 2440 2698 2495 is
2736 2437 3087 2510 significavit,
3117 2433 3212 2503 qui
3235 2429 3531 2501 separatim

1946 2539 2138 2587 nostra
2177 2530 2345 2587 corda
2380 2530 2679 2586 eﬂ'ecerat:
2718 2540 2832 2583 ttnu
2893 2525 3268 2583 incredibilem
3319 2521 3396 2577 rei
3446 2520 3535 2575 in-

1945 2629 2121 2678 venta:
2167 2620 2629 2692 pulchritudinem
2663 2620 2768 2675 illm
2796 2626 3006 2674 attente
3069 2615 3431 2685 aspicientes,
3465 2610 3533 2665 ad

1945 2711 2192 2769 divinum
2242 2713 2374 2769 illud
2407 2713 2667 2785 gaudium
2731 2711 3087 2779 laetitiamque
3121 2713 3530 2762 convertentur.

1953 2822 1973 2856 ι
2035 2803 2530 2876 Congratulamini,
2581 2821 2599 2854 ι
2665 2802 2863 2872 inquit,
2902 2821 2921 2852 ι
2991 2798 3145 2859 mihi,
3187 2796 3315 2866 quia
3348 2794 3530 2849 inveni

1945 2895 2287 2961 drachmam,
2325 2909 2488 2966 quam
2532 2893 2871 2964 perdideram
2911 2891 2972 2944 ι’.
3016 2909 3036 2941 ι
3103 2886 3309 2941 Vicina:
3362 2884 3530 2946 enim,

1946 2988 2052 3044 hoc
2073 2994 2179 3054 est,
2208 2986 2665 3043 conturbernales
2694 2982 2861 3037 animi
2920 2986 3243 3053 potestates,
3275 2990 3398 3046 qua:
3445 2973 3532 3028 di-

1943 3080 2072 3136 vina
2104 3079 2366 3136 drachma
2404 3078 2621 3134 inventa
2651 3076 2909 3148 gaudent,
2935 3074 3018 3127 ha:
3052 3072 3247 3127 merito
3276 3083 3400 3125 esse
3434 3082 3534 3136 pu-

1946 3180 2179 3235 tantur,
2232 3172 2374 3226 ratio
2418 3170 2660 3232 scilicet,
2719 3166 3014 3237 appetitio,
3064 3163 3271 3219 doloris
3331 3160 3533 3229 ineque

1946 3260 2283 3327 aﬂ‘ectioncs;
2320 3259 2440 3315 etsi
2468 3273 2590 3328 quae
2617 3257 2738 3311 alia:
2797 3255 3182 3323 intelliguntur
3220 3250 3419 3305 anima:
3447 3247 3530 3302 ra-

1941 3354 2200 3417 cultates,
2232 3350 2430 3405 merito
2461 3348 2652 3404 amicae
2684 3347 2845 3405 etiam
2880 3345 3203 3405 creduntm,
3236 3355 3377 3411 quas
3408 3340 3530 3409 qui~

1941 3443 2063 3499 dem
2112 3456 2307 3496 omnes
2342 3454 2557 3509 aequum
2615 3446 2699 3494 est
2739 3438 2794 3492 in
2844 3435 3076 3490 Domino
3109 3443 3221 3487 tum
3269 3430 3526 3502 gaudere,

1939 3549 2063 3591 cum
2082 3543 2136 3589 et
2169 3533 2234 3588 ad
2260 3533 2574 3593 honestum,
2599 3537 2654 3584 et
2690 3528 2758 3584 ad
2800 3528 3003 3583 bonum
3043 3539 3236 3579 omnes
3262 3530 3529 3577 contuen—

1943 3635 2033 3682 tur
2064 3644 2078 3682 :
2122 3639 2299 3695 neque
2326 3623 2537 3694 peccati
2566 3622 2803 3691 amplius
2832 3634 2983 3674 arma
3011 3627 3161 3681 sunt,
3201 3616 3295 3672 sed
3329 3621 3528 3671 cuncta

1937 3717 2176 3773 alliciunt
2200 3729 2321 3786 qua:
2360 3713 2427 3768 ad
2463 3712 2553 3767 Dei
2587 3711 2816 3782 gloriam
2839 3712 3073 3764 maxime
3109 3714 3382 3778 spectant.

2008 3807 2375 3874 Quamobrem
2400 3805 2446 3859 si
2496 3805 2636 3858 ratio
2663 3803 2778 3858 lucc
2810 3810 2897 3857 est
2939 3799 3254 3855 inveniendi
3304 3799 3356 3854 id
3380 3798 3525 3868 quod
3595 3867 3599 3870 ν

1935 3899 2220 3969 quzeritur,
2255 3906 2314 3951 ut
2346 3896 2591 3950 divinam
2625 3894 2942 3965 imaginem,
2992 3908 3115 3964 qua:
3143 3892 3328 3948 carnis
3359 3891 3528 3948 sordi-

1936 3992 2041 4047 bus
2067 3991 2318 4046 demersa
2344 3990 2418 4044 sit
2460 3988 2513 4042 in
2539 3988 2810 4057 integrum
2840 3990 3194 4040 restituatnus
3222 4003 3235 4039 :
3267 4000 3369 4041 nos
3394 3985 3524 4040 illud

1937 4097 2069 4138 sane
2096 4081 2417 4148 efﬁciamur,
2454 4078 2600 4149 quod
2661 4079 2935 4148 principio
2963 4078 3010 4133 is
3043 4078 3239 4141 fuerat,
3280 4078 3374 4147 qui
3408 4078 3524 4146 pri-

1937 4187 2087 4226 mum
2147 4171 2450 4227 fabricatus
2491 4179 2575 4226 est
2607 4171 2790 4223 homo.
2823 4167 2965 4234 Quid
2994 4169 3162 4237 igitur
3196 4168 3329 4222 illud
3360 4175 3478 4222 erat
3501 4169 3527 4222 'I

1935 4263 2128 4319 Nudus
2150 4263 2370 4333 quidem
2401 4263 2468 4327 is,
2503 4261 2733 4316 necdum
2755 4258 2990 4315 mortuis
3017 4260 3248 4330 pellibus
3267 4261 3520 4326 amictus,

1935 4357 2106 4413 libere
2141 4362 2323 4411 autem
2367 4354 2458 4410 Dei
2492 4352 2688 4408 faciem
2726 4366 2982 4415 cernens,
3015 4367 3193 4422 neque
3233 4353 3413 4407 adhuc
3455 4367 3520 4408 ex

1934 4454 2155 4516 gustatu
2182 4453 2238 4501 et
2261 4452 2485 4515 aspectu
2528 4444 2854 4499 suavitatem
2884 4444 3149 4507 sentiens,
3168 4448 3263 4499 sed
3290 4443 3523 4499 Domino

1934 4539 2111 4595 solum
2144 4536 2470 4599 delectatus,
2499 4534 2906 4605 adjutorioque,
2931 4534 3079 4605 quod
3097 4535 3164 4588 ad
3196 4533 3318 4599 hoc,
3346 4540 3405 4586 ut
3439 4534 3521 4586 di-

1936 4627 2076 4684 vinae
2103 4626 2401 4683 ostendunt
2435 4625 2673 4691 Litterae,
2689 4624 2876 4680 datum
2890 4626 2938 4680 ei
2966 4634 3103 4687 erat.
3142 4624 3306 4681 simul
3337 4633 3517 4680 utens.

1928 4718 2048 4774 Non
2079 4718 2226 4774 enim
2268 4718 2423 4789 prius
2466 4715 2633 4771 Evam
2674 4717 2952 4785 cognovit,
2993 4731 3159 4786 quam
3207 4730 3238 4770 e
3264 4714 3521 4785 paradiso

1927 4809 2193 4881 expulsus
2226 4809 2403 4875 est",
2432 4805 2635 4879 illaque
2682 4807 2936 4863 dolorum
2984 4816 3177 4877 partus
3247 4805 3521 4876 supplicio

1926 4901 2185 4958 damnata
2206 4910 2356 4958 esset
2380 4901 2453 4956 ob
2480 4908 2789 4972 peccatum,
2818 4898 2973 4983 quod
2992 4899 3120 4954 dolo
3143 4898 3518 4954 circumventa

1928 4994 2245 5050 admiserat.
2278 4996 2420 5064 Ergo
2454 5009 2564 5066 qua
2599 5007 2733 5050 sane
2759 4993 2846 5046 via
2873 5008 2904 5046 e
2934 4991 3194 5062 paradiso
3234 4992 3394 5063 primi
3427 5008 3519 5046 no-

1926 5087 2029 5143 stri
2063 5089 2309 5159 parentis
2337 5101 2504 5142 causa
2538 5101 2642 5142 nos
2668 5086 2829 5157 eiecti
2852 5100 3066 5149 sunms,
3106 5085 3297 5141 eadem
3332 5083 3515 5154 profc-

1924 5187 2019 5233 cto
2054 5179 2214 5235 nobis
2261 5178 2407 5242 licet,
2437 5177 2484 5233 si
2515 5194 2712 5235 rursus
2745 5178 2799 5233 in
2829 5192 2996 5232 cursu
3019 5176 3251 5242 erimus,
3301 5176 3368 5229 ad
3400 5173 3515 5245 pri-

1928 5269 2128 5325 stinam
2187 5268 2581 5325 beatitudinem
2639 5269 2839 5326 redire.
2874 5266 3008 5335 Quae
3061 5267 3229 5336 igitur
3272 5266 3359 5321 via
3392 5265 3517 5321 est?

1934 5358 2196 5431 Voluptas
2228 5368 2344 5415 tum
2380 5361 2601 5432 quidem
2668 5359 2879 5426 fraude,
2910 5359 3148 5429 dol0que
3205 5357 3452 5421 inducta,
3482 5371 3513 5412 a

1929 5461 2172 5523 peccato,
2204 5451 2430 5524 lapsuve
2462 5452 2678 5511 initium
2725 5451 2951 5516 habuit;
3001 5449 3202 5506 deinde
3238 5449 3435 5519 pudor,
3459 5458 3515 5505 et

1933 5543 2455 5617 metusbvoluptatis
2489 5544 2746 5603 affectum
2798 5540 3083 5601 consecuti
3111 5550 3263 5610 sunt,
3321 5548 3541 5600 utnon.
