3896 6204
381 319 491 379 3ἳό

1620 322 1676 379 S.
1711 274 2033 379 CREGORII
2070 322 2359 382 NYSSENI

3502 320 3617 382 576

381 440 646 495 auderent
699 455 864 511 porro
916 441 971 496 in
1002 449 1303 514 conspectu
1336 442 1569 515 amplius
1612 442 1760 501 illius
1807 458 1946 507 esse,

2052 447 2346 519 ὀφθαλμοῖς
2372 418 2575 520 τολμᾷν
2606 446 2743 502 εἶναι
2774 447 2867 503 τοῦ
2909 449 3211 514 κτίσαντος,
3241 448 3379 504 ἀλλὰ
3403 449 3617 517 φύλλοις

378 533 472 602 qui
497 548 594 589 eos
629 534 956 603 procreavit,
983 535 1078 591 sed
1095 535 1260 599 loliis,
1287 535 1606 606 umbrisque
1633 551 1754 591 sese
1786 550 1951 591 occu-

382 624 578 687 lerent,
631 638 696 678 ac
730 624 961 680 mortuis
995 624 1191 682 deinde
1236 627 1467 698 pellibus
1494 643 1553 683 se
1578 636 1947 698 contegerent.

380 716 557 784 Atque
589 715 662 768 ita
692 715 746 770 in
784 715 1096 786 pestiferam
1121 717 1260 770 hanc
1294 718 1567 787 regionem
1596 716 1951 788 laborumque

377 807 618 876 plenam,
666 808 721 862 in
756 822 862 877 qua
903 807 1168 863 moriendi
1223 809 1477 862 solatium
1507 817 1592 864 est
1634 810 1950 879 conjugium

379 900 686 962 inventum,
718 901 915 955 incolae
952 901 1133 966 ambo,
1163 910 1325 969 atque
1356 901 1694 957 habitatores
1724 903 1951 955 mittun-

378 997 488 1044 tur.
513 992 876 1056 Quamobrem
901 992 945 1046 si
970 991 1211 1045 futurum
1240 999 1345 1054 est,
1381 1000 1441 1044 ut
1466 1006 1564 1046 nos
1592 992 1719 1046 hinc
1746 992 1950 1047 dissol-

376 1097 592 1145 vamur,
627 1092 787 1153 atque
817 1098 940 1137 cum
970 1084 1192 1137 Christo
1226 1083 1418 1148 simus,
1445 1082 1514 1137 ab
1535 1083 1724 1137 ultima
1758 1098 1952 1138 rursus

379 1173 741 1230 dissolutione
790 1173 1009 1244 expedit
1050 1189 1153 1229 nos
1199 1174 1459 1230 exordiri.
1495 1172 1566 1229 Ut
1602 1174 1746 1230 enim
1797 1176 1891 1243 qui
1924 1189 1952 1227 a

379 1268 552 1336 patria
588 1269 775 1336 procul
811 1265 1135 1337 pcregrinati
1175 1276 1323 1329 sunt,
1368 1281 1490 1320 cum
1518 1266 1584 1320 ad
1613 1281 1736 1320 cum
1772 1267 1951 1335 ipsum

379 1357 558 1411 locum
600 1366 966 1423 revertuntur,
1005 1357 1150 1412 unde
1177 1356 1772 1427 profectisunt,primo
1800 1358 1950 1411 illum

377 1448 558 1502 locum
594 1448 930 1518 relinquunt,
968 1464 1076 1518 quo
1110 1456 1391 1519 postremo
1428 1459 1825 1520 pervenerunt:
1880 1450 1953 1504 ita

2050 539 2144 594 καὶ
2199 543 2379 604 σκιαῖς
2431 540 2911 611 ύποκρύπτεσθαι·
2948 540 3178 610 δέρμασι
3212 543 3425 611 νεκροῖς
3481 541 3623 610 μετὰ

2046 628 2219 683 ταῦτα
2274 629 2784 701 περικαλύπτονται.
2835 632 2944 684 Καὶ
2982 630 3152 694 οὕτως
3189 633 3269 695 είς
3299 631 3360 684 τὸ
3391 631 3627 694 νοσῶδες

2048 720 2204 774 τοῦτο
2247 722 2341 774 καὶ
2371 720 2624 775 ἐπίπονον
2655 721 2851 793 χωρίον
2879 722 3099 776 ἄποικοι
3128 722 3451 792 πέμπονται,
3490 723 3550 773 ὲν

2049 815 2077 866 ό
2122 813 2299 884 γάμος
2344 814 2664 884 παραμυθία
2701 814 2793 867 τοῦ
2850 815 3214 884 ἀποθνήσκειν
3238 813 3530 882 ἐπενοήθη.
3561 811 3629 865 ΕΞ

2050 900 2144 957 οὖν
2197 903 2459 975 μέλλομεν
2514 905 2763 959 ἀναλύειν
2808 905 3077 968 ἐντεῦθεν,
3132 905 3226 959 καὶ
3260 907 3355 957 σὺν
3398 903 3629 974 Χριστῷ

2050 991 2318 1059 γίνεσθαι,
2347 992 2508 1046 πάλιν
2533 996 2596 1045 ἐκ
2625 993 2720 1045 τοῦ
2743 993 3051 1047 τελευταίου
3078 995 3341 1064 προσήκει
3373 993 3471 1061 τῆς
3499 994 3633 1045 ἀνα-

2050 1081 2256 1144 λύσεως
2284 1083 2584 1153 ἄρξασθαι·
2621 1082 2811 1154 ὥσπερ
2853 1086 2902 1137 οἱ
2951 1084 3059 1136 τῶν
3104 1085 3318 1137 οἰκείων
3348 1081 3631 1147 ἀποξενω-

2052 1172 2255 1238 θέντες,
2284 1174 2502 1227 ὲπειδὰν
2523 1176 2921 1243 ὲπιστρέφωσιν
2945 1175 3066 1227 ὅθεν
3085 1175 3314 1246 ὡρμήθη
3325 1192 3439 1234 σαν,
3467 1173 3628 1245 πρῶ-

2047 1263 2141 1315 ’τον
2188 1264 2389 1316 ἐκεῖνον
2441 1262 2826 1317 καταλείπουσι
2881 1263 2972 1316 τὸν
2999 1263 3195 1328 τόπον,
3318 1263 3632 1315 τελευταῖον

2053 1353 2330 1427 προϊόντες
2364 1356 2636 1424 ἐνέτυχον.
2681 1354 2832 1407 Ἐπεὶ
2859 1348 2952 1407 οὖν
2998 1352 3092 1405 τοῦ
3125 1352 3404 1424 χωρισμοῦ
3428 1351 3533 1420 τῆς
3566 1353 3630 1403 ὲν

2050 1448 2128 1518 τῷ
2145 1447 2455 1520 παραδείσῳ
2477 1447 2797 1520 [διατριϐῆς]
2819 1448 2963 1519 ζωῆς
2981 1447 3043 1501 τὸ
3067 1447 3372 1501 τελευταῖον
3393 1446 3421 1495 ό
3445 1445 3633 1512 γάμος

2052 1539 2187 1603 ἐστὶ,
2220 1539 2405 1592 τοῦτον
2437 1542 2649 1610 πρῶτον
2678 1543 3014 1605 καταλιπεῖν,
3039 1539 3224 1609 ὥσπερ
3243 1537 3361 1591 τινὰ
3383 1534 3634 1603 σταθμὸν

2052 1628 2297 1699 ἔσχατον,
2318 1632 2429 1692 τοῖς
2456 1632 2590 1701 πρὸς
2617 1631 2707 1683 τὸν
2728 1630 2958 1703 Χριστὸν
2981 1628 3298 1682 ἀναλύουσιν
3332 1625 3634 1694 ὑφηγεῖται

378 1539 634 1607 quoniam
672 1549 876 1593 nostra:
919 1539 971 1593 in
1009 1539 1265 1609 paradiso
1304 1539 1427 1593 vitae
1459 1541 1826 1606 separationis
1854 1556 1950 1610 po-

377 1638 643 1684 stremum
670 1636 755 1683 est
778 1628 1113 1699 eonjugium,
1156 1629 1261 1684 hoc
1299 1629 1476 1698 ipsum
1506 1629 1762 1698 primum,
1797 1632 1951 1699 quasi

377 1731 714 1790 postremum
767 1720 985 1790 aliquod
1036 1720 1426 1782 diversorium,
1476 1721 1806 1790 relinquere.
1837 1721 1946 1774 haec

2051 1721 2079 1773 ό
2112 1721 2267 1788 λόγος
2294 1738 2308 1753 ·
2342 1718 2459 1774 εἶτα
2496 1722 2594 1790 τῆς
2640 1723 2769 1794 περὶ
2812 1723 2909 1792 τὴν
2948 1722 3049 1791 γῆν
3081 1716 3451 1786 ταλαιπωρίας
3496 1715 3637 1766 ἀνα-

376 1812 553 1869 oratio
580 1822 766 1868 monet
783 1827 880 1867 eos
913 1813 1004 1882 qui
1042 1813 1106 1866 ad
1123 1812 1400 1868 Christum
1432 1812 1657 1868 redeunt
1714 1831 1726 1868 :
1759 1813 1946 1868 deinde

2054 1813 2320 1884 χωρῆσαι,
2415 1811 2695 1881 ὲνιδρύνθη
2749 1810 2887 1881 μετὰ
2924 1812 3024 1881 τὴν
3055 1807 3325 1878 ἁμαρτίαν
3355 1807 3382 1856 ό
3413 1804 3638 1874 ἄνορωο

376 1920 407 1958 a
459 1905 681 1961 miseria
715 1903 1026 1958 excolenda:
1058 1911 1219 1959 teme
1249 1906 1544 1975 segregari,
1595 1905 1649 1958 iu
1698 1919 1805 1974 qua
1832 1911 1946 1974 post

2056 1919 2154 1965 πος
2174 1919 2188 1932 ο
2210 1901 2304 1954 ἐπὶ
2327 1901 2500 1971 τούτῳ
2517 1900 2620 1966 ἔξω
2649 1901 2756 1953 τῶν
2778 1901 2875 1970 τῆς
2912 1900 3111 1970 ὄαρκὸς
3144 1896 3638 1967 προκαλυμμάτων

375 2000 658 2073 peccatum
685 1992 845 2046 homo
864 2000 950 2047 est
978 1994 1298 2059 collocatus;
1315 1994 1510 2048 deinde
1529 2004 1583 2048 ut
1604 1995 1785 2048 carnis
1798 1993 1946 2049 invo-

2053 1994 2326 2062 γενέσθαι,
2371 1993 2497 2056 τοὺς
2548 1993 2902 2063 δερματίνους
2944 1990 3194 2061 χιτῶνας,
3255 1987 3525 2047 τουτέστι,
3571 1984 3641 2035 τὸ

377 2085 532 2139 lucra
564 2097 957 2149 removeamus,
992 2093 1046 2138 et
1068 2092 1245 2139 vestes
1274 2084 1547 2154 pelliceas,
1590 2085 1692 2139 hoc
1736 2092 1822 2139 est
1841 2099 1946 2139 car-

2055 2085 2307 2156 φρόνημα
2358 2085 2458 2154 τῆς
2512 2084 2711 2154 σαρκὸς
2765 2081 3276 2149 ἁπεκδυσαμένους·
3309 2078 3401 2131 καὶ
3442 2077 3643 2130 πάντα

376 2173 461 2228 nis
485 2173 824 2243 prudentiam
850 2188 1136 2239 exuamus,
1155 2184 1205 2228 et
1234 2174 1414 2228 omnia
1443 2174 1653 2228 occulta
1672 2173 1946 2230 dedecoris

2053 2175 2462 2252 ἀπειπαμένους
2498 2177 2568 2228 τὰ
2611 2174 2829 2245 κρυπτὰ
2859 2175 2958 2243 τῆς
3003 2169 3289 2240 αἰσχύνης,
3327 2168 3527 2237 μηκέτι
3562 2168 3641 2236 τῇ

376 2264 716 2328 abdicemus,
769 2279 876 2319 nou
905 2264 1115 2319 acerba:
1156 2264 1391 2334 amplius
1419 2265 1582 2334 hujus
1615 2266 1763 2331 vita),
1795 2268 1946 2335 quasi

2055 2270 2190 2339 συκῇ
2218 2266 2310 2320 τοῦ
2338 2265 2534 2336 πικροῦ
2583 2265 2694 2335 βίου
2746 2262 3193 2323 ὑποσκιαζεσοαι,
3236 2259 3349 2313 ἀλλ’
3387 2258 3640 2329 ἁπορρίο

377 2356 463 2410 lici
500 2356 712 2411 umbris
742 2371 863 2411 sese
885 2356 1184 2421 occultent,
1209 2356 1302 2411 sed
1332 2356 1599 2425 depositis
1615 2357 1946 2427 abjectisquc

2051 2357 2255 2427 ψαντας
2297 2357 2370 2410 τὰ
2406 2358 2469 2409 ὲκ
2516 2355 2624 2409 τῶν
2671 2354 3021 2426 προσκαίρων
3057 2351 3259 2406 τούτων
3288 2347 3501 2417 φύλλων
3528 2348 3641 2417 τῆς

377 2447 541 2516 hujus
571 2447 792 2501 caducae
819 2448 938 2500 vita:
972 2446 1224 2501 foliorum
1257 2445 1665 2516 integumentis,
1688 2446 1741 2499 in
1775 2446 1946 2501 oculis

2052 2447 2199 2518 ζωῆς
2250 2447 2711 2518 προκαλύμματα.
2752 2448 2810 2498 ὲν
2845 2443 3139 2513 ὀφθαλμοῖς
3180 2439 3422 2510 γίνεσθαι
3457 2438 3644 2491 πάλιν

373 2546 663 2595 versentur
712 2540 851 2607 ejus,
896 2539 987 2608 qui
1044 2539 1166 2594 illos
1216 2538 1553 2608 procreavit;
1590 2552 1655 2592 ao
1682 2537 1946 2603 fraudem,

2051 2539 2144 2593 τοῦ
2171 2538 2474 2600 κτίσαντος,
2499 2538 2600 2607 τήν
2636 2553 2695 2589 τε
2750 2534 2892 2589 κατὰ
2920 2532 3107 2602 γεῦσιν
3130 2533 3224 2585 καὶ
3254 2522 3373 2599 ww
3405 2528 3644 2597 ἀπάτην

372 2644 496 2700 qua:
525 2644 592 2685 ex
640 2639 857 2698 gustatu
893 2636 1226 2698 aspectuque
1251 2626 1578 2696 concipitur,
1621 2641 1741 2680 eam
1791 2626 1946 2696 plane

2051 2629 2394 2693 ἀπώσασθαι,
2432 2628 2732 2699 σύμϐουλον
2762 2626 2944 2680 οὐκέτι
2973 2625 3060 2678 τὸν
3083 2624 3286 2677 ίοόόλον
3313 2622 3452 2691 ὅφιν,
3490 2619 3641 2673 ἀλλὰ

373 2721 637 2790 repellant
661 2737 676 2785 ;
709 2718 761 2772 in
788 2717 1188 2788 consiliumque
1215 2730 1321 2769 nou
1347 2715 1581 2784 amplius
1611 2730 1946 2770 venenosum

2051 2721 2150 2794 τὴν
2177 2721 2394 2792 ἐντολὴν
2417 2721 2511 2773 τοῦ
2546 2719 2680 2772 Θεοῦ
2735 2718 2900 2787 μόνην
2929 2718 3091 2787 ἔχειν.
3129 2715 3276 2783 Αὕτη
3310 2713 3366 2766 δέ
3395 2714 3542 2777 ἐστι,
3570 2712 3641 2765 τὸ

373 2818 707 2881 serpentem,
757 2807 853 2863 sed
902 2806 994 2861 Dei
1049 2816 1380 2875 prmecptum
1423 2805 1601 2860 solum
1632 2804 1945 2860 adhibeant.

2055 2814 2215 2884 μόνου
2246 2812 2338 2864 τοῦ
2369 2809 2531 2864 καλοῦ
2555 2808 2822 2864 ἅπτεσθαι
2841 2824 2853 2836 ·
2885 2808 2985 2876 τὴν
3004 2806 3061 2858 δὲ
3089 2806 3197 2858 τῶν
3221 2802 3469 2873 πονηρῶν
3499 2802 3641 2869 γεῦ-

373 2899 512 2955 Illud
543 2899 686 2954 enim
741 2904 848 2960 est,
901 2904 961 2950 ut
1014 2894 1245 2950 honesta
1277 2898 1540 2947 duntaxat
1582 2893 1946 2964 attingamus;

2053 2923 2137 2958 σιν
2190 2902 2551 2959 ἀπώσασθαιο
2607 2900 2684 2963 ὡς
2741 2898 2948 2953 ἐκεῖθεν
2997 2900 3130 2967 ἡμῖν
3162 2897 3263 2965 τῆς
3299 2894 3404 2949 τῶν
3430 2892 3643 2947 κακῶν

373 2997 594 3061 gustum
647 3001 775 3040 vero
813 2985 1077 3039 malarum
1137 2998 1316 3038 rerum
1363 2992 1738 3051 aspernemur,
1790 2985 1946 3053 quasi

2051 2994 2368 3057 ἀκολουθίας
2408 2993 2582 3064 ἀρχὴν
2633 2989 2920 3060 λαϐούσης,
2956 2991 3019 3040 ὲκ
3060 2987 3155 3040 τοῦ
3197 2987 3271 3057 μὴ
3306 2983 3538 3052 θελῆσαι
3572 2983 3641 3036 τὸ

374 3076 689 3147 huiusmodi
738 3091 941 3139 rerum,
981 3089 1101 3143 qua:
1150 3074 1203 3127 in
1238 3074 1396 3128 malis
1441 3080 1591 3139 sunt,
1628 3089 1761 3130 usus
1789 3090 1852 3129 ex
1880 3090 1946 3129 eo

2051 3088 2219 3141 κακὸν
2245 3088 2527 3157 ἀγνοῆσαι.
2567 3083 2660 3136 Διὸ
2691 3083 2787 3136 καὶ
2823 3079 3108 3151 ἁπεῤῥήθη
3151 3080 3261 3140 τοῖς
3304 3074 3641 3163 πρωτοπλά-

374 3170 590 3225 initium
627 3168 844 3229 habeat,
874 3165 1129 3235 quoniam
1172 3166 1371 3218 malum
1412 3179 1513 3218 nos
1558 3164 1809 3234 ignorare
1845 3181 1946 3221 uo-

2051 3194 2197 3240 στοις
2222 3177 2283 3229 τὸ
2322 3154 2408 3246 μὴ’
2443 3175 2580 3244 μετὰ
2631 3172 2723 3226 τοῦ
2761 3172 2929 3225 καλοῦ
2965 3169 3059 3223 καὶ
3104 3168 3201 3239 τὴν
3227 3168 3334 3219 τῶν
3363 3154 3641 3219 ἐναντίων

373 3260 596 3316 luimus.
631 3257 818 3327 Itaque
864 3256 994 3311 illud
1024 3257 1213 3326 primis
1245 3254 1561 3326 parentibus
1619 3264 1945 3326 praeceptum

2051 3269 2247 3339 γνῶσιν
2270 3268 2451 3322 λαϐεῖν
2475 3283 2488 3297 '
2518 3266 2629 3320 ἀλλ’
2659 3263 2994 3334 ἀποσχέσθαι
3017 3260 3223 3331 μὲντοῦ
3248 3256 3491 3326 γνωστοῦ
3522 3272 3643 3309 καφ

371 3360 477 3415 esl,
507 3359 567 3404 ut
600 3365 668 3404 ne
699 3364 803 3402 una
845 3363 968 3402 cum
1000 3347 1142 3401 bono
1172 3361 1354 3400 rerum
1400 3346 1799 3400 contrariarum
1850 3363 1946 3402 co-

2051 3362 2140 3415 λοῦ
2172 3361 2343 3414 τεκαὶ
2366 3358 2624 3431 πονηροῦ,
2651 3357 2890 3427 καθαρὸν
2911 3354 2966 3406 δὲ
2999 3353 3093 3408 καὶ
3116 3351 3310 3422 ἀμιγὲς
3339 3349 3428 3402 καὶ
3445 3350 3642 3418 ἀμέτ·

372 3443 671 3515 gnitiouem
703 3447 982 3509 caperent,
1021 3437 1117 3493 sed
1150 3453 1179 3491 a
1203 3438 1433 3492 scientia
1466 3444 1521 3492 et
1547 3438 1698 3502 boni,
1731 3447 1786 3492 et
1818 3439 1946 3493 mali

2051 3471 2170 3524 οχον
2224 3452 2319 3506 τοῦ
2353 3450 2523 3505 κακοῦ
2551 3450 2610 3503 τὸ
2648 3447 2854 3516 ἀγαθὸν
2883 3443 3242 3515 καρποῦσθαι.
3270 3443 3442 3509 Ὅπερ
3469 3439 3645 3494 οὐδὲν

372 3535 733 3590 abstinerent.
769 3545 1014 3600 puroque
1055 3538 1109 3582 et
1158 3529 1417 3598 simplici,
1469 3543 1645 3598 neque
1675 3544 1800 3584 cum
1839 3530 1946 3584 ulla

2051 3546 2175 3602 ἄλλο
2198 3545 2365 3606 ἐστὶν,
2395 3542 2470 3607 ὥς
2486 3559 2549 3610 γε
2571 3542 2600 3595 ὁ
2624 3539 2754 3610 ὲμὸς
2778 3537 2953 3606 λόγος,
2983 3535 3015 3604 ἢ
3048 3534 3183 3604 μετὰ
3213 3532 3305 3585 τοῦ
3329 3529 3462 3583 Θεοῦ
3482 3527 3645 3586 εἶναι

372 3623 500 3677 mali
528 3631 679 3691 parte
717 3619 1011 3689 conjuncta
1032 3616 1179 3673 bono
1212 3619 1524 3671 lruerentur
1557 3636 1569 3670 :
1620 3619 1764 3687 quod
1793 3634 1945 3684 sane,

2053 3638 2230 3708 μόνον,
2262 3635 2356 3688 καὶ
2412 3633 2613 3702 ταύτην
2667 3629 2943 3683 ἄπαυστον
2975 3626 3119 3696 ἔχειν
3148 3623 3240 3677 καὶ
3271 3620 3487 3689 διηνεκῆ
3524 3621 3646 3689 τὴν

374 3724 434 3767 ιιι
473 3729 589 3767 mea
627 3711 731 3766 σει-ι
774 3707 1066 3771 sententia,
1099 3708 1323 3778 perinde
1375 3716 1481 3773 est,
1512 3724 1576 3764 ac
1607 3712 1783 3765 solum
1821 3725 1945 3764 cum

2051 3707 2278 3798 τρυφὴν,
2313 3725 2406 3778 καὶ
2438 3723 2631 3793 μηκέτι
2671 3714 3166 3788 συγκαταμιγνύειν
3208 3716 3274 3784 τῇ
3323 3710 3643 3764 ἀπολαύσει

372 3805 485 3858 Deo
517 3817 659 3865 esse,
692 3808 1117 3871 perpetuamque
1146 3808 1199 3854 et
1234 3800 1622 3869 sempiternam
1677 3800 1818 3854 hanc
1849 3800 1945 3855 de-

2051 3818 2219 3890 ταύτῃ
2264 3815 2335 3868 τὰ
2382 3816 2517 3885 πρὸς
2556 3812 2618 3865 τὸ
2666 3804 2905 3863 ἐναντίον
2934 3807 3254 3877 ἀφέλκοντα.
3296 3804 3402 3857 Καὶ
3436 3804 3487 3854 εί
3514 3804 3643 3874 χρὴ

374 3896 714 3950 iactationem
756 3894 976 3956 habere,
1018 3907 1118 3947 nec
1141 3908 1259 3961 quae
1280 3892 1345 3946 ad
1379 3893 1709 3947 contrariam
1738 3901 1945 3962 partem

2051 3910 2421 3981 τολμήσαντας
2467 3907 2661 3970 εἰπεῖν,
2691 3905 2829 3975 τάχα
2866 3902 3038 3964 οὕτως
3068 3900 3133 3953 ἄν
3159 3916 3244 3961 τις
3269 3896 3376 3950 ἀπὸ
3403 3894 3500 3947 τοῦ
3526 3896 3635 3947 κό-

374 3996 642 4056 spectant,
667 4000 789 4039 cum
813 3986 915 4038 hac
947 3985 1062 4055 ipsa
1088 3985 1357 4039 suavitate
1392 3986 1818 4040 communicare.
1848 3985 1946 4037 At-

2051 4020 2211 4069 σμου,
2250 4002 2308 4065 ὃς
2361 4003 2418 4054 ὲν
2455 3999 2531 4068 τῷ
2575 3997 2793 4069 πονηρῷ
2820 3998 3017 4058 κεῖται,
3052 3991 3322 4063 ἁρπαγείη
3350 3987 3515 4039 πάλιν
3542 3989 3644 4049 εξς

372 4054 481 4147 que
526 4077 572 4131 si
606 4076 897 4131 conﬁdenti
930 4054 1111 4129 animo
1150 4075 1296 4143 loqui
1354 4074 1531 4137 decet,
1582 4073 1816 4130 fortasse
1845 4075 1946 4130 hoc

2051 4054 2137 4147 τόν
2173 4054 2519 4164 παράδεισον,
2548 4092 2605 4142 ὲν
2626 4084 2670 4157 ᾧ
2706 4054 2799 4142 καὶ
2833 4086 3040 4148 Παῦλος
3076 4085 3381 4152 γενόμενος,
3413 4079 3649 4147 ἤκουσὲ

374 4169 450 4222 ita
482 4177 586 4229 est.
611 4183 674 4221 ac
706 4168 750 4222 si
773 4167 898 4237 quis
931 4181 960 4220 a
995 4164 1197 4220 mundo
1220 4166 1344 4228 hoc,
1371 4164 1463 4234 qui
1496 4164 1550 4219 in
1587 4165 1822 4234 maligno
1854 4180 1946 4234 po-

2051 4205 2106 4241 τε
2163 4188 2255 4242 καὶ
2314 4186 2389 4238 ῖδε
2449 4184 2518 4238 τὰ
2550 4184 2764 4255 ἄρρητα
2802 4181 2896 4235 καὶ
2927 4178 3148 4241 ἀθέατα,
3187 4176 3221 4230 a
3252 4175 3351 4227 ούκ
3382 4171 3504 4236 ἐξὸν
3528 4173 3646 4225 ἁν-

373 4262 512 4316 situs
540 4267 641 4322 est,
666 4259 719 4314 in
740 4258 1048 4328 paradisum
1067 4273 1261 4314 rursus
1292 4260 1556 4327 rapiatur,
1579 4258 1725 4329 quod
1749 4258 1946 4312 Paulus

2051 4279 2251 4351 θρώπῳ
2289 4277 2536 4348 λαλῆσαι.

373 4348 624 4405 sublatus
681 4346 888 4402 audivit
940 4356 995 4401 et
1064 4346 1197 4401 vidit
1248 4362 1370 4417 quae
1447 4363 1625 4415 neque
1691 4346 1944 4415 exprimi.

371 4439 708 4510 nequecerni
728 4446 980 4516 missum,
1002 4453 1176 4508 neque
1203 4438 1284 4494 fas
1307 4448 1391 4494 est
1414 4441 1683 4493 hominem
1709 4439 1853 4507 Ιοιμιὶ
1878 4440 1938 4492 η.
1979 4463 2019 4515 υ

952 4571 1182 4626 CAPUT
1212 4571 1344 4625 Xlll.

483 4661 849 4733 Virginitatem
894 4674 1187 4716 exemmam
1224 4680 1336 4718 esse
1361 4664 1543 4716 mortis
1582 4663 1837 4719 dontiuio.

2630 4559 2880 4612 ΚΕΦᾹΛ.
2924 4556 3018 4610 ll".

2046 4657 2174 4708 ’Ότι
2200 4653 2239 4721 ἡ
2272 4652 2557 4721 παρθενίη
2577 4647 2991 4721 κρείττιοιίτῆς
3023 4644 3128 4700 τοῦ
3151 4642 3410 4699 θανάτου
3439 4639 3649 4695 δυνα-

2620 4721 2825 4784 στείας
2850 4719 3042 4771 ἐστίν.

2124 4816 2260 4870 Ἀλλ’
2287 4813 2473 4885 ἐπειδὴ
2492 4813 2521 4864 ὁ
2541 4810 2864 4882 παράδεισος
2882 4808 3096 4873 ζώντων
3113 4805 3260 4858 ἐστὶν
3285 4803 3649 4873 οἰκητήριον,

2043 4911 2164 4971 τοὺς
2180 4908 2265 4962 διὰ
2281 4908 2380 4978 τῆς
2398 4904 2667 4977 ἁμαρτίας
2682 4900 3053 4972 νεκρωθέντας
3066 4899 3128 4951 ού
3150 4894 3595 4968 προσδεχόμενος
3622 4910 3643 4925 ο

2044 5001 2202 5071 ἡμεῖς
2230 4998 2287 5051 δὲ
2319 4998 2563 5067 σάρκινοι
2602 4993 2870 5057 ὄντεςοκαὶ
2899 4990 3101 5059 θνητοὶ,
3137 4986 3479 5057 πεπραμένοι
3517 4984 3645 5038 ὑπὸ

2041 5093 2139 5162 τῆς
2165 5089 2435 5160 ἁμαρτίας
2461 5104 2475 5117 ο
2506 5086 2623 5149 πῶς
2678 5085 2824 5138 ἐστιν
2862 5084 2919 5135 ὲν
2956 5085 3023 5152 τῇ
3062 5078 3214 5151 χώρᾳ
3253 5078 3361 5130 τῶν
3401 5075 3643 5139 ζώντων

2044 5180 2289 5251 γενέσθαι
2317 5179 2408 5232 τὸν
2431 5180 2496 5248 τῇ
2529 5176 2817 5246 δυναστείᾳ
2830 5173 2923 5228 τοῦ
2959 5171 3185 5226 θανάτου
3216 5166 3637 5236 κρατούμενον;

2044 5274 2202 5325 Ποῖον
2226 5270 2424 5341 τρόπον
2441 5267 2533 5321 καὶ
2560 5266 2711 5319 ποίαν
2740 5264 2982 5319 ἐπίνοιαν
3006 5261 3215 5330 ἐξεύροι
3244 5275 3324 5320 τις
3352 5257 3440 5319 ἂν,
3475 5258 3645 5319 ὅπως

2048 5364 2144 5433 τῆς
2197 5361 2442 5427 ἐξουσίας
2490 5358 2693 5426 ταύτης
2743 5356 2847 5421 ἔξω
2882 5355 3201 5425 γενήσεταις
3269 5348 3406 5400 Ἀλλ’
3461 5346 3647 5416 ἀρκεῖ

2050 5454 2266 5514 πάντως
2305 5449 2556 5520 καὶπρὸς
2583 5446 2742 5500 τοῦτο
2769 5447 2802 5515 ὴ
2838 5443 2932 5496 τοῦ
2963 5439 3289 5509 Εύαγγελίου
3320 5437 3642 5504 ὑφήγησις.

2051 5543 2259 5602 υύκοῦν
2286 5542 2595 5610 ἠκούσαμεν
2634 5537 2727 5591 τοῦ
2761 5535 2968 5607 Κυρίου
3014 5532 3149 5603 πρὸς
3181 5529 3272 5583 τὸν
3312 5525 3644 5595 Νικόδημον

443 4819 507 4875 Ει
539 4820 799 4891 quoniam
828 4819 1126 4873 viventium
1155 4820 1371 4888 quidem
1403 4818 1742 4873 domicilium
1767 4829 1851 4874 est
1881 4837 1944 4876 ac

369 4910 526 4970 srdes
551 4911 858 4981 paradisus,
884 4926 1059 4981 neque
1088 4925 1183 4966 eos
1214 4912 1426 4980 recipit,
1446 4911 1539 4980 qui
1567 4911 1637 4965 ob
1658 4921 1941 4980 peccatum

370 5004 531 5058 morti
566 5002 765 5057 addicti
813 5011 968 5067 sunt;
1028 5011 1083 5058 et
1115 5020 1214 5058 nos
1241 5020 1271 5058 e
1303 5018 1467 5057 carne
1494 5020 1705 5068 sumus,
1740 5014 1944 5059 morta-

371 5096 561 5164 lesque
600 5096 826 5163 peccato
856 5094 1149 5149 venundati
1185 5113 1196 5147 :
1230 5096 1507 5164 quomodo
1560 5066 1942 5151 in‘ﬁveittittitt

369 5188 493 5242 loco
514 5174 639 5241 esse
671 5184 718 5239 is
754 5194 950 5255 potest,
979 5186 1071 5254 qui
1105 5187 1295 5242 mortis
1332 5187 1382 5241 vi
1415 5196 1469 5242 et
1494 5196 1759 5257 potestate
1793 5196 1943 5243 tene-

370 5279 495 5334 tur?
529 5279 699 5346 Quem
733 5279 975 5343 modum,
995 5278 1209 5348 quodve
1241 5281 1532 5357 consilium
1564 5280 1652 5334 hic
1682 5281 1939 5344 inveniet,

368 5381 428 5425 ut
455 5372 556 5426 hac
588 5372 709 5443 ipsa
743 5379 1014 5441 potestate
1041 5372 1254 5427 solutus
1301 5388 1366 5427 ac
1394 5373 1530 5428 liber
1561 5372 1685 5427 fiat?
1714 5374 1782 5425 At
1812 5387 1941 5427 vero

365 5465 433 5518 ad
467 5469 569 5518 hoc
633 5466 717 5519 vel
751 5466 886 5520 satis
914 5467 1139 5520 omnino
1201 5474 1286 5541 est
1340 5464 1616 5536 Evangelii
1665 5463 1939 5519 doctrina.

336 5554 509 5621 .Quin
540 5559 706 5610 etiam
743 5555 1033 5612 Dominum
1068 5557 1397 5623 audivimus,
1438 5557 1542 5629 'qui
1587 5554 1940 5617 Nicodemum

441 5731 486 5766 "
525 5733 570 5790 ll
602 5733 729 5791 Cor.
763 5751 858 5805 xu,
891 5735 926 5787 2
952 5749 1071 5806 sqq.
