3896 6204
254 278 365 335 377

1599 279 1689 335 DE
1730 278 2195 338 VIRGINITA’I‘E.

3400 283 3510 339 378

250 394 537 463 λέγοντος,
563 395 644 447 ὅτι
675 411 695 447 ι
731 393 805 447 Τὸ
830 394 1225 466 γεγεννημένον
1249 398 1314 451 ἐκ
1333 397 1429 467 τῆς
1453 398 1673 469 σαρκὸς,
1697 397 1827 469 σάρξ

1938 395 2023 452 his
2048 395 2229 451 verbis
2284 394 2582 465 alloquuntur
2623 414 2635 450 :
2672 412 2690 447 ι
2727 395 2882 462 Quod
2916 410 2948 452 e
2973 410 3139 452 carne
3180 404 3373 450 natum
3402 405 3507 464 est,

251 488 433 540 ἐστιν’
467 486 528 539 τὸ
552 485 606 540 δὲ
636 487 1028 557 γεγεννημένον
1051 490 1115 541 ἐκ
1136 488 1228 542 τοῦ
1261 490 1590 559 πνεύματος,
1616 490 1835 560 πνεῦμά

254 579 434 631 ἐστιν.
470 597 490 630 ι
518 578 746 648 Οἴδαμεν
790 577 847 630 δὲ
894 578 993 650 τὴν
1025 579 1123 649 μὲν
1172 579 1350 649 σάρκα
1377 580 1590 650 θανάτῳ
1618 580 1706 634 διὰ
1738 579 1836 651 τὴν

254 666 536 739 ἁμαρτίαν
565 663 729 723 οὖσαν
752 669 1028 735 ὑπόδικον,
1045 669 1176 723 τὸδὲ
1200 671 1423 740 Πνεῦμα
1449 670 1542 724 τοῦ
1572 670 1707 724 Θεοῦ
1742 672 1837 724 καὶ⁹

256 761 553 830 ἄφθαρτον,
585 761 679 812 καὶ
712 760 999 824 ζωοποιὸν,
1039 764 1133 814 καὶ
1164 761 1449 816 ἀθάνατον.
1487 763 1697 833 Ὥσπερ
1722 761 1837 816 τοι·

255 866 356 901 νυν
380 851 446 917 τῇ
486 850 625 902 κατᾶ
670 848 851 919 σάρκα
895 849 1107 917 γενέσει
1145 851 1592 905 συναποτίκτεται
1618 852 1835 915 πάντως

254 938 354 990 καὶ
377 936 717 1008 ήδιαλύουσα
740 938 801 992 τὸ
822 938 1157 1009 γεννώμενον
1185 940 1411 1011 δύναμις
1429 957 1443 971 ’
1475 942 1617 996 οὓτω
1633 943 1832 1013 δηλαδὴ

253 1030 350 1082 καὶ
387 1029 451 1082 τὸ
487 1030 710 1101 Πνεῦμα
747 1035 858 1095 τοῖς
892 1031 959 1085 δι’
987 1032 1150 1086 αὐτοῦ
1181 1035 1533 1103 γεννωμένοις
1573 1036 1671 1105 τὴν
1699 1035 1834 1099 ζωο-

253 1121 413 1174 ποιὸν
459 1122 832 1177 ἐναποτίθεται
878 1124 1125 1194 δύναμιν.
1165 1126 1229 1179 Τί
1263 1122 1356 1180 οὖν
1396 1127 1698 1180 ἀνακόπτει
1744 1127 1833 1180 διὰ

251 1210 368 1263 τῶν
395 1214 723 1283 είρημένων;
766 1216 1129 1281 Ἀποστάντας
1169 1219 1314 1288 ἡμᾶς
1341 1220 1441 1288 τῆς
1479 1222 1619 1274 κατὰ
1653 1219 1830 1290 σάρκα

252 1299 421 1371 ζωῆς,
512 1305 731 1368 πάντως
755 1306 992 1370 τοιοῦτος
1024 1309 1376 1363 ἐπακολουθεῖ
1400 1310 1496 1363 καὶ
1521 1314 1550 1363 ὁ
1582 1310 1828 1373 θάνατος,

250 1390 490 1445 τοιοῦτον
514 1393 846 1465 ἐπιζητῆσαι
864 1395 996 1464 βίον,
1030 1397 1090 1460 ὃς
1116 1397 1302 1451 οὐκέτι
1333 1398 1426 1452 τοῦ
1463 1398 1692 1453 θανάτου
1731 1398 1830 1469 τὴν

249 1478 576 1535 ἀκολουθίαν
603 1482 911 1550 ἐφέλκεται.
948 1478 1116 1550 Οὗτος
1148 1486 1205 1540 δέ
1229 1488 1375 1541 ἐστιν
1415 1490 1443 1543 ὁ
1475 1490 1533 1542 ἐν
1563 1488 1829 1559 παρθενίᾳ

251 1563 389 1633 βίος.
429 1570 541 1623 Καὶ
581 1571 659 1633 ὡς
707 1571 886 1642 ἀληθῆ
931 1574 1123 1639 ταῦτα,
1174 1574 1385 1646 μικρῶν
1423 1575 1828 1648 προστεθέντων

251 1660 410 1714 ἐσται
455 1663 951 1735 καταφανέστερον.
986 1667 1083 1730 Τίς
1126 1666 1235 1737 γὰρ
1281 1668 1381 1720 οὐκ
1421 1664 1580 1735 οἶδεν,
1613 1669 1696 1721 ὃτι
1729 1668 1829 1738 τῆς

257 1752 365 1823 μὲν
390 1755 702 1824 σωματικῆς
727 1756 1019 1826 συναφείας
1045 1757 1107 1810 τὸ
1135 1760 1293 1830 ἔργον
1324 1759 1591 1829 σωμάτων
1620 1759 1829 1829 θνητῶν

255 1844 381 1896 ἐστι
422 1846 720 1918 κατασκευὴ
745 1884 760 1905 .
796 1850 895 1919 τῆς
931 1847 989 1901 δὲ
1034 1848 1173 1919 πρὸς
1214 1849 1277 1903 τὸ
1304 1849 1520 1920 πνεῦμα
1545 1850 1828 1913 κοινωνίας

255 1934 377 2004 ζωὴ
438 1937 529 1990 καὶ
585 1936 863 2008 άφθαρσία
906 1942 1020 2003 τοῖς
1063 1940 1414 2008 συναφθεῖσιν
1458 1941 1579 1994 ἀντὶ
1623 1940 1827 1994 τέκνων

255 2028 631 2096 προσγίνεταις
686 2028 793 2082 Καὶ
836 2030 1018 2092 καλῶς
1052 2033 1165 2085 ἐστι
1190 2033 1251 2085 τὸ
1276 2032 1630 2086 ἀποστολικὸν
1654 2035 1830 2085 εἰπεῖν

248 2118 344 2171 ἐπὶ
366 2116 676 2183 τούτου,ὅτι
703 2121 974 2185 «Σώζεται
1001 2122 1089 2176 διὰ
1107 2124 1207 2193 τῆς
1220 2124 1562 2193 τεκνογονίας
1586 2123 1819 2193 ταύτης»

243 2210 277 2279 ἠ
320 2208 436 2262 τῶν
472 2209 725 2263 τοιούτων
744 2211 950 2265 τέκνων
995 2214 1180 2284 μήτηρ
1206 2214 1824 2286 εὐφραινομένη.καθὼς

239 2301 301 2354 ἐν
330 2298 497 2363 θείοις
526 2300 714 2370 ὕμνοις
753 2303 785 2356 ὁ
833 2304 1136 2375 Ψαλμῳδὸς
1178 2308 1584 2377 ἁνευφήμησεν,
1616 2307 1787 2362 είπῶν
1806 2326 1821 2341 ·

243 2409 266 2443 ι
315 2390 377 2446 ’0
402 2392 733 2457 κατοικίζων
772 2396 991 2464 στεῖραν
1020 2396 1078 2449 ἐν
1100 2394 1233 2466 οἴκῳ
1258 2396 1469 2466 μητέρα
1498 2399 1591 2450 ἐπὶ
1613 2397 1825 2461 τέκνοις

236 2480 700 2553 εὖφραινομένην.
735 2502 755 2535 ι
788 2483 1151 2555 Εὑφραίνεται
1173 2485 1281 2559 γὰρ
1311 2487 1494 2557 μήτηρ
1519 2487 1594 2550 ὡς
1608 2466 1825 2557 ἀληθδς

235 2573 272 2643 ἠ
306 2572 583 2643 παρθένος
622 2574 827 2646 μήτηρ,
857 2576 890 2646 ὴ
918 2575 985 2630 τά
1009 2576 1254 2632 ἀθάνατα
1282 2578 1446 2632 τέκνα
1484 2578 1825 2648 κυοφοροῦσα

233 2662 327 2717 διὰ
359 2664 455 2717 τοῦ
483 2664 819 2735 Πνεύματος,
867 2668 1057 2738 στεῖρα
1093 2666 1183 2722 διὰ
1214 2669 1312 2740 τὴν
1344 2669 1694 2741 σωφροσύνην
1719 2670 1824 2723 ὑπὸ

233 2752 335 2805 τοῦ
392 2752 681 2823 Προφήτου
731 2754 1114 2827 ὠνομασμένη.
1144 2756 1352 2811 Οὐκοῦν
1374 2760 1403 2811 ὀ
1444 2759 1682 2822 τοιοῦτος
1709 2759 1823 2829 βίος

235 2843 611 2913 προτιμητέος
651 2848 764 2909 τοῖς
813 2862 877 2914 γε
910 2845 1034 2899 νοῦν
1068 2847 1306 2917 ἔχουσιν,
1343 2848 1403 2911 ὃς
1432 2849 1698 2923 κρείττων
1722 2852 1823 2923 τῆς

231 2930 335 2984 τοῦ
371 2930 602 2986 θανάτου
621 2932 939 2997 δυναστείας
962 2935 1129 2990 ἐστίν.
1167 2937 1230 2990 Ἦ
1251 2938 1360 3008 γὰρ
1386 2940 1669 3012 σωματικὴ
1696 2958 1823 2995 παι-

231 3020 456 3075 δοποιία
504 3022 619 3086 (καὶ
655 3022 845 3092 μηδεὶς
879 3024 1183 3097 δυσχεράνῃ
1220 3026 1298 3097 τῷ
1326 3027 1490 3098 λόγῳ)
1533 3030 1594 3082 οὐ
1621 3031 1820 3101 μᾶλλον

234 3112 390 3181 ζωῆς
417 3114 453 3183 ἢ
494 3114 629 3168 ἀλλὰ
670 3114 902 3168 θανάτου
942 3119 1055 3181 τοῖς
1087 3118 1393 3188 ἀνθρώποις
1424 3121 1645 3193 ἀφορμὴ
1680 3124 1823 3192 γίνε-

231 3223 330 3259 ται
355 3222 371 3237 °
399 3206 511 3259 ἀπὸ
540 3206 652 3275 γὰρ
674 3207 938 3274 γενέσεως
982 3209 1016 3278 ἡ
1058 3207 1232 3280 φθορά
1258 3210 1355 3277 τὴν
1382 3212 1556 3282 ἀρχὴν
1583 3212 1695 3283 ἔχει
1714 3253 1728 3277 ν
1755 3210 1823 3287 ἦς

232 3297 287 3350 οί
324 3298 665 3366 παυσάμενοι
694 3296 786 3351 διὰ
806 3297 905 3368 τῆς
930 3299 1246 3369 παρθενίας,
1267 3303 1324 3353 ἐν
1357 3303 1567 3367 ἑαυτοῖς
1589 3304 1823 3375 ἔστησαν

234 3390 341 3459 τὴν
376 3386 473 3440 τοῦ
498 3387 728 3443 θανάτου
775 3392 1147 3462 περιγραφὴν,
1189 3394 1496 3463 περαιτέρω
1544 3395 1823 3462 προελθεῖν

240 3480 406 3532 αὐτὸν
440 3480 507 3533 δι’
530 3479 741 3533 ἑαυτῶν
771 3480 1131 3544 κωλύσαντες,
1157 3483 1251 3535 καὶ
1277 3483 1464 3556 ὥσπερ
1489 3503 1540 3539 τι
1576 3486 1823 3557 μεθόριον

241 3573 477 3627 θανάτου
524 3576 618 3627 καὶ
647 3572 795 3643 ζωῆς
817 3576 1026 3639 ἑαυτοῖς
1056 3576 1370 3645 στήσαντες,
1402 3577 1630 3649 ἐπέσχον
1662 3580 1822 3633 αὐτὸν

238 3665 341 3733 τῆς
364 3666 465 3717 ἐπὶ
483 3664 543 3717 τὺ
567 3665 753 3736 πρόσω
776 3667 965 3733 φορᾶς.
990 3667 1050 3720 Εἰ
1078 3663 1170 3720 οὖν
1198 3668 1258 3720 ού
1284 3668 1507 3722 δύναται
1534 3671 1822 3740 παρελθεῖν

236 3760 339 3828 τὴν
395 3756 694 3827 παρθενίαν
746 3758 776 3810 ὁ
820 3757 1071 3820 θάνατος,
1121 3759 1234 3811 ἀλλ’
1270 3760 1326 3811 ἐν
1355 3762 1490 3831 αὐτῇ
1528 3762 1823 3833 καταλήγει

236 3849 334 3901 καὶ
390 3846 752 3911 καταλύεται,
791 3848 979 3916 σαφῶς
1030 3849 1409 3903 ἀποδείκνυται
1460 3851 1521 3903 τὸ
1578 3854 1822 3923 κρεῖττον

236 3936 384 3992 εἶναι
408 3936 511 3990 τοῦ
535 3936 755 3990 θανάτου
784 3939 884 4010 τὴν
910 3940 1208 4010 παρθενίαν
1228 3959 1242 3972 ·
1271 3943 1363 3995 καὶ⁵
1386 3942 1565 4006 καλῶς
1588 3944 1822 4015 ἄφθορον

234 4028 573 4099 ὀνομάζεται
608 4028 780 4099 σῶμα,
807 4031 871 4082 τὸ
901 4030 975 4101 μὴ
997 4032 1349 4103 ύπουργῆσαν
1375 4035 1436 4103 τῇ
1453 4033 1547 4087 τοῦ
1578 4035 1819 4105 φθαρτοῦ

238 4119 356 4188 βίου
402 4120 701 4191 ὑπηρεσία,
763 4123 897 4192 μηδὲ
946 4124 1045 4194 τῆς
1076 4122 1274 4195 θνητῆς
1313 4124 1561 4197 διαδοχῆς
1590 4127 1821 4199 ὄργανον

232 4211 492 4277 γενέσθαι
525 4210 974 4283 καταδεξάμενον.

317 4302 411 4353 Ἐν
440 4300 617 4372 τούτῳ
644 4303 752 4373 γὰρ
788 4303 1012 4373 διεκόπη
1050 4304 1113 4357 τὸ
1152 4308 1374 4376 συνεχὲς
1410 4309 1507 4379 τῆς
1534 4310 1629 4364 τοῦ
1663 4311 1816 4380 φθεί-

1941 501 2071 540 caro
2098 496 2209 553 est;
2235 486 2378 555 quod
2401 501 2433 542 e
2454 487 2650 555 spiritu
2679 496 2865 541 natum
2895 496 3001 554 est,
3024 489 3252 558 spiritus
3280 496 3365 543 est
3388 488 3457 543 *°.
3485 506 3503 539 ι
3542 497 3557 556 ξ

1942 577 2008 631 Et
2045 592 2146 633 nos
2194 577 2468 642 novimus,
2495 592 2714 632 carnem
2750 586 2969 648 propter
3014 589 3300 649 peceatum
3346 580 3509 633 morti
3536 564 3556 615 ’ί

1941 665 2278 732 subjectam;
2315 663 2409 719 Dei
2456 681 2585 720 vero
2625 667 2886 736 Spiritum
2919 677 2974 723 et
3021 670 3396 740 incorruptum
3457 677 3514 723 et

1940 755 2212 810 viviﬁcum
2231 767 2281 811 et
2308 757 2669 813 immortalem
2701 774 2843 815 esse.
2858 759 3023 830 Atqui
3057 770 3115 815 ut
3134 761 3279 830 quod
3294 777 3325 816 e
3347 773 3514 815 carne

1940 845 2181 916 genitum
2217 852 2322 908 est,
2369 845 2595 902 inhaeret
2624 847 2671 902 ei
2729 850 2954 904 omnino
2983 850 3066 906 vis
3089 851 3356 920 quadam,
3392 865 3514 921 qua:

1941 935 1994 990 id
2031 936 2310 1001 dissolvit,
2351 936 2496 1006 quod
2538 947 2621 994 est
2650 953 2818 995 carne
2860 949 3179 996 concretum
3224 942 3349 998 :sic
3383 941 3511 1011 Spi-

1937 1024 2075 1080 ritus
2106 1025 2213 1078 vim
2249 1027 2539 1095 quamdam
2568 1026 2784 1082 vitalem
2821 1030 3032 1085 scilicet
3068 1031 3136 1085 iis
3164 1030 3327 1085 rebus
3359 1030 3515 1083 attri-

1936 1116 2077 1180 buit,
2114 1131 2237 1185 quae
2262 1130 2293 1168 a
2316 1131 2374 1170 se
2398 1116 2714 1185 gignuntur.
2768 1117 2888 1183 Quo
2920 1128 3172 1188 spectant
3216 1121 3332 1175 haec
3391 1134 3515 1190 qua:

1936 1206 2216 1263 diximus?
2250 1205 2318 1261 Ut
2349 1221 2481 1262 sane
2526 1207 2594 1260 ab
2629 1208 2726 1262 hac
2752 1223 2853 1263 nos
2879 1211 3096 1264 mortali
3150 1210 3258 1264 vita
3316 1212 3516 1266 abalie-

1936 1298 2069 1361 nati,
2100 1296 2186 1350 cui
2215 1297 2440 1352 omnino
2465 1310 2650 1353 comes
2678 1297 2933 1365 adjuncta
2948 1315 3095 1355 mors
3110 1300 3215 1364 est,
3242 1301 3370 1355 illud
3391 1302 3514 1356 vitae

1935 1404 2109 1459 genus
2139 1404 2471 1459 quaeramus,
2498 1404 2620 1458 quae
2650 1390 2854 1443 nullam
2896 1391 3163 1446 moriendi
3202 1392 3507 1447 necessita-

1934 1489 2043 1534 tem
2074 1495 2259 1535 secum
2289 1479 2490 1546 trahat,
2518 1481 2627 1534 vita
2655 1488 2836 1535 autem
2899 1482 3167 1550 ejusmodi
3201 1484 3257 1537 in
3288 1484 3512 1555 virgini-

1934 1578 2043 1626 tate
2093 1572 2372 1628 consistit.
2401 1571 2578 1640 Atque
2607 1571 2720 1626 haec
2751 1572 2970 1641 quidem
3008 1589 3173 1642 quam
3220 1590 3345 1630 vera
3373 1576 3508 1641 sint,

1935 1661 2126 1730 paucis
2183 1676 2316 1716 sane
2365 1662 2697 1731 propositis,
2758 1663 3030 1732 apertiora
3088 1666 3238 1719 lieut.
3295 1665 3512 1731 Quotus

1859 1749 1900 1803 Β
1927 1750 2072 1803 enim
2101 1750 2335 1819 quisque
2363 1760 2465 1814 est,
2486 1749 2580 1819 qui
2611 1750 2842 1820 ignoret,
2874 1767 3151 1821 corporea:
3171 1753 3514 1822 conjunctio-

1929 1840 2018 1897 nis
2044 1856 2184 1912 opus
2211 1856 2336 1896 esse
2367 1842 2679 1896 mortalium
2715 1857 3005 1912 corporum
3042 1845 3515 1901 constitutionem?

1928 1946 1994 1987 ex
2038 1932 2275 2001 spiritali
2316 1947 2444 1987 vero
2492 1947 2795 2004 ceiigressu
2843 1933 3141 1990 liberorum
3185 1937 3303 1992 loco
3344 1938 3512 1992 vitam

1926 2030 1982 2077 et
2013 2022 2482 2078 immortalitatem
2532 2024 2782 2094 acquiri:
2820 2032 3080 2095 recteque
3111 2026 3178 2080 ad
3238 2028 3342 2083 hoc
3379 2028 3512 2083 illud

1926 2113 2169 2183 Apostoli
2204 2113 2480 2183 quadrat:
2537 2131 2557 2166 ι
2591 2113 2906 2170 Salvabitur
2934 2127 3115 2171 autem
3150 2133 3245 2186 per
3274 2119 3510 2172 tiliorutn

1924 2205 2336 2274 generationem
2371 2206 2415 2237 ²¹
2441 2223 2460 2256 ι
2491 2214 2685 2270 mater,
2711 2222 2833 2275 qua:
2861 2206 2947 2260 his
2977 2208 3101 2262 tiliis
3130 2208 3351 2276 gaudet,
3374 2217 3434 2262 ut
3458 2209 3513 2263 in

1924 2295 2130 2352 divinis
2156 2296 2374 2367 hymnis
2394 2296 2734 2351 Psalmorum
2757 2307 2911 2354 vates
2941 2298 3027 2354 his
3057 2300 3238 2353 verbis
3273 2300 3510 2356 cecinit:

1930 2405 1950 2439 ι
1990 2386 2092 2455 Qui
2136 2387 2383 2461 habitare
2417 2387 2547 2442 facit
2580 2387 2821 2442 sterilem
2850 2388 2902 2442 iu
2927 2388 3091 2443 domo
3114 2399 3341 2444 matrem
3370 2389 3512 2444 tilio—

1923 2493 2044 2533 rum
2077 2477 2343 2532 laetantem
2368 2480 2435 2532 ”.
2469 2496 2490 2530 ι
2514 2476 2653 2533 Vere
2674 2479 2820 2533 enim
2846 2494 2909 2533 ac
2947 2480 3119 2535 solide
3149 2480 3301 2549 virgo
3337 2487 3512 2536 mater

1922 2567 2140 2639 gaudet,
2161 2584 2283 2638 qua:
2309 2568 2537 2638 spiritus
2557 2582 2723 2638 opere
2752 2568 3088 2624 immortales
3111 2569 3311 2623 liheros
3338 2570 3504 2637 parit,

1924 2659 2128 2716 sterilis
2180 2660 2251 2715 ob
2323 2662 2737 2729 temperantiam
2804 2676 2834 2714 a
2900 2662 3173 2732 Propheta
3218 2662 3508 2732 appellata.

1922 2750 2086 2805 Certe
2135 2749 2407 2819 ejusmodi
2472 2752 2604 2814 vita,
2649 2766 2771 2821 qua:
2834 2753 2945 2806 vim
3014 2754 3206 2809 mortis
3264 2760 3507 2823 superat,

1922 2842 2101 2911 potior
2123 2850 2208 2898 est
2257 2843 2325 2897 ab
2357 2844 2425 2897 iis
2469 2843 2735 2907 habenda,
2771 2844 2866 2914 qui
2905 2854 3084 2900 mente
3111 2845 3319 2915 prmditi
3360 2853 3505 2900 sunt.

1921 2934 2198 3003 Corporea
2225 2933 2369 2989 enim
2401 2933 2694 2989 liberorum
2723 2938 3026 3004 procreatio
3050 2952 3160 2990 non
3194 2937 3318 2990 vitae
3338 2936 3512 3006 magis

1923 3025 2082 3093 (pace
2120 3026 2364 3079 omnium
2420 3023 2627 3078 dictum
2669 3024 2762 3094 sit)
2826 3041 2989 3095 quam
3050 3027 3242 3080 mortis
3291 3027 3511 3081 occasio
3592 3051 3597 3057 ο

1925 3115 2242 3171 hominibus
2293 3118 2514 3171 exsistit
2575 3135 2590 3172 :
2651 3118 2920 3187 siquidem
2998 3118 3065 3171 ab
3118 3125 3241 3171 ortu
3295 3118 3510 3171 initium

1923 3206 2087 3261 habet
2124 3206 2400 3267 interitus,
2434 3222 2463 3259 a
2494 3222 2604 3276 quo
2632 3207 2966 3277 virginitatis
2996 3222 3166 3261 causa
3189 3208 3280 3275 qui
3316 3210 3512 3260 imum:-

1920 3314 2019 3353 nes
2055 3297 2223 3351 futuri
2269 3306 2419 3361 sunt,
2458 3300 2650 3353 mortis
2682 3301 2735 3353 in
2775 3315 2835 3354 se
2867 3299 3159 3353 terminum
3210 3300 3510 3353 consulue-

1920 3397 2071 3449 runt,
2107 3404 2231 3442 cum
2261 3390 2403 3442 ultra
2440 3390 2493 3442 in
2534 3405 2601 3444 se
2634 3390 2780 3443 illam
2816 3390 3065 3460 progredi
3104 3390 3505 3459 prohibuerint,

1921 3488 1974 3534 et
2023 3481 2146 3533 vita:
2171 3488 2225 3533 et
2255 3481 2449 3533 mortis
2474 3496 2534 3535 se
2585 3482 2741 3551 quasi
2797 3482 3059 3535 terminos
3110 3482 3326 3550 aliquos
3383 3492 3508 3535 cum

1924 3572 2372 3633 statuerint.eam
2399 3589 2530 3628 sane
2551 3575 2960 3635 continuerunt.
2990 3588 3055 3627 ne
3079 3576 3216 3627 ultra
3257 3589 3507 3642 prorum-

1921 3672 2091 3734 peret.
2126 3663 2265 3732 Ergo
2312 3668 2356 3719 si
2389 3667 2757 3736 virginitatem
2795 3682 2943 3721 mors
2968 3682 3230 3735 superare
3265 3681 3372 3719 non
3412 3680 3509 3733 ρο·
3549 3659 3552 3662 ’

1923 3764 2049 3818 test,
2083 3756 2177 3809 sed
2221 3757 2342 3824 ejus
2389 3761 2579 3826 potius.
2618 3759 2870 3827 praesidio
2911 3759 3001 3811 illa
3041 3758 3396 3813 concluditur
3434 3771 3502 3809 ac

1920 3846 2262 3911 dissolvitur,
2302 3848 2432 3902 illud
2481 3852 2772 3905 manifesto
2811 3862 3150 3920 compcrIum
3194 3859 3296 3908 est,
3338 3856 3511 3903 morte

1920 3936 2039 4006 ipea
2100 3938 2468 4008 virginitatem
2521 3957 2642 3994 esse
2695 3942 3054 4009 potentiorem
3103 3961 3116 3994 :
3168 3941 3311 3993 unde
3363 3947 3509 3994 recte

1920 4030 2506 4099 eorpusincorruptum
2538 4040 2788 4093 vocatur,
2814 4030 3071 4100 quoniam
3098 4029 3317 4083 caducae
3345 4029 3509 4095 hujus

1918 4120 2040 4174 Viue
2060 4121 2272 4175 muneri
2299 4137 2473 4189 neque
2492 4137 2710 4190 operam
2735 4122 3003 4188 prwstitit,
3023 4137 3196 4191 neque
3224 4121 3323 4173 hoc
3345 4120 3506 4172 etiam

1919 4210 2160 4275 admisit,
2205 4226 2266 4266 se
2283 4212 2528 4265 mortalis
2552 4212 2889 4279 posteritatis
2908 4212 3330 4264 instrumentum
3368 4211 3506 4265 ﬁeri.

1989 4316 2104 4374 Hoc
2126 4320 2269 4374 enim
2308 4331 2469 4391 pacto
2499 4330 2821 4391 perpetuum
2852 4321 3005 4375 illum
3033 4330 3086 4376 et
3112 4319 3502 4387 corrumpendi

228 4394 432 4460 ρεσθαι
485 4393 582 4445 καὶ⁵
618 4384 984 4465 ἀποθνήσκειν
1032 4396 1372 4463 ἀκολουθίας,
1405 4399 1542 4473 ὅπερ
1566 4402 1673 4455 ἀπὸ
1722 4401 1816 4455 τοῦ

1929 4418 1973 4466 et
2008 4411 2271 4465 moriendi
2298 4428 2523 4468 cursum
2550 4414 2865 4483 interrupit,
2889 4415 2981 4483 qui
3015 4429 3043 4466 a
3071 4413 3247 4483 primo
3278 4421 3505 4483 parente

224 4483 540 4553 πρωτοπλά
550 4500 670 4536 που
698 4485 794 4537 καὶ
824 4486 985 4557 μέχρι
1005 4487 1101 4557 τῆς
1120 4486 1213 4540 τοῦ
1232 4489 1657 4557 παρθενεύοντος
1677 4491 1824 4565 ζωῆς

1929 4516 2104 4570 usque
2142 4501 2207 4555 ad
2252 4503 2567 4573 virginalem
2600 4506 2765 4558 vitam
2802 4521 3079 4575 nunquam
3110 4512 3194 4559 est
3232 4503 3503 4557 intermis-

215 4575 323 4628 διὰ
352 4574 525 4644 μέσον
551 4574 789 4643 γέγονεν.
812 4577 945 4630 Οὐδὲ
967 4577 1078 4649 γὰρ
1091 4573 1161 4648 ἦν
1184 4578 1406 4636 δυνατὸν
1435 4581 1675 4653 ἁργῆσαί
1692 4601 1821 4638 ποτε

1929 4606 2038 4646 sus.
2076 4590 2261 4662 Neque
2308 4594 2451 4648 enim
2484 4593 2601 4649 ticri
2637 4604 2873 4665 poterat,
2908 4573 2961 4649 ut
2989 4595 3268 4648 hominum
3307 4608 3503 4664 genere

219 4668 328 4720 τὸν
355 4668 612 4730 θάνατον,
643 4668 1038 4741 ἐνεργουμένης
1064 4670 1154 4723 διὰ
1177 4669 1273 4724 τοῦ
1290 4672 1468 4742 γάμου
1489 4676 1585 4744 τῆς
1615 4676 1827 4748 ἀνθρω.

1929 4696 1950 4736 e
1979 4683 2187 4752 nuptiis
2236 4693 2554 4754 procreato,
2599 4700 2750 4740 mors
2797 4702 3035 4750 unquam
3077 4691 3367 4749 cessasset,
3406 4684 3499 4740 sed

218 4759 401 4827 πίνης
418 4759 686 4827 γενέσεως
711 4777 726 4791 ο
752 4760 891 4813 ἀλλὰ
912 4761 1115 4825 πάσαις
1140 4765 1260 4826 ταῖς
1290 4764 1693 4835 προλαϐούσαις
1730 4786 1824 4837 γε-

1929 4774 2238 4840 superiores
2266 4790 2459 4831 omnes
2520 4777 2804 4831 hominum
2843 4785 3032 4831 aetates
3094 4787 3498 4846 praetergressa,

211 4851 381 4912 νεαις
405 4848 852 4920 συμπαροδεύων,
882 4852 977 4905 καὶ
1011 4854 1125 4916 τοῖς
1170 4853 1256 4907 ἀεὶ
1301 4857 1705 4926 παραγομένοις
1735 4859 1815 4922 είς

1929 4877 2043 4916 cum
2076 4862 2162 4919 his
2194 4864 2357 4918 etiam
2389 4867 2481 4936 qui
2522 4866 2849 4921 hancvitam
2884 4867 3290 4937 ingrediuntur.
3334 4867 3497 4922 simul
3560 4866 3579 4929 ί

200 4939 328 4996 τὸν
356 4940 472 5008 βίαν
502 4940 1026 5029 συνδιεξερχόμενος,
1052 4942 1177 5009 ὅρον
1195 4942 1294 5012 τῆς
1319 4945 1596 5016 ἐνεργείας
1620 4948 1813 5003 ἑαυτοῦ

1929 4952 2026 5018 iam
2052 4953 2140 5008 illa
2175 4972 2524 5025 percurrens,
2557 4959 2924 5029 virginitatem
2964 4960 3210 5015 tnuneris
3256 4960 3339 5014 sui
3388 4968 3499 5014 ter-

194 5030 335 5100 τὴν
364 5029 662 5099 παρθενίαν
703 5028 881 5103 εὗρεν,
933 5033 992 5086 ὃν
1032 5033 1323 5104 παρελθεῖν
1365 5037 1475 5089 τῶν
1516 5039 1813 5110 ἀμηχάνων

1929 5044 2128 5098 minum
2157 5046 2386 5111 invenit,
2423 5065 2582 5117 quem
2612 5067 2775 5121 porro
2812 5050 3089 5105 transilire
3124 5051 3339 5107 diliicile
3380 5060 3494 5106 est:

190 5121 401 5177 ἐστίν.
447 5120 659 5192 Ὠσπερ
685 5123 793 5193 γὰρ
821 5123 915 5176 ἐπὶ
942 5124 1040 5194 τῆς
1069 5124 1321 5179 θεοτὸκου
1353 5129 1571 5201 Μαρίας
1598 5135 1627 5185 ὁ
1656 5131 1811 5200 βασις

1929 5142 2177 5205 Lanquaut
2220 5137 2314 5193 Dei
2345 5144 2537 5197 matris
2575 5120 2756 5198 Maria:
2797 5152 3041 5211 tempore
3071 5142 3141 5197 ab
3167 5144 3377 5196 Adamo
3413 5158 3498 5197 us-

190 5213 431 5275 λεύσας
461 5213 572 5266 ἀπὸ
628 5214 800 5285 Ἀδὰμ
845 5218 1036 5286 μέχρις
1090 5216 1302 5287 ἐκείνης
1347 5219 1594 5285 θάνατος,
1628 5224 1812 5295 ἐπειδὴ

1929 5240 2025 5293 que
2060 5226 2126 5279 ad
2172 5243 2292 5281 eam
2338 5244 2566 5301 regnum
2612 5250 2760 5288 mors
2812 5234 3148 5289 obtinuerit:
3200 5243 3495 5304 posteaque

190 5306 316 5360 καὶ
342 5304 469 5357 κατ’
489 5303 658 5375 αὐτὴν
673 5305 911 5374 ἐγένετο,
933 5307 1184 5380 καθάπερ
1201 5311 1308 5362 τινὶ
1325 5312 1498 5383 πέτρᾳ
1516 5314 1595 5383 τῷ
1618 5317 1812 5386 καρπῷ

1929 5317 2029 5370 sola
2065 5316 2246 5381 eilicit,
2280 5330 2357 5384 ut,
2387 5338 2511 5375 cum
2548 5334 2806 5393 tanquam
2863 5326 2929 5377 ad
2966 5323 3198 5395 lapidem
3255 5325 3492 5395 aliquem

188 5400 315 5466 τῆς
349 5394 653 5464 παρθενίας
683 5398 1081 5468 προσπταίσας,
1126 5402 1254 5471 περὶ
1286 5401 1454 5471 αὐτὴν
1484 5406 1767 5477 συνετρίϐη
1793 5425 1805 5438 ·

1929 5409 2244 5478 virginitatis
2277 5412 2516 5469 fructum
2554 5432 2702 5470 mors
2730 5415 3037 5479 offenderit,
3070 5418 3122 5469 in
3146 5431 3206 5471 ea
3251 5416 3490 5472 contrita

188 5488 403 5548 αὕτως
463 5487 527 5538 ἐν
550 5486 701 5558 πάσῃ
730 5486 875 5557 ψυχῇ
903 5491 972 5559 τῇ
993 5486 1080 5542 διὰ
1102 5489 1404 5561 παρθενίας
1427 5491 1524 5562 τὴν
1556 5495 1614 5545 ἐν
1649 5497 1811 5566 σαρκὶ

1929 5502 2040 5556 sit:
2085 5501 2159 5555 ita
2214 5506 2363 5561 omni
2423 5508 2629 5576 animo,
2685 5508 2780 5579 qui
2852 5507 3179 5577 virginitatis
3235 5510 3491 5578 praesidio

274 5672 335 5705 ⁸⁸
358 5670 520 5727 Joan.
555 5687 637 5742 Ill,
661 5674 714 5732 6.
791 5678 830 5709 "
863 5679 883 5731 ι
922 5679 1156 5740 Timoth.
1181 5700 1240 5752 ιι,
1285 5685 1370 5743 t5.
1414 5685 1457 5717 "
1491 5683 1632 5741 Psal.
1672 5700 1802 5753 ειη,
1831 5687 1885 5746 9.
