3896 6204
351 279 457 337 3‘19

1574 277 1631 334 S.
1657 276 1981 333 GREGORII
2008 277 2298 335 NYSSENI

3463 288 3568 343 380

351 394 492 449 hanc
526 394 709 449 carnis
743 394 905 448 vitam
940 393 1184 459 cohibet,
1214 393 1468 449 atteritur
1489 395 1725 465 quodam
1746 393 1907 449 modo

2013 395 2275 468 παριούσῃ
2320 396 2486 467 ζωὴν,
2523 396 2937 469 συντριϐήσεταί
2966 415 3083 463 πως
3131 398 3225 453 καὶ
3250 399 3575 459 καταλύεται

351 501 413 539 ac
436 486 757 539 dissolvitur
808 486 1050 555 potentia
1080 487 1294 550 mortis,
1348 487 1505 557 quasi
1548 500 1658 540 non
1710 486 1908 543 habeat

349 574 551 642 quibus
584 575 760 644 ipsius
788 575 1043 632 stimulus
1077 575 1353 647 inligatur.
1384 576 1451 631 Ut
1473 576 1614 631 enim
1648 577 1760 648 igni
1802 579 1904 634 nisi

347 665 593 732 subjecta
628 665 740 719 sint
775 666 941 735 ligna,
983 674 1302 730 stramenta,
1351 666 1567 730 fenum,
1616 675 1713 721 aut
1759 668 1905 722 aliud

349 754 401 806 id
429 755 669 823 generis,
710 756 857 824 quod
888 755 1016 826 igne
1043 757 1411 820 consumitur,
1433 772 1541 812 non
1579 766 1756 828 potest
1787 760 1908 825 ejus
1934 776 1939 780 ‘

350 845 433 900 vis
482 861 547 900 ac
600 854 795 901 natura
839 848 1177 902 consistere:
1234 847 1315 902 sic
1371 864 1548 917 neque
1573 851 1769 905 mortis
1830 851 1912 907 vis

348 937 644 1006 quidquam
675 937 890 1002 efﬁciet,
924 939 1027 992 nisi
1059 940 1108 992 ei
1143 939 1423 992 materiam
1454 939 1764 1010 conjugium
1789 957 1912 1012 sup-

350 1027 690 1095 peditaverit,
716 1030 1117 1097 moriturosque
1132 1030 1289 1098 quasi
1308 1028 1592 1086 damnatos
1620 1034 1906 1102 paraverit.

352 1115 408 1170 Si
443 1132 571 1171 vero
602 1115 842 1181 dubitas,
875 1116 927 1171 id
959 1117 1120 1171 velim
1152 1117 1573 1184 animadvertas,
1610 1119 1753 1174 unde
1784 1135 1909 1190 pro-

352 1207 667 1262 ﬁciscantur
695 1208 1066 1262 calamitatum
1093 1207 1337 1273 nomina,
1368 1223 1490 1278 quae
1521 1209 1713 1265 mortis
1746 1224 1910 1266 causa

350 1295 1067 1369 hominibusimponuntur,
1110 1310 1171 1356 ut
1203 1301 1469 1356 orationis
1508 1300 1663 1355 initio
1704 1301 1911 1355 dictum

349 1399 454 1444 est.
486 1389 625 1445 Num
673 1392 1016 1456 viduitatem,
1046 1401 1140 1446 aut
1167 1392 1475 1457 orbitatem,
1535 1400 1630 1445 aut
1679 1392 1912 1448 ﬁliorum

347 1480 617 1550 iacturam
659 1482 845 1551 lugere
875 1483 1000 1538 licet
1041 1482 1244 1551 nuptiis
1272 1498 1379 1536 non
1423 1495 1550 1538 ante
1579 1485 1917 1540 contractis?

350 1569 629 1641 Exoptata:
656 1573 802 1627 cnim
840 1574 1006 1627 animi
1040 1575 1371 1643 voluptates,
1397 1582 1451 1627 et
1477 1574 1696 1636 laetitias,
1735 1580 1790 1629 et
1819 1575 1918 1630 ob-

352 1662 690 1726 lectationes.
726 1673 1012 1726 cunctave,
1060 1679 1181 1735 quae
1230 1664 1283 1717 in
1319 1663 1520 1733 nuptiis
1536 1664 1776 1733 jucunda
1822 1680 1915 1720 ex-

2005 486 2099 539 τοῦ
2155 487 2385 542 θανάτου
2428 487 2489 542 τὸ
2532 488 2751 559 κράτος,
2776 489 2875 542 οὐκ
2902 489 3113 559 ἔχοντος
3148 490 3258 545 τίσι
3289 490 3351 545 τδ
3383 492 3577 549 ἑαυτοῦ

2006 576 2228 649 κέντρον
2263 576 2700 648 ὲναπερείσηται.
2730 577 2840 630 Καὶ
2870 577 2978 649 γὰρ
3001 576 3063 631 τδ
3089 577 3220 649 πῦρ,
3256 581 3306 632 εί
3341 580 3416 651 μὴ
3450 583 3581 634 ὲπιη

2007 667 2227 739 ϐληθείη
2254 667 2407 732 ξύλα,
2457 669 2555 721 καὶ
2599 667 2838 739 καλάμη,
2873 669 2968 723 καὶ
2995 670 3208 741 χόρτος,
3235 671 3330 724 καὶ
3362 671 3491 724 ἄλλο
3523 690 3581 726 τι

2005 760 2113 813 τῶν
2152 759 2257 813 ὑπὸ
2300 759 2471 830 πυρὸς
2519 760 2951 829 δαπανωμένων,
2987 762 3088 815 οὐκ
3130 761 3241 832 ἔχει
3280 761 3440 832 φύσιν
3488 762 3579 831 ἐφ’

2008 849 2200 904 ἑαυτοῦ
2246 849 2457 920 μένειν·
2488 849 2659 914 οὕτως
2700 850 2820 903 οὐδὲ
2861 855 2894 921 ἡ
2938 850 3032 907 τοῦ
3076 850 3304 905 θανάτου
3348 852 3581 923 δύναμις

2009 941 2309 1011 ἐνεργήσει,
2341 940 2414 1013 μὴ
2438 941 2531 995 τοῦ
2557 940 2735 1012 γάμου
2751 941 2848 1013 τὴν
2874 941 3005 1012 ὓλην
3034 942 3373 1006 ὑποτιθέντος
3403 944 3579 1015 αὐτῷ,

2008 1029 2239 1091 καὶτοὺς
2259 1028 2674 1099 τεθνηξομένους
2700 1025 2809 1083 οἷον
2829 1031 3152 1094 καταδίκους
3172 1030 3324 1094 τινὰς
3351 1033 3583 1100 ἑτοιμά-

2010 1120 2210 1186 ζοντος.
2229 1121 2291 1173 Ei
2306 1120 2362 1173 δὲ
2377 1119 2754 1192 ἀμφιϐάλλεις,
2770 1120 3060 1190 ἐπίσκεψαι
3074 1121 3180 1174 τῶν
3198 1120 3491 1191 συμφορῶν
3506 1122 3582 1177 τὰ

2010 1206 2268 1281 ὀνόματα,
2301 1210 2401 1263 ὅσα
2417 1212 2482 1264 ὲκ
2506 1209 2601 1263 τοῦ
2632 1209 2861 1264 θανάτου
2893 1215 3007 1274 τοῖς
3044 1211 3349 1282 ἀνθρώποις
3379 1211 3582 1279 ἐπάγε-

2010 1317 2121 1361 ται,
2174 1297 2354 1363 καθὼς
2397 1300 2499 1371 ήδη
2536 1301 2655 1354 κατ’
2687 1299 2861 1370 ἀρχὰς
2899 1299 2994 1352 τοῦ
3025 1299 3180 1368 λόγου
3229 1299 3580 1371 προείρηται,

2013 1387 2177 1441 πόθεν
2205 1388 2303 1459 τὴν
2324 1389 2496 1459 ἀρχὴν
2524 1388 2659 1459 ἔχει.
2685 1384 2833 1460 Ἀρα
2861 1388 2975 1441 ἔστι
3008 1388 3285 1459 χηρείανῆ
3314 1388 3584 1460 ὀρφανίαν

2014 1480 2373 1554 ὁδύρεσθαι,ἢ
2404 1479 2504 1551 τὴν
2532 1479 2625 1534 ἐπὶ
2657 1480 2814 1533 παισὶ
2846 1480 3150 1551 συμφορὰν,
3173 1480 3249 1549 μὴ
3279 1479 3585 1551 προλαϐὀν⁶

2012 1588 2105 1634 τος
2129 1570 2223 1624 τοῦ
2249 1571 2459 1642 γάμους
2486 1572 2550 1624 Ai
2573 1570 2683 1641 γὰρ
2700 1569 3151 1641 περισπούδαστοι
3178 1568 3455 1639 θυμηδίαι,
3477 1567 3583 1621 καὶ

2016 1659 2363 1731 εὐφροσύναι,
2402 1660 2496 1712 καὶ
2526 1660 2729 1731 ἡδοναὶ,
2755 1659 2848 1713 καὶ
2881 1659 3056 1713 πάντα
3079 1660 3177 1712 ὅσα
3202 1660 3330 1728 περὶ
3352 1658 3445 1710 τὸν
3471 1659 3587 1725 γά-

351 1761 631 1823 pctuntur,
679 1754 765 1809 his
812 1730 1448 1809 dolorum'eruciatibus
1493 1730 1913 1824 concluduntur,

2020 1730 2133 1821 μὸν
2153 1750 2527 1814 σπουδάζεται,
2550 1730 2555 1731 ί
2580 1753 2700 1814 ταῖς
2757 1749 3028 1813 τοιαύταις
3074 1749 3283 1811 ὀδύναις
3310 1750 3590 1820 ἐναπολή-

352 1858 418 1896 ac
456 1845 841 1899 terminantur.
875 1845 1007 1901 Nam
1038 1858 1096 1900 ut
1132 1847 1292 1916 gladii
1320 1847 1550 1916 capulus
1580 1847 1782 1915 politus
1831 1846 1921 1903 ille

351 1933 598 2001 quidem,
632 1943 779 1988 tactu
821 1934 1021 1997 facilis,
1055 1943 1110 1991 et
1160 1943 1358 1989 ornatu
1403 1936 1645 2006 undique
1704 1936 1919 1994 cinctus

351 2029 607 2089 apparet:
642 2022 910 2091 reliquum
949 2039 1078 2079 vero
1106 2024 1308 2078 ferrum
1349 2026 1542 2080 mortis
1587 2033 1673 2080 est
1714 2026 1921 2083 instru-

352 2119 596 2165 mentum
629 2112 1067 2181 (lormidolosum
1102 2114 1208 2169 hoc
1240 2122 1386 2171 certe
1407 2125 1492 2170 est
1522 2116 1738 2172 videre:
1784 2118 1916 2172 illud

352 2210 531 2256 tamen
567 2201 974 2258 formidolosius
1004 2205 1175 2258 multo
1224 2214 1326 2268 est,
1360 2206 1405 2260 si
1451 2205 1517 2259 ad
1559 2206 1792 2277 aliquem
1835 2209 1918 2263 vel

352 2305 565 2359 pugnae,
594 2292 675 2345 vel
707 2292 871 2346 raedis
901 2307 1055 2347 usum
1089 2293 1432 2363 adhibetur):
1483 2294 1584 2350 hoc
1617 2296 1671 2350 in
1721 2311 1918 2364 genere

350 2382 553 2451 nuptiae
574 2390 722 2445 sunt,
751 2398 872 2453 qua:
898 2383 1052 2453 quasi
1082 2386 1333 2454 capulum
1364 2385 1594 2454 aliquem
1622 2386 1918 2443 artiﬁcioso

348 2485 514 2540 opere
573 2473 940 2538 illustratum,
1002 2475 1219 2544 politam
1278 2476 1567 2545 quamdam
1625 2477 1916 2547 voluptatis

351 2563 585 2631 speciem
623 2565 805 2633 gustui
836 2567 1361 2637 contrectationique
1387 2576 1589 2622 nostra:
1618 2583 1729 2638 pm
1752 2584 1811 2624 se
1837 2567 1916 2623 fe-

349 2660 496 2706 runt.
531 2652 665 2707 Cum
696 2669 828 2711 vero
854 2655 907 2709 in
940 2656 1193 2712 manibus
1221 2658 1342 2726 ejus
1359 2665 1508 2722 sunt,
1550 2658 1642 2728 qui
1678 2659 1796 2713 illas
1835 2667 1916 2712 at-

351 2742 553 2810 tigerit,
583 2743 782 2810 luctus,
812 2746 1264 2816 miseriarumque
1292 2748 1422 2817 ipsa:
1449 2749 1769 2806 mortalibus
1788 2764 1911 2803 cum

350 2828 652 2886 ell'ectrices
684 2834 989 2899 exsistant;
1026 2850 1207 2891 rerum
1230 2839 1452 2890 omnino
1481 2837 1747 2905 gravium,
1788 2854 1914 2907 quae

352 2935 538 2976 secum
571 2935 827 2977 connexa:
858 2932 1008 2987 sunt,
1036 2925 1243 3001 aditum
1276 2935 1624 2994 aperuerunt.

424 3008 549 3072 Haec
578 3013 903 3069 miserabilia
916 3017 1244 3084 spectacula,
1264 3017 1730 3088 lacrymarumque
1753 3020 1907 3090 plena

1938 3063 1980 3120 C

2015 1857 2222 1912 γουσιν.
2260 1843 2467 1913 Ὥσπερ
2494 1841 2599 1912 γὰρ
2625 1841 2717 1896 τοῦ
2752 1840 2935 1911 ξίφους
2966 1843 2998 1912 ή
3029 1841 3124 1911 μὲν
3153 1839 3292 1910 λαϐὴ
3323 1839 3441 1893 λεία
3483 1839 3589 1892 καὶ

2016 1934 2241 2005 εὐαφὴς,
2289 1935 2384 1988 καὶ
2429 1934 2838 2005 περιεξεσμὲνη,
2874 1933 2967 1987 καὶ
3017 1931 3321 1995 στίλϐουσα,
3364 1931 3459 1983 καὶ
3497 1931 3588 2001 τῷ

2014 2024 2167 2096 τύπῳ
2188 2026 2285 2096 τῆς
2310 2025 2563 2095 παλάμης
2592 2026 2908 2097 ὲμφυομένη
2931 2042 2944 2056 ·
2985 2023 3046 2077 τὸ
3070 2024 3126 2077 δὲ
3145 2022 3329 2076 λοιπὸν
3354 2021 3589 2091 σίδηρός

2015 2118 2151 2179 ἐστι,
2177 2116 2404 2170 θανάτου
2430 2116 2676 2187 ὄργανον,
2700 2115 2927 2187 φοϐερὸν
2962 2113 3060 2186 μὲν
3092 2114 3238 2175 ίδεῖν,
3270 2112 3587 2183 φοϐερώτε·

2019 2223 2108 2277 ρον
2139 2205 2195 2259 δὲ
2222 2207 2299 2269 είς
2320 2209 2512 2276 πεῖραν
2535 2205 2705 2259 ὲλθεῖν
2727 2223 2740 2237 ·
2757 2205 2995 2260 τοιοῦτόν
3013 2222 3064 2257 τι
3088 2204 3180 2258 καὶ⁵
3202 2206 3231 2257 ὁ
3249 2204 3418 2272 γάμος
3429 2203 3583 2266 ἐστὶ,

2015 2298 2260 2369 καθάπερ
2287 2297 2459 2368 λαϐήν
2474 2315 2593 2352 τινα
2620 2298 2687 2351 δι’
2720 2297 3027 2369 εὐμηχάνου
3052 2296 3267 2366 τορείας
3289 2294 3583 2367 ὠραϊσμέ-

2014 2406 2130 2459 νην,
2169 2388 2230 2441 τὸ
2267 2388 2407 2441 λεῖον
2444 2389 2538 2441 καὶ
2567 2387 2881 2442 ἐπιπόλαιον
2917 2388 3016 2457 τῆς
3051 2387 3242 2457 ἡδονῆς
3276 2387 3586 2458 προτείνων

2013 2454 2288 2549 τῖτέπαφῇ
2319 2479 2419 2547 τῆς
2449 2477 2780 2549 αἰσθήσεωςο
2811 2454 3027 2530 ἐπειδάν
3058 2454 3116 2530 εν
3151 2454 3583 2548 χερσὶ-γένηται

2010 2570 2105 2622 τοῦ
2136 2570 2430 2642 ἁψαμένου,
2465 2570 2559 2624 καλ⁵
2574 2569 2672 2639 τὴν
2703 2568 2811 2621 τῶν
2835 2568 3099 2636 ἀλγεινῶν
3125 2568 3421 2638 παρουσίαν
3448 2585 3590 2621 συν-

2012 2662 2269 2734 ημμένως
2300 2660 2416 2731 μεθ’
2440 2658 2634 2713 ἑαυτοῦ
2665 2659 2956 2727 συνήγαγε,
2987 2656 3211 2718 πένθους
3244 2658 3335 2710 καὶ
3365 2674 3588 2727 συμφο-

2015 2756 2122 2826 ρῶν
2151 2751 2477 2825 δημιουργὸς
2504 2753 2615 2816 τοῖς
2641 2749 2943 2821 ἀνθρώποις
2970 2750 3273 2819 γινόμενος.

2080 3014 2247 3084 Οὐτος
2277 3018 2444 3084 ἔδειξε
2473 3022 2542 3075 τὰ
2571 3018 2781 3073 ἐλεεινὰ
2816 3018 2909 3071 καί
2953 3016 3131 3086 πλήρη
3167 3012 3411 3086 δακρύων
3447 3012 3589 3069 θεά-

349 3099 587 3156 edidere.
659 3102 914 3158 Videmus
973 3105 1119 3160 enim
1180 3120 1324 3175 sazpe
1375 3107 1572 3161 liberos
1625 3108 1910 3163 immatura

2017 3130 2179 3183 ματα,
2217 3111 2409 3173 παῖδας
2440 3110 2497 3164 ὲν
2549 3108 2726 3179 ἀωρίξι⁵
2775 3107 2876 3176 τῆς
2915 3105 3124 3176 ἡλικίας
3157 3102 3590 3176 ἠρημωμένους.

350 3203 505 3248 aetate
531 3194 676 3249 solos
707 3196 948 3262 relictos,
1002 3198 1409 3268 potentiumque
1460 3198 1737 3253 hominum
1777 3217 1915 3271 pra:-

350 3282 434 3337 dae
447 3284 773 3353 propositos,
796 3285 891 3354 qui
918 3285 988 3341 ob
1021 3287 1284 3341 malorum
1315 3286 1638 3357 imperitiam
1671 3290 1911 3358 plerum-

348 3389 456 3444 que
488 3375 543 3429 in
570 3376 730 3432 rebus
761 3377 1004 3433 adversis
1031 3378 1227 3434 rident.
1269 3377 1561 3435 Viduitatis
1597 3396 1725 3435 vero
1761 3382 1912 3451 prin-

347 3465 550 3535 cipium
580 3473 633 3522 et
663 3480 828 3521 causa
852 3482 973 3536 qua:
1002 3468 1105 3522 alia
1148 3468 1270 3524 est?
1299 3468 1380 3522 An
1405 3485 1513 3524 non
1550 3472 1789 3541 nuptire?
1830 3473 1914 3528 di-

350 3557 583 3610 vortium
610 3557 777 3628 igitur
810 3558 877 3612 ab
910 3558 1398 3615 innumerabilibus
1422 3561 1506 3615 his
1520 3564 1774 3619 omnibus
1801 3581 1913 3618 ma-

350 3650 418 3706 lis
436 3650 770 3706 vacationem
801 3649 995 3713 habet,
1030 3649 1195 3720 idque
1221 3666 1327 3705 non
1356 3652 1577 3721 injuria.
1609 3653 1745 3709 Cum
1769 3657 1911 3709 enim

350 3741 664 3794 dissolvitur
695 3755 874 3809 poena,
904 3755 1026 3811 quae
1054 3751 1244 3796 contra
1273 3757 1389 3805 eos,
1418 3747 1512 3812 qui
1547 3744 1910 3811 deliquerunt,

352 3830 509 3883 initio
569 3838 772 3886 statuta
852 3840 963 3896 est,
1030 3839 1142 3885 ttnn
1202 3833 1392 3896 etiam,
1455 3836 1911 3904 quemadmodum

353 3920 616 3990 scriptum
670 3928 775 3985 est,
851 3936 959 3976 non
1023 3930 1256 3976 matrum
1325 3938 1583 3977 aerumna:
1655 3925 1914 3994 multipli-

349 4020 562 4075 cantur,
599 4026 773 4081 neque
809 4012 967 4066 dolor
1003 4012 1242 4067 hominis
1286 4022 1463 4067 ortum
1520 4015 1808 4083 praecedit:
1842 4017 1916 4069 si-

349 4100 460 4154 mul
487 4101 698 4156 sublata
730 4108 814 4158 est
850 4102 1063 4171 penitus
1088 4102 1388 4167 calamitas,
1419 4102 1654 4174 lacryma
1699 4120 1764 4158 ex
1795 4106 1913 4159 vul~

348 4192 495 4248 tibus
522 4202 600 4250 est
634 4194 834 4257 ablata,
870 4204 929 4250 ut
957 4195 1132 4264 inquit
1158 4193 1423 4264 Propheta
1458 4211 1472 4250 :
1509 4210 1683 4265 neque
1712 4197 1765 4250 in
1812 4196 1915 4250 iui-

348 4283 646 4352 quitatibus
693 4287 927 4356 amplius
968 4286 1272 4357 conceptio,
1325 4301 1499 4356 neque
1552 4287 1606 4341 in
1673 4289 1913 4356 peccatis

2013 3202 2106 3256 καὶ
2139 3201 2377 3273 λάφυρον
2405 3200 2795 3271 προκειμένους
2843 3199 2953 3259 τοῖς
2987 3195 3412 3259 δυναστεύουσιν,
3446 3195 3586 3247 ἑπι-

2014 3294 2331 3367 μειδιῶντοις
2382 3291 2639 3353 πολλάκις
2690 3289 2795 3343 ὑπὸ
2838 3288 2938 3357 τῆς
2977 3288 3083 3340 τῶν
3117 3287 3299 3341 κακῶν
3352 3286 3587 3353 ἀγνοίας

2010 3381 2087 3452 τῷ
2137 3382 2526 3451 δυστυχήματι.
2577 3378 2813 3449 Χηρείας
2840 3377 2895 3430 δὲ
2923 3376 3132 3445 γένεσις
3165 3377 3247 3438 τίς
3272 3375 3445 3439 ἄλλος,
3483 3378 3589 3430 καὶ

2009 3473 2129 3543 οὐχὶ
2149 3473 2322 3541 γάμος
2336 3472 2516 3534 ὲστίνς
2546 3469 2754 3523 Οὐκοῦν
2778 3471 2810 3540 ή
2838 3468 3179 3539 ἀναχώρησις
3197 3468 3400 3532 τούτου,
3436 3470 3591 3523 πάν-

2011 3580 2117 3616 των
2145 3563 2210 3616 ἁθ
2221 3563 2354 3633 ρόως
2394 3562 2501 3615 τῶν
2534 3560 2720 3614 κακῶν
2750 3559 2949 3613 τούτων
2977 3559 3445 3630 λειτουργημάτων
3477 3561 3592 3631 τὴν

2011 3654 2256 3708 ἀτέλειαν
2288 3652 2399 3723 ἔχει
2425 3669 2440 3684 ο
2482 3653 2576 3705 καὶ
2603 3651 2760 3705 οὐδὲν
2810 3650 3053 3709 ἀπεικός.
3100 3651 3270 3703 Ὅπου
3300 3647 3405 3721 γὰρ
3437 3651 3586 3703 άνα-

2010 3745 2193 3798 λύεται
2231 3746 2264 3815 ή
2295 3745 2352 3810 ἐξ
2383 3744 2553 3815 ἀρχῆς
2585 3743 2859 3813 ὁρισθεῖσα
2885 3741 3026 3793 κατὰ
3043 3740 3150 3793 τῶν
3188 3740 3587 3811 πεπλημμελη-

2012 3833 2182 3886 κότων
2241 3834 2563 3904 κατάκρισις
2603 3831 2806 3902 (οὐκέτι
2833 3830 2889 3883 δὲ
2929 3829 3134 3899 θλίψεις
3164 3831 3270 3882 τῶν
3302 3828 3582 3898 μητέρων,

2014 3925 2150 3979 κατὰ
2192 3923 2252 3978 τὸ
2308 3923 2688 3995 γεγραμμένον
2726 3923 3127 3992 πληθύνονται),
3157 3921 3275 3973 οὐδὲ
3295 3919 3433 3986 λύπη
3476 3920 3589 3988 τῆς

2011 4014 2353 4086 ἀνθρωπίνης
2374 4016 2692 4085 προηγεῖται
2718 4013 3005 4080 γενέσεως,
3047 4009 3402 4080 συνανῄρηται
3432 4007 3592 4062 πάν-

2011 4109 2183 4179 τωςή
2228 4106 2334 4160 ἀπὸ
2383 4104 2475 4159 τοῦ
2530 4105 2644 4174 βίου
2693 4103 2964 4175 συμφορὰ,
3023 4101 3118 4155 καὶ
3157 4100 3427 4170 ἀφῄρηται
3462 4098 3590 4153 τῶν

2012 4200 2316 4271 προσώπων
2346 4198 2405 4253 τὸ
2427 4198 2678 4267 δάκρυον,
2706 4195 2885 4259 καθώς
2916 4211 3077 4265 φησιν
3111 4196 3137 4248 ὁ
3162 4194 3476 4264 Προφήτης.
3501 4194 3593 4246 Οὐ

2011 4290 2118 4359 γὰρ
2149 4291 2205 4341 ὲν
2238 4288 2483 4358 ἀνομίαις
2509 4285 2707 4356 ὲστὶνή
2744 4284 3001 4354 σύλληψις
3029 4283 3130 4343 ἐτι,
3157 4281 3274 4335 οὐδὲ
3312 4283 3370 4333 ὲν
3387 4281 3589 4350 ἁμαρ-

348 4383 559 4445 partus,
588 4392 764 4447 neque
790 4393 857 4432 ex
890 4379 1171 4448 sanguine.
1200 4392 1375 4446 neque
1395 4393 1460 4432 ex
1494 4379 1772 4434 voluntate
1787 4382 1909 4443 viri.

2013 4381 2152 4442 τίαις
2180 4381 2213 4451 ἡ
2246 4378 2438 4449 κύησις
2458 4394 2471 4408 ·
2507 4377 2624 4430 οὐδὲ
2651 4376 2711 4441 ἐξ
2735 4376 3003 4446 αἱμάτων,
3026 4374 3149 4427 οὐδὲ
3184 4376 3248 4426 ὲκ
3275 4372 3595 4440 θελήματος

349 4482 524 4536 neque
551 4483 616 4521 ex
650 4470 923 4523 voluntate
948 4469 1153 4530 carnis,
1203 4468 1296 4523 sed
1332 4470 1607 4523 voluntate
1643 4468 1733 4524 Dei
1786 4486 1911 4540 pro-

348 4555 551 4610 creatio
579 4554 635 4609 fit
661 4555 727 4612 ’³.
759 4555 966 4609 Etenim
1002 4570 1123 4609 cum
1160 4555 1530 4627 incorruptam
1563 4556 1789 4624 spiritus
1831 4555 1913 4610 in-

351 4646 653 4716 tegritatem
716 4645 840 4700 vivo
896 4645 1060 4699 corde
1115 4645 1240 4716 quis
1276 4646 1535 4713 concipit.
1590 4645 1909 4714 sapientiam

349 4734 459 4798 hic,
494 4734 787 4805 justitiam,
819 4735 1233 4790 sanctimoniam
1267 4738 1429 4806 parit,
1469 4735 1771 4806 eodemque
1797 4752 1914 4790 mo-

349 4825 420 4879 do
464 4826 907 4896 redemptionem.
943 4826 1152 4896 Cuique
1183 4827 1326 4882 enim
1376 4827 1522 4887 licet.
1578 4841 1637 4880 se
1684 4834 1912 4882 matrem

349 4928 472 4970 csse
506 4914 626 4981 ejus
658 4916 749 4984 qui
769 4916 882 4970 hzec
912 4917 1006 4977 sit,
1038 4923 1099 4972 ut
1121 4914 1352 4985 quodam
1385 4916 1504 4969 loco
1523 4915 1598 4970 ait
1619 4914 1911 4984 Dominus;

348 5004 628 5076 quoniam,
659 4994 857 5075 inquit,
894 5024 913 5057 ι
941 5006 1043 5072 Qui
1071 5007 1196 5059 facit
1227 5006 1561 5061 voluntatem
1595 5023 1789 5074 meam,
1825 5007 1914 5063 hic

348 5107 397 5153 et
430 5091 616 5159 fratc'r,
646 5106 700 5152 et
743 5112 920 5163 soror,
975 5105 1029 5151 et
1070 5105 1242 5150 mater
1291 5112 1407 5150 mea
1441 5106 1526 5152 est
1552 5097 1617 5153 “.
1660 5116 1677 5149 ι
1740 5097 1909 5165 Quem

347 5187 511 5257 igitur
550 5188 727 5241 locum
767 5186 822 5242 in
865 5188 947 5242 his
977 5185 1222 5257 partibus
1257 5201 1404 5242 mors
1440 5185 1638 5243 habet?
1668 5186 1747 5243 Re
1785 5204 1908 5244 vera

345 5277 398 5331 in
434 5276 542 5332 illis
568 5292 598 5330 a
629 5278 736 5331 vita
773 5292 919 5331 mors
946 5285 1028 5331 est
1049 5274 1305 5347 absorpta
1332 5294 1346 5331 :
1384 5277 1774 5348 virginalisquc
1797 5280 1907 5335 vita

348 5368 495 5424 illius
524 5368 690 5423 futuri
720 5367 817 5423 aevi
848 5367 1200 5426 beatitudinis
1252 5370 1429 5441 imago
1483 5371 1728 5442 quaedam
1788 5386 1909 5429 esse

346 5457 579 5525 videtur,
611 5475 734 5516 cum
767 5461 935 5516 multa
963 5476 1149 5517 secum
1185 5461 1340 5534 signa
1392 5463 1606 5518 illorum
1646 5463 1909 5522 bonorum

418 5637 464 5671 ³³
488 5635 643 5694 Joan.
672 5657 712 5706 t,
754 5640 838 5697 l3.
917 5640 959 5674 “
997 5639 1184 5696 Matth.
1220 5653 1317 5703 xit,

1253 5813 1288 5854 \

2007 4467 2194 4539 ἀνδρὸς
2237 4466 2330 4520 καὶ
2355 4468 2418 4519 ὲκ
2447 4465 2748 4534 θελήματος
2782 4464 3004 4532 σαρκὸς,
3029 4463 3142 4517 ἀλλ’
3173 4464 3237 4515 ὲκ
3256 4459 3386 4514 Θεοῦ
3411 4460 3593 4529 μόνου

2007 4561 2040 4630 ἡ
2071 4560 2321 4628 γέννησις
2372 4558 2598 4627 γίνεται.
2618 4556 2784 4609 Τοῦτο
2811 4554 2867 4608 δὲ
2894 4555 3122 4630 γίνεται,
3178 4554 3306 4605 ὅταν
3335 4550 3593 4621 συλλαμ-

2008 4608 2157 4722 έάξιῆ
2414 4608 2481 4702 ἐνί
2502 4648 2577 4719 τῷ
2598 4646 2810 4717 ζωτικῷ
2834 4608 2933 4716 τῆς
2969 4608 3193 4717 κάρδίας
3240 4644 3335 4714 τὴν
3364 4608 3601 4713 ἀφθαρ-

2008 4744 2129 4796 σίαν
2148 4740 2241 4796 τοῦ
2265 4742 2570 4811 πνεύματος
2591 4756 2606 4770 ’
2639 4740 2813 4793 τίκτει
2855 4738 2913 4791 δὲ
2949 4737 3139 4807 σοφίαν
3169 4737 3262 4789 καὶ
3297 4733 3595 4788 δικαιοσύ-

2014 4848 2133 4903 νην,
2160 4828 2426 4898 ἁγιασμὸν
2444 4827 2703 4891 ὡσαύτως
2728 4826 2821 4880 καὶ
2848 4824 3244 4895 ἀπολύτρωσιν.
3272 4820 3443 4874 Παντὶ
3470 4820 3601 4891 γὰρ

2015 4920 2188 4986 ἔξεστι
2210 4920 2424 4991 μητέρα
2453 4918 2703 4988 γενέσθαι
2729 4916 2823 4970 τοῦ
2853 4915 3027 4970 ταῦτα
3048 4914 3219 4975 ὄντος,
3243 4908 3422 4971 καθώς
3442 4910 3599 4976 φησί

2015 5030 2115 5066 που
2176 5013 2204 5066 ὁ
2255 5010 2469 5082 Κύριος,
2502 5012 2585 5064 ὃτι
2622 5028 2643 5061 ι
2697 5011 2756 5062 '0
2790 5009 2851 5061 τὸ
2882 5005 3094 5076 θέλημά
3129 5022 3229 5075 μου
3260 5000 3450 5063 ποιῶν,
3481 5000 3599 5054 καὶ

2011 5104 2235 5172 ἁδελφὸς
2264 5103 2357 5157 καὶ
2381 5101 2580 5172 ἀδελφὴ
2604 5100 2695 5155 καὶ
2726 5100 2907 5171 μήτηρ
2941 5114 3043 5168 μου
3076 5093 3241 5148 ἐστίν.
3271 5111 3288 5142 ι
3314 5090 3445 5143 Τίνα
3473 5087 3595 5159 χὼ-

2016 5210 2111 5265 ραν
2157 5192 2269 5262 ἔχει
2314 5192 2407 5245 ἐπὶ
2456 5191 2658 5243 τούτων
2699 5187 2992 5257 κυημάτων
3035 5185 3063 5236 ὁ
3099 5181 3324 5241 θάνατος
3348 5194 3364 5238 ς
3391 5176 3594 5238 Dicam;

2015 5283 2284 5352 κατεπόθη
2315 5284 2374 5335 ὲν
2406 5281 2635 5343 ἐκείνοις
2683 5282 2712 5332 ὁ
2758 5277 2985 5338 θάνατος
3021 5274 3123 5328 ὐπὸ
3143 5272 3239 5340 τῆς
3271 5267 3418 5336 ζωῆς
3440 5281 3454 5295 ’
3489 5265 3593 5317 καὶ

2012 5376 2186 5429 ἔοικεν
2207 5371 2367 5426 εἰκών
2390 5389 2470 5435 τις
2492 5368 2629 5424 εἶναι
2645 5369 2744 5439 τῆς
2770 5370 2828 5420 ὲν
2848 5366 2924 5438 τῷ
2946 5364 3188 5436 μέλλοντι
3216 5359 3370 5413 αἰῶνι
3401 5372 3589 5428 μακα-

2022 5465 2264 5538 ριότητος
2292 5466 2321 5520 ὁ
2356 5465 2413 5518 ὲν
2447 5462 2711 5543 παρθενίᾳ
2744 5459 2879 5531 βίος,
2909 5456 3080 5513 πολλὰ
3106 5455 3287 5527 φέρων
3316 5452 3374 5506 ἐν
3399 5447 3589 5519 ἑαυτῷ
