3896 6204
266 273 368 330 581

1607 276 1694 333 DE
1727 272 2194 334 VlRGlNlTATE.

3414 270 3523 328 382

262 392 384 447 τῶν
413 393 480 447 δι’
514 392 729 457 ἐλπίδος
773 393 1153 465 ἀποκειμένων
1211 393 1433 464 ἀγαθῶν
1469 394 1845 466 γνωρίσματα.

1963 394 2162 458 itl‘erat,
2192 410 2313 465 qua:
2350 410 2415 449 ex
2454 410 2551 464 spe
2588 395 2748 451 nobis
2773 393 3052 467 proposita
3077 399 3133 447 et
3160 397 3346 461 parata
3371 399 3521 441 sunt.

272 484 440 538 Ἔστι
462 484 519 539 δὲ
560 485 852 554 ἐπιγνῶναι
893 487 991 558 τὴν
1016 486 1126 541 τῶν
1148 487 1456 560 εἰρημένων
1475 486 1734 558 ἀλήθειαν
1758 486 1851 539 τὸν

269 569 441 638 λόγον
481 571 933 637 κατεξετάζοντας
961 590 977 607 ο
1005 576 1220 646 πρῶτον
1262 576 1361 647 μὲν
1404 576 1487 630 ὅτι
1512 579 1578 647 τῇ
1607 575 1853 648 ἁμαρτίᾳ

274 660 532 727 καθάπαξ
558 662 864 729 ἀποθανὼν,
886 662 955 735 ζῇ
972 665 1035 718 τὸ
1061 665 1244 722 λοιπὸν
1274 666 1353 737 τῷ
1371 665 1491 736 Θεῷ
1503 666 1686 720 οὐκέτι
1715 682 1851 737 καρ-

276 752 533 821 ποφορῶν
561 752 641 824 τῷ
665 753 905 826 θανάτῳ,
941 756 1038 810 καὶ
1073 758 1197 811 ὅσον
1225 757 1285 812 τὸ
1319 758 1404 827 ἐφ’
1438 755 1618 829 ἑαυτῷ
1661 755 1849 811 συντι-

274 841 425 895 λειαν
448 844 548 913 τῆς
579 846 725 899 κατά
757 847 936 919 σάρκα
956 847 1101 919 ζωῆς
1140 850 1199 902 ὲν
1226 850 1405 920 ἑαυτῷ
1434 852 1687 920 ποιήσας,
1714 851 1849 904 ἀνα-

274 936 429 1005 μένει
471 937 659 991 λοιπὸν
707 938 806 1008 τὴν
850 941 1128 1011 μακαρίαν
1159 941 1351 995 ἐλπίδα
1396 942 1490 997 καὶ
1532 943 1851 1011 ἐπιφάνειαν

269 1024 371 1079 τοῦ
404 1026 644 1096 μεγάλου
691 1028 848 1095 Θεοῦ,
875 1030 1025 1084 οὐδὲν
1073 1030 1345 1102 διάστημα
1369 1033 1570 1102 μεταξὺ
1601 1031 1765 1086 αὐτοῦ
1790 1048 1851 1084 τε

273 1118 373 1169 καὶ
398 1118 497 1187 τῆς
534 1119 843 1185 παρουσίας
883 1120 976 1174 τοῦ
1028 1120 1165 1175 Θεοῦ
1196 1122 1285 1177 διὰ
1313 1123 1420 1177 τῶν
1440 1123 1529 1176 διά
1561 1122 1726 1193 μέσου
1753 1137 1851 1191 γε-

271 1209 415 1263 νεῶν
438 1210 825 1282 ἐργαζόμενος.
854 1208 983 1266 Εἶτα
1002 1214 1030 1268 ὃ
1049 1231 1101 1267 τι
1129 1213 1401 1283 ἐξαίρετον
1423 1214 1533 1268 τῶν
1558 1215 1614 1266 ὲν
1638 1215 1704 1284 τῇ
1729 1214 1854 1267 ἀνα-

274 1300 463 1354 στάσει
497 1301 699 1367 καλῶν,
734 1304 827 1356 καὶ
859 1304 918 1356 ἐν
952 1304 1030 1374 τῷ
1058 1305 1283 1375 παρόντι
1309 1303 1612 1376 καρποῦται
1638 1303 1758 1374 βίῳ.
1790 1304 1853 1357 Εί

273 1392 385 1464 γάρ
420 1394 711 1462 ίσάγγελος
732 1396 766 1465 ἡ
797 1394 910 1464 ζωὴ
928 1397 962 1465 ἡ
993 1395 1132 1464 μετὰ
1148 1395 1247 1466 τὴν
1264 1396 1559 1453 ἀνάστασιν
1589 1395 1740 1466 παρά
1758 1394 1852 1448 τοῦ

272 1484 621 1553 Κυρίοψτοϊς
675 1485 903 1548 δικαίοις
944 1485 1274 1555 ἐπήγγελται
1293 1503 1309 1519 ·
1347 1485 1447 1556 τῆς
1474 1485 1531 1539 δὲ
1556 1485 1855 1554 ἀγγελικῆς

274 1574 493 1640 φύσεως
535 1574 667 1628 ἴδιον
708 1574 773 1628 τὺ
804 1574 1149 1644 ἀπηλλάχθαι
1179 1575 1275 1628 τοῦ
1319 1575 1498 1645 γάμου
1533 1575 1679 1628 ἐστίν
1700 1591 1714 1607 ο
1750 1574 1848 1645 ήδη

274 1665 526 1718 δέδεκται
564 1666 633 1719 τά
657 1664 758 1735 τῆς
802 1665 1137 1733 ἐπαγγελίας
1172 1666 1332 1725 καλὰ.
1362 1668 1481 1729 ταῖς
1509 1665 1854 1735 λαμπρότησι

1952 486 2028 538 Ac
2058 485 2338 540 veritatem
2372 499 2560 540 eorum
2616 500 2736 555 qua:
2772 486 3032 547 diximus,
3070 482 3381 554 perspicere
3437 485 3519 531 est

1951 575 2197 630 oratione
2247 576 2642 630 examinanda:
2683 576 2914 645 primum
2960 574 3106 629 enim
3152 570 3375 642 quidem
3426 568 3519 637 qui

1951 672 2175 732 peccato
2203 679 2429 733 prorsus
2462 666 2712 726 moritur,
2749 664 2856 718 Deo
2902 663 2949 717 is
2982 676 3145 731 porro
3196 658 3348 723 vivit,
3394 672 3518 711 cum

1951 754 2161 807 nullum
2191 754 2426 822 amplius
2455 756 2616 808 morti
2647 754 2883 809 fructum
2926 754 3381 822 pariat-,cumque
3397 748 3521 801 vita:

1954 844 2138 911 hujus,
2161 859 2283 913 quae
2310 845 2610 899 secundum
2641 860 2859 899 carnem
2893 843 3197 898 traducitur
3243 855 3342 908 pro
3389 837 3524 891 viri-

1940 918 1989 989 li
2017 936 2543 990 consummationem
2574 934 2882 1005 perfecerit,
2911 934 3126 989 beatam
3164 944 3329 1000 porro
3368 940 3525 997 spem

1952 1034 2116 1093 atque
2149 1026 2440 1082 adventum
2487 1028 2665 1094 magni
2700 1025 2791 1079 Dei
2837 1032 3138 1095 exspectat,
3202 1037 3302 1076 nec
3352 1020 3524 1073 ullum

1951 1113 2094 1168 inter
2126 1128 2187 1168 se
2214 1112 2423 1183 Deique
2448 1113 2737 1167 adventum
2758 1128 2853 1183 per
2879 1111 3191 1180 interjectas
3214 1107 3526 1178 generatio—

1952 1218 2052 1258 nes
2090 1204 2378 1259 constituit
2428 1204 2793 1259 intervallum.
2828 1202 3033 1256 Deinde
3073 1216 3193 1269 quae
3227 1200 3279 1252 iu
3339 1211 3525 1252 resur-

1953 1297 2196 1350 rectione
2226 1294 2464 1348 maxime
2495 1296 2760 1364 praecipua
2812 1292 2950 1347 bona
3001 1283 3151 1354 sunt,
3190 1288 3260 1342 iis
3317 1287 3372 1340 in
3426 1285 3528 1338 hac

1953 1388 2062 1441 vita
2093 1386 2313 1441 fruitur.
2355 1386 2413 1440 Si
2444 1387 2590 1441 enim
2622 1387 2730 1440 vita
2781 1384 3097 1454 angelorum
3153 1379 3352 1435 similis
3404 1382 3529 1447 post

1954 1475 2417 1530 resurrectionem
2447 1489 2477 1527 a
2508 1473 2618 1528 Deo
2645 1475 2809 1543 justis
2834 1473 2968 1528 viris
2992 1469 3352 1542 promittitur,
3392 1463 3525 1519 illud

1954 1569 2273 1636 angelorum
2305 1575 2515 1620 natura;
2544 1566 2824 1635 proprium
2852 1571 2956 1625 est,
2987 1570 3045 1615 ut
3087 1559 3200 1616 sint
3241 1573 3270 1611 a
3317 1554 3528 1625 nuptiis

1956 1655 2141 1709 alieni.
2202 1653 2323 1708 Jam
2380 1652 2760 1722 promissionis
2804 1650 3026 1723 praemia
3076 1648 3125 1703 is
3161 1646 3387 1715 accepit,
3432 1641 3527 1713 qui

276 1756 391 1808 τῶν
433 1756 606 1824 ἁγίων
661 1731 1114 1827 ἀναμιγνύμενος,
1170 1758 1265 1811 καὶ
1311 1756 1389 1827 τῷ
1429 1731 1713 1827 ἀμολύντιρ
1754 1731 1853 1827 si};

1963 1753 2275 1801 sanctorum
2340 1743 2583 1797 virorum
2644 1741 3032 1811 splendoribus
3094 1738 3258 1793 simul
3334 1735 3528 1796 eluxit,

283 1845 438 1916 ζωῆς
492 1846 591 1917 τὴν
616 1846 960 1918 καθαρότητα
1002 1847 1112 1901 τῶν
1152 1848 1460 1918 ἀσωμάτων
1496 1847 1848 1918 μιμούμενος.

283 1937 353 1990 Εἰ
378 1932 471 1989 οὖν
496 1935 694 1989 τούτων
738 1935 834 1990 καὶ¹
883 1935 991 1989 τῶν
1019 1935 1272 1990 τοιούτων
1316 1937 1345 2006 ἡ
1374 1935 1636 2006 παρθενία
1664 1935 1853 2004 γέγονε

282 2028 561 2100 πρόξενος,
591 2028 674 2092 τίς
719 2028 819 2099 μὲν
867 2028 1021 2095 λόγος
1063 2027 1301 2092 ἐπαξίως
1341 2028 1442 2101 τὴν
1467 2028 1626 2099 χάριν
1650 2026 1854 2097 ταύτην

280 2114 622 2185 θαυμάσεται
649 2131 666 2181 ;
718 2115 785 2168 Τί
840 2114 898 2169 δὲ
951 2116 1125 2170 ἄλλων
1156 2116 1265 2170 τῶν
1292 2118 1391 2187 τῆς
1426 2115 1602 2187 ψυχῆς
1632 2115 1854 2184 ἀγαθῶν

271 2203 421 2258 οὕτω
448 2206 751 2275 φανήσεται
786 2206 928 2276 μέγα
956 2206 1051 2259 καὶ
1086 2205 1289 2275 τίμιον,
1331 2205 1406 2271 ὡς
1437 2208 1506 2277 τῇ
1555 2205 1854 2276 τελειότητι

270 2295 449 2367 ταύτῃ
484 2295 866 2368 παρισωθῆναι
891 2296 979 2351 διά
1012 2298 1390 2369 συγκρίσεως;

880 2496 1125 2550 ΚΕΦᾹΛ.
1157 2498 1255 2552 ΙΔ’.

274 2604 410 2661 ὀτι
448 2607 490 2673 ἡ
515 2606 751 2675 ἀληθὴς
788 2609 1084 2748 πειρὲἓῖὶὲιέ
1086 2679 1112 2730 ἴ
1109 2609 1202 2733 1:"
1206 2606 1398 2733 ’παντί
1437 2604 1855 2681 ἐπιτηδεύματι

972 2698 1220 2733 ωοειται.

360 2766 505 2819 Ἀλλ’
530 2768 582 2820 εί
619 2784 749 2822 κατε
758 2728 1220 2843 ιληπτξι-ἶιξέέξῆ
1262 2728 1534 2843 ὁπερὸολὴ
1565 2769 1660 2825 τοῦ
1692 2772 1850 2844 χαρί-

276 2875 508 2929 σματος,
539 2860 768 2914 συνιδεῖν
792 2863 1058 2933 προσήκει
1100 2863 1276 2918 καὶτὸ
1312 2861 1621 2928 ἀκόλουθον,
1650 2864 1732 2919 ὅτι
1759 2866 1858 2937 οὐχ

276 2947 511 3012 ἁπλοῦν,
535 2949 613 3012 ὡς
637 2950 704 3003 ἀν
725 2966 812 3013 τις
824 2949 1052 3021 οἰηθείη,
1074 2950 1135 3004 τὸ
1161 2952 1488 3023 κατόρθωμα
1510 2951 1668 3006 τοῦτό
1687 2955 1855 3019 ἐστιν,

1953 1837 2115 1905 quive
2142 1833 2308 1888 nullis
2338 1832 2462 1886 vitae
2485 1830 2744 1886 sordibus
2773 1846 2985 1894 eorum,
3030 1829 3123 1900 qui
3170 1840 3400 1897 corpore
3437 1838 3532 1879 ca-

1954 1932 2095 1987 rent,
2129 1938 2322 1993 puram
2356 1932 2441 1977 est
2471 1929 2722 1976 naturam
2762 1922 3026 1976 imitatus.
3064 1918 3433 1985 Quamobrem
3481 1913 3532 1970 si

1953 2015 2149 2070 barum
2201 2021 2632 2084 caeterarumque
2675 2011 2989 2082 hujusmodi
3020 2025 3202 2066 rerum
3252 2005 3531 2078 virginitas

1952 2105 2292 2163 conciliatrix
2323 2113 2429 2171 est,
2459 2120 2578 2175 quae
2609 2120 2741 2161 sane
2776 2104 2951 2159 oratio
2972 2101 3137 2170 hujus
3169 2101 3413 2155 muneris
3431 2097 3530 2152 ad-

1955 2198 2301 2253 mirationem
2329 2198 2463 2254 satis
2476 2196 2769 2254 excitabit?
2799 2194 2929 2262 Quae
2950 2195 3163 2264 reliqua
3189 2192 3356 2247 animi
3389 2192 3532 2245 bona

1954 2293 2028 2347 ita
2059 2307 2277 2365 magna,
2308 2300 2471 2359 atque
2500 2289 2637 2344 adeo
2665 2287 2905 2357 perfecta
2928 2286 3277 2346 videbuntur,
3304 2290 3362 2336 ut
3383 2297 3533 2335 com-

1955 2382 2238 2439 paratione
2270 2380 2434 2445 facta,
2464 2377 2792 2450 perfectioni
2843 2376 2972 2432 huic
2997 2376 3281 2444 adaequata
3310 2370 3461 2428 sint?

2539 2488 2768 2545 CAPUT
2799 2487 2939 2543 XIV.

2056 2599 2124 2655 In
2155 2601 2397 2655 omnibus
2427 2599 2622 2655 studiis
2655 2615 2778 2653 vera
2822 2597 3102 2668 virginitas
3136 2602 3425 2665 spectatur.

2027 2751 2134 2809 Sed
2168 2749 2217 2809 si
2266 2751 2433 2822 hujus
2483 2750 2726 2807 muneris
2762 2749 3074 2821 praeStantia
3102 2765 3132 2802 a
3164 2747 3325 2803 nobis
3372 2760 3531 2801 com-

1954 2853 2109 2917 perta
2133 2857 2239 2911 est,
2272 2844 2404 2899 illud
2430 2860 2563 2900 sane
2592 2845 2780 2906 etiam,
2814 2841 2960 2913 quod
2992 2840 3265 2910 sequitur,
3314 2837 3534 2907 expedit

1957 2946 2017 2993 ut
2041 2938 2432 3008 intelligamus,
2463 2937 2720 3006 quoniam
2751 2950 2859 2990 nor.
2887 2934 3118 3003 simplex
3148 2941 3253 2995 est,
3286 2937 3346 2983 ut
3368 2928 3535 2983 alicui

271 3036 404 3091 οὐδὲ
437 3037 605 3109 μέχρι
639 3037 749 3093 τῶν
784 3040 1049 3110 σωμάτων
1079 3022 1384 3112 ἱστάμενον,
1419 3042 1533 3095 ἀλλ’
1562 3044 1654 3097 ιπι
1680 3045 1855 3098 πάντα

1963 3028 2102 3085 forte
2134 3030 2405 3094 videatur,
2438 3030 2541 3084 hoc
2570 3028 2873 3099 perfectum
2902 3026 3237 3095 virginitatis
3266 3022 3531 3085 oiiicium,

268 3127 470 3198 διῆκον
504 3129 600 3181 καὶ
636 3128 910 3183 διαϐαῖνον
950 3133 1018 3202 τῇ
1054 3132 1288 3202 ἐπινοίᾳ,
1323 3133 1424 3186 ὅσα
1453 3133 1854 3207 κατορθώματα

269 3217 461 3288 ψυχῆς
486 3217 604 3271 εστι
634 3218 728 3271 καὶ
759 3219 1057 3289 νομίζεται.
1102 3222 1168 3275 Ἠ
1214 3221 1323 3292 γάρ
1347 3221 1426 3293 τῷ
1456 3222 1693 3294 ἀληθινῷ
1724 3243 1857 3295 νυμ-

276 3307 395 3377 φίῳ
429 3307 894 3379 προσκολληθεῖσα
922 3309 1011 3363 διά
1041 3310 1339 3381 παρθενίας
1386 3311 1554 3383 ψυχὴ,
1599 3314 1661 3366 οὐ
1697 3314 1857 3384 μόνον

276 3400 394 3453 τῶν
423 3398 752 3469 σωματικῶν
782 3399 1138 3470 μολυσμάτων
1166 3400 1365 3470 ἑαυτὴν
1397 3402 1716 3473 ἀποστήσει,
1742 3402 1856 3456 ἀλλ’

281 3489 537 3542 ἐντεῦθεν
581 3489 682 3560 μὲν
726 3488 948 3560 ἄρξεται
984 3493 1084 3562 τῆς
1113 3492 1504 3563 καθαρότητος,
1552 3493 1645 3547 ἐπὶ
1683 3493 1859 3548 πάντα

282 3580 343 3635 δὲ
370 3580 574 3649 ὁμοίως
617 3579 711 3633 καὶ
747 3580 885 3650 μετά
924 3580 1024 3650 τῆς
1062 3581 1180 3651 ῐσης
1220 3582 1517 3652 ἀσφαλείας
1547 3583 1856 3655 πορεύεται,

284 3670 378 3723 καὶ
409 3668 682 3722 δεδοικυῖα
723 3669 904 3738 μήπου
937 3669 1033 3739 τῆς
1064 3669 1288 3741 καρδίας
1317 3669 1468 3742 παρά
1498 3668 1560 3723 τὸ
1591 3670 1707 3725 δέον
1736 3672 1859 3724 ὲπι-

285 3757 591 3826 κλιθείσης,
618 3756 851 3829 πονηροῦ
878 3774 1020 3821 τινος
1053 3759 1305 3829 κοινωνίᾳ
1328 3760 1572 3830 μοιχικὸν
1607 3777 1661 3813 τι
1691 3760 1860 3823 πάθος

286 3847 432 3900 κατά
491 3844 558 3896 τὸ
602 3845 759 3915 μέρος
792 3847 966 3899 ἐκεῖνο
1027 3847 1402 3918 προσδέξηται.
1455 3843 1581 3903 Οἷόν
1617 3866 1669 3901 τι
1718 3846 1862 3917 λέγω

290 3938 481 4003 (πάλιν
504 3934 616 4005 γὰρ
666 3934 750 3988 τὸν
793 3936 947 4007 λόγον
976 3937 1434 4008 ἐπαναλήψομαψ
1468 3937 1536 3991 Ἠ
1572 3938 1649 4010 τῷ
1674 3939 1863 4011 Κυρίῳ

292 4022 757 4094 προσκολληθεῖσα
790 4024 937 4096 ψυχὴ
972 4028 1051 4089 είς
1079 4026 1140 4079 τὸ
1170 4028 1420 4095 γενέσθαι
1456 4028 1589 4100 πρὸς
1612 4027 1774 4081 αὐτὸν
1803 4030 1862 4082 ἐν

294 4113 534 4184 πνεῦμα,
561 4112 809 4183 καθάπερ
837 4114 1127 4184 ὁμολογίαν
1148 4115 1267 4168 τινὰ
1296 4114 1668 4187 συμόιωτικὴν
1697 4132 1864 4170 κατα-

292 4205 492 4276 θεμένη
529 4204 590 4257 τὺ
623 4205 783 4276 μόνον
816 4206 1020 4259 ἐκεῖνον
1053 4207 1271 4277 ἀγαπᾷν
1300 4206 1361 4272 ἐξ
1389 4206 1516 4276 ὅλης
1553 4207 1779 4279 καρδίας
1802 4224 1862 4261 τε

291 4298 383 4349 καὶ
425 4294 735 4365 δυνάμεως,
781 4296 903 4349 οὔτε
930 4299 996 4368 τῇ
1035 4297 1261 4369 πορνείᾳ
1310 4299 1860 4369 προσκολληθήσεται,

1961 3138 2139 3193 neque
2190 3122 2245 3176 in
2299 3136 2528 3190 corpore
2579 3120 2757 3176 solum
2810 3117 3084 3180 consistit,
3142 3115 3239 3171 sed
3279 3114 3537 3184 opinione

1960 3215 2122 3271 etiam
2163 3214 2230 3268 ad
2275 3215 2457 3267 omnia
2492 3209 2741 3280 pervenit
2778 3223 2843 3261 ac
2889 3208 3143 3277 pertinet,
3196 3218 3537 3274 quaecunque

1963 3312 2110 3361 recta
2143 3305 2310 3360 animi
2344 3302 2514 3357 otiicia
2546 3308 2601 3355 et
2627 3308 2756 3355 sunt
2786 3307 2841 3354 et
2873 3298 3165 3352 habentur.
3196 3296 3328 3350 Nam
3366 3295 3535 3366 virgi-

1963 3398 2151 3452 nitatis
2179 3395 2431 3467 praesidio
2478 3394 2696 3449 animus
2742 3407 2867 3447 cum
2909 3406 3040 3446 vero
3070 3405 3272 3460 sponso
3296 3388 3535 3457 conjun-

1963 3497 2088 3544 ctus
2120 3503 2230 3542 non
2262 3502 2293 3541 a
2322 3485 2602 3555 corporeis
2634 3483 2797 3538 modo
2823 3483 3080 3540 sordibus
3104 3498 3164 3537 se
3205 3482 3323 3551 ipse
3358 3494 3537 3534 remo-

1964 3581 2134 3648 vebit,
2182 3579 2278 3637 sed
2315 3580 2443 3636 inde
2474 3580 2637 3634 etiam
2673 3578 2953 3649 profectus
2977 3577 3043 3631 ad
3087 3575 3409 3631 munditiem
3442 3589 3538 3642 ag-

1964 3674 2264 3746 gredietur,
2311 3674 2377 3727 ad
2408 3674 2699 3742 omniaque
2729 3671 2843 3742 pari
2878 3672 3007 3725 item
3056 3668 3350 3726 securitate
3400 3666 3534 3719 ibit:

1968 3762 2098 3817 illud
2124 3769 2305 3816 tamen
2354 3760 2809 3831 pertimescenda,
2844 3775 2911 3814 ne.
2943 3760 3133 3829 aliquo
3161 3757 3323 3813 modo
3357 3753 3426 3809 ad
3460 3752 3537 3808 rei

1966 3867 2147 3923 prave
2175 3851 2491 3908 societatem
2532 3850 2698 3905 corde
2741 3852 2883 3920 plus,
2913 3865 3075 3919 quam
3112 3864 3211 3918 par
3241 3855 3346 3909 cst,
3382 3845 3540 3899 incli-

1968 3951 2116 4007 nato,
2146 3942 2487 3998 affectionem
2518 3942 2756 4012 aliquam
2792 3958 2857 3996 ex
2892 3957 2954 3996 ea
2996 3948 3148 4010 parte
3177 3937 3537 3992 adnlterinam

1967 4035 2166 4104 capiat.
2196 4032 2360 4090 Verbi
2388 4033 2564 4105 gratia
2599 4034 2941 4102 (sermonem
2973 4031 3116 4085 cuitu
3160 4044 3351 4082 rursus
3387 4040 3539 4094 repe-

1968 4127 2131 4191 tam),
2189 4127 2408 4181 animus
2452 4125 2543 4193 qui
2598 4139 2722 4179 cum
2771 4124 2998 4177 Domino
3044 4120 3270 4189 junctus
3317 4127 3424 4178 est,
3478 4123 3539 4169 ut

1968 4230 2114 4271 unus
2148 4214 2213 4268 ad
2247 4230 2370 4270 eum
2422 4214 2651 4281 spiritus
2682 4212 2962 4274 cﬂicriatur,
3011 4223 3245 4276 cumque
3277 4214 3538 4275 tanquam

1970 4302 2190 4376 aliquod
2226 4304 2534 4359 communis
2576 4303 2700 4357 vita:
2728 4309 2942 4372 pactum
2979 4315 3103 4354 cum
3134 4314 3200 4354 eo
3232 4297 3440 4360 fecerit,
3478 4302 3539 4350 ut

284 4387 375 4440 ινα
441 4386 522 4457 μὴ
559 4386 783 4457 γένηται
818 4386 975 4457 σῶμα
1006 4388 1064 4440 ἓν
1086 4387 1221 4458 πρὸς
1266 4388 1434 4457 αὐτήν
1454 4406 1467 4419 ·
1511 4388 1635 4442 οὔτε
1662 4389 1789 4443 ἀλλο
1811 4406 1856 4442 τι

1970 4404 2084 4452 ιοιο
2114 4395 2281 4452 corde
2304 4394 2626 4464 viribusque
2656 4408 2779 4447 eum
2824 4394 2999 4447 solum
3036 4392 3245 4461 diligat,
3279 4406 3386 4444 non
3412 4405 3538 4444 cum

278 4476 399 4530 τῶν
428 4475 820 4545 ἀντικειμένων
852 4479 918 4546 τῇ
950 4477 1191 4549 σωτηρίᾳ
1224 4477 1590 4549 προσδέξεται,
1624 4477 1699 4541 ῶς
1736 4480 1864 4550 μιᾶς

270 4566 460 4636 οὖα-ης
486 4567 548 4618 ὲν
575 4566 746 4620 ἅπασι
773 4567 873 4635 τῆς
904 4566 1011 4620 τῶν
1041 4568 1361 4639 μιασμάτων
1403 4569 1712 4640 κοινότητος
1731 4586 1745 4600 ⁶
1775 4569 1869 4623 καὶ

272 4659 346 4710 εἰ
373 4657 441 4709 δι’
473 4657 594 4721 ἑνός
622 4674 765 4721 τινος
794 4658 1102 4731 μολυνθείη,
1141 4659 1337 4732 μηκέτι
1369 4660 1430 4713 τὸ
1456 4660 1680 4715 ἄσπιλον
1722 4661 1869 4734 ἔχειν

272 4750 359 4802 ἑν
387 4749 556 4817 ἑαυτῇ
590 4749 886 4819 δυναμένη.
919 4751 1072 4804 Ἔστι
1122 4751 1178 4805 δὲ
1222 4752 1314 4805 καὶ
1350 4752 1415 4805 δι’
1456 4753 1870 4824 ὑποδειγμάτων

260 4840 678 4909 τεκμηριῶσαι
709 4840 801 4893 τὸν
828 4842 1003 4908 λόγον.
1034 4842 1243 4912 Ὠσπερ
1272 4842 1331 4895 τὸ
1358 4844 1415 4894 ἐν
1442 4846 1508 4915 τῇ
1543 4842 1704 4915 λίμνῃ
1728 4844 1871 4916 ὕδωρ

254 4927 435 4989 τέως
469 4928 571 4995 μὶν
593 4926 732 4981 λεῖόν
755 4930 868 4983 ἐστι
899 4931 991 4983 καὶ
1016 4930 1290 5002 ἀκίνητον,
1314 4932 1362 4985 εί
1395 4932 1632 5003 μηδεμία
1663 4950 1746 4997 τις
1764 4934 1873 4989 τῶν

246 5016 503 5082 ἔξωθεν
541 5020 748 5090 ταραχὴ
784 5021 1164 5091 προσπεσοῦσα
1196 5022 1256 5075 τὺ
1288 5023 1554 5095 σταθηρὺν
1585 5024 1677 5079 τοῦ
1708 5026 1873 5080 τόπου

238 5105 627 5175 διακινήσειε
647 5123 661 5136 ·
685 5107 832 5161 λίθου
857 5110 913 5163 δέ
938 5113 1423 5181 τινοςὲμπεσόντος
1450 5117 1515 5184 τῇ
1547 5114 1730 5189 λίμνῃ,
1755 5116 1873 5170 ὅλον

244 5197 628 5269 συνεκινήθη
659 5198 735 5269 τῷ
769 5199 924 5270 μέρει
948 5217 961 5231 ο
990 5204 1019 5255 ὁ
1048 5202 1148 5272 μὲν
1176 5204 1283 5274 γάρ
1308 5203 1413 5259 ὑπὸ
1444 5204 1537 5258 τοῦ
1573 5206 1772 5278 βάρους
1796 5209 1875 5272 είς

236 5292 389 5347 τὸν
418 5286 588 5357 βυθὸν
633 5290 991 5345 καταδύεται·
1043 5293 1149 5346 τῶν
1176 5294 1232 5347 δὲ
1264 5296 1391 5362 περὶ
1426 5296 1587 5350 αὐτὸν
1618 5299 1875 5369 κυμάτων

244 5379 649 5451 κυκλοτερῶς
675 5383 732 5434 ὲν
760 5382 938 5447 ἄλλοις
971 5385 1352 5458 ἐγειρομένων,
1394 5386 1487 5439 καὶ
1520 5387 1609 5440 ἐπὶ
1638 5388 1705 5443 τά
1731 5389 1875 5459 ἄκρα

244 5469 395 5533 τσῦ
429 5472 626 5538 ὕδατος
650 5474 753 5527 ὑπὸ
779 5475 876 5545 τῆς
906 5477 964 5529 ὲν
991 5477 1068 5547 τῷ
1097 5478 1245 5550 μέσῳ
1270 5479 1534 5550 κινήσεως
1564 5479 1872 5552 ἐξωθουμέ-

346 5632 447 5703 (ι)
480 5629 584 5687 ilic
624 5633 777 5689 locus
801 5640 1093 5705 corruptus
1126 5642 1208 5692 cst
1249 5635 1302 5693 in
1346 5634 1535 5693 codice
1561 5634 1770 5692 Graeco.

1969 4487 2330 4543 fornicatione
2360 4501 2481 4541 sese
2511 4484 2932 4552 conglutinaliit,
2988 4497 3055 4537 ne
3086 4498 3254 4537 unum
3289 4497 3413 4536 cum
3447 4482 3541 4536 illa

1971 4591 2171 4648 corpus
2209 4576 2335 4641 tiat;
2368 4590 2541 4643 neque
2570 4590 2693 4628 cum
2735 4574 2861 4628 ullis
2902 4574 3086 4636 rebus,
3116 4589 3238 4644 qua:
3264 4570 3428 4627 saluti
3456 4585 3539 4624 re-

1972 4674 2237 4739 pugnent.
2275 4665 2594 4721 societatem
2637 4663 2815 4728 inibit,
2843 4664 3001 4734 quasi
3043 4678 3149 4718 una
3190 4662 3262 4718 sit
3286 4659 3541 4715 omnibus

1971 4758 2027 4812 in
2088 4757 2253 4812 rebus
2311 4755 2685 4826 impuritatum
2749 4753 3114 4809 communitas
3172 4753 3289 4824 (a):
3353 4752 3543 4823 sicque

1973 4847 2139 4902 unius
2177 4846 2413 4915 alicujus
2451 4845 2675 4900 sceleris
2712 4844 2829 4899 labe
2859 4845 3264 4898 contaminatus
3290 4852 3398 4907 est,
3433 4861 3541 4901 non

1974 4940 2144 5012 possit
2172 4956 2290 4994 eam
2318 4939 2369 4992 in
2399 4953 2459 4993 se
2491 4945 2826 4992 contractam
2867 4936 3038 4989 labem
3071 4936 3306 5005 amplius
3336 4938 3540 4991 eluere.

1974 5029 2137 5099 Atqui
2191 5027 2456 5098 exemplis
2492 5027 2545 5081 id
2594 5025 2737 5096 quod
2791 5024 3028 5079 dicimus
3074 5034 3259 5094 aperte
3304 5024 3542 5080 indicare

1976 5121 2140 5174 licet:
2189 5119 2353 5172 veluti
2395 5118 2448 5171 in
2484 5129 2678 5189 stagno
2709 5132 2849 5187 aqua
2886 5130 3022 5187 pura
3050 5124 3215 5184 atque
3250 5115 3544 5171 immobilis

1978 5219 2181 5270 manet.
2215 5209 2318 5264 nisi
2355 5209 2535 5278 aliqua
2593 5209 2940 5265 extrinsecus
2966 5208 3303 5279 perturbatio
3331 5207 3545 5272 incidit,

1980 5318 2101 5373 tum:
2135 5301 2280 5357 illius
2309 5312 2514 5355 motum
2571 5303 2771 5368 agitet;
2821 5301 2867 5357 si
2908 5310 3087 5355 autem
3122 5301 3261 5370 lapis
3292 5299 3542 5354 inciderit

1981 5394 2204 5465 aliquis,
2251 5400 2423 5447 totum
2472 5408 2579 5447 una
2613 5408 2735 5446 cum
2790 5403 2944 5463 parte
2975 5386 3387 5457 commovetur;
3420 5405 3544 5445 nam

1982 5498 2095 5555 prae
2136 5483 2423 5554 gravitate,
2461 5489 2517 5539 ot
2551 5482 2785 5554 pondere
2823 5482 2878 5536 in
2917 5481 3083 5537 imum
3134 5480 3402 5552 gurgitem
3457 5478 3545 5537 ille
