3896 6204
414 251 523 308 383
1614 257 1673 315 s.
1708 257 2037 315 GREGOBII

2073 258 2369 318 NYSSENI
3545 267 3656 323 386

417 360 588 416 fertur
615 380 628 415 :
658 376 894 433 cumque
922 376 1077 433 aqua:
1119 363 1320 421 ﬂuctus
1351 367 1500 422 circa
1524 381 1650 423 cum
1690 369 1744 423 in
1787 385 1974 440 gyrum

2081 389 2209 437 νων,
2258 373 2433 441 πᾶσα,
2464 374 2523 426 ἐν
2555 372 2738 445 κύκλῳ
2778 375 3235 447 περιτραχύνεται
3267 377 3368 450 τῆς
3400 377 3593 451 λίμνης
3621 383 3654 452 ἡ

413 461 603 507 ιιιιιιιιο
627 453 899 509 ducantur
923 496 940 521 ,
978 456 1268 527 medioque
1297 467 1449 514 motu
1494 460 1711 530 impulsi
1745 462 1800 515 in
1834 477 1985 517 sum-

412 557 560 596 mum
590 558 746 613 aqua:
780 551 969 600 aestum
1000 556 1309 617 erumpant,
1345 550 1526 605 omnis
1555 565 1769 605 summa
1807 552 1985 622 stagni

409 646 575 702 aqua,
607 649 731 688 cum
774 636 880 690 ima
912 653 1039 706 pars
1072 649 1216 693 meta
1251 639 1342 701 sit,
1374 647 1606 695 aestuum
1638 642 1844 696 ambitu
1868 643 1985 715 agi-

406 731 587 790 tatur;
629 726 744 794 pari
777 728 989 783 ratione
1018 730 1388 799 tranquillitas
1417 740 1470 786 et
1508 733 1675 785 animi
1709 734 1887 802 quies,
1936 736 1984 791 si

410 829 556 870 unus
591 816 786 886 aliquis
815 816 1044 874 all‘ectus
1091 819 1145 872 in
1177 834 1301 873 eum
1360 819 1612 885 invadat,
1664 829 1776 876 tota
1821 824 1981 880 simul

406 908 754 972 concutitur,
788 916 842 963 et
881 910 1051 979 partis
1088 909 1473 966 detrimentum
1510 927 1617 967 una
1649 913 1814 966 etiam
1858 928 1985 968 sen-

407 998 495 1052 tit.
538 997 982 1054 Commemorant
1036 1002 1181 1056 enim
1244 1002 1301 1066 ii,
1336 1002 1430 1071 qui
1491 1003 1607 1057 balc
1659 1004 1778 1073 ipsa
1828 1004 1984 1060 inda—

402 1096 625 1156 garunt,
654 1087 882 1143 virtutes
926 1090 1069 1143 inter
1118 1105 1179 1145 se
1218 1091 1443 1148 minime
1479 1091 1787 1162 disjunetas
1819 1109 1979 1159 esse;

404 1193 584 1248 neque
616 1179 730 1234 ﬁeri
764 1195 945 1249 posse,
982 1190 1040 1234 ut
1071 1182 1167 1251 qui
1204 1183 1368 1238 unius
1399 1184 1666 1239 rationem
1697 1185 1984 1256 diligenter

405 1279 776 1340 accurateque
800 1276 1155 1342 percurrerit,
1181 1282 1408 1330 caeteras
1434 1291 1654 1346 quoque
1679 1292 1788 1331 non
1818 1279 1979 1332 attin-

403 1369 534 1432 gat;
568 1362 663 1418 sed
694 1365 785 1419 eui
820 1381 928 1420 una
973 1381 1038 1421 ex
1078 1366 1373 1424 virtutibus
1408 1368 1569 1431 inest.
1602 1369 1842 1439 reliquas
1882 1385 1980 1424 ne-

403 1453 647 1509 cessario
690 1469 817 1510 eum
847 1460 1110 1526 consequi
1150 1459 1363 1513 dicunt.
1397 1459 1540 1526 Quin
1586 1460 1751 1514 etiam
1787 1470 1982 1515 contra

400 1544 638 1614 alicujus
688 1547 788 1611 rei,
840 1563 962 1617 quae
992 1564 1097 1603 nos
1137 1550 1380 1619 attingit,
1421 1550 1610 1604 vitium
1646 1551 1713 1605 ad
1759 1566 1978 1606 omnem

401 1635 692 1691 honestam
752 1638 945 1721 vitam.
972 1639 1228 1708 pertinet,
1284 1655 1541 1710 vereque,
1592 1650 1650 1695 ut
1697 1648 1782 1694 est
1834 1641 1978 1711 apud

2088 461 2399 530 ἐπιφάνεια,
2416 462 2855 536 συνδιατιθεμένη
2879 466 2956 533 τῷ
2984 466 3133 535 βάθει
3152 485 3166 499 ο
3190 467 3333 522 οὕτω
3360 469 3456 522 καὶ
3480 469 3540 521 τὸ
3561 470 3656 540 τῆς

2085 552 2263 624 ψυχῆς
2283 553 2572 624 γαληναίον
2600 555 2692 608 καὶ
2709 556 2930 626 ἥσυχον,
2960 556 3029 610 δι’
3048 558 3165 621 ἐνός
3188 575 3331 622 τινος
3367 575 3657 629 παρεμπε-

2088 643 2271 707 σόντος
2298 644 2379 707 εἰς
2397 644 2566 713 αὐτὴν
2617 646 2824 709 πάθους
2865 646 2985 700 ὅλον
3027 647 3417 719 συνδιεσείσθη,
3440 650 3536 702 καὶ⁸
3563 649 3663 719 τῆς

2085 734 2178 788 τοῦ
2214 735 2414 807 μέρους
2442 735 2648 807 βλάϐης
2674 735 2984 806 συνῄσθετο.
3019 739 3156 792 Φασὶ
3180 738 3237 792 δὲ
3270 741 3363 792 καὶ
3390 741 3440 792 oi
3460 740 3530 793 τὰ
3553 756 3664 794 τοι·

2086 825 2226 880 αὔτα
2263 825 2607 895 ἐξητακότες,
2664 825 2738 896 μὴ
2763 827 3089 897 άπεσχίσθαι
3135 827 3236 891 τάς
3262 828 3461 899 ἀρετάς
3491 828 3663 900 ἀλλή-

2084 915 2213 981 λων,
2251 916 2385 987 μηδὲ
2413 916 2634 970 δυνατὸν
2657 912 2796 969 εἶναι
2829 919 2960 988 μιᾶς
3000 934 3144 982 τινος
3174 918 3375 988 ἀρετῆς
3399 919 3544 972 κατὰ
3570 920 3664 973 τὸν

2082 1007 2286 1078 ἀκριϐῆ
2320 1008 2949 1079 περιδράξασθαιλόγον.
2971 1011 3063 1063 τὸν
3094 1010 3169 1081 μὴ
3202 1011 3298 1064 καὶ
3322 1012 3429 1063 τῶν
3457 1010 3663 1065 λοιπῶν

2083 1097 2458 1168 ἐφαψάμενονο
2485 1099 2598 1153 ἀλλ’
2621 1093 2666 1167 ᾧ
2694 1098 2760 1154 ἂν
2777 1101 3151 1173 παραγένηται
3183 1100 3277 1172 μία
3292 1101 3400 1155 τῶν
3429 1101 3662 1174 ἀρετῶν,

2084 1191 2395 1258 ἀναγκαίως
2428 1191 2813 1246 ἐπακολουθεῖν
2842 1194 2937 1248 καὶ
2963 1194 3064 1256 τὰς
3108 1194 3321 1257 λοιπάς.
3362 1193 3570 1248 Οὐκοῦν
3595 1192 3665 1258 ἐξ

2082 1280 2439 1351 ἀντιστρόφου
2498 1282 2592 1336 καὶ
2623 1285 2657 1353 ή
2695 1282 2824 1355 περί
2865 1300 2920 1336 τι
2972 1282 3142 1355 βλάϐη
3176 1283 3285 1336 τῶν
3316 1285 3374 1335 ἐν
3397 1284 3528 1352 ἡμῖν
3577 1284 3666 1344 εἰς

2081 1369 2202 1422 ὅλον
2223 1370 2315 1422 τὸν
2342 1370 2462 1424 κατ’
2485 1371 2686 1442 ἀρετὴν
2713 1371 2964 1425 διατείνει
2982 1372 3115 1443 βίον,
3148 1372 3243 1426 καὶ
3264 1372 3452 1437 ὅντως,
3476 1370 3666 1435 καθώς

2082 1478 2247 1531 φησιν
2297 1462 2327 1514 ὁ
2387 1461 2722 1526 Ἀπόστολος,
2774 1466 2886 1528 τοῖς
2938 1451 3129 1536 μέρεσι
3156 1464 3217 1518 τὸ
3244 1464 3364 1517 ὅλον
3398 1462 3669 1516 συνδιατίο

2082 1552 2254 1616 θεται,
2283 1552 2348 1606 ἄν
2369 1569 2428 1606 τε
2459 1553 2643 1625 πάσχῃ
2675 1554 2837 1624 μέλος
2869 1554 2948 1618 ἓν,
2984 1553 3374 1624 συναλγοῦντος
3405 1552 3497 1606 τοῦ
3526 1570 3669 1607 παν-

2081 1643 2192 1707 τὸς,
2211 1644 2305 1698 ἐάν
2328 1661 2389 1697 τε
2415 1644 2508 1697 καὶ
2537 1645 2847 1716 δοξάζηται,
2877 1647 2969 1701 τοῦ
2997 1647 3119 1700 ὅλου
3151 1646 3549 1719 συγγαίροντος.

400 1730 823 1799 Apostolum”,
861 1737 1033 1784 totum
1074 1746 1200 1785 cum
1254 1732 1500 1801 partibus
1544 1730 1815 1799 aﬂicitur;
1872 1732 1989 1788 sive
2061 1735 2206 1790 enim
2255 1750 2362 1790 una
2402 1751 2528 1804 pars
2580 1737 2804 1806 patitur,
2855 1746 3028 1793 totum
3076 1739 3242 1795 simul
3308 1740 3486 1805 dolet;
3543 1737 3672 1794 sive

398 1820 572 1889 gloria
604 1821 857 1885 adicitur,
894 1829 1069 1877 totum
1098 1839 1207 1878 una
1241 1823 1461 1893 gaudet.

999 1936 1228 1994 CAPUT
1253 1938 1373 1994 XV.

464 2048 534 2105 Ut
564 2049 767 2121 aliquid
800 2060 878 2106 est
905 2068 937 2106 a
962 2052 1151 2105 virtute
1182 2061 1461 2117 remotum,
1484 2052 1561 2107 ita
1599 2054 1652 2108 in
1688 2053 1921 2123 periculo

1057 2130 1318 2179 versatur.

470 2208 579 2266 Sed
616 2208 1045 2265 innumerabiles
1092 2212 1145 2265 in
1181 2218 1369 2267 nostra
1404 2214 1515 2269 vita
1546 2221 1678 2268 sunt
1712 2214 1974 2285 peccandi

402 2303 522 2362 viae.
552 2302 846 2371 variosque
877 2302 977 2357 llos
1006 2303 1358 2374 delinquendi
1396 2304 1586 2360 modos
1611 2305 1976 2362 multitudinis

401 2395 619 2448 nomine
644 2392 841 2449 divina:
861 2392 1079 2449 Littera:
1110 2394 1455 2449 ostendunt.t
1482 2395 1634 2451 Multi
1655 2398 1799 2453 enim
1824 2406 1973 2464 sunt,

400 2484 675 2554 inquiunt,
692 2485 786 2555 qui
813 2495 1214 2555 persequuntur
1245 2497 1419 2550 me,et
1448 2488 1713 2542 tribulant
1734 2504 1820 2544 me
1843 2491 1919 2555 ³⁶;
1950 2508 1969 2542 ι

404 2586 479 2639 et,
506 2597 523 2628 ι
550 2576 698 2631 Multi
720 2577 919 2632 bellum
942 2585 1137 2647 gerunt
1158 2577 1421 2633 adversus
1447 2594 1609 2633 mcex
1631 2581 1821 2635 alio".
1849 2597 1868 2633 ι
1886 2581 1976 2634 At-

399 2681 506 2737 que
526 2667 633 2719 alia
658 2664 873 2735 quidem
895 2667 1062 2721 multa
1081 2666 1348 2735 ejusmodi
1372 2677 1518 2722 sunt.
1538 2668 1794 2741 Fortasse
1813 2672 1975 2741 igitur

403 2770 528 2826 ap'e
551 2770 984 2810 commemorare
1020 2749 1160 2811 licet
1209 2756 1411 2812 multos
1444 2772 1588 2820 esse.
1637 2739 1735 2829 qui
1763 2739 1972 2816 adulte-

399 2847 572 2902 rando
604 2845 834 2902 insidias
862 2856 1104 2910 struant,
1131 2856 1191 2901 ut
1224 2848 1541 2904 lionoraliile
1564 2850 1666 2905 hoc
1693 2867 1819 2907 vere
1843 2866 1976 2907 con-

399 2937 649 2999 nubium,
677 2946 734 2993 et
772 2939 1184 2994 immaculatum
1218 2946 1399 2993 torum
1423 2940 1718 3011 deturpcot
1762 2961 1778 2998 :
1820 2945 1975 3015 sique

400 3027 501 3083 lios
525 3028 804 3085 adulteros
836 3029 1161 3085 nominatim
1191 3046 1516 3087 emtmerare
1546 3041 1783 3102 oportet,
1816 3035 1973 3091 adul-

398 3129 481 3175 ter
512 3121 615 3186 ira,
663 3120 882 3177 adulter
909 3123 1158 3187 avaritia,
1194 3123 1409 3179 adulter
1453 3125 1776 3190 invidentia,
1825 3128 1973 3197 inju-

397 3213 604 3267 riarum
649 3213 975 3280 recordatio,
1022 3215 1332 3284 inimicitia,
1393 3217 1621 3281 invidia,
1684 3226 1739 3273 ct
1789 3221 1973 3275 omnia
2001 3254 2043 3310 ο

394 3301 654 3374 denique,
708 3320 830 3375 qure
885 3306 956 3360 ab
992 3307 1256 3375 Apostolo
1312 3308 1668 3378 colliguntur,
1714 3319 1974 3380 tanquam

397 3395 770 3450 adulterorum
808 3399 1153 3453 enumeratio
1178 3412 1241 3452 ea
1282 3398 1466 3453 omnia
1500 3400 1630 3463 sint,
1666 3416 1788 3470 qute
1827 3401 1977 3456 salu-

397 3485 502 3539 tari
534 3485 799 3541 doctrina:
823 3493 1148 3555 repugnant.
1177 3487 1344 3556 Atqui
1380 3488 1644 3546 faciamus
1673 3491 1727 3544 in
1757 3489 1977 3548 feminis

397 3591 561 3631 unam
592 3591 715 3631 esse
747 3575 921 3630 forma
957 3576 1189 3645 integra,
1221 3592 1409 3645 quaave
1455 3578 1617 3649 digna
1645 3581 1716 3635 sit
1746 3589 1807 3635 ut
1836 3597 1979 3637 ame-

396 3674 531 3733 tur;
571 3665 804 3734 ideoque
841 3663 1101 3735 quoniam
1153 3664 1296 3734 regis
1343 3666 1602 3736 conjugio
1636 3670 1973 3733 conveniret,

397 3772 429 3812 a
483 3757 810 3827 quibusdam
876 3756 1169 3826 impudicis
1224 3756 1542 3812 hominibus
1591 3759 1867 3829 egregiam
1904 3760 1976 3816 ob

396 3852 626 3909 formam
653 3853 702 3907 ei
743 3851 974 3908 insidias
1011 3853 1137 3922 poni
1166 3869 1180 3883 ·
1217 3852 1331 3907 haec
1362 3867 1496 3907 sane
1525 3853 1769 3923 quandiu
1805 3855 1857 3908 in
1878 3868 1974 3908 eos

396 3957 609 4005 omnes,
643 3941 736 4011 qui
766 3942 867 3996 sibi
901 3942 1091 3997 vitium
1128 3940 1327 3996 oﬂ‘erre
1358 3940 1602 4002 student,
1637 3942 1861 3995 inimico
1889 3951 1972 3998 est

394 4036 602 4098 animo,
634 4040 856 4106 remque
885 4035 1059 4105 ipsam
1095 4050 1226 4090 vero
1268 4036 1471 4089 marito
1516 4034 1745 4099 indicat,
1778 4036 1975 4090 mulier

392 4138 479 4185 est
524 4128 744 4198 pudica,
795 4143 1026 4197 quaeque
1055 4127 1228 4183 solius
1274 4126 1374 4180 viri
1425 4127 1508 4182 sui
1550 4126 1742 4181 honori
1784 4128 1970 4190 servit,

395 4219 719 4288 nullumque
752 4228 1041 4288 propterea
1076 4233 1203 4272 cum
1249 4231 1313 4272 ea
1367 4217 1546 4272 locum
1585 4217 1787 4271 habent
1817 4226 1972 4286 pctu-

395 4309 624 4363 lantimn
681 4309 962 4364 hominum
998 4309 1230 4365 insidiae.
1289 4309 1389 4364 Sin
1440 4317 1621 4363 autem
1668 4323 1735 4362 ex
1774 4307 1843 4363 iis
1877 4308 1969 4377 qui

394 4400 726 4455 insidiantur
766 4400 859 4454 uni
900 4401 1193 4463 consentit,
1236 4415 1343 4454 non
1378 4416 1511 4455 sane
1549 4413 1580 4455 a
1630 4413 1791 4468 pit-na
1823 4398 1968 4451 illam

391 4491 591 4549 liberat
649 4492 933 4563 pudicitia,
992 4507 1155 4561 quam
1204 4491 1257 4547 in
1310 4492 1435 4546 aliis
1478 4505 1590 4560 pra:
1631 4505 1690 4544 se
1731 4489 1851 4544 fert.
1888 4489 1967 4543 Ad

2009 1925 2051 1980 Β

2676 1933 2927 1988 ΚΕΦΑΛ.
2970 1936 3066 1988 1Ε’.

2080 2048 2209 2102 Ὅτι
2242 2048 2309 2101 τὸ
2344 2046 2629 2109 ὁπωσοῦν
2664 2046 2787 2119 ἔξω
2819 2046 3095 2119 γενέσθαι
3138 2048 3246 2116 τῆς
3286 2047 3501 2119 ἀρετῆς
3552 2055 3674 2111 τὸν

2549 2118 2691 2171 ἶσον
2726 2117 3016 2171 κίνδυνον
3051 2118 3082 2171 ἐ
3084 2135 3194 2185 χει.

2159 2207 2321 2262 Ἀλλά
2366 2206 2556 2278 μυρίαι
2598 2205 2740 2259 κατά
2780 2206 2870 2260 τὸν
2920 2206 3033 2276 βίον
3081 2209 3237 2278 ἡμῶν
3281 2211 3339 2263 αἱ
3387 2212 3523 2283 πρὸς
3551 2214 3674 2285 τὴν

2076 2297 2348 2369 ἁμαρτίαν
2394 2297 2763 2367 παρατροπαὶ,
2813 2297 2910 2351 καὶ
2951 2298 3304 2371 πολυτρόπιικ
3342 2304 3397 2356 αί
3431 2304 3668 2374 Γραφοιὶ

2075 2388 2136 2442 τὸ
2165 2387 2367 2457 πλῆθος
2392 2386 2548 2441 τοῦτο
2580 2388 2995 2459 διασημαίνουσι
3013 2403 3028 2419 ·
3075 2406 3094 2439 ι
3128 2389 3318 2442 Πολλοὶ
3344 2393 3448 2463 γάρ
3469 2395 3521 2445 oi
3556 2396 3672 2447 ἐκ·

2074 2478 2359 2543 διώκοντές
2389 2495 2458 2549 με
2486 2479 2580 2533 καὶ
2603 2478 2874 2542 θλίϐοντες
2902 2495 2999 2550 με·
3036 2498 3055 2532 δ
3090 2480 3204 2546 καὶ,
3236 2499 3253 2529 ι
3284 2482 3471 2535 Πολλοὶ
3484 2485 3535 2536 οί
3559 2502 3673 2538 πο·

2075 2569 2364 2641 λεμοῦντές
2401 2587 2471 2640 με
2499 2568 2606 2623 ἀπὸ
2635 2568 2832 2639 ὕψους
2868 2589 2888 2623 t
2923 2570 3018 2624 καὶ
3046 2571 3182 2625 ἄλλα
3209 2573 3427 2626 τοιαῦτα
3461 2574 3669 2630 πολλὰ.

2075 2662 2228 2730 Τάχα
2266 2660 2445 2713 τοίνυν
2468 2661 2672 2731 κυρίως
2697 2660 2848 2714 ἔστιν
2873 2663 3049 2715 εἰπεῖν
3076 2663 3158 2716 ὅτι
3187 2664 3367 2719 πολλοὶ
3395 2670 3442 2720 οἱ
3471 2685 3670 2739 μοιχι-

2076 2751 2186 2815 κῶς
2214 2750 2672 2818 ἐπιϐουλεύοντες,
2706 2752 2840 2823 πρὸς
2878 2755 2939 2806 τὸ
2983 2753 3290 2826 διαφθεῖραι
3334 2758 3424 2811 τὸν
3470 2759 3674 2828 τίμιον

2074 2842 2261 2897 τοῦτον
2287 2841 2363 2907 ὡς
2394 2842 2608 2913 άληθῶς
2640 2843 2818 2914 γάμον
2855 2844 2949 2899 καὶ
2984 2844 3086 2914 τὴν
3125 2847 3384 2916 ἀμίαντον
3428 2850 3671 2919 κοίτην⁸

2075 2935 2124 2989 εί
2137 2934 2194 2988 δὲ
2217 2934 2323 3006 χρὴ
2343 2934 2435 2988 καὶ
2446 2933 2525 3004 τῷ
2541 2934 2763 3005 ὀνόματι
2784 2935 2910 2999 τοὺς
2928 2934 3254 3008 τ[οι]ούτους
3267 2939 3673 3011 ἀπαριθμήσα-

2077 3026 2222 3089 σθαι,
2261 3026 2445 3097 μοιχὸς
2480 3028 2513 3097 ἡ
2558 3026 2717 3098 ὀργὴ,
2758 3027 2942 3098 μοιχὸς
2984 3028 3017 3097 ἡ
3074 3028 3374 3094 πλεονεξία,
3409 3031 3609 3100 μοιχὸς
3642 3036 3675 3087 ὁ

2076 3116 2288 3185 φθόνος,
2319 3118 2351 3187 ή
2387 3119 2741 3186 μνησικακία,
2783 3120 2817 3189 ἡ
2860 3119 3050 3189 ἔχθρα,
3085 3121 3118 3188 ἡ
3154 3119 3435 3190 βασκανία,
3476 3122 3539 3174 τὸ
3571 3127 3677 3192 μῖ-

2078 3224 2190 3272 σος,
2216 3209 2395 3262 πάντα
2420 3209 2523 3262 ὅσα
2549 3210 2699 3280 παρὰ
2724 3208 2818 3261 τοῦ
2861 3210 3183 3265 Ἀποστόλου
3213 3212 3554 3264 κατείλεκται
3584 3218 3677 3279 ὡς

2077 3300 2426 3369 ἀντικείμενα
2455 3302 2522 3370 τῇ
2550 3300 2870 3373 ὑγιαινούσῃ
2898 3302 3234 3373 διδασκαλίᾳ,
3270 3303 3470 3373 μοιχῶν
3508 3306 3680 3360 ἐστιν

2076 3388 2471 3459 ὰπαρίθμησις.
2514 3390 2870 3461 ’Υποθώμεθα
2910 3393 3089 3446 τοίνυν
3120 3390 3258 3446 εἷναί
3303 3412 3417 3447 τινα
3455 3396 3513 3446 ἐν
3559 3414 3680 3465 γυ-

2076 3478 2251 3543 ναιξὶν
2283 3479 2531 3550 εὐπρεπῆ
2559 3498 2621 3533 τε
2636 3483 2729 3534 καὶ
2758 3483 3099 3555 ἀξιέραστον,
3131 3489 3223 3539 καὶ
3248 3486 3335 3541 διά
3364 3492 3521 3545 τοῦτο
3563 3468 3682 3564 βα-

2079 3567 2214 3620 σιλεί
2254 3570 2389 3639 πρὸς
2435 3571 2610 3641 γάμον
2664 3574 3161 3644 συναρμοσθεῖσανο
3214 3581 3686 3640 ἐπιϐουλεύεσθαι

2074 3659 2132 3712 δὲ
2168 3659 2257 3712 διὰ
2288 3660 2387 3731 τὴν
2439 3662 2586 3734 ὥραν
2618 3664 2722 3716 ὑπὸ
2768 3665 3082 3720 ἀκολάστων
3124 3671 3303 3726 τινῶν.
3356 3673 3567 3728 Οὐκοῦν
3639 3681 3682 3750 ἠ

2074 3752 2294 3822 τοιαύτη
2314 3754 2420 3817 ἕως
2441 3755 2540 3824 μὲν
2564 3754 2631 3809 ἂν
2659 3757 2795 3827 πρὸς
2817 3758 3024 3824 πάντας
3048 3763 3173 3826 τοὺς
3200 3764 3291 3817 ἐπὶ
3317 3765 3486 3835 φθορᾷ
3508 3785 3688 3843 παρ-

2075 3841 2391 3912 εδρεύοντας
2416 3845 2624 3917 ἐχθρῶς
2658 3847 2755 3920 ἔχῃ
2794 3849 2888 3901 καὶ
2919 3858 3196 3924 κατηγορῇ
3220 3855 3417 3907 τούτων
3440 3858 3530 3909 ἐπὶ
3558 3841 3687 3916 τὸς.

2073 3934 2306 4003 νομίμου
2343 3936 2555 4005 ἀνδρὸς,
2594 3938 2825 4009 σώφρων
2868 3941 3003 4005 ἐστὶ,
3054 3945 3148 3996 καὶ
3193 3945 3327 4015 πρὸς
3372 3947 3525 4015 μόνον
3569 3952 3689 4006 τὸν

2074 4025 2306 4095 νυμφίον
2333 4029 2452 4097 ὁρᾷ,
2486 4030 2578 4081 καὶ
2611 4030 2867 4100 οὐδεμίαν
2901 4031 3083 4101 ἔχουσι
3115 4035 3299 4105 χώραν
3328 4039 3443 4089 κατ’
3474 4038 3691 4111 αὐτῆς

2074 4119 2128 4170 αί
2157 4118 2264 4171 τῶν
2292 4119 2606 4173 ἀκολάστων
2647 4123 2875 4177 ἀπάται.
2907 4125 2968 4177 EE
3009 4125 3065 4178 δέ
3101 4144 3208 4179 τινι
3239 4126 3519 4199 πρόσθοιτο
3550 4134 3690 4186 τῶν

2074 4212 2666 4279 ἐπιϐουλευόντων,υύκ
2703 4213 2996 4287 ἐξαιρεῖται
3027 4219 3195 4290 αὐτὴν
3237 4221 3337 4288 τῆς
3382 4226 3690 4292 τιμωρίας

2075 4305 2107 4373 ή
2138 4305 2231 4357 ἐπὶ
2258 4304 2368 4357 τῶν
2397 4304 2597 4358 λοιπῶν
2637 4307 2979 4378 σωφροσύνη.
3029 4309 3212 4379 ’Λρκεῖ
3234 4312 3342 4382 γάρ
3379 4312 3459 4375 είς
3483 4318 3690 4371 κατά-

2074 4413 2257 4466 κρισιν
2289 4397 2383 4450 καὶ
2423 4398 2483 4449 τὺ
2514 4397 2579 4450 δι’
2614 4398 2731 4461 ἐνὸς
2775 4399 3064 4469 μιανθῆναι
3106 4402 3204 4472 τὴν
3234 4403 3438 4472 κοίτην.
3461 4404 3688 4473 Οὕτως

2073 4489 2166 4542 καὶ
2194 4491 2227 4560 ἡ
2255 4488 2333 4559 τῷ
2350 4489 2468 4559 Θεῷ
2495 4490 2646 4553 ζῶσα
2663 4490 2829 4560 ψυχὴ,
2853 4492 3028 4544 οὐδενὶ
3052 4493 3156 4546 τῶν
3181 4493 3247 4545 δι’
3269 4495 3484 4563 ἀπάτης
3509 4499 3683 4572 αὑτῇ

388 4585 796 4640 damnationem
842 4584 985 4637 enim
1037 4591 1123 4639 sat
1163 4593 1249 4639 cst
1301 4584 1384 4639 vel
1429 4584 1594 4638 unius
1627 4582 1748 4637 labe
1790 4582 1970 4638 cubile

2080 4579 2524 4649 προφαινομένων
2570 4580 2750 4633 καλῶν
2795 4580 3188 4653 ἀρεσθήσεταισ
3223 4584 3273 4636 εί
3321 4583 3377 4637 δὲ
3410 4588 3689 4654 παραδέ-

391 4675 761 4744 deturpatum.
793 4673 994 4729 Eodem
1028 4674 1193 4730 modo
1213 4674 1429 4730 animus
1457 4675 1525 4738 is,
1559 4675 1652 4744 qui
1680 4673 1791 4730 Deo
1811 4676 1964 4741 vivit,

391 4782 498 4821 non
533 4766 662 4820 ullis
692 4765 858 4821 rebus
892 4781 952 4821 se
980 4766 1355 4827 oblectaverit,
1401 4780 1523 4836 quae
1548 4765 1653 4821 sibi
1681 4780 1748 4820 ex
1781 4781 1969 4822 errore

388 4857 626 4926 quodam
666 4872 771 4910 non
817 4873 1000 4911 veram
1032 4857 1250 4912 honesti
1292 4855 1530 4926 speciem
1560 4856 1841 4926 praebent;
1879 4858 1964 4913 sin

387 4963 454 5003 ex
486 4948 666 5016 aliqua
695 4948 980 5004 ailectione
1001 4949 1117 5003 vitii
1139 4935 1405 5002 maculam
1432 4948 1584 5003 cordi
1606 4950 1964 5015 contraxerit,

307 5044 314 5054 ‘
388 5039 656 5109 spiritalis
686 5039 803 5110 ipse
846 5040 1177 5095 matrimonii
1226 5040 1350 5108 jura
1383 5041 1644 5107 rescidit;
1684 5050 1865 5111 atque,
1908 5049 1969 5095 ut

386 5133 439 5185 in
496 5119 699 5187 divinis
753 5130 973 5192 Litteris
1025 5133 1288 5201 scriptum
1336 5139 1535 5197 exstat,
1571 5130 1667 5185 «In
1729 5133 1963 5185 animam

386 5223 707 5279 malevola“:
733 5242 840 5281 non
886 5225 1111 5279 intrabit
1155 5225 1423 5296 sapientia
1447 5226 1513 5279 ’⁸.
1537 5243 1554 5275 ι
1593 5224 1715 5277 Pari
1757 5226 1967 5279 ratione

386 5329 490 5370 nos
516 5332 642 5371 vere
685 5317 867 5372 dicere
898 5332 1213 5387 possumus,
1261 5318 1312 5371 in
1356 5317 1536 5372 animo
1573 5317 1775 5371 irarum
1826 5317 1965 5370 invi-

384 5403 601 5476 diaeque
636 5409 816 5477 pleno,
851 5409 1013 5478 quive
1052 5408 1321 5479 ejusmodi
1354 5410 1537 5479 aliquo
1569 5419 1794 5478 peccato
1823 5409 1958 5463 irre-

385 5495 517 5552 titus
541 5508 779 5564 tenetur,
818 5500 929 5555 fieri
967 5516 1072 5555 non
1109 5516 1269 5571 posse
1309 5509 1366 5554 ut
1398 5500 1451 5555 in
1483 5516 1547 5555 eo
1578 5501 1756 5555 bonus
1794 5516 1959 5568 spon—

456 5664 504 5697 "
535 5665 554 5720 Ι
586 5666 710 5725 Cor.
752 5685 849 5736 ιιι,
874 5669 964 5728 26.
1041 5670 1085 5702 ³⁸
1125 5670 1268 5726 Psal.
1327 5684 1517 5735 cxvtn,
1554 5668 1641 5729 57.

2076 4670 2227 4738 ξαιτο
2247 4671 2336 4725 διά
2362 4688 2505 4735 τινος
2535 4671 2741 4737 πάθους
2768 4673 2859 4726 τὸν
2888 4673 3125 4744 μιασμὸν
3147 4676 3213 4745 τῇ
3243 4675 3462 4747 καρδίᾳ,
3492 4676 3685 4733 ἔλυσε

2075 4763 2169 4816 καὶ
2193 4761 2327 4833 αὐτὴ
2368 4761 2465 4815 τοῦ
2493 4763 2860 4833 πνευματικοῦ
2890 4765 3069 4835 γάμου
3106 4764 3176 4819 τὰ
3205 4766 3387 4819 δίκαια
3410 4783 3424 4797 ·
3460 4768 3564 4821 καὶ
3591 4770 3685 4835 ὥς

2076 4872 2238 4925 φησιν
2341 4854 2551 4926 Γραφὴ,
2603 4859 2683 4919 είς
2721 4856 3045 4928 κακότεχνον
3086 4855 3261 4929 ψυχὴν
3313 4857 3387 4928 μὴ
3415 4859 3682 4913 eice-15'5-

2077 4946 2264 4999 σεσθαι
2308 4947 2531 5014 σοφίαν·
2573 4946 2745 5010 οὕτως
2791 4946 2937 5000 ἐστιν
2996 4947 3209 5017 ἀληθῶς
3263 4948 3459 5009 εἰπεῖν,
3515 4949 3681 5019 μηδὲ

2075 5039 2152 5100 εἰς
2184 5037 2405 5107 θυμὼδη
2437 5038 2529 5090 καὶ
2552 5038 2841 5108 βάσκανον,
2869 5040 2901 5109 ἢ
2930 5039 3056 5094 ἄλλο
3078 5057 3128 5091 τι
3151 5039 3379 5109 ἔχουσαν
3401 5040 3460 5091 ἐν
3484 5040 3677 5111 ἑαυτῇ

2073 5129 2411 5199 πλημμελὲς,
2441 5131 2663 5183 δυνατὸν
2691 5125 2832 5182 εἶναι
2864 5131 2953 5183 τὸν
2982 5131 3187 5197 ἀγαθὸν
3224 5130 3460 5199 νυμφίον
3486 5130 3683 5182 εἰσοι-

2070 5221 2339 5290 κισθῆναι.
2374 5221 2469 5285 Τίς
2506 5221 2613 5292 γάρ
2660 5222 2870 5274 ἐπίνοια
2914 5221 3238 5291 συναρμόσει
3283 5218 3346 5271 τὸ
3385 5222 3453 5290 τῇ
3491 5218 3687 5288 φύσει

2069 5315 2349 5385 ἀλλότριόν
2386 5332 2443 5367 τε
2478 5317 2569 5368 καὶ
2606 5312 3004 5384 ἁκοινὼνητον;
3045 5315 3309 5366 ’Ἄκουσον
3345 5312 3442 5364 τοῦ
3488 5312 3640 5363 Ἀπί)
3662 5345 3685 5355 -

2073 5406 2277 5469 στόλου,
2308 5406 2575 5477 μηδεμίαν
2615 5399 2751 5459 εἶναι
2794 5407 3078 5460 κοινωνίαν
3113 5406 3251 5474 φωτὶ
3284 5405 3421 5476 πρὸς
3464 5404 3699 5472 σκότος

2067 5498 2424 5563 διδάσκοντος,
2460 5498 2493 5567 ἢ
2528 5498 3007 5594 δικαιοσύνῃφῖτρὸς
3028 5498 3278 5569 ἀνομίαν,
3312 5497 3344 5567 ἦ
3376 5496 3701 5554 συνελόντι

2818 5608 2833 5634 ι

1745 5669 1788 5700 ¹⁷
1826 5665 1969 5723 Psal.
2005 5683 2087 5733 ιιι,
2118 5668 2172 5721 2.
2235 5667 2279 5700 ’⁸
2321 5668 2449 5738 Sap.
2496 5685 2532 5734 ι,
2574 5668 2627 5724 4.
