3896 6204
282 288 397 346 585

1609 252 1699 319 DE
1733 260 2193 320 VIBGINITATE.

3444 278 3551 338 586

276 410 479 479 φᾶναι,
510 402 681 457 πάντα
712 400 813 453 ὅσα
843 396 992 451 ἐστὶν
1026 395 1054 447 ὁ
1073 392 1278 464 Κύριος
1303 388 1444 444 κατὰ
1467 388 1565 458 τὴν
1605 384 1856 479 διαφοραί

1971 399 2066 439 sus
2102 381 2389 440 inhabitet.
2421 383 2555 451 Quae
2596 386 2741 442 enim
2787 346 3002 446 consilii
3041 392 3188 449 ratio
3231 396 3551 453 conciliabit

274 501 397 553 τῶν
436 500 495 549 ὲν
521 491 666 564 αὐτῷ
705 487 1100 561 θεωρουμένων
1138 482 1423 553 νοούμενός
1462 496 1520 533 τε
1549 479 1644 532 κα)⁸
1666 478 1864 548 ὀνομα-

277 589 539 660 ζόμενος,
568 584 702 656 πρὸς
746 581 926 635 πάντα
954 578 1022 631 τὰ
1070 577 1127 629 ἐν
1155 574 1323 645 κακίᾳ
1357 571 1500 626 κατὰ
1539 569 1600 622 τὸ
1627 568 1868 622 ἐναντίον

278 681 566 750 νοούμενα.
598 677 658 728 El
686 669 781 728 οὖν
806 672 1088 743 ἀμήχανος
1123 665 1232 720 τῶν
1263 667 1330 763 τῇ
1364 662 1522 763 φύσει
1554 660 1800 763 ἀμίκτων
1831 660 1865 763 ί]

278 769 558 831 κοινωνία,
591 764 847 835 ἀλλοτρία
882 763 1100 823 πάντως
1146 759 1242 811 καὶ
1269 755 1613 819 ἀνεπίδεκτος
1646 756 1746 824 τῆς
1773 755 1866 805 τοῦ

277 859 491 930 ἀγαθοῦ
539 856 906 924 συνοικήσεως
933 854 967 921 ἡ
1010 850 1116 903 ὑπὸ
1153 848 1352 909 κακίας
1393 846 1540 908 τινος
1568 845 1868 914 κατειλημ-

282 952 424 1023 μένη
452 950 619 1020 ψυχή.
676 946 743 999 Τί
768 940 862 999 οὖν
890 945 956 997 ὲκ
991 940 1192 996 τούτων
1237 939 1616 1010 μανθάνομεν;
1654 936 1728 990 Τὸ
1758 936 1868 990 δεῖν

279 1043 383 1112 τὴν
412 1041 668 1110 σώφρονα
698 1038 794 1092 καὶ
812 1032 1202 1103 λελογισμένην
1228 1029 1497 1100 παρθένον
1530 1027 1728 1091 παντὸς
1757 1026 1868 1080 πά-

282 1131 411 1193 θους
438 1129 582 1185 κατὰ
602 1128 780 1182 πάντα
813 1125 1016 1196 τρόπον
1039 1124 1138 1193 τῆς
1161 1119 1338 1191 ψυχῆς
1367 1119 1674 1189 ἁπτομένου
1700 1115 1868 1189 χωρί-

285 1222 496 1287 ξεσθαι,
528 1221 621 1275 καλ⁸
645 1217 944 1290 φυλάσσειν
970 1214 1171 1284 ἑαυτὴν
1193 1212 1361 1283 ἁγνὴν
1387 1211 1467 1282 τῷ
1498 1208 1867 1282 ἁρμοσαμένῳ

282 1313 453 1384 αὐτὴν
481 1312 722 1383 νυμφίῳ,
752 1309 831 1382 μὴ
859 1308 1089 1380 ἔχουσαν
1119 1305 1304 1359 σπῖλον
1329 1303 1364 1374 ἢ
1400 1302 1586 1376 ῥυτίδα
1612 1302 1648 1372 ἢ
1671 1319 1725 1354 τι
1754 1299 1864 1353 τῶν

284 1418 558 1455 τοιούτων.

1968 474 2046 539 id,
2080 474 2223 543 quod
2256 483 2454 530 natura
2486 478 2625 533 inter
2658 496 2717 536 se
2748 483 2986 538 alienum
3022 500 3129 540 non
3162 487 3422 552 cohaeret,
3454 505 3553 544 ne.

1967 577 2074 638 que
2123 566 2235 621 ullo
2282 570 2562 624 societatis
2612 572 2737 641 jure
2787 575 3051 646 illigatum
3088 580 3215 633 est?
3260 578 3340 635 Tu
3388 583 3549 637 velim

1978 656 2172 711 audias
2207 658 2553 727 Apostolum,
2597 664 2690 732 qui
2722 663 2905 732 docet,
2940 668 3074 723 nihil
3109 685 3232 726 esse
3270 672 3376 727 luci
3425 687 3550 728 cum

1967 747 2212 803 tenebris
2232 764 2543 817 commune,
2570 769 2747 824 neque
2768 760 3010 828 aequitati
3044 748 3381 833 justitiaeque
3423 778 3551 819 cum

1974 839 2260 908 iniquitate
2278 840 2323 870 "
2347 858 2361 895 :
2381 848 2641 911 atque,ut
2657 851 2969 907 summatim
2991 852 3332 923 breviterque
3346 855 3548 921 dicam,

1972 929 2611 1002 omniaquibuscunque
2665 944 2720 992 et
2771 949 2955 995 mente
3002 943 3438 1013 comprehensus
3489 951 3547 998 et

1973 1028 2198 1075 vocatus
2228 1031 2314 1077 est
2352 1023 2637 1093 Dominus,
2674 1043 2740 1083 ex
2778 1045 2969 1087 earum
3002 1049 3184 1088 rerum
3216 1034 3547 1100 diﬂ‘erentia,

1971 1127 2093 1183 quae
2116 1113 2169 1167 in
2192 1129 2259 1169 eo
2288 1125 2611 1183 cernuntur,
2646 1119 2760 1175 haec
2788 1123 3046 1180 omnibus
3065 1126 3154 1189 iis,
3181 1142 3303 1196 qua:
3332 1127 3386 1182 in
3416 1127 3554 1183 vitio

1971 1204 2148 1273 posita
2184 1215 2333 1269 sunt.
2392 1211 2670 1265 contraria
2706 1213 2955 1285 intelligi.
3000 1215 3057 1271 Si
3111 1219 3279 1289 igitur
3309 1218 3551 1275 dimcilis

1969 1308 2055 1353 est
2096 1312 2283 1353 rerum
2322 1298 2467 1355 inter
2502 1315 2562 1356 se
2608 1302 2958 1361 dissimilium
3002 1310 3256 1376 societas,
3303 1319 3548 1369 remotus

1969 1388 2196 1470 omnino
2246 1396 2331 1444 est
2382 1404 2410 1442 a
2449 1391 2668 1448 virtutis
2724 1396 3108 1462 contubernio,
3158 1414 3335 1468 neque
3386 1401 3548 1470 plane

282 1496 502 1551 cii-tutis
532 1510 700 1565 capax
728 1501 814 1549 est
846 1494 893 1548 is
924 1491 1164 1552 animus,
1210 1488 1303 1560 qui
1336 1486 1520 1557 aliquo
1543 1485 1676 1539 vitio
1727 1481 1970 1537 irretitus
2002 1489 2107 1537 est.
2168 1464 2318 1552 'Ergo
2379 1484 2510 1553 quid
2563 1500 2630 1539 ex
2681 1486 2750 1541 iis
2813 1488 3125 1545 documenti
3176 1506 3277 1546 nos
3330 1493 3547 1563 accepi-

282 1589 444 1643 mus?
500 1585 613 1641 lloc
662 1602 819 1651 sane,
880 1589 1025 1656 quod
1088 1583 1339 1654 pudicam
1401 1579 1690 1649 virginem,
1740 1589 1862 1645 qua:
1933 1574 2198 1628 rationem
2240 1574 2364 1628 vitae
2435 1574 2628 1630 ducem
2677 1581 2942 1648 sequitur,
2976 1582 3044 1636 ab
3088 1581 3346 1637 omnibus
3376 1583 3546 1638 animi

283 1679 983 1734 allectionibusseomnino
1001 1678 1271 1733 abducere
1287 1680 1619 1745 oportetzac
1635 1684 1859 1740 sponso,
1899 1669 1991 1739 qui
2020 1683 2140 1723 eam
2174 1668 2484 1730 adornabit,
2530 1671 2792 1741 integram
2836 1691 2895 1731 se
2930 1688 3094 1748 atque
3156 1675 3294 1732 adeo
3353 1689 3546 1747 puram

286 1787 638 1841 conservare,
691 1781 865 1830 utaut
897 1773 1114 1836 sordes,
1156 1778 1251 1825 aut
1287 1783 1472 1839 rugas,
1525 1775 1619 1821 aut
1657 1763 1864 1834 aliquid
1902 1763 2377 1833 ejusmodiminus
2404 1765 2710 1820 contrahat.

883 1889 1135 1946 κΕσινΑΑ.
1174 1889 1291 1954 ις’.

285 2011 417 2063 Ὅτι
445 2008 664 2076 ἀτελὴς
687 2008 775 2073 είς
798 2004 864 2091 τὸ
891 2002 1182 2091 ἀγαθοῖο
1198 1998 1419 2091 iubeat!
1446 2014 1560 2052 τινι
1586 1996 1703 2051 τῶν
1736 1993 1862 2048 κατ’

791 2073 1014 2143 ἀρετὴν
1040 2073 1360 2125 ἐλλείπων.

347 2167 469 2220 Μία
496 2168 605 2239 γάρ
637 2168 785 2220 ἐστιν
831 2165 950 2227 ὁδὸς
996 2161 1196 2223 εύθεῖα,
1234 2160 1393 2228 στενή
1438 2175 1494 2212 τε
1544 2156 1619 2220 ὡς
1650 2154 1865 2227 ἀληθῶς

278 2257 373 2310 καὶ
390 2256 747 2328 τεθλιμμένη,
775 2255 871 2308 καὶ
888 2253 987 2316 τὰς
1013 2252 1096 2321 ἐφ’
1124 2249 1360 2319 ἑκάτερα
1382 2244 1741 2317 παρατροπὰς
1763 2243 1863 2295 οὐκ

276 2347 663 2418 ἐπιδεχομένη,
704 2347 796 2399 καὶ
837 2345 900 2398 τὸ
942 2341 1186 2397 ὁπωσοῦν
1228 2338 1334 2406 ἔξω
1380 2336 1585 2405 ταύτης
1611 2333 1861 2403 γενέσθαι

274 2439 393 2490 ἶσον
425 2436 541 2507 ἔχει
572 2436 663 2490 τὸν
699 2437 795 2506 τῆς
826 2432 1195 2493 ἀποπτώσεως
1218 2428 1481 2483 κίνδυνον.
1513 2425 1578 2479 El
1603 2425 1666 2495 δὴ
1692 2423 1863 2477 ταῦτα

273 2524 449 2587 οὕτως
483 2525 620 2594 ἔχει,
665 2522 983 2595 διορθωτέον
1023 2520 1099 2584 ὡς
1131 2512 1241 2572 οἷόν
1279 2535 1338 2571 τε
1375 2517 1484 2570 τῶν
1523 2514 1733 2569 πολλῶν
1765 2512 1863 2583 τὴν

271 2616 594 2686 συνήθειαν,
624 2616 738 2667 ὅσοι
772 2612 906 2685 πρὸς
949 2612 1047 2683 μὲν
1076 2610 1172 2673 τὰς
1202 2606 1562 2680 αίσχροτέρας
1588 2604 1694 2658 τῶν
1739 2604 1863 2674 ἡδο-

274 2706 382 2760 νῶν
424 2707 663 2778 ἰσχυρῶς
704 2706 1077 2775 ἀπομάχονται
1097 2743 1115 2768 ,
1146 2702 1320 2764 ἄλλως
1351 2699 1409 2753 δὲ
1438 2698 1537 2770 τὴν
1576 2696 1768 2769 ἡδονὴν
1806 2699 1863 2750 έν

274 2799 461 2868 τιμαῖς
476 2798 572 2849 καὶ
583 2796 894 2866 φιλαρχίαις
910 2793 1198 2866 θηρεύουσι
1213 2808 1228 2823 ο
1250 2790 1631 2863 παραπλήσιον
1646 2787 1862 2842 ποιοῦν-

273 2904 388 2951 τες,
436 2887 628 2958 ὥσπερ
654 2887 720 2941 ἂν
744 2886 797 2940 εί
825 2904 910 2951 τις
947 2886 1163 2957 οἰκέτης
1204 2884 1516 2955 ἐλευθερίας
1559 2880 1859 2952 ἐπιθυμῶν,

273 2981 351 3051 μὴ
391 2981 543 3045 ὅπως
573 2981 671 3051 τῆς
710 2979 953 3043 δουλείας
992 2979 1098 3044 ἔξω
1135 2979 1423 3050 γενήσεται
1467 2973 1710 3036 σπεύδοι,
1742 2972 1859 3028 ἀλλ’

271 3071 557 3141 ἑναμείὸοι
590 3071 715 3135 τοὺς
741 3070 1129 3140 κεκτημένους,
1169 3071 1270 3142 τὴν
1299 3069 1596 3140 ἐναλλαγὴν
1622 3067 1732 3121 τῶν
1769 3083 1862 3120 κε-

271 3179 377 3231 nr,
384 3164 564 3232 μένων
580 3161 892 3232 ἐλευθερίαν
907 3160 1172 3231 οίόμενος.
1185 3161 1370 3214 Δοῦλοι
1389 3162 1498 3231 γάρ
1513 3162 1648 3213 εἰσιν
1665 3159 1859 3230 ἐπίσης

1808 1902 1831 1943 χ
1895 1870 1938 1923 Β

2546 1881 2780 1939 CAPUT
2819 1884 2958 1942 XVI.

1969 1995 2049 2050 Ad
2083 1995 2277 2050 bonum
2311 1996 2534 2076 minime
2561 2008 2719 2076 aptus
2747 2009 2824 2076 est
2850 2001 2901 2076 is
2919 2041 2935 2065 ,
2968 2003 3058 2073 qui
3089 2003 3271 2075 aliqua
3299 2020 3365 2060 ex
3389 2015 3543 2076 parte

2398 2068 2451 2120 in
2488 2069 2697 2122 virtutis
2728 2070 2891 2139 ofﬁcio
2918 2068 3121 2139 peccat.
3178 2068 3204 2103 ’-

2039 2153 2140 2210 Via
2195 2164 2282 2212 est
2336 2173 2444 2212 una
2498 2168 2687 2222 recta,
2742 2172 2978 2231 angusta
3034 2165 3125 2218 illa
3176 2166 3428 2235 quidem,
3487 2175 3544 2223 et

1967 2245 2096 2299 trita
2120 2285 2134 2309 ,
2176 2261 2296 2316 quae
2332 2263 2511 2317 neque
2546 2249 2775 2304 alterius
2811 2250 2909 2303 via:
2942 2248 3241 2317 ﬂexiones,
3276 2263 3331 2309 et
3360 2254 3539 2310 diver-

1963 2335 2137 2389 ticula
2192 2336 2655 2406 comprehendit;
2707 2346 2872 2408 atque
2914 2354 2979 2393 ex
3035 2341 3135 2395 hac
3180 2341 3366 2411 aliquo
3406 2358 3543 2399 sane

1965 2425 2128 2480 modo
2175 2427 2460 2481 dtﬂectere
2505 2426 2744 2483 fortasse
2786 2430 3090 2498 periculum
3137 2439 3258 2496 cst,
3305 2449 3372 2488 ne
3413 2435 3540 2504 quis

1965 2516 2183 2570 labatur
2213 2524 2267 2571 et
2301 2518 2577 2571 concidat.
2619 2517 2676 2572 Si
2715 2519 2827 2574 haec
2862 2521 2936 2573 ita
2970 2537 3029 2576 se
3059 2522 3299 2589 habent,
3334 2525 3538 2580 multo-

1963 2624 2082 2662 rum
2120 2625 2219 2664 nos
2254 2609 2720 2664 consuetudinem
2742 2649 2757 2675 ,
2792 2610 2976 2681 quoad
3012 2612 3134 2682 ejus
3169 2615 3282 2668 lieri
3320 2625 3539 2686 potest,

1963 2699 2236 2753 moderari
2289 2708 2550 2769 oportet:
2601 2700 2695 2770 qui
2755 2702 2902 2756 enim
2951 2711 3145 2762 contra
3202 2703 3541 2762 fmdissimas

1960 2791 2273 2859 voluptates
2317 2790 2727 2861 pugnacissime
2771 2806 2831 2848 se
2871 2793 3207 2859 defendunt,
3242 2810 3337 2852 cas
3365 2811 3536 2862 vero,

1961 2894 2085 2950 qua:
2138 2881 2195 2935 in
2247 2881 2551 2937 honoribus
2606 2890 2774 2953 atque
2828 2883 3044 2954 imperii
3103 2888 3541 2957 appetitionihus

1960 2970 2270 3037 exsistunt,
2307 2971 2623 3041 voluptates
2664 2982 3095 3040 consectantur,
3140 2978 3195 3032 hi
3240 2979 3373 3035 nihil
3415 2997 3537 3037 om-

1959 3060 2094 3113 nino
2120 3060 2388 3116 dissimile
2431 3061 2645 3117 faciunt
2677 3078 2741 3118 ac
2784 3065 2831 3119 si
2870 3060 3009 3136 quis'
3042 3083 3236 3125 servus
3266 3071 3541 3132 libertatis

1960 3151 2184 3213 avidus,
2214 3162 2426 3208 mature
2452 3168 2672 3224 operam
2697 3154 2823 3221 det,
2848 3172 2957 3211 non
2986 3166 3047 3211 ut
3073 3173 3101 3212 a
3133 3162 3396 3217 servitute
3415 3163 3539 3219 vin-

272 3252 499 3315 πάντες.
535 3252 641 3305 κᾶν
681 3252 757 3323 μὴ
780 3250 886 3304 ὑπὸ
904 3251 1013 3304 τῶν
1043 3250 1225 3304 αὐτῶν
1252 3250 1628 3322 κυριεύωνται,
1667 3248 1772 3312 ἓως
1793 3248 1856 3302 ἂν

1964 3241 2200 3307 dicetur,
2230 3256 2356 3295 cum
2389 3243 2443 3296 in
2474 3257 2541 3297 eo
2566 3243 2877 3300 libertatem
2903 3261 3027 3303 esse
3058 3257 3241 3318 putet,
3273 3252 3319 3307 si
3346 3253 3416 3308 ab
3441 3270 3533 3321 eo,

274 3343 414 3407 ὅλως
441 3344 717 3415 ἐπικρατῇ
738 3359 825 3406 τις
843 3341 1021 3396 αὐτῶν
1049 3341 1187 3412 μετὰ
1210 3340 1527 3404 δυναστείας
1551 3341 1713 3412 ἀρχή.
1739 3338 1861 3393 Εἰσὶ

273 3434 327 3488 δὲ
364 3435 528 3488 πάλιν
556 3435 608 3488 οἱ
630 3437 697 3506 τῇ
733 3432 901 3505 πολλῇ
939 3434 1076 3504 πρὸς
1101 3432 1200 3497 τὰς
1229 3432 1421 3505 ἡδονὰς
1460 3431 1630 3503 μάχῃ,
1660 3430 1859 3483 εὐκατ-

272 3527 565 3595 αγιῖινιστοί
588 3544 707 3590 πως
735 3525 816 3596 τῷ
848 3525 1210 3596 ἀντικειμένῳ
1247 3523 1412 3579 πάθει
1449 3524 1730 3592 γεγόνασι,
1764 3522 1859 3575 καὶ

271 3616 330 3670 ὲν
364 3618 435 3687 τῇ
465 3614 837 3686 ὲπιτεταμένῃ
878 3615 977 3683 τῆς
1015 3614 1160 3685 ζωῆς
1202 3612 1479 3685 ἀκριϐείᾳ,
1509 3611 1728 3676 λύπαις,
1764 3612 1859 3666 καὶ

267 3705 670 3779 ιαροξυσμοῑς,
701 3706 796 3760 καὶ
826 3705 1232 3777 μνησικακίαις,
1255 3704 1351 3757 καὶ
1380 3706 1493 3767 τοῖς
1521 3702 1726 3766 λοιποῖς
1753 3704 1859 3756 πᾶ·

271 3816 377 3865 σιν,
402 3799 515 3853 ὅσα
538 3798 670 3869 πρὸς
692 3798 752 3852 τὸ
776 3798 1017 3852 ἐναντίον
1040 3796 1135 3850 τοῦ
1158 3796 1299 3850 κατὰ
1316 3795 1414 3866 τὴν
1439 3796 1630 3866 ἡδονὴν
1652 3795 1856 3860 πάθους

272 3888 767 3959 ἀντικαθέστῃκεν,
797 3890 1034 3953 εὐκόλως
1061 3906 1120 3942 τε
1163 3888 1497 3949 ἁλίσκονται,
1531 3887 1624 3941 καὶ
1660 3886 1854 3957 δυσχε-

272 3981 378 4054 ρῶς
404 3980 747 4035 διεκδύνουσι
767 3996 782 4012 ο
809 3981 967 4034 τοῦτο
995 3981 1053 4035 δὲ
1081 3978 1308 4048 γίνεται,
1329 3979 1456 4032 ὅταν
1486 3976 1560 4048 μὴ
1584 3979 1613 4031 ὁ
1638 3976 1794 4045 λόγος
1825 3980 1855 4031 ὁ

273 4074 383 4127 m‘
412 4070 646 4143 ἀρετὴν,
668 4071 801 4126 ἀλλὰ
821 4089 875 4125 τι
898 4072 1068 4134 πάθος
1089 4065 1188 4140 τῆς
1211 4068 1352 4123 κατὰ
1377 4069 1467 4122 τὸν
1492 4067 1607 4137 βίον
1629 4069 1852 4137 πορείας

274 4163 609 4234 ἡγεμονεύῃ.
649 4162 711 4216 Ἦ
756 4162 854 4233 μὲν
892 4162 1002 4233 γὰρ
1035 4160 1220 4231 ἐντολὴ
1263 4158 1355 4212 τοῦ
1403 4158 1608 4229 Κυρίου
1650 4159 1852 4230 σφόδρα

273 4255 571 4325 τηλαυγὴς,
609 4252 688 4317 ὡς
713 4252 810 4308 καὶ
841 4252 1052 4324 νηπίων
1084 4249 1393 4321 ὀφθαλμοὺς
1422 4247 1678 4317 φωτίσαι,
1704 4250 1851 4319 μόνῳ

270 4344 341 4415 τῷ
370 4343 498 4414 Θεῷ
547 4341 984 4414 προσκολλᾶσθαι
1014 4340 1217 4410 ἀγαθὸν
1259 4335 1397 4392 εἶναι
1429 4337 1660 4407 λέγουσα
1682 4355 1696 4371 ·
1736 4339 1764 4392 ὸ
1793 4338 1850 4393 δὲ

267 4437 396 4501 Θεὸς
427 4436 556 4489 οὔτε
576 4436 723 4505 λύπη
750 4435 919 4498 ἐστὶν,
944 4433 1069 4487 οὔτε
1092 4431 1278 4503 ἡδονὴ,
1311 4429 1435 4483 οὔτε
1459 4430 1650 4491 δειλία,
1673 4429 1705 4501 ἢ
1726 4430 1850 4502 θρά-

263 4545 373 4592 σος,
409 4528 444 4599 ἦ
480 4526 669 4596 (ξίφεος,
722 4526 758 4596 ἧ
787 4526 946 4597 ὀργὴ,
980 4523 1017 4594 ἢ
1062 4522 1190 4577 ἄλλο
1221 4540 1274 4576 τι
1314 4520 1552 4618 τοιοῦτον
1598 4519 1789 4584 πάθος,
1882 4563 1923 4618 D

261 4619 361 4687 τῆς
406 4616 741 4672 ἀπαιδεύτου
796 4614 1037 4687 κυριεύει
1080 4614 1292 4685 ψυχῆςο
1334 4612 1450 4667 ἀλλ’
1498 4610 1573 4674 ὥς
1611 4627 1775 4681 φησιν
1817 4611 1847 4663 ὁ

278 4708 625 4772 ldo-1010;,
649 4706 945 4776 αὐτοσοφία
975 4705 1068 4760 καὶ
1092 4704 1382 4775 ἁγιασμὸς,
1410 4702 1638 4773 ἀλήθειά
1663 4718 1723 4755 τε
1753 4701 1846 4755 καὶ

258 4802 428 4872 χαρὰ.
461 4801 558 4855 καὶ
583 4801 797 4871 εἰρήνη,
833 4800 926 4853 καὶ
947 4799 1048 4851 ὅσα
1076 4796 1321 4851 τοιαῦτα.
1360 4795 1486 4859 Πῶς
1514 4789 1606 4849 οὖν
1629 4793 1742 4847 ἐστι
1766 4792 1845 4863 τῷ

246 4891 436 4948 ταῦτα
496 4892 609 4945 δντι
651 4888 1115 4962 προσκολληθῆναι
1159 4886 1250 4940 τὸν
1296 4885 1399 4939 ὑπὸ
1438 4884 1547 4938 τῶν
1589 4883 1844 4938 ἐναντίων

238 4981 670 5055 κρατούμενον;
701 4980 772 5033 Ἦ
822 4979 940 5044 πῶς
989 4977 1089 5031 οὐκ
1137 4976 1330 5044 ἄλογον
1365 4974 1456 5028 τδν
1498 4973 1576 5046 τῷ
1621 4973 1700 5027 ἑνί
1736 4989 1844 5026 τινι

240 5076 369 5131 βῶν
404 5072 593 5126 παθῶν
621 5073 768 5136 ὅπως
798 5071 873 5142 μὴ
917 5067 1185 5139 ὑπαχθείη
1222 5066 1605 5132 σπουδάζοντα,
1641 5064 1842 5136 ἀρετὴν

238 5165 507 5235 logi;er
541 5163 605 5216 τὸ
629 5161 1031 5232 ἁντικείμενονς
1056 5154 1203 5221 Οἷον,
1229 5158 1419 5230 ἡδονὴν
1452 5158 1551 5228 μὲν
1583 5157 1841 5226 φυγόντα,

235 5256 406 5326 λύττῃ
436 5252 800 5324 κατέχεσθαι·
836 5253 897 5306 τὸ
920 5252 976 5306 δὲ
1016 5250 1188 5322 θρασὺ
1216 5248 1314 5303 καὶ
1346 5248 1610 5319 προπετὲς
1637 5245 1842 5301 διακλί-

238 5362 441 5408 ma,
474 5344 649 5416 δειλία
680 5343 968 5398 ταπεινοῦν
993 5344 1091 5413 τὴν
1116 5340 1318 5412 ψυχήνο
1355 5339 1388 5409 ἦ
1414 5338 1602 5408 θυμοῖς
1630 5337 1851 5391 ἀνάλωω

238 5455 343 5490 ων
379 5437 573 5508 μένειν
613 5435 1002 5508 ἐσπουδακότα,
1038 5430 1435 5503 κατεπτηχέναι
1466 5427 1542 5499 τῷ
1574 5428 1741 5499 φόϐῳ.
1775 5427 1840 5481 Τί

248 5546 364 5602 τερ
415 5525 668 5599 ξιαςέρει
697 5525 932 5596 οὕτωςῆ
975 5525 1148 5589 ἄλλως
1191 5520 1291 5595 τῆς
1328 5519 1531 5591 ἀρετῆς
1571 5520 1845 5584 ἐκπεσεῖν,

1963 3332 2018 3386 in
2052 3331 2216 3402 cujus
2248 3339 2523 3401 potestate
2552 3334 2658 3389 fuit
2678 3374 2692 3399 ,
2723 3335 2789 3390 ad
2831 3337 3000 3393 alium
3032 3340 3313 3399 dominum
3347 3352 3533 3403 trans-

1959 3420 2187 3478 feratur.
2233 3422 2387 3478 Servi
2419 3425 2565 3479 enim
2614 3427 2733 3495 pari
2767 3429 3084 3486 conditione
3129 3448 3320 3490 omnes
3362 3445 3528 3504 sunt,

1957 3514 2214 3585 quamvis
2244 3529 2355 3570 non
2388 3519 2707 3591 earumdem
2740 3520 3088 3577 dominorum
3121 3524 3350 3596 imperio
3379 3540 3533 3600 pote-

1956 3614 2169 3662 statere
2217 3614 2526 3673 teneantur,
2570 3624 2691 3665 cum
2734 3627 2877 3666 unus
2908 3614 3109 3684 aliquis
3138 3617 3250 3673 illis
3278 3620 3527 3678 domine.

1956 3704 2067 3763 tur,
2106 3704 2269 3768 atque
2301 3713 2425 3753 cum
2459 3707 2731 3769 potestate
2761 3703 3011 3772 imperet.
3047 3703 3374 3779 Rursusque
3399 3719 3534 3767 sunt.

1956 3791 2203 3860 plerique
2248 3789 2343 3861 qui
2394 3791 2564 3846 multo
2608 3801 2799 3848 contra
2850 3794 2949 3851 has
2994 3798 3303 3870 voluptates
3347 3813 3530 3860 certa-

1955 3880 2124 3944 mine,
2146 3880 2305 3937 facile
2335 3884 2741 3952 quodanrmodo
2767 3896 2898 3942 sunt
2926 3888 2994 3944 ab
3022 3890 3340 3948 adversario
3367 3910 3531 3966 supe-

1953 3973 2090 4038 rati,
2119 3980 2287 4044 atque
2319 3974 2374 4028 in
2408 3986 2669 4031 accurata
2697 3977 2948 4049 beneque
2973 3982 3277 4038 constituta
3310 3985 3531 4041 vivendi

1952 4065 2204 4129 ratione,
2254 4065 2542 4123 doloribus
2590 4075 2644 4122 et
2699 4070 2865 4123 animi
2922 4072 3418 4139 concitationihus,
3470 4084 3529 4131 et

1950 4157 2218 4210 malorum
2264 4156 2771 4225 recordationibus,
2803 4168 2858 4214 et
2894 4162 3108 4216 caeteris
3140 4163 3376 4234 denique
3407 4180 3530 4221 omo

1952 4247 2118 4302 nibus
2148 4262 2272 4317 quae
2316 4255 2507 4302 contra
2550 4249 2695 4303 hunc
2733 4248 3030 4319 voluptatis
3067 4250 3320 4306 allectum
3358 4255 3525 4309 resti-

1949 4348 2165 4405 terunt,
2195 4353 2322 4393 cum
2357 4338 2515 4394 facile
2545 4348 2954 4408 expugnantur,
2987 4349 3098 4396 tum
3130 4341 3424 4400 diﬂiruller
3454 4348 3530 4404 ab

1948 4429 2019 4484 iis
2048 4430 2395 4505 liberantur:
2430 4431 2642 4499 hocque
2670 4438 2784 4485 tum
2814 4432 3056 4499 accidit,
3086 4450 3210 4489 cum
3243 4451 3352 4491 non
3384 4441 3529 4494 ratio
3570 4456 3586 4501 τ

1947 4519 2135 4574 virtuti
2168 4529 2575 4583 consentanea,
2625 4520 2721 4576 sed
2772 4523 2941 4577 animi
2989 4522 3203 4579 all'ectio
3250 4528 3524 4596 quaepiam
3575 4508 3583 4516 ’

1954 4610 2077 4665 vitae
2109 4626 2332 4665 cursum
2361 4611 2567 4681 dirigit.
2598 4610 2937 4683 Prteceptum
2981 4614 3126 4669 enim
3172 4614 3385 4670 Domini
3436 4617 3523 4671 lu-

1951 4697 2134 4753 cidum
2165 4701 2323 4756 valde
2346 4710 2434 4757 est
2460 4701 2530 4764 ³⁰.
2562 4710 2621 4756 ut
2662 4703 2747 4757 vel
2775 4702 3068 4758 infantium
3098 4706 3291 4761 oculos
3319 4705 3523 4761 illumi-
3611 4705 3631 4724 ‘

1951 4798 2079 4855 net,
2126 4791 2430 4863 eademque
2472 4792 2606 4848 dicit
2663 4794 2766 4849 soli
2817 4793 2929 4850 Deo
2980 4795 3263 4851 adhaerere
3312 4797 3522 4852 bonum

1948 4895 2073 4937 esse
2100 4882 2145 4914 ³⁸
2174 4900 2187 4935 :
2221 4883 2488 4952 siquidem
2530 4899 2710 4954 neque
2751 4885 2910 4940 dolor
2931 4893 3016 4942 est
3064 4884 3368 4956 Dominus,
3407 4903 3521 4945 non

1946 4973 2199 5043 voluptas
2223 5013 2239 5038 ,
2272 4991 2378 5029 non
2409 4975 2671 5043 formido,
2707 4992 2818 5032 non
2849 4978 3113 5042 audacia,
3144 4988 3239 5034 aut
3275 4979 3356 5035 ira
3376 5020 3393 5044 ,
3422 4989 3522 5036 aut

1946 5063 2147 5133 aliquis
2185 5063 2500 5133 hujusmodi
2534 5065 2794 5132 affectus,
2825 5066 2920 5137 qui
2958 5069 3013 5122 itt
3046 5070 3232 5124 animo
3265 5070 3387 5125 rudi
3418 5070 3519 5125 do-

1946 5156 2228 5221 minatur;
2259 5164 2313 5209 at
2349 5157 2613 5225 sapicntia
2660 5158 2777 5228 ipsa
2818 5170 2934 5222 est,
2982 5160 3158 5230 inquit
3185 5161 3515 5231 Apostolus,

1945 5245 2331 5309 sanctiﬁcatio,
2366 5248 2569 5303 veritas
2589 5287 2604 5311 ,
2639 5264 2741 5319 pax
2761 5289 2776 5314 ,
2805 5258 2861 5306 et
2901 5251 3194 5321 gaudium,
3221 5252 3515 5321 outniaque

1943 5337 2051 5391 alia
2080 5338 2131 5392 id
2150 5338 2368 5407 generis
2387 5340 2452 5394 ³¹.
2481 5339 2599 5406 Quo
2617 5340 2780 5411 igitur
2807 5343 2967 5398 modo
2997 5343 3122 5397 huic
3143 5343 3366 5412 junctus
3391 5357 3514 5400 esse

1944 5436 2125 5497 potest
2152 5428 2197 5481 is
2215 5466 2232 5489 .
2256 5429 2350 5498 qui
2393 5431 2688 5486 contrariis
2719 5430 3010 5488 all’ectibus
3053 5440 3270 5488 tenetur
3293 5433 3383 5487 "1
3406 5433 3514 5488 Aut

1945 5536 2058 5590 quo
2087 5519 2251 5575 modo
2280 5535 2388 5575 non
2424 5520 2727 5579 absurdum
2757 5531 2843 5579 est
2863 5564 2877 5591 ,
2906 5540 3030 5582 eum
3056 5526 3150 5597 qui
3184 5525 3427 5584 studium
3458 5526 3521 5583 itt

320 5687 366 5720 "
396 5683 447 5741 ιι
478 5684 609 5741 Cor.
641 5700 719 5752 vr,
753 5684 840 5741 14.
916 5683 962 5718 ³⁰
999 5681 1142 5742 Psal.
1170 5699 1324 5753 xvm,
1356 5684 1411 5742 9.
1487 5681 1531 5715 ³¹
1570 5678 1713 5737 Psal.
1757 5693 1856 5737 tu

1960 5677 2047 5745 28.
2122 5676 2359 5735 “lCor.
2407 5692 2447 5750 ι,
2493 5677 2586 5737 50.
2650 5670 2878 5736 “Rem.
2912 5695 3037 5753 xtv,
3072 5681 3161 5736 l7.
