  <div class='ocr_page' id='page_1' title='image "/cluster/home/n/w/nwhite01/storage/ocr_20150623/46/hvd.32044054112198/209.png"; bbox 0 0 3896 6204; ppageno 0'>
   <div class='ocr_carea' id='block_1_1' title="bbox 393 309 501 368">
    <p class='ocr_par' dir='ltr' id='par_1_1' title="bbox 393 309 501 368">
     <span class='ocr_line' id='line_1_1' title="bbox 393 309 501 368; baseline -0.046 0"><span class='ocrx_word' id='word_1_1' title='bbox 393 309 501 368; x_wconf 80' lang='lat'><strong>387</strong></span> 
     </span>
    </p>
   </div>
   <div class='ocr_carea' id='block_1_2' title="bbox 1652 298 2411 360">
    <p class='ocr_par' dir='ltr' id='par_1_2' title="bbox 1652 298 2411 360">
     <span class='ocr_line' id='line_1_2' title="bbox 1652 298 2411 360; baseline -0.001 -2"><span class='ocrx_word' id='word_1_2' title='bbox 1652 303 1712 358; x_wconf 89' lang='lat' dir='ltr'><strong>S.</strong></span> <span class='ocrx_word' id='word_1_3' title='bbox 1750 298 2082 360; x_wconf 75' lang='lat' dir='ltr'><strong>GREGORII</strong></span> <span class='ocrx_word' id='word_1_4' title='bbox 2111 300 2411 359; x_wconf 83' lang='lat' dir='ltr'><strong>NYSSENI</strong></span> 
     </span>
    </p>
   </div>
   <div class='ocr_carea' id='block_1_3' title="bbox 3537 303 3645 359">
    <p class='ocr_par' dir='ltr' id='par_1_3' title="bbox 3537 303 3645 359">
     <span class='ocr_line' id='line_1_3' title="bbox 3537 303 3645 359; baseline 0 0"><span class='ocrx_word' id='word_1_5' title='bbox 3537 303 3645 359; x_wconf 74' lang='lat'><strong>388</strong></span> 
     </span>
    </p>
   </div>
   <div class='ocr_carea' id='block_1_4' title="bbox 393 388 1969 498">
    <p class='ocr_par' dir='ltr' id='par_1_4' title="bbox 393 388 1962 498">
     <span class='ocr_line' id='line_1_4' title="bbox 393 388 1962 498; baseline -0.007 -15"><span class='ocrx_word' id='word_1_6' title='bbox 393 443 463 484; x_wconf 87' lang='lat' dir='ltr'><strong>eo</strong></span> <span class='ocrx_word' id='word_1_7' title='bbox 491 424 675 498; x_wconf 87' lang='lat' dir='ltr'><strong>p0nit,</strong></span> <span class='ocrx_word' id='word_1_8' title='bbox 708 430 769 478; x_wconf 91' lang='lat' dir='ltr'><strong>ut</strong></span> <span class='ocrx_word' id='word_1_9' title='bbox 811 422 961 478; x_wconf 91' lang='lat' dir='ltr'><strong>nulla</strong></span> <span class='ocrx_word' id='word_1_10' title='bbox 997 388 1351 479; x_wconf 56' lang='lat' dir='ltr'><strong>gifectionum</strong></span> <span class='ocrx_word' id='word_1_11' title='bbox 1382 419 1434 475; x_wconf 99' lang='lat' dir='ltr'><strong>vi</strong></span> <span class='ocrx_word' id='word_1_12' title='bbox 1479 418 1817 490; x_wconf 79' lang='lat' dir='ltr'><strong>impellatur,</strong></span> <span class='ocrx_word' id='word_1_13' title='bbox 1859 436 1962 490; x_wconf 84' lang='lat' dir='ltr'><strong>pu-</strong></span> 
     </span>
    </p>
   </div>
   <div class='ocr_carea' id='block_1_5' title="bbox 2075 388 3640 498">
    <p class='ocr_par' dir='ltr' id='par_1_5' title="bbox 2075 413 3640 490">
     <span class='ocr_line' id='line_1_5' title="bbox 2075 413 3640 490; baseline -0.003 -17"><span class='ocrx_word' id='word_1_14' title='bbox 2075 419 2268 490; x_wconf 77' lang='grc' dir='ltr'>μᾶλλον</span> <span class='ocrx_word' id='word_1_15' title='bbox 2308 420 2365 473; x_wconf 82' lang='grc' dir='ltr'>δὲ</span> <span class='ocrx_word' id='word_1_16' title='bbox 2398 416 2565 472; x_wconf 81' lang='grc' dir='ltr'>αὑτοῦ</span> <span class='ocrx_word' id='word_1_17' title='bbox 2599 415 2694 472; x_wconf 80' lang='grc' dir='ltr'>τοῦ</span> <span class='ocrx_word' id='word_1_18' title='bbox 2717 413 2853 471; x_wconf 89' lang='grc' dir='ltr'>Θεοὺ</span> <span class='ocrx_word' id='word_1_19' title='bbox 2892 415 2998 482; x_wconf 77' lang='grc' dir='ltr'>ἔξω</span> <span class='ocrx_word' id='word_1_20' title='bbox 3033 415 3306 486; x_wconf 86' lang='grc' dir='ltr'>γενέσθαι,</span> <span class='ocrx_word' id='word_1_21' title='bbox 3339 414 3399 480; x_wconf 83' lang='grc' dir='ltr'><strong>ὅς</strong></span> <span class='ocrx_word' id='word_1_22' title='bbox 3435 415 3575 470; x_wconf 84' lang='grc' dir='ltr'>ἐστιν</span> <span class='ocrx_word' id='word_1_23' title='bbox 3603 420 3640 488; x_wconf 80' lang='grc' dir='ltr'><strong>ἡ</strong></span> 
     </span>
    </p>
   </div>
   <div class='ocr_carea' id='block_1_6' title="bbox 393 513 1972 586">
    <p class='ocr_par' dir='ltr' id='par_1_6' title="bbox 393 513 1972 586">
     <span class='ocr_line' id='line_1_6' title="bbox 393 513 1972 586; baseline -0.007 -11"><span class='ocrx_word' id='word_1_24' title='bbox 393 530 515 575; x_wconf 86' lang='lat' dir='ltr'><strong>tare</strong></span> <span class='ocrx_word' id='word_1_25' title='bbox 548 519 601 572; x_wconf 90' lang='lat' dir='ltr'><strong>in</strong></span> <span class='ocrx_word' id='word_1_26' title='bbox 630 533 698 573; x_wconf 91' lang='lat' dir='ltr'><strong>e0</strong></span> <span class='ocrx_word' id='word_1_27' title='bbox 738 517 884 586; x_wconf 90' lang='lat' dir='ltr'><strong>quod</strong></span> <span class='ocrx_word' id='word_1_28' title='bbox 927 515 1270 570; x_wconf 88' lang='lat' dir='ltr'><strong>contrarium</strong></span> <span class='ocrx_word' id='word_1_29' title='bbox 1313 520 1434 578; x_wconf 88' lang='lat' dir='ltr'><strong>est,</strong></span> <span class='ocrx_word' id='word_1_30' title='bbox 1486 527 1613 568; x_wconf 90' lang='lat' dir='ltr'><strong>esse</strong></span> <span class='ocrx_word' id='word_1_31' title='bbox 1661 513 1972 567; x_wconf 76' lang='lat' dir='ltr'><strong>virtutem?</strong></span> 
     </span>
    </p>
   </div>
   <div class='ocr_carea' id='block_1_7' title="bbox 393 606 1970 679">
    <p class='ocr_par' dir='ltr' id='par_1_7' title="bbox 393 606 1970 679">
     <span class='ocr_line' id='line_1_7' title="bbox 393 606 1970 679; baseline -0.006 -8"><span class='ocrx_word' id='word_1_32' title='bbox 393 613 558 670; x_wconf 81' lang='lat' dir='ltr'><strong>Verbi</strong></span> <span class='ocrx_word' id='word_1_33' title='bbox 587 625 784 675; x_wconf 86' lang='lat' dir='ltr'><strong>causa,</strong></span> <span class='ocrx_word' id='word_1_34' title='bbox 820 610 990 679; x_wconf 90' lang='lat' dir='ltr'><strong>siqui</strong></span> <span class='ocrx_word' id='word_1_35' title='bbox 1035 609 1367 678; x_wconf 87' lang='lat' dir='ltr'><strong>voluptatem</strong></span> <span class='ocrx_word' id='word_1_36' title='bbox 1417 606 1584 676; x_wconf 82' lang='lat' dir='ltr'><strong>fugit,</strong></span> <span class='ocrx_word' id='word_1_37' title='bbox 1644 606 1834 660; x_wconf 90' lang='lat' dir='ltr'><strong>dolore</strong></span> <span class='ocrx_word' id='word_1_38' title='bbox 1880 606 1970 662; x_wconf 88' lang='lat' dir='ltr'><strong>hic</strong></span> 
     </span>
    </p>
   </div>
   <div class='ocr_carea' id='block_1_8' title="bbox 393 695 1968 771">
    <p class='ocr_par' dir='ltr' id='par_1_8' title="bbox 393 695 1968 771">
     <span class='ocr_line' id='line_1_8' title="bbox 393 695 1968 771; baseline -0.009 -11"><span class='ocrx_word' id='word_1_39' title='bbox 393 707 648 760; x_wconf 78' lang='lat' dir='ltr'><strong>vincatur</strong></span> <span class='ocrx_word' id='word_1_40' title='bbox 672 721 686 756; x_wconf 90' lang='lat'><strong>:</strong></span> <span class='ocrx_word' id='word_1_41' title='bbox 715 703 878 771; x_wconf 88' lang='lat' dir='ltr'><strong>quive</strong></span> <span class='ocrx_word' id='word_1_42' title='bbox 906 700 1193 754; x_wconf 80' lang='lat' dir='ltr'><strong>audaciam</strong></span> <span class='ocrx_word' id='word_1_43' title='bbox 1221 713 1285 752; x_wconf 89' lang='lat' dir='ltr'><strong>ac</strong></span> <span class='ocrx_word' id='word_1_44' title='bbox 1315 697 1676 751; x_wconf 89' lang='lat' dir='ltr'><strong>temeritatem</strong></span> <span class='ocrx_word' id='word_1_45' title='bbox 1706 695 1968 756; x_wconf 87' lang='lat' dir='ltr'><strong>declinat,</strong></span> 
     </span>
    </p>
   </div>
   <div class='ocr_carea' id='block_1_9' title="bbox 395 787 1970 870">
    <p class='ocr_par' dir='ltr' id='par_1_9' title="bbox 395 787 1970 870">
     <span class='ocr_line' id='line_1_9' title="bbox 395 787 1970 870; baseline -0.008 -19"><span class='ocrx_word' id='word_1_46' title='bbox 395 812 507 870; x_wconf 64' lang='lat' dir='ltr'><strong>pra:</strong></span> <span class='ocrx_word' id='word_1_47' title='bbox 553 796 848 850; x_wconf 84' lang='lat' dir='ltr'><strong>timiditate</strong></span> <span class='ocrx_word' id='word_1_48' title='bbox 883 794 928 848; x_wconf 89' lang='lat' dir='ltr'><strong>is</strong></span> <span class='ocrx_word' id='word_1_49' title='bbox 977 793 1216 846; x_wconf 89' lang='lat' dir='ltr'><strong>animum</strong></span> <span class='ocrx_word' id='word_1_50' title='bbox 1266 795 1579 859; x_wconf 86' lang='lat' dir='ltr'><strong>prosternat</strong></span> <span class='ocrx_word' id='word_1_51' title='bbox 1622 797 1785 857; x_wconf 88' lang='lat' dir='ltr'><strong>atque</strong></span> <span class='ocrx_word' id='word_1_52' title='bbox 1831 787 1970 855; x_wconf 85' lang='lat' dir='ltr'><strong>abji-</strong></span> 
     </span>
    </p>
   </div>
   <div class='ocr_carea' id='block_1_10' title="bbox 395 879 1964 957">
    <p class='ocr_par' dir='ltr' id='par_1_10' title="bbox 395 879 1964 957">
     <span class='ocr_line' id='line_1_10' title="bbox 395 879 1964 957; baseline -0.009 -12"><span class='ocrx_word' id='word_1_53' title='bbox 395 891 539 954; x_wconf 89' lang='lat' dir='ltr'><strong>ciat,</strong></span> <span class='ocrx_word' id='word_1_54' title='bbox 580 896 673 943; x_wconf 88' lang='lat' dir='ltr'><strong>aut</strong></span> <span class='ocrx_word' id='word_1_55' title='bbox 703 888 796 957; x_wconf 90' lang='lat' dir='ltr'><strong>qui</strong></span> <span class='ocrx_word' id='word_1_56' title='bbox 834 886 1038 940; x_wconf 84' lang='lat' dir='ltr'><strong>invicto</strong></span> <span class='ocrx_word' id='word_1_57' title='bbox 1085 898 1208 938; x_wconf 91' lang='lat' dir='ltr'><strong>esse</strong></span> <span class='ocrx_word' id='word_1_58' title='bbox 1240 881 1427 935; x_wconf 91' lang='lat' dir='ltr'><strong>animo</strong></span> <span class='ocrx_word' id='word_1_59' title='bbox 1461 879 1706 943; x_wconf 88' lang='lat' dir='ltr'><strong>studuit,</strong></span> <span class='ocrx_word' id='word_1_60' title='bbox 1742 879 1789 934; x_wconf 92' lang='lat' dir='ltr'><strong>is</strong></span> <span class='ocrx_word' id='word_1_61' title='bbox 1823 889 1964 932; x_wconf 59' lang='lat' dir='ltr'><strong>metu</strong></span> 
     </span>
    </p>
   </div>
   <div class='ocr_carea' id='block_1_11' title="bbox 393 971 1970 1042">
    <p class='ocr_par' dir='ltr' id='par_1_11' title="bbox 393 971 1970 1042">
     <span class='ocr_line' id='line_1_11' title="bbox 393 971 1970 1042; baseline -0.008 -5"><span class='ocrx_word' id='word_1_62' title='bbox 393 983 608 1037; x_wconf 88' lang='lat' dir='ltr'><strong>fractus</strong></span> <span class='ocrx_word' id='word_1_63' title='bbox 638 979 920 1034; x_wconf 78' lang='lat' dir='ltr'><strong>ceciderit.</strong></span> <span class='ocrx_word' id='word_1_64' title='bbox 957 974 1097 1042; x_wconf 85' lang='lat' dir='ltr'><strong>Quid</strong></span> <span class='ocrx_word' id='word_1_65' title='bbox 1128 976 1273 1028; x_wconf 89' lang='lat' dir='ltr'><strong>enim</strong></span> <span class='ocrx_word' id='word_1_66' title='bbox 1304 973 1574 1037; x_wconf 83' lang='lat' dir='ltr'><strong>interest,</strong></span> <span class='ocrx_word' id='word_1_67' title='bbox 1609 971 1714 1026; x_wconf 92' lang='lat' dir='ltr'><strong>hoc</strong></span> <span class='ocrx_word' id='word_1_68' title='bbox 1755 985 1823 1024; x_wconf 88' lang='lat' dir='ltr'><strong>an</strong></span> <span class='ocrx_word' id='word_1_69' title='bbox 1875 971 1970 1024; x_wconf 90' lang='lat' dir='ltr'><strong>illo</strong></span> 
     </span>
    </p>
   </div>
   <div class='ocr_carea' id='block_1_12' title="bbox 394 1059 1968 1141">
    <p class='ocr_par' dir='ltr' id='par_1_12' title="bbox 394 1059 1968 1141">
     <span class='ocr_line' id='line_1_12' title="bbox 394 1059 1968 1141; baseline -0.01 -12"><span class='ocrx_word' id='word_1_70' title='bbox 394 1073 558 1129; x_wconf 90' lang='lat' dir='ltr'><strong>modo</strong></span> <span class='ocrx_word' id='word_1_71' title='bbox 601 1072 729 1141; x_wconf 89' lang='lat' dir='ltr'><strong>quis</strong></span> <span class='ocrx_word' id='word_1_72' title='bbox 768 1085 798 1123; x_wconf 93' lang='lat' dir='ltr'><strong>a</strong></span> <span class='ocrx_word' id='word_1_73' title='bbox 842 1071 1044 1122; x_wconf 81' lang='lat' dir='ltr'><strong>virtute</strong></span> <span class='ocrx_word' id='word_1_74' title='bbox 1090 1066 1282 1126; x_wconf 83' lang='lat' dir='ltr'><strong>cadat,</strong></span> <span class='ocrx_word' id='word_1_75' title='bbox 1311 1064 1397 1117; x_wconf 88' lang='lat' dir='ltr'><strong>vel</strong></span> <span class='ocrx_word' id='word_1_76' title='bbox 1447 1063 1631 1132; x_wconf 89' lang='lat' dir='ltr'><strong>potius</strong></span> <span class='ocrx_word' id='word_1_77' title='bbox 1671 1077 1731 1116; x_wconf 88' lang='lat' dir='ltr'><strong>se</strong></span> <span class='ocrx_word' id='word_1_78' title='bbox 1779 1076 1809 1115; x_wconf 93' lang='lat' dir='ltr'><strong>a</strong></span> <span class='ocrx_word' id='word_1_79' title='bbox 1858 1059 1968 1114; x_wconf 85' lang='lat' dir='ltr'><strong>Deo</strong></span> 
     </span>
    </p>
   </div>
   <div class='ocr_carea' id='block_1_13' title="bbox 394 1152 1968 1234">
    <p class='ocr_par' dir='ltr' id='par_1_13' title="bbox 394 1152 1968 1234">
     <span class='ocr_line' id='line_1_13' title="bbox 394 1152 1968 1234; baseline -0.009 -14"><span class='ocrx_word' id='word_1_80' title='bbox 394 1166 520 1234; x_wconf 90' lang='lat' dir='ltr'><strong>ipso</strong></span> <span class='ocrx_word' id='word_1_81' title='bbox 550 1168 854 1223; x_wconf 83' lang='lat' dir='ltr'><strong>removeat,</strong></span> <span class='ocrx_word' id='word_1_82' title='bbox 887 1159 976 1228; x_wconf 86' lang='lat' dir='ltr'><strong>qui</strong></span> <span class='ocrx_word' id='word_1_83' title='bbox 1009 1157 1185 1210; x_wconf 90' lang='lat' dir='ltr'><strong>virtus</strong></span> <span class='ocrx_word' id='word_1_84' title='bbox 1227 1155 1478 1208; x_wconf 89' lang='lat' dir='ltr'><strong>absoluta</strong></span> <span class='ocrx_word' id='word_1_85' title='bbox 1524 1159 1637 1218; x_wconf 79' lang='lat' dir='ltr'><strong>est,</strong></span> <span class='ocrx_word' id='word_1_86' title='bbox 1682 1166 1747 1206; x_wconf 90' lang='lat' dir='ltr'><strong>ac</strong></span> <span class='ocrx_word' id='word_1_87' title='bbox 1785 1152 1968 1221; x_wconf 85' lang='lat' dir='ltr'><strong>perfe-</strong></span> 
     </span>
    </p>
   </div>
   <div class='ocr_carea' id='block_1_14' title="bbox 396 1241 1970 1315">
    <p class='ocr_par' dir='ltr' id='par_1_14' title="bbox 396 1241 1970 1315">
     <span class='ocr_line' id='line_1_14' title="bbox 396 1241 1970 1315; baseline -0.005 -11"><span class='ocrx_word' id='word_1_88' title='bbox 396 1260 483 1305; x_wconf 81' lang='lat' dir='ltr'><strong>cta</strong></span> <span class='ocrx_word' id='word_1_89' title='bbox 507 1252 530 1305; x_wconf 72' lang='grc' dir='ltr'><em>Ἰ</em></span> <span class='ocrx_word' id='word_1_90' title='bbox 557 1250 690 1302; x_wconf 81' lang='lat' dir='ltr'><strong>Nam</strong></span> <span class='ocrx_word' id='word_1_91' title='bbox 727 1249 778 1301; x_wconf 90' lang='lat' dir='ltr'><strong>in</strong></span> <span class='ocrx_word' id='word_1_92' title='bbox 812 1245 1192 1315; x_wconf 81' lang='lat' dir='ltr'><strong>corporalibus</strong></span> <span class='ocrx_word' id='word_1_93' title='bbox 1222 1243 1676 1312; x_wconf 74' lang='lat' dir='ltr'><strong>aegrotationibus</strong></span> <span class='ocrx_word' id='word_1_94' title='bbox 1711 1241 1850 1295; x_wconf 87' lang='lat' dir='ltr'><strong>nihil</strong></span> <span class='ocrx_word' id='word_1_95' title='bbox 1883 1257 1970 1296; x_wconf 90' lang='lat' dir='ltr'><strong>re-</strong></span> 
     </span>
    </p>
   </div>
   <div class='ocr_carea' id='block_1_15' title="bbox 397 1332 1968 1410">
    <p class='ocr_par' dir='ltr' id='par_1_15' title="bbox 397 1332 1968 1410">
     <span class='ocr_line' id='line_1_15' title="bbox 397 1332 1968 1410; baseline -0.007 -13"><span class='ocrx_word' id='word_1_96' title='bbox 397 1343 538 1399; x_wconf 88' lang='lat' dir='ltr'><strong>ferre</strong></span> <span class='ocrx_word' id='word_1_97' title='bbox 565 1345 690 1410; x_wconf 88' lang='lat' dir='ltr'><strong>quis</strong></span> <span class='ocrx_word' id='word_1_98' title='bbox 719 1339 954 1400; x_wconf 74' lang='lat' dir='ltr'><strong>dixerit,</strong></span> <span class='ocrx_word' id='word_1_99' title='bbox 989 1345 1172 1389; x_wconf 89' lang='lat' dir='ltr'><strong>utrum</strong></span> <span class='ocrx_word' id='word_1_100' title='bbox 1204 1334 1380 1388; x_wconf 87' lang='lat' dir='ltr'><strong>morbi</strong></span> <span class='ocrx_word' id='word_1_101' title='bbox 1419 1334 1570 1388; x_wconf 89' lang='lat' dir='ltr'><strong>tabes</strong></span> <span class='ocrx_word' id='word_1_102' title='bbox 1599 1347 1628 1386; x_wconf 86' lang='lat' dir='ltr'><strong>a</strong></span> <span class='ocrx_word' id='word_1_103' title='bbox 1659 1333 1830 1388; x_wconf 89' lang='lat' dir='ltr'><strong>nimia</strong></span> <span class='ocrx_word' id='word_1_104' title='bbox 1858 1332 1968 1388; x_wconf 86' lang='lat' dir='ltr'><strong>cibi</strong></span> 
     </span>
    </p>
   </div>
   <div class='ocr_carea' id='block_1_16' title="bbox 393 1425 1966 1496">
    <p class='ocr_par' dir='ltr' id='par_1_16' title="bbox 393 1425 1966 1496">
     <span class='ocr_line' id='line_1_16' title="bbox 393 1425 1966 1496; baseline -0.006 -8"><span class='ocrx_word' id='word_1_105' title='bbox 393 1434 659 1489; x_wconf 85' lang='lat' dir='ltr'><strong>tenuitate</strong></span> <span class='ocrx_word' id='word_1_106' title='bbox 681 1432 772 1496; x_wconf 88' lang='lat' dir='ltr'><strong>sit,</strong></span> <span class='ocrx_word' id='word_1_107' title='bbox 801 1446 868 1483; x_wconf 87' lang='lat' dir='ltr'><strong>an</strong></span> <span class='ocrx_word' id='word_1_108' title='bbox 893 1429 961 1482; x_wconf 92' lang='lat' dir='ltr'><strong>ab</strong></span> <span class='ocrx_word' id='word_1_109' title='bbox 983 1428 1344 1481; x_wconf 89' lang='lat' dir='ltr'><strong>immoderata</strong></span> <span class='ocrx_word' id='word_1_110' title='bbox 1370 1425 1819 1495; x_wconf 77' lang='lat' dir='ltr'><strong>ingurgitatioue,</strong></span> <span class='ocrx_word' id='word_1_111' title='bbox 1843 1440 1966 1480; x_wconf 91' lang='lat' dir='ltr'><strong>cum</strong></span> 
     </span>
    </p>
   </div>
   <div class='ocr_carea' id='block_1_17' title="bbox 395 1516 1972 1593">
    <p class='ocr_par' dir='ltr' id='par_1_17' title="bbox 395 1516 1972 1593">
     <span class='ocr_line' id='line_1_17' title="bbox 395 1516 1972 1593; baseline -0.007 -13"><span class='ocrx_word' id='word_1_112' title='bbox 395 1525 686 1593; x_wconf 90' lang='lat' dir='ltr'><strong>utriusque</strong></span> <span class='ocrx_word' id='word_1_113' title='bbox 727 1519 1110 1576; x_wconf 89' lang='lat' dir='ltr'><strong>immoderatio</strong></span> <span class='ocrx_word' id='word_1_114' title='bbox 1151 1516 1343 1572; x_wconf 86' lang='lat' dir='ltr'><strong>eodem</strong></span> <span class='ocrx_word' id='word_1_115' title='bbox 1389 1516 1624 1570; x_wconf 84' lang='lat' dir='ltr'><strong>termino</strong></span> <span class='ocrx_word' id='word_1_116' title='bbox 1674 1516 1972 1570; x_wconf 81' lang='lat' dir='ltr'><strong>concluda-</strong></span> 
     </span>
    </p>
   </div>
   <div class='ocr_carea' id='block_1_18' title="bbox 395 1608 1968 1684">
    <p class='ocr_par' dir='ltr' id='par_1_18' title="bbox 395 1608 1968 1684">
     <span class='ocr_line' id='line_1_18' title="bbox 395 1608 1968 1684; baseline -0.006 -13"><span class='ocrx_word' id='word_1_117' title='bbox 395 1626 504 1672; x_wconf 91' lang='lat' dir='ltr'><strong>tur.</strong></span> <span class='ocrx_word' id='word_1_118' title='bbox 553 1614 746 1684; x_wconf 84' lang='lat' dir='ltr'><strong>Itaque</strong></span> <span class='ocrx_word' id='word_1_119' title='bbox 790 1613 883 1682; x_wconf 88' lang='lat' dir='ltr'><strong>qui</strong></span> <span class='ocrx_word' id='word_1_120' title='bbox 922 1618 977 1666; x_wconf 85' lang='lat' dir='ltr'><strong>et</strong></span> <span class='ocrx_word' id='word_1_121' title='bbox 1024 1610 1193 1664; x_wconf 90' lang='lat' dir='ltr'><strong>animi</strong></span> <span class='ocrx_word' id='word_1_122' title='bbox 1235 1609 1395 1673; x_wconf 63' lang='lat' dir='ltr'><strong>vitae,</strong></span> <span class='ocrx_word' id='word_1_123' title='bbox 1438 1616 1493 1663; x_wconf 91' lang='lat' dir='ltr'><strong>et</strong></span> <span class='ocrx_word' id='word_1_124' title='bbox 1535 1608 1732 1664; x_wconf 89' lang='lat' dir='ltr'><strong>salutis</strong></span> <span class='ocrx_word' id='word_1_125' title='bbox 1776 1623 1968 1663; x_wconf 88' lang='lat' dir='ltr'><strong>curam</strong></span> 
     </span>
    </p>
   </div>
   <div class='ocr_carea' id='block_1_19' title="bbox 393 1700 1969 1772">
    <p class='ocr_par' dir='ltr' id='par_1_19' title="bbox 393 1700 1969 1772">
     <span class='ocr_line' id='line_1_19' title="bbox 393 1700 1969 1772; baseline -0.006 -8"><span class='ocrx_word' id='word_1_126' title='bbox 393 1709 593 1772; x_wconf 85' lang='lat' dir='ltr'><strong>habet,</strong></span> <span class='ocrx_word' id='word_1_127' title='bbox 627 1708 682 1760; x_wconf 90' lang='lat' dir='ltr'><strong>iu</strong></span> <span class='ocrx_word' id='word_1_128' title='bbox 717 1705 996 1758; x_wconf 81' lang='lat' dir='ltr'><strong>moderata</strong></span> <span class='ocrx_word' id='word_1_129' title='bbox 1029 1701 1262 1770; x_wconf 75' lang='lat' dir='ltr'><strong>quadam</strong></span> <span class='ocrx_word' id='word_1_130' title='bbox 1293 1700 1461 1754; x_wconf 86' lang='lat' dir='ltr'><strong>animi</strong></span> <span class='ocrx_word' id='word_1_131' title='bbox 1492 1700 1748 1770; x_wconf 69' lang='lat' dir='ltr'><strong>aequitate</strong></span> <span class='ocrx_word' id='word_1_132' title='bbox 1782 1715 1969 1756; x_wconf 88' lang='lat' dir='ltr'><strong>versa-</strong></span> 
     </span>
    </p>
   </div>
   <div class='ocr_carea' id='block_1_20' title="bbox 2071 508 3644 582">
    <p class='ocr_par' dir='ltr' id='par_1_20' title="bbox 2071 508 3644 582">
     <span class='ocr_line' id='line_1_20' title="bbox 2071 508 3644 582; baseline -0.001 -18"><span class='ocrx_word' id='word_1_133' title='bbox 2071 510 2335 582; x_wconf 86' lang='grc' dir='ltr'>παντελὴς</span> <span class='ocrx_word' id='word_1_134' title='bbox 2377 511 2541 582; x_wconf 84' lang='grc' dir='ltr'>ἀρετή</span> <span class='ocrx_word' id='word_1_135' title='bbox 2566 525 2580 573; x_wconf 92' lang='grc'>;</span> <span class='ocrx_word' id='word_1_136' title='bbox 2613 510 2720 562; x_wconf 73' lang='grc' dir='ltr'>Καὶ</span> <span class='ocrx_word' id='word_1_137' title='bbox 2750 508 2859 580; x_wconf 83' lang='grc' dir='ltr'>γὰρ</span> <span class='ocrx_word' id='word_1_138' title='bbox 2895 510 2988 562; x_wconf 77' lang='grc' dir='ltr'><strong>ἐπὶ</strong></span> <span class='ocrx_word' id='word_1_139' title='bbox 3017 509 3124 562; x_wconf 79' lang='grc' dir='ltr'>τῶν</span> <span class='ocrx_word' id='word_1_140' title='bbox 3156 509 3252 564; x_wconf 79' lang='grc' dir='ltr'>τοῦ</span> <span class='ocrx_word' id='word_1_141' title='bbox 3274 509 3523 580; x_wconf 83' lang='grc' dir='ltr'>σώματος</span> <span class='ocrx_word' id='word_1_142' title='bbox 3547 511 3644 581; x_wconf 81' lang='grc' dir='ltr'><strong>ἀῤ-</strong></span> 
     </span>
    </p>
   </div>
   <div class='ocr_carea' id='block_1_21' title="bbox 2070 599 3647 674">
    <p class='ocr_par' dir='ltr' id='par_1_21' title="bbox 2070 599 3647 674">
     <span class='ocr_line' id='line_1_21' title="bbox 2070 599 3647 674; baseline -0.001 -18"><span class='ocrx_word' id='word_1_143' title='bbox 2070 602 2461 674; x_wconf 76' lang='grc' dir='ltr'>ρωστημάτων,</span> <span class='ocrx_word' id='word_1_144' title='bbox 2491 601 2590 654; x_wconf 89' lang='grc' dir='ltr'><strong>οὑκ</strong></span> <span class='ocrx_word' id='word_1_145' title='bbox 2621 601 2686 654; x_wconf 81' lang='grc' dir='ltr'>ἂν</span> <span class='ocrx_word' id='word_1_146' title='bbox 2716 601 2996 671; x_wconf 82' lang='grc' dir='ltr'><strong>διαφέρειν</strong></span> <span class='ocrx_word' id='word_1_147' title='bbox 3026 599 3086 652; x_wconf 85' lang='grc' dir='ltr'>τὸ</span> <span class='ocrx_word' id='word_1_148' title='bbox 3113 600 3282 654; x_wconf 88' lang='grc' dir='ltr'>κακόν</span> <span class='ocrx_word' id='word_1_149' title='bbox 3307 619 3392 666; x_wconf 87' lang='grc' dir='ltr'><strong>τις</strong></span> <span class='ocrx_word' id='word_1_150' title='bbox 3418 603 3562 654; x_wconf 83' lang='grc' dir='ltr'><strong>εἴποι</strong></span> <span class='ocrx_word' id='word_1_151' title='bbox 3582 603 3647 655; x_wconf 84' lang='grc' dir='ltr'>δι’</span> 
     </span>
    </p>
   </div>
   <div class='ocr_carea' id='block_1_22' title="bbox 2069 691 3650 766">
    <p class='ocr_par' dir='ltr' id='par_1_22' title="bbox 2069 691 3650 766">
     <span class='ocr_line' id='line_1_22' title="bbox 2069 691 3650 766; baseline -0.002 -19"><span class='ocrx_word' id='word_1_152' title='bbox 2069 693 2514 766; x_wconf 84' lang='grc' dir='ltr'>ὑπερϐαλλούσης</span> <span class='ocrx_word' id='word_1_153' title='bbox 2547 691 2773 755; x_wconf 89' lang='grc' dir='ltr'>ἐνδείας,</span> <span class='ocrx_word' id='word_1_154' title='bbox 2813 693 2846 762; x_wconf 80' lang='grc' dir='ltr'><strong>ἢ</strong></span> <span class='ocrx_word' id='word_1_155' title='bbox 2895 691 3002 744; x_wconf 84' lang='grc' dir='ltr'><strong>ἀπὸ</strong></span> <span class='ocrx_word' id='word_1_156' title='bbox 3045 691 3364 762; x_wconf 79' lang='grc' dir='ltr'><strong>πλησμονῆς</strong></span> <span class='ocrx_word' id='word_1_157' title='bbox 3407 692 3650 762; x_wconf 82' lang='grc' dir='ltr'><strong>ἀμέτρου</strong></span> 
     </span>
    </p>
   </div>
   <div class='ocr_carea' id='block_1_23' title="bbox 2065 783 3654 858">
    <p class='ocr_par' dir='ltr' id='par_1_23' title="bbox 2065 783 3654 858">
     <span class='ocr_line' id='line_1_23' title="bbox 2065 783 3654 858; baseline -0.003 -18"><span class='ocrx_word' id='word_1_158' title='bbox 2065 785 2451 858; x_wconf 88' lang='grc' dir='ltr'>διαφθαρῆναι,</span> <span class='ocrx_word' id='word_1_159' title='bbox 2474 787 2555 850; x_wconf 86' lang='grc' dir='ltr'><strong>είς</strong></span> <span class='ocrx_word' id='word_1_160' title='bbox 2577 786 2637 838; x_wconf 79' lang='grc' dir='ltr'><strong>τὸ</strong></span> <span class='ocrx_word' id='word_1_161' title='bbox 2660 784 2790 839; x_wconf 74' lang='grc' dir='ltr'>αὑτὸ</span> <span class='ocrx_word' id='word_1_162' title='bbox 2811 784 2983 854; x_wconf 80' lang='grc' dir='ltr'><strong>πέρας</strong></span> <span class='ocrx_word' id='word_1_163' title='bbox 3004 784 3106 852; x_wconf 83' lang='grc' dir='ltr'><strong>τῆς</strong></span> <span class='ocrx_word' id='word_1_164' title='bbox 3126 785 3184 836; x_wconf 89' lang='grc' dir='ltr'><strong>ἐν</strong></span> <span class='ocrx_word' id='word_1_165' title='bbox 3209 783 3492 854; x_wconf 79' lang='grc' dir='ltr'><strong>ἑκατέροις</strong></span> <span class='ocrx_word' id='word_1_166' title='bbox 3516 784 3654 852; x_wconf 86' lang='grc' dir='ltr'>ἀμε-</span> 
     </span>
    </p>
   </div>
   <div class='ocr_carea' id='block_1_24' title="bbox 2067 875 3654 950">
    <p class='ocr_par' dir='ltr' id='par_1_24' title="bbox 2067 875 3654 950">
     <span class='ocr_line' id='line_1_24' title="bbox 2067 875 3654 950; baseline -0.002 -19"><span class='ocrx_word' id='word_1_167' title='bbox 2067 879 2224 950; x_wconf 82' lang='grc' dir='ltr'>τρίας</span> <span class='ocrx_word' id='word_1_168' title='bbox 2253 877 2546 950; x_wconf 89' lang='grc' dir='ltr'>ληγούσης.</span> <span class='ocrx_word' id='word_1_169' title='bbox 2586 877 2795 932; x_wconf 80' lang='grc' dir='ltr'>Οὐκοῦν</span> <span class='ocrx_word' id='word_1_170' title='bbox 2824 879 2915 930; x_wconf 82' lang='grc' dir='ltr'><strong>καὶ</strong></span> <span class='ocrx_word' id='word_1_171' title='bbox 2953 879 2982 930; x_wconf 88' lang='grc' dir='ltr'><strong>ό</strong></span> <span class='ocrx_word' id='word_1_172' title='bbox 3007 876 3107 946; x_wconf 88' lang='grc' dir='ltr'><strong>τῆς</strong></span> <span class='ocrx_word' id='word_1_173' title='bbox 3135 875 3278 929; x_wconf 86' lang='grc' dir='ltr'>κατὰ</span> <span class='ocrx_word' id='word_1_174' title='bbox 3301 875 3478 947; x_wconf 79' lang='grc' dir='ltr'>ψυχὴν</span> <span class='ocrx_word' id='word_1_175' title='bbox 3507 875 3654 946; x_wconf 78' lang='grc' dir='ltr'>ζωῆς</span> 
     </span>
    </p>
   </div>
   <div class='ocr_carea' id='block_1_25' title="bbox 2067 966 3655 1039">
    <p class='ocr_par' dir='ltr' id='par_1_25' title="bbox 2067 966 3655 1039">
     <span class='ocr_line' id='line_1_25' title="bbox 2067 966 3655 1039; baseline -0.002 -18"><span class='ocrx_word' id='word_1_176' title='bbox 2067 986 2126 1021; x_wconf 89' lang='grc' dir='ltr'><strong>τε</strong></span> <span class='ocrx_word' id='word_1_177' title='bbox 2149 971 2242 1023; x_wconf 71' lang='grc' dir='ltr'>καὶ</span> <span class='ocrx_word' id='word_1_178' title='bbox 2275 969 2484 1038; x_wconf 83' lang='grc' dir='ltr'><strong>ὑγιείας</strong></span> <span class='ocrx_word' id='word_1_179' title='bbox 2510 968 2918 1039; x_wconf 87' lang='grc' dir='ltr'>ἐπιμελόμενος,</span> <span class='ocrx_word' id='word_1_180' title='bbox 2955 966 3045 1020; x_wconf 84' lang='grc' dir='ltr'><strong>ἐπὶ</strong></span> <span class='ocrx_word' id='word_1_181' title='bbox 3067 966 3160 1020; x_wconf 81' lang='grc' dir='ltr'><strong>τοῦ</strong></span> <span class='ocrx_word' id='word_1_182' title='bbox 3189 967 3356 1038; x_wconf 91' lang='grc' dir='ltr'>μέσου</span> <span class='ocrx_word' id='word_1_183' title='bbox 3390 969 3490 1038; x_wconf 81' lang='grc' dir='ltr'><strong>τῆς</strong></span> <span class='ocrx_word' id='word_1_184' title='bbox 3520 967 3655 1036; x_wconf 86' lang='grc' dir='ltr'>ἀλη-</span> 
     </span>
    </p>
   </div>
   <div class='ocr_carea' id='block_1_26' title="bbox 2069 1057 3654 1130">
    <p class='ocr_par' dir='ltr' id='par_1_26' title="bbox 2069 1057 3654 1130">
     <span class='ocr_line' id='line_1_26' title="bbox 2069 1057 3654 1130; baseline -0.003 -17"><span class='ocrx_word' id='word_1_185' title='bbox 2069 1059 2222 1121; x_wconf 87' lang='grc' dir='ltr'>θείας</span> <span class='ocrx_word' id='word_1_186' title='bbox 2261 1060 2450 1112; x_wconf 84' lang='grc' dir='ltr'>ἐαυτὸν</span> <span class='ocrx_word' id='word_1_187' title='bbox 2483 1060 2734 1130; x_wconf 78' lang='grc' dir='ltr'><strong>τηρήσει,</strong></span> <span class='ocrx_word' id='word_1_188' title='bbox 2781 1059 2988 1128; x_wconf 79' lang='grc' dir='ltr'><strong>ἀμιγὴς</strong></span> <span class='ocrx_word' id='word_1_189' title='bbox 3037 1058 3131 1110; x_wconf 80' lang='grc' dir='ltr'><strong>καὶ</strong></span> <span class='ocrx_word' id='word_1_190' title='bbox 3164 1057 3427 1128; x_wconf 81' lang='grc' dir='ltr'><strong>ἀμέτοχος</strong></span> <span class='ocrx_word' id='word_1_191' title='bbox 3459 1057 3654 1127; x_wconf 87' lang='grc' dir='ltr'>διαμέ-</span> 
     </span>
    </p>
   </div>
   <div class='ocr_carea' id='block_1_27' title="bbox 2069 1150 3648 1222">
    <p class='ocr_par' dir='ltr' id='par_1_27' title="bbox 2069 1150 3648 1222">
     <span class='ocr_line' id='line_1_27' title="bbox 2069 1150 3648 1222; baseline -0.003 -16"><span class='ocrx_word' id='word_1_192' title='bbox 2069 1170 2175 1207; x_wconf 91' lang='grc' dir='ltr'><strong>νων</strong></span> <span class='ocrx_word' id='word_1_193' title='bbox 2215 1152 2314 1222; x_wconf 86' lang='grc' dir='ltr'><strong>τῆς</strong></span> <span class='ocrx_word' id='word_1_194' title='bbox 2347 1151 2684 1222; x_wconf 80' lang='grc' dir='ltr'>ἑκατέρωθεν</span> <span class='ocrx_word' id='word_1_195' title='bbox 2709 1153 2774 1221; x_wconf 83' lang='grc' dir='ltr'>τῇ</span> <span class='ocrx_word' id='word_1_196' title='bbox 2811 1152 2978 1221; x_wconf 85' lang='grc' dir='ltr'>ἀρετῇ</span> <span class='ocrx_word' id='word_1_197' title='bbox 3027 1150 3444 1222; x_wconf 79' lang='grc' dir='ltr'>παρακειμένης</span> <span class='ocrx_word' id='word_1_198' title='bbox 3493 1151 3648 1202; x_wconf 73' lang='grc' dir='ltr'>ἐνανο</span> 
     </span>
    </p>
   </div>
   <div class='ocr_carea' id='block_1_28' title="bbox 2069 1242 3657 1316">
    <p class='ocr_par' dir='ltr' id='par_1_28' title="bbox 2069 1242 3657 1316">
     <span class='ocr_line' id='line_1_28' title="bbox 2069 1242 3657 1316; baseline -0.003 -18"><span class='ocrx_word' id='word_1_199' title='bbox 2069 1246 2330 1316; x_wconf 88' lang='grc' dir='ltr'>τιότητος.</span> <span class='ocrx_word' id='word_1_200' title='bbox 2367 1245 2480 1297; x_wconf 79' lang='grc' dir='ltr'><strong>Οὐκ</strong></span> <span class='ocrx_word' id='word_1_201' title='bbox 2531 1244 2661 1314; x_wconf 81' lang='grc' dir='ltr'>ἐμὸς</span> <span class='ocrx_word' id='word_1_202' title='bbox 2689 1246 2717 1297; x_wconf 85' lang='grc' dir='ltr'><strong>ό</strong></span> <span class='ocrx_word' id='word_1_203' title='bbox 2763 1243 2939 1311; x_wconf 88' lang='grc' dir='ltr'>λόγος,</span> <span class='ocrx_word' id='word_1_204' title='bbox 2972 1243 3086 1296; x_wconf 84' lang='grc' dir='ltr'>ἀλλ’</span> <span class='ocrx_word' id='word_1_205' title='bbox 3133 1243 3304 1313; x_wconf 89' lang='grc' dir='ltr'>αὑτῆς</span> <span class='ocrx_word' id='word_1_206' title='bbox 3355 1245 3455 1312; x_wconf 87' lang='grc' dir='ltr'><strong>τῆς</strong></span> <span class='ocrx_word' id='word_1_207' title='bbox 3501 1242 3657 1305; x_wconf 81' lang='grc' dir='ltr'>θείας</span> 
     </span>
    </p>
   </div>
   <div class='ocr_carea' id='block_1_29' title="bbox 2070 1334 3660 1409">
    <p class='ocr_par' dir='ltr' id='par_1_29' title="bbox 2070 1334 3660 1409">
     <span class='ocr_line' id='line_1_29' title="bbox 2070 1334 3660 1409; baseline -0.003 -17"><span class='ocrx_word' id='word_1_208' title='bbox 2070 1338 2272 1408; x_wconf 82' lang='grc' dir='ltr'>φωνῆς.</span> <span class='ocrx_word' id='word_1_209' title='bbox 2308 1337 2560 1409; x_wconf 80' lang='grc' dir='ltr'>Φανερῶς</span> <span class='ocrx_word' id='word_1_210' title='bbox 2591 1336 2699 1407; x_wconf 81' lang='grc' dir='ltr'>γὰρ</span> <span class='ocrx_word' id='word_1_211' title='bbox 2727 1335 2826 1404; x_wconf 86' lang='grc' dir='ltr'><strong>τῆς</strong></span> <span class='ocrx_word' id='word_1_212' title='bbox 2853 1337 2947 1389; x_wconf 89' lang='grc' dir='ltr'><strong>τοὺ</strong></span> <span class='ocrx_word' id='word_1_213' title='bbox 2979 1335 3185 1407; x_wconf 80' lang='grc' dir='ltr'>Κυρίου</span> <span class='ocrx_word' id='word_1_214' title='bbox 3220 1334 3563 1398; x_wconf 84' lang='grc' dir='ltr'>διδασκαλίας</span> <span class='ocrx_word' id='word_1_215' title='bbox 3588 1337 3660 1388; x_wconf 73' lang='grc' dir='ltr'>τὸ</span> 
     </span>
    </p>
   </div>
   <div class='ocr_carea' id='block_1_30' title="bbox 2069 1423 3661 1499">
    <p class='ocr_par' dir='ltr' id='par_1_30' title="bbox 2069 1423 3661 1499">
     <span class='ocr_line' id='line_1_30' title="bbox 2069 1423 3661 1499; baseline -0.003 -15"><span class='ocrx_word' id='word_1_216' title='bbox 2069 1430 2247 1499; x_wconf 84' lang='grc' dir='ltr'>δόγμα</span> <span class='ocrx_word' id='word_1_217' title='bbox 2265 1428 2425 1483; x_wconf 80' lang='grc' dir='ltr'>τοῦτό</span> <span class='ocrx_word' id='word_1_218' title='bbox 2457 1431 2627 1492; x_wconf 89' lang='grc' dir='ltr'>ἐστιν,</span> <span class='ocrx_word' id='word_1_219' title='bbox 2655 1430 2712 1481; x_wconf 89' lang='grc' dir='ltr'><strong>ἐν</strong></span> <span class='ocrx_word' id='word_1_220' title='bbox 2745 1423 2827 1492; x_wconf 76' lang='grc' dir='ltr'>οἷς</span> <span class='ocrx_word' id='word_1_221' title='bbox 2859 1429 3097 1482; x_wconf 82' lang='grc' dir='ltr'>διδάσκει</span> <span class='ocrx_word' id='word_1_222' title='bbox 3124 1428 3250 1490; x_wconf 79' lang='grc' dir='ltr'>τοὺς</span> <span class='ocrx_word' id='word_1_223' title='bbox 3279 1426 3545 1498; x_wconf 82' lang='grc' dir='ltr'>μαθητὰς,</span> <span class='ocrx_word' id='word_1_224' title='bbox 3574 1426 3661 1490; x_wconf 82' lang='grc' dir='ltr'><strong>ὡς</strong></span> 
     </span>
    </p>
   </div>
   <div class='ocr_carea' id='block_1_31' title="bbox 2070 1519 3663 1592">
    <p class='ocr_par' dir='ltr' id='par_1_31' title="bbox 2070 1519 3663 1592">
     <span class='ocr_line' id='line_1_31' title="bbox 2070 1519 3663 1592; baseline -0.002 -19"><span class='ocrx_word' id='word_1_225' title='bbox 2070 1521 2240 1592; x_wconf 77' lang='grc' dir='ltr'>ἄρνας</span> <span class='ocrx_word' id='word_1_226' title='bbox 2287 1520 2470 1584; x_wconf 86' lang='grc' dir='ltr'>λύκοις</span> <span class='ocrx_word' id='word_1_227' title='bbox 2520 1521 3142 1591; x_wconf 85' lang='grc' dir='ltr'>συναναστρεφομένους,</span> <span class='ocrx_word' id='word_1_228' title='bbox 3191 1519 3266 1590; x_wconf 83' lang='grc' dir='ltr'>μὴ</span> <span class='ocrx_word' id='word_1_229' title='bbox 3323 1519 3663 1589; x_wconf 76' lang='grc' dir='ltr'>περιστερὰς</span> 
     </span>
    </p>
   </div>
   <div class='ocr_carea' id='block_1_32' title="bbox 2070 1609 3662 1682">
    <p class='ocr_par' dir='ltr' id='par_1_32' title="bbox 2070 1609 3662 1682">
     <span class='ocr_line' id='line_1_32' title="bbox 2070 1609 3662 1682; baseline -0.001 -17"><span class='ocrx_word' id='word_1_230' title='bbox 2070 1609 2210 1666; x_wconf 75' lang='grc' dir='ltr'>εἶναι</span> <span class='ocrx_word' id='word_1_231' title='bbox 2246 1613 2427 1682; x_wconf 90' lang='grc' dir='ltr'>μόνον,</span> <span class='ocrx_word' id='word_1_232' title='bbox 2465 1612 2580 1667; x_wconf 88' lang='grc' dir='ltr'>ἁλλ’</span> <span class='ocrx_word' id='word_1_233' title='bbox 2615 1612 2757 1682; x_wconf 86' lang='grc' dir='ltr'>ἔχειν</span> <span class='ocrx_word' id='word_1_234' title='bbox 2784 1630 2834 1666; x_wconf 88' lang='grc' dir='ltr'><strong>τι</strong></span> <span class='ocrx_word' id='word_1_235' title='bbox 2865 1615 2958 1666; x_wconf 76' lang='grc' dir='ltr'>καὶ</span> <span class='ocrx_word' id='word_1_236' title='bbox 2983 1611 3078 1664; x_wconf 84' lang='grc' dir='ltr'>τοῦ</span> <span class='ocrx_word' id='word_1_237' title='bbox 3107 1611 3283 1680; x_wconf 77' lang='grc' dir='ltr'>ὄφεως</span> <span class='ocrx_word' id='word_1_238' title='bbox 3313 1613 3371 1664; x_wconf 90' lang='grc' dir='ltr'><strong>ἐν</strong></span> <span class='ocrx_word' id='word_1_239' title='bbox 3393 1611 3470 1682; x_wconf 83' lang='grc' dir='ltr'>τῷ</span> <span class='ocrx_word' id='word_1_240' title='bbox 3510 1610 3662 1681; x_wconf 86' lang='grc' dir='ltr'>ῆθει.</span> 
     </span>
    </p>
   </div>
   <div class='ocr_carea' id='block_1_33' title="bbox 2073 1702 3665 1774">
    <p class='ocr_par' dir='ltr' id='par_1_33' title="bbox 2073 1702 3665 1774">
     <span class='ocr_line' id='line_1_33' title="bbox 2073 1702 3665 1774; baseline -0.001 -18"><span class='ocrx_word' id='word_1_241' title='bbox 2073 1702 2245 1756; x_wconf 86' lang='grc' dir='ltr'><strong>Τοὺτο</strong></span> <span class='ocrx_word' id='word_1_242' title='bbox 2273 1703 2327 1756; x_wconf 88' lang='grc' dir='ltr'><strong>δέ</strong></span> <span class='ocrx_word' id='word_1_243' title='bbox 2357 1704 2493 1767; x_wconf 86' lang='grc' dir='ltr'>ἐστι,</span> <span class='ocrx_word' id='word_1_244' title='bbox 2524 1703 2584 1756; x_wconf 84' lang='grc' dir='ltr'>τὸ</span> <span class='ocrx_word' id='word_1_245' title='bbox 2617 1705 2753 1774; x_wconf 81' lang='grc' dir='ltr'>μήτε</span> <span class='ocrx_word' id='word_1_246' title='bbox 2793 1703 2891 1774; x_wconf 81' lang='grc' dir='ltr'>τὴν</span> <span class='ocrx_word' id='word_1_247' title='bbox 2915 1703 3188 1772; x_wconf 80' lang='grc' dir='ltr'>ἁπλότητα</span> <span class='ocrx_word' id='word_1_248' title='bbox 3224 1702 3415 1755; x_wconf 79' lang='grc' dir='ltr'>δοκοῦν</span> <span class='ocrx_word' id='word_1_249' title='bbox 3437 1703 3665 1754; x_wconf 80' lang='grc' dir='ltr'>ἐπαινε-</span> 
     </span>
    </p>
   </div>
   <div class='ocr_carea' id='block_1_34' title="bbox 394 1765 1969 1868">
    <p class='ocr_par' dir='ltr' id='par_1_34' title="bbox 394 1794 1967 1868">
     <span class='ocr_line' id='line_1_34' title="bbox 394 1794 1967 1868; baseline -0.005 -13"><span class='ocrx_word' id='word_1_250' title='bbox 394 1802 563 1865; x_wconf 89' lang='lat' dir='ltr'><strong>bitur,</strong></span> <span class='ocrx_word' id='word_1_251' title='bbox 595 1798 856 1868; x_wconf 89' lang='lat' dir='ltr'><strong>quoniam</strong></span> <span class='ocrx_word' id='word_1_252' title='bbox 895 1797 948 1849; x_wconf 90' lang='lat' dir='ltr'><strong>in</strong></span> <span class='ocrx_word' id='word_1_253' title='bbox 980 1808 1044 1848; x_wconf 90' lang='lat' dir='ltr'><strong>eo</strong></span> <span class='ocrx_word' id='word_1_254' title='bbox 1075 1801 1390 1863; x_wconf 85' lang='lat' dir='ltr'><strong>permanet,</strong></span> <span class='ocrx_word' id='word_1_255' title='bbox 1425 1800 1483 1846; x_wconf 92' lang='lat' dir='ltr'><strong>ut</strong></span> <span class='ocrx_word' id='word_1_256' title='bbox 1512 1794 1717 1847; x_wconf 89' lang='lat' dir='ltr'><strong>nullam</strong></span> <span class='ocrx_word' id='word_1_257' title='bbox 1753 1807 1875 1846; x_wconf 92' lang='lat' dir='ltr'><strong>cum</strong></span> <span class='ocrx_word' id='word_1_258' title='bbox 1903 1808 1967 1847; x_wconf 86' lang='lat' dir='ltr'><strong>ea</strong></span> 
     </span>
    </p>
   </div>
   <div class='ocr_carea' id='block_1_35' title="bbox 2075 1765 3664 1868">
    <p class='ocr_par' dir='ltr' id='par_1_35' title="bbox 2075 1765 3664 1866">
     <span class='ocr_line' id='line_1_35' title="bbox 2075 1765 3664 1866; baseline 0.001 -22"><span class='ocrx_word' id='word_1_259' title='bbox 2075 1791 2170 1864; x_wconf 81' lang='grc' dir='ltr'><strong>τὴν</strong></span> <span class='ocrx_word' id='word_1_260' title='bbox 2218 1795 2329 1857; x_wconf 88' lang='grc' dir='ltr'>τοῖς</span> <span class='ocrx_word' id='word_1_261' title='bbox 2371 1765 2690 1866; x_wconf 70' lang='grc' dir='ltr'><strong>ἀνθρώποις¹</strong></span> <span class='ocrx_word' id='word_1_262' title='bbox 2729 1794 2809 1856; x_wconf 88' lang='grc' dir='ltr'><strong>είς</strong></span> <span class='ocrx_word' id='word_1_263' title='bbox 2847 1765 3013 1864; x_wconf 70' lang='grc' dir='ltr'>ἀκρον</span> <span class='ocrx_word' id='word_1_264' title='bbox 3062 1765 3418 1864; x_wconf 76' lang='grc' dir='ltr'>ἐπιτηδεύειν,</span> <span class='ocrx_word' id='word_1_265' title='bbox 3468 1793 3545 1856; x_wconf 85' lang='grc' dir='ltr'>ὡς</span> <span class='ocrx_word' id='word_1_266' title='bbox 3585 1796 3664 1864; x_wconf 78' lang='grc' dir='ltr'>τῇ</span> 
     </span>
    </p>
   </div>
   <div class='ocr_carea' id='block_1_36' title="bbox 392 1871 1970 1961">
    <p class='ocr_par' dir='ltr' id='par_1_36' title="bbox 392 1871 1970 1961">
     <span class='ocr_line' id='line_1_36' title="bbox 392 1871 1970 1961; baseline -0.006 -14"><span class='ocrx_word' id='word_1_267' title='bbox 392 1889 755 1961; x_wconf 77' lang='lat' dir='ltr'><strong>repugnantia</strong></span> <span class='ocrx_word' id='word_1_268' title='bbox 784 1889 1106 1942; x_wconf 83' lang='lat' dir='ltr'><strong>societatem</strong></span> <span class='ocrx_word' id='word_1_269' title='bbox 1151 1884 1386 1946; x_wconf 89' lang='lat' dir='ltr'><strong>habeat,</strong></span> <span class='ocrx_word' id='word_1_270' title='bbox 1433 1898 1556 1952; x_wconf 64' lang='lat' dir='ltr'><strong>qua:</strong></span> <span class='ocrx_word' id='word_1_271' title='bbox 1599 1884 1673 1937; x_wconf 90' lang='lat' dir='ltr'><strong>sit</strong></span> <span class='ocrx_word' id='word_1_272' title='bbox 1706 1871 1970 1953; x_wconf 77' lang='lat' dir='ltr'><strong>utrinque</strong></span> 
     </span>
    </p>
   </div>
   <div class='ocr_carea' id='block_1_37' title="bbox 390 1973 1972 2050">
    <p class='ocr_par' dir='ltr' id='par_1_37' title="bbox 390 1973 1972 2050">
     <span class='ocr_line' id='line_1_37' title="bbox 390 1973 1972 2050; baseline -0.008 -11"><span class='ocrx_word' id='word_1_273' title='bbox 390 1983 582 2040; x_wconf 84' lang='lat' dir='ltr'><strong>virtuti</strong></span> <span class='ocrx_word' id='word_1_274' title='bbox 615 1981 883 2050; x_wconf 78' lang='lat' dir='ltr'><strong>Opposita.</strong></span> <span class='ocrx_word' id='word_1_275' title='bbox 911 1976 1028 2030; x_wconf 84' lang='lat' dir='ltr'><strong>Non</strong></span> <span class='ocrx_word' id='word_1_276' title='bbox 1059 1990 1176 2031; x_wconf 91' lang='lat' dir='ltr'><strong>mea</strong></span> <span class='ocrx_word' id='word_1_277' title='bbox 1199 1973 1419 2046; x_wconf 87' lang='lat' dir='ltr'><strong>quidem</strong></span> <span class='ocrx_word' id='word_1_278' title='bbox 1444 1975 1561 2029; x_wconf 84' lang='lat' dir='ltr'><strong>haec</strong></span> <span class='ocrx_word' id='word_1_279' title='bbox 1594 1982 1712 2039; x_wconf 89' lang='lat' dir='ltr'><strong>est,</strong></span> <span class='ocrx_word' id='word_1_280' title='bbox 1745 1975 1838 2030; x_wconf 88' lang='lat' dir='ltr'><strong>sed</strong></span> <span class='ocrx_word' id='word_1_281' title='bbox 1873 1990 1972 2028; x_wconf 88' lang='lat' dir='ltr'><strong>vo-</strong></span> 
     </span>
    </p>
   </div>
   <div class='ocr_carea' id='block_1_38' title="bbox 391 2063 1971 2145">
    <p class='ocr_par' dir='ltr' id='par_1_38' title="bbox 391 2063 1971 2145">
     <span class='ocr_line' id='line_1_38' title="bbox 391 2063 1971 2145; baseline -0.007 -14"><span class='ocrx_word' id='word_1_282' title='bbox 391 2077 474 2131; x_wconf 85' lang='lat' dir='ltr'><strong>cis</strong></span> <span class='ocrx_word' id='word_1_283' title='bbox 505 2074 680 2145; x_wconf 88' lang='lat' dir='ltr'><strong>ipsius</strong></span> <span class='ocrx_word' id='word_1_284' title='bbox 710 2071 911 2126; x_wconf 69' lang='lat' dir='ltr'><strong>divinm</strong></span> <span class='ocrx_word' id='word_1_285' title='bbox 957 2068 1154 2122; x_wconf 89' lang='lat' dir='ltr'><strong>oratio.</strong></span> <span class='ocrx_word' id='word_1_286' title='bbox 1197 2065 1402 2135; x_wconf 83' lang='lat' dir='ltr'><strong>Aperte</strong></span> <span class='ocrx_word' id='word_1_287' title='bbox 1446 2063 1664 2120; x_wconf 88' lang='lat' dir='ltr'><strong>Domini</strong></span> <span class='ocrx_word' id='word_1_288' title='bbox 1704 2066 1971 2120; x_wconf 64' lang='lat' dir='ltr'><strong>doctrina:</strong></span> 
     </span>
    </p>
   </div>
   <div class='ocr_carea' id='block_1_39' title="bbox 391 2158 1971 2238">
    <p class='ocr_par' dir='ltr' id='par_1_39' title="bbox 391 2158 1971 2238">
     <span class='ocr_line' id='line_1_39' title="bbox 391 2158 1971 2238; baseline -0.008 -15"><span class='ocrx_word' id='word_1_289' title='bbox 391 2169 498 2224; x_wconf 90' lang='lat' dir='ltr'><strong>hoc</strong></span> <span class='ocrx_word' id='word_1_290' title='bbox 523 2174 850 2238; x_wconf 59' lang='lat' dir='ltr'><strong>praeceptum</strong></span> <span class='ocrx_word' id='word_1_291' title='bbox 882 2169 968 2217; x_wconf 90' lang='lat' dir='ltr'><strong>est</strong></span> <span class='ocrx_word' id='word_1_292' title='bbox 988 2199 1002 2224; x_wconf 93' lang='lat'><strong>,</strong></span> <span class='ocrx_word' id='word_1_293' title='bbox 1033 2160 1086 2214; x_wconf 89' lang='lat' dir='ltr'><strong>in</strong></span> <span class='ocrx_word' id='word_1_294' title='bbox 1120 2160 1188 2214; x_wconf 91' lang='lat' dir='ltr'><strong>iis</strong></span> <span class='ocrx_word' id='word_1_295' title='bbox 1219 2175 1340 2229; x_wconf 74' lang='lat' dir='ltr'><strong>quae</strong></span> <span class='ocrx_word' id='word_1_296' title='bbox 1367 2159 1668 2228; x_wconf 88' lang='lat' dir='ltr'><strong>discipulos</strong></span> <span class='ocrx_word' id='word_1_297' title='bbox 1693 2158 1852 2212; x_wconf 89' lang='lat' dir='ltr'><strong>docet</strong></span> <span class='ocrx_word' id='word_1_298' title='bbox 1877 2173 1971 2211; x_wconf 91' lang='lat' dir='ltr'><strong>ve-</strong></span> 
     </span>
    </p>
   </div>
   <div class='ocr_carea' id='block_1_40' title="bbox 391 2251 1967 2328">
    <p class='ocr_par' dir='ltr' id='par_1_40' title="bbox 391 2251 1967 2328">
     <span class='ocr_line' id='line_1_40' title="bbox 391 2251 1967 2328; baseline -0.006 -15"><span class='ocrx_word' id='word_1_299' title='bbox 391 2261 473 2314; x_wconf 92' lang='lat' dir='ltr'><strong>lut</strong></span> <span class='ocrx_word' id='word_1_300' title='bbox 502 2273 674 2328; x_wconf 81' lang='lat' dir='ltr'><strong>agnos</strong></span> <span class='ocrx_word' id='word_1_301' title='bbox 712 2257 854 2310; x_wconf 89' lang='lat' dir='ltr'><strong>inter</strong></span> <span class='ocrx_word' id='word_1_302' title='bbox 889 2255 1048 2323; x_wconf 90' lang='lat' dir='ltr'><strong>lupos</strong></span> <span class='ocrx_word' id='word_1_303' title='bbox 1080 2261 1398 2313; x_wconf 85' lang='lat' dir='ltr'><strong>versantes,</strong></span> <span class='ocrx_word' id='word_1_304' title='bbox 1432 2262 1490 2304; x_wconf 92' lang='lat' dir='ltr'><strong>ut</strong></span> <span class='ocrx_word' id='word_1_305' title='bbox 1520 2267 1628 2305; x_wconf 90' lang='lat' dir='ltr'><strong>non</strong></span> <span class='ocrx_word' id='word_1_306' title='bbox 1662 2251 1838 2306; x_wconf 84' lang='lat' dir='ltr'><strong>solum</strong></span> <span class='ocrx_word' id='word_1_307' title='bbox 1869 2266 1967 2306; x_wconf 90' lang='lat' dir='ltr'><strong>co-</strong></span> 
     </span>
    </p>
   </div>
   <div class='ocr_carea' id='block_1_41' title="bbox 389 2341 1968 2414">
    <p class='ocr_par' dir='ltr' id='par_1_41' title="bbox 389 2341 1968 2414">
     <span class='ocr_line' id='line_1_41' title="bbox 389 2341 1968 2414; baseline -0.006 -8"><span class='ocrx_word' id='word_1_308' title='bbox 389 2350 588 2406; x_wconf 79' lang='lat' dir='ltr'><strong>lumbae</strong></span> <span class='ocrx_word' id='word_1_309' title='bbox 616 2349 727 2404; x_wconf 89' lang='lat' dir='ltr'><strong>sint</strong></span> <span class='ocrx_word' id='word_1_310' title='bbox 747 2388 763 2412; x_wconf 96' lang='lat'><strong>,</strong></span> <span class='ocrx_word' id='word_1_311' title='bbox 791 2346 885 2402; x_wconf 89' lang='lat' dir='ltr'><strong>sed</strong></span> <span class='ocrx_word' id='word_1_312' title='bbox 922 2343 1131 2414; x_wconf 89' lang='lat' dir='ltr'><strong>aliquid</strong></span> <span class='ocrx_word' id='word_1_313' title='bbox 1157 2343 1320 2398; x_wconf 87' lang='lat' dir='ltr'><strong>etiam</strong></span> <span class='ocrx_word' id='word_1_314' title='bbox 1347 2342 1617 2410; x_wconf 85' lang='lat' dir='ltr'><strong>serpentis</strong></span> <span class='ocrx_word' id='word_1_315' title='bbox 1643 2341 1694 2394; x_wconf 89' lang='lat' dir='ltr'><strong>in</strong></span> <span class='ocrx_word' id='word_1_316' title='bbox 1720 2343 1968 2396; x_wconf 90' lang='lat' dir='ltr'><strong>moribus</strong></span> 
     </span>
    </p>
   </div>
   <div class='ocr_carea' id='block_1_42' title="bbox 390 2420 1969 2502">
    <p class='ocr_par' dir='ltr' id='par_1_42' title="bbox 390 2420 1969 2502">
     <span class='ocr_line' id='line_1_42' title="bbox 390 2420 1969 2502; baseline -0.007 -8"><span class='ocrx_word' id='word_1_317' title='bbox 390 2441 647 2494; x_wconf 84' lang='lat' dir='ltr'><strong>habeant.</strong></span> <span class='ocrx_word' id='word_1_318' title='bbox 699 2436 812 2491; x_wconf 85' lang='lat' dir='ltr'><strong>Hoc</strong></span> <span class='ocrx_word' id='word_1_319' title='bbox 844 2451 978 2490; x_wconf 87' lang='lat' dir='ltr'><strong>sane</strong></span> <span class='ocrx_word' id='word_1_320' title='bbox 1008 2441 1093 2488; x_wconf 88' lang='lat' dir='ltr'><strong>est</strong></span> <span class='ocrx_word' id='word_1_321' title='bbox 1115 2473 1130 2496; x_wconf 93' lang='lat'><strong>,</strong></span> <span class='ocrx_word' id='word_1_322' title='bbox 1165 2440 1224 2486; x_wconf 90' lang='lat' dir='ltr'><strong>ut</strong></span> <span class='ocrx_word' id='word_1_323' title='bbox 1269 2447 1446 2501; x_wconf 88' lang='lat' dir='ltr'><strong>neque</strong></span> <span class='ocrx_word' id='word_1_324' title='bbox 1477 2431 1623 2500; x_wconf 91' lang='lat' dir='ltr'><strong>quod</strong></span> <span class='ocrx_word' id='word_1_325' title='bbox 1671 2433 1724 2485; x_wconf 90' lang='lat' dir='ltr'><strong>in</strong></span> <span class='ocrx_word' id='word_1_326' title='bbox 1757 2420 1969 2502; x_wconf 82' lang='lat' dir='ltr'><strong>simpli-</strong></span> 
     </span>
    </p>
   </div>
   <div class='ocr_carea' id='block_1_43' title="bbox 388 2524 1968 2594">
    <p class='ocr_par' dir='ltr' id='par_1_43' title="bbox 388 2524 1968 2594">
     <span class='ocr_line' id='line_1_43' title="bbox 388 2524 1968 2594; baseline -0.004 -6"><span class='ocrx_word' id='word_1_327' title='bbox 388 2534 558 2588; x_wconf 87' lang='lat' dir='ltr'><strong>citate</strong></span> <span class='ocrx_word' id='word_1_328' title='bbox 603 2529 916 2584; x_wconf 87' lang='lat' dir='ltr'><strong>huminibus</strong></span> <span class='ocrx_word' id='word_1_329' title='bbox 965 2525 1300 2580; x_wconf 87' lang='lat' dir='ltr'><strong>laudandum</strong></span> <span class='ocrx_word' id='word_1_330' title='bbox 1344 2525 1616 2588; x_wconf 90' lang='lat' dir='ltr'><strong>videatur,</strong></span> <span class='ocrx_word' id='word_1_331' title='bbox 1666 2524 1968 2594; x_wconf 78' lang='lat' dir='ltr'><strong>impensius</strong></span> 
     </span>
    </p>
   </div>
   <div class='ocr_carea' id='block_1_44' title="bbox 389 2613 1966 2689">
    <p class='ocr_par' dir='ltr' id='par_1_44' title="bbox 389 2613 1966 2689">
     <span class='ocr_line' id='line_1_44' title="bbox 389 2613 1966 2689; baseline -0.006 -10"><span class='ocrx_word' id='word_1_332' title='bbox 389 2629 809 2681; x_wconf 83' lang='lat' dir='ltr'><strong>consectentur,</strong></span> <span class='ocrx_word' id='word_1_333' title='bbox 847 2618 992 2689; x_wconf 88' lang='lat' dir='ltr'><strong>quod</strong></span> <span class='ocrx_word' id='word_1_334' title='bbox 1038 2618 1085 2670; x_wconf 91' lang='lat' dir='ltr'><strong>is</strong></span> <span class='ocrx_word' id='word_1_335' title='bbox 1137 2615 1358 2669; x_wconf 85' lang='lat' dir='ltr'><strong>habitus</strong></span> <span class='ocrx_word' id='word_1_336' title='bbox 1413 2613 1480 2668; x_wconf 90' lang='lat' dir='ltr'><strong>ad</strong></span> <span class='ocrx_word' id='word_1_337' title='bbox 1521 2621 1822 2668; x_wconf 83' lang='lat' dir='ltr'><strong>extremam</strong></span> <span class='ocrx_word' id='word_1_338' title='bbox 1870 2615 1966 2671; x_wconf 89' lang='lat' dir='ltr'><strong>de-</strong></span> 
     </span>
    </p>
   </div>
   <div class='ocr_carea' id='block_1_45' title="bbox 390 2707 1972 2782">
    <p class='ocr_par' dir='ltr' id='par_1_45' title="bbox 390 2707 1972 2782">
     <span class='ocr_line' id='line_1_45' title="bbox 390 2707 1972 2782; baseline -0.005 -12"><span class='ocrx_word' id='word_1_339' title='bbox 390 2715 650 2772; x_wconf 88' lang='lat' dir='ltr'><strong>mentiam</strong></span> <span class='ocrx_word' id='word_1_340' title='bbox 689 2711 915 2782; x_wconf 83' lang='lat' dir='ltr'><strong>propius</strong></span> <span class='ocrx_word' id='word_1_341' title='bbox 945 2708 1210 2770; x_wconf 85' lang='lat' dir='ltr'><strong>accedat,</strong></span> <span class='ocrx_word' id='word_1_342' title='bbox 1247 2723 1424 2776; x_wconf 88' lang='lat' dir='ltr'><strong>neque</strong></span> <span class='ocrx_word' id='word_1_343' title='bbox 1447 2722 1666 2761; x_wconf 90' lang='lat' dir='ltr'><strong>rursum</strong></span> <span class='ocrx_word' id='word_1_344' title='bbox 1700 2707 1972 2762; x_wconf 87' lang='lat' dir='ltr'><strong>callidita-</strong></span> 
     </span>
    </p>
   </div>
   <div class='ocr_carea' id='block_1_46' title="bbox 2071 1884 3668 1958">
    <p class='ocr_par' dir='ltr' id='par_1_46' title="bbox 2071 1884 3668 1958">
     <span class='ocr_line' id='line_1_46' title="bbox 2071 1884 3668 1958; baseline 0 -20"><span class='ocrx_word' id='word_1_345' title='bbox 2071 1887 2274 1958; x_wconf 84' lang='grc' dir='ltr'>ἐσχάτῃ</span> <span class='ocrx_word' id='word_1_346' title='bbox 2296 1888 2452 1957; x_wconf 83' lang='grc' dir='ltr'>ἀνοίᾳ</span> <span class='ocrx_word' id='word_1_347' title='bbox 2471 1887 2571 1956; x_wconf 87' lang='grc' dir='ltr'><strong>τῆς</strong></span> <span class='ocrx_word' id='word_1_348' title='bbox 2585 1885 2841 1956; x_wconf 83' lang='grc' dir='ltr'>τοιαύτης</span> <span class='ocrx_word' id='word_1_349' title='bbox 2863 1884 3028 1949; x_wconf 74' lang='grc' dir='ltr'>ἕξεως</span> <span class='ocrx_word' id='word_1_350' title='bbox 3052 1885 3457 1956; x_wconf 77' lang='grc' dir='ltr'>πλησιαζούσης</span> <span class='ocrx_word' id='word_1_351' title='bbox 3477 1902 3491 1914; x_wconf 73' lang='grc' dir='ltr'><strong>ο</strong></span> <span class='ocrx_word' id='word_1_352' title='bbox 3517 1885 3668 1956; x_wconf 75' lang='grc' dir='ltr'>μήτε</span> 
     </span>
    </p>
   </div>
   <div class='ocr_carea' id='block_1_47' title="bbox 2071 1975 3673 2050">
    <p class='ocr_par' dir='ltr' id='par_1_47' title="bbox 2071 1975 3673 2050">
     <span class='ocr_line' id='line_1_47' title="bbox 2071 1975 3673 2050; baseline -0.002 -18"><span class='ocrx_word' id='word_1_353' title='bbox 2071 1981 2170 2050; x_wconf 85' lang='grc' dir='ltr'><strong>τὴν</strong></span> <span class='ocrx_word' id='word_1_354' title='bbox 2216 1978 2614 2049; x_wconf 81' lang='grc' dir='ltr'>ἐπαινουμένην</span> <span class='ocrx_word' id='word_1_355' title='bbox 2663 1977 2768 2030; x_wconf 83' lang='grc' dir='ltr'><strong>ὑπὸ</strong></span> <span class='ocrx_word' id='word_1_356' title='bbox 2813 1977 2922 2031; x_wconf 85' lang='grc' dir='ltr'><strong>τῶν</strong></span> <span class='ocrx_word' id='word_1_357' title='bbox 2970 1976 3180 2029; x_wconf 83' lang='grc' dir='ltr'>πολλῶν</span> <span class='ocrx_word' id='word_1_358' title='bbox 3226 1977 3505 2046; x_wconf 80' lang='grc' dir='ltr'>δεινότητα</span> <span class='ocrx_word' id='word_1_359' title='bbox 3561 1975 3673 2030; x_wconf 78' lang='grc' dir='ltr'>καὶ</span> 
     </span>
    </p>
   </div>
   <div class='ocr_carea' id='block_1_48' title="bbox 2073 2068 3674 2142">
    <p class='ocr_par' dir='ltr' id='par_1_48' title="bbox 2073 2068 3674 2142">
     <span class='ocr_line' id='line_1_48' title="bbox 2073 2068 3674 2142; baseline -0.002 -19"><span class='ocrx_word' id='word_1_360' title='bbox 2073 2071 2428 2142; x_wconf 84' lang='grc' dir='ltr'>πανουργίαν,</span> <span class='ocrx_word' id='word_1_361' title='bbox 2452 2071 2625 2140; x_wconf 84' lang='grc' dir='ltr'>ἀμιγῆ</span> <span class='ocrx_word' id='word_1_362' title='bbox 2665 2069 2775 2122; x_wconf 86' lang='grc' dir='ltr'><strong>τῶν</strong></span> <span class='ocrx_word' id='word_1_363' title='bbox 2825 2070 3084 2123; x_wconf 76' lang='grc' dir='ltr'>ἐναντίων</span> <span class='ocrx_word' id='word_1_364' title='bbox 3126 2069 3221 2122; x_wconf 73' lang='grc' dir='ltr'>καὶ</span> <span class='ocrx_word' id='word_1_365' title='bbox 3250 2071 3484 2140; x_wconf 75' lang='grc' dir='ltr'>ἄκρατον</span> <span class='ocrx_word' id='word_1_366' title='bbox 3529 2068 3674 2138; x_wconf 85' lang='grc' dir='ltr'>ἀρε-</span> 
     </span>
    </p>
   </div>
   <div class='ocr_carea' id='block_1_49' title="bbox 2071 2158 3675 2232">
    <p class='ocr_par' dir='ltr' id='par_1_49' title="bbox 2071 2158 3675 2232">
     <span class='ocr_line' id='line_1_49' title="bbox 2071 2158 3675 2232; baseline -0.001 -18"><span class='ocrx_word' id='word_1_367' title='bbox 2071 2162 2170 2232; x_wconf 80' lang='grc' dir='ltr'>τὴν</span> <span class='ocrx_word' id='word_1_368' title='bbox 2205 2162 2474 2232; x_wconf 73' lang='grc' dir='ltr'>νομίζειν·</span> <span class='ocrx_word' id='word_1_369' title='bbox 2511 2163 2574 2214; x_wconf 88' lang='grc' dir='ltr'><strong>ἐκ</strong></span> <span class='ocrx_word' id='word_1_370' title='bbox 2600 2161 2656 2214; x_wconf 81' lang='grc' dir='ltr'>δὲ</span> <span class='ocrx_word' id='word_1_371' title='bbox 2693 2161 2791 2232; x_wconf 88' lang='grc' dir='ltr'><strong>τῆς</strong></span> <span class='ocrx_word' id='word_1_372' title='bbox 2820 2160 3082 2231; x_wconf 85' lang='grc' dir='ltr'>δοκούσης</span> <span class='ocrx_word' id='word_1_373' title='bbox 3113 2159 3479 2229; x_wconf 84' lang='grc' dir='ltr'>ἐναντιότητος</span> <span class='ocrx_word' id='word_1_374' title='bbox 3527 2158 3675 2228; x_wconf 74' lang='grc' dir='ltr'>μίαν</span> 
     </span>
    </p>
   </div>
   <div class='ocr_carea' id='block_1_50' title="bbox 2072 2247 3675 2322">
    <p class='ocr_par' dir='ltr' id='par_1_50' title="bbox 2072 2247 3675 2322">
     <span class='ocr_line' id='line_1_50' title="bbox 2072 2247 3675 2322; baseline -0.002 -18"><span class='ocrx_word' id='word_1_375' title='bbox 2072 2252 2194 2304; x_wconf 76' lang='grc' dir='ltr'>τινὰ</span> <span class='ocrx_word' id='word_1_376' title='bbox 2253 2251 2702 2322; x_wconf 86' lang='grc' dir='ltr'>συγκεκραμένην</span> <span class='ocrx_word' id='word_1_377' title='bbox 2748 2251 2911 2322; x_wconf 71' lang='grc' dir='ltr'>ἤθους</span> <span class='ocrx_word' id='word_1_378' title='bbox 2967 2251 3297 2304; x_wconf 85' lang='grc' dir='ltr'>κατάστασιν</span> <span class='ocrx_word' id='word_1_379' title='bbox 3352 2247 3675 2320; x_wconf 75' lang='grc' dir='ltr'>ἀπεργάζε-</span> 
     </span>
    </p>
   </div>
   <div class='ocr_carea' id='block_1_51' title="bbox 2075 2341 3677 2414">
    <p class='ocr_par' dir='ltr' id='par_1_51' title="bbox 2075 2341 3677 2414">
     <span class='ocr_line' id='line_1_51' title="bbox 2075 2341 3677 2414; baseline -0.002 -18"><span class='ocrx_word' id='word_1_380' title='bbox 2075 2343 2218 2404; x_wconf 82' lang='grc' dir='ltr'>σθαι,</span> <span class='ocrx_word' id='word_1_381' title='bbox 2259 2344 2358 2414; x_wconf 85' lang='grc' dir='ltr'><strong>τῆς</strong></span> <span class='ocrx_word' id='word_1_382' title='bbox 2411 2344 2509 2414; x_wconf 84' lang='grc' dir='ltr'>μὲν</span> <span class='ocrx_word' id='word_1_383' title='bbox 2541 2343 2602 2396; x_wconf 79' lang='grc' dir='ltr'><strong>τὸ</strong></span> <span class='ocrx_word' id='word_1_384' title='bbox 2650 2344 2895 2414; x_wconf 88' lang='grc' dir='ltr'>ἀνόητον,</span> <span class='ocrx_word' id='word_1_385' title='bbox 2935 2342 3034 2413; x_wconf 82' lang='grc' dir='ltr'><strong>τῆς</strong></span> <span class='ocrx_word' id='word_1_386' title='bbox 3090 2343 3148 2396; x_wconf 87' lang='grc' dir='ltr'><strong>δέ</strong></span> <span class='ocrx_word' id='word_1_387' title='bbox 3199 2341 3259 2394; x_wconf 71' lang='grc' dir='ltr'>τὸ</span> <span class='ocrx_word' id='word_1_388' title='bbox 3315 2343 3371 2394; x_wconf 81' lang='grc' dir='ltr'><strong>ἐν</strong></span> <span class='ocrx_word' id='word_1_389' title='bbox 3423 2341 3677 2412; x_wconf 75' lang='grc' dir='ltr'>πονηρίᾳ</span> 
     </span>
    </p>
   </div>
   <div class='ocr_carea' id='block_1_52' title="bbox 2076 2430 3680 2508">
    <p class='ocr_par' dir='ltr' id='par_1_52' title="bbox 2076 2430 3680 2508">
     <span class='ocr_line' id='line_1_52' title="bbox 2076 2430 3680 2508; baseline -0.005 -18"><span class='ocrx_word' id='word_1_390' title='bbox 2076 2436 2238 2507; x_wconf 79' lang='grc' dir='ltr'>σοφὸν</span> <span class='ocrx_word' id='word_1_391' title='bbox 2280 2455 2347 2490; x_wconf 92' lang='grc' dir='ltr'><strong>πε</strong></span> <span class='ocrx_word' id='word_1_392' title='bbox 2358 2436 2711 2508; x_wconf 79' lang='grc' dir='ltr'>ρικόψαντας·</span> <span class='ocrx_word' id='word_1_393' title='bbox 2739 2435 2814 2498; x_wconf 84' lang='grc' dir='ltr'><strong>ὡς</strong></span> <span class='ocrx_word' id='word_1_394' title='bbox 2838 2435 2895 2501; x_wconf 80' lang='grc' dir='ltr'>ἐξ</span> <span class='ocrx_word' id='word_1_395' title='bbox 2919 2434 3194 2506; x_wconf 72' lang='grc' dir='ltr'>ἑκατέρων</span> <span class='ocrx_word' id='word_1_396' title='bbox 3223 2433 3279 2485; x_wconf 85' lang='grc' dir='ltr'>ἓν</span> <span class='ocrx_word' id='word_1_397' title='bbox 3306 2430 3680 2502; x_wconf 76' lang='grc' dir='ltr'>ἀποτελεσθῆο</span> 
     </span>
    </p>
   </div>
   <div class='ocr_carea' id='block_1_53' title="bbox 2073 2525 3679 2599">
    <p class='ocr_par' dir='ltr' id='par_1_53' title="bbox 2073 2525 3679 2599">
     <span class='ocr_line' id='line_1_53' title="bbox 2073 2525 3679 2599; baseline -0.003 -17"><span class='ocrx_word' id='word_1_398' title='bbox 2073 2547 2162 2582; x_wconf 90' lang='grc' dir='ltr'><strong>ναι</strong></span> <span class='ocrx_word' id='word_1_399' title='bbox 2186 2529 2348 2581; x_wconf 84' lang='grc' dir='ltr'>καλὸν</span> <span class='ocrx_word' id='word_1_400' title='bbox 2377 2528 2733 2599; x_wconf 78' lang='grc' dir='ltr'>ἐπιτήδευμα,</span> <span class='ocrx_word' id='word_1_401' title='bbox 2763 2527 3023 2596; x_wconf 83' lang='grc' dir='ltr'>ἁπλότητι</span> <span class='ocrx_word' id='word_1_402' title='bbox 3047 2525 3270 2597; x_wconf 83' lang='grc' dir='ltr'>γνώμης</span> <span class='ocrx_word' id='word_1_403' title='bbox 3293 2527 3386 2580; x_wconf 71' lang='grc' dir='ltr'><strong>καὶ</strong></span> <span class='ocrx_word' id='word_1_404' title='bbox 3411 2526 3679 2595; x_wconf 69' lang='grc' dir='ltr'>ἀγχινοίᾳ.</span> 
     </span>
    </p>
   </div>
   <div class='ocr_carea' id='block_1_54' title="bbox 2076 2617 3679 2692">
    <p class='ocr_par' dir='ltr' id='par_1_54' title="bbox 2076 2617 3679 2692">
     <span class='ocr_line' id='line_1_54' title="bbox 2076 2617 3679 2692; baseline -0.004 -18"><span class='ocrx_word' id='word_1_405' title='bbox 2076 2621 2540 2692; x_wconf 82' lang='grc' dir='ltr'>συγκεκραμένον.</span> <span class='ocrx_word' id='word_1_406' title='bbox 2575 2639 2593 2670; x_wconf 74' lang='grc' dir='ltr'><strong>ι</strong></span> <span class='ocrx_word' id='word_1_407' title='bbox 2632 2619 2850 2672; x_wconf 79' lang='grc' dir='ltr'>Γίνεσθε</span> <span class='ocrx_word' id='word_1_408' title='bbox 2889 2639 2907 2671; x_wconf 73' lang='grc' dir='ltr'><strong>ι</strong></span> <span class='ocrx_word' id='word_1_409' title='bbox 2933 2618 3061 2688; x_wconf 84' lang='grc' dir='ltr'>γὰρ,</span> <span class='ocrx_word' id='word_1_410' title='bbox 3090 2619 3244 2688; x_wconf 75' lang='grc' dir='ltr'>φησὶ,</span> <span class='ocrx_word' id='word_1_411' title='bbox 3269 2637 3286 2668; x_wconf 75' lang='grc' dir='ltr'><strong>ι</strong></span> <span class='ocrx_word' id='word_1_412' title='bbox 3313 2617 3558 2688; x_wconf 81' lang='grc' dir='ltr'>φρόνιμοι</span> <span class='ocrx_word' id='word_1_413' title='bbox 3590 2617 3679 2680; x_wconf 82' lang='grc' dir='ltr'>ὡς</span> 
     </span>
    </p>
   </div>
   <div class='ocr_carea' id='block_1_55' title="bbox 2079 2709 3410 2784">
    <p class='ocr_par' dir='ltr' id='par_1_55' title="bbox 2079 2709 3410 2784">
     <span class='ocr_line' id='line_1_55' title="bbox 2079 2709 3410 2784; baseline -0.005 -18"><span class='ocrx_word' id='word_1_414' title='bbox 2079 2714 2128 2767; x_wconf 82' lang='grc' dir='ltr'>οἱ</span> <span class='ocrx_word' id='word_1_415' title='bbox 2165 2713 2338 2784; x_wconf 71' lang='grc' dir='ltr'>ὄφεις,</span> <span class='ocrx_word' id='word_1_416' title='bbox 2374 2713 2468 2766; x_wconf 75' lang='grc' dir='ltr'><strong>καὶ</strong></span> <span class='ocrx_word' id='word_1_417' title='bbox 2517 2711 2765 2782; x_wconf 87' lang='grc' dir='ltr'>ἀκέραιοι</span> <span class='ocrx_word' id='word_1_418' title='bbox 2810 2710 2883 2772; x_wconf 81' lang='grc' dir='ltr'><strong>ὡ..</strong></span> <span class='ocrx_word' id='word_1_419' title='bbox 2930 2711 2986 2763; x_wconf 82' lang='grc' dir='ltr'>αἱ</span> <span class='ocrx_word' id='word_1_420' title='bbox 3017 2709 3352 2780; x_wconf 85' lang='grc' dir='ltr'>περιστεραί.</span> <span class='ocrx_word' id='word_1_421' title='bbox 3393 2728 3410 2759; x_wconf 76' lang='grc' dir='ltr'><strong>ι</strong></span> 
     </span>
    </p>
   </div>
   <div class='ocr_carea' id='block_1_56' title="bbox 389 2801 3678 2878">
    <p class='ocr_par' dir='ltr' id='par_1_56' title="bbox 389 2801 3678 2878">
     <span class='ocr_line' id='line_1_56' title="bbox 389 2801 3678 2878; baseline -0.003 -14"><span class='ocrx_word' id='word_1_422' title='bbox 389 2820 498 2864; x_wconf 90' lang='lat' dir='ltr'><strong>tem</strong></span> <span class='ocrx_word' id='word_1_423' title='bbox 532 2824 596 2862; x_wconf 87' lang='lat' dir='ltr'><strong>ac</strong></span> <span class='ocrx_word' id='word_1_424' title='bbox 628 2805 939 2866; x_wconf 84' lang='lat' dir='ltr'><strong>vafritiem,</strong></span> <span class='ocrx_word' id='word_1_425' title='bbox 973 2817 1137 2873; x_wconf 91' lang='lat' dir='ltr'><strong>quam</strong></span> <span class='ocrx_word' id='word_1_426' title='bbox 1185 2802 1434 2872; x_wconf 90' lang='lat' dir='ltr'><strong>plerique</strong></span> <span class='ocrx_word' id='word_1_427' title='bbox 1482 2802 1737 2858; x_wconf 86' lang='lat' dir='ltr'><strong>homines</strong></span> <span class='ocrx_word' id='word_1_428' title='bbox 1814 2808 2151 2876; x_wconf 63' lang='lat' dir='ltr'><strong>praedicant,</strong></span> <span class='ocrx_word' id='word_1_429' title='bbox 2219 2825 2425 2864; x_wconf 84' lang='lat' dir='ltr'><strong>meram</strong></span> <span class='ocrx_word' id='word_1_430' title='bbox 2492 2815 2655 2878; x_wconf 86' lang='lat' dir='ltr'><strong>atque</strong></span> <span class='ocrx_word' id='word_1_431' title='bbox 2722 2805 3119 2876; x_wconf 86' lang='lat' dir='ltr'><strong>impermistam</strong></span> <span class='ocrx_word' id='word_1_432' title='bbox 3163 2805 3437 2860; x_wconf 79' lang='lat' dir='ltr'><strong>cautrario</strong></span> <span class='ocrx_word' id='word_1_433' title='bbox 3484 2801 3678 2854; x_wconf 83' lang='lat' dir='ltr'><strong>virtu-</strong></span> 
     </span>
    </p>
   </div>
   <div class='ocr_carea' id='block_1_57' title="bbox 390 2891 3679 2972">
    <p class='ocr_par' dir='ltr' id='par_1_57' title="bbox 390 2891 3679 2972">
     <span class='ocr_line' id='line_1_57' title="bbox 390 2891 3679 2972; baseline -0.003 -14"><span class='ocrx_word' id='word_1_434' title='bbox 390 2907 500 2953; x_wconf 81' lang='lat' dir='ltr'><strong>tem</strong></span> <span class='ocrx_word' id='word_1_435' title='bbox 533 2896 802 2958; x_wconf 66' lang='lat' dir='ltr'><strong>credant.</strong></span> <span class='ocrx_word' id='word_1_436' title='bbox 853 2892 950 2948; x_wconf 78' lang='lat' dir='ltr'><strong>sed</strong></span> <span class='ocrx_word' id='word_1_437' title='bbox 1016 2908 1082 2947; x_wconf 78' lang='lat' dir='ltr'><strong>cx</strong></span> <span class='ocrx_word' id='word_1_438' title='bbox 1136 2891 1474 2947; x_wconf 79' lang='lat' dir='ltr'><strong>adversariis</strong></span> <span class='ocrx_word' id='word_1_439' title='bbox 1521 2893 1686 2949; x_wconf 90' lang='lat' dir='ltr'><strong>rebus</strong></span> <span class='ocrx_word' id='word_1_440' title='bbox 1733 2910 1901 2951; x_wconf 90' lang='lat' dir='ltr'><strong>unum</strong></span> <span class='ocrx_word' id='word_1_441' title='bbox 1963 2901 2186 2972; x_wconf 89' lang='lat' dir='ltr'><strong>aliquod</strong></span> <span class='ocrx_word' id='word_1_442' title='bbox 2254 2908 2618 2972; x_wconf 79' lang='lat' dir='ltr'><strong>temperatum</strong></span> <span class='ocrx_word' id='word_1_443' title='bbox 2678 2913 2894 2953; x_wconf 88' lang='lat' dir='ltr'><strong>morum</strong></span> <span class='ocrx_word' id='word_1_444' title='bbox 2938 2913 3111 2968; x_wconf 80' lang='lat' dir='ltr'><strong>genus</strong></span> <span class='ocrx_word' id='word_1_445' title='bbox 3157 2897 3483 2961; x_wconf 79' lang='lat' dir='ltr'><strong>conficiant,</strong></span> <span class='ocrx_word' id='word_1_446' title='bbox 3531 2895 3679 2950; x_wconf 86' lang='lat' dir='ltr'><strong>hinc</strong></span> 
     </span>
    </p>
   </div>
   <div class='ocr_carea' id='block_1_58' title="bbox 391 2985 3677 3063">
    <p class='ocr_par' dir='ltr' id='par_1_58' title="bbox 391 2985 3677 3063">
     <span class='ocr_line' id='line_1_58' title="bbox 391 2985 3677 3063; baseline -0.002 -15"><span class='ocrx_word' id='word_1_447' title='bbox 391 2990 704 3052; x_wconf 86' lang='lat' dir='ltr'><strong>dementia,</strong></span> <span class='ocrx_word' id='word_1_448' title='bbox 776 2988 930 3042; x_wconf 87' lang='lat' dir='ltr'><strong>illinc</strong></span> <span class='ocrx_word' id='word_1_449' title='bbox 976 2985 1252 3040; x_wconf 89' lang='lat' dir='ltr'><strong>malitiosa</strong></span> <span class='ocrx_word' id='word_1_450' title='bbox 1295 2985 1563 3055; x_wconf 90' lang='lat' dir='ltr'><strong>sapientia</strong></span> <span class='ocrx_word' id='word_1_451' title='bbox 1609 2988 1826 3056; x_wconf 89' lang='lat' dir='ltr'><strong>recisa,</strong></span> <span class='ocrx_word' id='word_1_452' title='bbox 1891 2994 2050 3062; x_wconf 90' lang='lat' dir='ltr'><strong>quasi</strong></span> <span class='ocrx_word' id='word_1_453' title='bbox 2089 3010 2154 3049; x_wconf 88' lang='lat' dir='ltr'><strong>ex</strong></span> <span class='ocrx_word' id='word_1_454' title='bbox 2205 3002 2438 3063; x_wconf 88' lang='lat' dir='ltr'><strong>utroque</strong></span> <span class='ocrx_word' id='word_1_455' title='bbox 2486 2990 2767 3046; x_wconf 90' lang='lat' dir='ltr'><strong>contrario</strong></span> <span class='ocrx_word' id='word_1_456' title='bbox 2815 3005 2984 3044; x_wconf 87' lang='lat' dir='ltr'><strong>unum</strong></span> <span class='ocrx_word' id='word_1_457' title='bbox 3031 2987 3330 3058; x_wconf 85' lang='lat' dir='ltr'><strong>perfectum</strong></span> <span class='ocrx_word' id='word_1_458' title='bbox 3378 2989 3447 3041; x_wconf 91' lang='lat' dir='ltr'><strong>sit</strong></span> <span class='ocrx_word' id='word_1_459' title='bbox 3491 2987 3677 3040; x_wconf 84' lang='lat' dir='ltr'><strong>hone-</strong></span> 
     </span>
    </p>
   </div>
   <div class='ocr_carea' id='block_1_59' title="bbox 390 3080 3677 3156">
    <p class='ocr_par' dir='ltr' id='par_1_59' title="bbox 390 3080 3677 3156">
     <span class='ocr_line' id='line_1_59' title="bbox 390 3080 3677 3156; baseline -0.002 -13"><span class='ocrx_word' id='word_1_460' title='bbox 390 3096 574 3154; x_wconf 82' lang='lat' dir='ltr'><strong>stum,</strong></span> <span class='ocrx_word' id='word_1_461' title='bbox 614 3083 764 3156; x_wconf 90' lang='lat' dir='ltr'><strong>quod</strong></span> <span class='ocrx_word' id='word_1_462' title='bbox 805 3093 859 3138; x_wconf 89' lang='lat' dir='ltr'><strong>et</strong></span> <span class='ocrx_word' id='word_1_463' title='bbox 900 3097 962 3136; x_wconf 82' lang='lat' dir='ltr'><strong>ex</strong></span> <span class='ocrx_word' id='word_1_464' title='bbox 1019 3080 1187 3135; x_wconf 88' lang='lat' dir='ltr'><strong>animi</strong></span> <span class='ocrx_word' id='word_1_465' title='bbox 1236 3081 1592 3150; x_wconf 90' lang='lat' dir='ltr'><strong>simplicitate</strong></span> <span class='ocrx_word' id='word_1_466' title='bbox 1631 3091 1686 3138; x_wconf 86' lang='lat' dir='ltr'><strong>et</strong></span> <span class='ocrx_word' id='word_1_467' title='bbox 1726 3086 1952 3144; x_wconf 86' lang='lat' dir='ltr'><strong>solertia</strong></span> <span class='ocrx_word' id='word_1_468' title='bbox 1991 3088 2291 3145; x_wconf 81' lang='lat' dir='ltr'><strong>conflatum</strong></span> <span class='ocrx_word' id='word_1_469' title='bbox 2347 3095 2452 3145; x_wconf 87' lang='lat' dir='ltr'><strong>est.</strong></span> <span class='ocrx_word' id='word_1_470' title='bbox 2481 3105 2502 3140; x_wconf 72' lang='grc' dir='ltr'><strong>ι</strong></span> <span class='ocrx_word' id='word_1_471' title='bbox 2534 3085 2722 3144; x_wconf 87' lang='lat' dir='ltr'><strong>Estote</strong></span> <span class='ocrx_word' id='word_1_472' title='bbox 2753 3085 2965 3151; x_wconf 68' lang='lat' dir='ltr'><strong>ienim,</strong></span> <span class='ocrx_word' id='word_1_473' title='bbox 2997 3083 3177 3155; x_wconf 90' lang='lat' dir='ltr'><strong>inquit</strong></span> <span class='ocrx_word' id='word_1_474' title='bbox 3206 3085 3274 3152; x_wconf 74' lang='lat'><strong>“,</strong></span> <span class='ocrx_word' id='word_1_475' title='bbox 3319 3103 3337 3134; x_wconf 79' lang='grc' dir='ltr'><strong>ι</strong></span> <span class='ocrx_word' id='word_1_476' title='bbox 3362 3082 3677 3154; x_wconf 83' lang='lat' dir='ltr'><strong>prudentes</strong></span> 
     </span>
    </p>
   </div>
   <div class='ocr_carea' id='block_1_60' title="bbox 392 3174 1527 3250">
    <p class='ocr_par' dir='ltr' id='par_1_60' title="bbox 392 3174 1527 3250">
     <span class='ocr_line' id='line_1_60' title="bbox 392 3174 1527 3250; baseline -0.005 -12"><span class='ocrx_word' id='word_1_477' title='bbox 392 3189 453 3238; x_wconf 94' lang='lat' dir='ltr'><strong>ut</strong></span> <span class='ocrx_word' id='word_1_478' title='bbox 483 3186 806 3250; x_wconf 86' lang='lat' dir='ltr'><strong>serpentes,</strong></span> <span class='ocrx_word' id='word_1_479' title='bbox 833 3175 1114 3245; x_wconf 90' lang='lat' dir='ltr'><strong>simplices</strong></span> <span class='ocrx_word' id='word_1_480' title='bbox 1147 3180 1205 3227; x_wconf 92' lang='lat' dir='ltr'><strong>ut</strong></span> <span class='ocrx_word' id='word_1_481' title='bbox 1238 3174 1527 3232; x_wconf 69' lang='lat' dir='ltr'><strong>columbae.</strong></span> 
     </span>
    </p>
   </div>
   <div class='ocr_carea' id='block_1_61' title="bbox 960 3281 2046 3349">
    <p class='ocr_par' dir='ltr' id='par_1_61' title="bbox 960 3281 2046 3349">
     <span class='ocr_line' id='line_1_61' title="bbox 960 3281 2046 3349; baseline -0.007 0"><span class='ocrx_word' id='word_1_482' title='bbox 960 3290 1194 3349; x_wconf 81' lang='lat' dir='ltr'><strong>CAPUT</strong></span> <span class='ocrx_word' id='word_1_483' title='bbox 1243 3289 1404 3348; x_wconf 81' lang='lat' dir='ltr'><strong>XVII.</strong></span> <span class='ocrx_word' id='word_1_484' title='bbox 2002 3281 2046 3341; x_wconf 83' lang='lat' dir='ltr'><strong><em>C</em></strong></span> 
     </span>
    </p>
   </div>
   <div class='ocr_carea' id='block_1_62' title="bbox 534 3407 1838 3528">
    <p class='ocr_par' dir='ltr' id='par_1_62' title="bbox 534 3407 1838 3528">
     <span class='ocr_line' id='line_1_62' title="bbox 534 3407 1838 3528; baseline -0.001 -62"><span class='ocrx_word' id='word_1_485' title='bbox 534 3409 728 3468; x_wconf 78' lang='lat' dir='ltr'><strong>Omnes</strong></span> <span class='ocrx_word' id='word_1_486' title='bbox 777 3407 944 3462; x_wconf 77' lang='lat' dir='ltr'><strong>animi</strong></span> <span class='ocrx_word' id='word_1_487' title='bbox 988 3415 1272 3528; x_wconf 52' lang='lat' dir='ltr'><strong>potzszates</strong></span> <span class='ocrx_word' id='word_1_488' title='bbox 1320 3407 1569 3463; x_wconf 65' lang='lat' dir='ltr'><strong>virtutem</strong></span> <span class='ocrx_word' id='word_1_489' title='bbox 1600 3419 1838 3479; x_wconf 82' lang='lat' dir='ltr'><strong>spectare</strong></span> 
     </span>
     <span class='ocr_line' id='line_1_63' title="bbox 1113 3488 1281 3528; baseline 0 0"><span class='ocrx_word' id='word_1_490' title='bbox 1113 3493 1140 3528; x_wconf 84' lang='lat' dir='ltr'><strong>e</strong></span> <span class='ocrx_word' id='word_1_491' title='bbox 1175 3488 1281 3528; x_wconf 86' lang='lat' dir='ltr'><strong>ent.</strong></span> 
     </span>
    </p>
   </div>
   <div class='ocr_carea' id='block_1_63' title="bbox 1113 3488 1281 3531">
    <p class='ocr_par' dir='ltr' id='par_1_63' title="bbox 1113 3488 1281 3531">
     <span class='ocr_line' id='line_1_64' title="bbox 1113 3488 1281 3531; baseline -0.012 0"><span class='ocrx_word' id='word_1_492' title='bbox 1113 3488 1281 3531; x_wconf 80' lang='lat' dir='ltr'><strong>event.</strong></span> 
     </span>
    </p>
   </div>
   <div class='ocr_carea' id='block_1_64' title="bbox 2676 3293 3071 3350">
    <p class='ocr_par' dir='ltr' id='par_1_64' title="bbox 2676 3293 3071 3350">
     <span class='ocr_line' id='line_1_65' title="bbox 2676 3293 3071 3350; baseline 0 -1"><span class='ocrx_word' id='word_1_493' title='bbox 2676 3294 2928 3349; x_wconf 60' lang='lat' dir='ltr'><strong>KE‘DAL.</strong></span> <span class='ocrx_word' id='word_1_494' title='bbox 2972 3293 3071 3350; x_wconf 82' lang='lat' dir='ltr'><strong>IZ&#39;.</strong></span> 
     </span>
    </p>
   </div>
   <div class='ocr_carea' id='block_1_65' title="bbox 2083 3405 3684 3483">
    <p class='ocr_par' dir='ltr' id='par_1_65' title="bbox 2083 3405 3684 3483">
     <span class='ocr_line' id='line_1_66' title="bbox 2083 3405 3684 3483; baseline -0.001 -22"><span class='ocrx_word' id='word_1_495' title='bbox 2083 3413 2213 3462; x_wconf 78' lang='grc' dir='ltr'>Ὀτι</span> <span class='ocrx_word' id='word_1_496' title='bbox 2255 3407 2372 3483; x_wconf 75' lang='grc' dir='ltr'>χρὴ</span> <span class='ocrx_word' id='word_1_497' title='bbox 2413 3407 2629 3483; x_wconf 54' lang='grc' dir='ltr'>πάσαςῇ</span> <span class='ocrx_word' id='word_1_498' title='bbox 2657 3409 2763 3483; x_wconf 74' lang='grc' dir='ltr'>τὰς</span> <span class='ocrx_word' id='word_1_499' title='bbox 2792 3407 2902 3483; x_wconf 71' lang='grc' dir='ltr'><strong>τῆς</strong></span> <span class='ocrx_word' id='word_1_500' title='bbox 2927 3405 3148 3483; x_wconf 2' lang='grc' dir='ltr'>,ψυχῆς</span> <span class='ocrx_word' id='word_1_501' title='bbox 3183 3405 3466 3477; x_wconf 75' lang='grc' dir='ltr'>δυνάμεις</span> <span class='ocrx_word' id='word_1_502' title='bbox 3501 3405 3684 3476; x_wconf 70' lang='grc' dir='ltr'>πρὸς</span> 
     </span>
    </p>
   </div>
   <div class='ocr_carea' id='block_1_66' title="bbox 2597 3477 3608 3546">
    <p class='ocr_par' dir='ltr' id='par_1_66' title="bbox 2597 3477 3608 3546">
     <span class='ocr_line' id='line_1_67' title="bbox 2597 3477 3608 3546; baseline -0.006 -14"><span class='ocrx_word' id='word_1_503' title='bbox 2597 3477 2820 3546; x_wconf 78' lang='grc' dir='ltr'>ἀρετὴν</span> <span class='ocrx_word' id='word_1_504' title='bbox 2851 3477 3128 3542; x_wconf 81' lang='grc' dir='ltr'><strong>βλέπειν.</strong></span> <span class='ocrx_word' id='word_1_505' title='bbox 3605 3509 3608 3512; x_wconf 70' lang='lat'><strong><em>~</em></strong></span> 
     </span>
    </p>
   </div>
   <div class='ocr_carea' id='block_1_67' title="bbox 461 3569 1976 3644">
    <p class='ocr_par' dir='ltr' id='par_1_67' title="bbox 461 3569 1976 3644">
     <span class='ocr_line' id='line_1_68' title="bbox 461 3569 1976 3644; baseline -0.002 -15"><span class='ocrx_word' id='word_1_506' title='bbox 461 3572 617 3641; x_wconf 86' lang='lat' dir='ltr'><strong>Quod</strong></span> <span class='ocrx_word' id='word_1_507' title='bbox 652 3571 818 3644; x_wconf 77' lang='lat' dir='ltr'><strong>igitur</strong></span> <span class='ocrx_word' id='word_1_508' title='bbox 845 3585 912 3625; x_wconf 90' lang='lat' dir='ltr'><strong>eo</strong></span> <span class='ocrx_word' id='word_1_509' title='bbox 947 3569 1068 3623; x_wconf 93' lang='lat' dir='ltr'><strong>loco</strong></span> <span class='ocrx_word' id='word_1_510' title='bbox 1095 3569 1304 3623; x_wconf 90' lang='lat' dir='ltr'><strong>dictum</strong></span> <span class='ocrx_word' id='word_1_511' title='bbox 1336 3578 1421 3624; x_wconf 90' lang='lat' dir='ltr'><strong>est</strong></span> <span class='ocrx_word' id='word_1_512' title='bbox 1457 3585 1486 3624; x_wconf 87' lang='lat' dir='ltr'><strong>a</strong></span> <span class='ocrx_word' id='word_1_513' title='bbox 1523 3570 1790 3637; x_wconf 89' lang='lat' dir='ltr'><strong>Domino,</strong></span> <span class='ocrx_word' id='word_1_514' title='bbox 1821 3587 1976 3626; x_wconf 85' lang='lat' dir='ltr'><strong>com-</strong></span> 
     </span>
    </p>
   </div>
   <div class='ocr_carea' id='block_1_68' title="bbox 389 3661 1970 3734">
    <p class='ocr_par' dir='ltr' id='par_1_68' title="bbox 389 3661 1970 3734">
     <span class='ocr_line' id='line_1_69' title="bbox 389 3661 1970 3734; baseline -0.003 -11"><span class='ocrx_word' id='word_1_515' title='bbox 389 3681 559 3723; x_wconf 84' lang='lat' dir='ltr'><strong>mune</strong></span> <span class='ocrx_word' id='word_1_516' title='bbox 589 3663 659 3718; x_wconf 91' lang='lat' dir='ltr'><strong>sit</strong></span> <span class='ocrx_word' id='word_1_517' title='bbox 689 3663 872 3716; x_wconf 91' lang='lat' dir='ltr'><strong>omnis</strong></span> <span class='ocrx_word' id='word_1_518' title='bbox 923 3661 1046 3714; x_wconf 54' lang='lat' dir='ltr'><strong>vitae</strong></span> <span class='ocrx_word' id='word_1_519' title='bbox 1094 3668 1462 3730; x_wconf 63' lang='lat' dir='ltr'><strong>praeceptum,</strong></span> <span class='ocrx_word' id='word_1_520' title='bbox 1515 3662 1586 3718; x_wconf 89' lang='lat' dir='ltr'><strong>iis</strong></span> <span class='ocrx_word' id='word_1_521' title='bbox 1634 3667 1970 3734; x_wconf 71' lang='lat' dir='ltr'><strong>praesertim,</strong></span> 
     </span>
    </p>
   </div>
   <div class='ocr_carea' id='block_1_69' title="bbox 389 3751 1971 3830">
    <p class='ocr_par' dir='ltr' id='par_1_69' title="bbox 389 3751 1971 3830">
     <span class='ocr_line' id='line_1_70' title="bbox 389 3751 1971 3830; baseline -0.003 -17"><span class='ocrx_word' id='word_1_522' title='bbox 389 3759 484 3830; x_wconf 91' lang='lat' dir='ltr'><strong>qui</strong></span> <span class='ocrx_word' id='word_1_523' title='bbox 513 3755 846 3826; x_wconf 80' lang='lat' dir='ltr'><strong>virginitatis</strong></span> <span class='ocrx_word' id='word_1_524' title='bbox 877 3752 1064 3806; x_wconf 91' lang='lat' dir='ltr'><strong>studio</strong></span> <span class='ocrx_word' id='word_1_525' title='bbox 1091 3751 1157 3805; x_wconf 91' lang='lat' dir='ltr'><strong>ad</strong></span> <span class='ocrx_word' id='word_1_526' title='bbox 1187 3751 1357 3806; x_wconf 89' lang='lat' dir='ltr'><strong>Deum</strong></span> <span class='ocrx_word' id='word_1_527' title='bbox 1392 3754 1695 3820; x_wconf 88' lang='lat' dir='ltr'><strong>accedunt,</strong></span> <span class='ocrx_word' id='word_1_528' title='bbox 1729 3764 1814 3820; x_wconf 88' lang='lat' dir='ltr'><strong>ut.</strong></span> <span class='ocrx_word' id='word_1_529' title='bbox 1849 3771 1971 3810; x_wconf 89' lang='lat' dir='ltr'><strong>cum</strong></span> 
     </span>
    </p>
   </div>
   <div class='ocr_carea' id='block_1_70' title="bbox 392 3844 1971 3916">
    <p class='ocr_par' dir='ltr' id='par_1_70' title="bbox 392 3844 1971 3916">
     <span class='ocr_line' id='line_1_71' title="bbox 392 3844 1971 3916; baseline -0.002 -11"><span class='ocrx_word' id='word_1_530' title='bbox 392 3851 460 3905; x_wconf 79' lang='lat' dir='ltr'><strong>ad</strong></span> <span class='ocrx_word' id='word_1_531' title='bbox 492 3863 658 3903; x_wconf 86' lang='lat' dir='ltr'><strong>unum</strong></span> <span class='ocrx_word' id='word_1_532' title='bbox 695 3844 917 3914; x_wconf 86' lang='lat' dir='ltr'><strong>aliquod</strong></span> <span class='ocrx_word' id='word_1_533' title='bbox 958 3855 1170 3899; x_wconf 84' lang='lat' dir='ltr'><strong>rectum</strong></span> <span class='ocrx_word' id='word_1_534' title='bbox 1219 3844 1456 3900; x_wconf 71' lang='lat' dir='ltr'><strong>ofﬁcium</strong></span> <span class='ocrx_word' id='word_1_535' title='bbox 1490 3848 1826 3916; x_wconf 84' lang='lat' dir='ltr'><strong>respiciant,</strong></span> <span class='ocrx_word' id='word_1_536' title='bbox 1862 3865 1971 3902; x_wconf 78' lang='lat' dir='ltr'><strong>nor.</strong></span> 
     </span>
    </p>
   </div>
   <div class='ocr_carea' id='block_1_71' title="bbox 392 3936 1975 4006">
    <p class='ocr_par' dir='ltr' id='par_1_71' title="bbox 392 3936 1975 4006">
     <span class='ocr_line' id='line_1_72' title="bbox 392 3936 1975 4006; baseline -0.003 -10"><span class='ocrx_word' id='word_1_537' title='bbox 392 3939 557 3996; x_wconf 88' lang='lat' dir='ltr'><strong>modo</strong></span> <span class='ocrx_word' id='word_1_538' title='bbox 589 3954 676 3994; x_wconf 90' lang='lat' dir='ltr'><strong>res</strong></span> <span class='ocrx_word' id='word_1_539' title='bbox 701 3936 1012 3992; x_wconf 87' lang='lat' dir='ltr'><strong>contrarias</strong></span> <span class='ocrx_word' id='word_1_540' title='bbox 1043 3943 1311 3998; x_wconf 77' lang='lat' dir='ltr'><strong>caveant,</strong></span> <span class='ocrx_word' id='word_1_541' title='bbox 1347 3936 1440 3990; x_wconf 90' lang='lat' dir='ltr'><strong>sed</strong></span> <span class='ocrx_word' id='word_1_542' title='bbox 1471 3937 1617 4006; x_wconf 87' lang='lat' dir='ltr'><strong>quod</strong></span> <span class='ocrx_word' id='word_1_543' title='bbox 1650 3937 1853 3990; x_wconf 89' lang='lat' dir='ltr'><strong>bonum</strong></span> <span class='ocrx_word' id='word_1_544' title='bbox 1890 3949 1975 3994; x_wconf 91' lang='lat' dir='ltr'><strong>cst</strong></span> 
     </span>
    </p>
   </div>
   <div class='ocr_carea' id='block_1_72' title="bbox 393 4027 1974 4100">
    <p class='ocr_par' dir='ltr' id='par_1_72' title="bbox 393 4027 1974 4100">
     <span class='ocr_line' id='line_1_73' title="bbox 393 4027 1974 4100; baseline -0.002 -15"><span class='ocrx_word' id='word_1_545' title='bbox 393 4031 634 4100; x_wconf 88' lang='lat' dir='ltr'><strong>undique</strong></span> <span class='ocrx_word' id='word_1_546' title='bbox 665 4028 772 4084; x_wconf 88' lang='lat' dir='ltr'><strong>sibi</strong></span> <span class='ocrx_word' id='word_1_547' title='bbox 801 4027 1095 4097; x_wconf 78' lang='lat' dir='ltr'><strong>colligant,</strong></span> <span class='ocrx_word' id='word_1_548' title='bbox 1140 4033 1199 4079; x_wconf 94' lang='lat' dir='ltr'><strong>ut</strong></span> <span class='ocrx_word' id='word_1_549' title='bbox 1241 4027 1499 4083; x_wconf 87' lang='lat' dir='ltr'><strong>onmibus</strong></span> <span class='ocrx_word' id='word_1_550' title='bbox 1545 4029 1855 4097; x_wconf 75' lang='lat' dir='ltr'><strong>quaerendis</strong></span> <span class='ocrx_word' id='word_1_551' title='bbox 1893 4029 1974 4083; x_wconf 84' lang='lat' dir='ltr'><strong>vi-</strong></span> 
     </span>
    </p>
   </div>
   <div class='ocr_carea' id='block_1_73' title="bbox 392 4116 1971 4189">
    <p class='ocr_par' dir='ltr' id='par_1_73' title="bbox 392 4116 1971 4189">
     <span class='ocr_line' id='line_1_74' title="bbox 392 4116 1971 4189; baseline -0.003 -12"><span class='ocrx_word' id='word_1_552' title='bbox 392 4133 502 4179; x_wconf 88' lang='lat' dir='ltr'><strong>tam</strong></span> <span class='ocrx_word' id='word_1_553' title='bbox 539 4124 593 4177; x_wconf 91' lang='lat' dir='ltr'><strong>in</strong></span> <span class='ocrx_word' id='word_1_554' title='bbox 629 4129 747 4175; x_wconf 91' lang='lat' dir='ltr'><strong>tuto</strong></span> <span class='ocrx_word' id='word_1_555' title='bbox 776 4119 1073 4173; x_wconf 85' lang='lat' dir='ltr'><strong>cullocent.</strong></span> <span class='ocrx_word' id='word_1_556' title='bbox 1111 4116 1302 4188; x_wconf 83' lang='lat' dir='ltr'><strong>Neque</strong></span> <span class='ocrx_word' id='word_1_557' title='bbox 1331 4119 1477 4172; x_wconf 89' lang='lat' dir='ltr'><strong>enim</strong></span> <span class='ocrx_word' id='word_1_558' title='bbox 1517 4120 1676 4174; x_wconf 89' lang='lat' dir='ltr'><strong>miles</strong></span> <span class='ocrx_word' id='word_1_559' title='bbox 1703 4158 1718 4184; x_wconf 95' lang='lat'><strong>,</strong></span> <span class='ocrx_word' id='word_1_560' title='bbox 1749 4121 1841 4189; x_wconf 91' lang='lat' dir='ltr'><strong>qui</strong></span> <span class='ocrx_word' id='word_1_561' title='bbox 1882 4136 1971 4173; x_wconf 90' lang='lat' dir='ltr'><strong>ar-</strong></span> 
     </span>
    </p>
   </div>
   <div class='ocr_carea' id='block_1_74' title="bbox 394 4211 1970 4284">
    <p class='ocr_par' dir='ltr' id='par_1_74' title="bbox 394 4211 1970 4284">
     <span class='ocr_line' id='line_1_75' title="bbox 394 4211 1970 4284; baseline -0.003 -14"><span class='ocrx_word' id='word_1_562' title='bbox 394 4217 500 4270; x_wconf 88' lang='lat' dir='ltr'><strong>mis</strong></span> <span class='ocrx_word' id='word_1_563' title='bbox 528 4223 738 4284; x_wconf 89' lang='lat' dir='ltr'><strong>partem</strong></span> <span class='ocrx_word' id='word_1_564' title='bbox 771 4213 1010 4281; x_wconf 83' lang='lat' dir='ltr'><strong>aliquam</strong></span> <span class='ocrx_word' id='word_1_565' title='bbox 1047 4214 1298 4281; x_wconf 89' lang='lat' dir='ltr'><strong>corporis</strong></span> <span class='ocrx_word' id='word_1_566' title='bbox 1349 4211 1645 4278; x_wconf 87' lang='lat' dir='ltr'><strong>munierit,</strong></span> <span class='ocrx_word' id='word_1_567' title='bbox 1699 4213 1970 4282; x_wconf 88' lang='lat' dir='ltr'><strong>reliquum</strong></span> 
     </span>
    </p>
   </div>
   <div class='ocr_carea' id='block_1_75' title="bbox 389 4301 1969 4377">
    <p class='ocr_par' dir='ltr' id='par_1_75' title="bbox 389 4301 1969 4377">
     <span class='ocr_line' id='line_1_76' title="bbox 389 4301 1969 4377; baseline -0.004 -14"><span class='ocrx_word' id='word_1_568' title='bbox 389 4321 590 4377; x_wconf 89' lang='lat' dir='ltr'><strong>corpus</strong></span> <span class='ocrx_word' id='word_1_569' title='bbox 622 4306 793 4359; x_wconf 85' lang='lat' dir='ltr'><strong>annis</strong></span> <span class='ocrx_word' id='word_1_570' title='bbox 830 4303 1040 4358; x_wconf 89' lang='lat' dir='ltr'><strong>nudum</strong></span> <span class='ocrx_word' id='word_1_571' title='bbox 1077 4303 1323 4372; x_wconf 88' lang='lat' dir='ltr'><strong>periculo</strong></span> <span class='ocrx_word' id='word_1_572' title='bbox 1355 4303 1603 4372; x_wconf 86' lang='lat' dir='ltr'><strong>objiciet.</strong></span> <span class='ocrx_word' id='word_1_573' title='bbox 1634 4301 1776 4370; x_wconf 85' lang='lat' dir='ltr'><strong>Quid</strong></span> <span class='ocrx_word' id='word_1_574' title='bbox 1825 4305 1969 4358; x_wconf 89' lang='lat' dir='ltr'><strong>enim</strong></span> 
     </span>
    </p>
   </div>
   <div class='ocr_carea' id='block_1_76' title="bbox 390 4399 1971 4469">
    <p class='ocr_par' dir='ltr' id='par_1_76' title="bbox 390 4399 1971 4469">
     <span class='ocr_line' id='line_1_77' title="bbox 390 4399 1971 4469; baseline -0.004 -13"><span class='ocrx_word' id='word_1_575' title='bbox 390 4402 440 4456; x_wconf 89' lang='lat' dir='ltr'><strong>ei</strong></span> <span class='ocrx_word' id='word_1_576' title='bbox 478 4400 614 4454; x_wconf 80' lang='lat' dir='ltr'><strong>lucri</strong></span> <span class='ocrx_word' id='word_1_577' title='bbox 645 4408 824 4454; x_wconf 86' lang='lat' dir='ltr'><strong>estex</strong></span> <span class='ocrx_word' id='word_1_578' title='bbox 859 4406 1014 4469; x_wconf 88' lang='lat' dir='ltr'><strong>parte</strong></span> <span class='ocrx_word' id='word_1_579' title='bbox 1047 4399 1300 4468; x_wconf 83' lang='lat' dir='ltr'><strong>corporis</strong></span> <span class='ocrx_word' id='word_1_580' title='bbox 1334 4405 1579 4463; x_wconf 89' lang='lat' dir='ltr'><strong>armata,</strong></span> <span class='ocrx_word' id='word_1_581' title='bbox 1613 4399 1660 4453; x_wconf 90' lang='lat' dir='ltr'><strong>si</strong></span> <span class='ocrx_word' id='word_1_582' title='bbox 1707 4399 1760 4452; x_wconf 90' lang='lat' dir='ltr'><strong>in</strong></span> <span class='ocrx_word' id='word_1_583' title='bbox 1797 4399 1971 4468; x_wconf 83' lang='lat' dir='ltr'><strong>parti-</strong></span> 
     </span>
    </p>
   </div>
   <div class='ocr_carea' id='block_1_77' title="bbox 392 4487 1972 4559">
    <p class='ocr_par' dir='ltr' id='par_1_77' title="bbox 392 4487 1972 4559">
     <span class='ocr_line' id='line_1_78' title="bbox 392 4487 1972 4559; baseline -0.003 -11"><span class='ocrx_word' id='word_1_584' title='bbox 392 4493 497 4548; x_wconf 90' lang='lat' dir='ltr'><strong>bus</strong></span> <span class='ocrx_word' id='word_1_585' title='bbox 527 4492 688 4545; x_wconf 90' lang='lat' dir='ltr'><strong>nudis</strong></span> <span class='ocrx_word' id='word_1_586' title='bbox 716 4491 966 4544; x_wconf 87' lang='lat' dir='ltr'><strong>lethalem</strong></span> <span class='ocrx_word' id='word_1_587' title='bbox 1001 4490 1214 4559; x_wconf 78' lang='lat' dir='ltr'><strong>plagam</strong></span> <span class='ocrx_word' id='word_1_588' title='bbox 1263 4489 1544 4559; x_wconf 88' lang='lat' dir='ltr'><strong>accipiat?</strong></span> <span class='ocrx_word' id='word_1_589' title='bbox 1589 4488 1727 4554; x_wconf 86' lang='lat' dir='ltr'><strong>Quis</strong></span> <span class='ocrx_word' id='word_1_590' title='bbox 1768 4487 1972 4543; x_wconf 86' lang='lat' dir='ltr'><strong>formo-</strong></span> 
     </span>
    </p>
   </div>
   <div class='ocr_carea' id='block_1_78' title="bbox 393 4578 1972 4650">
    <p class='ocr_par' dir='ltr' id='par_1_78' title="bbox 393 4578 1972 4650">
     <span class='ocr_line' id='line_1_79' title="bbox 393 4578 1972 4650; baseline -0.003 -12"><span class='ocrx_word' id='word_1_591' title='bbox 393 4599 514 4640; x_wconf 90' lang='lat' dir='ltr'><strong>sum</strong></span> <span class='ocrx_word' id='word_1_592' title='bbox 545 4599 668 4637; x_wconf 91' lang='lat' dir='ltr'><strong>eum</strong></span> <span class='ocrx_word' id='word_1_593' title='bbox 701 4581 903 4635; x_wconf 69' lang='lat' dir='ltr'><strong>dixerit</strong></span> <span class='ocrx_word' id='word_1_594' title='bbox 925 4620 939 4643; x_wconf 91' lang='lat'><strong>,</strong></span> <span class='ocrx_word' id='word_1_595' title='bbox 972 4581 1058 4633; x_wconf 87' lang='lat' dir='ltr'><strong>cui</strong></span> <span class='ocrx_word' id='word_1_596' title='bbox 1090 4596 1156 4633; x_wconf 81' lang='lat' dir='ltr'><strong>ex</strong></span> <span class='ocrx_word' id='word_1_597' title='bbox 1201 4580 1302 4642; x_wconf 87' lang='lat' dir='ltr'><strong>iis,</strong></span> <span class='ocrx_word' id='word_1_598' title='bbox 1333 4595 1454 4650; x_wconf 69' lang='lat' dir='ltr'><strong>quae</strong></span> <span class='ocrx_word' id='word_1_599' title='bbox 1499 4578 1565 4634; x_wconf 90' lang='lat' dir='ltr'><strong>ad</strong></span> <span class='ocrx_word' id='word_1_600' title='bbox 1615 4580 1808 4634; x_wconf 75' lang='lat' dir='ltr'><strong>forma:</strong></span> <span class='ocrx_word' id='word_1_601' title='bbox 1850 4595 1972 4650; x_wconf 87' lang='lat' dir='ltr'><strong>spe-</strong></span> 
     </span>
    </p>
   </div>
   <div class='ocr_carea' id='block_1_79' title="bbox 391 4669 1972 4738">
    <p class='ocr_par' dir='ltr' id='par_1_79' title="bbox 391 4669 1972 4738">
     <span class='ocr_line' id='line_1_80' title="bbox 391 4669 1972 4738; baseline -0.004 -10"><span class='ocrx_word' id='word_1_602' title='bbox 391 4675 530 4728; x_wconf 87' lang='lat' dir='ltr'><strong>ciem</strong></span> <span class='ocrx_word' id='word_1_603' title='bbox 564 4675 836 4733; x_wconf 80' lang='lat' dir='ltr'><strong>attinent,</strong></span> <span class='ocrx_word' id='word_1_604' title='bbox 883 4669 1086 4738; x_wconf 88' lang='lat' dir='ltr'><strong>aliquid</strong></span> <span class='ocrx_word' id='word_1_605' title='bbox 1132 4677 1218 4724; x_wconf 88' lang='lat' dir='ltr'><strong>est</strong></span> <span class='ocrx_word' id='word_1_606' title='bbox 1265 4669 1578 4723; x_wconf 87' lang='lat' dir='ltr'><strong>calamitate</strong></span> <span class='ocrx_word' id='word_1_607' title='bbox 1626 4671 1972 4726; x_wconf 84' lang='lat' dir='ltr'><strong>rescissum?</strong></span> 
     </span>
    </p>
   </div>
   <div class='ocr_carea' id='block_1_80' title="bbox 393 4758 1966 4834">
    <p class='ocr_par' dir='ltr' id='par_1_80' title="bbox 393 4758 1966 4834">
     <span class='ocr_line' id='line_1_81' title="bbox 393 4758 1966 4834; baseline -0.003 -16"><span class='ocrx_word' id='word_1_608' title='bbox 393 4762 700 4834; x_wconf 86' lang='lat' dir='ltr'><strong>Turpitudo</strong></span> <span class='ocrx_word' id='word_1_609' title='bbox 729 4762 874 4816; x_wconf 90' lang='lat' dir='ltr'><strong>enim</strong></span> <span class='ocrx_word' id='word_1_610' title='bbox 907 4775 972 4814; x_wconf 89' lang='lat' dir='ltr'><strong>ac</strong></span> <span class='ocrx_word' id='word_1_611' title='bbox 1003 4758 1328 4814; x_wconf 78' lang='lat' dir='ltr'><strong>deformitas</strong></span> <span class='ocrx_word' id='word_1_612' title='bbox 1357 4762 1528 4828; x_wconf 88' lang='lat' dir='ltr'><strong>partis</strong></span> <span class='ocrx_word' id='word_1_613' title='bbox 1554 4760 1706 4815; x_wconf 86' lang='lat' dir='ltr'><strong>illius</strong></span> <span class='ocrx_word' id='word_1_614' title='bbox 1736 4767 1966 4822; x_wconf 59' lang='lat' dir='ltr'><strong>truncae,</strong></span> 
     </span>
    </p>
   </div>
   <div class='ocr_carea' id='block_1_81' title="bbox 391 4850 1968 4922">
    <p class='ocr_par' dir='ltr' id='par_1_81' title="bbox 391 4850 1968 4922">
     <span class='ocr_line' id='line_1_82' title="bbox 391 4850 1968 4922; baseline -0.004 -11"><span class='ocrx_word' id='word_1_615' title='bbox 391 4863 738 4911; x_wconf 84' lang='lat' dir='ltr'><strong>venustatem</strong></span> <span class='ocrx_word' id='word_1_616' title='bbox 772 4853 997 4922; x_wconf 72' lang='lat' dir='ltr'><strong>integra:</strong></span> <span class='ocrx_word' id='word_1_617' title='bbox 1029 4850 1355 4920; x_wconf 89' lang='lat' dir='ltr'><strong>corrumpit.</strong></span> <span class='ocrx_word' id='word_1_618' title='bbox 1399 4851 1557 4916; x_wconf 88' lang='lat' dir='ltr'><strong>Quod</strong></span> <span class='ocrx_word' id='word_1_619' title='bbox 1605 4851 1687 4914; x_wconf 91' lang='lat' dir='ltr'><strong>si,</strong></span> <span class='ocrx_word' id='word_1_620' title='bbox 1733 4859 1790 4904; x_wconf 92' lang='lat' dir='ltr'><strong>ut</strong></span> <span class='ocrx_word' id='word_1_621' title='bbox 1832 4868 1968 4922; x_wconf 87' lang='lat' dir='ltr'><strong>quo—</strong></span> 
     </span>
    </p>
   </div>
   <div class='ocr_carea' id='block_1_82' title="bbox 392 4944 1970 5016">
    <p class='ocr_par' dir='ltr' id='par_1_82' title="bbox 392 4944 1970 5016">
     <span class='ocr_line' id='line_1_83' title="bbox 392 4944 1970 5016; baseline -0.003 -13"><span class='ocrx_word' id='word_1_622' title='bbox 392 4948 518 5003; x_wconf 87' lang='lat' dir='ltr'><strong>dam</strong></span> <span class='ocrx_word' id='word_1_623' title='bbox 553 4948 671 5000; x_wconf 91' lang='lat' dir='ltr'><strong>loco</strong></span> <span class='ocrx_word' id='word_1_624' title='bbox 712 4949 977 5016; x_wconf 89' lang='lat' dir='ltr'><strong>scriptum</strong></span> <span class='ocrx_word' id='word_1_625' title='bbox 1009 4954 1094 4999; x_wconf 91' lang='lat' dir='ltr'><strong>est</strong></span> <span class='ocrx_word' id='word_1_626' title='bbox 1127 4944 1192 5009; x_wconf 80' lang='grc'>³⁸,</span> <span class='ocrx_word' id='word_1_627' title='bbox 1228 4944 1494 4998; x_wconf 88' lang='lat' dir='ltr'><strong>ridiculus</strong></span> <span class='ocrx_word' id='word_1_628' title='bbox 1525 4953 1629 5008; x_wconf 89' lang='lat' dir='ltr'><strong>est,</strong></span> <span class='ocrx_word' id='word_1_629' title='bbox 1666 4945 1759 5014; x_wconf 90' lang='lat' dir='ltr'><strong>qui</strong></span> <span class='ocrx_word' id='word_1_630' title='bbox 1803 4945 1970 4999; x_wconf 90' lang='lat' dir='ltr'><strong>turris</strong></span> 
     </span>
    </p>
   </div>
   <div class='ocr_carea' id='block_1_83' title="bbox 2151 3567 3684 3642">
    <p class='ocr_par' dir='ltr' id='par_1_83' title="bbox 2151 3567 3684 3642">
     <span class='ocr_line' id='line_1_84' title="bbox 2151 3567 3684 3642; baseline 0 -20"><span class='ocrx_word' id='word_1_631' title='bbox 2151 3567 2359 3622; x_wconf 81' lang='grc' dir='ltr'>Οὐκοῦν</span> <span class='ocrx_word' id='word_1_632' title='bbox 2405 3569 2540 3642; x_wconf 82' lang='grc' dir='ltr'>ὅπερ</span> <span class='ocrx_word' id='word_1_633' title='bbox 2581 3569 2812 3622; x_wconf 80' lang='grc' dir='ltr'>ἐνταῦθα</span> <span class='ocrx_word' id='word_1_634' title='bbox 2853 3569 3068 3641; x_wconf 82' lang='grc' dir='ltr'>εἴρηται</span> <span class='ocrx_word' id='word_1_635' title='bbox 3115 3568 3268 3638; x_wconf 87' lang='grc' dir='ltr'><strong>παρά</strong></span> <span class='ocrx_word' id='word_1_636' title='bbox 3310 3567 3400 3621; x_wconf 81' lang='grc' dir='ltr'><strong>τοὺ</strong></span> <span class='ocrx_word' id='word_1_637' title='bbox 3428 3567 3684 3638; x_wconf 77' lang='grc' dir='ltr'>Κυρίου,</span> 
     </span>
    </p>
   </div>
   <div class='ocr_carea' id='block_1_84' title="bbox 2081 3661 3688 3733">
    <p class='ocr_par' dir='ltr' id='par_1_84' title="bbox 2081 3661 3688 3733">
     <span class='ocr_line' id='line_1_85' title="bbox 2081 3661 3688 3733; baseline 0.002 -19"><span class='ocrx_word' id='word_1_638' title='bbox 2081 3663 2259 3716; x_wconf 73' lang='grc' dir='ltr'>κοινὸν</span> <span class='ocrx_word' id='word_1_639' title='bbox 2285 3662 2424 3716; x_wconf 83' lang='grc' dir='ltr'>ἔστω</span> <span class='ocrx_word' id='word_1_640' title='bbox 2464 3662 2638 3733; x_wconf 87' lang='grc' dir='ltr'>δόγμα</span> <span class='ocrx_word' id='word_1_641' title='bbox 2661 3661 2754 3716; x_wconf 86' lang='grc' dir='ltr'><strong>τοὺ</strong></span> <span class='ocrx_word' id='word_1_642' title='bbox 2789 3662 2902 3733; x_wconf 86' lang='grc' dir='ltr'>βίου</span> <span class='ocrx_word' id='word_1_643' title='bbox 2934 3662 3154 3725; x_wconf 82' lang='grc' dir='ltr'>παντὸς,</span> <span class='ocrx_word' id='word_1_644' title='bbox 3193 3663 3287 3715; x_wconf 78' lang='grc' dir='ltr'><strong>καὶ</strong></span> <span class='ocrx_word' id='word_1_645' title='bbox 3315 3661 3535 3733; x_wconf 79' lang='grc' dir='ltr'>μάλιστα</span> <span class='ocrx_word' id='word_1_646' title='bbox 3567 3663 3688 3717; x_wconf 71' lang='grc' dir='ltr'><strong>ἐπὶ</strong></span> 
     </span>
    </p>
   </div>
   <div class='ocr_carea' id='block_1_85' title="bbox 2079 3753 3690 3826">
    <p class='ocr_par' dir='ltr' id='par_1_85' title="bbox 2079 3753 3690 3826">
     <span class='ocr_line' id='line_1_86' title="bbox 2079 3753 3690 3826; baseline -0.004 -16"><span class='ocrx_word' id='word_1_647' title='bbox 2079 3756 2186 3810; x_wconf 84' lang='grc' dir='ltr'><strong>τῶν</strong></span> <span class='ocrx_word' id='word_1_648' title='bbox 2213 3755 2299 3808; x_wconf 75' lang='grc' dir='ltr'><strong>διὰ</strong></span> <span class='ocrx_word' id='word_1_649' title='bbox 2339 3755 2635 3824; x_wconf 87' lang='grc' dir='ltr'>παρθενίας</span> <span class='ocrx_word' id='word_1_650' title='bbox 2673 3754 2749 3824; x_wconf 83' lang='grc' dir='ltr'>τῷ</span> <span class='ocrx_word' id='word_1_651' title='bbox 2780 3753 2898 3825; x_wconf 85' lang='grc' dir='ltr'><strong>Θεῷ</strong></span> <span class='ocrx_word' id='word_1_652' title='bbox 2942 3755 3291 3826; x_wconf 84' lang='grc' dir='ltr'>προσιόντων,</span> <span class='ocrx_word' id='word_1_653' title='bbox 3324 3753 3383 3806; x_wconf 80' lang='grc' dir='ltr'>τὸ</span> <span class='ocrx_word' id='word_1_654' title='bbox 3417 3754 3486 3823; x_wconf 81' lang='grc' dir='ltr'><strong>μὴ</strong></span> <span class='ocrx_word' id='word_1_655' title='bbox 3519 3753 3690 3823; x_wconf 81' lang='grc' dir='ltr'>πρὸς</span> 
     </span>
    </p>
   </div>
   <div class='ocr_carea' id='block_1_86' title="bbox 2079 3845 3690 3917">
    <p class='ocr_par' dir='ltr' id='par_1_86' title="bbox 2079 3845 3690 3917">
     <span class='ocr_line' id='line_1_87' title="bbox 2079 3845 3690 3917; baseline -0.001 -16"><span class='ocrx_word' id='word_1_656' title='bbox 2079 3850 2137 3901; x_wconf 87' lang='grc' dir='ltr'>’έν</span> <span class='ocrx_word' id='word_1_657' title='bbox 2159 3866 2210 3901; x_wconf 91' lang='grc' dir='ltr'><strong>τι</strong></span> <span class='ocrx_word' id='word_1_658' title='bbox 2237 3847 2569 3917; x_wconf 81' lang='grc' dir='ltr'>κατόρθωμα</span> <span class='ocrx_word' id='word_1_659' title='bbox 2593 3846 2908 3916; x_wconf 83' lang='grc' dir='ltr'>βλέποντας,</span> <span class='ocrx_word' id='word_1_660' title='bbox 2934 3847 3042 3900; x_wconf 83' lang='grc' dir='ltr'><strong>τῶν</strong></span> <span class='ocrx_word' id='word_1_661' title='bbox 3063 3847 3320 3899; x_wconf 85' lang='grc' dir='ltr'>ἐναντίων</span> <span class='ocrx_word' id='word_1_662' title='bbox 3339 3845 3690 3914; x_wconf 81' lang='grc' dir='ltr'>ἀφυλάκτως</span> 
     </span>
    </p>
   </div>
   <div class='ocr_carea' id='block_1_87' title="bbox 2079 3921 3686 4012">
    <p class='ocr_par' dir='ltr' id='par_1_87' title="bbox 2079 3921 3686 4012">
     <span class='ocr_line' id='line_1_88' title="bbox 2079 3921 3686 4012; baseline -0.001 -18"><span class='ocrx_word' id='word_1_663' title='bbox 2079 3941 2243 4012; x_wconf 80' lang='grc' dir='ltr'>ἔχειν,</span> <span class='ocrx_word' id='word_1_664' title='bbox 2268 3941 2402 3993; x_wconf 87' lang='grc' dir='ltr'><strong>ἁλλά</strong></span> <span class='ocrx_word' id='word_1_665' title='bbox 2423 3938 2757 4009; x_wconf 84' lang='grc' dir='ltr'>πανταχόθεν</span> <span class='ocrx_word' id='word_1_666' title='bbox 2777 3939 2986 4002; x_wconf 82' lang='grc' dir='ltr'>ἑαυτοῖς</span> <span class='ocrx_word' id='word_1_667' title='bbox 3005 3939 3065 3991; x_wconf 77' lang='grc' dir='ltr'>τὸ</span> <span class='ocrx_word' id='word_1_668' title='bbox 3083 3939 3284 4007; x_wconf 71' lang='grc' dir='ltr'>ἀγαθὸν</span> <span class='ocrx_word' id='word_1_669' title='bbox 3305 3921 3578 4008; x_wconf 71' lang='grc' dir='ltr'>ἐξευρίσκε</span> <span class='ocrx_word' id='word_1_670' title='bbox 3592 3955 3686 4003; x_wconf 80' lang='grc' dir='ltr'><strong>ιν,</strong></span> 
     </span>
    </p>
   </div>
   <div class='ocr_carea' id='block_1_88' title="bbox 2078 4029 3692 4102">
    <p class='ocr_par' dir='ltr' id='par_1_88' title="bbox 2078 4029 3692 4102">
     <span class='ocr_line' id='line_1_89' title="bbox 2078 4029 3692 4102; baseline -0.001 -16"><span class='ocrx_word' id='word_1_671' title='bbox 2078 4035 2152 4098; x_wconf 84' lang='grc' dir='ltr'><strong>ὡς</strong></span> <span class='ocrx_word' id='word_1_672' title='bbox 2184 4034 2250 4088; x_wconf 84' lang='grc' dir='ltr'><strong>ἂν</strong></span> <span class='ocrx_word' id='word_1_673' title='bbox 2281 4032 2364 4085; x_wconf 83' lang='grc' dir='ltr'>διὰ</span> <span class='ocrx_word' id='word_1_674' title='bbox 2407 4031 2624 4084; x_wconf 89' lang='grc' dir='ltr'>πάντων</span> <span class='ocrx_word' id='word_1_675' title='bbox 2646 4031 2706 4082; x_wconf 84' lang='grc' dir='ltr'><strong>τὸ</strong></span> <span class='ocrx_word' id='word_1_676' title='bbox 2733 4031 2972 4099; x_wconf 84' lang='grc' dir='ltr'>ἀσφαλὲς</span> <span class='ocrx_word' id='word_1_677' title='bbox 3017 4031 3234 4102; x_wconf 80' lang='grc' dir='ltr'>ὑπάρχῃ</span> <span class='ocrx_word' id='word_1_678' title='bbox 3267 4030 3340 4101; x_wconf 81' lang='grc' dir='ltr'><strong>τῷ</strong></span> <span class='ocrx_word' id='word_1_679' title='bbox 3374 4029 3486 4100; x_wconf 83' lang='grc' dir='ltr'>βίῳ.</span> <span class='ocrx_word' id='word_1_680' title='bbox 3517 4031 3692 4087; x_wconf 55' lang='grc' dir='ltr'><strong>Οὐδὲ</strong></span> 
     </span>
    </p>
   </div>
   <div class='ocr_carea' id='block_1_89' title="bbox 2077 4121 3690 4197">
    <p class='ocr_par' dir='ltr' id='par_1_89' title="bbox 2077 4121 3690 4197">
     <span class='ocr_line' id='line_1_90' title="bbox 2077 4121 3690 4197; baseline -0.003 -19"><span class='ocrx_word' id='word_1_681' title='bbox 2077 4127 2184 4197; x_wconf 75' lang='grc' dir='ltr'>γὰρ</span> <span class='ocrx_word' id='word_1_682' title='bbox 2215 4123 2548 4196; x_wconf 84' lang='grc' dir='ltr'>στρατιώτης</span> <span class='ocrx_word' id='word_1_683' title='bbox 2593 4123 2730 4194; x_wconf 87' lang='grc' dir='ltr'>μέρη</span> <span class='ocrx_word' id='word_1_684' title='bbox 2780 4122 2906 4175; x_wconf 81' lang='grc' dir='ltr'>τινὰ</span> <span class='ocrx_word' id='word_1_685' title='bbox 2945 4125 3058 4186; x_wconf 86' lang='grc' dir='ltr'>τοῖς</span> <span class='ocrx_word' id='word_1_686' title='bbox 3085 4123 3270 4186; x_wconf 87' lang='grc' dir='ltr'>ὅπλοις</span> <span class='ocrx_word' id='word_1_687' title='bbox 3300 4121 3690 4193; x_wconf 79' lang='grc' dir='ltr'>φραξάμενος,</span> 
     </span>
    </p>
   </div>
   <div class='ocr_carea' id='block_1_90' title="bbox 2076 4211 3694 4289">
    <p class='ocr_par' dir='ltr' id='par_1_90' title="bbox 2076 4211 3694 4289">
     <span class='ocr_line' id='line_1_91' title="bbox 2076 4211 3694 4289; baseline -0.006 -17"><span class='ocrx_word' id='word_1_688' title='bbox 2076 4217 2266 4289; x_wconf 87' lang='grc' dir='ltr'>γυμνῷ</span> <span class='ocrx_word' id='word_1_689' title='bbox 2295 4215 2590 4269; x_wconf 83' lang='grc' dir='ltr'>κινδυνεύει</span> <span class='ocrx_word' id='word_1_690' title='bbox 2633 4213 2711 4284; x_wconf 81' lang='grc' dir='ltr'>τῷ</span> <span class='ocrx_word' id='word_1_691' title='bbox 2755 4213 2926 4284; x_wconf 86' lang='grc' dir='ltr'>λοιπῷ</span> <span class='ocrx_word' id='word_1_692' title='bbox 2959 4213 3194 4284; x_wconf 87' lang='grc' dir='ltr'>σώματι.</span> <span class='ocrx_word' id='word_1_693' title='bbox 3230 4214 3295 4266; x_wconf 92' lang='grc' dir='ltr'>Τί</span> <span class='ocrx_word' id='word_1_694' title='bbox 3333 4214 3439 4285; x_wconf 78' lang='grc' dir='ltr'>γὰρ</span> <span class='ocrx_word' id='word_1_695' title='bbox 3466 4211 3694 4282; x_wconf 79' lang='grc' dir='ltr'>κέρδος</span> 
     </span>
    </p>
   </div>
   <div class='ocr_carea' id='block_1_91' title="bbox 2077 4304 3694 4380">
    <p class='ocr_par' dir='ltr' id='par_1_91' title="bbox 2077 4304 3694 4380">
     <span class='ocr_line' id='line_1_92' title="bbox 2077 4304 3694 4380; baseline -0.001 -18"><span class='ocrx_word' id='word_1_696' title='bbox 2077 4310 2226 4380; x_wconf 82' lang='grc' dir='ltr'>αὐτῷ</span> <span class='ocrx_word' id='word_1_697' title='bbox 2254 4310 2352 4380; x_wconf 83' lang='grc' dir='ltr'><strong>τῆς</strong></span> <span class='ocrx_word' id='word_1_698' title='bbox 2381 4308 2474 4360; x_wconf 74' lang='grc' dir='ltr'>ἐπὶ</span> <span class='ocrx_word' id='word_1_699' title='bbox 2506 4307 2704 4378; x_wconf 80' lang='grc' dir='ltr'>μέρους</span> <span class='ocrx_word' id='word_1_700' title='bbox 2735 4305 3020 4369; x_wconf 81' lang='grc' dir='ltr'>ὁπλίσεως,</span> <span class='ocrx_word' id='word_1_701' title='bbox 3056 4307 3104 4358; x_wconf 83' lang='grc' dir='ltr'>εἰ</span> <span class='ocrx_word' id='word_1_702' title='bbox 3130 4304 3272 4358; x_wconf 78' lang='grc' dir='ltr'>κατὰ</span> <span class='ocrx_word' id='word_1_703' title='bbox 3298 4305 3406 4358; x_wconf 84' lang='grc' dir='ltr'>τῶν</span> <span class='ocrx_word' id='word_1_704' title='bbox 3434 4307 3694 4375; x_wconf 80' lang='grc' dir='ltr'>γυμνῶν</span> 
     </span>
    </p>
   </div>
   <div class='ocr_carea' id='block_1_92' title="bbox 2075 4395 3691 4472">
    <p class='ocr_par' dir='ltr' id='par_1_92' title="bbox 2075 4395 3691 4472">
     <span class='ocr_line' id='line_1_93' title="bbox 2075 4395 3691 4472; baseline -0.001 -19"><span class='ocrx_word' id='word_1_705' title='bbox 2075 4400 2173 4472; x_wconf 80' lang='grc' dir='ltr'>τὴν</span> <span class='ocrx_word' id='word_1_706' title='bbox 2207 4399 2426 4470; x_wconf 87' lang='grc' dir='ltr'>καιρίαν</span> <span class='ocrx_word' id='word_1_707' title='bbox 2452 4398 2699 4464; x_wconf 85' lang='grc' dir='ltr'>δέξαιτο;</span> <span class='ocrx_word' id='word_1_708' title='bbox 2743 4396 2838 4457; x_wconf 88' lang='grc' dir='ltr'><strong>Τίς</strong></span> <span class='ocrx_word' id='word_1_709' title='bbox 2865 4396 2907 4449; x_wconf 83' lang='grc' dir='ltr'>δ’</span> <span class='ocrx_word' id='word_1_710' title='bbox 2941 4396 3006 4449; x_wconf 84' lang='grc' dir='ltr'><strong>ἂν</strong></span> <span class='ocrx_word' id='word_1_711' title='bbox 3040 4395 3312 4468; x_wconf 85' lang='grc' dir='ltr'>εὑμορφον</span> <span class='ocrx_word' id='word_1_712' title='bbox 3343 4397 3691 4468; x_wconf 83' lang='grc' dir='ltr'>ὀνομάσειεν</span> 
     </span>
    </p>
   </div>
   <div class='ocr_carea' id='block_1_93' title="bbox 2076 4487 3693 4559">
    <p class='ocr_par' dir='ltr' id='par_1_93' title="bbox 2076 4487 3693 4559">
     <span class='ocr_line' id='line_1_94' title="bbox 2076 4487 3693 4559; baseline -0.001 -14"><span class='ocrx_word' id='word_1_713' title='bbox 2076 4495 2270 4555; x_wconf 85' lang='grc' dir='ltr'>ἐκεῖνο,</span> <span class='ocrx_word' id='word_1_714' title='bbox 2303 4491 2331 4545; x_wconf 82' lang='grc' dir='ltr'>ὃ</span> <span class='ocrx_word' id='word_1_715' title='bbox 2352 4491 2460 4544; x_wconf 84' lang='grc' dir='ltr'>τῶν</span> <span class='ocrx_word' id='word_1_716' title='bbox 2494 4491 2574 4554; x_wconf 87' lang='grc' dir='ltr'><strong>είς</strong></span> <span class='ocrx_word' id='word_1_717' title='bbox 2596 4488 2899 4559; x_wconf 84' lang='grc' dir='ltr'>εὐμορφίαν</span> <span class='ocrx_word' id='word_1_718' title='bbox 2921 4505 2972 4541; x_wconf 88' lang='grc' dir='ltr'><strong>τι</strong></span> <span class='ocrx_word' id='word_1_719' title='bbox 3003 4487 3396 4541; x_wconf 87' lang='grc' dir='ltr'>συντελούντων</span> <span class='ocrx_word' id='word_1_720' title='bbox 3426 4488 3488 4541; x_wconf 78' lang='grc' dir='ltr'><strong>ἐκ</strong></span> <span class='ocrx_word' id='word_1_721' title='bbox 3512 4506 3693 4556; x_wconf 84' lang='grc' dir='ltr'>τινος</span> 
     </span>
    </p>
   </div>
   <div class='ocr_carea' id='block_1_94' title="bbox 2079 4579 3692 4656">
    <p class='ocr_par' dir='ltr' id='par_1_94' title="bbox 2079 4579 3692 4656">
     <span class='ocr_line' id='line_1_95' title="bbox 2079 4579 3692 4656; baseline -0.001 -18"><span class='ocrx_word' id='word_1_722' title='bbox 2079 4586 2362 4656; x_wconf 83' lang='grc' dir='ltr'>συμφορᾶς</span> <span class='ocrx_word' id='word_1_723' title='bbox 2398 4581 2827 4653; x_wconf 85' lang='grc' dir='ltr'>περικέκοπται;</span> <span class='ocrx_word' id='word_1_724' title='bbox 2873 4581 2936 4632; x_wconf 81' lang='grc' dir='ltr'><strong><em>Ἡ</em></strong></span> <span class='ocrx_word' id='word_1_725' title='bbox 2975 4579 3083 4652; x_wconf 85' lang='grc' dir='ltr'>γὰρ</span> <span class='ocrx_word' id='word_1_726' title='bbox 3123 4581 3250 4652; x_wconf 71' lang='grc' dir='ltr'>περὶ</span> <span class='ocrx_word' id='word_1_727' title='bbox 3272 4579 3333 4634; x_wconf 80' lang='grc' dir='ltr'>τὸ</span> <span class='ocrx_word' id='word_1_728' title='bbox 3366 4580 3549 4634; x_wconf 74' lang='grc' dir='ltr'>λεῖπον</span> <span class='ocrx_word' id='word_1_729' title='bbox 3586 4586 3692 4637; x_wconf 77' lang='grc' dir='ltr'><strong>αξ-</strong></span> 
     </span>
    </p>
   </div>
   <div class='ocr_carea' id='block_1_95' title="bbox 2078 4670 3690 4745">
    <p class='ocr_par' dir='ltr' id='par_1_95' title="bbox 2078 4670 3690 4745">
     <span class='ocr_line' id='line_1_96' title="bbox 2078 4670 3690 4745; baseline 0.001 -18"><span class='ocrx_word' id='word_1_730' title='bbox 2078 4673 2245 4745; x_wconf 84' lang='grc' dir='ltr'>σχύνη</span> <span class='ocrx_word' id='word_1_731' title='bbox 2278 4675 2370 4726; x_wconf 77' lang='grc' dir='ltr'><strong>καὶ</strong></span> <span class='ocrx_word' id='word_1_732' title='bbox 2397 4672 2492 4743; x_wconf 87' lang='grc' dir='ltr'><strong>τὴν</strong></span> <span class='ocrx_word' id='word_1_733' title='bbox 2517 4671 2611 4724; x_wconf 84' lang='grc' dir='ltr'><strong>τοὺ</strong></span> <span class='ocrx_word' id='word_1_734' title='bbox 2639 4670 2970 4738; x_wconf 90' lang='grc' dir='ltr'>ὑγιαίνοντος</span> <span class='ocrx_word' id='word_1_735' title='bbox 3001 4672 3157 4741; x_wconf 83' lang='grc' dir='ltr'>χάριν</span> <span class='ocrx_word' id='word_1_736' title='bbox 3190 4671 3569 4742; x_wconf 84' lang='grc' dir='ltr'>διελυμήνατο.</span> <span class='ocrx_word' id='word_1_737' title='bbox 3611 4676 3690 4730; x_wconf 70' lang='lat' dir='ltr'><strong>Et</strong></span> 
     </span>
    </p>
   </div>
   <div class='ocr_carea' id='block_1_96' title="bbox 2075 4762 3688 4835">
    <p class='ocr_par' dir='ltr' id='par_1_96' title="bbox 2075 4762 3688 4835">
     <span class='ocr_line' id='line_1_97' title="bbox 2075 4762 3688 4835; baseline -0.001 -14"><span class='ocrx_word' id='word_1_738' title='bbox 2075 4768 2131 4821; x_wconf 85' lang='grc' dir='ltr'><strong>δέ</strong></span> <span class='ocrx_word' id='word_1_739' title='bbox 2171 4763 2572 4833; x_wconf 82' lang='grc' dir='ltr'>καταγέλαστός</span> <span class='ocrx_word' id='word_1_740' title='bbox 2616 4765 2752 4828; x_wconf 88' lang='grc' dir='ltr'>ἐστι,</span> <span class='ocrx_word' id='word_1_741' title='bbox 2800 4762 2981 4826; x_wconf 82' lang='grc' dir='ltr'>καθώς</span> <span class='ocrx_word' id='word_1_742' title='bbox 3019 4763 3150 4833; x_wconf 83' lang='grc' dir='ltr'>φησί</span> <span class='ocrx_word' id='word_1_743' title='bbox 3181 4781 3283 4817; x_wconf 89' lang='grc' dir='ltr'><strong>που</strong></span> <span class='ocrx_word' id='word_1_744' title='bbox 3318 4765 3380 4817; x_wconf 83' lang='grc' dir='ltr'>τὸ</span> <span class='ocrx_word' id='word_1_745' title='bbox 3411 4766 3688 4835; x_wconf 80' lang='grc' dir='ltr'>Εὑαγγέ-</span> 
     </span>
    </p>
   </div>
   <div class='ocr_carea' id='block_1_97' title="bbox 2076 4855 3684 4927">
    <p class='ocr_par' dir='ltr' id='par_1_97' title="bbox 2076 4855 3684 4927">
     <span class='ocr_line' id='line_1_98' title="bbox 2076 4855 3684 4927; baseline 0.001 -17"><span class='ocrx_word' id='word_1_746' title='bbox 2076 4858 2206 4917; x_wconf 83' lang='grc' dir='ltr'>λιον,</span> <span class='ocrx_word' id='word_1_747' title='bbox 2243 4859 2271 4910; x_wconf 88' lang='grc' dir='ltr'><strong>ὁ</strong></span> <span class='ocrx_word' id='word_1_748' title='bbox 2299 4856 2627 4926; x_wconf 86' lang='grc' dir='ltr'>ἐγχειρήσας</span> <span class='ocrx_word' id='word_1_749' title='bbox 2654 4856 2753 4926; x_wconf 71' lang='grc' dir='ltr'>μὲν</span> <span class='ocrx_word' id='word_1_750' title='bbox 2781 4858 2847 4925; x_wconf 77' lang='grc' dir='ltr'>τῇ</span> <span class='ocrx_word' id='word_1_751' title='bbox 2881 4855 2971 4907; x_wconf 78' lang='grc' dir='ltr'>τοῦ</span> <span class='ocrx_word' id='word_1_752' title='bbox 2998 4855 3206 4927; x_wconf 79' lang='grc' dir='ltr'>πύργου</span> <span class='ocrx_word' id='word_1_753' title='bbox 3236 4859 3577 4927; x_wconf 77' lang='grc' dir='ltr'>κατασκευῇ,</span> <span class='ocrx_word' id='word_1_754' title='bbox 3614 4861 3684 4911; x_wconf 82' lang='grc' dir='ltr'><strong>ἐν</strong></span> 
     </span>
    </p>
   </div>
   <div class='ocr_carea' id='block_1_98' title="bbox 2077 4946 3688 5020">
    <p class='ocr_par' dir='ltr' id='par_1_98' title="bbox 2077 4946 3688 5020">
     <span class='ocr_line' id='line_1_99' title="bbox 2077 4946 3688 5020; baseline -0.001 -18"><span class='ocrx_word' id='word_1_755' title='bbox 2077 4949 2346 5020; x_wconf 89' lang='grc' dir='ltr'>θεμελίοις</span> <span class='ocrx_word' id='word_1_756' title='bbox 2383 4947 2440 5000; x_wconf 83' lang='grc' dir='ltr'>δὲ</span> <span class='ocrx_word' id='word_1_757' title='bbox 2471 4946 2566 5017; x_wconf 84' lang='grc' dir='ltr'>τὴν</span> <span class='ocrx_word' id='word_1_758' title='bbox 2603 4947 2836 5018; x_wconf 84' lang='grc' dir='ltr'>σπουδὴν</span> <span class='ocrx_word' id='word_1_759' title='bbox 2862 4947 3055 5000; x_wconf 82' lang='grc' dir='ltr'>ἑαυτοῦ</span> <span class='ocrx_word' id='word_1_760' title='bbox 3091 4949 3312 5019; x_wconf 88' lang='grc' dir='ltr'>στήσας,</span> <span class='ocrx_word' id='word_1_761' title='bbox 3337 4949 3432 5001; x_wconf 79' lang='grc' dir='ltr'><strong>καὶ</strong></span> <span class='ocrx_word' id='word_1_762' title='bbox 3461 4948 3556 5001; x_wconf 78' lang='grc' dir='ltr'>τοῦ</span> <span class='ocrx_word' id='word_1_763' title='bbox 3590 4953 3688 5006; x_wconf 76' lang='grc' dir='ltr'>τέ.</span> 
     </span>
    </p>
   </div>
   <div class='ocr_carea' id='block_1_99' title="bbox 391 5035 1967 5108">
    <p class='ocr_par' dir='ltr' id='par_1_99' title="bbox 391 5035 1967 5108">
     <span class='ocr_line' id='line_1_100' title="bbox 391 5035 1967 5108; baseline -0.003 -13"><span class='ocrx_word' id='word_1_764' title='bbox 391 5038 683 5095; x_wconf 67' lang='lat' dir='ltr'><strong>aedificium</strong></span> <span class='ocrx_word' id='word_1_765' title='bbox 713 5053 1042 5108; x_wconf 80' lang='lat' dir='ltr'><strong>aggressus,</strong></span> <span class='ocrx_word' id='word_1_766' title='bbox 1073 5043 1238 5106; x_wconf 89' lang='lat' dir='ltr'><strong>atque</strong></span> <span class='ocrx_word' id='word_1_767' title='bbox 1283 5035 1337 5090; x_wconf 91' lang='lat' dir='ltr'><strong>in</strong></span> <span class='ocrx_word' id='word_1_768' title='bbox 1382 5036 1756 5092; x_wconf 81' lang='lat' dir='ltr'><strong>fundamentis</strong></span> <span class='ocrx_word' id='word_1_769' title='bbox 1803 5051 1967 5091; x_wconf 92' lang='lat' dir='ltr'><strong>omne</strong></span> 
     </span>
    </p>
   </div>
   <div class='ocr_carea' id='block_1_100' title="bbox 391 5129 1966 5204">
    <p class='ocr_par' dir='ltr' id='par_1_100' title="bbox 391 5129 1966 5204">
     <span class='ocr_line' id='line_1_101' title="bbox 391 5129 1966 5204; baseline -0.001 -20"><span class='ocrx_word' id='word_1_770' title='bbox 391 5132 612 5204; x_wconf 86' lang='lat' dir='ltr'><strong>quidem</strong></span> <span class='ocrx_word' id='word_1_771' title='bbox 663 5130 903 5184; x_wconf 84' lang='lat' dir='ltr'><strong>studium</strong></span> <span class='ocrx_word' id='word_1_772' title='bbox 957 5147 1116 5200; x_wconf 86' lang='lat' dir='ltr'><strong>suum</strong></span> <span class='ocrx_word' id='word_1_773' title='bbox 1161 5144 1289 5184; x_wconf 86' lang='lat' dir='ltr'><strong>cum</strong></span> <span class='ocrx_word' id='word_1_774' title='bbox 1336 5129 1616 5198; x_wconf 83' lang='lat' dir='ltr'><strong>posuerit,</strong></span> <span class='ocrx_word' id='word_1_775' title='bbox 1666 5139 1966 5184; x_wconf 80' lang='lat' dir='ltr'><strong>extremam</strong></span> 
     </span>
    </p>
   </div>
   <div class='ocr_carea' id='block_1_101' title="bbox 392 5221 1972 5293">
    <p class='ocr_par' dir='ltr' id='par_1_101' title="bbox 392 5221 1972 5293">
     <span class='ocr_line' id='line_1_102' title="bbox 392 5221 1972 5293; baseline -0.001 -14"><span class='ocrx_word' id='word_1_776' title='bbox 392 5223 607 5280; x_wconf 61' lang='lat' dir='ltr'><strong>a&#39;diﬁcii</strong></span> <span class='ocrx_word' id='word_1_777' title='bbox 635 5232 842 5293; x_wconf 90' lang='lat' dir='ltr'><strong>partem</strong></span> <span class='ocrx_word' id='word_1_778' title='bbox 872 5237 980 5275; x_wconf 86' lang='lat' dir='ltr'><strong>non</strong></span> <span class='ocrx_word' id='word_1_779' title='bbox 1009 5233 1092 5277; x_wconf 87' lang='lat' dir='ltr'><strong>est</strong></span> <span class='ocrx_word' id='word_1_780' title='bbox 1123 5229 1419 5276; x_wconf 84' lang='lat' dir='ltr'><strong>exsecutus</strong></span> <span class='ocrx_word' id='word_1_781' title='bbox 1441 5260 1456 5285; x_wconf 94' lang='lat'><strong>,</strong></span> <span class='ocrx_word' id='word_1_782' title='bbox 1490 5221 1620 5291; x_wconf 84' lang='lat' dir='ltr'><strong>qui-l</strong></span> <span class='ocrx_word' id='word_1_783' title='bbox 1650 5237 1714 5276; x_wconf 73' lang='lat' dir='ltr'><strong>ex</strong></span> <span class='ocrx_word' id='word_1_784' title='bbox 1743 5221 1845 5277; x_wconf 82' lang='lat' dir='ltr'><strong>hac</strong></span> <span class='ocrx_word' id='word_1_785' title='bbox 1873 5239 1972 5278; x_wconf 87' lang='lat' dir='ltr'><strong>nos</strong></span> 
     </span>
    </p>
   </div>
   <div class='ocr_carea' id='block_1_102' title="bbox 397 5313 1974 5386">
    <p class='ocr_par' dir='ltr' id='par_1_102' title="bbox 397 5313 1974 5386">
     <span class='ocr_line' id='line_1_103' title="bbox 397 5313 1974 5386; baseline 0 -19"><span class='ocrx_word' id='word_1_786' title='bbox 397 5315 652 5386; x_wconf 75' lang='lat' dir='ltr'><strong>parabola</strong></span> <span class='ocrx_word' id='word_1_787' title='bbox 681 5313 826 5368; x_wconf 89' lang='lat' dir='ltr'><strong>aliud</strong></span> <span class='ocrx_word' id='word_1_788' title='bbox 857 5313 1268 5382; x_wconf 83' lang='lat' dir='ltr'><strong>cognoscimus,</strong></span> <span class='ocrx_word' id='word_1_789' title='bbox 1296 5327 1458 5382; x_wconf 90' lang='lat' dir='ltr'><strong>quam</strong></span> <span class='ocrx_word' id='word_1_790' title='bbox 1485 5321 1576 5374; x_wconf 91' lang='lat' dir='ltr'><strong>ut,</strong></span> <span class='ocrx_word' id='word_1_791' title='bbox 1609 5313 1888 5383; x_wconf 87' lang='lat' dir='ltr'><strong>proposita</strong></span> <span class='ocrx_word' id='word_1_792' title='bbox 1917 5328 1974 5367; x_wconf 87' lang='lat' dir='ltr'><strong>re</strong></span> 
     </span>
    </p>
   </div>
   <div class='ocr_carea' id='block_1_103' title="bbox 399 5405 1972 5478">
    <p class='ocr_par' dir='ltr' id='par_1_103' title="bbox 399 5405 1972 5478">
     <span class='ocr_line' id='line_1_104' title="bbox 399 5405 1972 5478; baseline -0.002 -17"><span class='ocrx_word' id='word_1_793' title='bbox 399 5409 581 5478; x_wconf 87' lang='lat' dir='ltr'><strong>aliqua</strong></span> <span class='ocrx_word' id='word_1_794' title='bbox 610 5408 860 5470; x_wconf 90' lang='lat' dir='ltr'><strong>sublimi,</strong></span> <span class='ocrx_word' id='word_1_795' title='bbox 905 5407 1066 5462; x_wconf 80' lang='lat' dir='ltr'><strong>finem</strong></span> <span class='ocrx_word' id='word_1_796' title='bbox 1111 5406 1331 5476; x_wconf 86' lang='lat' dir='ltr'><strong>assequi</strong></span> <span class='ocrx_word' id='word_1_797' title='bbox 1361 5405 1649 5470; x_wconf 87' lang='lat' dir='ltr'><strong>studeant,</strong></span> <span class='ocrx_word' id='word_1_798' title='bbox 1683 5408 1776 5476; x_wconf 91' lang='lat' dir='ltr'><strong>qui</strong></span> <span class='ocrx_word' id='word_1_799' title='bbox 1807 5407 1972 5459; x_wconf 86' lang='lat' dir='ltr'><strong>variis</strong></span> 
     </span>
    </p>
   </div>
   <div class='ocr_carea' id='block_1_104' title="bbox 395 5497 1974 5568">
    <p class='ocr_par' dir='ltr' id='par_1_104' title="bbox 395 5497 1974 5568">
     <span class='ocr_line' id='line_1_105' title="bbox 395 5497 1974 5568; baseline 0.001 -16"><span class='ocrx_word' id='word_1_800' title='bbox 395 5498 777 5552; x_wconf 88' lang='lat' dir='ltr'><strong>mandatorum</strong></span> <span class='ocrx_word' id='word_1_801' title='bbox 818 5499 972 5568; x_wconf 83' lang='lat' dir='ltr'><strong>quasi</strong></span> <span class='ocrx_word' id='word_1_802' title='bbox 1006 5500 1301 5554; x_wconf 84' lang='lat' dir='ltr'><strong>structuris</strong></span> <span class='ocrx_word' id='word_1_803' title='bbox 1349 5497 1441 5553; x_wconf 91' lang='lat' dir='ltr'><strong>Dei</strong></span> <span class='ocrx_word' id='word_1_804' title='bbox 1465 5513 1603 5567; x_wconf 89' lang='lat' dir='ltr'><strong>opus</strong></span> <span class='ocrx_word' id='word_1_805' title='bbox 1639 5499 1974 5565; x_wconf 81' lang='lat' dir='ltr'><strong>perficiunt?</strong></span> 
     </span>
    </p>
   </div>
   <div class='ocr_carea' id='block_1_105' title="bbox 399 5587 1966 5660">
    <p class='ocr_par' dir='ltr' id='par_1_105' title="bbox 399 5587 1966 5660">
     <span class='ocr_line' id='line_1_106' title="bbox 399 5587 1966 5660; baseline 0.001 -18"><span class='ocrx_word' id='word_1_806' title='bbox 399 5587 584 5658; x_wconf 76' lang='lat' dir='ltr'><strong>Neque</strong></span> <span class='ocrx_word' id='word_1_807' title='bbox 610 5590 755 5644; x_wconf 90' lang='lat' dir='ltr'><strong>enim</strong></span> <span class='ocrx_word' id='word_1_808' title='bbox 786 5589 923 5660; x_wconf 88' lang='lat' dir='ltr'><strong>lapis</strong></span> <span class='ocrx_word' id='word_1_809' title='bbox 949 5603 1091 5644; x_wconf 81' lang='lat' dir='ltr'><strong>unus</strong></span> <span class='ocrx_word' id='word_1_810' title='bbox 1135 5597 1244 5643; x_wconf 91' lang='lat' dir='ltr'><strong>tota</strong></span> <span class='ocrx_word' id='word_1_811' title='bbox 1290 5595 1374 5644; x_wconf 90' lang='lat' dir='ltr'><strong>est</strong></span> <span class='ocrx_word' id='word_1_812' title='bbox 1422 5588 1595 5644; x_wconf 87' lang='lat' dir='ltr'><strong>turris</strong></span> <span class='ocrx_word' id='word_1_813' title='bbox 1647 5588 1966 5654; x_wconf 64' lang='lat' dir='ltr'><strong>mdiﬁcatio,</strong></span> 
     </span>
    </p>
   </div>
   <div class='ocr_carea' id='block_1_106' title="bbox 2067 5038 3681 5109">
    <p class='ocr_par' dir='ltr' id='par_1_106' title="bbox 2067 5038 3681 5109">
     <span class='ocr_line' id='line_1_107' title="bbox 2067 5038 3681 5109; baseline 0.001 -15"><span class='ocrx_word' id='word_1_814' title='bbox 2067 5042 2194 5104; x_wconf 90' lang='grc' dir='ltr'>λους</span> <span class='ocrx_word' id='word_1_815' title='bbox 2217 5039 2315 5092; x_wconf 85' lang='grc' dir='ltr'><strong>οὑκ</strong></span> <span class='ocrx_word' id='word_1_816' title='bbox 2346 5038 2667 5108; x_wconf 88' lang='grc' dir='ltr'>ἐφικόμενος</span> <span class='ocrx_word' id='word_1_817' title='bbox 2691 5055 2705 5068; x_wconf 73' lang='grc' dir='ltr'><strong><em>ο</em></strong></span> <span class='ocrx_word' id='word_1_818' title='bbox 2733 5038 2785 5091; x_wconf 92' lang='grc' dir='ltr'><strong>τί</strong></span> <span class='ocrx_word' id='word_1_819' title='bbox 2817 5039 2944 5092; x_wconf 85' lang='grc' dir='ltr'>ἄλλο</span> <span class='ocrx_word' id='word_1_820' title='bbox 2968 5041 3032 5092; x_wconf 80' lang='grc' dir='ltr'><strong>ἐκ</strong></span> <span class='ocrx_word' id='word_1_821' title='bbox 3057 5041 3155 5108; x_wconf 87' lang='grc' dir='ltr'><strong>τῆς</strong></span> <span class='ocrx_word' id='word_1_822' title='bbox 3189 5039 3502 5109; x_wconf 77' lang='grc' dir='ltr'>παραϐολῆς</span> <span class='ocrx_word' id='word_1_823' title='bbox 3531 5045 3681 5096; x_wconf 78' lang='grc' dir='ltr'>ταύ-</span> 
     </span>
    </p>
   </div>
   <div class='ocr_carea' id='block_1_107' title="bbox 2072 5129 3681 5203">
    <p class='ocr_par' dir='ltr' id='par_1_107' title="bbox 2072 5129 3681 5203">
     <span class='ocr_line' id='line_1_108' title="bbox 2072 5129 3681 5203; baseline 0 -17"><span class='ocrx_word' id='word_1_824' title='bbox 2072 5149 2172 5203; x_wconf 82' lang='grc' dir='ltr'><strong>της</strong></span> <span class='ocrx_word' id='word_1_825' title='bbox 2209 5129 2573 5201; x_wconf 86' lang='grc' dir='ltr'>μανθάνομεν,</span> <span class='ocrx_word' id='word_1_826' title='bbox 2611 5130 2644 5200; x_wconf 83' lang='grc' dir='ltr'>ἢ</span> <span class='ocrx_word' id='word_1_827' title='bbox 2687 5129 2748 5183; x_wconf 82' lang='grc' dir='ltr'><strong>τὸ</strong></span> <span class='ocrx_word' id='word_1_828' title='bbox 2778 5130 2958 5200; x_wconf 86' lang='grc' dir='ltr'>πάσης</span> <span class='ocrx_word' id='word_1_829' title='bbox 2993 5129 3200 5200; x_wconf 69' lang='grc' dir='ltr'>ὑψηλῆς</span> <span class='ocrx_word' id='word_1_830' title='bbox 3235 5129 3545 5200; x_wconf 79' lang='grc' dir='ltr'>προθέσεως</span> <span class='ocrx_word' id='word_1_831' title='bbox 3576 5133 3681 5186; x_wconf 70' lang='grc' dir='ltr'><strong>ἐπὶ</strong></span> 
     </span>
    </p>
   </div>
   <div class='ocr_carea' id='block_1_108' title="bbox 2073 5219 3682 5292">
    <p class='ocr_par' dir='ltr' id='par_1_108' title="bbox 2073 5219 3682 5292">
     <span class='ocr_line' id='line_1_109' title="bbox 2073 5219 3682 5292; baseline -0.001 -16"><span class='ocrx_word' id='word_1_832' title='bbox 2073 5223 2134 5276; x_wconf 86' lang='grc' dir='ltr'><strong>τὸ</strong></span> <span class='ocrx_word' id='word_1_833' title='bbox 2165 5221 2340 5292; x_wconf 87' lang='grc' dir='ltr'>πέρας</span> <span class='ocrx_word' id='word_1_834' title='bbox 2384 5219 2605 5290; x_wconf 84' lang='grc' dir='ltr'>φθάνειν</span> <span class='ocrx_word' id='word_1_835' title='bbox 2652 5219 3063 5281; x_wconf 87' lang='grc' dir='ltr'>ἐσπουδακέναι,</span> <span class='ocrx_word' id='word_1_836' title='bbox 3107 5222 3222 5282; x_wconf 87' lang='grc' dir='ltr'>ταῖς</span> <span class='ocrx_word' id='word_1_837' title='bbox 3256 5220 3527 5284; x_wconf 87' lang='grc' dir='ltr'>ποικίλαις</span> <span class='ocrx_word' id='word_1_838' title='bbox 3557 5222 3682 5274; x_wconf 83' lang='grc' dir='ltr'>τῶν</span> 
     </span>
    </p>
   </div>
   <div class='ocr_carea' id='block_1_109' title="bbox 2077 5311 3676 5382">
    <p class='ocr_par' dir='ltr' id='par_1_109' title="bbox 2077 5311 3676 5382">
     <span class='ocr_line' id='line_1_110' title="bbox 2077 5311 3676 5382; baseline -0.001 -16"><span class='ocrx_word' id='word_1_839' title='bbox 2077 5313 2304 5368; x_wconf 82' lang='grc' dir='ltr'>ἐντολῶν</span> <span class='ocrx_word' id='word_1_840' title='bbox 2352 5312 2659 5382; x_wconf 87' lang='grc' dir='ltr'>οἰκοδομαῖς</span> <span class='ocrx_word' id='word_1_841' title='bbox 2699 5312 2760 5364; x_wconf 84' lang='grc' dir='ltr'><strong>τὸ</strong></span> <span class='ocrx_word' id='word_1_842' title='bbox 2793 5311 2953 5382; x_wconf 77' lang='grc' dir='ltr'>ἔργον</span> <span class='ocrx_word' id='word_1_843' title='bbox 2998 5311 3091 5364; x_wconf 82' lang='grc' dir='ltr'><strong>τοὺ</strong></span> <span class='ocrx_word' id='word_1_844' title='bbox 3128 5311 3261 5364; x_wconf 79' lang='grc' dir='ltr'>Θεοῦ</span> <span class='ocrx_word' id='word_1_845' title='bbox 3290 5312 3676 5378; x_wconf 74' lang='grc' dir='ltr'>τελειοῦνταςς</span> 
     </span>
    </p>
   </div>
   <div class='ocr_carea' id='block_1_110' title="bbox 2079 5398 3677 5476">
    <p class='ocr_par' dir='ltr' id='par_1_110' title="bbox 2079 5398 3677 5476">
     <span class='ocr_line' id='line_1_111' title="bbox 2079 5398 3677 5476; baseline -0.002 -16"><span class='ocrx_word' id='word_1_846' title='bbox 2079 5405 2217 5460; x_wconf 69' lang='grc' dir='ltr'>Οὔτε</span> <span class='ocrx_word' id='word_1_847' title='bbox 2241 5404 2386 5468; x_wconf 87' lang='grc' dir='ltr'>λίθος</span> <span class='ocrx_word' id='word_1_848' title='bbox 2425 5398 2505 5468; x_wconf 70' lang='grc' dir='ltr'>εἷς</span> <span class='ocrx_word' id='word_1_849' title='bbox 2552 5407 2583 5476; x_wconf 80' lang='grc' dir='ltr'>ἡ</span> <span class='ocrx_word' id='word_1_850' title='bbox 2624 5406 2770 5458; x_wconf 78' lang='grc' dir='ltr'>πᾶσα</span> <span class='ocrx_word' id='word_1_851' title='bbox 2799 5405 3054 5475; x_wconf 75' lang='grc' dir='ltr'>οἰκοδομὴ</span> <span class='ocrx_word' id='word_1_852' title='bbox 3104 5403 3197 5456; x_wconf 74' lang='grc' dir='ltr'>τοῦ</span> <span class='ocrx_word' id='word_1_853' title='bbox 3248 5404 3459 5475; x_wconf 80' lang='grc' dir='ltr'>πύργου</span> <span class='ocrx_word' id='word_1_854' title='bbox 3492 5405 3677 5470; x_wconf 67' lang='grc' dir='ltr'>ἐστὶν,</span> 
     </span>
    </p>
   </div>
   <div class='ocr_carea' id='block_1_111' title="bbox 2073 5494 3681 5568">
    <p class='ocr_par' dir='ltr' id='par_1_111' title="bbox 2073 5494 3681 5568">
     <span class='ocr_line' id='line_1_112' title="bbox 2073 5494 3681 5568; baseline -0.001 -18"><span class='ocrx_word' id='word_1_855' title='bbox 2073 5496 2195 5550; x_wconf 69' lang='grc' dir='ltr'>οὔτε</span> <span class='ocrx_word' id='word_1_856' title='bbox 2240 5495 2426 5568; x_wconf 82' lang='grc' dir='ltr'>ἐντολὴ</span> <span class='ocrx_word' id='word_1_857' title='bbox 2458 5496 2556 5566; x_wconf 86' lang='grc' dir='ltr'><strong>μία</strong></span> <span class='ocrx_word' id='word_1_858' title='bbox 2587 5497 2720 5567; x_wconf 67' lang='grc' dir='ltr'>πρὸς</span> <span class='ocrx_word' id='word_1_859' title='bbox 2756 5495 2816 5548; x_wconf 83' lang='grc' dir='ltr'>τὸ</span> <span class='ocrx_word' id='word_1_860' title='bbox 2851 5494 3274 5566; x_wconf 75' lang='grc' dir='ltr'>ἐπιζητούμενον</span> <span class='ocrx_word' id='word_1_861' title='bbox 3306 5496 3505 5566; x_wconf 76' lang='grc' dir='ltr'>μέτρον</span> <span class='ocrx_word' id='word_1_862' title='bbox 3537 5497 3681 5564; x_wconf 78' lang='grc' dir='ltr'>ἄγει</span> 
     </span>
    </p>
   </div>
   <div class='ocr_carea' id='block_1_112' title="bbox 2071 5581 3722 5664">
    <p class='ocr_par' dir='ltr' id='par_1_112' title="bbox 2071 5581 3722 5664">
     <span class='ocr_line' id='line_1_113' title="bbox 2071 5581 3722 5664; baseline 0.002 -19"><span class='ocrx_word' id='word_1_863' title='bbox 2071 5589 2172 5662; x_wconf 78' lang='grc' dir='ltr'><strong>τὴν</strong></span> <span class='ocrx_word' id='word_1_864' title='bbox 2215 5591 2314 5662; x_wconf 90' lang='grc' dir='ltr'><strong>τῆς</strong></span> <span class='ocrx_word' id='word_1_865' title='bbox 2359 5590 2536 5662; x_wconf 58' lang='grc' dir='ltr'>ψυχῆς</span> <span class='ocrx_word' id='word_1_866' title='bbox 2571 5590 2885 5661; x_wconf 86' lang='grc' dir='ltr'>τελειότητα</span> <span class='ocrx_word' id='word_1_867' title='bbox 2911 5606 2926 5621; x_wconf 78' lang='grc' dir='ltr'><strong>ο</strong></span> <span class='ocrx_word' id='word_1_868' title='bbox 2951 5581 3091 5647; x_wconf 55' lang='grc' dir='ltr'>’ἀλλὰ</span> <span class='ocrx_word' id='word_1_869' title='bbox 3138 5589 3235 5646; x_wconf 72' lang='grc' dir='ltr'><strong>καὶ</strong></span> <span class='ocrx_word' id='word_1_870' title='bbox 3274 5589 3365 5644; x_wconf 82' lang='grc' dir='ltr'><strong>τὸν</strong></span> <span class='ocrx_word' id='word_1_871' title='bbox 3410 5589 3722 5664; x_wconf 53' lang='grc' dir='ltr'>θεμέλιοι,</span> 
     </span>
    </p>
   </div>
   <div class='ocr_carea' id='block_1_113' title="bbox 471 5743 1636 5817">
    <p class='ocr_par' dir='ltr' id='par_1_113' title="bbox 471 5743 1636 5817">
     <span class='ocr_line' id='line_1_114' title="bbox 471 5743 1636 5817; baseline 0.003 -19"><span class='ocrx_word' id='word_1_872' title='bbox 471 5745 520 5778; x_wconf 69' lang='grc'><strong>⁸⁸</strong></span> <span class='ocrx_word' id='word_1_873' title='bbox 557 5745 744 5804; x_wconf 80' lang='lat' dir='ltr'><strong>Matth.</strong></span> <span class='ocrx_word' id='word_1_874' title='bbox 777 5763 832 5817; x_wconf 72' lang='grc' dir='ltr'>ι,</span> <span class='ocrx_word' id='word_1_875' title='bbox 866 5747 948 5805; x_wconf 71' lang='grc'><strong>16.</strong></span> <span class='ocrx_word' id='word_1_876' title='bbox 1027 5746 1070 5779; x_wconf 78' lang='grc'>⁸⁸</span> <span class='ocrx_word' id='word_1_877' title='bbox 1111 5745 1242 5804; x_wconf 91' lang='lat' dir='ltr'><strong>Luc.</strong></span> <span class='ocrx_word' id='word_1_878' title='bbox 1281 5761 1389 5812; x_wconf 73' lang='lat' dir='ltr'><strong>xiv,</strong></span> <span class='ocrx_word' id='word_1_879' title='bbox 1419 5743 1488 5799; x_wconf 76' lang='lat'><strong>28</strong></span> <span class='ocrx_word' id='word_1_880' title='bbox 1516 5760 1636 5814; x_wconf 87' lang='lat' dir='ltr'><strong>sqq.</strong></span> 
     </span>
    </p>
   </div>
  </div>
