3896 6204
251 275 355 336 589

1566 272 1654 328 nr:
1696 272 2159 354 Vincmlmrs.

3408 276 3514 333 390

247 384 654 457 ὑποϐεϐλῆσθαι
679 383 763 438 δεῖ
781 383 1018 448 πάντως,
1049 381 1232 446 καθώς
1246 357 1411 454 φησιν
1431 383 1462 436 6
1489 352 1826 449 Ἀπόστολος,

1936 401 2115 455 neque
2163 393 2491 456 praeceptum
2524 399 2658 442 sane
2686 400 2856 441 unum
2892 352 3298 458 perfectionem
3347 391 3513 446 animi

243 479 400 552 [καὶ]
428 479 527 549 τὴν
558 479 620 530 ἐκ
647 475 850 548 χρυσοῦ
884 476 980 529 καὶ
998 475 1160 529 λίθων
1187 474 1383 545 τιμίων
1402 475 1690 546 οἰκοδομὴν
1716 477 1833 528 ἐπιδ

241 569 467 624 θέσθαι.
501 567 653 621 Οὕτω
683 567 792 638 γάρ
822 567 890 621 τὰ
913 565 1049 638 ἔργα
1082 566 1192 619 τῶν
1221 566 1448 619 ἐντολῶν
1488 567 1832 637 ὀνομάζεται,

241 660 400 714 κατά
427 659 518 713 τὸν
539 658 760 711 εἰπόντα
805 659 1117 729 Προφήτην,
1141 659 1223 711 ὅτι
1250 677 1268 709 ι
1317 658 1608 730 Ἠγάπησα
1631 659 1729 724 τὰς
1750 662 1836 712 ἐν·

243 753 414 816 στολάς
426 769 517 805 σου
539 751 680 822 ὑπὲρ
691 750 934 822 χρυσίον,
948 749 1043 802 καὶ
1063 748 1208 801 λίθον
1223 749 1399 820 τίμιον
1419 749 1604 804 πολύν.
1629 769 1647 802 ι
1669 752 1833 805 Ὑπο-

246 845 452 897 κείσθω
481 843 662 896 τοίνυν
689 843 809 895 ἀντὶ
833 840 1082 911 θεμελίου
1107 840 1251 904 τινὸς
1270 841 1348 911 τῷ
1375 843 1494 895 κατ’
1516 842 1713 914 ἀρετὴν
1736 842 1835 914 βίῳ

245 939 282 1008 η
329 936 456 1006 περὶ
487 936 591 1006 τὴν
632 934 932 1004 παρθενίαν
980 934 1221 1005 σπουδήο
1271 934 1729 1004 ὲποικοδομείσθω
1776 935 1834 989 δὲ

244 1029 323 1100 τῷ
351 1028 586 1098 θεμελίῳ
610 1025 786 1096 τούτῳ
813 1026 990 1080 πάντα
1011 1026 1079 1080 τά
1104 1026 1242 1097 ἔργα
1267 1026 1368 1096 τῆς
1389 1027 1609 1096 ἀρετῆς.
1639 1028 1702 1080 Ei
1724 1026 1834 1098 γὰρ

245 1121 344 1173 καὶ
375 1119 578 1188 σφόδρα
598 1117 756 1170 τοῦτο
786 1117 963 1188 τίμιον
985 1117 1079 1171 καὶ
1101 1117 1400 1188 θεοπρεπὲς
1419 1113 1558 1170 εἶναι
1582 1118 1833 1172 πιστεύε-

241 1227 356 1274 ται,
398 1210 586 1280 ῶσπερ
617 1205 712 1262 οὖν
759 1208 855 1262 καὶ
913 1207 1026 1261 ἔστι
1075 1208 1172 1260 καὶ
1219 1209 1604 1262 πεπίστευταιο
1635 1209 1750 1262 ἀλλ’
1783 1213 1833 1264 εἰ

243 1301 323 1370 μὴ
345 1301 439 1352 καὶ
463 1301 583 1363 ὅλος
603 1302 631 1353 6
659 1299 775 1369 βίος
803 1297 978 1368 τούτῳ
1010 1298 1295 1369 συμϐαίνοι
1324 1300 1402 1370 τῷ
1422 1300 1828 1371 κατορθώματι,

241 1393 622 1463 ἐπιμολύνοιτο
652 1395 720 1463 τῇ
747 1391 934 1445 λοιπὸν
957 1392 1056 1463 τῆς
1078 1394 1256 1464 ψυχῆς
1286 1394 1501 1466 ἀταξίᾳ,
1535 1395 1692 1448 τοῦτό
1716 1398 1831 1449 ἐστι

239 1483 302 1536 τὸ
328 1483 550 1537 ἐνώτιον
577 1487 755 1538 ἐκεῖνο
778 1484 839 1538 τὸ
871 1485 928 1536 ὲν
956 1487 1023 1555 τῇ
1057 1485 1164 1554 ῥινὶ
1196 1487 1294 1556 τῆς
1325 1486 1471 1550 συὸς,
1498 1487 1531 1558 ἢ
1570 1490 1598 1540 6
1624 1505 1833 1558 μαργαο

241 1577 404 1647 ρίτης
446 1579 475 1630 6
519 1578 576 1630 ἐν
610 1580 725 1640 τοῖς
770 1578 900 1630 ποσὶ
941 1578 1051 1630 τῶν
1092 1577 1293 1648 χοίρων
1327 1579 1826 1650 καταπατούμενος.

254 1665 420 1722 ’Δλλά
450 1668 580 1739 περὶ
613 1668 707 1738 μὲν
735 1666 942 1722 τούτων
971 1663 1228 1723 τοσαῦτα.

832 1950 1084 2004 ΚΕΦΑΛ.
1129 1951 1234 2006 1Η’.

240 2061 414 2127 Μόνη
443 2061 483 2128 ἡ
511 2060 720 2132 ἀρετὴ,
750 2061 868 2114 κᾶν
904 2061 1153 2130 τέλειος.
1192 2061 1375 2117 οὐδὲν
1404 2064 1629 2132 ὠφελεῖ
1650 2064 1729 2132 τῷ
1760 2068 1828 2122 ἐν

490 2130 636 2185 πᾶσι
664 2130 782 2199 τὴν
806 2132 1029 2200 ἀρετὴν
1049 2136 1160 2188 οὐκ
1196 2130 1576 2202 ἀσκουμένῳ.

305 2224 372 2276 Ei
398 2222 456 2276 δέ
485 2241 568 2287 τις
597 2227 728 2295 παρ’
766 2224 918 2278 οὐδὲν
959 2229 1192 2279 ποιεῖται
1239 2225 1302 2279 τό
1339 2226 1414 2299 μὴ
1456 2229 1826 2300 συνηρμόσθαι

229 2315 341 2368 τινὶ
366 2314 458 2367 διὰ
481 2315 595 2367 τῶν
623 2315 972 2387 καταλλήλων
993 2317 1084 2372 τὸν
1109 2317 1244 2388 βίον,
1271 2319 1340 2373 τὰ
1367 2321 1426 2372 ὲν
1449 2319 1528 2391 τῷ
1553 2322 1687 2392 οἴκῳ
1711 2323 1829 2375 ἐαυ-

233 2405 330 2458 τοῦ
352 2406 698 2476 θεασάμενος
718 2407 1061 2478 παιδευθήτω
1089 2411 1217 2482 περὶ
1241 2410 1335 2464 τοῦ
1357 2411 1644 2482 δόγματος.
1670 2416 1830 2467 Δοκεῖ

235 2497 346 2565 γάρ
382 2515 498 2567 μοι,
529 2497 777 2569 καθάπερ
811 2499 904 2552 ἐπὶ
931 2503 1028 2571 τῆς
1058 2501 1193 2565 ίδίας
1217 2503 1483 2574 οἰκήσεως
1507 2505 1535 2557 6
1563 2505 1656 2560 τοῦ
1676 2505 1826 2560 οἴκου

230 2591 508 2661 δεσπότης
537 2591 639 2644 οὐκ
671 2591 1010 2658 ἀποδέξεται,
1047 2592 1269 2664 ἀπρεπῆ
1314 2594 1408 2646 καὶ
1441 2597 1724 2666 ἀσχήμονα
1758 2595 1827 2649 τὰ

233 2681 294 2732 ἐν
340 2683 409 2751 τῇ
450 2682 604 2753 οξκίᾳ
637 2681 874 2751 βλέπειν,
915 2683 948 2753 ἢ
1001 2683 1189 2754 κλίνην
1234 2686 1740 2758 ἀνατετραμμένην,
1789 2689 1822 2759 ἢ

233 2772 422 2843 πλήρη
459 2773 668 2842 κόπρου
711 2773 811 2844 τὴν
846 2773 1210 2846 τράπεζαν,ἢ
1263 2776 1330 2829 τὰ
1371 2777 1471 2847 μὲν
1514 2778 1670 2848 τίμια
1718 2780 1825 2833 τῶν

233 2863 452 2916 σκευῶν
485 2866 544 2916 ἑν
567 2867 835 2936 ῥυπαροῖς
853 2882 961 2917 τισι
988 2866 1174 2930 τόποις
1197 2868 1585 2939 ἀπερῤιμμένα
1602 2887 1616 2899 ·
1649 2871 1747 2923 ὅσα
1767 2869 1824 2923 δὲ

230 2955 374 3024 πρδς
404 2954 507 3016 τὰς
534 2954 892 3026 ἀτιμοτέρους
920 2956 1224 3027 ὑπηρεσίας
1249 2958 1414 3017 ἐστὶν,
1448 2961 1506 3011 ἐν
1530 2959 1825 3030 ὀφθαλμοῖς

1940 475 2008 530 ad
2037 491 2163 532 eum
2190 476 2374 543 ducit,
2402 493 2565 548 quem
2597 493 2698 534 nos
2727 480 3030 549 quaerimus
3049 519 3064 544 ,
3108 479 3330 535 modum
3361 498 3376 547 ;
3419 482 3514 536 sed

1931 567 2141 636 jactum
2170 583 2294 625 esse
2318 577 2536 639 oportet
2560 570 2717 640 plane
2743 569 3158 626 fundamentum
3181 612 3196 637 ,
3227 580 3392 640 atque
3421 587 3516 626 su-

1937 673 2034 728 per
2062 673 2289 727 aurum,
2323 669 2381 714 ut
2409 661 2487 714 ait
2514 660 2850 731 Apostolus,
2884 672 2937 718 et
2981 661 3191 732 lapides
3236 663 3514 732 pretio-os

1936 751 2224 806 aedilicium
2269 752 2593 808 struendum
2633 761 2719 808 est
2765 751 2854 808 ³⁶ε
2901 753 2976 808 ita
3037 755 3181 809 enim
3226 754 3512 808 mandato-

1937 857 2058 898 rmn
2089 858 2252 914 opera
2283 843 2555 914 Propheta
2583 845 2876 914 appellavit
2911 846 2997 901 his
3031 847 3210 901 verbis
3237 864 3251 900 :
3283 865 3300 897 ι
3337 846 3508 900 Dilcxi

1937 930 2195 986 mandata
2231 939 2322 986 tua
2353 947 2520 1002 super
2560 945 2790 997 aurum,
2835 943 2890 989 et
2931 935 3164 1004 lapidem
3207 936 3508 1005 pretiosum

1935 1019 2166 1074 multum
2199 1020 2263 1074 ³⁷.
2297 1040 2315 1073 ι
2345 1023 2521 1091 Atque
2548 1037 2646 1092 pro
2671 1023 2854 1094 aliquo
2892 1026 3112 1095 quidem
3154 1025 3511 1080 fundamento

1936 1109 2009 1164 sit
2038 1110 2285 1166 honestae
2315 1113 2441 1167 vitae
2473 1115 2816 1184 propositum
2851 1116 3097 1170 studium
3133 1117 3508 1187 virginitatis;

1933 1208 1988 1255 et
2017 1217 2183 1272 super
2209 1203 2328 1264 hoc
2372 1203 2787 1260 fundamentum
2833 1218 3031 1262 cuncta
3075 1209 3298 1266 virtutis
3343 1225 3508 1280 opera

1932 1300 2316 1349 exstruuntur.
2349 1294 2465 1353 Etsi
2494 1298 2641 1352 enim
2673 1299 2833 1354 valde
2861 1299 3155 1355 honestum
3186 1304 3290 1355 hoc
3318 1309 3372 1356 et
3401 1300 3510 1354 Deo

1933 1385 2265 1440 conveniens
2305 1401 2430 1442 esse
2468 1389 2734 1454 creditur,
2768 1398 2827 1444 ut
2859 1406 2990 1446 sane
3015 1399 3069 1445 et
3099 1399 3219 1456 est,
3251 1401 3309 1447 et
3337 1393 3510 1447 credi-

1932 1474 2120 1529 ditur:
2152 1478 2261 1533 nisi
2295 1489 2478 1545 tamen
2509 1480 2636 1535 huic
2670 1484 2935 1552 praeclaro
2961 1483 3140 1538 ollieio
3183 1483 3292 1538 vita
3326 1485 3507 1538 omnis

1932 1568 2296 1637 respondeat,
2329 1583 2423 1625 aut
2452 1574 2500 1628 si
2533 1574 2742 1644 reliqua
2774 1575 2941 1628 animi
2987 1576 3400 1645 perturbatione
3431 1576 3509 1630 in-

1933 1657 2238 1727 quinetur;
2273 1658 2405 1713 illud
2434 1662 2648 1715 aurium
2677 1672 3058 1718 ornamentum
3090 1672 3210 1729 est,
3261 1663 3407 1734 quod
3451 1664 3508 1719 in

1861 1729 1902 1783 Β
1933 1755 2113 1804 rostro
2154 1749 2306 1815 suis,
2338 1758 2433 1804 ant
2463 1752 2757 1822 margarita
2781 1794 2798 1820 ,
2829 1769 2950 1824 qua:
2981 1753 3054 1808 sit
3099 1769 3388 1824 porcorum
3419 1771 3510 1826 pe-

1928 1838 2095 1896 dibus
2128 1841 2474 1910 proculcata.
2510 1839 2615 1898 Sed
2645 1842 2712 1898 de
2743 1844 2829 1898 his
2857 1844 3078 1913 quidem
3111 1845 3399 1909 hactenus.

2488 1953 2718 2010 CAPUT
2757 1955 2945 2012 XVIII.

1927 2059 2056 2116 Sola
2089 2062 2273 2126 virtus,
2309 2063 2468 2136 etiam
2501 2065 2751 2134 perfecta,
2784 2067 2917 2121 nihil
2952 2067 3163 2121 omnino
3194 2068 3404 2134 prodest
3437 2069 3507 2136 ei,

2207 2135 2298 2203 qui
2325 2135 2377 2188 in
2404 2137 2644 2189 omnibus
2673 2138 2917 2190 virtutem
2949 2155 3050 2190 non
3079 2139 3223 2193 coiit.

2000 2223 2057 2276 Si
2088 2239 2220 2279 vero
2247 2226 2370 2294 quis
2395 2241 2492 2295 pro
2523 2227 2695 2282 nihilo
2729 2236 2883 2297 putat
2941 2229 3064 2282 vitae
3094 2244 3208 2283 suae
3241 2239 3507 2286 rationem

1927 2317 2168 2386 cuipiam
2193 2317 2427 2373 invicem
2461 2321 2904 2384 accommodare,
2956 2336 3043 2376 res
3085 2336 3216 2376 suas
3246 2322 3508 2378 domesti-

1927 2423 2023 2462 cas
2050 2412 2455 2479 contemplatus
2484 2412 2550 2465 ad
2592 2412 2696 2467 hoc
2734 2421 3064 2484 prazceptnm
3094 2414 3401 2472 erudiatur.
3439 2415 3506 2470 Ut

1927 2502 2074 2556 enim
2109 2503 2507 2572 paterfamilias
2557 2505 2706 2558 domi
2760 2521 2873 2560 sua:
2931 2521 3196 2576 passurus
3233 2507 3362 2560 mihi
3396 2523 3506 2562 non

1928 2590 2168 2655 videtur,
2203 2599 2259 2645 ut
2287 2606 2374 2646 res
2407 2591 2603 2656 foedas,
2640 2606 2703 2646 ac
2731 2601 2918 2662 turpes
2949 2603 3160 2656 cernat,
3193 2594 3360 2646 veluti
3397 2609 3506 2647 non

1927 2692 2160 2737 stratum
2197 2683 2417 2744 lectum,
2451 2694 2547 2737 aut
2581 2699 2827 2739 mensam
2858 2685 3102 2739 sordium
3146 2685 3383 2754 plenam,
3410 2692 3508 2738 aut

1925 2787 2058 2828 vasa
2105 2775 2344 2844 pretiosa
2397 2789 2521 2845 qua:
2568 2775 2752 2844 aliquo
2787 2775 3038 2844 conjecta
3073 2775 3204 2838 sint,
3256 2775 3346 2828 ubi
3384 2790 3508 2830 sor-

1926 2864 2076 2919 dium
2101 2867 2243 2921 situs
2265 2874 2388 2930 est;
2424 2881 2546 2937 qua:
2584 2880 2710 2920 vero
2745 2876 2875 2919 sunt
2918 2867 2986 2920 ad
3015 2882 3146 2922 usus
3187 2869 3372 2922 minus
3401 2866 3504 2922 ho-

1927 2965 2115 3012 nestos
2137 2960 2547 3013 accommodata
2571 2959 2624 3012 in
2645 2960 2822 3014 oculis
2851 2960 3170 3013 adeuntium
3205 2960 3296 3014 illa
3326 2961 3503 3030 posita

231 3047 581 3116 προκείμενα
620 3047 728 3099 τῶν
756 3047 1032 3100 εἰσιόντων
1053 3064 1064 3077 ·
1089 3048 1226 3105 ἀλλὰ
1266 3050 1443 3104 πάντα
1474 3053 1824 3123 εὐσχημόνως

1928 3049 2070 3116 sint;
2107 3049 2200 3105 sed
2237 3057 2362 3119 apte
2384 3051 2474 3104 ille
2507 3061 2671 3120 atque
2701 3050 2894 3106 ordine
2919 3059 3068 3106 recto
3101 3059 3299 3106 cuncta
3334 3055 3505 3106 collo-

230 3138 329 3189 καὶ
360 3137 508 3191 κατά
539 3137 695 3203 τάξιν
718 3138 818 3208 τὴν
851 3139 1166 3208 πρέπουσαν
1194 3139 1418 3205 διαθεὶς,
1454 3143 1548 3195 καὶ⁵
1589 3144 1824 3216 ἑκάστην

231 3233 587 3305 ἁρμόζουσαν
609 3235 842 3299 ἀποδοὺς
869 3233 1075 3306 χώραν,
1107 3235 1326 3308 θαρῤῶν
1349 3235 1669 3309 ἀποδέχεται
1699 3239 1825 3301 τοὺς

233 3328 719 3398 ἐπιξενουμένους·
770 3328 847 3391 ὡς
895 3327 1151 3398 οὐδεμίαν
1194 3326 1458 3399 αἰσχύνην
1499 3329 1749 3399 ὀφλήσων
1775 3330 1824 3381 εί

233 3438 364 3486 quva
376 3421 445 3490 ρά
469 3419 701 3489 γένοιτο,
728 3420 876 3482 ὅπως
903 3418 1053 3490 αὐτῷ
1080 3419 1147 3473 τὰ
1177 3418 1320 3475 κατά
1347 3421 1446 3491 τὴν
1481 3420 1660 3474 οἰκίαν
1687 3418 1820 3490 ἔχοι·

230 3511 405 3576 οὕτως
449 3509 608 3582 οἶμαι
654 3511 851 3584 χρῆναι
883 3512 977 3564 καὶ
1013 3510 1104 3564 τὸν
1130 3511 1225 3565 τοῦ
1267 3511 1624 3583 σκηνώματος
1666 3515 1824 3584 ημῶν

229 3605 624 3674 οἰκοδεσπότην
663 3607 755 3658 καὶ
799 3603 1101 3673 οἰκονόμον,
1141 3605 1231 3658 τὸν
1275 3604 1400 3659 νοῦν
1431 3603 1593 3673 λέγω,
1630 3607 1737 3659 πᾶν
1762 3606 1824 3660 τὸ

232 3698 286 3749 ἐν
313 3698 453 3768 ἡμῖν
487 3691 549 3748 εὖ
577 3694 927 3761 διατίθεσθαι,
955 3694 1159 3766 ἑκάστῃ
1183 3712 1242 3748 τε
1271 3695 1379 3750 τῶν
1400 3695 1500 3766 τῆς
1529 3694 1708 3767 ψυχῆς
1731 3697 1824 3750 δυ-

227 3787 478 3856 νάμεων,
518 3785 585 3845 ἀς
615 3786 733 3837 ἀντὶ
758 3784 1006 3856 ὀργάνων
1039 3784 1135 3838 καὶ
1179 3784 1389 3838 σκευῶν
1431 3786 1458 3838 6
1481 3787 1824 3858 Δημιουργὸς

231 3875 358 3946 ἡμῖν
379 3875 794 3942 ἐνετεκτὴνατο,
824 3874 1038 3937 οἰκείως
1065 3873 1160 3928 καὶ
1185 3874 1322 3944 πρὸς
1341 3874 1402 3927 τὸ
1424 3875 1588 3928 καλὸν
1622 3880 1823 3947 κεχρῆ-

234 3967 375 4020 σθαι.
415 3966 486 4019 El
519 3963 576 4017 δὲ
603 3966 678 4035 μὴ
705 3965 968 4038 φλυαρίαν
991 3965 1116 4019 τινὰ
1144 3966 1240 4019 καὶ
1269 3965 1586 4036 ἀδολεσχίαν
1616 3967 1710 4021 τοῦ
1737 3967 1824 4021 λό-

228 4074 326 4122 γου
358 4075 448 4120 τις
484 4057 914 4126 καταγινώσκοι,
960 4059 1238 4129 εἰρήσεται
1274 4058 1369 4111 καὶ
1398 4057 1521 4112 καθ’
1569 4059 1818 4123 ἕκαστον,

223 4149 375 4212 ὅπως
403 4149 474 4202 ἂν
507 4149 624 4212 τοῖς
644 4149 909 4221 παροῦσιν
941 4147 1092 4219 αὐτῷ
1110 4147 1413 4221 χρώμενος,
1439 4149 1576 4222 πρὸς
1601 4150 1662 4203 τὸ
1684 4166 1822 4219 συμ-

219 4240 390 4311 φέρον
415 4239 573 4310 αὒτῷ
598 4240 690 4293 τὸν
721 4239 835 4310 βίον
863 4241 1262 4312 οἰκονομήσειε.
1301 4241 1490 4312 Φαμὲν
1519 4242 1700 4296 τοίνυν
1722 4241 1820 4312 τὴν

205 4332 327 4415 μὲν
361 4331 670 4402 ἐπιθυμίαν
709 4331 819 4385 δεῖν
849 4333 906 4384 ἐν
932 4330 1159 4403 καθαρῴ
1183 4331 1285 4404 τῆς
1311 4332 1493 4406 ψυχῆς
1527 4333 1819 4404 ἱδρυσάμε-

1927 3139 2126 3204 cando,
2159 3154 2432 3209 suumque
2471 3140 2670 3209 cuique
2697 3141 2772 3194 rei
2804 3141 2982 3194 locum
3027 3140 3348 3202 tribuendo;
3377 3156 3502 3194 cum

1925 3233 2268 3300 exploratum
2303 3232 2502 3285 habeat
2540 3246 2650 3300 quo
2678 3232 2871 3285 ordine
2919 3246 3004 3285 res
3037 3231 3184 3284 domi
3225 3247 3340 3286 sua:
3369 3232 3503 3298 sint,

1928 3329 2040 3374 tum
2074 3321 2260 3375 fidenti
2289 3323 2498 3388 animo,
2527 3323 2688 3392 quasi
2733 3323 2888 3377 nullo
2920 3324 3126 3392 pudore
3166 3325 3500 3390 prohibitus,

1925 3411 2175 3481 hospites
2204 3426 2269 3465 ac
2307 3412 2631 3482 peregrinos
2684 3413 2958 3482 excipiet:
2991 3413 3181 3467 eodem
3214 3412 3377 3468 modo
3405 3419 3505 3467 do-

1926 3502 2114 3555 micilii
2155 3505 2327 3558 nostri
2355 3502 2579 3557 domino
2611 3517 2674 3556 ac
2703 3503 3060 3567 moderatori,
3100 3519 3296 3574 nempe
3333 3507 3504 3558 ratio-

1925 3592 2002 3657 ni,
2037 3591 2304 3662 agendum
2337 3607 2461 3647 esse
2507 3593 2785 3657 arbitror;
2817 3601 2898 3659 ut,
2934 3607 3054 3663 qua:
3085 3594 3139 3646 in
3172 3593 3332 3649 nobis
3373 3600 3506 3671 sun'.

1921 3685 2107 3738 omnia
2139 3693 2290 3738 recte
2322 3683 2596 3747 instituat,
2636 3683 2976 3754 singulisque
3013 3685 3183 3738 animi
3219 3684 3506 3755 potestati-

1922 3775 2049 3839 bus,
2093 3791 2232 3845 quas
2287 3783 2342 3829 et
2395 3790 2497 3846 pro
2528 3776 2915 3833 instrumentis
2952 3783 3007 3830 et
3058 3776 3202 3831 vasis
3252 3791 3503 3832 summus

1922 3877 2126 3923 nostra:
2157 3875 2366 3922 natura:
2396 3867 2580 3939 opifex
2615 3868 2922 3924 fabricatus
2954 3879 3060 3933 est,
3099 3869 3166 3925 iis
3195 3879 3322 3940 apte
3349 3877 3404 3925 et
3432 3869 3500 3924 ad

1921 3955 2264 4015 honestatem
2305 3971 2511 4016 utatur.
2547 3962 2617 4014 At
2639 3976 2770 4016 vero
2798 3961 2936 4030 jam,
2972 3963 3076 4016 nisi
3111 3963 3236 4032 quis
3271 3964 3502 4033 nugaci-

1921 4052 2049 4107 tatis
2095 4059 2149 4106 et
2188 4053 2532 4122 garrulitatis
2573 4068 2675 4108 nos
2713 4053 3059 4118 condemnet,
3094 4054 3374 4123 sigillatim
3407 4069 3503 4106 ex-

1921 4145 2268 4214 plicabimus,
2294 4159 2405 4214 quo
2437 4154 2600 4213 pacto
2642 4159 2777 4198 usus
2809 4145 2935 4212 quis
2976 4144 3160 4197 insitis
3196 4143 3299 4198 subi
3337 4145 3500 4200 rebus

1922 4238 2087 4291 vitam
2119 4253 2282 4307 quam
2341 4237 2637 4292 utilissime
2681 4242 2996 4306 componat.
3036 4235 3223 4306 Itaque
3259 4237 3498 4293 dicinms

1920 4337 2179 4397 oportere
2240 4343 2364 4383 eum
2409 4330 2710 4399 appetitum
2768 4328 2822 4382 in
2875 4327 3042 4381 animi
3090 4344 3230 4397 puro
3273 4331 3499 4385 dedica-

200 4404 316 4476 ξιον
341 4423 514 4494 ἔχειν,
557 4423 748 4494 ὥσπερ
775 4441 827 4476 τι
867 4423 1125 4496 ἀνάθημα
1162 4425 1196 4496 ἢ
1241 4404 1499 4496 ἀπαρχὴν
1532 4423 1642 4478 τῶν
1672 4425 1815 4478 ἰδίων

1927 4429 2061 4486 ιιιιιι,
2095 4421 2244 4476 velut
2299 4420 2589 4475 donarium
2639 4419 2914 4490 quoddam
2951 4435 3014 4475 ac
3045 4420 3312 4476 bonorum
3365 4439 3497 4478 suo-

187 4513 446 4582 ἀγαθῶν
478 4513 732 4581 ἐξελόντα
761 4513 902 4585 Θεῷ,
943 4515 1330 4587 ἀφιερώσαντά
1352 4531 1412 4568 τε
1437 4515 1609 4584 αὐτὴν
1645 4513 1812 4580 ἅπαξ,

179 4607 508 4674 ἀνέπαφόν
537 4622 594 4658 τε
627 4606 721 4659 καὶ
742 4605 990 4676 καθαρὰν
1022 4606 1421 4675 διαφυλάττειν,
1463 4605 1714 4677 μηδαμοῦ
1748 4609 1814 4676 τῇ

173 4699 366 4751 κατᾶ
400 4698 496 4748 τὸν
545 4695 659 4764 βίον
690 4695 932 4767 ῥυπαρία
974 4695 1362 4766 μολυνομένην.
1402 4695 1504 4748 Τὸν
1532 4695 1590 4747 δὲ
1622 4695 1814 4766 θυμὸν,

169 4787 322 4844 καὶ
354 4789 450 4856 τὴν
496 4787 689 4855 ὀργὴν,
733 4787 827 4839 καὶ
872 4787 933 4839 τὸ
965 4789 1140 4856 μῖσος,
1168 4786 1421 4858 καθάπερ
1465 4784 1634 4849 κύνας
1664 4786 1816 4850 τινὰς

159 4878 535 4948 πυλωροὺς,
579 4877 714 4948 πρὸς
755 4878 924 4948 μόνην
965 4877 1324 4949 ἐγρηγορέναι
1356 4876 1456 4948 τὴν
1495 4877 1597 4946 τῆς
1629 4878 1802 4949 ἀμαρ-

148 4975 345 5033 τίας
379 4968 718 5033 ἀντίστασιν,
751 4970 844 5022 καὶ
873 4970 1013 5022 κατά
1043 4968 1135 5022 τοῦ
1164 4969 1398 5022 κλέπτου
1427 4971 1521 5022 καί
1550 4969 1812 5041 πολεμίου

149 5059 528 5134 κεχρῆσθαι
565 5061 635 5128 τῇ
664 5057 845 5126 φύσει,
879 5058 938 5121 ὃς
983 5059 1074 5111 ἐπὶ
1117 5057 1264 5129 λύμῃ
1292 5056 1387 5110 τοῦ
1433 5057 1576 5111 θείου
1605 5057 1811 5128 θησαυ-

151 5153 298 5228 ροῦ
350 5147 764 5249 παρεισδύειται,
789 5147 899 5249 ,καὶ
938 5148 1026 5249 διὰ
1057 5147 1227 5249 τοῦτο
1258 5147 1497 5249 ἔρχεται,
1531 5149 1824 5249 ίιλαᾼιιλέψτς

145 5247 286 5300 καὶ
341 5241 491 5311 Θῦσῃ
515 5241 610 5292 καὶ
635 5239 876 5312 ἀπολέσῃ
895 5255 910 5270 ·
936 5238 1033 5310 τὴν
1052 5239 1107 5292 δὲ
1133 5237 1383 5310 ἀνδρείαν
1412 5241 1504 5294 καὶ
1531 5240 1594 5293 τὸ
1613 5239 1812 5312 θάρσος

151 5336 326 5391 ἀντὶ
359 5331 537 5384 ὅπλου
564 5331 704 5395 τινὸς
735 5330 825 5384 διὰ
849 5330 1027 5401 χειρὸς
1052 5329 1261 5400 φέρειν,
1295 5329 1432 5400 πρὸς
1458 5330 1518 5383 τὸ
1541 5330 1614 5403 μὴ
1647 5347 1813 5404 πτόης

159 5424 379 5497 βῆναί
419 5438 556 5474 ποτε
603 5423 829 5492 πτόησιν
869 5419 1224 5484 ἐπελθοῦσαν,
1264 5421 1356 5474 κα)⁴
1388 5419 1563 5490 ὁρμὰς
1602 5422 1812 5476 ἀσεϐῶν

163 5515 602 5590 ἐπερχομένας
622 5529 634 5540 °
665 5513 838 5567 ἐλπίδι
863 5513 919 5567 δὲ
943 5512 1039 5565 καὶ
1065 5513 1312 5585 ὑπομονῇ
1339 5513 1459 5566 ἀντὶ
1488 5512 1809 5587 βακτηρίας,

291 5672 374 5709 ⁸⁸
410 5669 432 5724 1
462 5670 596 5725 Cor.
630 5685 713 5735 ιιι,
757 5669 843 5727 12.
919 5671 963 5704 ⁸⁷
1001 5668 1144 5728 Psal.
1177 5686 1364 5740 cxvm,
1391 5672 1514 5728 127.

1919 4531 2039 4569 rum
2101 4515 2372 4585 primitias
2418 4513 2526 4569 Deo
2553 4529 2865 4585 segregare,
2900 4521 2955 4568 et
3006 4515 3171 4569 semel
3201 4530 3497 4570 consecra-

1921 4613 2033 4658 tum
2072 4606 2337 4659 intactum
2372 4618 2539 4674 porro
2565 4613 2730 4674 atque
2763 4603 3032 4674 integrum
3079 4619 3302 4659 servare
3333 4604 3501 4660 nullis

1919 4697 2043 4749 vitae
2067 4697 2325 4750 sordibus
2349 4695 2808 4750 contaminatum.
2831 4693 3349 4748 Excandeseentiam
3371 4709 3500 4748 vero

1917 4801 1966 4844 et
2002 4789 2139 4842 iram
2171 4797 2228 4843 et
2267 4788 2454 4843 odium
2492 4787 2649 4858 quasi
2682 4801 2847 4842 canes
2896 4787 3110 4856 aliquos
3157 4789 3283 4840 ostii
3313 4798 3496 4842 custo-

1918 4879 2016 4933 des
2051 4879 2118 4933 ad
2165 4879 2338 4934 solam
2383 4879 2594 4949 peccati
2630 4879 3048 4949 repugnantiam
3101 4878 3158 4932 in
3208 4879 3414 4949 vigilia,
3445 4889 3500 4936 et

1919 4973 2163 5027 statione
2215 4987 2477 5036 manere,
2515 4972 2890 5041 adversusque
2944 4970 3121 5026 furem
3169 4982 3224 5027 et
3283 4974 3496 5028 hostem

1921 5071 2120 5117 natura
2148 5077 2272 5116 eum
2304 5078 2466 5119 usum
2499 5077 2640 5125 esse,
2674 5063 2768 5132 qui
2818 5064 2870 5116 in
2899 5062 3068 5118 divini
3099 5064 3341 5118 thesauri
3375 5079 3500 5134 per-

1918 5154 2116 5208 niciem
2145 5154 2350 5207 aditum
2387 5154 2492 5208 sibi
2523 5152 2674 5218 facit,
2708 5163 2870 5225 atque
2898 5155 2969 5208 ob
2998 5170 3115 5209 eam
3145 5171 3366 5210 causam
3402 5171 3498 5210 ve-

1929 5248 2033 5308 nit.
2071 5255 2129 5300 ut
2162 5246 2396 5309 furetur,
2433 5252 2487 5298 et
2516 5255 2740 5306 mactet.
2777 5257 2832 5302 et
2873 5247 3096 5317 perdat;
3135 5262 3230 5316 pro
3257 5248 3366 5301 telo
3391 5247 3495 5300 ali-

1920 5351 2031 5406 quo
2055 5333 2367 5398 audaciam,
2397 5343 2453 5389 et
2494 5335 2873 5391 fortitudinem
2909 5339 3116 5392 aderat
3163 5346 3402 5408 oportet,
3429 5353 3498 5392 ne

1921 5429 2028 5482 ulla
2063 5426 2375 5492 formidine,
2407 5442 2531 5498 qua:
2571 5427 2798 5490 incidat,
2842 5438 2936 5484 aut
2981 5431 3179 5485 subitis
3206 5431 3495 5500 impiorum

1919 5519 2212 5576 affectibus
2245 5521 2466 5576 animus
2489 5528 2907 5592 conslcrnetur;
2947 5537 3043 5591 spe
3077 5531 3252 5578 autem
3280 5530 3335 5579 et
3368 5528 3503 5582 tole-
