3896 6204
373 255 473 315 39!

1602 261 1659 318 S.
1699 260 2028 321 GREGORII
2054 262 2353 322 NYSSENI

2413 161 2471 173 vc.

3508 278 3611 334 392

378 378 557 433 rantia
581 377 739 448 quasi
764 376 964 433 baculo
995 376 1179 443 inniti,
1207 379 1254 435 si
1293 379 1516 450 quando
1539 381 1663 451 quis
1689 383 1933 437 tentatio-

2047 384 2231 439 εἴποτε
2249 386 2362 447 τοῖς
2391 352 2715 456 πειρασμοῖς
2736 384 2924 455 κάμοι,
2954 384 3411 456 ὕποπηρίξεσθαι
3431 402 3445 417 ·
3470 390 3533 444 τὸ
3553 393 3610 447 δὲ

378 471 543 526 nibus
605 469 966 540 defatigatur;
1033 470 1088 523 in
1154 472 1403 540 peccatis
1452 487 1582 526 vero
1612 475 1946 542 paenitentiae

378 571 622 631 tempore
654 564 700 618 si
737 578 839 619 usu
882 564 1112 626 venerit,
1143 562 1356 618 doloris
1392 563 1696 618 remedium
1729 579 1943 634 parare,

377 665 541 727 atque
569 657 852 719 adhibere.
879 658 1034 728 quasi
1070 672 1245 728 neque
1288 658 1391 711 hoc
1420 658 1558 711 alias
1596 658 1730 712 utile
1759 659 1853 723 sit,
1882 673 1945 713 ac

2044 478 2144 547 τῆς
2180 475 2356 547 λύπης
2404 476 2590 546 κτῆμα
2629 476 2806 546 καιρῷ
2845 477 3132 546 μετανοίας
3159 478 3251 532 επὶ
3277 480 3608 552 ἁμαρτήμα-

2046 585 2149 634 σιν,
2185 568 2233 620 εί
2257 568 2431 637 τύχοι,
2460 567 2587 620 ποτὲ
2614 566 2848 638 συμϐάν,
2882 566 3340 639 προχειρίζεσθαι,
3369 571 3448 635 ὡς
3467 572 3617 626 οὐδὲ·

2044 675 2173 711 ποτε
2202 658 2468 730 χρήσιμον
2500 656 2611 727 ὃνῆ
2648 658 2785 729 πρὸς
2812 660 2912 730 τὴν
2938 660 3195 733 τοιαύτην
3227 663 3395 735 μόνην
3420 665 3618 738 ὑπηρε·

375 748 632 811 salutare,
682 748 785 802 nisi
850 749 917 803 ad
981 749 1157 803 solum
1232 747 1546 817 hujusmodi
1614 750 1933 819 pmnitentia

2046 750 2186 802 σίαν.
2222 749 2285 801 Ἦ
2313 749 2370 801 δὲ
2398 748 2707 821 δικαιοσύνη
2737 749 2890 821 αύτῷ
2913 751 3093 806 κανὼν
3120 753 3413 825 εὐθύτητος
3441 756 3613 822 ἔσται,

375 856 559 894 usum.
590 839 728 895 Tum
762 857 890 896 vero
917 850 1064 895 recta
1108 842 1300 893 horum
1351 842 1540 911 regula
1563 841 1778 910 justitia
1816 843 1941 905 erit,

375 947 499 1001 quae
525 932 704 999 docet,
738 933 866 1002 quid
908 934 960 986 in
994 932 1248 1003 omnibus
1290 940 1345 987 et
1371 932 1536 987 dictis
1586 944 1639 989 et
1674 933 1836 989 factis
1872 935 1945 989 sit

376 1037 405 1075 a
433 1030 654 1091 peccato
688 1023 948 1087 alienum,
992 1038 1171 1092 quove
1223 1022 1387 1076 modo
1436 1024 1605 1077 animi
1641 1034 1826 1093 partes
1860 1025 1944 1079 in-

301 1171 310 1189 .
373 1114 528 1168 stitui
557 1121 833 1182 oporteat,
865 1128 1040 1183 quave
1082 1116 1314 1177 ratione,
1344 1116 1488 1185 quod
1525 1116 1794 1186 cujusque
1819 1133 1943 1187 pro-

373 1204 551 1275 prium
576 1203 666 1267 sit,
705 1220 805 1274 pro
834 1205 1095 1275 dignitate
1123 1206 1416 1260 tribuatur.
1449 1206 1813 1277 Cupiditatem
1844 1223 1943 1260 au-

371 1301 501 1358 tem,
537 1309 658 1363 qua:
690 1295 741 1347 in
777 1295 898 1364 plus
926 1295 1181 1350 habendo
1204 1297 1379 1365 posita
1405 1306 1508 1363 est,
1538 1299 1764 1352 multam
1792 1298 1940 1352 illam

369 1389 589 1458 quidem
622 1370 687 1441 et
732 1388 1057 1441 immensam
1101 1388 1153 1441 in
1215 1388 1556 1457 singulorum
1617 1390 1839 1453 animis,
1894 1389 1942 1445 si

368 1479 494 1547 quis
543 1477 608 1531 ad
636 1494 778 1543 eam,
820 1494 942 1549 quae
975 1495 1002 1532 a
1037 1479 1148 1532 Deo
1179 1489 1284 1541 est,
1327 1480 1679 1549 appetitionis
1707 1481 1812 1533 vim
1846 1481 1942 1535 ad-

368 1569 591 1631 diderit,
637 1568 683 1623 is
714 1570 766 1622 in
800 1570 902 1623 hac
939 1570 1056 1640 ipsa
1088 1570 1211 1637 plus
1235 1570 1464 1623 habendi
1491 1570 1792 1639 cupiditate
1813 1573 1942 1626 bea-

371 1661 620 1715 tissimus
650 1662 776 1719 erit.
810 1661 923 1715 illic
977 1662 1085 1714 vim
1132 1661 1364 1725 faciens,
1412 1659 1503 1715 ubi
1552 1662 1824 1717 laudabile
1856 1671 1941 1718 est

2041 839 2102 892 τὸ
2124 841 2181 892 ἐν
2205 841 2367 892 παντὶ⁵
2391 839 2682 894 ἄπταιστον
2704 841 2847 912 λόγῳ
2871 859 2930 895 τε
2956 844 3051 897 καὶ
3069 844 3213 916 ἔργῳ
3236 847 3611 920 ὑφηγουμένη,

2042 932 2192 992 ὅπως
2217 948 2276 983 τε
2303 931 2408 1002 χρὴ
2451 932 2518 984 τὰ
2549 934 2605 985 ὲν
2633 935 2699 1003 τῇ
2731 933 2874 1005 ψυχῇ
2913 933 3234 1000 διακεῖσθαι,
3263 938 3362 991 καὶ
3394 938 3513 1002 πῶς
3548 940 3616 994 ἀν

2039 1036 2124 1084 τις
2150 1020 2220 1073 τὰ
2249 1022 2365 1073 κατ’
2394 1018 2548 1084 ἀξίαν
2580 1022 2792 1093 ἑκάστῳ
2815 1024 2990 1094 νέμοι.
3022 1025 3133 1095 Τὴν
3160 1026 3216 1080 δὲ
3245 1027 3341 1081 τοῦ
3368 1029 3613 1093 πλείονος

2043 1111 2244 1180 ἔφεσιν,
2265 1112 2294 1165 δ
2322 1112 2456 1166 πολύ
2482 1131 2540 1167 τε
2573 1113 2667 1167 καὶ
2700 1114 3007 1187 ἀμέτρητον
3029 1117 3271 1185 ἔγκειται
3289 1122 3357 1190 τῇ
3381 1120 3610 1175 ἑκάστου

2041 1202 2209 1273 ψυχῇ,
2240 1204 2308 1272 τῇ
2364 1201 2503 1255 κατὰ
2539 1202 2671 1256 Θεὸν
2709 1203 2974 1276 ἐπιθυμίᾳ
3018 1205 3293 1277 προσθεὶς,
3343 1210 3612 1280 μακάριος

2043 1296 2195 1349 ἔσται
2227 1296 2325 1363 τῆς
2352 1293 2680 1360 πλεονεξίας,
2711 1299 2827 1349 ἐκεῖ
2858 1295 3195 1368 βιαζόμενος,
3230 1300 3363 1353 ὅπου
3392 1301 3613 1354 ἐπαινε-

2040 1388 2133 1441 τὸν
2159 1388 2218 1440 τὸ
2240 1387 2537 1461 βιάζεσθαι.
2570 1388 2769 1458 Σοφίαν
2797 1389 2853 1442 δὲ
2881 1391 2972 1443 καὶ
2993 1392 3253 1463 φρόνησιν
3277 1394 3613 1464 συμϐούλους

2042 1478 2151 1542 seu
2182 1478 2289 1531 τῶν
2323 1479 2730 1549 συμφερόντων,
2765 1480 2859 1534 καὶ
2893 1482 3295 1547 συνδιοικούσας
3333 1484 3483 1553 αύτῷ
3513 1484 3614 1555 τὴν

2042 1567 2208 1636 ζωὴν,
2247 1566 2323 1627 ὡς
2372 1566 2623 1636 μηδαμοῦ
2658 1568 2760 1621 ὑπὸ
2791 1567 3061 1638 ἀμαθείας
3089 1570 3122 1641 ἢ
3156 1570 3469 1642 ἀφροσύνης
3510 1590 3615 1627 πα-

2044 1657 2395 1728 ραδλαϐῆναιο
2428 1657 2477 1708 εί
2508 1656 2565 1709 δὲ
2598 1657 2672 1727 μὴ
2700 1658 2843 1712 κατά
2872 1660 2933 1712 τὸ
2961 1662 3156 1714 οἰκεῖον
3183 1661 3360 1733 χρῷτο
3381 1665 3505 1725 ταῖς
3531 1665 3615 1727 si:

371 1750 476 1803 vim
508 1750 704 1806 facere.
746 1752 910 1820 Atqui
958 1751 1306 1820 sapientiam,
1361 1752 1818 1823 prudentiamque
1850 1771 1933 1809 re-

2045 1745 2303 1816 ρημέναις
2335 1744 2645 1816 δυνάμεσιν,
2678 1747 2790 1800 ἀλλ’
2833 1749 3165 1804 ὑπαλλάσσοι
3204 1751 3354 1821 παρά
3390 1751 3450 1805 τὸ
3473 1751 3613 1817 δέον,

372 1857 493 1895 rum
533 1843 799 1903 omnium,
841 1858 962 1912 quae
1011 1843 1327 1911 expediant,
1379 1844 1747 1899 consultrices
1790 1846 1939 1901 vita:-

371 1947 477 2001 que
507 1947 620 1986 suae
650 1933 1076 1986 cotttubernales
1098 1933 1400 1995 adhibebit,
1434 1944 1493 1989 ut
1521 1936 1671 1989 nullo
1698 1951 1937 2004 unquam

372 2032 615 2093 tempore
642 2024 1053 2096 autimperitia,
1088 2032 1183 2078 aut
1210 2025 1579 2095 imprudentia
1614 2027 1668 2080 in
1697 2041 1938 2081 errorem

367 2112 705 2178 abducatur;
747 2116 834 2167 sin
861 2124 1040 2167 autem
1075 2114 1164 2176 iis,
1195 2128 1335 2183 quas
1360 2116 1808 2178 commemoravi,
1834 2117 1940 2169 vir-

366 2207 579 2259 tutibus
613 2221 786 2275 neque
813 2215 871 2258 ut
910 2221 1006 2274 par
1046 2213 1151 2270 est,
1194 2221 1371 2275 neque
1420 2214 1480 2259 ut
1511 2220 1703 2259 earum
1741 2216 1938 2260 natura

367 2297 632 2367 postulat,
687 2296 811 2364 quis
850 2312 980 2350 usus
1015 2304 1123 2358 est,
1175 2295 1245 2350 ad
1294 2296 1482 2365 idque,
1526 2296 1671 2365 quod
1715 2296 1940 2351 minime

365 2386 544 2449 det-et,
575 2401 763 2439 eat-tun
794 2402 954 2439 usum
987 2387 1285 2451 convertit,
1320 2387 1402 2441 vel
1436 2387 1564 2456 quia
1597 2386 1662 2440 ad
1702 2402 1789 2441 res
1819 2394 1937 2441 tur-

367 2477 632 2548 pissitnas
687 2478 1046 2546 ctipiditatem
1083 2477 1295 2547 adjicit,
1343 2478 1427 2534 vel
1477 2478 1604 2548 quia
1643 2478 1699 2533 in
1730 2479 1938 2533 vicinos

364 2566 551 2619 odium
608 2567 872 2636 concipit,
923 2567 1010 2621 vel
1062 2568 1189 2636 quia
1258 2567 1607 2636 iniquitatem
1656 2569 1808 2629 colit,
1853 2567 1937 2622 vel

365 2656 492 2725 quia
524 2670 583 2709 se
609 2664 805 2710 contra
838 2665 1092 2724 parentes
1128 2672 1311 2712 acrem
1347 2657 1612 2723 ostendit,
1640 2669 1803 2728 atque
1835 2658 1937 2713 ab-

364 2747 534 2801 surda
578 2762 807 2816 quaeque
837 2750 1022 2812 audet,
1069 2749 1363 2818 inaniaque
1396 2756 1615 2819 sperat;
1657 2750 1744 2805 hic
1789 2758 1937 2805 certe

365 2850 491 2891 cum
528 2836 872 2906 prudentiam
910 2846 967 2892 et
1013 2838 1338 2906 sapientiam
1377 2854 1406 2892 a
1441 2839 1807 2894 contubernio
1834 2855 1936 2895 suo

363 2928 614 2998 repellat,
643 2928 937 2997 ingluviem
981 2926 1299 2997 quamdam,
1346 2937 1512 2997 atque
1566 2928 1937 2999 intemperan-

363 3023 507 3074 tiam
529 3020 634 3073 sibi
662 3020 842 3075 socias
873 3019 1122 3088 adjungit
1155 3037 1168 3073 :
1202 3020 1296 3090 qui
1324 3022 1377 3075 si
1410 3021 1464 3074 in
1490 3020 1720 3090 reliquis
1741 3021 1934 3076 eodem

362 3110 528 3165 modo
564 3108 718 3170 facit,
753 3110 997 3165 insulsus
1035 3110 1225 3179 utique
1266 3119 1373 3175 est,
1418 3119 1475 3165 et
1521 3110 1753 3166 monstri
1786 3110 1933 3164 simi-

364 3201 461 3264 lis,
494 3202 568 3253 ita
607 3208 666 3254 ut
691 3200 811 3268 ejus
847 3200 1159 3256 absurditas
1201 3200 1472 3255 declarari
1519 3216 1618 3271 pro
1665 3200 1932 3270 dignitate

361 3305 470 3346 non
498 3291 697 3360 possit.
738 3291 808 3346 Ut
852 3293 1000 3346 enim
1038 3291 1086 3346 si
1135 3292 1263 3360 quis
1317 3292 1639 3362 perturbate
1685 3298 1931 3347 armatus

361 3388 567 3451 galeam
603 3388 862 3445 invertat,
915 3392 969 3436 ut
1014 3390 1070 3436 et
1105 3381 1297 3438 faciem
1332 3393 1498 3454 tegat,
1536 3392 1590 3438 et
1636 3398 1837 3438 conum
1875 3385 1933 3439 in

2039 1838 2138 1908 τὴν
2178 1837 2274 1908 μὲν
2311 1837 2606 1907 ἐπιθυμίαν
2630 1839 2941 1909 ,προστιθεὶς
2966 1843 3078 1905 τοῖς
3114 1842 3442 1912 αἰσχίστοις,
3476 1842 3617 1897 τὸδὲ

2043 1931 2196 1999 μῖσος
2228 1930 2322 1982 ἐπὶ
2350 1930 2474 1993 τοὺς
2504 1928 2808 1999 ὁμοφύλους
2848 1931 3352 2003 προχειριζόμενος·
3382 1934 3619 2003 ἀγαπῶν

2038 2020 2096 2074 δὲ
2123 2020 2222 2090 τὴν
2259 2019 2491 2083 ἀδικίαν,
2523 2020 2618 2075 καὶ
2663 2021 2755 2073 ἐπὶ
2803 2022 2929 2085 τοὺς
2970 2022 3162 2090 γονέας
3212 2023 3618 2095 ἀνδριζόμενος,

2039 2113 2132 2165 καὶ
2155 2111 2368 2182 θαρσῶν
2392 2113 2460 2165 τὰ
2487 2111 2682 2178 ἄτοπα,
2710 2113 2803 2166 καὶ⁵
2826 2113 3059 2177 ἐλπίζων
3078 2114 3145 2166 τά
3167 2114 3388 2183 μάταια,
3410 2115 3623 2187 φρόνη-

2041 2222 2125 2258 σιν
2163 2205 2219 2258 δὲ
2257 2207 2350 2258 καὶ
2384 2205 2576 2274 σοφίαν
2628 2204 2944 2258 ἀπελαύνων
2986 2204 3086 2275 τῆς
3125 2207 3238 2275 μετ’
3271 2205 3435 2259 αὑτοῦ
3484 2222 3619 2258 συν-

2039 2300 2336 2368 οικήσεως,
2382 2297 2712 2368 λαιμαργίαν
2755 2297 2849 2350 καὶ
2902 2295 3210 2366 ἀφροσύνην
3262 2297 3618 2368 προσεταιρί-

2039 2384 2183 2449 ζοιτο
2206 2402 2218 2415 ο
2250 2386 2346 2439 καὶ
2374 2387 2501 2456 περὶ
2528 2386 2636 2438 τῶν
2679 2384 2881 2438 λοιπῶν
2908 2384 3163 2449 ὡσαύτως
3201 2387 3387 2451 ποιῶν,
3413 2386 3618 2451 ἄτοπος

2037 2474 2102 2529 ἂν
2129 2476 2212 2543 εἴη
2232 2492 2316 2538 τις
2340 2477 2432 2528 καὶ
2458 2474 2760 2540 ἀλλόκοτος,
2783 2474 2858 2535 ὡς
2883 2474 3002 2545 μηδ’
3027 2473 3092 2527 ἂν
3109 2476 3281 2526 εἰπεῖν
3304 2475 3465 2540 ἀξίως
3486 2476 3618 2529 τινὰ

2036 2564 2329 2634 δυνηθῆναι
2360 2565 2453 2636 τὴν
2480 2565 2728 2619 ἀτοπίαν.
2757 2564 3022 2636 Καθάπερ
3046 2565 3153 2637 γάρ
3182 2565 3248 2619 ἂν
3273 2567 3324 2620 εί
3351 2583 3432 2629 τις
3456 2566 3619 2621 ἐναλο

2034 2654 2139 2719 λὰξ
2173 2655 2543 2726 όπλιζόμενος,
2598 2655 2924 2725 ἀναστρέψαι
2973 2657 3070 2726 μὲν
3104 2657 3164 2710 τὸ
3215 2657 3435 2729 κράνος,
3468 2657 3615 2712 ὥστε

2037 2744 2334 2800 καλύπτειν
2380 2747 2442 2800 τὸ
2477 2746 2786 2818 πρόσωπον,
2820 2747 2914 2800 καὶ
2944 2747 3120 2802 ὀπίσω
3160 2748 3469 2801 νενευκέναι
3517 2749 3616 2803 τὸν

2036 2837 2217 2906 λόφον,
2254 2838 2380 2901 τοὺς
2403 2837 2456 2890 δὲ
2483 2838 2646 2901 πόδας
2676 2837 2787 2908 ἔχοι
2825 2840 2882 2892 ὲν
2914 2838 3142 2909 θώρακι,
3176 2840 3392 2903 καὶτὰς
3411 2842 3617 2911 κνημῖ-

2036 2929 2132 2992 δας
2164 2929 2461 3000 ἐφαρμόζοι
2492 2930 2568 2999 τῷ
2605 2930 2808 3000 στήθει,
2840 2931 2935 2984 καὶ
2960 2933 3060 2984 ὅσα
3091 2931 3160 2984 τὰ
3190 2931 3290 3001 τῆς
3318 2934 3615 3003 ἀριστερᾶς

2036 3019 2151 3071 ἐστι
2182 3023 2247 3091 τῇ
2276 3017 2425 3088 δεξιᾷ
2449 3019 2873 3090 μεταλαμϐάνοι,
2899 3020 2997 3091 τὴν
3029 3022 3086 3075 δὲ
3118 3021 3226 3073 τῶν
3251 3020 3436 3085 δεξιῶν
3458 3022 3616 3074 ὅπλι-

2039 3127 2122 3164 σιν
2156 3114 2220 3182 τῇ
2253 3112 2515 3182 εὐωνύμῳ
2548 3112 2892 3183 προσρίπτοι.
2923 3113 3099 3184 Ὅπερ
3126 3108 3220 3166 οὖν
3246 3112 3436 3166 παθεῖν
3465 3112 3615 3175 εἰκὸς

2036 3203 2094 3255 ὲν
2128 3203 2347 3273 πολέμῳ
2373 3204 2463 3275 τὸν
2491 3202 2729 3257 τοιοῦτον
2757 3204 3000 3275 ὁπλίτην,
3035 3203 3192 3259 τοῦτο
3220 3204 3314 3259 καὶ
3345 3206 3494 3275 παρὰ
3515 3203 3613 3258 τὸν

2040 3294 2153 3365 βίον
2189 3296 2416 3365 πάσχειν
2464 3295 2608 3358 εἰκὸς
2650 3295 2741 3348 τὸν
2788 3295 3191 3367 συγκεχυμένον
3224 3295 3323 3363 τὴν
3361 3292 3613 3367 γνώμην,

2038 3387 2132 3440 καὶ
2151 3387 2246 3458 τὴν
2270 3406 2299 3457 χ
2307 3387 2462 3458 ρῆσιν
2476 3386 2583 3440 τῶν
2605 3387 2883 3459 δυνάμεων
2900 3387 2999 3458 τῆς
3013 3386 3191 3458 ψυχῆς
3211 3385 3611 3458 ὑπαμείϐοντα.

360 3476 718 3544 posteriorem
761 3481 971 3543 partem
1007 3473 1374 3536 iucliuaverit,
1406 3476 1680 3545 pedesque
1712 3475 1769 3528 in
1803 3474 2029 3530 thorace
2092 3477 2311 3538 habeat,
2354 3490 2549 3531 ocreas
2614 3478 2825 3546 pectori
2880 3479 3274 3539 accommodet,
3330 3489 3516 3545 quaeve
3577 3487 3615 3528 α

360 3570 494 3622 lmva
530 3567 597 3622 ad
638 3567 916 3620 dexteram
960 3572 1285 3630 commutet,
1329 3566 1565 3620 dextera:
1601 3581 1729 3620 vero
1761 3568 1934 3637 partis
1969 3575 2306 3621 armaturam
2340 3570 2484 3622 laevae
2546 3576 2786 3638 apponat
2822 3586 2836 3623 :
2901 3568 3048 3639 quod
3096 3569 3263 3637 igitur
3308 3568 3613 3624 verisimile

360 3659 432 3715 sit
466 3659 522 3712 in
553 3659 745 3712 militia
788 3664 848 3710 ut
882 3655 1009 3710 huic
1061 3656 1297 3721 eveniat,
1368 3656 1463 3725 qui
1544 3657 1620 3711 ita
1666 3668 1997 3727 praepostere
2037 3666 2124 3713 est
2153 3660 2324 3714 armis
2352 3661 2685 3725 instructus,
2714 3659 2818 3713 hoc
2848 3660 3026 3730 ipsum
3057 3668 3482 3714 consentaneum
3515 3668 3613 3715 est

362 3753 437 3806 illi
477 3753 530 3805 in
567 3752 677 3804 vita
711 3748 982 3813 accidere,
1015 3749 1108 3818 qui
1154 3757 1336 3805 mente
1361 3749 1436 3803 ita
1475 3752 1795 3820 perturbata
1827 3762 1933 3816 est,
1971 3764 2027 3807 ut
2056 3755 2222 3808 animi
2249 3756 2509 3808 virtutum
2544 3771 2703 3810 usum
2727 3762 3023 3826 pervertat.

433 3845 574 3911 Quin
606 3842 915 3897 adhibenda
943 3850 1028 3896 est
1061 3857 1091 3895 a
1124 3843 1284 3898 nobis
1328 3843 1576 3912 quaedam
1613 3844 1846 3913 diligens
1876 3845 1929 3898 in

359 3940 447 3994 bis
473 3936 874 3991 convenientiae
906 3934 1204 4004 decorique
1228 3936 1390 4001 ratio,
1425 3951 1588 4005 quam
1641 3936 1695 3989 in
1729 3936 1929 3991 animis

364 4030 573 4086 nostris
602 4042 727 4083 vera
755 4026 1115 4096 temperantia
1146 4028 1394 4082 inserere
1431 4026 1586 4081 solet.
1615 4025 1781 4097 Sique
1808 4043 1930 4096 per-

359 4111 906 4188 fecta‘absolutaque
935 4118 1102 4188 hujus
1136 4118 1359 4173 virtutis
1389 4118 1637 4172 delinitio
1666 4119 1927 4174 conside-

360 4214 533 4268 randa
586 4219 695 4275 est,
757 4210 988 4266 fortasse
1034 4210 1256 4281 quidem
1312 4211 1535 4281 proprie
1580 4211 1784 4266 dicitur
1811 4227 1930 4265 om-

359 4305 513 4359 nium
556 4303 723 4357 animi
768 4311 1016 4356 motuum
1063 4305 1202 4358 bene
1232 4305 1532 4360 constituta
1569 4303 1840 4374 quaedam,
1873 4312 1928 4359 et

2105 3847 2313 3901 Οὐκοῦν
2341 3847 2661 3919 προνοητέον
2693 3849 2824 3919 ἡμῖν
2872 3848 2971 3918 τῆς
3024 3847 3083 3900 ὲν
3126 3846 3334 3910 τούτοις
3365 3846 3611 3917 εὐαρμο-

2037 3940 2207 4001 στίας.
2230 3938 2295 4009 ἢν
2320 3941 2352 4009 ἡ
2382 3938 2589 4010 ἀληθὴς
2609 3938 2926 4010 σωφροσύνη
2952 3939 3191 4007 πέφυκεν
3218 3940 3458 4009 ἐμποιεῖν
3478 3941 3611 4003 ταῖς

2034 4029 2331 4100 ἡμετέραις
2368 4029 2584 4100 ψυχαῖς.
2620 4031 2729 4083 Καὶ
2762 4032 2811 4083 εί
2853 4029 2959 4101 χρὴ
3008 4030 3100 4084 τὸν
3126 4030 3458 4084 τελειότατον
3500 4029 3613 4101 τῆς

2036 4116 2388 4190 σωφροσύνης
2427 4119 2551 4191 ὅρον
2594 4119 2984 4189 ὲπισκοπῆσαι,
3021 4119 3164 4190 τάχα
3201 4118 3356 4172 τοῦτο
3387 4134 3614 4189 σωφρο-

2039 4208 2172 4277 σύνη
2219 4209 2421 4280 κυρίως
2458 4208 2525 4261 ἂν
2567 4207 2803 4277 λέγοιτο,
2855 4211 2888 4279 ἡ
2947 4210 3162 4264 πάντων
3206 4210 3316 4262 τῶν
3360 4207 3612 4278 ψυχικῶν

2037 4301 2347 4370 κινημάτων
2374 4300 2514 4371 μετά
2538 4300 2728 4369 σοφίας
2751 4300 2842 4354 καὶ
2860 4300 3168 4372 φρονήσεως
3188 4298 3446 4363 εὔτακτος
3463 4299 3614 4351 οἰκο-

358 4409 483 4450 cum
511 4393 800 4462 sapientia,
832 4393 1233 4462 prudentiaque
1261 4395 1556 4463 conjuncta
1607 4396 1925 4449 moderatio.

2037 4393 2214 4462 νομία.
2252 4393 2361 4445 Καὶ
2390 4386 2435 4462 ’ἡ
2463 4393 2684 4464 τοιαύτη
2719 4392 3053 4456 κατάστασις
3081 4392 3179 4463 τῆς
3206 4392 3385 4461 ψυχῆς
3423 4390 3611 4444 οὐκέτι

357 4488 536 4556 Atque
564 4484 945 4553 hujuscemodi
975 4484 1141 4538 animi
1179 4486 1506 4539 constitutio
1534 4501 1641 4539 non
1676 4488 1784 4539 ullo
1814 4502 1930 4539 am-

348 4580 503 4650 plius
562 4577 771 4637 labore,
830 4590 1008 4645 neque
1053 4576 1237 4631 studio
1282 4574 1349 4629 ad
1396 4591 1579 4630 rerum
1611 4576 1925 4631 sublimium

359 4667 783 4736 cmlestiumque
814 4666 1135 4720 societatem
1166 4666 1453 4735 indigebit,
1489 4665 1583 4720 sed
1613 4666 1764 4720 nullo
1795 4681 1928 4719 sane

361 4761 601 4829 negotio,
634 4759 800 4813 rebus
854 4757 1148 4812 contrariis
1208 4756 1449 4824 rejectis,
1493 4771 1619 4810 cum
1659 4758 1732 4820 id,
1781 4757 1926 4825 quod

358 4851 648 4920 quaeritur,
704 4849 1030 4901 naturaliter
1111 4853 1315 4911 teneat,
1354 4847 1595 4914 perﬁciet
1652 4846 1726 4909 id,
1783 4846 1926 4913 quod

359 4943 579 5010 assequi
613 4940 831 4995 ditlieile
859 4939 1070 4994 videtur
1106 4958 1119 4993 :
1152 4938 1245 5007 qui
1288 4940 1433 4992 enim
1476 4950 1629 4991 extra
1673 4938 1927 4992 tenebras

360 5036 518 5103 longe
550 5034 763 5102 positus
792 5012 896 5096 est,
929 5045 1051 5085 eum
1094 5040 1149 5084 et
1181 5030 1233 5082 iu
1279 5029 1401 5083 luce
1444 5029 1669 5083 oumino
1697 5029 1923 5092 versari,

357 5138 410 5181 et
431 5128 523 5195 qui
558 5134 812 5179 mortuus
848 5138 955 5176 non
998 5131 1102 5182 est,
1151 5121 1301 5175 illum
1345 5122 1528 5176 vivere
1577 5136 1796 5175 necesse
1822 5130 1923 5175 est.

360 5220 424 5272 Et
458 5219 724 5289 profecto,
754 5216 860 5270 nisi
903 5217 1028 5284 quis
1062 5214 1300 5267 animam
1333 5230 1488 5268 suam
1516 5214 1568 5267 in
1600 5229 1741 5267 vano
1771 5228 1928 5268 arce-

356 5311 517 5381 perit,
552 5312 607 5363 in
630 5308 877 5362 veritatis
909 5306 994 5359 via
1029 5305 1188 5375 plane
1217 5305 1324 5359 erit
1350 5323 1363 5359 :
1392 5305 1651 5375 quoniam
1686 5306 1924 5374 pruden-

360 5406 457 5461 tia,
489 5416 553 5455 ac
581 5400 836 5462 scientia,
871 5412 1034 5467 quam
1058 5397 1182 5467 quis
1211 5397 1455 5460 adhibet,
1494 5413 1559 5451 ne
1586 5412 1616 5450 a
1646 5398 1731 5451 via
1759 5396 1924 5451 decli-

356 5499 468 5553 net,
494 5492 602 5545 dux
637 5506 772 5546 sane
798 5489 996 5558 aliquis
1024 5488 1258 5559 diligens
1291 5496 1376 5544 est
1422 5490 1555 5543 recti
1588 5489 1821 5543 itineris.
1854 5487 1926 5542 Ut

352 5584 500 5632 enim
529 5579 696 5638 servi,
728 5577 839 5646 jam
886 5575 1136 5630 servituti
1183 5575 1418 5639 liberati,
1456 5590 1577 5629 eum
1608 5589 1827 5644 Operam
1857 5574 1924 5630 iis

359 5682 561 5725 navare
609 5666 893 5732 desierint,
959 5680 1190 5740 quorum
1245 5673 1513 5735 potestate
1576 5665 1921 5735 tenebantur,

2029 4484 2191 4536 πόνου
2222 4484 2363 4546 τινὸς
2396 4483 2515 4536 οὐδὲ
2545 4483 2923 4555 πραγματείας
2962 4483 3097 4554 πρὸς
3124 4482 3223 4552 τὴν
3246 4482 3355 4534 τῶν
3382 4480 3603 4552 admitth

2027 4592 2085 4628 τε
2116 4575 2209 4627 καὶ
2246 4575 2510 4644 οὐρανίων
2551 4576 2838 4646 μετουσίαν
2868 4575 3148 4646 δεήσεται,
3182 4574 3296 4629 ἀλλ’
3327 4576 3385 4627 ὲν
3431 4573 3602 4644 πολλῇ

2030 4667 2282 4739 ῥᾳστώνῃ
2318 4668 2380 4721 τὸ
2410 4668 2546 4732 τέως
2576 4667 2894 4737 δυσέφικτον
2933 4664 3071 4720 εἶναι
3105 4665 3294 4719 δοκοῦν
3331 4664 3607 4735 κατορθώ-

2029 4776 2110 4812 σει
2141 4758 2402 4828 φυσικῶς,
2432 4761 2498 4829 τῇ
2534 4757 2877 4829 ύπξαιρέσει
2908 4756 3002 4811 τοῦ
3049 4756 3289 4809 ἐναντίου
3319 4754 3381 4807 τὸ
3412 4749 3606 4823 ζητού-

2031 4866 2188 4920 μενον
2216 4849 2417 4919 ἔχουσα
2437 4866 2450 4880 ·
2482 4848 2574 4902 τόν
2605 4865 2662 4902 τε
2698 4847 2804 4919 γὰρ
2844 4848 2948 4912 ἔξω
2984 4846 3078 4900 τοῦ
3123 4846 3344 4906 σκότους
3376 4844 3602 4913 γενόμε-

2027 4959 2136 5004 νον,
2156 4944 2214 4995 ὲν
2246 4940 2386 5009 φωτὶ
2417 4940 2630 5003 πάντως
2656 4934 2795 4993 εἶναι
2821 4938 3055 5009 ἀνάγκη’
3085 4935 3176 4991 καὶ
3202 4935 3291 4988 τὸν
3313 4932 3389 5003 μὴ
3414 4932 3601 5001 τεθνη-

2028 5034 2181 5096 κότα,
2218 5031 2338 5102 ζῇν.
2376 5032 2486 5085 Καὶ
2523 5031 2700 5084 τοίνυν
2736 5030 2788 5083 εἴ
2824 5046 2908 5093 τις
2945 5029 3019 5099 μὴ
3066 5028 3157 5081 ἐπὶ
3204 5024 3421 5094 ματαίῳ
3453 5022 3603 5077 λάύοι

2026 5122 2124 5190 τὴν
2154 5120 2348 5175 ἑαυτοῦ
2386 5121 2582 5191 ψυχὴν,
2624 5123 2681 5174 ὲν
2724 5123 2788 5191 τῇ
2819 5119 2923 5190 ὁδῷ
2957 5120 3052 5189 τῆς
3081 5115 3338 5187 ἀληθείας
3389 5115 3602 5174 πάντως

2025 5212 2176 5265 ἔσται
2196 5230 2210 5243 ·
2242 5214 2277 5283 ἡ
2306 5212 2415 5283 γάρ
2441 5210 2533 5265 τοῦ
2585 5211 2661 5283 μὴ
2702 5211 3122 5283 παρατραπῆναι
3153 5205 3381 5277 πρόνοιά
3423 5222 3485 5258 τε
3512 5202 3604 5257 καὶ

2025 5304 2302 5374 ἐπιστήμη
2324 5344 2338 5368 ,
2372 5303 2565 5374 όδηγία
2591 5304 2673 5366 τίς
2699 5304 2844 5355 ἐστιν
2873 5300 3107 5371 ἀκριϐὴς
3133 5298 3230 5369 τῆς
3261 5298 3355 5349 ἐπὶ
3388 5298 3487 5366 τὴν
3515 5295 3606 5347 εύ-

2027 5393 2176 5448 θεῖαν
2206 5395 2428 5466 πορείας
2449 5413 2462 5424 ’
2498 5395 2593 5447 καὶ
2622 5393 2808 5465 ὥσπερ
2840 5396 2889 5446 οἱ
2916 5389 3367 5461 ἐλευθερωθέντες
3397 5386 3607 5440 οἰκέται

2026 5485 2368 5555 παυσάμενοι
2395 5485 2487 5538 τοῦ
2520 5488 2632 5550 τοῖς
2672 5484 2962 5555 κρατοῦσιν
3008 5483 3334 5554 ὑπηρετεῖν,
3383 5475 3608 5531 ἐπειδὰν

2026 5574 2233 5628 ἑαυτῶν
2264 5575 2523 5641 γένωνται
2551 5574 2750 5644 κύριοι,
2787 5572 3044 5643 τρέπουσι
3074 5570 3207 5644 πρὸς
3244 5568 3470 5629 ἑαυτοὺς
3501 5564 3613 5635 τὴν

2029 5667 2262 5737 σπουδήν
2278 5683 2291 5697 ·
2319 5667 2491 5732 οὕτως
2515 5661 2669 5735 οἶμαι
2705 5669 2799 5722 καὶ
2825 5666 2923 5733 τὴν
2945 5665 3123 5733 ψυχὴν
3147 5659 3613 5731 ὲλευθερωθείσαν
