3896 6204
305 237 422 294 593

1667 235 1756 291 DE
1785 236 2251 296 VIRGINITATE.

3483 244 3588 300 39L

307 351 431 405 απὸ
452 349 552 420 τῆς
589 346 911 420 σωματικῆς
937 347 1214 420 λατρείας,
1245 348 1303 403 ἐν
1333 347 1622 419 ἐπιγνώσει
1653 353 1904 420 γενέσθαι

2014 364 2306 427 postquam
2339 354 2424 411 sui
2450 354 2595 426 juris
2625 365 2775 420 sunt,
2805 371 2967 414 omne
2988 357 3232 415 studium
3263 362 3424 427 atque
3460 375 3590 430 ope-

309 440 420 512 ςῆς
459 438 662 503 οἰκείας
694 439 860 510 ἑαυτῇ
903 441 998 492 καὶ
1029 439 1170 493 κατά
1203 441 1364 510 φύσιν
1410 442 1692 514 ἐνεργείας
1715 462 1730 476 ·
1771 447 1806 516 ἡ
1848 447 1905 500 δὲ

311 533 608 606 ἐλευθερία
653 534 802 598 ἐστὶ,
851 533 1036 598 καθὼς
1082 535 1179 589 καὶ
1246 537 1397 609 παρά
1439 539 1534 592 τοῦ
1580 539 1904 597 Ἀποστόλου

311 627 623 697 ἐμάθομεν,
672 625 734 678 τὸ
783 625 859 697 μὴ
923 625 1076 697 ζυγῷ
1123 626 1364 693 δουλείας
1405 630 1716 702 ἐνέχεσθαι,
1774 635 1906 705 μηδέ

316 720 573 790 καθάπερ
603 719 879 790 δραπέτην
917 720 951 789 ἧ
981 720 1286 790 κακοῦργον
1328 724 1638 794 γενόμενον,
1673 727 1908 798 πεδηθῆ-

313 829 406 866 ναι
448 812 526 882 τῷ
566 812 664 865 τοῦ
697 813 876 881 γάμου
917 811 1122 883 δεσμῷ.
1169 814 1328 868 Ἀλλά
1360 832 1449 886 μοι
1491 817 1653 870 πάλιν
1680 820 1710 870 6
1751 818 1906 888 λόγος

309 905 407 958 ἐπὶ
448 906 549 977 τὴν
594 905 764 976 αὐτὴν
803 903 977 976 ἀρχὴν
1019 905 1342 977 ἀνατρέχει,
1376 909 1456 961 δτι
1501 910 1601 962 οὐκ
1632 912 1690 963 ἐν
1732 911 1906 983 τούτῳ

314 997 465 1067 μόνῳ
494 997 556 1049 τὸ
582 997 786 1048 τέλειον
815 997 916 1066 τῆς
945 996 1258 1068 ἐλευθερίας
1288 999 1456 1064 ἐστὶν,
1484 1001 1540 1054 ἐν
1566 1001 1642 1072 τῷ
1667 1004 1906 1075 ἀποστῆ-

311 1105 406 1140 ναι
445 1087 540 1140 τοῦ
579 1088 759 1158 γάμου
791 1087 899 1157 (μή
942 1105 1028 1151 τις
1062 1087 1204 1142 οὕτω
1251 1091 1446 1162 μικρόν
1483 1110 1543 1145 τε
1582 1095 1675 1147 καὶ
1708 1094 1906 1149 εὕωνον

311 1180 380 1232 τὸ
411 1181 510 1249 τῆς
540 1179 834 1250 παρθενίας
861 1180 1076 1244 οἰέσθω,
1115 1181 1256 1234 ὥστε
1296 1186 1354 1236 ἐν
1384 1185 1550 1255 ὀλίγῳ
1580 1191 1904 1261 παρατηρή-

311 1289 448 1341 ματι
473 1273 676 1342 σαρκὸς
695 1273 996 1344 κατορθοῦν
1017 1274 1254 1344 νομίζειν
1275 1275 1335 1328 τὸ
1350 1277 1600 1331 τοσοῦτον
1623 1282 1772 1350 πρᾶγ
1781 1287 1901 1352 pa.)-

312 1366 432 1417 ἀλλ’
471 1364 662 1434 ἐπειδὴ
699 1365 808 1426 πᾶς
854 1365 883 1416 6
924 1363 1093 1418 ποιῶν
1123 1364 1221 1435 τὴν
1266 1367 1542 1437 ἁμαρτίαν
1583 1368 1766 1434 δοῦλος
1805 1373 1904 1443 τῆς

310 1458 590 1528 ἁμαρτίας
615 1459 765 1510 ἐστὶν
785 1496 799 1519 ,
831 1458 866 1527 ἠ
901 1459 958 1509 ἐν
991 1459 1156 1512 παντὶ
1190 1460 1476 1528 πράγματι
1507 1462 1600 1514 καὶ
1621 1463 1904 1534 ἐπιτηδεύ-

311 1568 450 1620 ματι
477 1550 614 1620 πρὸς
649 1549 848 1602 κακίαν
879 1549 1228 1620 παρατροπὴ,
1258 1549 1538 1605 δουλοῦται
1567 1552 1658 1606 τὸν
1691 1554 1902 1625 ἀνθρω-

314 1659 422 1694 πον
470 1643 565 1694 καὶ
608 1641 935 1712 στιγματίαν
970 1643 1143 1706 ποιεῖ,
1180 1640 1452 1711 μώλωπας
1486 1644 1636 1715 αὐτῷ
1669 1645 1762 1700 καὶ
1805 1649 1901 1700 ἐκο

2012 464 2128 503 ram
2157 450 2211 504 in
2241 464 2302 504 se
2330 449 2434 519 ipsi
2466 461 2816 506 convertunt.
2856 449 2949 506 Sic
2985 452 3227 507 animum
3259 451 3444 507 servili
3469 466 3592 506 eor-

2015 541 2166 611 poris
2196 541 2460 611 obsequio
2495 541 2788 596 liberatum
2839 543 2894 598 in
2930 543 3078 600 illius
3108 544 3322 599 versari
3352 542 3592 597 arbitror

2015 631 2251 688 actionis
2303 631 2638 703 cognitione,
2680 648 2802 702 qua:
2857 633 2965 688 sibi
3000 634 3221 705 propria
3255 642 3340 690 est
3388 649 3452 688 ac
3490 648 3591 688 na-

2014 723 2246 780 turalis:
2275 724 2547 794 siquidem
2580 725 2829 789 libertas,
2883 732 2944 780 ut
2987 725 3054 780 ab
3102 725 3364 796 Apostolo
3397 724 3593 779 didici-
3683 776 3687 779 _

2015 830 2159 878 mus,
2194 816 2248 869 in
2284 832 2349 870 eo
2378 823 2482 881 est,
2519 823 2579 870 ut
2629 833 2696 872 ne
2739 817 2865 888 quis
2915 833 3110 872 rursus
3149 817 3433 872 servitutis
3458 816 3590 886 iugo

2013 908 2272 979 illigctur,
2308 925 2486 980 neque
2529 917 2790 980 tanquam
2823 925 3016 966 servus
3055 909 3340 979 fugitivus,
3371 916 3463 961 aut
3497 923 3590 962 ve-

2014 1007 2222 1054 terator
2252 1000 2450 1064 factus,
2500 1001 2812 1070 nuptiarum
2863 1000 3218 1072 compedibus
3249 1001 3466 1054 vinctus
3496 999 3586 1054 sit.

2015 1089 2122 1145 Sed
2154 1090 2222 1144 ad
2261 1090 2438 1160 ipsum
2482 1090 2700 1145 initium
2745 1090 2859 1145 hazc
2896 1107 3014 1145 mea
3052 1091 3190 1146 redit
3233 1091 3430 1154 oratio,
3453 1104 3591 1159 quo-

2013 1181 2158 1234 niam
2203 1196 2313 1235 non
2372 1182 2426 1234 in
2461 1195 2527 1235 eo
2579 1182 2757 1237 solum
2805 1182 3045 1251 perfecta
3085 1190 3168 1237 cst
3194 1182 3443 1244 libertas,
3470 1188 3590 1235 uta

2012 1273 2223 1343 nuptiis
2259 1274 2602 1328 abstineatur
2633 1293 2644 1328 :
2683 1289 2749 1328 ne
2799 1273 2926 1344 quis
2981 1274 3054 1329 ita
3107 1275 3362 1343 exiguum
3395 1281 3449 1328 et
3487 1274 3592 1328 vile

2011 1373 2164 1436 putet
2191 1366 2294 1419 hoc
2329 1366 2662 1437 virginitatis
2693 1364 2952 1430 cilicium.
2980 1372 3240 1435 tanquam
3270 1379 3438 1434 parvo
3467 1379 3592 1418 car-

2010 1459 2098 1514 nis
2128 1459 2309 1514 solum
2345 1459 2704 1528 reprimendae
2735 1466 3006 1528 praecepto
3046 1473 3106 1513 se
3139 1457 3377 1528 perfecte
3429 1472 3592 1527 agere

2012 1551 2332 1606 arbitretur.
2371 1549 2482 1606 Sed
2522 1551 2779 1620 quoniam
2830 1551 3082 1620 quisquis
3115 1559 3398 1620 peccatum
3435 1548 3587 1614 facit,

2012 1658 2207 1699 servus
2230 1649 2316 1698 est
2353 1642 2634 1712 peccati‘;
2669 1643 2762 1696 illa
2795 1642 2849 1697 in
2879 1643 3026 1696 omni
3065 1657 3124 1697 re
3152 1642 3443 1712 studioque
3472 1656 3592 1712 pra-

318 1735 583 1804 καύματα
612 1733 699 1786 διὰ
723 1734 827 1788 τῶν
869 1734 968 1804 τῆς
1003 1733 1278 1804 ἁμαρτίας
1316 1735 1540 1806 πληγῶν
1581 1738 1903 1807 ἐμποιοῦσαο

2010 1750 2075 1790 va
2142 1735 2210 1789 ad
2259 1734 2450 1790 vitium
2512 1735 2802 1804 propensio
2851 1734 3127 1789 hominem
3161 1734 3589 1803 quodammodo

315 1826 472 1880 ὥστε
514 1827 602 1879 τὸν
637 1825 723 1878 τοῦ
761 1826 1001 1896 μεγάλου
1034 1826 1239 1880 σκοποῦ
1275 1826 1370 1880 τοῦ
1404 1829 1543 1882 κατὰ
1572 1829 1668 1900 τὴν
1703 1830 1904 1902 παρθε-

2011 1824 2263 1880 servituti
2295 1824 2538 1893 subjicit,
2567 1826 2797 1896 vitiique
2828 1837 3014 1880 notam
3044 1825 3095 1879 ei
3135 1825 3324 1890 inurit,
3355 1839 3479 1878 eum
3510 1825 3590 1878 ci-

321 1919 446 1971 νίαν
471 1917 763 1988 ἁψάμενον,
787 1920 844 1971 ἐν
865 1919 1000 1970 πᾶσι
1022 1919 1320 1988 προσήκειν
1343 1921 1521 1991 ἐαυτῷ
1543 1917 1681 1974 εἶναι
1701 1923 1907 1993 ὅμοιον,

315 2013 414 2064 καὶ
449 2011 597 2083 πάσῃ
624 2013 692 2080 τῇ
721 2009 832 2081 ζωῇ
877 2011 1262 2080 συνεμφαίνειν
1303 2011 1402 2083 τὴν
1433 2012 1803 2085 καθαρότητα.
1846 2018 1909 2070 Ei

309 2104 371 2156 δέ
400 2101 506 2173 χρὴ
536 2103 630 2154 καὶ
670 2101 758 2154 διά
785 2119 932 2165 τινος
967 2101 1076 2155 τῶν
1110 2101 1485 2157 θεοπνεύστων
1540 2107 1908 2178 συνηγορῆσαι

306 2195 390 2264 τῷ
432 2195 594 2265 λόγῳ,
631 2194 795 2264 ἀρκεῖ
835 2194 974 2265 πρὸς
1023 2193 1122 2264 τὴν
1161 2197 1262 2264 τῆς
1307 2194 1567 2265 ἀληθείας
1622 2196 1908 2267 βεϐαίωσιν

304 2286 454 2357 αὐτὴ
486 2288 521 2356 ἡ
571 2286 797 2357 ἀλήθεια
819 2325 836 2349 ,
869 2285 958 2338 διὰ
1002 2286 1322 2358 παραϐολῆς
1357 2287 1452 2340 καὶ
1480 2288 1803 2359 αἰνίγματος
1850 2291 1908 2343 ἐν

305 2377 391 2446 τῷ
439 2375 762 2446 Εὖαγγελίῳ
789 2375 852 2429 τὸ
891 2375 1133 2430 τοιοῦτον
1176 2377 1309 2448 ἡμῖν
1341 2376 1751 2447 δογματίσασα·
1782 2379 1908 2442 τοὺς

304 2469 422 2537 γὰρ
480 2467 754 2539 χρηστοὺς
801 2467 896 2520 καὶ
940 2467 1234 2538 ἐδωδίμους
1271 2467 1380 2520 τῶν
1421 2468 1618 2539 ἰχθύων
1651 2469 1761 2523 ἀπὸ
1797 2469 1908 2524 τῶν

305 2559 573 2631 πονηρῶν
609 2577 671 2613 τε
700 2559 792 2613 καὶ
819 2559 1162 2631 δηλητηρίων
1195 2561 1228 2630 ἠ
1264 2560 1545 2632 ἀλιευτικὴ
1576 2560 1740 2633 τέχνη
1771 2563 1908 2616 ἀπο-

305 2654 560 2725 χωρίζει,
586 2653 664 2716 ὡς
688 2652 753 2707 ἂν
778 2653 852 2724 μή
879 2669 1020 2716 τινος
1047 2651 1154 2706 τῶν
1179 2653 1438 2707 ἐναντίων
1466 2653 1909 2720 συνεισπεσόντος

311 2747 430 2808 τοῖς
456 2744 723 2812 ἀγγείοις,
744 2745 832 2796 καὶ
858 2743 1016 2814 ἡτῶν
1035 2743 1322 2815 χρησίμων
1342 2745 1643 2809 ἀπόλαυσις
1667 2747 1904 2820 ἀχρειω-

303 2837 458 2904 θείη.
525 2834 696 2888 Τοῦτο
751 2835 846 2888 καὶ
886 2834 986 2905 τῆς
1040 2834 1298 2906 ἀληθινῆς
1355 2837 1708 2910 σωφροσύνης
1744 2839 1905 2912 ἔργον

307 2929 461 2991 ἐστὶ,
507 2927 570 2981 τὸ
602 2929 667 2982 ἐκ
699 2927 917 2983 πάντων
954 2927 1061 2982 τῶν
1090 2928 1539 3000 ἐπιτηδευμάτων
1565 2931 1627 2984 τὸ
1667 2933 1907 3004 καθαρόν

300 3037 375 3074 τε
399 3019 496 3072 καὶ
514 3017 790 3089 ὠςέλιμον
818 3017 1203 3088 ἐκλεγομένην,
1227 3020 1285 3072 ἐν
1301 3019 1462 3072 παντὶ
1480 3019 1542 3072 τὸ
1561 3020 1906 3092 ἀπεμφαῖνον

301 3111 699 3168 ἀποποιεῖσθαι
728 3109 805 3174 ὡς
844 3109 1117 3182 ἄχρηστον
1139 3151 1154 3177 ,
1192 3109 1288 3163 καὶ
1315 3111 1597 3180 ἐναφιὲναι
1639 3109 1798 3165 τοῦτο
1825 3111 1904 3182 τῷ

305 3204 484 3275 κοινῷ
517 3205 614 3258 καὶ
645 3201 897 3274 κοσμικῷ
931 3202 1054 3273 βίῳ,
1090 3201 1336 3275 θαλάσσῃ
1369 3202 1642 3275 τροπικῶς
1671 3204 1775 3258 ὑπὸ
1805 3205 1906 3276 τῆς

301 3296 634 3368 παραϐολῆς
657 3295 1034 3366 ὠνομασμένῳ
1054 3310 1067 3325 ο
1099 3295 1218 3348 ἐπεὶ
1251 3295 1346 3348 καὶ
1375 3295 1405 3347 6
1431 3295 1737 3367 Ψαλμῳδὸς
1761 3295 1905 3350 διδά-

309 3390 516 3443 σκαλον
542 3388 982 3459 ἐξομολογήσεως
1028 3387 1084 3440 ἐν
1125 3403 1230 3440 τινι
1255 3386 1365 3439 τῶν
1391 3386 1621 3457 ψαλμῶν
1648 3389 1779 3458 ἡμῖν
1809 3388 1902 3457 ὑφ-

310 3481 449 3552 ηγού
456 3498 642 3550 μενος,
657 3479 749 3533 τὸν
775 3480 1005 3534 ἀστατον
1024 3477 1213 3534 τοῦτον
1238 3481 1332 3533 καὶ
1361 3479 1579 3550 ἐμπαθῆ
1611 3480 1704 3532 καὶ
1730 3497 1902 3551 ταρα-

311 3573 462 3647 χώδη
496 3574 632 3643 βίον,
664 3571 833 3626 ὕδατα
859 3571 1040 3642 ψυχῆς
1075 3571 1378 3642 ἁπτόμενα,
1412 3571 1508 3624 καὶ
1536 3571 1672 3644 βάθη
1706 3571 1903 3625 θαλάσ-

313 3681 414 3735 σης
446 3664 548 3716 καὶ
576 3661 864 3731 καταιγίδα
890 3660 1051 3714 καλεῖ
1070 3677 1084 3692 ο
1123 3662 1181 3714 ἐν
1262 3662 1412 3714 πᾶσα
1442 3661 1540 3732 μὲν
1561 3661 1902 3732 ἀποστατικὴ

303 3757 554 3815 διάνοια,
580 3753 697 3806 καθ’
728 3753 1022 3825 ὁμοιότητα
1045 3753 1154 3807 τῶν
1178 3753 1514 3822 Αἰγυπτίων,
1547 3752 1622 3817 ὡς
1652 3753 1796 3817 λίθος
1824 3756 1904 3817 εἰς

312 3850 404 3901 τὸν
433 3843 608 3917 βυθὸν
631 3844 970 3899 καταδύεται.
1003 3846 1168 3900 Ὅσον
1189 3845 1245 3900 δὲ
1268 3845 1388 3916 Θεῷ
1416 3845 1569 3915 φίλον
1599 3844 1695 3899 καὶ
1719 3846 1905 3917 διορα-

311 3941 471 3995 τικὺν
521 3937 622 4007 τῆς
661 3938 910 4010 ἀληθείας
945 3941 1130 4006 ἐστὶν,
1157 3941 1294 4012 ὅπερ
1351 3940 1565 4012 Ἰσραὴλ
1610 3941 1760 4012 παρὰ
1804 3941 1904 4010 τῆς

315 4036 565 4108 ἱστορίας
609 4035 938 4105 ὠνόμασται,
989 4033 1148 4086 τοῦτο
1195 4033 1357 4104 μόνον
1402 4033 1478 4096 ὡς
1517 4032 1685 4105 ξηρὰν
1733 4033 1902 4103 αὐτὴν

315 4129 674 4198 διεξέρχεται,
704 4125 941 4198 οὐδαμοῦ
969 4126 1071 4196 τῆς
1090 4125 1315 4198 πικρίας
1344 4125 1439 4178 καὶ
1463 4125 1563 4195 τῆς
1588 4124 1769 4195 ἅλμης
1792 4124 1903 4177 τῶν

315 4221 592 4290 βιωτικῶν
632 4220 894 4290 κυμάτων
934 4218 1443 4289 συνεφαπτόμενον·
1486 4216 1628 4272 οὕτω
1656 4215 1902 4280 τυπικῶς

311 4316 419 4368 ὑπὸ
448 4313 790 4384 καθηγεμόνι
816 4310 894 4381 τῷ
921 4311 1102 4382 νόμῳ·
1135 4309 1304 4373 τύπος
1332 4309 1389 4362 δέ
1417 4305 1484 4380 ἦν
1516 4312 1544 4363 6
1575 4309 1780 4378 Μωσῆς
1807 4308 1900 4362 τοῦ

315 4409 503 4478 νᾶμου·
535 4408 632 4460 καὶ
655 4409 685 4460 6
725 4404 943 4476 Ἰσραὴλ
975 4405 1074 4474 τὴν
1101 4403 1374 4457 θάλασσαν
1397 4403 1717 4474 διεπέρασεν
1740 4402 1902 4473 ἄϐρο-

314 4517 424 4569 χος,
456 4499 556 4551 καὶ
583 4498 758 4566 τούτῳ
788 4494 1160 4566 συνδιαπερῶν
1190 4496 1218 4547 6
1247 4492 1543 4563 Αἰγύπτιος
1574 4493 1906 4562 ὑποϐρύχιος

313 4588 401 4662 ἦν,
433 4591 698 4659 ἑκάτερος
725 4589 828 4642 ὑπὸ
855 4589 954 4658 τῆς
986 4585 1384 4658 συμπαρούσης
1406 4584 1554 4655 αὐτῷ
1589 4585 1901 4647 διαθέσεως,

313 4685 346 4736 6
378 4685 478 4754 μὲν
507 4683 726 4751 κούφως
760 4680 988 4746 διεξιὼν,
1032 4681 1062 4732 6
1089 4680 1147 4733 δὲ
1174 4679 1253 4742 είς
1285 4677 1445 4748 βυθὸν
1475 4676 1868 4746 καθελκόμενος
1886 4690 1901 4704 ·

317 4777 518 4845 κοῦφον
549 4774 649 4844 μὲν
679 4773 789 4844 γάρ
825 4791 876 4826 τι
916 4773 1011 4826 καὶ
1050 4772 1330 4843 ἀνωφερὲς
1365 4771 1597 4840 πρᾶγμα
1634 4769 1667 4839 ἡ
1709 4767 1902 4838 ἀρετή.

309 4868 523 4930 Πάντες
553 4866 663 4937 γὰρ
693 4868 742 4919 οἱ
776 4864 897 4918 κατ’
930 4864 1099 4934 αὐτὴν
1130 4862 1331 4928 ζῶντες
1359 4862 1433 4926 ὡς
1458 4859 1678 4929 νεφέλαι
1711 4858 1903 4912 πέτον-

303 4975 425 5020 ται,
452 4959 594 5012 κατά
616 4958 708 5010 τὸν
752 4957 997 5021 Ἡσαΐαν,
1034 4957 1129 5008 καὶ
1163 4955 1239 5018 ὡς
1273 4951 1594 5026 περιστεραὶ⁹
1628 4950 1725 5004 σὺν
1749 4966 1903 5003 νεοσ-

297 5052 464 5113 σοῖς·
500 5049 639 5120 βαρὺ
670 5049 732 5102 δέ
761 5051 796 5120 ἠ
829 5047 1094 5119 ἁμαρτία,
1134 5045 1316 5110 καθώς
1346 5047 1477 5117 φησί
1505 5063 1590 5109 τις
1625 5043 1734 5098 τῶν
1766 5061 1903 5117 προσ

289 5142 528 5214 φητῶν,
555 5141 649 5195 ἐπὶ
670 5141 931 5194 τάλαντον
961 5140 1212 5212 μολίϐδου
1239 5137 1603 5210 καθεζομένη.
1631 5138 1692 5192 Ei
1717 5137 1775 5190 δέ
1796 5154 1904 5189 τινι

1935 4435 1985 4494 D

2008 1917 2246 1971 catrices
2291 1922 2458 1986 atque
2496 1915 2804 1970 iuustiones
2845 1915 3054 1984 peccati
3109 1915 3284 1985 plagis
3317 1915 3393 1968 illi
3425 1915 3590 1968 obdu-

2009 2016 2116 2061 cat.
2163 2003 2346 2072 Quare
2377 2006 2471 2077 qui
2502 2021 2776 2062 summum
2804 2005 2911 2060 hoc
2963 2005 3227 2076 virginale
3273 2007 3589 2062 institutum

2009 2100 2230 2170 assequi
2287 2100 2427 2166 vult,
2462 2115 2586 2154 eum
2615 2107 2671 2156 et
2703 2101 2959 2156 omnibus
3015 2101 3074 2156 in
3124 2102 3290 2157 rebus
3321 2103 3406 2158 sui
3439 2104 3592 2159 simi-

2008 2191 2112 2246 lem
2143 2207 2290 2256 esse,
2331 2201 2386 2248 et
2426 2206 2618 2262 puram
2664 2191 2719 2246 in
2760 2193 2909 2245 omni
2949 2193 3056 2246 vita
3094 2193 3460 2263 integritatem
3493 2210 3590 2249 ca-

2009 2283 2361 2354 stitatemque
2396 2300 2506 2355 prae
2539 2300 2600 2339 se
2629 2283 2774 2338 ferre
2798 2291 3041 2354 oportet.
3073 2286 3251 2355 Atque
3277 2287 3321 2342 si
3347 2302 3410 2340 ex
3439 2289 3586 2348 ullis.

2005 2390 2130 2446 qua
2160 2391 2191 2430 a
2225 2375 2412 2431 divino
2452 2375 2660 2446 Spiritu
2701 2384 2852 2440 sunt,
2909 2377 3112 2434 litteris
3163 2379 3292 2433 huic
3346 2380 3588 2434 orationi

2013 2469 2384 2537 patrocinium
2411 2483 2658 2538 quaerere
2705 2477 2943 2538 Oportet,
2999 2469 3068 2523 ad
3110 2470 3359 2526 veritatis
3389 2471 3589 2525 conﬁr-

2008 2562 2306 2615 mationem
2373 2575 2470 2630 per
2521 2574 2583 2615 se
2635 2561 2772 2616 satis
2805 2569 2889 2615 est
2941 2561 3145 2616 veritas
3197 2562 3336 2631 ipsa,
3381 2578 3501 2632 qua:
3537 2565 3588 2616 in

2009 2650 2306 2724 Evangelia
2345 2653 2548 2724 aliquid
2581 2651 2895 2722 hujusmodi
2945 2667 3016 2708 ex
3062 2654 3318 2723 parabola
3355 2656 3588 2724 quadam

2008 2747 2168 2803 nobis
2198 2747 2478 2817 praecipit”
2507 2766 2519 2801 :
2545 2746 2784 2817 optimos
2819 2755 2981 2816 atque
3011 2749 3128 2802 esui
3161 2757 3316 2816 aptos
3345 2747 3524 2817 pisces
3553 2764 3589 2801 ιι

2008 2840 2174 2895 malis
2203 2855 2268 2894 ac
2292 2839 2580 2895 venenatis
2632 2855 2724 2895 ars
2760 2839 3012 2908 piscandi
3067 2841 3330 2900 secernit.
3385 2846 3445 2894 ut
3498 2855 3588 2902 ne,

2011 2947 2136 2986 eum
2167 2931 2414 3002 pestiferi
2464 2948 2530 2987 ex
2583 2931 2691 2987 illis
2745 2931 2911 3002 aliqui
2945 2932 3000 2986 in
3033 2932 3315 2986 vasculum
3355 2931 3590 3005 irrepse-

2010 3023 2139 3087 rint,
2171 3024 2498 3094 optimorum
2523 3023 2756 3094 piscium
2789 3040 2920 3079 usus
2948 3024 3156 3078 inutilis
3175 3024 3293 3079 ﬁat.
3323 3023 3436 3080 Hoc
3462 3026 3590 3082 item

2011 3131 2152 3170 vera:
2181 3116 2557 3186 temperantia
2587 3132 2788 3171 munus
2825 3125 2928 3180 est,
2981 3131 3045 3171 ex
3080 3118 3333 3174 omnibus
3367 3119 3588 3186 studiis.

2011 3207 2155 3278 quod
2191 3222 2388 3278 purum
2421 3207 2618 3261 utileve
2661 3215 2766 3272 est,
2814 3206 2864 3261 id
2916 3209 2970 3261 in
3005 3209 3152 3262 omni
3207 3225 3268 3264 re
3317 3210 3590 3280 deligere;

2011 3298 2156 3368 quod
2187 3313 2317 3353 vero
2340 3298 2637 3352 obscurqu
2673 3305 2757 3352 est
2789 3313 2855 3352 an
2887 3299 3160 3368 espcdiat,
3191 3299 3295 3355 hoc
3327 3309 3588 3372 tanquam

2012 3387 2206 3444 inutile
2237 3389 2486 3458 rejicere,
2525 3388 2770 3459 illudque
2797 3391 3074 3444 communi
3105 3399 3158 3445 et
3190 3392 3478 3447 mundanae
3508 3395 3590 3447 vi-

2011 3487 2080 3534 tae
2131 3480 2466 3551 relinquere,
2509 3495 2632 3550 qua:
2681 3496 2832 3536 mare
2880 3480 3155 3552 quoddam
3185 3491 3269 3538 est
3301 3485 3590 3553 parabola-

2011 3587 2132 3626 rum
2202 3573 2365 3626 modo
2427 3573 2721 3642 appellata,
2788 3573 3228 3644 quandoquidem
3269 3574 3590 3631 Psalmistes

2011 3663 2178 3720 etiam
2238 3662 2450 3733 psalmo
2500 3664 2738 3734 quodam
2771 3663 2930 3720 nobis
2978 3664 3350 3721 confessionis
3384 3667 3592 3722 doctri-

2011 3773 2136 3811 nam
2164 3772 2290 3812 cum
2323 3767 2580 3828 exponat,
2616 3759 2875 3812 enducam
2910 3758 3071 3824 hanc,
3111 3768 3167 3814 et
3212 3760 3592 3816 alicctionibns

2009 3849 2343 3918 expositam.
2376 3849 2864 3919 turbulentamque
2910 3850 3099 3916 vitam,
3136 3865 3307 3921 aquas
3351 3856 3590 3906 animam

2011 3940 2363 4011 attingentes,
2411 3948 2466 3995 et
2509 3939 2839 4008 profundum
2875 3942 3065 4006 maris,
3106 3950 3160 3996 et
3196 3943 3463 4013 procellas
3494 3960 3592 4014 ap-

2009 4034 2206 4103 pellat’
2239 4052 2252 4087 :
2283 4033 2336 4086 in
2369 4048 2476 4102 qua
2515 4047 2650 4088 sane
2677 4033 2786 4086 vita
2817 4033 2998 4087 omnis
3031 4049 3285 4101 perversa
3323 4051 3480 4090 mens
3521 4037 3590 4090 ad

2010 4124 2395 4196 Egyptiorum
2436 4125 2874 4187 similitudinem,
2903 4124 3062 4193 quasi
3100 4126 3238 4194 lapis
3272 4127 3469 4194 aliquis
3493 4128 3589 4182 dc-

2009 4218 2298 4288 mergitur.
2326 4215 2481 4281 Quod
2510 4229 2639 4268 vero
2661 4221 2746 4268 est
2771 4213 2878 4267 Deo
2915 4223 3154 4284 gratum,
3192 4222 3248 4268 et
3285 4214 3352 4268 ad
3385 4217 3586 4270 verita-

2006 4317 2116 4362 tem
2149 4303 2581 4376 perspiciendam
2627 4303 2736 4357 vim
2787 4302 2993 4366 habet,
3030 4301 3178 4372 quod
3229 4300 3449 4358 lsraelis
3490 4319 3588 4357 no-

2010 4395 2156 4449 mine
2183 4404 2268 4451 est
2295 4395 2364 4450 ab
2395 4393 2626 4448 historia
2657 4393 3012 4463 appellatum,
3047 4392 3150 4447 hoc
3180 4392 3380 4460 solum,
3429 4395 3587 4464 quasi

2009 4488 2301 4544 exsiccatis
2332 4487 2516 4556 aquis,
2549 4500 2702 4541 mare
2749 4486 2970 4552 transit,
3004 4501 3130 4541 cum
3169 4487 3375 4542 nullam
3403 4504 3586 4543 rerum

2009 4580 2376 4633 humanarum
2428 4578 2805 4644 acerbitatem,
2865 4577 3024 4648 quasi
3076 4578 3431 4647 salsuginem,
3473 4579 3589 4648 lege

2008 4669 2148 4725 duce
2182 4670 2445 4742 attingat"
2475 4687 2488 4723 :
2515 4669 2862 4724 adumbratio
2896 4670 3040 4724 enim
3078 4670 3213 4740 legis
3240 4669 3416 4726 Moses
3447 4681 3585 4725 erat.

2009 4762 2188 4834 Atque
2213 4763 2451 4833 populus
2499 4761 2722 4831 quidem
2757 4759 3095 4816 lsraeliticus
3121 4775 3272 4815 mare
3298 4761 3588 4818 exsiccatis

2009 4856 2170 4927 aquis
2216 4855 2502 4917 transivit,
2558 4851 2800 4925 IEgyptii
2849 4868 2980 4907 vero
3035 4867 3160 4907 cum
3217 4854 3350 4908 illud
3409 4857 3586 4925 ipsum

2011 4949 2335 5012 transirent,
2365 4961 2558 5000 omnes
2593 4945 2886 5001 summersi
2913 4953 3044 5000 sunt
3079 4963 3092 5000 :
3121 4945 3316 5000 horum
3361 4956 3589 5017 uterque

2012 5041 2272 5114 populus,
2329 5053 2430 5093 sua
2483 5037 2720 5108 quisque
2764 5036 3052 5094 aﬂ‘ectione
3103 5036 3426 5093 ducebatur.
3491 5039 3591 5093 llic

2013 5133 2235 5206 quidem
2291 5129 2452 5185 facile
2491 5137 2547 5185 et
2579 5129 2838 5184 celeriter
2896 5145 3048 5184 mare
3103 5130 3462 5194 transmittit,
3502 5130 3592 5184 ille

2013 5226 2172 5297 aquis
2195 5223 2321 5280 imis
2351 5223 2688 5292 demergitur
2725 5241 2741 5276 :
2783 5221 2929 5276 celer
2959 5223 3104 5275 enim
3140 5227 3302 5290 atque
3339 5222 3586 5292 expedita

2014 5317 2198 5385 aliqua
2231 5329 2321 5369 res
2353 5327 2474 5384 quae
2504 5311 2558 5366 in
2586 5311 2826 5365 sublime
2846 5309 3042 5371 fertur,
3077 5310 3252 5363 virtus
3278 5317 3384 5375 est,
3411 5322 3590 5376 quan-

2013 5403 2309 5477 doquidcm
2335 5418 2547 5470 omnes,
2593 5401 2687 5474 qui
2735 5401 2922 5455 virtuti
2971 5402 3589 5473 congruentcrvivuut,

283 5235 653 5308 βεϐιασμένη
692 5235 787 5288 καὶ
818 5231 1258 5304 ἀπροσκόλλητος
1290 5233 1324 5301 ἡ
1369 5230 1593 5301 τοιαύτη
1629 5217 1729 5300 τῆς
1757 5230 1903 5282 ίστο-

283 5327 440 5400 ρίας
470 5325 666 5396 ἐκδοχὴ
691 5324 941 5394 φαίνεται
961 5363 978 5388 ,
1003 5323 1101 5376 καὶ
1132 5322 1192 5374 οὐ
1223 5320 1440 5392 δέχεται
1472 5321 1608 5390 πρὸς
1636 5320 1902 5390 ὠφέλειαν

281 5417 472 5490 iuqu
492 5417 590 5487 τὴν
609 5416 698 5473 διά
724 5417 820 5480 τῆς
848 5414 1118 5484 θαλάττης
1139 5414 1387 5483 θαυματο
1397 5412 1572 5467 ποιίαν
1593 5412 1904 5483 ἀναγεγράο

382 5691 403 5729 ⁸
434 5691 602 5752 Joan.
639 5695 869 5755 "H.255.
996 5695 1017 5726 ⁸
1060 5690 1248 5747 Matth.
1291 5708 1404 5759 xm,
1469 5689 1530 5745 i7
1572 5701 1689 5758 sqq.
1770 5684 1790 5715 ⁸
1820 5680 2181 5752 Psal.uvut,
2219 5679 2306 5737 16.
2383 5682 2403 5713 ⁸
2442 5679 2610 5738 Exod.
2637 5674 2823 5743 xm?!
2866 5694 2987 5754 sqq.

645 5787 911 5848 Ριτιιοι..
964 5786 1083 5847 Gn.
1117 5786 1171 5847 X
1187 5787 1338 5851 LVI.

3198 5766 3272 5826 i3
