3896 6204
315 301 422 359 ωε
1559 287 1615 344 s.
1658 285 1989 345 onscoun
2026 284 2319 344 NYSSENI
2708 306 2711 313 ε
3476 290 3596 345 sco

317 409 473 483 quasi
519 408 731 465 nebulas
772 406 979 473 volant,
1021 405 1177 476 juxta
1218 399 1471 467 lsaiam',
1522 408 1576 457 et
1608 399 1770 472 ‘quasi
1802 415 1893 455 co-

2005 399 2161 469 φίλαι,
2201 399 2487 454 ἀκουσάτω
2528 399 2620 454 τοῦ
2664 401 2984 454 ’Λποστόὶου
3007 416 3019 429 ·
3065 402 3149 456 δτι
3201 402 3425 469 ἐκείνοις
3464 421 3585 458 cev-

320 502 517 558 lumbm
552 517 675 557 cum
728 499 890 570 pullis
925 518 937 553 :
971 505 1257 569 peccatum
1304 509 1434 550 vero
1482 508 1648 566 grave
1695 501 1803 556 est,
1834 500 1888 547 et

2005 491 2180 545 ἔϐαινε
2204 492 2303 563 μὲν
2325 491 2590 558 τυπικῶς,
2623 492 2839 565 ἐγράφη
2864 493 2921 547 δὲ
2952 493 3086 566 πρὸς
3111 494 3393 549 νουθεσίαν
3412 496 3590 566 ἡμῶν.

319 605 380 655 ut
406 612 549 654 unus
571 611 636 650 ex
666 594 947 666 prophetis
978 593 1077 657 ait,
1135 590 1343 663 plumbi
1393 589 1600 644 talento
1632 586 1895 644 insidet“.
1942 584 2049 643 Sed
2118 587 2164 642 si
2224 587 2464 657 cuipiam
2508 586 2748 643 dillicilis
2799 588 2913 643 haec
2984 586 3234 644 historia:
3276 589 3593 660 explicatio,

318 705 374 753 et
407 692 562 766 quasi
588 693 638 747 vi
677 691 911 763 quadam
988 690 1049 749 ad
1102 689 1157 746 id
1200 687 1471 745 sententia
1513 685 1752 742 adducta
1816 684 2031 741 videtur
2072 699 2249 755 neque
2298 683 2443 755 quod
2495 684 2550 739 in
2605 685 2776 740 maris
2847 684 2940 739 illa
3015 684 3438 740 transmissione
3484 682 3597 735 far:-

318 805 432 854 tum
455 798 541 845 est
571 786 916 851 miraculum,
948 785 1001 840 id
1038 785 1106 839 ad
1150 785 1443 839 utilitatem
1471 788 1715 837 nostram
1749 780 1950 836 litteris
1981 780 2363 851 consignatum
2417 793 2543 834 esse
2596 785 2775 848 putat,
2841 777 3160 849 Apostolum
3205 777 3297 832 hic
3350 777 3406 831 in
3458 790 3598 831 con-

302 878 503 933 'silium
575 875 829 950 adhibeat
880 892 894 930 :

320 984 491 1031 stram
522 969 925 1027 institutionem
959 964 1335 1033 conscriptum
1362 962 1503 1019 est".

885 1056 1113 1115 CAPUT
1165 1054 1309 1110 XIX.

319 1175 521 1232 Manlio
574 1173 767 1227 Maria:
816 1168 1047 1225 Aarom's
1122 1165 1324 1223 sororis
1374 1163 1531 1229 quasi
1580 1163 1732 1233 ejus,
1784 1178 1902 1234 qua:

527 1245 684 1313 hujus
722 1241 938 1314 perfecti
979 1238 1131 1310 oﬂicii
1177 1237 1439 1291 rationem
1478 1235 1685 1290 inierit.

388 1358 561 1413 Nobis
604 1371 751 1419 vero,
810 1365 867 1409 ut
906 1353 1021 1408 haec
1066 1352 1184 1424 ipsa
1241 1355 1775 1411 commentaremnr,
1805 1361 1901 1402 oe-

317 1453 594 1508 casiunem
631 1449 781 1505 dedit
816 1448 1166 1519 prophetissa
1217 1445 1388 1500 Maria
1409 1486 1425 1511 ,
1455 1458 1577 1514 quae
1624 1443 1902 1498 exsiccata

320 1542 455 1597 mari
489 1542 948 1612 transmissaque,
1005 1538 1295 1593 mulierum
1349 1535 1521 1590 choro
1551 1534 1751 1604 stipata
1775 1547 1901 1587 cum

317 1645 486 1700 esset,
545 1650 750 1692 canoro
784 1643 1042 1707 tympano
1114 1628 1436 1702 praecinit“:
1475 1625 1711 1683 fortasse
1753 1624 1900 1681 enim

317 1731 412 1786 illa
468 1728 713 1784 historia:
742 1723 1191 1782 commemoratio
1244 1729 1507 1793 tympano
1540 1719 1703 1773 tacite
1732 1717 1901 1788 signi-

321 1823 485 1878 ficare
526 1819 743 1875 videtur
790 1816 1184 1889 virginitatem,
1219 1829 1344 1884 quae
1389 1812 1629 1885 primum
1669 1827 1700 1866 a
1730 1810 1900 1866 Maria

962 872 1110 945 quod
1151 871 1297 928 enim
1339 869 1451 925 illis
1474 869 1676 936 evenit,
1734 874 1790 924 et
1853 866 2326 924 adumbrationem
2378 876 2584 923 nostra:
2616 866 2943 939 disciplina}.
2995 868 3212 934 habuit,
3272 876 3328 924 et
3383 866 3451 921 ad
3494 880 3596 919 no-

2601 1046 2832 1101 ΚΕΦΑΛ
2844 1087 2859 1102 .
2898 1047 3000 1100 ιθν.

2003 1159 2223 1232 Μνήμη
2253 1160 2486 1231 Μαρίας
2515 1158 2629 1235 τῆς
2658 1157 2933 1235 ἁδεέῑεοῆς
2966 1158 3203 1235 Ἀαρὼν,
3226 1161 3308 1229 ὡς
3337 1162 3593 1235 ἀρξαμέ-

2287 1228 2400 1300 γῆς
2430 1228 2647 1287 τούτου
2687 1231 2797 1285 τοῦ
2814 1228 3307 1300 κατορθώματος.

2090 1343 2251 1415 Ἦμῖν
2275 1343 2336 1397 δὲ
2363 1342 2546 1398 δίδωσι
2569 1342 2639 1397 τὰ
2670 1340 2894 1398 τοιαῦτα
2921 1342 3170 1398 ὑπονοεῖν
3194 1343 3291 1398 καὶ
3315 1345 3350 1416 ἡ
3380 1346 3596 1417 προφῆ-

2002 1453 2085 1500 τις
2117 1436 2383 1508 Μαριὰμ,
2422 1433 2626 1499 εὐθέως
2664 1434 2803 1506 μετὰ
2833 1434 2935 1508 τὴν
2975 1433 3250 1489 Θάλασσαν
3289 1422 3453 1507 ξηρὸν
3497 1440 3597 1492 καὶ

2002 1525 2199 1598 εὔηχον
2235 1523 2725 1597 μεταχειριζομένη
2748 1523 2811 1578 τὸ
2833 1524 3137 1595 τύμπανον,
3171 1525 3268 1579 καὶ
3293 1525 3389 1579 τοῦ
3426 1528 3595 1598 χοροῦ

2002 1617 2111 1673 τῶν
2156 1616 2434 1687 γυναικῶν
2466 1614 2969 1689 προπομπεύουσαο
3010 1618 3155 1688 τάχα
3198 1617 3307 1690 γὰρ
3354 1618 3447 1672 διὰ
3493 1619 3594 1673 τοῦ

2001 1707 2290 1778 τυμπάνου
2334 1705 2436 1779 τὴν
2464 1704 2760 1777 παρθενίαν
2793 1704 2968 1759 ἔοικεν
2991 1706 3020 1759 ὁ
3046 1704 3203 1775 λόγος
3230 1706 3593 1773 αἰνίττεσθαι,

2003 1797 2111 1852 ὑπὸ
2137 1796 2238 1867 τῆς
2269 1796 2490 1867 Μαρίας
2519 1794 2743 1866 πρώτης
2766 1795 3224 1866 κατορθωθεῖσαν,
3249 1797 3315 1850 δι’
3342 1794 3411 1871 ἦς
3435 1793 3596 1866 οἶμαι

319 1915 536 1973 exculta
584 1920 704 1976 est,
738 1926 836 1982 per
887 1924 1050 1981 quam
1091 1906 1420 1964 crediderim
1452 1905 1545 1961 Dei
1579 1904 1897 1976 genitricem

2005 1890 2099 1946 καὶ
2130 1889 2231 1961 τὴν
2273 1888 2525 1944 θεοτόκον
2563 1888 3063 1959 προδιατυποῦσθαι
3090 1890 3332 1962 Μαρίαν.
3370 1870 3594 1962 γὀσπερ

323 2004 546 2060 Mariam
579 2001 984 2073 prmsignatam.
1018 1996 1153 2051 Nam
1199 2003 1520 2068 tympanum
1558 1995 1709 2051 omni
1740 2007 1897 2064 aqum

322 2099 554 2153 hutnore
615 2100 903 2163 purgatum
936 2132 951 2157 ,
1001 2088 1360 2159 aridumque,
1414 2101 1669 2157 magnum
1702 2101 1899 2142 sonum

320 2184 519 2241 emittit
548 2201 561 2238 :
595 2182 670 2237 ita
704 2180 988 2251 virginitas
1018 2194 1144 2235 cum
1193 2178 1403 2234 nullum
1442 2175 1605 2248 hujus
1638 2177 1763 2232 vitae
1806 2175 1903 2231 bu-

322 2291 530 2333 morem
565 2274 622 2330 iu
662 2288 722 2329 se
770 2272 1014 2343 colligat,
1049 2270 1198 2325 clara
1228 2279 1284 2325 et
1317 2269 1548 2327 illustris
1579 2268 1815 2326 exsistit.
1841 2266 1902 2324 Si

324 2371 529 2439 itaque.
553 2373 830 2420 mortuum
865 2363 1084 2434 quidem
1143 2378 1345 2434 corpus
1397 2362 1531 2418 illud
1584 2372 1899 2435 tympanum

321 2457 446 2520 fuit.
488 2454 633 2526 quod
665 2453 919 2509 manibus
969 2451 1137 2507 Maria
1187 2452 1499 2520 tractabat,
1545 2454 1903 2524 corporisque

321 2549 611 2606 affectuum
643 2545 896 2602 interitus
937 2543 1155 2616 quidem
1190 2543 1479 2616 virginitas
1508 2553 1592 2601 est
1620 2562 1635 2599 :
1671 2543 1903 2600 fortasse

321 2641 538 2712 signum
575 2639 676 2694 hoc
712 2652 822 2692 non
852 2635 1006 2691 valde
1035 2643 1306 2691 remotum
1335 2642 1443 2702 est,
1499 2636 1902 2707 prophetissam

322 2732 469 2789 hanc
503 2729 770 2800 virginem
801 2742 945 2784 esse.
995 2724 1104 2782 Sed
1133 2727 1249 2782 haec
1291 2740 1394 2785 nos
1441 2726 1662 2797 quidem
1693 2726 1906 2797 conjec-

324 2823 467 2880 turis
500 2819 828 2891 quibusdam
881 2828 937 2875 et
988 2817 1341 2889 opinionibus
1372 2858 1387 2883 ,
1455 2833 1566 2873 non
1615 2825 1765 2874 certa
1803 2818 1902 2874 de-

323 2911 720 2968 monstratione
773 2911 847 2965 ita
899 2924 1024 2966 esse
1088 2910 1440 2980 putavimus,
1502 2910 1902 2980 prophetissam

327 3001 551 3055 Mariam
585 2999 857 3070 virginum
888 2998 1052 3054 εαξιυί
1106 2998 1427 3069 praefuisse,
1463 2999 1591 3054 licet
1623 2999 1725 3054 vlri
1756 3000 1902 3056 docti

325 3090 480 3149 multi
524 3103 643 3142 eam
703 3086 957 3144 caelibem
1013 3086 1183 3145 fuisse
1217 3098 1401 3158 aperte
1443 3088 1899 3158 pronuntiarint,

323 3181 580 3250 quoniam
650 3179 706 3234 in
770 3179 935 3235 nullis
987 3180 1341 3236 historiarum
1407 3179 1778 3236 monumentis
1833 3179 1902 3234 de

323 3272 445 3342 ejus
478 3269 850 3335 matrimonio,
884 3277 978 3324 aut
1025 3270 1318 3326 liberorum
1374 3270 1754 3341 procreatione
1786 3285 1901 3326 me—

325 3362 513 3418 moriae
573 3362 851 3433 proditum
927 3369 1034 3417 est.
1080 3362 1296 3433 Alioqui
1348 3377 1457 3417 non
1491 3377 1521 3417 α
1570 3361 1738 3418 fratre
1784 3362 1902 3432 ejus

322 3457 557 3516 Aarone,
590 3450 684 3508 sed
723 3466 754 3505 a
789 3451 927 3514 viro,
969 3452 1014 3506 si
1055 3450 1359 3513 habuisset,
1401 3451 1677 3507 nominata
1712 3459 1858 3508 esset
1887 3467 1901 3505 :

322 3546 451 3616 quia
481 3560 589 3600 non
637 3544 828 3612 frater,
874 3543 971 3599 sed
1005 3544 1088 3598 vir
1134 3543 1322 3599 uxoris
1354 3553 1520 3615 caput
1563 3544 1900 3601 nominatur.

322 3641 393 3693 At
441 3651 569 3693 vero
606 3636 652 3691 si
688 3650 719 3690 a
777 3635 980 3706 quibus
1009 3634 1066 3689 in
1125 3632 1524 3691 benedictionis
1556 3644 1711 3705 parte
1767 3636 1904 3692 libe-

324 3744 510 3784 rorum
551 3728 860 3798 procreatio
888 3726 1244 3797 expetebatur
1274 3766 1290 3790 ,
1337 3726 1406 3782 iis
1458 3727 1625 3784 etiam
1660 3726 1901 3797 legitima

262 3856 271 3859 -
325 3820 427 3873 fuit
466 3828 519 3873 et
570 3819 797 3873 honesta
847 3818 1178 3888 virginitatis
1212 3818 1429 3888 gratia;
1472 3820 1747 3890 quomodo
1775 3834 1898 3883 nos,

323 3908 416 3981 qui
467 3908 767 3965 secundum
816 3923 1035 3964 carnem
1066 3908 1278 3965 divinas
1308 3909 1723 3967 benedictioues
1791 3926 1899 3967 non

323 4000 726 4067 cxaudivimus,
767 4017 895 4070 erga
928 4001 1076 4056 illam
1127 4001 1352 4058 allectos
1407 4018 1530 4060 esse
1582 4004 1780 4060 decet?
1813 4003 1903 4057 Di-

324 4093 468 4150 vinis
535 4093 681 4148 enim
737 4092 1087 4150 sermonibus
1142 4101 1392 4165 apertum
1450 4104 1505 4151 et
1568 4095 1900 4167 patefactum

322 4193 427 4250 est,
486 4185 706 4257 quando
757 4196 811 4243 et
848 4188 1137 4258 concipere
1183 4195 1238 4243 et
1286 4202 1480 4259 parere
1531 4189 1773 4245 salutare
1805 4188 1899 4251 sit,

323 4279 536 4352 quodve
565 4280 747 4336 multae
780 4280 951 4352 prolis
980 4292 1152 4352 genus
1183 4295 1215 4336 a
1245 4281 1613 4337 sanctissimis
1645 4280 1738 4337 Dei
1766 4281 1900 4337 viris

320 4380 689 4443 expeteretur.
741 4370 879 4428 Nam
923 4380 978 4429 et
1015 4373 1277 4444 propheta
1325 4374 1528 4440 Isaias,
1578 4381 1632 4433 et
1681 4374 1900 4431 divinus

320 4464 618 4534 Apostolus
644 4462 761 4519 haec
799 4463 919 4533 ipsa
966 4473 1152 4534 aperte
1207 4464 1591 4535 sapienterque
1622 4465 1900 4535 signiﬁca-

2000 1983 2110 2054 γὰρ
2151 1981 2212 2036 τὸ
2268 1980 2551 2053 τύμπανον
2612 1979 2783 2035 πολὺν
2835 1979 2930 2034 τὸν
2980 1975 3114 2052 ἦχον
3165 1980 3356 2052 ἀφίησι
3407 1982 3599 2054 πάσης

2005 2073 2228 2146 ίκμὰδος
2248 2073 2680 2146 κεχωρισμένον,
2720 2073 2815 2126 καὶ
2857 2071 3021 2145 ξηρὸν
3049 2074 3130 2137 είς
3153 2074 3321 2146 ἄκρον
3363 2076 3598 2148 γενόμε-

1999 2180 2088 2219 νον
2110 2181 2126 2197 ο
2162 2161 2306 2217 οὕτω
2328 2162 2424 2218 καὶ
2452 2164 2485 2234 ή
2518 2162 2781 2235 παρθενία
2806 2162 3038 2236 λαμπρά
3066 2181 3128 2218 τε
3153 2167 3247 2220 καὶ
3268 2168 3599 2239 περιδόητος

2001 2255 2228 2324 γίνεται,
2263 2254 2429 2327 μηδὲν
2469 2256 2528 2309 ὲν
2573 2256 2741 2327 ἑαυτῇ
2779 2255 2880 2327 τῆς
2915 2253 3154 2328 ζωτικῆς
3189 2258 3414 2329 ἰκμάδος
3446 2262 3599 2318 κατὰ

1997 2343 2090 2396 τὸν
2140 2342 2254 2414 βίον
2294 2342 2484 2397 τοῦτον
2535 2342 2968 2416 προσδεχομένη.
3015 2345 3079 2399 El
3120 2341 3216 2401 οὖν
3248 2348 3439 2419 νεκρδν
3488 2351 3596 2422 μὲν

2001 2436 2162 2509 σῶμα
2195 2435 2258 2492 τὸ
2293 2435 2612 2509 τύμπανον,
2653 2436 2792 2508 ὅπερ
2841 2438 2875 2509 ἠ
2917 2438 3106 2511 Μαρία
3149 2442 3547 2514 μετεχειρίζετο
3575 2461 3594 2478 ο

1999 2529 2263 2602 νέκρωσις
2289 2529 2347 2583 δὲ
2380 2528 2631 2600 σώματος
2658 2530 2693 2601 ή
2724 2530 2994 2602 παρθενία
3017 2532 3168 2588 ἐστί’
3197 2534 3338 2605 τάχα
3361 2536 3421 2589 οὐ
3452 2537 3593 2595 πολὺ

1999 2622 2093 2678 τοῦ
2145 2622 2355 2689 εἰκότος
2411 2622 2475 2676 τὸ
2519 2622 2788 2695 παρθένον
2829 2618 2971 2679 εἶναι
3022 2625 3124 2698 τὴν
3170 2626 3442 2699 προφῆτιν
3480 2629 3594 2682 ἀπφ

1998 2714 2355 2784 εσχοίνισται.
2418 2714 2581 2769 Ἀλλὰ
2625 2713 2800 2770 ταῦτα
2844 2716 2944 2788 μὲν
2990 2721 3317 2790 ποχασμοῖς
3356 2736 3468 2775 τισι
3495 2721 3595 2776 καὶ

2007 2804 2303 2871 ὑπονοίαις,
2332 2805 2435 2861 οὐκ
2472 2808 2538 2861 ὲκ
2577 2809 2818 2879 φανερᾶς
2855 2808 3185 2877 ἀποδείξεως
3216 2810 3395 2878 οὕτως
3448 2812 3594 2885 ἔχειν

2001 2897 2407 2970 ὑπενοήσαμεν,
2443 2899 2505 2954 τὸ
2540 2898 2639 2970 τὴν
2688 2900 2960 2972 προφῆτιν
2999 2902 3221 2975 Μαρίαν
3279 2903 3369 2959 τοῦ
3425 2906 3593 2979 χοροῦ

1999 2989 2107 3044 τῶν
2156 2990 2444 3063 παρθένων
2481 2993 2790 3063 ἡγήσασθαι
2812 3010 2828 3025 ’
2867 2995 2917 3048 εί
2973 2995 3070 3049 καὶ
3108 2995 3291 3051 πολλοὶ
3346 2998 3456 3052 τῶν
3492 2999 3593 3052 ἑπ-

2000 3081 2356 3152 εσκεμμένων
2381 3082 2595 3154 ἄγαμον
2620 3084 2791 3157 αὐτὴν
2816 3085 3002 3156 σαφῶς
3024 3089 3393 3160 ἀπεφήναντο,
3414 3091 3478 3144 ἐκ
3495 3090 3591 3147 τοῦ

2009 3172 2258 3244 μηδαμοῦ
2290 3173 2391 3245 τῆς
2427 3176 2669 3249 ἱστορίας
2707 3178 2889 3250 γάμον
2920 3179 3016 3233 καὶ
3048 3182 3393 3239 παιδοποιίαν
3420 3184 3594 3252 αὐτῆς

2008 3262 2398 3335 μνημονεῦσαι.
2428 3260 2507 3318 Ἦ
2537 3265 2647 3337 γὰρ
2680 3267 2748 3321 ἂν
2792 3268 2894 3324 οὐκ
2932 3268 2997 3324 ἐκ
3034 3269 3129 3324 τοῦ
3159 3271 3390 3343 ἀδελφοῦ
3422 3273 3595 3346 αὐτῆς

2018 3354 2247 3426 Ἀαρὼν,
2261 3355 2376 3409 ἀλλ’
2390 3358 2454 3411 ὲκ
2471 3356 2566 3410 τοῦ
2582 3357 2795 3429 ἀνδρὸς,
2813 3359 2973 3434 εἴπερ
2987 3356 3077 3434 ἦν,
3090 3362 3408 3435 ὡνομὰξετό
3419 3382 3479 3419 τε
3494 3367 3596 3421 καὶ

2005 3447 2357 3520 ἐγνωρίζετο·
2397 3449 2586 3523 ἐπειδὴ
2620 3452 2829 3524 κεφαλὴ
2856 3454 3140 3522 γυκαικδς,
3163 3456 3263 3528 οὐχ
3289 3458 3319 3513 ὁ
3339 3456 3593 3527 ἀδελφὸς,

2004 3537 2119 3593 ἀλλ’
2147 3541 2176 3593 ὁ
2200 3538 2340 3615 ἀνὴρ
2366 3542 2823 3615 προσηγόρευται.
2850 3545 3045 3599 Καίτοι
3076 3546 3209 3620 παρ’
3239 3542 3320 3612 οἷς
3344 3549 3404 3602 ὲν
3436 3548 3595 3603 εὐλο-

2003 3632 2129 3702 γίας
2177 3634 2334 3705 μέρει
2359 3634 2423 3688 τὸ
2456 3634 2788 3692 παιδοποιεῖν
2825 3638 3188 3705 ἐσπουδάζετο
3232 3640 3329 3696 καὶ
3358 3641 3595 3712 νόμιμον

2001 3718 2091 3794 ἦν,
2122 3725 2171 3777 εί
2199 3724 2392 3794 φανείη
2418 3724 2599 3797 τίμιον
2622 3725 2686 3780 τὸ
2711 3727 2812 3798 τῆς
2842 3728 3140 3800 παρθενίας
3167 3731 3431 3804 χάρισμα,
3467 3731 3597 3797 πῶς

2003 3815 2152 3887 ἡμᾶς
2180 3817 2445 3888 προσήκει
2477 3817 2572 3872 καὶ
2601 3818 2730 3890 περὶ
2762 3819 2970 3890 ταύτην
3004 3820 3150 3892 ἔχειν
3183 3823 3311 3887 τοὺς
3339 3823 3415 3894 μὴ
3445 3812 3595 3878 κατὰ

2005 3907 2185 3980 σάρκα
2221 3908 2331 3963 τῶν
2379 3907 2538 3964 θείων
2587 3910 2849 3980 εὐλογιῶν
2901 3911 3292 3981 ὲξακούοντας;
3352 3916 3591 3970 Ἀπεκα-

2003 3998 2179 4072 λύφθη
2213 3999 2321 4071 γὰρ
2353 4000 2443 4056 διὰ
2466 3999 2574 4055 τῶν
2607 4000 2769 4056 θείων
2796 4000 2994 4072 λογίων
3025 4004 3177 4066 ποτε.
3208 4004 3270 4059 τὸ
3296 4008 3591 4077 κωφορεῖν

2002 4109 2063 4146 τε
2109 4094 2204 4147 καὶ
2249 4092 2457 4149 τίκτειν
2507 4093 2711 4164 ἀγαθόν
2755 4095 2909 4160 ἐστι,
2953 4096 3051 4150 καὶ
3098 4099 3251 4155 ποῖον
3298 4092 3436 4161 εἶδος
3484 4098 3595 4169 τῆς

2004 4185 2360 4250 πολυτεκνίας
2388 4185 2541 4258 παρὰ
2569 4188 2682 4251 τοῖς
2721 4188 2901 4257 ἁγίοις
2922 4187 3016 4243 τοῦ
3040 4188 3178 4243 Θεοῦ
3205 4189 3592 4254 ἐσπουδάζετο.

2004 4275 2072 4330 Ὅ
2091 4293 2148 4330 τε
2180 4276 2289 4348 γὰρ
2316 4278 2605 4350 προφήτης
2633 4278 2885 4347 Ἡσαΐας,
2913 4280 3007 4335 καὶ
3033 4282 3062 4335 ὁ
3088 4279 3229 4345 θεῖος
3266 4281 3595 4348 ’Δπὸστολος

2002 4369 2247 4443 ἐναργῶς
2275 4370 2449 4426 ταῦτα
2475 4372 2571 4427 καὶ
2594 4370 2774 4443 σοφῶς
2807 4372 3142 4445 διεσήμαναν
3159 4388 3175 4405 ⁸
3200 4375 3229 4428 ὁ
3262 4375 3364 4447 μὲν
3390 4375 3591 4465 λέγων·

2008 4481 2028 4515 ι
2068 4462 2200 4517 Ἀπὸ
2225 4462 2318 4516 τοῦ
2350 4463 2517 4535 φόϐου
2546 4480 2664 4528 σου,
2689 4465 2884 4539 Κύριε,
2910 4468 2969 4521 ἐν
2993 4468 3192 4539 γαστρὶ
3219 4462 3489 4540 ἐλάϐομεν
3510 4484 3527 4501 ’
3565 4486 3587 4520 ι

321 4561 491 4609 runt:
525 4568 671 4608 unus
717 4552 938 4623 quidem
989 4552 1076 4609 his
1125 4554 1346 4608 verbis:
1385 4571 1404 4608 ι
1445 4553 1490 4608 Α
1535 4553 1732 4609 timore
1764 4563 1897 4621 tuo,

2006 4555 2035 4607 ὁ
2084 4554 2142 4609 δὲ
2189 4554 2542 4628 καυχώμενος
2591 4557 2686 4611 ἐπὶ
2733 4558 2814 4630 τῷ
2865 4558 3085 4614 πάντων
3122 4558 3380 4630 γενέσθαι
3424 4560 3595 4615 πολυ-

320 4643 572 4710 Domine,
626 4644 682 4699 in
713 4652 869 4699 utero
899 4643 1244 4712 accepimus,
1296 4652 1351 4698 et
1386 4645 1808 4715 parturivimus,
1844 4656 1899 4704 et

319 4734 668 4809 peperimus”
694 4750 707 4788 :
733 4752 753 4787 ο
796 4734 934 4789 alter
973 4749 1104 4789 vero
1153 4734 1222 4790 de
1279 4736 1468 4791 sobole
1519 4738 1764 4794 omnium
1796 4756 1901 4796 nu—

322 4826 698 4883 merosissima
746 4840 806 4882 se
857 4824 1093 4895 jactans,
1125 4833 1187 4880 ut
1237 4833 1293 4882 et
1342 4826 1597 4884 civitates
1655 4829 1899 4900 integras

320 4923 374 4971 et
425 4916 674 4973 nationes
721 4916 1035 4987 pepererit:
1088 4930 1215 4971 cum
1264 4930 1372 4972 non
1431 4916 1748 4975 Corinthios
1806 4936 1900 4977 so-

321 5008 432 5062 lum
482 5005 823 5077 Balatasque
867 5008 984 5063 suis
1014 5007 1296 5064 laboribus
1329 5008 1397 5064 ad
1436 5009 1611 5066 lucem
1658 5011 1902 5069 adduxe-

320 5099 391 5154 rit
440 5105 493 5153 et
526 5097 591 5152 ad
654 5095 749 5152 Dei
783 5098 1100 5169 religionem
1130 5099 1540 5168 informaverit,
1581 5103 1675 5159 sed
1707 5104 1776 5160 ab
1803 5102 1898 5160 Je~

319 5189 594 5261 rosolyma
647 5188 887 5261 undique
926 5191 1048 5247 illas
1104 5207 1296 5250 omnes
1345 5195 1677 5251 continentis
1718 5197 1898 5266 regio-

321 5297 417 5345 nos
474 5270 652 5354 usque
704 5283 760 5339 in
806 5283 1080 5360 Illyricum
1131 5288 1248 5342 suis
1280 5286 1470 5344 liberis
1510 5288 1895 5360 expleverit“,

318 5389 457 5442 «pios
490 5373 766 5446 Evangelii
797 5358 1000 5434 viriute
1052 5377 1280 5435 Domino
1337 5381 1547 5450 genuit.
1587 5358 1661 5435 ita
1702 5382 1898 5438 beatus

320 5461 376 5516 in
419 5463 707 5534 Evangelia
751 5465 1078 5535 praedicatur
1128 5476 1334 5527 sauctze
1378 5469 1625 5541 Virginis
1683 5481 1894 5537 venter,

318 5551 413 5618 qui
468 5554 821 5612 immaculato
878 5559 1057 5629 partui
1112 5560 1497 5618 ministravit:
1540 5565 1666 5634 quia
1720 5579 1897 5635 neque

386 5706 407 5737 ⁸
438 5702 541 5761 lsa.
581 5722 667 5773 ιτ,
697 5709 749 5765 8.
834 5712 854 5743 ⁸
895 5710 1126 5778 Zachar.
1164 5731 1217 5779 v,
1249 5715 1300 5769 7.
1374 5717 1394 5748 ⁷
1428 5715 1585 5796 ίίοιι.
1620 5733 1710 5785 xv,
1773 5717 1826 5773 4.

2010 5723 2135 5779 καί.
2172 5740 2263 5794 xv,
2292 5726 2380 5781 9.8.

2006 4646 2332 4716 γονώτατος,
2366 4648 2443 4712 ὡς
2473 4647 2656 4712 πόλεις
2683 4649 2812 4714 ὅλας
2837 4651 2929 4704 καὶ
2967 4650 3095 4723 ἔθνη
3124 4652 3466 4723 κυοφορῆσαι
3486 4668 3500 4682 ⁸
3525 4652 3596 4707 οὐ

2008 4736 2170 4808 μόνον
2206 4739 2527 4810 Κορινθίους
2563 4740 2657 4795 καὶ
2694 4741 2940 4806 Γαλάτας
2969 4741 3059 4796 διὰ
3088 4741 3196 4796 τῶν
3218 4742 3439 4796 οἰκείων
3463 4743 3598 4796 ὠδί-

2005 4845 2113 4883 νων
2144 4831 2225 4895 είς
2248 4830 2366 4900 φῶς
2394 4831 2637 4903 ἀγαγὼν,
2664 4835 2760 4888 καὶ
2793 4835 2851 4889 ὲν
2883 4835 3076 4908 Κυρίῳ
3110 4834 3430 4908 μορφώσας,
3456 4835 3597 4891 ἀλλὰ

2005 4923 2100 4977 καὶ
2125 4922 2237 4979 ἀπὸ
2273 4925 2629 4997 Ἰερουσαλὴμ
2647 4927 2853 5000 κύκλῳ,
2869 4929 2967 4982 καὶ
2983 4928 3143 5001 μέχρι
3162 4928 3258 4982 τοῦ
3293 4928 3593 4997 Ἰλλυρικοῦ

2007 5015 2450 5088 καταπληρώσας
2491 5018 2602 5073 τῶν
2654 5019 2801 5074 ίδίων
2844 5020 3053 5075 τέκνων
3091 5021 3192 5091 τὴν
3239 5022 3591 5095 οἰκουμένην,

2004 5108 2149 5178 ειπερ
2169 5110 2227 5162 ὲν
2257 5109 2479 5182 Χριστῷ
2498 5110 2586 5165 διὰ
2609 5110 2705 5166 τοῦ
2729 5112 3063 5182 Εὐαγγελίου
3096 5112 3369 5184 ἐγέννησε.
3405 5115 3595 5186 Τούτῳ

2007 5200 2370 5273 μακαρίζεται
2395 5203 2489 5257 καὶ
2515 5205 2573 5257 ὲν
2602 5203 3031 5276 τῷσΕύαγγελίῳ
3061 5205 3095 5276 ἡ
3128 5206 3227 5277 τῆς
3253 5205 3419 5274 ἁγίας
3446 5206 3593 5276 Hap-

2005 5291 2156 5345 θένου
2188 5282 2386 5359 κόιλία,
2412 5295 2446 5364 ή
2471 5292 2548 5364 τῷ
2584 5295 2839 5367 ἀχράντῳ
2865 5296 3011 5368 τόκῳ
3054 5298 3453 5370 ὑπηρετήσασα
3473 5315 3488 5330 ·
3517 5299 3593 5360 ὡς

2003 5380 2126 5434 οὔτε
2173 5380 2269 5434 τοῦ
2311 5384 2475 5438 τόκου
2526 5384 2626 5456 τὴν
2666 5386 2966 5458 παρθενίαν
3002 5388 3283 5455 λύσαντος,
3327 5390 3456 5445 οὔτε
3490 5390 3592 5462 τῆς

2005 5472 2306 5543 παρθενίας
2332 5478 2400 5547 τῇ
2434 5478 2659 5552 τοιαύτῃ
2684 5481 2950 5554 κυοφορίᾳ
2982 5482 3235 5554 ἐμποδὼν
3269 5485 3590 5556 γενομένης.

2005 5566 2182 5621 Ὅπου
2249 5570 2358 5642 γὰρ
2430 5574 2645 5645 πνεῦμα
2725 5578 2996 5651 σωτηρίας
3050 5580 3347 5648 γεννᾶται,
3408 5580 3593 5646 καθὼς

2498 5733 2519 5763 ο
2565 5730 2663 5787 lsa.
2712 5748 2862 5798 xxw,
2903 5734 2986 5790 18.
3106 5738 3148 5771 ¹⁰
3188 5735 3343 5793 Rom.
3380 5751 3473 5803 xv,
3501 5734 3599 5794 f9.

2530 6011 2572 6042 λ
