  <div class='ocr_page' id='page_1' title='image "/cluster/home/n/w/nwhite01/storage/ocr_20150623/46/hvd.32044054112198/214.png"; bbox 0 0 3896 6204; ppageno 0'>
   <div class='ocr_carea' id='block_1_1' title="bbox 324 241 505 309">
    <p class='ocr_par' dir='ltr' id='par_1_1' title="bbox 324 241 505 309">
     <span class='ocr_line' id='line_1_1' title="bbox 324 241 505 309; baseline -0.022 0"><span class='ocrx_word' id='word_1_1' title='bbox 324 241 505 309; x_wconf 66' lang='grc'><strong>397’</strong></span> 
     </span>
    </p>
   </div>
   <div class='ocr_carea' id='block_1_2' title="bbox 1570 228 2265 310">
    <p class='ocr_par' dir='ltr' id='par_1_2' title="bbox 1570 228 2265 310">
     <span class='ocr_line' id='line_1_2' title="bbox 1570 228 2265 310; baseline 0.013 -10"><span class='ocrx_word' id='word_1_2' title='bbox 1570 228 1575 233; x_wconf 83' lang='grc'><strong>’</strong></span> <span class='ocrx_word' id='word_1_3' title='bbox 1677 245 1765 301; x_wconf 72' lang='lat' dir='ltr'><strong>ne</strong></span> <span class='ocrx_word' id='word_1_4' title='bbox 1798 244 2265 310; x_wconf 74' lang='lat' dir='ltr'><strong>vmcmmrs.</strong></span> 
     </span>
    </p>
   </div>
   <div class='ocr_carea' id='block_1_3' title="bbox 3506 257 3612 316">
    <p class='ocr_par' dir='ltr' id='par_1_3' title="bbox 3506 257 3612 316">
     <span class='ocr_line' id='line_1_3' title="bbox 3506 257 3612 316; baseline 0 -1"><span class='ocrx_word' id='word_1_5' title='bbox 3506 257 3612 316; x_wconf 73' lang='lat'><strong>398</strong></span> 
     </span>
    </p>
   </div>
   <div class='ocr_carea' id='block_1_4' title="bbox 338 354 1929 441">
    <p class='ocr_par' dir='ltr' id='par_1_4' title="bbox 338 354 1924 433">
     <span class='ocr_line' id='line_1_4' title="bbox 338 354 1924 433; baseline -0.008 -17"><span class='ocrx_word' id='word_1_6' title='bbox 338 359 582 424; x_wconf 75' lang='grc' dir='ltr'>Ἦσατας</span> <span class='ocrx_word' id='word_1_7' title='bbox 612 355 806 430; x_wconf 76' lang='grc' dir='ltr'>φησὶν,</span> <span class='ocrx_word' id='word_1_8' title='bbox 836 354 1089 429; x_wconf 77' lang='grc' dir='ltr'>ἄχρηστα</span> <span class='ocrx_word' id='word_1_9' title='bbox 1118 356 1337 421; x_wconf 75' lang='grc' dir='ltr'>πάντως</span> <span class='ocrx_word' id='word_1_10' title='bbox 1381 356 1481 427; x_wconf 80' lang='grc' dir='ltr'>τῆς</span> <span class='ocrx_word' id='word_1_11' title='bbox 1520 358 1721 429; x_wconf 80' lang='grc' dir='ltr'>σαρκὸς</span> <span class='ocrx_word' id='word_1_12' title='bbox 1765 359 1924 433; x_wconf 52' lang='lat' dir='ltr'><strong>esu]-</strong></span> 
     </span>
    </p>
   </div>
   <div class='ocr_carea' id='block_1_5' title="bbox 2033 354 3611 441">
    <p class='ocr_par' dir='ltr' id='par_1_5' title="bbox 2033 364 3611 441">
     <span class='ocr_line' id='line_1_5' title="bbox 2033 364 3611 441; baseline 0.002 -22"><span class='ocrx_word' id='word_1_13' title='bbox 2033 373 2212 436; x_wconf 86' lang='lat' dir='ltr'><strong>partus</strong></span> <span class='ocrx_word' id='word_1_14' title='bbox 2245 364 2611 437; x_wconf 81' lang='lat' dir='ltr'><strong>virginitatem</strong></span> <span class='ocrx_word' id='word_1_15' title='bbox 2636 368 2888 423; x_wconf 86' lang='lat' dir='ltr'><strong>dissolvit</strong></span> <span class='ocrx_word' id='word_1_16' title='bbox 2910 413 2922 433; x_wconf 83' lang='lat'><strong>,</strong></span> <span class='ocrx_word' id='word_1_17' title='bbox 2960 385 3136 441; x_wconf 86' lang='lat' dir='ltr'><strong>neque</strong></span> <span class='ocrx_word' id='word_1_18' title='bbox 3167 370 3454 441; x_wconf 76' lang='lat' dir='ltr'><strong>virginitas</strong></span> <span class='ocrx_word' id='word_1_19' title='bbox 3482 369 3611 423; x_wconf 82' lang='lat' dir='ltr'><strong>huic</strong></span> 
     </span>
    </p>
   </div>
   <div class='ocr_carea' id='block_1_6' title="bbox 336 449 1931 526">
    <p class='ocr_par' dir='ltr' id='par_1_6' title="bbox 336 449 1931 526">
     <span class='ocr_line' id='line_1_6' title="bbox 336 449 1931 526; baseline -0.001 -17"><span class='ocrx_word' id='word_1_20' title='bbox 336 470 514 526; x_wconf 78' lang='grc' dir='ltr'>ματα.</span> <span class='ocrx_word' id='word_1_21' title='bbox 550 453 706 507; x_wconf 80' lang='grc' dir='ltr'>Ἐστι</span> <span class='ocrx_word' id='word_1_22' title='bbox 725 449 784 505; x_wconf 83' lang='grc' dir='ltr'>δέ</span> <span class='ocrx_word' id='word_1_23' title='bbox 807 468 893 519; x_wconf 65' lang='grc' dir='ltr'><strong>τις</strong></span> <span class='ocrx_word' id='word_1_24' title='bbox 926 451 1023 519; x_wconf 70' lang='grc' dir='ltr'>καὶ</span> <span class='ocrx_word' id='word_1_25' title='bbox 1049 449 1202 521; x_wconf 84' lang='grc' dir='ltr'><strong>παρά</strong></span> <span class='ocrx_word' id='word_1_26' title='bbox 1228 450 1307 521; x_wconf 82' lang='grc' dir='ltr'>τῷ</span> <span class='ocrx_word' id='word_1_27' title='bbox 1351 450 1662 522; x_wconf 78' lang='grc' dir='ltr'>’Δποστόλῳ</span> <span class='ocrx_word' id='word_1_28' title='bbox 1690 453 1931 517; x_wconf 78' lang='grc' dir='ltr'>τοιοῦτος</span> 
     </span>
    </p>
   </div>
   <div class='ocr_carea' id='block_1_7' title="bbox 330 541 1932 617">
    <p class='ocr_par' dir='ltr' id='par_1_7' title="bbox 330 541 1932 617">
     <span class='ocr_line' id='line_1_7' title="bbox 330 541 1932 617; baseline -0.003 -16"><span class='ocrx_word' id='word_1_29' title='bbox 330 547 526 615; x_wconf 54' lang='grc' dir='ltr'>λόγος,</span> <span class='ocrx_word' id='word_1_30' title='bbox 549 544 624 609; x_wconf 80' lang='grc' dir='ltr'>ὥς</span> <span class='ocrx_word' id='word_1_31' title='bbox 645 545 755 617; x_wconf 77' lang='grc' dir='ltr'>ἄρα</span> <span class='ocrx_word' id='word_1_32' title='bbox 782 542 1006 609; x_wconf 83' lang='grc' dir='ltr'><strong>διπλοῦς</strong></span> <span class='ocrx_word' id='word_1_33' title='bbox 1026 543 1186 615; x_wconf 81' lang='grc' dir='ltr'>ἡμῶν</span> <span class='ocrx_word' id='word_1_34' title='bbox 1208 544 1355 597; x_wconf 89' lang='grc' dir='ltr'>ἐστιν</span> <span class='ocrx_word' id='word_1_35' title='bbox 1383 543 1412 596; x_wconf 79' lang='grc' dir='ltr'><strong>ὁ</strong></span> <span class='ocrx_word' id='word_1_36' title='bbox 1437 541 1560 596; x_wconf 86' lang='grc' dir='ltr'>καθ’</span> <span class='ocrx_word' id='word_1_37' title='bbox 1583 541 1813 596; x_wconf 69' lang='grc' dir='ltr'>ἕκαστον</span> <span class='ocrx_word' id='word_1_38' title='bbox 1838 542 1932 597; x_wconf 80' lang='grc' dir='ltr'><strong>ἇν-</strong></span> 
     </span>
    </p>
   </div>
   <div class='ocr_carea' id='block_1_8' title="bbox 338 626 1931 709">
    <p class='ocr_par' dir='ltr' id='par_1_8' title="bbox 338 626 1931 709">
     <span class='ocr_line' id='line_1_8' title="bbox 338 626 1931 709; baseline -0.003 -17"><span class='ocrx_word' id='word_1_39' title='bbox 338 638 563 709; x_wconf 72' lang='grc' dir='ltr'>θρωπος</span> <span class='ocrx_word' id='word_1_40' title='bbox 582 652 597 667; x_wconf 79' lang='grc'><em>’</em></span> <span class='ocrx_word' id='word_1_41' title='bbox 624 637 654 690; x_wconf 79' lang='grc' dir='ltr'><strong>ὁ</strong></span> <span class='ocrx_word' id='word_1_42' title='bbox 683 634 783 707; x_wconf 81' lang='grc' dir='ltr'>μὲν</span> <span class='ocrx_word' id='word_1_43' title='bbox 808 634 1086 707; x_wconf 77' lang='grc' dir='ltr'><strong>ὁρώμενος</strong></span> <span class='ocrx_word' id='word_1_44' title='bbox 1111 634 1329 701; x_wconf 73' lang='grc' dir='ltr'>ἔξωθεν,</span> <span class='ocrx_word' id='word_1_45' title='bbox 1363 626 1408 703; x_wconf 79' lang='grc' dir='ltr'><strong>ᾧ</strong></span> <span class='ocrx_word' id='word_1_46' title='bbox 1431 633 1491 688; x_wconf 85' lang='grc' dir='ltr'>τὸ</span> <span class='ocrx_word' id='word_1_47' title='bbox 1522 633 1931 706; x_wconf 68' lang='grc' dir='ltr'><strong>διαφθείρεσθαι</strong></span> 
     </span>
    </p>
   </div>
   <div class='ocr_carea' id='block_1_9' title="bbox 338 723 1931 797">
    <p class='ocr_par' dir='ltr' id='par_1_9' title="bbox 338 723 1931 797">
     <span class='ocr_line' id='line_1_9' title="bbox 338 723 1931 797; baseline -0.004 -14"><span class='ocrx_word' id='word_1_48' title='bbox 338 727 484 783; x_wconf 80' lang='grc' dir='ltr'><strong>κατά</strong></span> <span class='ocrx_word' id='word_1_49' title='bbox 519 726 681 797; x_wconf 80' lang='grc' dir='ltr'>φύσιν</span> <span class='ocrx_word' id='word_1_50' title='bbox 722 725 871 779; x_wconf 83' lang='grc' dir='ltr'>ἐστίν</span> <span class='ocrx_word' id='word_1_51' title='bbox 895 739 910 755; x_wconf 76' lang='grc'><strong><em>⁸</em></strong></span> <span class='ocrx_word' id='word_1_52' title='bbox 955 726 986 779; x_wconf 84' lang='grc' dir='ltr'><strong>ὁ</strong></span> <span class='ocrx_word' id='word_1_53' title='bbox 1031 724 1090 778; x_wconf 81' lang='grc' dir='ltr'>δὲ</span> <span class='ocrx_word' id='word_1_54' title='bbox 1124 723 1268 777; x_wconf 84' lang='grc' dir='ltr'><strong>κατά</strong></span> <span class='ocrx_word' id='word_1_55' title='bbox 1307 723 1368 777; x_wconf 78' lang='grc' dir='ltr'>τὸ</span> <span class='ocrx_word' id='word_1_56' title='bbox 1419 723 1794 796; x_wconf 71' lang='grc' dir='ltr'><strong>κρυπτόμενον</strong></span> <span class='ocrx_word' id='word_1_57' title='bbox 1831 725 1931 795; x_wconf 79' lang='grc' dir='ltr'>τῆς</span> 
     </span>
    </p>
   </div>
   <div class='ocr_carea' id='block_1_10' title="bbox 330 813 1924 889">
    <p class='ocr_par' dir='ltr' id='par_1_10' title="bbox 330 813 1924 889">
     <span class='ocr_line' id='line_1_10' title="bbox 330 813 1924 889; baseline -0.003 -15"><span class='ocrx_word' id='word_1_58' title='bbox 330 817 566 889; x_wconf 71' lang='grc' dir='ltr'>καρδίας</span> <span class='ocrx_word' id='word_1_59' title='bbox 594 817 908 886; x_wconf 77' lang='grc' dir='ltr'>νοούμενος,</span> <span class='ocrx_word' id='word_1_60' title='bbox 945 815 1006 879; x_wconf 85' lang='grc' dir='ltr'><strong>δς</strong></span> <span class='ocrx_word' id='word_1_61' title='bbox 1033 813 1340 886; x_wconf 73' lang='grc' dir='ltr'><strong>ἐπιδέχεται</strong></span> <span class='ocrx_word' id='word_1_62' title='bbox 1381 815 1442 869; x_wconf 85' lang='grc' dir='ltr'>τὸ</span> <span class='ocrx_word' id='word_1_63' title='bbox 1478 814 1924 870; x_wconf 84' lang='grc' dir='ltr'>ἀνακαινοῦσθαι.</span> 
     </span>
    </p>
   </div>
   <div class='ocr_carea' id='block_1_11' title="bbox 333 904 1928 979">
    <p class='ocr_par' dir='ltr' id='par_1_11' title="bbox 333 904 1928 979">
     <span class='ocr_line' id='line_1_11' title="bbox 333 904 1928 979; baseline -0.001 -16"><span class='ocrx_word' id='word_1_64' title='bbox 333 911 402 963; x_wconf 79' lang='grc' dir='ltr'><strong>Εἰ</strong></span> <span class='ocrx_word' id='word_1_65' title='bbox 436 904 533 963; x_wconf 78' lang='grc' dir='ltr'><strong>οὗν</strong></span> <span class='ocrx_word' id='word_1_66' title='bbox 554 908 764 979; x_wconf 71' lang='grc' dir='ltr'>ἀληθὴς</span> <span class='ocrx_word' id='word_1_67' title='bbox 785 908 815 962; x_wconf 85' lang='grc' dir='ltr'>ὁ</span> <span class='ocrx_word' id='word_1_68' title='bbox 855 906 1011 976; x_wconf 83' lang='grc' dir='ltr'>λόγος</span> <span class='ocrx_word' id='word_1_69' title='bbox 1040 905 1301 977; x_wconf 76' lang='grc' dir='ltr'>(πάντως</span> <span class='ocrx_word' id='word_1_70' title='bbox 1351 905 1409 961; x_wconf 81' lang='grc' dir='ltr'>δέ</span> <span class='ocrx_word' id='word_1_71' title='bbox 1436 908 1583 960; x_wconf 82' lang='grc' dir='ltr'>ἐστιν</span> <span class='ocrx_word' id='word_1_72' title='bbox 1609 906 1815 978; x_wconf 85' lang='grc' dir='ltr'>ἀληθὴς</span> <span class='ocrx_word' id='word_1_73' title='bbox 1839 906 1928 961; x_wconf 78' lang='grc' dir='ltr'><strong>διὰ</strong></span> 
     </span>
    </p>
   </div>
   <div class='ocr_carea' id='block_1_12' title="bbox 328 996 1929 1072">
    <p class='ocr_par' dir='ltr' id='par_1_12' title="bbox 328 996 1929 1072">
     <span class='ocr_line' id='line_1_12' title="bbox 328 996 1929 1072; baseline -0.002 -18"><span class='ocrx_word' id='word_1_74' title='bbox 328 1000 436 1072; x_wconf 70' lang='grc' dir='ltr'>τὴν</span> <span class='ocrx_word' id='word_1_75' title='bbox 467 1002 527 1054; x_wconf 85' lang='grc' dir='ltr'><strong>ἐν</strong></span> <span class='ocrx_word' id='word_1_76' title='bbox 555 999 709 1070; x_wconf 79' lang='grc' dir='ltr'>αὐτῷ</span> <span class='ocrx_word' id='word_1_77' title='bbox 732 997 999 1054; x_wconf 78' lang='grc' dir='ltr'>λαλοῦσαν</span> <span class='ocrx_word' id='word_1_78' title='bbox 1019 996 1342 1068; x_wconf 81' lang='grc' dir='ltr'>ἀλήθειαν),</span> <span class='ocrx_word' id='word_1_79' title='bbox 1370 997 1524 1051; x_wconf 80' lang='grc' dir='ltr'>οὐδὲν</span> <span class='ocrx_word' id='word_1_80' title='bbox 1551 997 1803 1061; x_wconf 81' lang='grc' dir='ltr'>ἀπεικὸς,</span> <span class='ocrx_word' id='word_1_81' title='bbox 1833 998 1929 1051; x_wconf 77' lang='grc' dir='ltr'>κα).</span> 
     </span>
    </p>
   </div>
   <div class='ocr_carea' id='block_1_13' title="bbox 332 1087 1927 1162">
    <p class='ocr_par' dir='ltr' id='par_1_13' title="bbox 332 1087 1927 1162">
     <span class='ocr_line' id='line_1_13' title="bbox 332 1087 1927 1162; baseline -0.003 -16"><span class='ocrx_word' id='word_1_82' title='bbox 332 1092 518 1162; x_wconf 79' lang='grc' dir='ltr'>γάμον</span> <span class='ocrx_word' id='word_1_83' title='bbox 546 1089 769 1144; x_wconf 80' lang='grc' dir='ltr'>διπλοῦν</span> <span class='ocrx_word' id='word_1_84' title='bbox 791 1090 1017 1154; x_wconf 73' lang='grc' dir='ltr'>ἐννοεῖν,</span> <span class='ocrx_word' id='word_1_85' title='bbox 1049 1088 1296 1159; x_wconf 82' lang='grc' dir='ltr'>ἐκατέρῳ</span> <span class='ocrx_word' id='word_1_86' title='bbox 1323 1087 1432 1150; x_wconf 75' lang='grc' dir='ltr'><strong>τῶν</strong></span> <span class='ocrx_word' id='word_1_87' title='bbox 1468 1090 1526 1141; x_wconf 81' lang='grc' dir='ltr'><strong>ἐν</strong></span> <span class='ocrx_word' id='word_1_88' title='bbox 1553 1091 1686 1160; x_wconf 81' lang='grc' dir='ltr'>ἡμῖν</span> <span class='ocrx_word' id='word_1_89' title='bbox 1716 1088 1927 1161; x_wconf 83' lang='grc' dir='ltr'>ἀνθρὼ-</span> 
     </span>
    </p>
   </div>
   <div class='ocr_carea' id='block_1_14' title="bbox 331 1180 1930 1255">
    <p class='ocr_par' dir='ltr' id='par_1_14' title="bbox 331 1180 1930 1255">
     <span class='ocr_line' id='line_1_14' title="bbox 331 1180 1930 1255; baseline -0.003 -17"><span class='ocrx_word' id='word_1_90' title='bbox 331 1202 461 1238; x_wconf 69' lang='grc' dir='ltr'><strong>πων</strong></span> <span class='ocrx_word' id='word_1_91' title='bbox 488 1182 798 1255; x_wconf 71' lang='grc' dir='ltr'>πρόσφορον</span> <span class='ocrx_word' id='word_1_92' title='bbox 822 1199 881 1236; x_wconf 86' lang='grc' dir='ltr'><strong>τε</strong></span> <span class='ocrx_word' id='word_1_93' title='bbox 908 1181 1004 1236; x_wconf 78' lang='grc' dir='ltr'>καὶ</span> <span class='ocrx_word' id='word_1_94' title='bbox 1032 1180 1387 1252; x_wconf 77' lang='grc' dir='ltr'>κατάλληλονο</span> <span class='ocrx_word' id='word_1_95' title='bbox 1411 1182 1505 1236; x_wconf 59' lang='grc' dir='ltr'><strong>κοιλ⁸</strong></span> <span class='ocrx_word' id='word_1_96' title='bbox 1523 1181 1663 1253; x_wconf 82' lang='grc' dir='ltr'>τάχα</span> <span class='ocrx_word' id='word_1_97' title='bbox 1682 1184 1711 1237; x_wconf 80' lang='grc' dir='ltr'>ὁ</span> <span class='ocrx_word' id='word_1_98' title='bbox 1731 1182 1930 1255; x_wconf 79' lang='grc' dir='ltr'>τολμή-</span> 
     </span>
    </p>
   </div>
   <div class='ocr_carea' id='block_1_15' title="bbox 335 1272 1931 1347">
    <p class='ocr_par' dir='ltr' id='par_1_15' title="bbox 335 1272 1931 1347">
     <span class='ocr_line' id='line_1_15' title="bbox 335 1272 1931 1347; baseline -0.002 -17"><span class='ocrx_word' id='word_1_99' title='bbox 335 1294 443 1341; x_wconf 92' lang='grc' dir='ltr'><strong>σας</strong></span> <span class='ocrx_word' id='word_1_100' title='bbox 468 1276 647 1330; x_wconf 70' lang='grc' dir='ltr'>εἰπεῖν</span> <span class='ocrx_word' id='word_1_101' title='bbox 672 1274 776 1347; x_wconf 78' lang='grc' dir='ltr'>τὴν</span> <span class='ocrx_word' id='word_1_102' title='bbox 805 1274 1126 1347; x_wconf 80' lang='grc' dir='ltr'>σωματικὴν</span> <span class='ocrx_word' id='word_1_103' title='bbox 1154 1272 1453 1347; x_wconf 79' lang='grc' dir='ltr'>παρθενίαν</span> <span class='ocrx_word' id='word_1_104' title='bbox 1477 1273 1571 1328; x_wconf 85' lang='grc' dir='ltr'><strong>τοῦ</strong></span> <span class='ocrx_word' id='word_1_105' title='bbox 1603 1273 1812 1329; x_wconf 80' lang='grc' dir='ltr'>ἔνδοθεν</span> <span class='ocrx_word' id='word_1_106' title='bbox 1836 1274 1931 1329; x_wconf 71' lang='grc' dir='ltr'>καὶ</span> 
     </span>
    </p>
   </div>
   <div class='ocr_carea' id='block_1_16' title="bbox 333 1362 1930 1439">
    <p class='ocr_par' dir='ltr' id='par_1_16' title="bbox 333 1362 1930 1439">
     <span class='ocr_line' id='line_1_16' title="bbox 333 1362 1930 1439; baseline -0.001 -16"><span class='ocrx_word' id='word_1_107' title='bbox 333 1366 712 1439; x_wconf 77' lang='grc' dir='ltr'>πνευματικώ</span> <span class='ocrx_word' id='word_1_108' title='bbox 740 1364 923 1436; x_wconf 81' lang='grc' dir='ltr'><strong>γάμου</strong></span> <span class='ocrx_word' id='word_1_109' title='bbox 956 1362 1217 1436; x_wconf 86' lang='grc' dir='ltr'>συνεργόν</span> <span class='ocrx_word' id='word_1_110' title='bbox 1244 1379 1306 1417; x_wconf 87' lang='grc' dir='ltr'><strong>τε</strong></span> <span class='ocrx_word' id='word_1_111' title='bbox 1347 1363 1443 1417; x_wconf 81' lang='grc' dir='ltr'>καὶ</span> <span class='ocrx_word' id='word_1_112' title='bbox 1480 1364 1741 1435; x_wconf 80' lang='grc' dir='ltr'>πρόξενον</span> <span class='ocrx_word' id='word_1_113' title='bbox 1773 1363 1930 1434; x_wconf 86' lang='grc' dir='ltr'>γενέ-</span> 
     </span>
    </p>
   </div>
   <div class='ocr_carea' id='block_1_17' title="bbox 336 1453 1575 1529">
    <p class='ocr_par' dir='ltr' id='par_1_17' title="bbox 336 1453 1575 1529">
     <span class='ocr_line' id='line_1_17' title="bbox 336 1453 1575 1529; baseline -0.004 -16"><span class='ocrx_word' id='word_1_114' title='bbox 336 1459 488 1527; x_wconf 77' lang='grc' dir='ltr'>σθαι,</span> <span class='ocrx_word' id='word_1_115' title='bbox 514 1458 580 1511; x_wconf 78' lang='grc' dir='ltr'>οὐ</span> <span class='ocrx_word' id='word_1_116' title='bbox 607 1458 803 1529; x_wconf 72' lang='grc' dir='ltr'>πόρρω</span> <span class='ocrx_word' id='word_1_117' title='bbox 828 1455 923 1510; x_wconf 78' lang='grc' dir='ltr'><strong>τοῦ</strong></span> <span class='ocrx_word' id='word_1_118' title='bbox 950 1455 1156 1520; x_wconf 77' lang='grc' dir='ltr'>είκότος</span> <span class='ocrx_word' id='word_1_119' title='bbox 1183 1453 1575 1526; x_wconf 82' lang='grc' dir='ltr'>ἀποτολμήσει.</span> 
     </span>
    </p>
   </div>
   <div class='ocr_carea' id='block_1_18' title="bbox 2034 458 3613 533">
    <p class='ocr_par' dir='ltr' id='par_1_18' title="bbox 2034 458 3613 533">
     <span class='ocr_line' id='line_1_18' title="bbox 2034 458 3613 533; baseline 0.001 -23"><span class='ocrx_word' id='word_1_120' title='bbox 2034 458 2214 528; x_wconf 83' lang='lat' dir='ltr'><strong>partui</strong></span> <span class='ocrx_word' id='word_1_121' title='bbox 2262 458 2650 530; x_wconf 86' lang='lat' dir='ltr'><strong>impedimento</strong></span> <span class='ocrx_word' id='word_1_122' title='bbox 2691 459 2815 516; x_wconf 77' lang='lat' dir='ltr'><strong>fuit.</strong></span> <span class='ocrx_word' id='word_1_123' title='bbox 2847 459 2983 516; x_wconf 83' lang='lat' dir='ltr'><strong>Cum</strong></span> <span class='ocrx_word' id='word_1_124' title='bbox 3025 463 3169 518; x_wconf 85' lang='lat' dir='ltr'><strong>enim</strong></span> <span class='ocrx_word' id='word_1_125' title='bbox 3204 462 3432 533; x_wconf 68' lang='lat' dir='ltr'><strong>Spiritus</strong></span> <span class='ocrx_word' id='word_1_126' title='bbox 3465 460 3613 516; x_wconf 87' lang='lat' dir='ltr'><strong>salu-</strong></span> 
     </span>
    </p>
   </div>
   <div class='ocr_carea' id='block_1_19' title="bbox 2035 548 3612 621">
    <p class='ocr_par' dir='ltr' id='par_1_19' title="bbox 2035 548 3612 621">
     <span class='ocr_line' id='line_1_19' title="bbox 2035 548 3612 621; baseline 0.002 -18"><span class='ocrx_word' id='word_1_127' title='bbox 2035 548 2105 603; x_wconf 90' lang='lat' dir='ltr'><strong>tis</strong></span> <span class='ocrx_word' id='word_1_128' title='bbox 2169 549 2450 616; x_wconf 87' lang='lat' dir='ltr'><strong>nascitur,</strong></span> <span class='ocrx_word' id='word_1_129' title='bbox 2507 557 2568 603; x_wconf 89' lang='lat' dir='ltr'><strong>ut</strong></span> <span class='ocrx_word' id='word_1_130' title='bbox 2618 549 2795 621; x_wconf 82' lang='lat' dir='ltr'><strong>inquit</strong></span> <span class='ocrx_word' id='word_1_131' title='bbox 2844 551 3014 608; x_wconf 85' lang='lat' dir='ltr'><strong>Isaias</strong></span> <span class='ocrx_word' id='word_1_132' title='bbox 3045 593 3061 616; x_wconf 91' lang='lat'><strong>,</strong></span> <span class='ocrx_word' id='word_1_133' title='bbox 3113 555 3335 609; x_wconf 85' lang='lat' dir='ltr'><strong>inutiles</strong></span> <span class='ocrx_word' id='word_1_134' title='bbox 3386 552 3612 609; x_wconf 83' lang='lat' dir='ltr'><strong>omnino</strong></span> 
     </span>
    </p>
   </div>
   <div class='ocr_carea' id='block_1_20' title="bbox 2033 638 3613 712">
    <p class='ocr_par' dir='ltr' id='par_1_20' title="bbox 2033 638 3613 712">
     <span class='ocr_line' id='line_1_20' title="bbox 2033 638 3613 712; baseline 0.002 -19"><span class='ocrx_word' id='word_1_135' title='bbox 2033 645 2161 693; x_wconf 86' lang='lat' dir='ltr'><strong>sunt</strong></span> <span class='ocrx_word' id='word_1_136' title='bbox 2214 639 2399 694; x_wconf 85' lang='lat' dir='ltr'><strong>carnis</strong></span> <span class='ocrx_word' id='word_1_137' title='bbox 2474 638 2805 696; x_wconf 76' lang='lat' dir='ltr'><strong>voluntates.</strong></span> <span class='ocrx_word' id='word_1_138' title='bbox 2862 643 3040 712; x_wconf 82' lang='lat' dir='ltr'><strong>Atque</strong></span> <span class='ocrx_word' id='word_1_139' title='bbox 3076 642 3130 707; x_wconf 87' lang='lat' dir='ltr'><strong>in</strong></span> <span class='ocrx_word' id='word_1_140' title='bbox 3190 643 3333 698; x_wconf 86' lang='lat' dir='ltr'><strong>hanc</strong></span> <span class='ocrx_word' id='word_1_141' title='bbox 3390 649 3613 700; x_wconf 82' lang='lat' dir='ltr'><strong>senten-</strong></span> 
     </span>
    </p>
   </div>
   <div class='ocr_carea' id='block_1_21' title="bbox 2032 727 3611 801">
    <p class='ocr_par' dir='ltr' id='par_1_21' title="bbox 2032 727 3611 801">
     <span class='ocr_line' id='line_1_21' title="bbox 2032 727 3611 801; baseline 0.003 -19"><span class='ocrx_word' id='word_1_142' title='bbox 2032 727 2165 782; x_wconf 89' lang='lat' dir='ltr'><strong>tiam</strong></span> <span class='ocrx_word' id='word_1_143' title='bbox 2219 735 2302 784; x_wconf 79' lang='lat' dir='ltr'><strong>est</strong></span> <span class='ocrx_word' id='word_1_144' title='bbox 2355 728 2552 799; x_wconf 76' lang='lat' dir='ltr'><strong>aliquis</strong></span> <span class='ocrx_word' id='word_1_145' title='bbox 2622 731 2765 800; x_wconf 86' lang='lat' dir='ltr'><strong>apud</strong></span> <span class='ocrx_word' id='word_1_146' title='bbox 2831 730 3153 801; x_wconf 83' lang='lat' dir='ltr'><strong>Apostolum</strong></span> <span class='ocrx_word' id='word_1_147' title='bbox 3227 745 3429 789; x_wconf 85' lang='lat' dir='ltr'><strong>sermo.</strong></span> <span class='ocrx_word' id='word_1_148' title='bbox 3495 731 3611 787; x_wconf 83' lang='lat' dir='ltr'><strong>No-</strong></span> 
     </span>
    </p>
   </div>
   <div class='ocr_carea' id='block_1_22' title="bbox 2034 822 3609 898">
    <p class='ocr_par' dir='ltr' id='par_1_22' title="bbox 2034 822 3609 898">
     <span class='ocr_line' id='line_1_22' title="bbox 2034 822 3609 898; baseline 0.003 -22"><span class='ocrx_word' id='word_1_149' title='bbox 2034 830 2206 877; x_wconf 83' lang='lat' dir='ltr'><strong>strum</strong></span> <span class='ocrx_word' id='word_1_150' title='bbox 2242 822 2474 892; x_wconf 78' lang='lat' dir='ltr'><strong>quisque</strong></span> <span class='ocrx_word' id='word_1_151' title='bbox 2522 822 2720 893; x_wconf 83' lang='lat' dir='ltr'><strong>duplex</strong></span> <span class='ocrx_word' id='word_1_152' title='bbox 2775 823 2937 880; x_wconf 83' lang='lat' dir='ltr'><strong>homo</strong></span> <span class='ocrx_word' id='word_1_153' title='bbox 2984 827 3160 890; x_wconf 82' lang='lat' dir='ltr'><strong>est“,</strong></span> <span class='ocrx_word' id='word_1_154' title='bbox 3198 843 3341 887; x_wconf 87' lang='lat' dir='ltr'><strong>unus</strong></span> <span class='ocrx_word' id='word_1_155' title='bbox 3388 825 3609 898; x_wconf 84' lang='lat' dir='ltr'><strong>quidem</strong></span> 
     </span>
    </p>
   </div>
   <div class='ocr_carea' id='block_1_23' title="bbox 2036 910 3607 979">
    <p class='ocr_par' dir='ltr' id='par_1_23' title="bbox 2036 910 3607 979">
     <span class='ocr_line' id='line_1_23' title="bbox 2036 910 3607 979; baseline 0.004 -14"><span class='ocrx_word' id='word_1_156' title='bbox 2036 910 2129 979; x_wconf 87' lang='lat' dir='ltr'><strong>qui</strong></span> <span class='ocrx_word' id='word_1_157' title='bbox 2178 911 2522 967; x_wconf 74' lang='lat' dir='ltr'><strong>extrinsecus</strong></span> <span class='ocrx_word' id='word_1_158' title='bbox 2567 912 2847 978; x_wconf 82' lang='lat' dir='ltr'><strong>delinitur,</strong></span> <span class='ocrx_word' id='word_1_159' title='bbox 2879 916 2967 970; x_wconf 88' lang='lat' dir='ltr'><strong>cui</strong></span> <span class='ocrx_word' id='word_1_160' title='bbox 3008 931 3039 971; x_wconf 87' lang='lat' dir='ltr'><strong>a</strong></span> <span class='ocrx_word' id='word_1_161' title='bbox 3079 923 3272 975; x_wconf 83' lang='lat' dir='ltr'><strong>natura</strong></span> <span class='ocrx_word' id='word_1_162' title='bbox 3306 925 3391 975; x_wconf 89' lang='lat' dir='ltr'><strong>est</strong></span> <span class='ocrx_word' id='word_1_163' title='bbox 3421 918 3607 973; x_wconf 88' lang='lat' dir='ltr'><strong>datum</strong></span> 
     </span>
    </p>
   </div>
   <div class='ocr_carea' id='block_1_24' title="bbox 2035 1004 3611 1075">
    <p class='ocr_par' dir='ltr' id='par_1_24' title="bbox 2035 1004 3611 1075">
     <span class='ocr_line' id='line_1_24' title="bbox 2035 1004 3611 1075; baseline 0.008 -24"><span class='ocrx_word' id='word_1_164' title='bbox 2035 1007 2095 1052; x_wconf 90' lang='lat' dir='ltr'><strong>ut</strong></span> <span class='ocrx_word' id='word_1_165' title='bbox 2159 1009 2583 1073; x_wconf 89' lang='lat' dir='ltr'><strong>corrumpatur;</strong></span> <span class='ocrx_word' id='word_1_166' title='bbox 2618 1004 2755 1058; x_wconf 86' lang='lat' dir='ltr'><strong>alter</strong></span> <span class='ocrx_word' id='word_1_167' title='bbox 2783 1020 2912 1058; x_wconf 70' lang='lat' dir='ltr'><strong>vero</strong></span> <span class='ocrx_word' id='word_1_168' title='bbox 2935 1006 3028 1075; x_wconf 89' lang='lat' dir='ltr'><strong>qui</strong></span> <span class='ocrx_word' id='word_1_169' title='bbox 3063 1022 3129 1063; x_wconf 88' lang='lat' dir='ltr'><strong>ex</strong></span> <span class='ocrx_word' id='word_1_170' title='bbox 3180 1009 3399 1063; x_wconf 84' lang='lat' dir='ltr'><strong>occulto</strong></span> <span class='ocrx_word' id='word_1_171' title='bbox 3425 1009 3611 1063; x_wconf 86' lang='lat' dir='ltr'><strong>cordis</strong></span> 
     </span>
    </p>
   </div>
   <div class='ocr_carea' id='block_1_25' title="bbox 2033 1091 3612 1171">
    <p class='ocr_par' dir='ltr' id='par_1_25' title="bbox 2033 1091 3612 1171">
     <span class='ocr_line' id='line_1_25' title="bbox 2033 1091 3612 1171; baseline 0.004 -24"><span class='ocrx_word' id='word_1_172' title='bbox 2033 1091 2400 1163; x_wconf 73' lang='lat' dir='ltr'><strong>intelligitur,</strong></span> <span class='ocrx_word' id='word_1_173' title='bbox 2455 1094 2549 1164; x_wconf 89' lang='lat' dir='ltr'><strong>qui</strong></span> <span class='ocrx_word' id='word_1_174' title='bbox 2633 1098 3039 1153; x_wconf 81' lang='lat' dir='ltr'><strong>renovationem</strong></span> <span class='ocrx_word' id='word_1_175' title='bbox 3099 1100 3267 1169; x_wconf 84' lang='lat' dir='ltr'><strong>capit.</strong></span> <span class='ocrx_word' id='word_1_176' title='bbox 3317 1099 3374 1154; x_wconf 91' lang='lat' dir='ltr'><strong>Si</strong></span> <span class='ocrx_word' id='word_1_177' title='bbox 3444 1100 3612 1171; x_wconf 83' lang='lat' dir='ltr'><strong>igitur</strong></span> 
     </span>
    </p>
   </div>
   <div class='ocr_carea' id='block_1_26' title="bbox 2033 1186 3613 1261">
    <p class='ocr_par' dir='ltr' id='par_1_26' title="bbox 2033 1186 3613 1261">
     <span class='ocr_line' id='line_1_26' title="bbox 2033 1186 3613 1261; baseline 0.004 -22"><span class='ocrx_word' id='word_1_178' title='bbox 2033 1198 2193 1239; x_wconf 86' lang='lat' dir='ltr'><strong>verus</strong></span> <span class='ocrx_word' id='word_1_179' title='bbox 2222 1186 2521 1256; x_wconf 85' lang='lat' dir='ltr'><strong>sermo(is</strong></span> <span class='ocrx_word' id='word_1_180' title='bbox 2566 1195 2746 1243; x_wconf 88' lang='lat' dir='ltr'><strong>autem</strong></span> <span class='ocrx_word' id='word_1_181' title='bbox 2804 1204 2967 1245; x_wconf 87' lang='lat' dir='ltr'><strong>verus</strong></span> <span class='ocrx_word' id='word_1_182' title='bbox 2999 1198 3082 1246; x_wconf 89' lang='lat' dir='ltr'><strong>est</strong></span> <span class='ocrx_word' id='word_1_183' title='bbox 3132 1194 3356 1261; x_wconf 83' lang='lat' dir='ltr'><strong>propter</strong></span> <span class='ocrx_word' id='word_1_184' title='bbox 3406 1192 3613 1247; x_wconf 48' lang='lat' dir='ltr'><strong>verita:</strong></span> 
     </span>
    </p>
   </div>
   <div class='ocr_carea' id='block_1_27' title="bbox 2033 1271 3606 1346">
    <p class='ocr_par' dir='ltr' id='par_1_27' title="bbox 2033 1271 3606 1346">
     <span class='ocr_line' id='line_1_27' title="bbox 2033 1271 3606 1346; baseline 0.007 -24"><span class='ocrx_word' id='word_1_185' title='bbox 2033 1276 2143 1323; x_wconf 89' lang='lat' dir='ltr'><strong>tem</strong></span> <span class='ocrx_word' id='word_1_186' title='bbox 2173 1285 2293 1340; x_wconf 80' lang='lat' dir='ltr'><strong>qua:</strong></span> <span class='ocrx_word' id='word_1_187' title='bbox 2340 1271 2395 1325; x_wconf 92' lang='lat' dir='ltr'><strong>in</strong></span> <span class='ocrx_word' id='word_1_188' title='bbox 2451 1287 2517 1327; x_wconf 89' lang='lat' dir='ltr'><strong>eo</strong></span> <span class='ocrx_word' id='word_1_189' title='bbox 2560 1272 2844 1346; x_wconf 86' lang='lat' dir='ltr'><strong>loquitur),</strong></span> <span class='ocrx_word' id='word_1_190' title='bbox 2884 1277 3105 1333; x_wconf 89' lang='lat' dir='ltr'><strong>minime</strong></span> <span class='ocrx_word' id='word_1_191' title='bbox 3154 1278 3455 1334; x_wconf 84' lang='lat' dir='ltr'><strong>absurdum</strong></span> <span class='ocrx_word' id='word_1_192' title='bbox 3501 1287 3606 1344; x_wconf 89' lang='lat' dir='ltr'><strong>est,</strong></span> 
     </span>
    </p>
   </div>
   <div class='ocr_carea' id='block_1_28' title="bbox 2034 1357 3609 1448">
    <p class='ocr_par' dir='ltr' id='par_1_28' title="bbox 2034 1357 3609 1448">
     <span class='ocr_line' id='line_1_28' title="bbox 2034 1357 3609 1448; baseline 0.008 -34"><span class='ocrx_word' id='word_1_193' title='bbox 2034 1357 2233 1431; x_wconf 76' lang='lat' dir='ltr'><strong>duplex</strong></span> <span class='ocrx_word' id='word_1_194' title='bbox 2285 1360 2339 1414; x_wconf 92' lang='lat' dir='ltr'><strong>in</strong></span> <span class='ocrx_word' id='word_1_195' title='bbox 2371 1372 2626 1433; x_wconf 86' lang='lat' dir='ltr'><strong>utroque,</strong></span> <span class='ocrx_word' id='word_1_196' title='bbox 2674 1366 2767 1435; x_wconf 89' lang='lat' dir='ltr'><strong>qui</strong></span> <span class='ocrx_word' id='word_1_197' title='bbox 2825 1366 2881 1422; x_wconf 83' lang='lat' dir='ltr'><strong>in</strong></span> <span class='ocrx_word' id='word_1_198' title='bbox 2918 1368 3074 1423; x_wconf 89' lang='lat' dir='ltr'><strong>nobis</strong></span> <span class='ocrx_word' id='word_1_199' title='bbox 3105 1378 3222 1448; x_wconf 47' lang='lat' dir='ltr'><strong>est,</strong></span> <span class='ocrx_word' id='word_1_200' title='bbox 3252 1370 3472 1430; x_wconf 84' lang='lat' dir='ltr'><strong>homine</strong></span> <span class='ocrx_word' id='word_1_201' title='bbox 3503 1385 3609 1441; x_wconf 88' lang='lat' dir='ltr'><strong>pu-</strong></span> 
     </span>
    </p>
   </div>
   <div class='ocr_carea' id='block_1_29' title="bbox 2030 1451 3606 1515">
    <p class='ocr_par' dir='ltr' id='par_1_29' title="bbox 2030 1451 3606 1515">
     <span class='ocr_line' id='line_1_29' title="bbox 2030 1451 3606 1515; baseline 0.004 -7"><span class='ocrx_word' id='word_1_202' title='bbox 2030 1461 2149 1508; x_wconf 85' lang='lat' dir='ltr'><strong>tare</strong></span> <span class='ocrx_word' id='word_1_203' title='bbox 2203 1451 2611 1511; x_wconf 83' lang='lat' dir='ltr'><strong>matrimonium</strong></span> <span class='ocrx_word' id='word_1_204' title='bbox 2669 1463 2915 1510; x_wconf 88' lang='lat' dir='ltr'><strong>mutuum</strong></span> <span class='ocrx_word' id='word_1_205' title='bbox 2963 1464 3016 1511; x_wconf 91' lang='lat' dir='ltr'><strong>et</strong></span> <span class='ocrx_word' id='word_1_206' title='bbox 3059 1458 3391 1515; x_wconf 80' lang='lat' dir='ltr'><strong>conveniens</strong></span> <span class='ocrx_word' id='word_1_207' title='bbox 3438 1473 3606 1514; x_wconf 87' lang='lat' dir='ltr'><strong>esse:</strong></span> 
     </span>
    </p>
   </div>
   <div class='ocr_carea' id='block_1_30' title="bbox 334 1544 3609 1624">
    <p class='ocr_par' dir='ltr' id='par_1_30' title="bbox 334 1544 3609 1624">
     <span class='ocr_line' id='line_1_30' title="bbox 334 1544 3609 1624; baseline -0.001 -17"><span class='ocrx_word' id='word_1_208' title='bbox 334 1550 688 1623; x_wconf 64' lang='lat' dir='ltr'><strong>{orasseque</strong></span> <span class='ocrx_word' id='word_1_209' title='bbox 727 1550 823 1621; x_wconf 78' lang='lat' dir='ltr'><strong>qui</strong></span> <span class='ocrx_word' id='word_1_210' title='bbox 856 1550 1043 1606; x_wconf 80' lang='lat' dir='ltr'><strong>dicere</strong></span> <span class='ocrx_word' id='word_1_211' title='bbox 1089 1547 1356 1616; x_wconf 85' lang='lat' dir='ltr'><strong>audebit,</strong></span> <span class='ocrx_word' id='word_1_212' title='bbox 1431 1549 1680 1620; x_wconf 85' lang='lat' dir='ltr'><strong>corporis</strong></span> <span class='ocrx_word' id='word_1_213' title='bbox 1733 1548 2100 1617; x_wconf 75' lang='lat' dir='ltr'><strong>virginitatem</strong></span> <span class='ocrx_word' id='word_1_214' title='bbox 2168 1544 2431 1618; x_wconf 76' lang='lat' dir='ltr'><strong>spiritalis</strong></span> <span class='ocrx_word' id='word_1_215' title='bbox 2502 1556 2668 1619; x_wconf 81' lang='lat' dir='ltr'><strong>atque</strong></span> <span class='ocrx_word' id='word_1_216' title='bbox 2709 1548 2988 1606; x_wconf 82' lang='lat' dir='ltr'><strong>interioris</strong></span> <span class='ocrx_word' id='word_1_217' title='bbox 3041 1550 3376 1611; x_wconf 81' lang='lat' dir='ltr'><strong>matrimonii</strong></span> <span class='ocrx_word' id='word_1_218' title='bbox 3447 1550 3609 1624; x_wconf 83' lang='lat' dir='ltr'><strong>adju-</strong></span> 
     </span>
    </p>
   </div>
   <div class='ocr_carea' id='block_1_31' title="bbox 337 1641 2029 1715">
    <p class='ocr_par' dir='ltr' id='par_1_31' title="bbox 337 1641 2029 1715">
     <span class='ocr_line' id='line_1_31' title="bbox 337 1641 2029 1715; baseline -0.002 -15"><span class='ocrx_word' id='word_1_219' title='bbox 337 1644 551 1701; x_wconf 82' lang='lat' dir='ltr'><strong>tricem-</strong></span> <span class='ocrx_word' id='word_1_220' title='bbox 565 1653 728 1715; x_wconf 78' lang='lat' dir='ltr'><strong>atque</strong></span> <span class='ocrx_word' id='word_1_221' title='bbox 754 1643 1027 1715; x_wconf 82' lang='lat' dir='ltr'><strong>hospitem</strong></span> <span class='ocrx_word' id='word_1_222' title='bbox 1061 1656 1217 1708; x_wconf 85' lang='lat' dir='ltr'><strong>esse,</strong></span> <span class='ocrx_word' id='word_1_223' title='bbox 1264 1643 1312 1701; x_wconf 84' lang='lat' dir='ltr'><strong>is</strong></span> <span class='ocrx_word' id='word_1_224' title='bbox 1343 1657 1373 1699; x_wconf 87' lang='lat' dir='ltr'><strong>a</strong></span> <span class='ocrx_word' id='word_1_225' title='bbox 1402 1652 1552 1703; x_wconf 77' lang='lat' dir='ltr'><strong>recte</strong></span> <span class='ocrx_word' id='word_1_226' title='bbox 1580 1658 1694 1707; x_wconf 88' lang='lat' dir='ltr'><strong>non</strong></span> <span class='ocrx_word' id='word_1_227' title='bbox 1730 1641 2029 1701; x_wconf 82' lang='lat' dir='ltr'><strong>aberrabit.</strong></span> 
     </span>
    </p>
   </div>
   <div class='ocr_carea' id='block_1_32' title="bbox 944 1761 1321 1820">
    <p class='ocr_par' dir='ltr' id='par_1_32' title="bbox 944 1761 1321 1820">
     <span class='ocr_line' id='line_1_32' title="bbox 944 1761 1321 1820; baseline 0.008 -3"><span class='ocrx_word' id='word_1_228' title='bbox 944 1761 1197 1818; x_wconf 79' lang='grc' dir='ltr'><strong>ΚΕΦΔΛ.</strong></span> <span class='ocrx_word' id='word_1_229' title='bbox 1232 1763 1321 1820; x_wconf 82' lang='lat' dir='ltr'><strong>K&#39;.</strong></span> 
     </span>
    </p>
   </div>
   <div class='ocr_carea' id='block_1_33' title="bbox 350 1873 1934 1945">
    <p class='ocr_par' dir='ltr' id='par_1_33' title="bbox 350 1873 1934 1945">
     <span class='ocr_line' id='line_1_33' title="bbox 350 1873 1934 1945; baseline -0.003 -12"><span class='ocrx_word' id='word_1_230' title='bbox 350 1877 480 1933; x_wconf 79' lang='lat' dir='ltr'><strong>&#39;Utt</strong></span> <span class='ocrx_word' id='word_1_231' title='bbox 512 1878 811 1934; x_wconf 77' lang='grc' dir='ltr'>ἀδύνατον</span> <span class='ocrx_word' id='word_1_232' title='bbox 840 1876 993 1945; x_wconf 79' lang='grc' dir='ltr'>ὁμοῦ</span> <span class='ocrx_word' id='word_1_233' title='bbox 1036 1875 1167 1942; x_wconf 80' lang='grc' dir='ltr'>ταῖς</span> <span class='ocrx_word' id='word_1_234' title='bbox 1203 1874 1568 1945; x_wconf 78' lang='grc' dir='ltr'><strong>σωματικαῖς</strong></span> <span class='ocrx_word' id='word_1_235' title='bbox 1608 1873 1934 1943; x_wconf 68' lang='grc' dir='ltr'>ὑπηρετεῖν</span> 
     </span>
    </p>
   </div>
   <div class='ocr_carea' id='block_1_34' title="bbox 413 1946 1933 2073">
    <p class='ocr_par' dir='ltr' id='par_1_34' title="bbox 413 1946 1933 2073">
     <span class='ocr_line' id='line_1_34' title="bbox 413 1946 1933 2073; baseline -0.003 -70"><span class='ocrx_word' id='word_1_236' title='bbox 413 1947 695 2073; x_wconf 54' lang='grc' dir='ltr'>ήδρνιέῖς.</span> <span class='ocrx_word' id='word_1_237' title='bbox 725 1948 825 2003; x_wconf 67' lang='grc' dir='ltr'><strong>καὶ</strong></span> <span class='ocrx_word' id='word_1_238' title='bbox 864 1946 978 2002; x_wconf 62' lang='grc' dir='ltr'><strong>τὴν</strong></span> <span class='ocrx_word' id='word_1_239' title='bbox 1014 1947 1167 2003; x_wconf 84' lang='grc' dir='ltr'>κατὰ</span> <span class='ocrx_word' id='word_1_240' title='bbox 1198 1946 1347 2002; x_wconf 84' lang='grc' dir='ltr'><strong>Θεὸν</strong></span> <span class='ocrx_word' id='word_1_241' title='bbox 1375 1946 1765 2016; x_wconf 63' lang='grc' dir='ltr'>εὐφροσύνην</span> <span class='ocrx_word' id='word_1_242' title='bbox 1792 1960 1933 2014; x_wconf 78' lang='grc' dir='ltr'>καρ-</span> 
     </span>
     <span class='ocr_line' id='line_1_35' title="bbox 414 2034 782 2073; baseline 0 -2"><span class='ocrx_word' id='word_1_243' title='bbox 414 2034 582 2073; x_wconf 70' lang='grc' dir='ltr'>πουσ</span> <span class='ocrx_word' id='word_1_244' title='bbox 618 2034 701 2073; x_wconf 83' lang='grc' dir='ltr'>αι.</span> <span class='ocrx_word' id='word_1_245' title='bbox 767 2037 782 2051; x_wconf 78' lang='grc' dir='ltr'><strong><em>ο</em></strong></span> 
     </span>
    </p>
   </div>
   <div class='ocr_carea' id='block_1_35' title="bbox 419 2105 1933 2182">
    <p class='ocr_par' dir='ltr' id='par_1_35' title="bbox 419 2105 1933 2182">
     <span class='ocr_line' id='line_1_36' title="bbox 419 2105 1933 2182; baseline -0.003 -18"><span class='ocrx_word' id='word_1_246' title='bbox 419 2110 512 2175; x_wconf 80' lang='grc' dir='ltr'>Ὠς</span> <span class='ocrx_word' id='word_1_247' title='bbox 554 2109 667 2182; x_wconf 85' lang='grc' dir='ltr'><strong>γὰρ</strong></span> <span class='ocrx_word' id='word_1_248' title='bbox 714 2108 816 2163; x_wconf 79' lang='grc' dir='ltr'>οὐκ</span> <span class='ocrx_word' id='word_1_249' title='bbox 856 2107 972 2163; x_wconf 65' lang='grc' dir='ltr'>ἔστι</span> <span class='ocrx_word' id='word_1_250' title='bbox 1017 2107 1161 2163; x_wconf 87' lang='grc' dir='ltr'><strong>κατά</strong></span> <span class='ocrx_word' id='word_1_251' title='bbox 1199 2106 1395 2162; x_wconf 70' lang='grc' dir='ltr'>ταύτὸν</span> <span class='ocrx_word' id='word_1_252' title='bbox 1430 2105 1525 2161; x_wconf 78' lang='grc' dir='ltr'>δύο</span> <span class='ocrx_word' id='word_1_253' title='bbox 1568 2105 1681 2161; x_wconf 72' lang='grc' dir='ltr'>τισὶ</span> <span class='ocrx_word' id='word_1_254' title='bbox 1718 2106 1933 2177; x_wconf 74' lang='grc' dir='ltr'>τέχναις</span> 
     </span>
    </p>
   </div>
   <div class='ocr_carea' id='block_1_36' title="bbox 334 2192 1932 2274">
    <p class='ocr_par' dir='ltr' id='par_1_36' title="bbox 334 2192 1932 2274">
     <span class='ocr_line' id='line_1_37' title="bbox 334 2192 1932 2274; baseline -0.005 -18"><span class='ocrx_word' id='word_1_255' title='bbox 334 2202 636 2274; x_wconf 66' lang='grc' dir='ltr'>ῥπηρετεῖν</span> <span class='ocrx_word' id='word_1_256' title='bbox 660 2200 750 2255; x_wconf 83' lang='grc' dir='ltr'>διὰ</span> <span class='ocrx_word' id='word_1_257' title='bbox 773 2200 874 2270; x_wconf 76' lang='grc' dir='ltr'>τῆς</span> <span class='ocrx_word' id='word_1_258' title='bbox 904 2199 1015 2253; x_wconf 86' lang='grc' dir='ltr'><strong>τῶν</strong></span> <span class='ocrx_word' id='word_1_259' title='bbox 1046 2197 1250 2271; x_wconf 81' lang='grc' dir='ltr'>χειρῶν</span> <span class='ocrx_word' id='word_1_260' title='bbox 1272 2197 1581 2270; x_wconf 88' lang='grc' dir='ltr'>ἐνεργείας·</span> <span class='ocrx_word' id='word_1_261' title='bbox 1613 2192 1727 2251; x_wconf 73' lang='grc' dir='ltr'>οἷον</span> <span class='ocrx_word' id='word_1_262' title='bbox 1755 2212 1932 2266; x_wconf 81' lang='grc' dir='ltr'>γεωρ-</span> 
     </span>
    </p>
   </div>
   <div class='ocr_carea' id='block_1_37' title="bbox 332 2286 1931 2364">
    <p class='ocr_par' dir='ltr' id='par_1_37' title="bbox 332 2286 1931 2364">
     <span class='ocr_line' id='line_1_38' title="bbox 332 2286 1931 2364; baseline -0.006 -16"><span class='ocrx_word' id='word_1_263' title='bbox 332 2293 543 2364; x_wconf 78' lang='grc' dir='ltr'>γοῦντα</span> <span class='ocrx_word' id='word_1_264' title='bbox 577 2292 677 2346; x_wconf 71' lang='grc' dir='ltr'>καὶ</span> <span class='ocrx_word' id='word_1_265' title='bbox 711 2290 1150 2362; x_wconf 80' lang='grc' dir='ltr'>ναυτιλλόμενον,</span> <span class='ocrx_word' id='word_1_266' title='bbox 1184 2290 1218 2361; x_wconf 75' lang='grc' dir='ltr'>ἢ</span> <span class='ocrx_word' id='word_1_267' title='bbox 1247 2288 1581 2360; x_wconf 81' lang='grc' dir='ltr'>χαλκεύοντά</span> <span class='ocrx_word' id='word_1_268' title='bbox 1619 2304 1681 2347; x_wconf 83' lang='grc' dir='ltr'><strong>τε</strong></span> <span class='ocrx_word' id='word_1_269' title='bbox 1717 2286 1814 2341; x_wconf 73' lang='grc' dir='ltr'>καὶ</span> <span class='ocrx_word' id='word_1_270' title='bbox 1844 2302 1931 2338; x_wconf 71' lang='grc' dir='ltr'><strong>’τε⁸</strong></span> 
     </span>
    </p>
   </div>
   <div class='ocr_carea' id='block_1_38' title="bbox 330 2374 1928 2453">
    <p class='ocr_par' dir='ltr' id='par_1_38' title="bbox 330 2374 1928 2453">
     <span class='ocr_line' id='line_1_39' title="bbox 330 2374 1928 2453; baseline -0.006 -14"><span class='ocrx_word' id='word_1_271' title='bbox 330 2384 714 2453; x_wconf 60' lang='grc' dir='ltr'>μταινεὺονταο</span> <span class='ocrx_word' id='word_1_272' title='bbox 746 2382 861 2438; x_wconf 85' lang='grc' dir='ltr'>ἀλλ’</span> <span class='ocrx_word' id='word_1_273' title='bbox 888 2383 937 2436; x_wconf 86' lang='grc' dir='ltr'><strong>εί</strong></span> <span class='ocrx_word' id='word_1_274' title='bbox 962 2381 1145 2453; x_wconf 81' lang='grc' dir='ltr'><strong>μέλλει</strong></span> <span class='ocrx_word' id='word_1_275' title='bbox 1170 2383 1298 2452; x_wconf 78' lang='grc' dir='ltr'>μιᾶς</span> <span class='ocrx_word' id='word_1_276' title='bbox 1316 2380 1488 2450; x_wconf 80' lang='grc' dir='ltr'>ὑγιῶς</span> <span class='ocrx_word' id='word_1_277' title='bbox 1518 2374 1928 2451; x_wconf 78' lang='grc' dir='ltr'>ἀντιλήψεσθαι,</span> 
     </span>
    </p>
   </div>
   <div class='ocr_carea' id='block_1_39' title="bbox 331 2470 1933 2551">
    <p class='ocr_par' dir='ltr' id='par_1_39' title="bbox 331 2470 1933 2551">
     <span class='ocr_line' id='line_1_40' title="bbox 331 2470 1933 2551; baseline -0.006 -18"><span class='ocrx_word' id='word_1_278' title='bbox 331 2482 440 2551; x_wconf 76' lang='grc' dir='ltr'>τῆς</span> <span class='ocrx_word' id='word_1_279' title='bbox 487 2477 684 2549; x_wconf 84' lang='grc' dir='ltr'>ἐτέρας</span> <span class='ocrx_word' id='word_1_280' title='bbox 727 2476 996 2547; x_wconf 79' lang='grc' dir='ltr'><strong>ἀφεκτέον</strong></span> <span class='ocrx_word' id='word_1_281' title='bbox 1049 2475 1202 2545; x_wconf 80' lang='grc' dir='ltr'>αὐτῷ</span> <span class='ocrx_word' id='word_1_282' title='bbox 1224 2490 1239 2506; x_wconf 89' lang='grc'><strong>·</strong></span> <span class='ocrx_word' id='word_1_283' title='bbox 1295 2474 1464 2537; x_wconf 74' lang='grc' dir='ltr'>οὕτως</span> <span class='ocrx_word' id='word_1_284' title='bbox 1514 2471 1791 2544; x_wconf 66' lang='grc' dir='ltr'>ἡμῖνοκαὶ</span> <span class='ocrx_word' id='word_1_285' title='bbox 1838 2470 1933 2525; x_wconf 80' lang='grc' dir='ltr'>δύο</span> 
     </span>
    </p>
   </div>
   <div class='ocr_carea' id='block_1_40' title="bbox 331 2561 1931 2642">
    <p class='ocr_par' dir='ltr' id='par_1_40' title="bbox 331 2561 1931 2642">
     <span class='ocr_line' id='line_1_41' title="bbox 331 2561 1931 2642; baseline -0.006 -19"><span class='ocrx_word' id='word_1_286' title='bbox 331 2567 724 2642; x_wconf 75' lang='grc' dir='ltr'><strong>προκειμένων</strong></span> <span class='ocrx_word' id='word_1_287' title='bbox 754 2566 979 2637; x_wconf 83' lang='grc' dir='ltr'>γάμων,</span> <span class='ocrx_word' id='word_1_288' title='bbox 1018 2564 1115 2620; x_wconf 77' lang='grc' dir='ltr'>τοῦ</span> <span class='ocrx_word' id='word_1_289' title='bbox 1154 2564 1256 2638; x_wconf 80' lang='grc' dir='ltr'>μὲν</span> <span class='ocrx_word' id='word_1_290' title='bbox 1288 2563 1379 2618; x_wconf 88' lang='grc' dir='ltr'><strong>διά</strong></span> <span class='ocrx_word' id='word_1_291' title='bbox 1412 2563 1615 2635; x_wconf 75' lang='grc' dir='ltr'>σαρκὸς</span> <span class='ocrx_word' id='word_1_292' title='bbox 1652 2561 1931 2616; x_wconf 76' lang='grc' dir='ltr'>ἐπιτελου-</span> 
     </span>
    </p>
   </div>
   <div class='ocr_carea' id='block_1_41' title="bbox 332 2650 1930 2733">
    <p class='ocr_par' dir='ltr' id='par_1_41' title="bbox 332 2650 1930 2733">
     <span class='ocr_line' id='line_1_42' title="bbox 332 2650 1930 2733; baseline -0.006 -19"><span class='ocrx_word' id='word_1_293' title='bbox 332 2662 528 2733; x_wconf 79' lang='grc' dir='ltr'>μένου,</span> <span class='ocrx_word' id='word_1_294' title='bbox 559 2657 655 2712; x_wconf 72' lang='grc' dir='ltr'><strong>τοῦ</strong></span> <span class='ocrx_word' id='word_1_295' title='bbox 688 2658 744 2712; x_wconf 84' lang='grc' dir='ltr'>δὲ</span> <span class='ocrx_word' id='word_1_296' title='bbox 772 2657 863 2711; x_wconf 91' lang='grc' dir='ltr'><strong>διά</strong></span> <span class='ocrx_word' id='word_1_297' title='bbox 892 2654 1226 2728; x_wconf 71' lang='grc' dir='ltr'>πνεύματος,</span> <span class='ocrx_word' id='word_1_298' title='bbox 1255 2656 1289 2727; x_wconf 83' lang='grc' dir='ltr'><strong>ὴ</strong></span> <span class='ocrx_word' id='word_1_299' title='bbox 1322 2654 1452 2727; x_wconf 72' lang='grc' dir='ltr'>περὶ</span> <span class='ocrx_word' id='word_1_300' title='bbox 1478 2653 1570 2707; x_wconf 75' lang='grc' dir='ltr'>τὸν</span> <span class='ocrx_word' id='word_1_301' title='bbox 1601 2652 1699 2707; x_wconf 72' lang='grc' dir='ltr'>ἕνα</span> <span class='ocrx_word' id='word_1_302' title='bbox 1726 2650 1930 2722; x_wconf 84' lang='grc' dir='ltr'>σπουδὴ</span> 
     </span>
    </p>
   </div>
   <div class='ocr_carea' id='block_1_42' title="bbox 328 2741 1931 2819">
    <p class='ocr_par' dir='ltr' id='par_1_42' title="bbox 328 2741 1931 2819">
     <span class='ocr_line' id='line_1_43' title="bbox 328 2741 1931 2819; baseline -0.006 -15"><span class='ocrx_word' id='word_1_303' title='bbox 328 2750 430 2804; x_wconf 66' lang='grc' dir='ltr'>(δν</span> <span class='ocrx_word' id='word_1_304' title='bbox 452 2748 549 2803; x_wconf 79' lang='grc' dir='ltr'><strong>τοῦ</strong></span> <span class='ocrx_word' id='word_1_305' title='bbox 577 2748 768 2819; x_wconf 81' lang='grc' dir='ltr'>ἐτέρου</span> <span class='ocrx_word' id='word_1_306' title='bbox 800 2746 1077 2819; x_wconf 81' lang='grc' dir='ltr'>χωρισμὸν</span> <span class='ocrx_word' id='word_1_307' title='bbox 1107 2746 1406 2815; x_wconf 80' lang='grc' dir='ltr'>ἀναγκαῖον</span> <span class='ocrx_word' id='word_1_308' title='bbox 1443 2746 1609 2799; x_wconf 84' lang='grc' dir='ltr'>ποιεῖ.</span> <span class='ocrx_word' id='word_1_309' title='bbox 1651 2741 1792 2797; x_wconf 79' lang='grc' dir='ltr'>Οὔτε</span> <span class='ocrx_word' id='word_1_310' title='bbox 1820 2741 1931 2814; x_wconf 84' lang='grc' dir='ltr'><strong>γὰρ</strong></span> 
     </span>
    </p>
   </div>
   <div class='ocr_carea' id='block_1_43' title="bbox 324 2832 1930 2905">
    <p class='ocr_par' dir='ltr' id='par_1_43' title="bbox 324 2832 1930 2905">
     <span class='ocr_line' id='line_1_44' title="bbox 324 2832 1930 2905; baseline -0.002 -15"><span class='ocrx_word' id='word_1_311' title='bbox 324 2835 431 2890; x_wconf 78' lang='grc' dir='ltr'>δύο</span> <span class='ocrx_word' id='word_1_312' title='bbox 465 2835 609 2891; x_wconf 81' lang='grc' dir='ltr'><strong>κατά</strong></span> <span class='ocrx_word' id='word_1_313' title='bbox 637 2834 834 2890; x_wconf 70' lang='grc' dir='ltr'>ταύτὸν</span> <span class='ocrx_word' id='word_1_314' title='bbox 870 2833 1153 2905; x_wconf 72' lang='grc' dir='ltr'>οφθαλμὸς</span> <span class='ocrx_word' id='word_1_315' title='bbox 1195 2833 1325 2887; x_wconf 84' lang='grc' dir='ltr'>ἰδεῖν</span> <span class='ocrx_word' id='word_1_316' title='bbox 1351 2833 1542 2897; x_wconf 79' lang='grc' dir='ltr'>ίκανός</span> <span class='ocrx_word' id='word_1_317' title='bbox 1572 2835 1742 2895; x_wconf 82' lang='grc' dir='ltr'>ἐστιν,</span> <span class='ocrx_word' id='word_1_318' title='bbox 1771 2834 1820 2887; x_wconf 89' lang='grc' dir='ltr'><strong>εί</strong></span> <span class='ocrx_word' id='word_1_319' title='bbox 1854 2832 1930 2905; x_wconf 81' lang='grc' dir='ltr'>μὴ</span> 
     </span>
    </p>
   </div>
   <div class='ocr_carea' id='block_1_44' title="bbox 332 2922 1932 2997">
    <p class='ocr_par' dir='ltr' id='par_1_44' title="bbox 332 2922 1932 2997">
     <span class='ocr_line' id='line_1_45' title="bbox 332 2922 1932 2997; baseline -0.003 -16"><span class='ocrx_word' id='word_1_320' title='bbox 332 2925 443 2981; x_wconf 77' lang='grc' dir='ltr'>ὰνά</span> <span class='ocrx_word' id='word_1_321' title='bbox 487 2926 655 2997; x_wconf 75' lang='grc' dir='ltr'>μέρος</span> <span class='ocrx_word' id='word_1_322' title='bbox 695 2926 790 2979; x_wconf 73' lang='grc' dir='ltr'>καὶ</span> <span class='ocrx_word' id='word_1_323' title='bbox 839 2924 947 2996; x_wconf 75' lang='grc' dir='ltr'>ἰδίᾳ</span> <span class='ocrx_word' id='word_1_324' title='bbox 984 2923 1230 2996; x_wconf 81' lang='grc' dir='ltr'>ἐκατέρῳ</span> <span class='ocrx_word' id='word_1_325' title='bbox 1263 2924 1355 2979; x_wconf 77' lang='grc' dir='ltr'>τὸν</span> <span class='ocrx_word' id='word_1_326' title='bbox 1398 2922 1675 2994; x_wconf 70' lang='grc' dir='ltr'>ὀφθαλμὸν</span> <span class='ocrx_word' id='word_1_327' title='bbox 1716 2923 1932 2996; x_wconf 84' lang='grc' dir='ltr'>ἐπερεί-</span> 
     </span>
    </p>
   </div>
   <div class='ocr_carea' id='block_1_45' title="bbox 330 3014 1927 3088">
    <p class='ocr_par' dir='ltr' id='par_1_45' title="bbox 330 3014 1927 3088">
     <span class='ocr_line' id='line_1_46' title="bbox 330 3014 1927 3088; baseline 0.005 -18"><span class='ocrx_word' id='word_1_328' title='bbox 330 3033 519 3071; x_wconf 78' lang='grc' dir='ltr'>σειενο</span> <span class='ocrx_word' id='word_1_329' title='bbox 564 3015 690 3070; x_wconf 77' lang='grc' dir='ltr'>οὔτε</span> <span class='ocrx_word' id='word_1_330' title='bbox 720 3016 754 3087; x_wconf 80' lang='grc' dir='ltr'><strong>ἠ</strong></span> <span class='ocrx_word' id='word_1_331' title='bbox 782 3014 1008 3085; x_wconf 80' lang='grc' dir='ltr'>γλῶσσα</span> <span class='ocrx_word' id='word_1_332' title='bbox 1026 3015 1309 3087; x_wconf 77' lang='grc' dir='ltr'>διαφόροις</span> <span class='ocrx_word' id='word_1_333' title='bbox 1340 3015 1674 3088; x_wconf 82' lang='grc' dir='ltr'>ὑπηρετήσει</span> <span class='ocrx_word' id='word_1_334' title='bbox 1702 3016 1927 3084; x_wconf 79' lang='grc' dir='ltr'>φωναῖς.</span> 
     </span>
    </p>
   </div>
   <div class='ocr_carea' id='block_1_46' title="bbox 2629 1728 3041 1819">
    <p class='ocr_par' dir='ltr' id='par_1_46' title="bbox 2629 1728 3041 1819">
     <span class='ocr_line' id='line_1_47' title="bbox 2629 1728 3041 1819; baseline 0.002 -4"><span class='ocrx_word' id='word_1_335' title='bbox 2629 1757 2863 1819; x_wconf 77' lang='lat' dir='ltr'><strong>CAPUT</strong></span> <span class='ocrx_word' id='word_1_336' title='bbox 2919 1728 3041 1817; x_wconf 61' lang='lat' dir='ltr'><strong>si.</strong></span> 
     </span>
    </p>
   </div>
   <div class='ocr_carea' id='block_1_47' title="bbox 2034 1869 3611 1947">
    <p class='ocr_par' dir='ltr' id='par_1_47' title="bbox 2034 1869 3611 1947">
     <span class='ocr_line' id='line_1_48' title="bbox 2034 1869 3611 1947; baseline 0.006 -21"><span class='ocrx_word' id='word_1_337' title='bbox 2034 1869 2191 1947; x_wconf 66' lang='lat' dir='ltr'><strong>Fieri</strong></span> <span class='ocrx_word' id='word_1_338' title='bbox 2236 1887 2340 1928; x_wconf 75' lang='lat' dir='ltr'><strong>non</strong></span> <span class='ocrx_word' id='word_1_339' title='bbox 2374 1880 2597 1947; x_wconf 61' lang='lat' dir='ltr'><strong>potest.</strong></span> <span class='ocrx_word' id='word_1_340' title='bbox 2629 1884 2688 1927; x_wconf 86' lang='lat' dir='ltr'><strong>ut</strong></span> <span class='ocrx_word' id='word_1_341' title='bbox 2741 1877 2977 1943; x_wconf 76' lang='lat' dir='ltr'><strong>corporis</strong></span> <span class='ocrx_word' id='word_1_342' title='bbox 3036 1877 3391 1947; x_wconf 56' lang='lat' dir='ltr'><strong>voluptatibus</strong></span> <span class='ocrx_word' id='word_1_343' title='bbox 3448 1879 3611 1935; x_wconf 69' lang='lat' dir='ltr'><strong>simul</strong></span> 
     </span>
    </p>
   </div>
   <div class='ocr_carea' id='block_1_48' title="bbox 2099 1943 3608 2067">
    <p class='ocr_par' dir='ltr' id='par_1_48' title="bbox 2099 1943 3608 2067">
     <span class='ocr_line' id='line_1_49' title="bbox 2099 1943 3608 2021; baseline 0.007 -25"><span class='ocrx_word' id='word_1_344' title='bbox 2099 1943 2216 2013; x_wconf 78' lang='lat' dir='ltr'><strong>quis</strong></span> <span class='ocrx_word' id='word_1_345' title='bbox 2251 1944 2467 2007; x_wconf 82' lang='lat' dir='ltr'><strong>serviat,</strong></span> <span class='ocrx_word' id='word_1_346' title='bbox 2506 1953 2555 1999; x_wconf 88' lang='lat' dir='ltr'><strong>et</strong></span> <span class='ocrx_word' id='word_1_347' title='bbox 2594 1947 3019 2013; x_wconf 78' lang='lat' dir='ltr'><strong>temperantiam,</strong></span> <span class='ocrx_word' id='word_1_348' title='bbox 3046 1943 3166 2020; x_wconf 66' lang='lat' dir='ltr'><strong>qua:</strong></span> <span class='ocrx_word' id='word_1_349' title='bbox 3192 1947 3301 2004; x_wconf 86' lang='lat' dir='ltr'><strong>Deo</strong></span> <span class='ocrx_word' id='word_1_350' title='bbox 3332 1959 3486 2021; x_wconf 88' lang='lat' dir='ltr'><strong>grata</strong></span> <span class='ocrx_word' id='word_1_351' title='bbox 3514 1952 3608 2015; x_wconf 73' lang='lat' dir='ltr'><strong>sit.</strong></span> 
     </span>
     <span class='ocr_line' id='line_1_50' title="bbox 2103 2024 2440 2067; baseline 0.003 -1"><span class='ocrx_word' id='word_1_352' title='bbox 2103 2024 2440 2067; x_wconf 72' lang='lat' dir='ltr'><strong>asseauatur.</strong></span> 
     </span>
    </p>
   </div>
   <div class='ocr_carea' id='block_1_49' title="bbox 2103 2028 2440 2084">
    <p class='ocr_par' dir='ltr' id='par_1_49' title="bbox 2103 2028 2440 2084">
     <span class='ocr_line' id='line_1_51' title="bbox 2103 2028 2440 2084; baseline 0.009 -18"><span class='ocrx_word' id='word_1_353' title='bbox 2103 2028 2440 2084; x_wconf 73' lang='lat' dir='ltr'><strong>assequamr.</strong></span> 
     </span>
    </p>
   </div>
   <div class='ocr_carea' id='block_1_50' title="bbox 2100 2101 3611 2176">
    <p class='ocr_par' dir='ltr' id='par_1_50' title="bbox 2100 2101 3611 2176">
     <span class='ocr_line' id='line_1_52' title="bbox 2100 2101 3611 2176; baseline 0.008 -20"><span class='ocrx_word' id='word_1_354' title='bbox 2100 2101 2571 2169; x_wconf 80' lang='lat' dir='ltr'><strong>Quemadmodum</strong></span> <span class='ocrx_word' id='word_1_355' title='bbox 2596 2117 2706 2159; x_wconf 88' lang='lat' dir='ltr'><strong>non</strong></span> <span class='ocrx_word' id='word_1_356' title='bbox 2741 2119 3037 2176; x_wconf 81' lang='lat' dir='ltr'><strong>possumus</strong></span> <span class='ocrx_word' id='word_1_357' title='bbox 3070 2123 3331 2166; x_wconf 85' lang='lat' dir='ltr'><strong>manuum</strong></span> <span class='ocrx_word' id='word_1_358' title='bbox 3382 2126 3611 2168; x_wconf 84' lang='lat' dir='ltr'><strong>munere</strong></span> 
     </span>
    </p>
   </div>
   <div class='ocr_carea' id='block_1_51' title="bbox 2032 2192 3610 2270">
    <p class='ocr_par' dir='ltr' id='par_1_51' title="bbox 2032 2192 3610 2270">
     <span class='ocr_line' id='line_1_53' title="bbox 2032 2192 3610 2270; baseline 0.008 -24"><span class='ocrx_word' id='word_1_359' title='bbox 2032 2192 2354 2263; x_wconf 89' lang='lat' dir='ltr'><strong>actioneque</strong></span> <span class='ocrx_word' id='word_1_360' title='bbox 2392 2194 2531 2251; x_wconf 85' lang='lat' dir='ltr'><strong>duas</strong></span> <span class='ocrx_word' id='word_1_361' title='bbox 2587 2195 2750 2250; x_wconf 83' lang='lat' dir='ltr'><strong>simul</strong></span> <span class='ocrx_word' id='word_1_362' title='bbox 2810 2205 2958 2254; x_wconf 87' lang='lat' dir='ltr'><strong>artes</strong></span> <span class='ocrx_word' id='word_1_363' title='bbox 2989 2213 3248 2256; x_wconf 75' lang='lat' dir='ltr'><strong>exercere</strong></span> <span class='ocrx_word' id='word_1_364' title='bbox 3281 2239 3298 2265; x_wconf 93' lang='lat'><strong>,</strong></span> <span class='ocrx_word' id='word_1_365' title='bbox 3346 2203 3512 2258; x_wconf 76' lang='lat' dir='ltr'><strong>veluti</strong></span> <span class='ocrx_word' id='word_1_366' title='bbox 3553 2210 3610 2270; x_wconf 75' lang='lat' dir='ltr'><strong>et</strong></span> 
     </span>
    </p>
   </div>
   <div class='ocr_carea' id='block_1_52' title="bbox 2030 2285 3604 2361">
    <p class='ocr_par' dir='ltr' id='par_1_52' title="bbox 2030 2285 3604 2361">
     <span class='ocr_line' id='line_1_54' title="bbox 2030 2285 3604 2361; baseline 0.007 -23"><span class='ocrx_word' id='word_1_367' title='bbox 2030 2285 2377 2355; x_wconf 67' lang='lat' dir='ltr'><strong>agriculturae</strong></span> <span class='ocrx_word' id='word_1_368' title='bbox 2426 2293 2483 2341; x_wconf 88' lang='lat' dir='ltr'><strong>et</strong></span> <span class='ocrx_word' id='word_1_369' title='bbox 2551 2287 2881 2358; x_wconf 78' lang='lat' dir='ltr'><strong>navigationi</strong></span> <span class='ocrx_word' id='word_1_370' title='bbox 2938 2288 3101 2344; x_wconf 87' lang='lat' dir='ltr'><strong>simul</strong></span> <span class='ocrx_word' id='word_1_371' title='bbox 3158 2306 3381 2361; x_wconf 78' lang='lat' dir='ltr'><strong>operam</strong></span> <span class='ocrx_word' id='word_1_372' title='bbox 3448 2293 3604 2355; x_wconf 89' lang='lat' dir='ltr'><strong>dare.</strong></span> 
     </span>
    </p>
   </div>
   <div class='ocr_carea' id='block_1_53' title="bbox 2030 2373 3599 2451">
    <p class='ocr_par' dir='ltr' id='par_1_53' title="bbox 2030 2373 3599 2451">
     <span class='ocr_line' id='line_1_55' title="bbox 2030 2373 3599 2451; baseline 0.008 -22"><span class='ocrx_word' id='word_1_373' title='bbox 2030 2373 2426 2447; x_wconf 83' lang='lat' dir='ltr'><strong>ferrariamque</strong></span> <span class='ocrx_word' id='word_1_374' title='bbox 2494 2377 2662 2434; x_wconf 87' lang='lat' dir='ltr'><strong>simul</strong></span> <span class='ocrx_word' id='word_1_375' title='bbox 2723 2387 2778 2433; x_wconf 90' lang='lat' dir='ltr'><strong>ct</strong></span> <span class='ocrx_word' id='word_1_376' title='bbox 2828 2375 3114 2451; x_wconf 72' lang='lat' dir='ltr'><strong>lignaﬁam</strong></span> <span class='ocrx_word' id='word_1_377' title='bbox 3154 2381 3373 2451; x_wconf 80' lang='lat' dir='ltr'><strong>facere,</strong></span> <span class='ocrx_word' id='word_1_378' title='bbox 3425 2382 3520 2440; x_wconf 86' lang='lat' dir='ltr'><strong>sed</strong></span> <span class='ocrx_word' id='word_1_379' title='bbox 3552 2384 3599 2442; x_wconf 87' lang='lat' dir='ltr'><strong>si</strong></span> 
     </span>
    </p>
   </div>
   <div class='ocr_carea' id='block_1_54' title="bbox 2029 2467 3609 2537">
    <p class='ocr_par' dir='ltr' id='par_1_54' title="bbox 2029 2467 3609 2537">
     <span class='ocr_line' id='line_1_56' title="bbox 2029 2467 3609 2537; baseline 0.009 -16"><span class='ocrx_word' id='word_1_380' title='bbox 2029 2467 2155 2537; x_wconf 90' lang='lat' dir='ltr'><strong>quis</strong></span> <span class='ocrx_word' id='word_1_381' title='bbox 2195 2468 2290 2523; x_wconf 88' lang='lat' dir='ltr'><strong>uni</strong></span> <span class='ocrx_word' id='word_1_382' title='bbox 2340 2479 2488 2525; x_wconf 91' lang='lat' dir='ltr'><strong>recte</strong></span> <span class='ocrx_word' id='word_1_383' title='bbox 2520 2484 2643 2526; x_wconf 86' lang='lat' dir='ltr'><strong>sese</strong></span> <span class='ocrx_word' id='word_1_384' title='bbox 2688 2470 2920 2527; x_wconf 87' lang='lat' dir='ltr'><strong>daturus</strong></span> <span class='ocrx_word' id='word_1_385' title='bbox 2974 2479 3078 2537; x_wconf 89' lang='lat' dir='ltr'><strong>est,</strong></span> <span class='ocrx_word' id='word_1_386' title='bbox 3113 2473 3339 2531; x_wconf 85' lang='lat' dir='ltr'><strong>alteram</strong></span> <span class='ocrx_word' id='word_1_387' title='bbox 3387 2475 3609 2535; x_wconf 83' lang='lat' dir='ltr'><strong>deserat</strong></span> 
     </span>
    </p>
   </div>
   <div class='ocr_carea' id='block_1_55' title="bbox 2031 2561 3608 2637">
    <p class='ocr_par' dir='ltr' id='par_1_55' title="bbox 2031 2561 3608 2637">
     <span class='ocr_line' id='line_1_57' title="bbox 2031 2561 3608 2637; baseline 0.006 -24"><span class='ocrx_word' id='word_1_388' title='bbox 2031 2574 2254 2619; x_wconf 81' lang='lat' dir='ltr'><strong>necesse</strong></span> <span class='ocrx_word' id='word_1_389' title='bbox 2299 2568 2383 2617; x_wconf 88' lang='lat' dir='ltr'><strong>est</strong></span> <span class='ocrx_word' id='word_1_390' title='bbox 2417 2577 2432 2615; x_wconf 92' lang='lat'><strong>:</strong></span> <span class='ocrx_word' id='word_1_391' title='bbox 2468 2561 2543 2615; x_wconf 88' lang='lat' dir='ltr'><strong>ita</strong></span> <span class='ocrx_word' id='word_1_392' title='bbox 2595 2577 2720 2616; x_wconf 89' lang='lat' dir='ltr'><strong>cum</strong></span> <span class='ocrx_word' id='word_1_393' title='bbox 2770 2562 2911 2617; x_wconf 73' lang='lat' dir='ltr'><strong>bina:</strong></span> <span class='ocrx_word' id='word_1_394' title='bbox 2960 2563 3119 2620; x_wconf 85' lang='lat' dir='ltr'><strong>nobis</strong></span> <span class='ocrx_word' id='word_1_395' title='bbox 3171 2566 3466 2637; x_wconf 77' lang='lat' dir='ltr'><strong>proposita:</strong></span> <span class='ocrx_word' id='word_1_396' title='bbox 3494 2569 3608 2633; x_wconf 76' lang='lat' dir='ltr'><strong>sint</strong></span> 
     </span>
    </p>
   </div>
   <div class='ocr_carea' id='block_1_56' title="bbox 2028 2653 3604 2727">
    <p class='ocr_par' dir='ltr' id='par_1_56' title="bbox 2028 2653 3604 2727">
     <span class='ocr_line' id='line_1_58' title="bbox 2028 2653 3604 2727; baseline 0.006 -22"><span class='ocrx_word' id='word_1_397' title='bbox 2028 2653 2254 2723; x_wconf 66' lang='lat' dir='ltr'><strong>nuptiae,</strong></span> <span class='ocrx_word' id='word_1_398' title='bbox 2307 2668 2567 2724; x_wconf 81' lang='lat' dir='ltr'><strong>quarum-</strong></span> <span class='ocrx_word' id='word_1_399' title='bbox 2597 2669 2719 2709; x_wconf 70' lang='lat' dir='ltr'><strong>una:</strong></span> <span class='ocrx_word' id='word_1_400' title='bbox 2770 2654 2956 2710; x_wconf 88' lang='lat' dir='ltr'><strong>carnis</strong></span> <span class='ocrx_word' id='word_1_401' title='bbox 3002 2670 3168 2727; x_wconf 82' lang='lat' dir='ltr'><strong>opere</strong></span> <span class='ocrx_word' id='word_1_402' title='bbox 3214 2658 3604 2722; x_wconf 82' lang='lat' dir='ltr'><strong>conﬁciuntur.</strong></span> 
     </span>
    </p>
   </div>
   <div class='ocr_carea' id='block_1_57' title="bbox 2030 2744 3607 2822">
    <p class='ocr_par' dir='ltr' id='par_1_57' title="bbox 2030 2744 3607 2822">
     <span class='ocr_line' id='line_1_59' title="bbox 2030 2744 3607 2822; baseline 0.007 -24"><span class='ocrx_word' id='word_1_403' title='bbox 2030 2744 2214 2800; x_wconf 67' lang='lat' dir='ltr'><strong>altera:</strong></span> <span class='ocrx_word' id='word_1_404' title='bbox 2265 2760 2394 2801; x_wconf 83' lang='lat' dir='ltr'><strong>vero</strong></span> <span class='ocrx_word' id='word_1_405' title='bbox 2445 2746 2499 2801; x_wconf 92' lang='lat' dir='ltr'><strong>in</strong></span> <span class='ocrx_word' id='word_1_406' title='bbox 2530 2745 2725 2817; x_wconf 83' lang='lat' dir='ltr'><strong>spiritu</strong></span> <span class='ocrx_word' id='word_1_407' title='bbox 2767 2749 3101 2809; x_wconf 87' lang='lat' dir='ltr'><strong>consistunt.</strong></span> <span class='ocrx_word' id='word_1_408' title='bbox 3152 2750 3423 2821; x_wconf 77' lang='lat' dir='ltr'><strong>studium,</strong></span> <span class='ocrx_word' id='word_1_409' title='bbox 3458 2753 3607 2822; x_wconf 89' lang='lat' dir='ltr'><strong>quod</strong></span> 
     </span>
    </p>
   </div>
   <div class='ocr_carea' id='block_1_58' title="bbox 2032 2836 3607 2915">
    <p class='ocr_par' dir='ltr' id='par_1_58' title="bbox 2032 2836 3607 2915">
     <span class='ocr_line' id='line_1_60' title="bbox 2032 2836 3607 2915; baseline 0.004 -25"><span class='ocrx_word' id='word_1_410' title='bbox 2032 2836 2084 2890; x_wconf 92' lang='lat' dir='ltr'><strong>in</strong></span> <span class='ocrx_word' id='word_1_411' title='bbox 2137 2836 2261 2892; x_wconf 88' lang='lat' dir='ltr'><strong>unis</strong></span> <span class='ocrx_word' id='word_1_412' title='bbox 2300 2837 2540 2907; x_wconf 88' lang='lat' dir='ltr'><strong>ponitur,</strong></span> <span class='ocrx_word' id='word_1_413' title='bbox 2575 2837 2645 2893; x_wconf 91' lang='lat' dir='ltr'><strong>ab</strong></span> <span class='ocrx_word' id='word_1_414' title='bbox 2698 2838 2885 2895; x_wconf 80' lang='lat' dir='ltr'><strong>alteris</strong></span> <span class='ocrx_word' id='word_1_415' title='bbox 2942 2855 3045 2896; x_wconf 91' lang='lat' dir='ltr'><strong>nos</strong></span> <span class='ocrx_word' id='word_1_416' title='bbox 3097 2842 3415 2903; x_wconf 78' lang='lat' dir='ltr'><strong>necessario</strong></span> <span class='ocrx_word' id='word_1_417' title='bbox 3448 2857 3607 2915; x_wconf 88' lang='lat' dir='ltr'><strong>sepa-</strong></span> 
     </span>
    </p>
   </div>
   <div class='ocr_carea' id='block_1_59' title="bbox 2030 2927 3609 3004">
    <p class='ocr_par' dir='ltr' id='par_1_59' title="bbox 2030 2927 3609 3004">
     <span class='ocr_line' id='line_1_61' title="bbox 2030 2927 3609 3004; baseline 0.007 -22"><span class='ocrx_word' id='word_1_418' title='bbox 2030 2935 2136 2983; x_wconf 87' lang='lat' dir='ltr'><strong>rat.</strong></span> <span class='ocrx_word' id='word_1_419' title='bbox 2188 2927 2376 2998; x_wconf 77' lang='lat' dir='ltr'><strong>Neque</strong></span> <span class='ocrx_word' id='word_1_420' title='bbox 2406 2929 2552 2985; x_wconf 90' lang='lat' dir='ltr'><strong>enim</strong></span> <span class='ocrx_word' id='word_1_421' title='bbox 2602 2930 2796 2986; x_wconf 90' lang='lat' dir='ltr'><strong>oculus</strong></span> <span class='ocrx_word' id='word_1_422' title='bbox 2836 2931 2971 2989; x_wconf 85' lang='lat' dir='ltr'><strong>satis</strong></span> <span class='ocrx_word' id='word_1_423' title='bbox 3009 2940 3095 2988; x_wconf 90' lang='lat' dir='ltr'><strong>est</strong></span> <span class='ocrx_word' id='word_1_424' title='bbox 3124 2974 3139 2998; x_wconf 87' lang='lat'><strong>,</strong></span> <span class='ocrx_word' id='word_1_425' title='bbox 3185 2933 3277 3004; x_wconf 88' lang='lat' dir='ltr'><strong>qui</strong></span> <span class='ocrx_word' id='word_1_426' title='bbox 3330 2948 3422 2990; x_wconf 82' lang='lat' dir='ltr'><strong>res</strong></span> <span class='ocrx_word' id='word_1_427' title='bbox 3471 2934 3609 2993; x_wconf 86' lang='lat' dir='ltr'><strong>duas</strong></span> 
     </span>
    </p>
   </div>
   <div class='ocr_carea' id='block_1_60' title="bbox 2030 3021 3606 3095">
    <p class='ocr_par' dir='ltr' id='par_1_60' title="bbox 2030 3021 3606 3095">
     <span class='ocr_line' id='line_1_62' title="bbox 2030 3021 3606 3095; baseline 0.004 -17"><span class='ocrx_word' id='word_1_428' title='bbox 2030 3021 2195 3079; x_wconf 84' lang='lat' dir='ltr'><strong>simul</strong></span> <span class='ocrx_word' id='word_1_429' title='bbox 2243 3021 2442 3086; x_wconf 85' lang='lat' dir='ltr'><strong>videat,</strong></span> <span class='ocrx_word' id='word_1_430' title='bbox 2474 3022 2581 3083; x_wconf 81' lang='lat' dir='ltr'><strong>nisi</strong></span> <span class='ocrx_word' id='word_1_431' title='bbox 2629 3024 2923 3095; x_wconf 82' lang='lat' dir='ltr'><strong>separatim</strong></span> <span class='ocrx_word' id='word_1_432' title='bbox 2957 3039 3022 3079; x_wconf 90' lang='lat' dir='ltr'><strong>ac</strong></span> <span class='ocrx_word' id='word_1_433' title='bbox 3068 3040 3167 3095; x_wconf 85' lang='lat' dir='ltr'><strong>per</strong></span> <span class='ocrx_word' id='word_1_434' title='bbox 3207 3040 3268 3082; x_wconf 91' lang='lat' dir='ltr'><strong>se</strong></span> <span class='ocrx_word' id='word_1_435' title='bbox 3331 3025 3385 3082; x_wconf 92' lang='lat' dir='ltr'><strong>in</strong></span> <span class='ocrx_word' id='word_1_436' title='bbox 3421 3041 3606 3084; x_wconf 80' lang='lat' dir='ltr'><strong>earum</strong></span> 
     </span>
    </p>
   </div>
   <div class='ocr_carea' id='block_1_61' title="bbox 344 3105 1929 3189">
    <p class='ocr_par' dir='ltr' id='par_1_61' title="bbox 344 3105 1925 3184">
     <span class='ocr_line' id='line_1_63' title="bbox 344 3105 1925 3184; baseline -0.003 -20"><span class='ocrx_word' id='word_1_437' title='bbox 344 3109 621 3184; x_wconf 54' lang='grc' dir='ltr'>’Ἑϐραίων</span> <span class='ocrx_word' id='word_1_438' title='bbox 649 3125 708 3162; x_wconf 84' lang='grc' dir='ltr'><strong>τε</strong></span> <span class='ocrx_word' id='word_1_439' title='bbox 731 3109 953 3180; x_wconf 79' lang='grc' dir='ltr'>ῥήματα</span> <span class='ocrx_word' id='word_1_440' title='bbox 977 3107 1074 3162; x_wconf 73' lang='grc' dir='ltr'>καὶ</span> <span class='ocrx_word' id='word_1_441' title='bbox 1117 3107 1385 3179; x_wconf 83' lang='grc' dir='ltr'>Ἐλλήνων</span> <span class='ocrx_word' id='word_1_442' title='bbox 1404 3108 1464 3160; x_wconf 81' lang='grc' dir='ltr'><strong>ἐν</strong></span> <span class='ocrx_word' id='word_1_443' title='bbox 1489 3106 1567 3178; x_wconf 81' lang='grc' dir='ltr'><strong>τῷ</strong></span> <span class='ocrx_word' id='word_1_444' title='bbox 1593 3105 1742 3179; x_wconf 79' lang='grc' dir='ltr'><strong>αὑτῷ</strong></span> <span class='ocrx_word' id='word_1_445' title='bbox 1764 3105 1925 3175; x_wconf 80' lang='grc' dir='ltr'>φθεγ·</span> 
     </span>
    </p>
   </div>
   <div class='ocr_carea' id='block_1_62' title="bbox 2033 3105 3603 3189">
    <p class='ocr_par' dir='ltr' id='par_1_62' title="bbox 2033 3113 3603 3189">
     <span class='ocr_line' id='line_1_64' title="bbox 2033 3113 3603 3189; baseline 0.005 -22"><span class='ocrx_word' id='word_1_446' title='bbox 2033 3126 2214 3168; x_wconf 88' lang='lat' dir='ltr'><strong>rerum</strong></span> <span class='ocrx_word' id='word_1_447' title='bbox 2267 3113 2514 3179; x_wconf 78' lang='lat' dir='ltr'><strong>alteram,</strong></span> <span class='ocrx_word' id='word_1_448' title='bbox 2546 3129 2667 3183; x_wconf 70' lang='lat' dir='ltr'><strong>qua:</strong></span> <span class='ocrx_word' id='word_1_449' title='bbox 2715 3114 2865 3170; x_wconf 79' lang='lat' dir='ltr'><strong>cerni</strong></span> <span class='ocrx_word' id='word_1_450' title='bbox 2923 3125 3150 3185; x_wconf 87' lang='lat' dir='ltr'><strong>possunt</strong></span> <span class='ocrx_word' id='word_1_451' title='bbox 3176 3156 3192 3179; x_wconf 85' lang='lat'><strong>,</strong></span> <span class='ocrx_word' id='word_1_452' title='bbox 3232 3133 3291 3174; x_wconf 85' lang='lat' dir='ltr'><strong>se</strong></span> <span class='ocrx_word' id='word_1_453' title='bbox 3315 3118 3603 3189; x_wconf 85' lang='lat' dir='ltr'><strong>conjiciat:</strong></span> 
     </span>
    </p>
   </div>
   <div class='ocr_carea' id='block_1_63' title="bbox 330 3194 1931 3269">
    <p class='ocr_par' dir='ltr' id='par_1_63' title="bbox 330 3194 1931 3269">
     <span class='ocr_line' id='line_1_65' title="bbox 330 3194 1931 3269; baseline 0 -19"><span class='ocrx_word' id='word_1_454' title='bbox 330 3197 547 3268; x_wconf 70' lang='grc' dir='ltr'>γομένη</span> <span class='ocrx_word' id='word_1_455' title='bbox 568 3211 583 3225; x_wconf 90' lang='grc'><strong>·</strong></span> <span class='ocrx_word' id='word_1_456' title='bbox 627 3195 753 3250; x_wconf 72' lang='grc' dir='ltr'>οὔτε</span> <span class='ocrx_word' id='word_1_457' title='bbox 786 3198 820 3266; x_wconf 80' lang='grc' dir='ltr'><strong>ἡ</strong></span> <span class='ocrx_word' id='word_1_458' title='bbox 862 3195 1000 3269; x_wconf 76' lang='grc' dir='ltr'>ἀκοὴ</span> <span class='ocrx_word' id='word_1_459' title='bbox 1021 3195 1328 3268; x_wconf 71' lang='grc' dir='ltr'>διηγήσεως</span> <span class='ocrx_word' id='word_1_460' title='bbox 1363 3213 1425 3250; x_wconf 89' lang='grc' dir='ltr'><strong>τε</strong></span> <span class='ocrx_word' id='word_1_461' title='bbox 1460 3194 1802 3268; x_wconf 81' lang='grc' dir='ltr'>πραγμάτων</span> <span class='ocrx_word' id='word_1_462' title='bbox 1836 3196 1931 3250; x_wconf 68' lang='grc' dir='ltr'>καὶ</span> 
     </span>
    </p>
   </div>
   <div class='ocr_carea' id='block_1_64' title="bbox 331 3286 1932 3360">
    <p class='ocr_par' dir='ltr' id='par_1_64' title="bbox 331 3286 1932 3360">
     <span class='ocr_line' id='line_1_66' title="bbox 331 3286 1932 3360; baseline -0.002 -16"><span class='ocrx_word' id='word_1_463' title='bbox 331 3288 664 3344; x_wconf 74' lang='grc' dir='ltr'>διδακτικῶν</span> <span class='ocrx_word' id='word_1_464' title='bbox 704 3288 876 3358; x_wconf 81' lang='grc' dir='ltr'>λόγων</span> <span class='ocrx_word' id='word_1_465' title='bbox 920 3287 1061 3342; x_wconf 76' lang='grc' dir='ltr'>κατὰ</span> <span class='ocrx_word' id='word_1_466' title='bbox 1094 3287 1289 3342; x_wconf 78' lang='grc' dir='ltr'>ταύτὸν</span> <span class='ocrx_word' id='word_1_467' title='bbox 1316 3286 1669 3360; x_wconf 77' lang='grc' dir='ltr'>ἀκροάσεται.</span> <span class='ocrx_word' id='word_1_468' title='bbox 1716 3288 1781 3341; x_wconf 81' lang='grc' dir='ltr'><strong>Ἦ</strong></span> <span class='ocrx_word' id='word_1_469' title='bbox 1821 3286 1932 3359; x_wconf 85' lang='grc' dir='ltr'><strong>γὰρ</strong></span> 
     </span>
    </p>
   </div>
   <div class='ocr_carea' id='block_1_65' title="bbox 332 3377 1929 3451">
    <p class='ocr_par' dir='ltr' id='par_1_65' title="bbox 332 3377 1929 3451">
     <span class='ocr_line' id='line_1_67' title="bbox 332 3377 1929 3451; baseline -0.001 -19"><span class='ocrx_word' id='word_1_470' title='bbox 332 3379 577 3450; x_wconf 73' lang='grc' dir='ltr'>διαφορὰ</span> <span class='ocrx_word' id='word_1_471' title='bbox 626 3378 728 3448; x_wconf 85' lang='grc' dir='ltr'><strong>τῆς</strong></span> <span class='ocrx_word' id='word_1_472' title='bbox 767 3378 949 3450; x_wconf 83' lang='grc' dir='ltr'>φωνῆς</span> <span class='ocrx_word' id='word_1_473' title='bbox 973 3420 988 3444; x_wconf 87' lang='grc'><strong>,</strong></span> <span class='ocrx_word' id='word_1_474' title='bbox 1038 3380 1086 3432; x_wconf 89' lang='grc' dir='ltr'><strong>εί</strong></span> <span class='ocrx_word' id='word_1_475' title='bbox 1140 3378 1240 3449; x_wconf 79' lang='grc' dir='ltr'>μὲν</span> <span class='ocrx_word' id='word_1_476' title='bbox 1287 3378 1391 3433; x_wconf 73' lang='grc' dir='ltr'><strong>ἀνὰ</strong></span> <span class='ocrx_word' id='word_1_477' title='bbox 1441 3378 1607 3451; x_wconf 83' lang='grc' dir='ltr'>μέρος</span> <span class='ocrx_word' id='word_1_478' title='bbox 1657 3377 1929 3437; x_wconf 79' lang='grc' dir='ltr'>ἀκούοιτο.</span> 
     </span>
    </p>
   </div>
   <div class='ocr_carea' id='block_1_66' title="bbox 339 3468 1932 3546">
    <p class='ocr_par' dir='ltr' id='par_1_66' title="bbox 339 3468 1932 3546">
     <span class='ocr_line' id='line_1_68' title="bbox 339 3468 1932 3546; baseline -0.002 -19"><span class='ocrx_word' id='word_1_479' title='bbox 339 3470 736 3543; x_wconf 70' lang='grc' dir='ltr'>ἐνσημαίνεται</span> <span class='ocrx_word' id='word_1_480' title='bbox 782 3473 896 3535; x_wconf 79' lang='grc' dir='ltr'>τοῖς</span> <span class='ocrx_word' id='word_1_481' title='bbox 937 3470 1313 3542; x_wconf 81' lang='grc' dir='ltr'>ἀκροωμένοις</span> <span class='ocrx_word' id='word_1_482' title='bbox 1354 3470 1455 3546; x_wconf 79' lang='grc' dir='ltr'>τὴν</span> <span class='ocrx_word' id='word_1_483' title='bbox 1501 3471 1731 3524; x_wconf 75' lang='grc' dir='ltr'>ἔννοιαν·</span> <span class='ocrx_word' id='word_1_484' title='bbox 1780 3470 1828 3524; x_wconf 86' lang='grc' dir='ltr'><strong>εί</strong></span> <span class='ocrx_word' id='word_1_485' title='bbox 1874 3468 1932 3524; x_wconf 76' lang='grc' dir='ltr'>δὲ</span> 
     </span>
    </p>
   </div>
   <div class='ocr_carea' id='block_1_67' title="bbox 337 3558 1934 3633">
    <p class='ocr_par' dir='ltr' id='par_1_67' title="bbox 337 3558 1934 3633">
     <span class='ocr_line' id='line_1_69' title="bbox 337 3558 1934 3633; baseline -0.003 -16"><span class='ocrx_word' id='word_1_486' title='bbox 337 3562 489 3617; x_wconf 79' lang='grc' dir='ltr'><strong>κατά</strong></span> <span class='ocrx_word' id='word_1_487' title='bbox 527 3561 726 3616; x_wconf 58' lang='lat' dir='ltr'><strong>casm</strong></span> <span class='ocrx_word' id='word_1_488' title='bbox 776 3561 1029 3633; x_wconf 80' lang='grc' dir='ltr'>μιχθεῖσα</span> <span class='ocrx_word' id='word_1_489' title='bbox 1067 3560 1357 3632; x_wconf 79' lang='grc' dir='ltr'>περιηχοίη</span> <span class='ocrx_word' id='word_1_490' title='bbox 1398 3562 1500 3633; x_wconf 80' lang='grc' dir='ltr'>τὴν</span> <span class='ocrx_word' id='word_1_491' title='bbox 1542 3560 1747 3632; x_wconf 75' lang='grc' dir='ltr'>ἀκοὴν,</span> <span class='ocrx_word' id='word_1_492' title='bbox 1806 3558 1934 3629; x_wconf 75' lang='grc' dir='ltr'><strong>σύγ⁴</strong></span> 
     </span>
    </p>
   </div>
   <div class='ocr_carea' id='block_1_68' title="bbox 335 3648 1933 3725">
    <p class='ocr_par' dir='ltr' id='par_1_68' title="bbox 335 3648 1933 3725">
     <span class='ocr_line' id='line_1_70' title="bbox 335 3648 1933 3725; baseline -0.003 -19"><span class='ocrx_word' id='word_1_493' title='bbox 335 3651 502 3725; x_wconf 77' lang='grc' dir='ltr'>χυσίς</span> <span class='ocrx_word' id='word_1_494' title='bbox 532 3669 618 3716; x_wconf 89' lang='grc' dir='ltr'><strong>τις</strong></span> <span class='ocrx_word' id='word_1_495' title='bbox 655 3652 969 3724; x_wconf 73' lang='grc' dir='ltr'>ἀδιάκριτος</span> <span class='ocrx_word' id='word_1_496' title='bbox 1000 3651 1102 3724; x_wconf 78' lang='grc' dir='ltr'>τὴν</span> <span class='ocrx_word' id='word_1_497' title='bbox 1143 3651 1379 3706; x_wconf 81' lang='grc' dir='ltr'>διάνοιαν</span> <span class='ocrx_word' id='word_1_498' title='bbox 1418 3650 1668 3723; x_wconf 77' lang='grc' dir='ltr'>λήψεται,</span> <span class='ocrx_word' id='word_1_499' title='bbox 1700 3648 1812 3703; x_wconf 83' lang='grc' dir='ltr'>τῶν</span> <span class='ocrx_word' id='word_1_500' title='bbox 1842 3665 1933 3721; x_wconf 77' lang='grc' dir='ltr'>ση-</span> 
     </span>
    </p>
   </div>
   <div class='ocr_carea' id='block_1_69' title="bbox 338 3741 1932 3816">
    <p class='ocr_par' dir='ltr' id='par_1_69' title="bbox 338 3741 1932 3816">
     <span class='ocr_line' id='line_1_71' title="bbox 338 3741 1932 3816; baseline -0.003 -18"><span class='ocrx_word' id='word_1_501' title='bbox 338 3742 693 3816; x_wconf 78' lang='grc' dir='ltr'>μαινομένων</span> <span class='ocrx_word' id='word_1_502' title='bbox 719 3745 777 3797; x_wconf 85' lang='grc' dir='ltr'><strong>ἐν</strong></span> <span class='ocrx_word' id='word_1_503' title='bbox 803 3742 1055 3814; x_wconf 83' lang='grc' dir='ltr'>ἀλλήλοις</span> <span class='ocrx_word' id='word_1_504' title='bbox 1082 3742 1484 3814; x_wconf 81' lang='grc' dir='ltr'>συγχεομένων.</span> <span class='ocrx_word' id='word_1_505' title='bbox 1523 3741 1683 3807; x_wconf 72' lang='grc' dir='ltr'>Κατά</span> <span class='ocrx_word' id='word_1_506' title='bbox 1709 3741 1802 3795; x_wconf 78' lang='grc' dir='ltr'>τὸν</span> <span class='ocrx_word' id='word_1_507' title='bbox 1833 3742 1932 3795; x_wconf 81' lang='grc' dir='ltr'><strong>αὐ·-</strong></span> 
     </span>
    </p>
   </div>
   <div class='ocr_carea' id='block_1_70' title="bbox 331 3831 1931 3905">
    <p class='ocr_par' dir='ltr' id='par_1_70' title="bbox 331 3831 1931 3905">
     <span class='ocr_line' id='line_1_72' title="bbox 331 3831 1931 3905; baseline -0.003 -15"><span class='ocrx_word' id='word_1_508' title='bbox 331 3834 441 3890; x_wconf 78' lang='grc' dir='ltr'><strong>τδν</strong></span> <span class='ocrx_word' id='word_1_509' title='bbox 468 3834 631 3902; x_wconf 82' lang='grc' dir='ltr'>λόγον</span> <span class='ocrx_word' id='word_1_510' title='bbox 654 3834 746 3889; x_wconf 65' lang='grc' dir='ltr'>καὶ</span> <span class='ocrx_word' id='word_1_511' title='bbox 772 3833 834 3889; x_wconf 82' lang='grc' dir='ltr'><strong>τὺ</strong></span> <span class='ocrx_word' id='word_1_512' title='bbox 862 3833 1262 3905; x_wconf 78' lang='grc' dir='ltr'>ἐπιθυμητικὸν</span> <span class='ocrx_word' id='word_1_513' title='bbox 1302 3832 1459 3905; x_wconf 78' lang='grc' dir='ltr'>ἡμῶν</span> <span class='ocrx_word' id='word_1_514' title='bbox 1490 3832 1655 3903; x_wconf 75' lang='grc' dir='ltr'>φύσιν</span> <span class='ocrx_word' id='word_1_515' title='bbox 1681 3832 1783 3887; x_wconf 82' lang='grc' dir='ltr'>οὐκ</span> <span class='ocrx_word' id='word_1_516' title='bbox 1816 3831 1931 3902; x_wconf 74' lang='grc' dir='ltr'>ἔχει</span> 
     </span>
    </p>
   </div>
   <div class='ocr_carea' id='block_1_71' title="bbox 332 3922 1929 3998">
    <p class='ocr_par' dir='ltr' id='par_1_71' title="bbox 332 3922 1929 3998">
     <span class='ocr_line' id='line_1_73' title="bbox 332 3922 1929 3998; baseline -0.004 -16"><span class='ocrx_word' id='word_1_517' title='bbox 332 3924 485 3998; x_wconf 67' lang='grc' dir='ltr'>ὁμοῦ</span> <span class='ocrx_word' id='word_1_518' title='bbox 516 3927 637 3988; x_wconf 87' lang='grc' dir='ltr'>ταῖς</span> <span class='ocrx_word' id='word_1_519' title='bbox 665 3927 1002 3996; x_wconf 78' lang='grc' dir='ltr'>σωματικαῖς</span> <span class='ocrx_word' id='word_1_520' title='bbox 1032 3923 1386 3996; x_wconf 71' lang='grc' dir='ltr'>ἐξυπηρετεῖν</span> <span class='ocrx_word' id='word_1_521' title='bbox 1424 3924 1642 3995; x_wconf 79' lang='grc' dir='ltr'>ἡδοναῖς</span> <span class='ocrx_word' id='word_1_522' title='bbox 1660 3963 1676 3988; x_wconf 91' lang='grc'><strong>,</strong></span> <span class='ocrx_word' id='word_1_523' title='bbox 1702 3924 1797 3978; x_wconf 75' lang='grc' dir='ltr'>καὶ</span> <span class='ocrx_word' id='word_1_524' title='bbox 1836 3922 1929 3976; x_wconf 76' lang='grc' dir='ltr'><strong>τὸν</strong></span> 
     </span>
    </p>
   </div>
   <div class='ocr_carea' id='block_1_72' title="bbox 336 4013 1930 4089">
    <p class='ocr_par' dir='ltr' id='par_1_72' title="bbox 336 4013 1930 4089">
     <span class='ocr_line' id='line_1_74' title="bbox 336 4013 1930 4089; baseline -0.001 -17"><span class='ocrx_word' id='word_1_525' title='bbox 336 4016 719 4089; x_wconf 71' lang='grc' dir='ltr'>πνευματικὸν</span> <span class='ocrx_word' id='word_1_526' title='bbox 777 4019 1018 4089; x_wconf 70' lang='grc' dir='ltr'>μετιέναι</span> <span class='ocrx_word' id='word_1_527' title='bbox 1072 4015 1271 4088; x_wconf 83' lang='grc' dir='ltr'>γάμον.</span> <span class='ocrx_word' id='word_1_528' title='bbox 1329 4015 1463 4071; x_wconf 66' lang='lat' dir='ltr'><strong>om</strong></span> <span class='ocrx_word' id='word_1_529' title='bbox 1518 4015 1626 4087; x_wconf 82' lang='grc' dir='ltr'><strong>γὰρ</strong></span> <span class='ocrx_word' id='word_1_530' title='bbox 1677 4014 1770 4070; x_wconf 77' lang='grc' dir='ltr'><strong>διὰ</strong></span> <span class='ocrx_word' id='word_1_531' title='bbox 1820 4013 1930 4071; x_wconf 86' lang='grc' dir='ltr'><strong>τῶν</strong></span> 
     </span>
    </p>
   </div>
   <div class='ocr_carea' id='block_1_73' title="bbox 329 4106 1928 4184">
    <p class='ocr_par' dir='ltr' id='par_1_73' title="bbox 329 4106 1928 4184">
     <span class='ocr_line' id='line_1_75' title="bbox 329 4106 1928 4184; baseline -0.004 -17"><span class='ocrx_word' id='word_1_532' title='bbox 329 4111 549 4184; x_wconf 71' lang='grc' dir='ltr'>ὁμοίων</span> <span class='ocrx_word' id='word_1_533' title='bbox 590 4110 1035 4181; x_wconf 74' lang='grc' dir='ltr'>ἐπιτηδευμάτων</span> <span class='ocrx_word' id='word_1_534' title='bbox 1076 4107 1301 4163; x_wconf 83' lang='grc' dir='ltr'>δυνατόν</span> <span class='ocrx_word' id='word_1_535' title='bbox 1329 4108 1476 4162; x_wconf 85' lang='grc' dir='ltr'>ἐστιν</span> <span class='ocrx_word' id='word_1_536' title='bbox 1517 4107 1781 4179; x_wconf 81' lang='grc' dir='ltr'>ἐκατέρου</span> <span class='ocrx_word' id='word_1_537' title='bbox 1819 4106 1928 4169; x_wconf 81' lang='grc' dir='ltr'><strong>τῶν</strong></span> 
     </span>
    </p>
   </div>
   <div class='ocr_carea' id='block_1_74' title="bbox 334 4198 1930 4273">
    <p class='ocr_par' dir='ltr' id='par_1_74' title="bbox 334 4198 1930 4273">
     <span class='ocr_line' id='line_1_76' title="bbox 334 4198 1930 4273; baseline -0.004 -14"><span class='ocrx_word' id='word_1_538' title='bbox 334 4202 568 4259; x_wconf 68' lang='lat' dir='ltr'><strong>omva</strong></span> <span class='ocrx_word' id='word_1_539' title='bbox 610 4201 905 4257; x_wconf 66' lang='grc' dir='ltr'>λαϐέσθαι*</span> <span class='ocrx_word' id='word_1_540' title='bbox 932 4200 1031 4257; x_wconf 79' lang='grc' dir='ltr'>τοῦ</span> <span class='ocrx_word' id='word_1_541' title='bbox 1076 4202 1174 4273; x_wconf 78' lang='grc' dir='ltr'>μὲν</span> <span class='ocrx_word' id='word_1_542' title='bbox 1209 4200 1319 4273; x_wconf 82' lang='grc' dir='ltr'><strong>γὰρ</strong></span> <span class='ocrx_word' id='word_1_543' title='bbox 1350 4199 1667 4272; x_wconf 79' lang='grc' dir='ltr'>ἐγκράτεια,</span> <span class='ocrx_word' id='word_1_544' title='bbox 1696 4200 1791 4255; x_wconf 78' lang='grc' dir='ltr'>καὶ</span> <span class='ocrx_word' id='word_1_545' title='bbox 1825 4198 1930 4253; x_wconf 88' lang='grc' dir='ltr'><strong>σώ-</strong></span> 
     </span>
    </p>
   </div>
   <div class='ocr_carea' id='block_1_75' title="bbox 338 4291 1929 4368">
    <p class='ocr_par' dir='ltr' id='par_1_75' title="bbox 338 4291 1929 4368">
     <span class='ocr_line' id='line_1_77' title="bbox 338 4291 1929 4368; baseline -0.003 -18"><span class='ocrx_word' id='word_1_546' title='bbox 338 4312 517 4368; x_wconf 84' lang='grc' dir='ltr'>ματος</span> <span class='ocrx_word' id='word_1_547' title='bbox 550 4294 844 4368; x_wconf 82' lang='grc' dir='ltr'>νέκρωσις,</span> <span class='ocrx_word' id='word_1_548' title='bbox 881 4294 977 4350; x_wconf 78' lang='grc' dir='ltr'>καὶ</span> <span class='ocrx_word' id='word_1_549' title='bbox 1010 4292 1119 4347; x_wconf 84' lang='grc' dir='ltr'><strong>τῶν</strong></span> <span class='ocrx_word' id='word_1_550' title='bbox 1144 4292 1287 4348; x_wconf 86' lang='grc' dir='ltr'><strong>κατά</strong></span> <span class='ocrx_word' id='word_1_551' title='bbox 1315 4291 1496 4362; x_wconf 83' lang='grc' dir='ltr'>σάρκα</span> <span class='ocrx_word' id='word_1_552' title='bbox 1522 4291 1741 4346; x_wconf 83' lang='grc' dir='ltr'>πάντων</span> <span class='ocrx_word' id='word_1_553' title='bbox 1768 4291 1929 4363; x_wconf 77' lang='grc' dir='ltr'>ὑπερ-</span> 
     </span>
    </p>
   </div>
   <div class='ocr_carea' id='block_1_76' title="bbox 331 4380 1927 4457">
    <p class='ocr_par' dir='ltr' id='par_1_76' title="bbox 331 4380 1927 4457">
     <span class='ocr_line' id='line_1_78' title="bbox 331 4380 1927 4457; baseline -0.004 -16"><span class='ocrx_word' id='word_1_554' title='bbox 331 4386 473 4457; x_wconf 80' lang='grc' dir='ltr'>οψία</span> <span class='ocrx_word' id='word_1_555' title='bbox 499 4384 754 4457; x_wconf 76' lang='grc' dir='ltr'>πρόξενοι</span> <span class='ocrx_word' id='word_1_556' title='bbox 781 4384 1042 4455; x_wconf 66' lang='grc' dir='ltr'>γίνονταν</span> <span class='ocrx_word' id='word_1_557' title='bbox 1072 4382 1175 4454; x_wconf 82' lang='grc' dir='ltr'><strong>τῆς</strong></span> <span class='ocrx_word' id='word_1_558' title='bbox 1194 4382 1251 4437; x_wconf 86' lang='grc' dir='ltr'><strong>δέ</strong></span> <span class='ocrx_word' id='word_1_559' title='bbox 1283 4381 1604 4453; x_wconf 84' lang='grc' dir='ltr'>σωματικῆς</span> <span class='ocrx_word' id='word_1_560' title='bbox 1632 4380 1927 4451; x_wconf 79' lang='grc' dir='ltr'>συναφείας</span> 
     </span>
    </p>
   </div>
   <div class='ocr_carea' id='block_1_77' title="bbox 2034 3204 3609 3276">
    <p class='ocr_par' dir='ltr' id='par_1_77' title="bbox 2034 3204 3609 3276">
     <span class='ocr_line' id='line_1_79' title="bbox 2034 3204 3609 3276; baseline 0.005 -18"><span class='ocrx_word' id='word_1_561' title='bbox 2034 3219 2211 3274; x_wconf 81' lang='lat' dir='ltr'><strong>neque</strong></span> <span class='ocrx_word' id='word_1_562' title='bbox 2261 3205 2446 3276; x_wconf 69' lang='lat' dir='ltr'><strong>lingua</strong></span> <span class='ocrx_word' id='word_1_563' title='bbox 2475 3204 2815 3261; x_wconf 87' lang='lat' dir='ltr'><strong>diversarum</strong></span> <span class='ocrx_word' id='word_1_564' title='bbox 2850 3220 3043 3261; x_wconf 77' lang='lat' dir='ltr'><strong>vocum</strong></span> <span class='ocrx_word' id='word_1_565' title='bbox 3095 3208 3248 3268; x_wconf 89' lang='lat' dir='ltr'><strong>sonis</strong></span> <span class='ocrx_word' id='word_1_566' title='bbox 3280 3209 3443 3266; x_wconf 88' lang='lat' dir='ltr'><strong>simul</strong></span> <span class='ocrx_word' id='word_1_567' title='bbox 3489 3226 3609 3269; x_wconf 85' lang='lat' dir='ltr'><strong>ser-</strong></span> 
     </span>
    </p>
   </div>
   <div class='ocr_carea' id='block_1_78' title="bbox 2033 3294 3606 3359">
    <p class='ocr_par' dir='ltr' id='par_1_78' title="bbox 2033 3294 3606 3359">
     <span class='ocr_line' id='line_1_80' title="bbox 2033 3294 3606 3359; baseline 0.005 -9"><span class='ocrx_word' id='word_1_568' title='bbox 2033 3296 2163 3359; x_wconf 85' lang='lat' dir='ltr'><strong>viet,</strong></span> <span class='ocrx_word' id='word_1_569' title='bbox 2214 3304 2275 3350; x_wconf 89' lang='lat' dir='ltr'><strong>ut</strong></span> <span class='ocrx_word' id='word_1_570' title='bbox 2329 3294 2583 3353; x_wconf 67' lang='lat' dir='ltr'><strong>Hebraeae</strong></span> <span class='ocrx_word' id='word_1_571' title='bbox 2628 3306 2682 3352; x_wconf 86' lang='lat' dir='ltr'><strong>et</strong></span> <span class='ocrx_word' id='word_1_572' title='bbox 2734 3294 2954 3357; x_wconf 69' lang='lat' dir='ltr'><strong>Graecas</strong></span> <span class='ocrx_word' id='word_1_573' title='bbox 3006 3314 3167 3356; x_wconf 90' lang='lat' dir='ltr'><strong>voces</strong></span> <span class='ocrx_word' id='word_1_574' title='bbox 3215 3300 3406 3356; x_wconf 88' lang='lat' dir='ltr'><strong>eodem</strong></span> <span class='ocrx_word' id='word_1_575' title='bbox 3466 3309 3606 3358; x_wconf 89' lang='lat' dir='ltr'><strong>tem-</strong></span> 
     </span>
    </p>
   </div>
   <div class='ocr_carea' id='block_1_79' title="bbox 2030 3385 3606 3457">
    <p class='ocr_par' dir='ltr' id='par_1_79' title="bbox 2030 3385 3606 3457">
     <span class='ocr_line' id='line_1_81' title="bbox 2030 3385 3606 3457; baseline 0.006 -17"><span class='ocrx_word' id='word_1_576' title='bbox 2030 3400 2165 3456; x_wconf 85' lang='lat' dir='ltr'><strong>pore</strong></span> <span class='ocrx_word' id='word_1_577' title='bbox 2226 3385 2393 3441; x_wconf 84' lang='lat' dir='ltr'><strong>simul</strong></span> <span class='ocrx_word' id='word_1_578' title='bbox 2435 3387 2751 3457; x_wconf 76' lang='lat' dir='ltr'><strong>exprimat:</strong></span> <span class='ocrx_word' id='word_1_579' title='bbox 2804 3404 2905 3445; x_wconf 88' lang='lat' dir='ltr'><strong>nec</strong></span> <span class='ocrx_word' id='word_1_580' title='bbox 2960 3391 3172 3445; x_wconf 87' lang='lat' dir='ltr'><strong>aurium</strong></span> <span class='ocrx_word' id='word_1_581' title='bbox 3222 3392 3351 3448; x_wconf 90' lang='lat' dir='ltr'><strong>item</strong></span> <span class='ocrx_word' id='word_1_582' title='bbox 3405 3408 3606 3450; x_wconf 86' lang='lat' dir='ltr'><strong>sensus</strong></span> 
     </span>
    </p>
   </div>
   <div class='ocr_carea' id='block_1_80' title="bbox 2031 3478 3607 3553">
    <p class='ocr_par' dir='ltr' id='par_1_80' title="bbox 2031 3478 3607 3553">
     <span class='ocr_line' id='line_1_82' title="bbox 2031 3478 3607 3553; baseline 0.005 -22"><span class='ocrx_word' id='word_1_583' title='bbox 2031 3486 2088 3531; x_wconf 89' lang='lat' dir='ltr'><strong>et</strong></span> <span class='ocrx_word' id='word_1_584' title='bbox 2142 3491 2323 3531; x_wconf 84' lang='lat' dir='ltr'><strong>rerum</strong></span> <span class='ocrx_word' id='word_1_585' title='bbox 2375 3478 2815 3549; x_wconf 81' lang='lat' dir='ltr'><strong>explicationem,</strong></span> <span class='ocrx_word' id='word_1_586' title='bbox 2888 3490 2944 3537; x_wconf 89' lang='lat' dir='ltr'><strong>et</strong></span> <span class='ocrx_word' id='word_1_587' title='bbox 2995 3480 3322 3547; x_wconf 86' lang='lat' dir='ltr'><strong>verborum,</strong></span> <span class='ocrx_word' id='word_1_588' title='bbox 3384 3498 3505 3553; x_wconf 62' lang='lat' dir='ltr'><strong>qum</strong></span> <span class='ocrx_word' id='word_1_589' title='bbox 3540 3485 3607 3539; x_wconf 81' lang='lat' dir='ltr'><strong>ad</strong></span> 
     </span>
    </p>
   </div>
   <div class='ocr_carea' id='block_1_81' title="bbox 2030 3566 3606 3644">
    <p class='ocr_par' dir='ltr' id='par_1_81' title="bbox 2030 3566 3606 3644">
     <span class='ocr_line' id='line_1_83' title="bbox 2030 3566 3606 3644; baseline 0.004 -21"><span class='ocrx_word' id='word_1_590' title='bbox 2030 3566 2334 3624; x_wconf 85' lang='lat' dir='ltr'><strong>docendum</strong></span> <span class='ocrx_word' id='word_1_591' title='bbox 2393 3568 2642 3641; x_wconf 83' lang='lat' dir='ltr'><strong>apposita</strong></span> <span class='ocrx_word' id='word_1_592' title='bbox 2716 3579 2845 3627; x_wconf 88' lang='lat' dir='ltr'><strong>sunt</strong></span> <span class='ocrx_word' id='word_1_593' title='bbox 2873 3573 3215 3639; x_wconf 85' lang='lat' dir='ltr'><strong>,orationem</strong></span> <span class='ocrx_word' id='word_1_594' title='bbox 3275 3587 3385 3633; x_wconf 87' lang='lat' dir='ltr'><strong>una</strong></span> <span class='ocrx_word' id='word_1_595' title='bbox 3430 3575 3606 3644; x_wconf 76' lang='lat' dir='ltr'><strong>perri-</strong></span> 
     </span>
    </p>
   </div>
   <div class='ocr_carea' id='block_1_82' title="bbox 2033 3657 3606 3734">
    <p class='ocr_par' dir='ltr' id='par_1_82' title="bbox 2033 3657 3606 3734">
     <span class='ocr_line' id='line_1_84' title="bbox 2033 3657 3606 3734; baseline 0.004 -21"><span class='ocrx_word' id='word_1_596' title='bbox 2033 3659 2165 3729; x_wconf 88' lang='lat' dir='ltr'><strong>piet.</strong></span> <span class='ocrx_word' id='word_1_597' title='bbox 2216 3657 2513 3717; x_wconf 87' lang='lat' dir='ltr'><strong>Dissimilis</strong></span> <span class='ocrx_word' id='word_1_598' title='bbox 2562 3662 2705 3717; x_wconf 84' lang='lat' dir='ltr'><strong>enim</strong></span> <span class='ocrx_word' id='word_1_599' title='bbox 2744 3676 2929 3723; x_wconf 87' lang='lat' dir='ltr'><strong>sermo</strong></span> <span class='ocrx_word' id='word_1_600' title='bbox 2978 3670 3085 3728; x_wconf 84' lang='lat' dir='ltr'><strong>est,</strong></span> <span class='ocrx_word' id='word_1_601' title='bbox 3134 3662 3227 3734; x_wconf 91' lang='lat' dir='ltr'><strong>qui</strong></span> <span class='ocrx_word' id='word_1_602' title='bbox 3283 3665 3332 3721; x_wconf 90' lang='lat' dir='ltr'><strong>si</strong></span> <span class='ocrx_word' id='word_1_603' title='bbox 3381 3679 3606 3734; x_wconf 85' lang='lat' dir='ltr'><strong>separa-</strong></span> 
     </span>
    </p>
   </div>
   <div class='ocr_carea' id='block_1_83' title="bbox 2030 3748 3607 3826">
    <p class='ocr_par' dir='ltr' id='par_1_83' title="bbox 2030 3748 3607 3826">
     <span class='ocr_line' id='line_1_85' title="bbox 2030 3748 3607 3826; baseline 0.006 -24"><span class='ocrx_word' id='word_1_604' title='bbox 2030 3749 2129 3804; x_wconf 89' lang='lat' dir='ltr'><strong>tim</strong></span> <span class='ocrx_word' id='word_1_605' title='bbox 2187 3748 2409 3804; x_wconf 89' lang='lat' dir='ltr'><strong>auditur</strong></span> <span class='ocrx_word' id='word_1_606' title='bbox 2439 3790 2455 3816; x_wconf 91' lang='lat'><strong>,</strong></span> <span class='ocrx_word' id='word_1_607' title='bbox 2514 3752 2843 3807; x_wconf 86' lang='lat' dir='ltr'><strong>sententiam</strong></span> <span class='ocrx_word' id='word_1_608' title='bbox 2896 3753 3133 3809; x_wconf 85' lang='lat' dir='ltr'><strong>auditori</strong></span> <span class='ocrx_word' id='word_1_609' title='bbox 3197 3754 3508 3826; x_wconf 81' lang='lat' dir='ltr'><strong>imprimit:</strong></span> <span class='ocrx_word' id='word_1_610' title='bbox 3561 3756 3607 3811; x_wconf 92' lang='lat' dir='ltr'><strong>si</strong></span> 
     </span>
    </p>
   </div>
   <div class='ocr_carea' id='block_1_84' title="bbox 2030 3840 3609 3917">
    <p class='ocr_par' dir='ltr' id='par_1_84' title="bbox 2030 3840 3609 3917">
     <span class='ocr_line' id='line_1_86' title="bbox 2030 3840 3609 3917; baseline 0.004 -22"><span class='ocrx_word' id='word_1_611' title='bbox 2030 3855 2163 3896; x_wconf 90' lang='lat' dir='ltr'><strong>vero</strong></span> <span class='ocrx_word' id='word_1_612' title='bbox 2220 3840 2448 3898; x_wconf 74' lang='lat' dir='ltr'><strong>confuse</strong></span> <span class='ocrx_word' id='word_1_613' title='bbox 2495 3842 2865 3913; x_wconf 77' lang='lat' dir='ltr'><strong>exprimitur,</strong></span> <span class='ocrx_word' id='word_1_614' title='bbox 2935 3845 3151 3901; x_wconf 84' lang='lat' dir='ltr'><strong>aurium</strong></span> <span class='ocrx_word' id='word_1_615' title='bbox 3206 3860 3429 3903; x_wconf 84' lang='lat' dir='ltr'><strong>sensum</strong></span> <span class='ocrx_word' id='word_1_616' title='bbox 3485 3861 3609 3917; x_wconf 83' lang='lat' dir='ltr'><strong>per-</strong></span> 
     </span>
    </p>
   </div>
   <div class='ocr_carea' id='block_1_85' title="bbox 2033 3930 3606 4009">
    <p class='ocr_par' dir='ltr' id='par_1_85' title="bbox 2033 3930 3606 4009">
     <span class='ocr_line' id='line_1_87' title="bbox 2033 3930 3606 4009; baseline 0.005 -23"><span class='ocrx_word' id='word_1_617' title='bbox 2033 3930 2236 3996; x_wconf 87' lang='lat' dir='ltr'><strong>turbat,</strong></span> <span class='ocrx_word' id='word_1_618' title='bbox 2269 3942 2433 4003; x_wconf 88' lang='lat' dir='ltr'><strong>atque</strong></span> <span class='ocrx_word' id='word_1_619' title='bbox 2467 3932 2557 4002; x_wconf 89' lang='lat' dir='ltr'><strong>iis,</strong></span> <span class='ocrx_word' id='word_1_620' title='bbox 2604 3946 2726 4004; x_wconf 65' lang='lat' dir='ltr'><strong>quae</strong></span> <span class='ocrx_word' id='word_1_621' title='bbox 2761 3934 3177 4007; x_wconf 79' lang='lat' dir='ltr'><strong>signiﬁcantur,</strong></span> <span class='ocrx_word' id='word_1_622' title='bbox 3218 3936 3448 3995; x_wconf 77' lang='lat' dir='ltr'><strong>confuse</strong></span> <span class='ocrx_word' id='word_1_623' title='bbox 3475 3953 3606 4009; x_wconf 85' lang='lat' dir='ltr'><strong>pro-</strong></span> 
     </span>
    </p>
   </div>
   <div class='ocr_carea' id='block_1_86' title="bbox 2030 4022 3605 4094">
    <p class='ocr_par' dir='ltr' id='par_1_86' title="bbox 2030 4022 3605 4094">
     <span class='ocr_line' id='line_1_88' title="bbox 2030 4022 3605 4094; baseline 0.004 -18"><span class='ocrx_word' id='word_1_624' title='bbox 2030 4022 2204 4087; x_wconf 82' lang='lat' dir='ltr'><strong>latis,</strong></span> <span class='ocrx_word' id='word_1_625' title='bbox 2258 4025 2505 4094; x_wconf 68' lang='lat' dir='ltr'><strong>quaedam</strong></span> <span class='ocrx_word' id='word_1_626' title='bbox 2568 4040 2681 4080; x_wconf 83' lang='lat' dir='ltr'><strong>non</strong></span> <span class='ocrx_word' id='word_1_627' title='bbox 2736 4025 2997 4082; x_wconf 88' lang='lat' dir='ltr'><strong>distincta</strong></span> <span class='ocrx_word' id='word_1_628' title='bbox 3053 4028 3312 4085; x_wconf 81' lang='lat' dir='ltr'><strong>confusio</strong></span> <span class='ocrx_word' id='word_1_629' title='bbox 3371 4038 3605 4084; x_wconf 89' lang='lat' dir='ltr'><strong>mentem</strong></span> 
     </span>
    </p>
   </div>
   <div class='ocr_carea' id='block_1_87' title="bbox 2029 4113 3607 4186">
    <p class='ocr_par' dir='ltr' id='par_1_87' title="bbox 2029 4113 3607 4186">
     <span class='ocr_line' id='line_1_89' title="bbox 2029 4113 3607 4186; baseline 0.004 -18"><span class='ocrx_word' id='word_1_630' title='bbox 2029 4114 2345 4186; x_wconf 74' lang='lat' dir='ltr'><strong>occupabit.</strong></span> <span class='ocrx_word' id='word_1_631' title='bbox 2400 4113 2526 4169; x_wconf 78' lang='lat' dir='ltr'><strong>Pari</strong></span> <span class='ocrx_word' id='word_1_632' title='bbox 2561 4116 2774 4172; x_wconf 81' lang='lat' dir='ltr'><strong>ratione</strong></span> <span class='ocrx_word' id='word_1_633' title='bbox 2828 4116 3091 4186; x_wconf 87' lang='lat' dir='ltr'><strong>appetitio</strong></span> <span class='ocrx_word' id='word_1_634' title='bbox 3126 4126 3314 4173; x_wconf 89' lang='lat' dir='ltr'><strong>nostra</strong></span> <span class='ocrx_word' id='word_1_635' title='bbox 3349 4124 3607 4174; x_wconf 89' lang='lat' dir='ltr'><strong>naturam</strong></span> 
     </span>
    </p>
   </div>
   <div class='ocr_carea' id='block_1_88' title="bbox 2028 4203 3606 4273">
    <p class='ocr_par' dir='ltr' id='par_1_88' title="bbox 2028 4203 3606 4273">
     <span class='ocr_line' id='line_1_90' title="bbox 2028 4203 3606 4273; baseline 0.001 -14"><span class='ocrx_word' id='word_1_636' title='bbox 2028 4218 2139 4259; x_wconf 87' lang='lat' dir='ltr'><strong>non</strong></span> <span class='ocrx_word' id='word_1_637' title='bbox 2175 4203 2358 4269; x_wconf 80' lang='lat' dir='ltr'><strong>habet,</strong></span> <span class='ocrx_word' id='word_1_638' title='bbox 2416 4210 2476 4257; x_wconf 89' lang='lat' dir='ltr'><strong>ut</strong></span> <span class='ocrx_word' id='word_1_639' title='bbox 2515 4203 2794 4273; x_wconf 86' lang='lat' dir='ltr'><strong>corporeis</strong></span> <span class='ocrx_word' id='word_1_640' title='bbox 2844 4203 3008 4259; x_wconf 90' lang='lat' dir='ltr'><strong>simul</strong></span> <span class='ocrx_word' id='word_1_641' title='bbox 3055 4203 3428 4273; x_wconf 86' lang='lat' dir='ltr'><strong>voluptatibus</strong></span> <span class='ocrx_word' id='word_1_642' title='bbox 3488 4219 3606 4262; x_wconf 84' lang='lat' dir='ltr'><strong>ser-</strong></span> 
     </span>
    </p>
   </div>
   <div class='ocr_carea' id='block_1_89' title="bbox 2028 4291 3605 4365">
    <p class='ocr_par' dir='ltr' id='par_1_89' title="bbox 2028 4291 3605 4365">
     <span class='ocr_line' id='line_1_91' title="bbox 2028 4291 3605 4365; baseline 0.001 -17"><span class='ocrx_word' id='word_1_643' title='bbox 2028 4294 2141 4348; x_wconf 74' lang='lat' dir='ltr'><strong>viat</strong></span> <span class='ocrx_word' id='word_1_644' title='bbox 2188 4299 2244 4350; x_wconf 84' lang='lat' dir='ltr'><strong>et</strong></span> <span class='ocrx_word' id='word_1_645' title='bbox 2287 4291 2604 4365; x_wconf 87' lang='lat' dir='ltr'><strong>spirituales</strong></span> <span class='ocrx_word' id='word_1_646' title='bbox 2650 4295 2871 4363; x_wconf 83' lang='lat' dir='ltr'><strong>nuptias</strong></span> <span class='ocrx_word' id='word_1_647' title='bbox 2923 4292 3149 4349; x_wconf 84' lang='lat' dir='ltr'><strong>ambiat.</strong></span> <span class='ocrx_word' id='word_1_648' title='bbox 3211 4291 3401 4365; x_wconf 84' lang='lat' dir='ltr'><strong>Neque</strong></span> <span class='ocrx_word' id='word_1_649' title='bbox 3457 4294 3605 4351; x_wconf 83' lang='lat' dir='ltr'><strong>enim</strong></span> 
     </span>
    </p>
   </div>
   <div class='ocr_carea' id='block_1_90' title="bbox 2026 4383 3607 4457">
    <p class='ocr_par' dir='ltr' id='par_1_90' title="bbox 2026 4383 3607 4457">
     <span class='ocr_line' id='line_1_92' title="bbox 2026 4383 3607 4457; baseline 0 -14"><span class='ocrx_word' id='word_1_650' title='bbox 2026 4384 2305 4443; x_wconf 83' lang='lat' dir='ltr'><strong>similibus</strong></span> <span class='ocrx_word' id='word_1_651' title='bbox 2358 4383 2556 4442; x_wconf 87' lang='lat' dir='ltr'><strong>studiis</strong></span> <span class='ocrx_word' id='word_1_652' title='bbox 2606 4385 2895 4456; x_wconf 87' lang='lat' dir='ltr'><strong>utriusque</strong></span> <span class='ocrx_word' id='word_1_653' title='bbox 2937 4384 3017 4441; x_wconf 87' lang='lat' dir='ltr'><strong>rei</strong></span> <span class='ocrx_word' id='word_1_654' title='bbox 3072 4385 3413 4457; x_wconf 89' lang='lat' dir='ltr'><strong>propositum</strong></span> <span class='ocrx_word' id='word_1_655' title='bbox 3454 4400 3607 4443; x_wconf 87' lang='lat' dir='ltr'><strong>asse-</strong></span> 
     </span>
    </p>
   </div>
   <div class='ocr_carea' id='block_1_91' title="bbox 330 4467 1929 4549">
    <p class='ocr_par' dir='ltr' id='par_1_91' title="bbox 330 4472 1929 4547">
     <span class='ocr_line' id='line_1_93' title="bbox 330 4472 1929 4547; baseline -0.006 -12"><span class='ocrx_word' id='word_1_656' title='bbox 330 4478 521 4535; x_wconf 64' lang='grc' dir='ltr'>πάντα</span> <span class='ocrx_word' id='word_1_657' title='bbox 546 4476 619 4532; x_wconf 89' lang='grc' dir='ltr'><strong>τά</strong></span> <span class='ocrx_word' id='word_1_658' title='bbox 641 4475 884 4532; x_wconf 85' lang='grc' dir='ltr'>ἐναντία.</span> <span class='ocrx_word' id='word_1_659' title='bbox 913 4474 1123 4531; x_wconf 70' lang='grc' dir='ltr'>Οὐκοῦν</span> <span class='ocrx_word' id='word_1_660' title='bbox 1151 4473 1341 4547; x_wconf 82' lang='grc' dir='ltr'>ὥσπερ</span> <span class='ocrx_word' id='word_1_661' title='bbox 1361 4473 1453 4527; x_wconf 81' lang='grc' dir='ltr'>δύο</span> <span class='ocrx_word' id='word_1_662' title='bbox 1476 4473 1681 4545; x_wconf 85' lang='grc' dir='ltr'>κυρίων</span> <span class='ocrx_word' id='word_1_663' title='bbox 1704 4474 1761 4527; x_wconf 83' lang='grc' dir='ltr'><strong>ἐν</strong></span> <span class='ocrx_word' id='word_1_664' title='bbox 1785 4472 1929 4544; x_wconf 68' lang='grc' dir='ltr'>αἱρέ-</span> 
     </span>
    </p>
   </div>
   <div class='ocr_carea' id='block_1_92' title="bbox 2033 4467 3607 4549">
    <p class='ocr_par' dir='ltr' id='par_1_92' title="bbox 2033 4473 3607 4549">
     <span class='ocr_line' id='line_1_94' title="bbox 2033 4473 3607 4549; baseline 0 -18"><span class='ocrx_word' id='word_1_665' title='bbox 2033 4476 2128 4549; x_wconf 88' lang='lat' dir='ltr'><strong>qui</strong></span> <span class='ocrx_word' id='word_1_666' title='bbox 2176 4476 2345 4533; x_wconf 90' lang='lat' dir='ltr'><strong>licet:</strong></span> <span class='ocrx_word' id='word_1_667' title='bbox 2385 4473 2549 4535; x_wconf 86' lang='lat' dir='ltr'><strong>unius</strong></span> <span class='ocrx_word' id='word_1_668' title='bbox 2596 4477 2741 4531; x_wconf 85' lang='lat' dir='ltr'><strong>enim</strong></span> <span class='ocrx_word' id='word_1_669' title='bbox 2792 4474 3007 4532; x_wconf 87' lang='lat' dir='ltr'><strong>ratione</strong></span> <span class='ocrx_word' id='word_1_670' title='bbox 3056 4482 3113 4533; x_wconf 89' lang='lat' dir='ltr'><strong>et</strong></span> <span class='ocrx_word' id='word_1_671' title='bbox 3162 4476 3520 4545; x_wconf 86' lang='lat' dir='ltr'><strong>continentia,</strong></span> <span class='ocrx_word' id='word_1_672' title='bbox 3550 4484 3607 4534; x_wconf 90' lang='lat' dir='ltr'><strong>et</strong></span> 
     </span>
    </p>
   </div>
   <div class='ocr_carea' id='block_1_93' title="bbox 339 4562 1928 4643">
    <p class='ocr_par' dir='ltr' id='par_1_93' title="bbox 339 4562 1928 4643">
     <span class='ocr_line' id='line_1_95' title="bbox 339 4562 1928 4643; baseline -0.006 -18"><span class='ocrx_word' id='word_1_673' title='bbox 339 4588 425 4626; x_wconf 76' lang='grc' dir='ltr'><strong>σει</strong></span> <span class='ocrx_word' id='word_1_674' title='bbox 454 4569 863 4643; x_wconf 67' lang='grc' dir='ltr'>προκειμένων,</span> <span class='ocrx_word' id='word_1_675' title='bbox 892 4566 1083 4640; x_wconf 75' lang='grc' dir='ltr'>ἐπειδὴ</span> <span class='ocrx_word' id='word_1_676' title='bbox 1110 4564 1255 4635; x_wconf 79' lang='grc' dir='ltr'>κατὰ</span> <span class='ocrx_word' id='word_1_677' title='bbox 1281 4564 1479 4619; x_wconf 81' lang='grc' dir='ltr'>ταύτὸν</span> <span class='ocrx_word' id='word_1_678' title='bbox 1509 4563 1611 4618; x_wconf 83' lang='grc' dir='ltr'>οὐκ</span> <span class='ocrx_word' id='word_1_679' title='bbox 1639 4562 1787 4617; x_wconf 76' lang='grc' dir='ltr'>ἐστιν</span> <span class='ocrx_word' id='word_1_680' title='bbox 1819 4563 1928 4634; x_wconf 81' lang='grc' dir='ltr'>ἀμ-</span> 
     </span>
    </p>
   </div>
   <div class='ocr_carea' id='block_1_94' title="bbox 341 4655 1929 4734">
    <p class='ocr_par' dir='ltr' id='par_1_94' title="bbox 341 4655 1929 4734">
     <span class='ocr_line' id='line_1_96' title="bbox 341 4655 1929 4734; baseline -0.003 -20"><span class='ocrx_word' id='word_1_681' title='bbox 341 4660 594 4734; x_wconf 68' lang='grc' dir='ltr'>φοτέρων</span> <span class='ocrx_word' id='word_1_682' title='bbox 615 4658 871 4730; x_wconf 73' lang='grc' dir='ltr'>γενέσθαι</span> <span class='ocrx_word' id='word_1_683' title='bbox 903 4658 1147 4729; x_wconf 74' lang='grc' dir='ltr'>ὑπήκοον</span> <span class='ocrx_word' id='word_1_684' title='bbox 1182 4656 1398 4731; x_wconf 73' lang='grc' dir='ltr'>(οὐδεὶς</span> <span class='ocrx_word' id='word_1_685' title='bbox 1423 4655 1534 4729; x_wconf 84' lang='grc' dir='ltr'><strong>γὰρ</strong></span> <span class='ocrx_word' id='word_1_686' title='bbox 1556 4656 1778 4711; x_wconf 80' lang='grc' dir='ltr'>δύναται</span> <span class='ocrx_word' id='word_1_687' title='bbox 1805 4655 1929 4711; x_wconf 77' lang='grc' dir='ltr'>δυσὶ</span> 
     </span>
    </p>
   </div>
   <div class='ocr_carea' id='block_1_95' title="bbox 341 4742 1928 4824">
    <p class='ocr_par' dir='ltr' id='par_1_95' title="bbox 341 4742 1928 4824">
     <span class='ocr_line' id='line_1_97' title="bbox 341 4742 1928 4824; baseline -0.004 -17"><span class='ocrx_word' id='word_1_688' title='bbox 341 4753 560 4824; x_wconf 72' lang='grc' dir='ltr'>κυρίοις</span> <span class='ocrx_word' id='word_1_689' title='bbox 606 4750 957 4819; x_wconf 75' lang='grc' dir='ltr'>δουλεύειν),</span> <span class='ocrx_word' id='word_1_690' title='bbox 988 4750 1081 4805; x_wconf 79' lang='grc' dir='ltr'><strong>τὸν</strong></span> <span class='ocrx_word' id='word_1_691' title='bbox 1108 4747 1526 4821; x_wconf 72' lang='grc' dir='ltr'>ὠφελιμώτερον</span> <span class='ocrx_word' id='word_1_692' title='bbox 1563 4749 1593 4802; x_wconf 83' lang='grc' dir='ltr'>ὀ</span> <span class='ocrx_word' id='word_1_693' title='bbox 1621 4742 1680 4801; x_wconf 79' lang='grc' dir='ltr'>εὖ</span> <span class='ocrx_word' id='word_1_694' title='bbox 1714 4745 1928 4819; x_wconf 80' lang='grc' dir='ltr'>φρονῶν</span> 
     </span>
    </p>
   </div>
   <div class='ocr_carea' id='block_1_96' title="bbox 341 4840 1927 4915">
    <p class='ocr_par' dir='ltr' id='par_1_96' title="bbox 341 4840 1927 4915">
     <span class='ocr_line' id='line_1_98' title="bbox 341 4840 1927 4915; baseline -0.001 -17"><span class='ocrx_word' id='word_1_695' title='bbox 341 4844 672 4911; x_wconf 64' lang='grc' dir='ltr'>διαλέξεται*</span> <span class='ocrx_word' id='word_1_696' title='bbox 703 4841 875 4907; x_wconf 69' lang='grc' dir='ltr'>οὕτως</span> <span class='ocrx_word' id='word_1_697' title='bbox 899 4844 1036 4915; x_wconf 73' lang='grc' dir='ltr'>ἡμῖν</span> <span class='ocrx_word' id='word_1_698' title='bbox 1063 4840 1160 4895; x_wconf 76' lang='grc' dir='ltr'>καὶ</span> <span class='ocrx_word' id='word_1_699' title='bbox 1185 4840 1280 4896; x_wconf 79' lang='grc' dir='ltr'>δύο</span> <span class='ocrx_word' id='word_1_700' title='bbox 1310 4840 1687 4913; x_wconf 81' lang='grc' dir='ltr'>προκειμένων</span> <span class='ocrx_word' id='word_1_701' title='bbox 1709 4840 1927 4911; x_wconf 88' lang='grc' dir='ltr'>γάμων,</span> 
     </span>
    </p>
   </div>
   <div class='ocr_carea' id='block_1_97' title="bbox 341 4929 1930 5008">
    <p class='ocr_par' dir='ltr' id='par_1_97' title="bbox 341 4929 1930 5008">
     <span class='ocr_line' id='line_1_99' title="bbox 341 4929 1930 5008; baseline -0.002 -18"><span class='ocrx_word' id='word_1_702' title='bbox 341 4934 534 5008; x_wconf 76' lang='grc' dir='ltr'>ἐπειδὴ</span> <span class='ocrx_word' id='word_1_703' title='bbox 552 4935 658 4989; x_wconf 78' lang='grc' dir='ltr'>οὐκ</span> <span class='ocrx_word' id='word_1_704' title='bbox 689 4936 836 4990; x_wconf 80' lang='grc' dir='ltr'>ἐστιν</span> <span class='ocrx_word' id='word_1_705' title='bbox 863 4937 924 4990; x_wconf 80' lang='grc' dir='ltr'><strong>ἐν</strong></span> <span class='ocrx_word' id='word_1_706' title='bbox 951 4935 1284 5007; x_wconf 81' lang='grc' dir='ltr'>ἀμφοτέροις</span> <span class='ocrx_word' id='word_1_707' title='bbox 1308 4929 1447 4989; x_wconf 80' lang='grc' dir='ltr'>εἶναι</span> <span class='ocrx_word' id='word_1_708' title='bbox 1480 4934 1541 5005; x_wconf 85' lang='grc' dir='ltr'><strong>(δ</strong></span> <span class='ocrx_word' id='word_1_709' title='bbox 1568 4932 1678 5006; x_wconf 76' lang='grc' dir='ltr'><strong>γὰρ</strong></span> <span class='ocrx_word' id='word_1_710' title='bbox 1714 4933 1930 5005; x_wconf 78' lang='grc' dir='ltr'>ἄγαμος</span> 
     </span>
    </p>
   </div>
   <div class='ocr_carea' id='block_1_98' title="bbox 343 5024 1930 5099">
    <p class='ocr_par' dir='ltr' id='par_1_98' title="bbox 343 5024 1930 5099">
     <span class='ocr_line' id='line_1_100' title="bbox 343 5024 1930 5099; baseline -0.001 -19"><span class='ocrx_word' id='word_1_711' title='bbox 343 5027 592 5099; x_wconf 71' lang='grc' dir='ltr'>μεριμνᾷ</span> <span class='ocrx_word' id='word_1_712' title='bbox 623 5026 697 5081; x_wconf 81' lang='grc' dir='ltr'>τὰ</span> <span class='ocrx_word' id='word_1_713' title='bbox 721 5026 817 5080; x_wconf 75' lang='grc' dir='ltr'><strong>τοῦ</strong></span> <span class='ocrx_word' id='word_1_714' title='bbox 857 5025 1093 5099; x_wconf 78' lang='grc' dir='ltr'>Κυρίου,</span> <span class='ocrx_word' id='word_1_715' title='bbox 1123 5026 1154 5079; x_wconf 76' lang='grc' dir='ltr'><strong>ὀ</strong></span> <span class='ocrx_word' id='word_1_716' title='bbox 1195 5026 1253 5079; x_wconf 81' lang='grc' dir='ltr'><strong>δέ</strong></span> <span class='ocrx_word' id='word_1_717' title='bbox 1283 5027 1538 5098; x_wconf 77' lang='grc' dir='ltr'>γαμήσας</span> <span class='ocrx_word' id='word_1_718' title='bbox 1578 5025 1819 5098; x_wconf 75' lang='grc' dir='ltr'>μεριμνᾷ</span> <span class='ocrx_word' id='word_1_719' title='bbox 1860 5024 1930 5079; x_wconf 76' lang='grc' dir='ltr'><strong>τὰ</strong></span> 
     </span>
    </p>
   </div>
   <div class='ocr_carea' id='block_1_99' title="bbox 341 5115 1929 5190">
    <p class='ocr_par' dir='ltr' id='par_1_99' title="bbox 341 5115 1929 5190">
     <span class='ocr_line' id='line_1_101' title="bbox 341 5115 1929 5190; baseline -0.003 -18"><span class='ocrx_word' id='word_1_720' title='bbox 341 5117 438 5172; x_wconf 82' lang='grc' dir='ltr'>τοῦ</span> <span class='ocrx_word' id='word_1_721' title='bbox 464 5117 708 5189; x_wconf 71' lang='grc' dir='ltr'>κόσμου)</span> <span class='ocrx_word' id='word_1_722' title='bbox 729 5157 744 5181; x_wconf 92' lang='grc'><strong>,</strong></span> <span class='ocrx_word' id='word_1_723' title='bbox 779 5115 1203 5190; x_wconf 81' lang='grc' dir='ltr'>σωφρονούντων</span> <span class='ocrx_word' id='word_1_724' title='bbox 1230 5115 1296 5171; x_wconf 78' lang='grc' dir='ltr'>ἄν</span> <span class='ocrx_word' id='word_1_725' title='bbox 1327 5133 1470 5187; x_wconf 86' lang='grc' dir='ltr'>φημι</span> <span class='ocrx_word' id='word_1_726' title='bbox 1510 5115 1585 5188; x_wconf 79' lang='grc' dir='ltr'>μὴ</span> <span class='ocrx_word' id='word_1_727' title='bbox 1612 5116 1929 5188; x_wconf 77' lang='grc' dir='ltr'>διαμαρτεῖν</span> 
     </span>
    </p>
   </div>
   <div class='ocr_carea' id='block_1_100' title="bbox 332 5205 1930 5281">
    <p class='ocr_par' dir='ltr' id='par_1_100' title="bbox 332 5205 1930 5281">
     <span class='ocr_line' id='line_1_102' title="bbox 332 5205 1930 5281; baseline -0.001 -20"><span class='ocrx_word' id='word_1_728' title='bbox 332 5208 445 5280; x_wconf 70' lang='grc' dir='ltr'>τῆς</span> <span class='ocrx_word' id='word_1_729' title='bbox 471 5208 706 5279; x_wconf 81' lang='grc' dir='ltr'>ἐκλογῆς</span> <span class='ocrx_word' id='word_1_730' title='bbox 731 5206 829 5262; x_wconf 78' lang='grc' dir='ltr'>τοῦ</span> <span class='ocrx_word' id='word_1_731' title='bbox 877 5208 1279 5281; x_wconf 78' lang='grc' dir='ltr'>συμφέροντοςο</span> <span class='ocrx_word' id='word_1_732' title='bbox 1326 5207 1464 5261; x_wconf 77' lang='grc' dir='ltr'>ἀλλὰ</span> <span class='ocrx_word' id='word_1_733' title='bbox 1518 5208 1656 5279; x_wconf 83' lang='grc' dir='ltr'>μήτε</span> <span class='ocrx_word' id='word_1_734' title='bbox 1695 5206 1794 5277; x_wconf 79' lang='grc' dir='ltr'><strong>τὴν</strong></span> <span class='ocrx_word' id='word_1_735' title='bbox 1834 5205 1930 5259; x_wconf 71' lang='grc' dir='ltr'>ἐπὶ</span> 
     </span>
    </p>
   </div>
   <div class='ocr_carea' id='block_1_101' title="bbox 332 5296 1925 5371">
    <p class='ocr_par' dir='ltr' id='par_1_101' title="bbox 332 5296 1925 5371">
     <span class='ocr_line' id='line_1_103' title="bbox 332 5296 1925 5371; baseline -0.003 -15"><span class='ocrx_word' id='word_1_736' title='bbox 332 5300 534 5356; x_wconf 73' lang='grc' dir='ltr'>τοῦτον</span> <span class='ocrx_word' id='word_1_737' title='bbox 554 5301 796 5370; x_wconf 75' lang='grc' dir='ltr'>ἄγουσαν</span> <span class='ocrx_word' id='word_1_738' title='bbox 821 5299 942 5355; x_wconf 74' lang='grc' dir='ltr'>δδδν</span> <span class='ocrx_word' id='word_1_739' title='bbox 968 5299 1258 5371; x_wconf 78' lang='grc' dir='ltr'>ἀγνοῆσαι,</span> <span class='ocrx_word' id='word_1_740' title='bbox 1286 5299 1353 5371; x_wconf 69' lang='grc' dir='ltr'>ἢν</span> <span class='ocrx_word' id='word_1_741' title='bbox 1385 5298 1485 5352; x_wconf 82' lang='grc' dir='ltr'>οὐκ</span> <span class='ocrx_word' id='word_1_742' title='bbox 1514 5298 1660 5354; x_wconf 64' lang='grc' dir='ltr'>ἔστιν</span> <span class='ocrx_word' id='word_1_743' title='bbox 1691 5298 1868 5361; x_wconf 76' lang='grc' dir='ltr'>ἄλλως</span> <span class='ocrx_word' id='word_1_744' title='bbox 1890 5296 1925 5369; x_wconf 75' lang='grc' dir='ltr'>ἢ</span> 
     </span>
    </p>
   </div>
   <div class='ocr_carea' id='block_1_102' title="bbox 324 5389 1929 5463">
    <p class='ocr_par' dir='ltr' id='par_1_102' title="bbox 324 5389 1929 5463">
     <span class='ocr_line' id='line_1_104' title="bbox 324 5389 1929 5463; baseline -0.003 -14"><span class='ocrx_word' id='word_1_745' title='bbox 324 5391 433 5449; x_wconf 71' lang='grc' dir='ltr'>διά</span> <span class='ocrx_word' id='word_1_746' title='bbox 454 5408 600 5457; x_wconf 88' lang='grc' dir='ltr'>τινος</span> <span class='ocrx_word' id='word_1_747' title='bbox 624 5390 914 5461; x_wconf 81' lang='grc' dir='ltr'>ἀναλογίας</span> <span class='ocrx_word' id='word_1_748' title='bbox 942 5391 1151 5463; x_wconf 85' lang='grc' dir='ltr'>μαθεῖν.</span> <span class='ocrx_word' id='word_1_749' title='bbox 1192 5392 1282 5456; x_wconf 84' lang='grc' dir='ltr'>Ὠς</span> <span class='ocrx_word' id='word_1_750' title='bbox 1303 5390 1413 5463; x_wconf 77' lang='grc' dir='ltr'><strong>γὰρ</strong></span> <span class='ocrx_word' id='word_1_751' title='bbox 1442 5392 1501 5445; x_wconf 86' lang='grc' dir='ltr'><strong>ἐν</strong></span> <span class='ocrx_word' id='word_1_752' title='bbox 1519 5389 1601 5463; x_wconf 81' lang='grc' dir='ltr'>τῷ</span> <span class='ocrx_word' id='word_1_753' title='bbox 1634 5389 1929 5461; x_wconf 80' lang='grc' dir='ltr'>σωματικῷ</span> 
     </span>
    </p>
   </div>
   <div class='ocr_carea' id='block_1_103' title="bbox 332 5481 1928 5557">
    <p class='ocr_par' dir='ltr' id='par_1_103' title="bbox 332 5481 1928 5557">
     <span class='ocr_line' id='line_1_105' title="bbox 332 5481 1928 5557; baseline -0.004 -16"><span class='ocrx_word' id='word_1_754' title='bbox 332 5483 510 5557; x_wconf 61' lang='grc' dir='ltr'>γάμῳ</span> <span class='ocrx_word' id='word_1_755' title='bbox 541 5484 581 5538; x_wconf 82' lang='grc' dir='ltr'><strong>’ὀ</strong></span> <span class='ocrx_word' id='word_1_756' title='bbox 622 5486 701 5556; x_wconf 77' lang='grc' dir='ltr'>μὴ</span> <span class='ocrx_word' id='word_1_757' title='bbox 741 5482 1077 5556; x_wconf 74' lang='grc' dir='ltr'>ἀποϐλητέος</span> <span class='ocrx_word' id='word_1_758' title='bbox 1125 5482 1381 5552; x_wconf 73' lang='grc' dir='ltr'>γενέσθαι</span> <span class='ocrx_word' id='word_1_759' title='bbox 1445 5482 1781 5552; x_wconf 74' lang='grc' dir='ltr'>σπουδάζων,</span> <span class='ocrx_word' id='word_1_760' title='bbox 1833 5481 1928 5543; x_wconf 76' lang='grc' dir='ltr'>καὶ</span> 
     </span>
    </p>
   </div>
   <div class='ocr_carea' id='block_1_104' title="bbox 418 5656 912 5728">
    <p class='ocr_par' dir='ltr' id='par_1_104' title="bbox 418 5656 912 5728">
     <span class='ocr_line' id='line_1_106' title="bbox 418 5656 912 5728; baseline 0.006 -15"><span class='ocrx_word' id='word_1_761' title='bbox 418 5659 461 5692; x_wconf 81' lang='grc'><strong><em>⁸³</em></strong></span> <span class='ocrx_word' id='word_1_762' title='bbox 501 5656 545 5713; x_wconf 83' lang='lat' dir='ltr'><strong>ll</strong></span> <span class='ocrx_word' id='word_1_763' title='bbox 564 5656 691 5716; x_wconf 89' lang='lat' dir='ltr'><strong>Cor.</strong></span> <span class='ocrx_word' id='word_1_764' title='bbox 726 5674 799 5728; x_wconf 72' lang='lat' dir='ltr'><strong>tv,</strong></span> <span class='ocrx_word' id='word_1_765' title='bbox 826 5661 912 5725; x_wconf 69' lang='lat' dir='ltr'><strong>to.</strong></span> 
     </span>
    </p>
   </div>
   <div class='ocr_carea' id='block_1_105' title="bbox 2030 4565 3604 4639">
    <p class='ocr_par' dir='ltr' id='par_1_105' title="bbox 2030 4565 3604 4639">
     <span class='ocr_line' id='line_1_107' title="bbox 2030 4565 3604 4639; baseline -0.001 -15"><span class='ocrx_word' id='word_1_766' title='bbox 2030 4568 2278 4639; x_wconf 84' lang='lat' dir='ltr'><strong>corporis</strong></span> <span class='ocrx_word' id='word_1_767' title='bbox 2332 4565 2623 4624; x_wconf 79' lang='lat' dir='ltr'><strong>atiectuum</strong></span> <span class='ocrx_word' id='word_1_768' title='bbox 2682 4566 2959 4631; x_wconf 83' lang='lat' dir='ltr'><strong>interitus,</strong></span> <span class='ocrx_word' id='word_1_769' title='bbox 3013 4574 3069 4623; x_wconf 93' lang='lat' dir='ltr'><strong>et</strong></span> <span class='ocrx_word' id='word_1_770' title='bbox 3107 4582 3296 4627; x_wconf 90' lang='lat' dir='ltr'><strong>eorum</strong></span> <span class='ocrx_word' id='word_1_771' title='bbox 3336 4568 3604 4633; x_wconf 89' lang='lat' dir='ltr'><strong>omnium,</strong></span> 
     </span>
    </p>
   </div>
   <div class='ocr_carea' id='block_1_106' title="bbox 2030 4658 3610 4731">
    <p class='ocr_par' dir='ltr' id='par_1_106' title="bbox 2030 4658 3610 4731">
     <span class='ocr_line' id='line_1_108' title="bbox 2030 4658 3610 4731; baseline 0.002 -18"><span class='ocrx_word' id='word_1_772' title='bbox 2030 4675 2153 4731; x_wconf 74' lang='lat' dir='ltr'><strong>quae</strong></span> <span class='ocrx_word' id='word_1_773' title='bbox 2180 4675 2212 4716; x_wconf 89' lang='lat' dir='ltr'><strong>e</strong></span> <span class='ocrx_word' id='word_1_774' title='bbox 2240 4673 2410 4716; x_wconf 86' lang='lat' dir='ltr'><strong>carne</strong></span> <span class='ocrx_word' id='word_1_775' title='bbox 2454 4659 2768 4724; x_wconf 76' lang='lat' dir='ltr'><strong>exsistunt,</strong></span> <span class='ocrx_word' id='word_1_776' title='bbox 2805 4658 3166 4731; x_wconf 83' lang='lat' dir='ltr'><strong>despicientia</strong></span> <span class='ocrx_word' id='word_1_777' title='bbox 3229 4659 3391 4716; x_wconf 83' lang='lat' dir='ltr'><strong>nobis</strong></span> <span class='ocrx_word' id='word_1_778' title='bbox 3422 4660 3610 4716; x_wconf 87' lang='lat' dir='ltr'><strong>conci-</strong></span> 
     </span>
    </p>
   </div>
   <div class='ocr_carea' id='block_1_107' title="bbox 2029 4750 3609 4821">
    <p class='ocr_par' dir='ltr' id='par_1_107' title="bbox 2029 4750 3609 4821">
     <span class='ocr_line' id='line_1_109' title="bbox 2029 4750 3609 4821; baseline 0.002 -14"><span class='ocrx_word' id='word_1_779' title='bbox 2029 4750 2341 4810; x_wconf 80' lang='lat' dir='ltr'><strong>lianturze</strong></span> <span class='ocrx_word' id='word_1_780' title='bbox 2401 4765 2665 4821; x_wconf 85' lang='lat' dir='ltr'><strong>corporea</strong></span> <span class='ocrx_word' id='word_1_781' title='bbox 2723 4759 2904 4807; x_wconf 88' lang='lat' dir='ltr'><strong>autem</strong></span> <span class='ocrx_word' id='word_1_782' title='bbox 2953 4752 3193 4814; x_wconf 78' lang='lat' dir='ltr'><strong>coitione</strong></span> <span class='ocrx_word' id='word_1_783' title='bbox 3266 4751 3452 4808; x_wconf 82' lang='lat' dir='ltr'><strong>omnia</strong></span> <span class='ocrx_word' id='word_1_784' title='bbox 3521 4752 3609 4810; x_wconf 73' lang='lat' dir='ltr'><strong>Itis</strong></span> 
     </span>
    </p>
   </div>
   <div class='ocr_carea' id='block_1_108' title="bbox 2028 4839 3610 4914">
    <p class='ocr_par' dir='ltr' id='par_1_108' title="bbox 2028 4839 3610 4914">
     <span class='ocr_line' id='line_1_110' title="bbox 2028 4839 3610 4914; baseline -0.001 -13"><span class='ocrx_word' id='word_1_785' title='bbox 2028 4841 2307 4901; x_wconf 75' lang='lat' dir='ltr'><strong>contraria</strong></span> <span class='ocrx_word' id='word_1_786' title='bbox 2358 4850 2643 4914; x_wconf 85' lang='lat' dir='ltr'><strong>apparent.</strong></span> <span class='ocrx_word' id='word_1_787' title='bbox 2697 4839 2879 4899; x_wconf 75' lang='lat' dir='ltr'><strong>Veluti</strong></span> <span class='ocrx_word' id='word_1_788' title='bbox 2911 4843 3075 4914; x_wconf 75' lang='lat' dir='ltr'><strong>igitur</strong></span> <span class='ocrx_word' id='word_1_789' title='bbox 3117 4848 3242 4899; x_wconf 83' lang='lat' dir='ltr'><strong>cum</strong></span> <span class='ocrx_word' id='word_1_790' title='bbox 3277 4844 3346 4901; x_wconf 88' lang='lat' dir='ltr'><strong>de</strong></span> <span class='ocrx_word' id='word_1_791' title='bbox 3394 4843 3610 4903; x_wconf 80' lang='lat' dir='ltr'><strong>duobus</strong></span> 
     </span>
    </p>
   </div>
   <div class='ocr_carea' id='block_1_109' title="bbox 2026 4933 3612 5008">
    <p class='ocr_par' dir='ltr' id='par_1_109' title="bbox 2026 4933 3612 5008">
     <span class='ocr_line' id='line_1_111' title="bbox 2026 4933 3612 5008; baseline 0.001 -18"><span class='ocrx_word' id='word_1_792' title='bbox 2026 4933 2280 4995; x_wconf 83' lang='lat' dir='ltr'><strong>dominis</strong></span> <span class='ocrx_word' id='word_1_793' title='bbox 2331 4933 2399 4990; x_wconf 85' lang='lat' dir='ltr'><strong>ad</strong></span> <span class='ocrx_word' id='word_1_794' title='bbox 2451 4933 2864 4991; x_wconf 84' lang='lat' dir='ltr'><strong>deliberandum</strong></span> <span class='ocrx_word' id='word_1_795' title='bbox 2916 4936 3258 5007; x_wconf 82' lang='lat' dir='ltr'><strong>propositum</strong></span> <span class='ocrx_word' id='word_1_796' title='bbox 3324 4945 3432 5000; x_wconf 82' lang='lat' dir='ltr'><strong>est,</strong></span> <span class='ocrx_word' id='word_1_797' title='bbox 3471 4949 3612 5008; x_wconf 85' lang='lat' dir='ltr'><strong>quo-</strong></span> 
     </span>
    </p>
   </div>
   <div class='ocr_carea' id='block_1_110' title="bbox 2030 5022 3610 5097">
    <p class='ocr_par' dir='ltr' id='par_1_110' title="bbox 2030 5022 3610 5097">
     <span class='ocr_line' id='line_1_112' title="bbox 2030 5022 3610 5097; baseline 0.001 -18"><span class='ocrx_word' id='word_1_798' title='bbox 2030 5023 2178 5079; x_wconf 88' lang='lat' dir='ltr'><strong>niam</strong></span> <span class='ocrx_word' id='word_1_799' title='bbox 2213 5022 2332 5078; x_wconf 81' lang='lat' dir='ltr'><strong>tierl</strong></span> <span class='ocrx_word' id='word_1_800' title='bbox 2374 5037 2486 5078; x_wconf 90' lang='lat' dir='ltr'><strong>non</strong></span> <span class='ocrx_word' id='word_1_801' title='bbox 2544 5029 2747 5095; x_wconf 87' lang='lat' dir='ltr'><strong>potest,</strong></span> <span class='ocrx_word' id='word_1_802' title='bbox 2794 5030 2857 5078; x_wconf 83' lang='lat' dir='ltr'><strong>ut</strong></span> <span class='ocrx_word' id='word_1_803' title='bbox 2905 5023 3197 5097; x_wconf 87' lang='lat' dir='ltr'><strong>utriusque</strong></span> <span class='ocrx_word' id='word_1_804' title='bbox 3229 5025 3458 5097; x_wconf 87' lang='lat' dir='ltr'><strong>imperio</strong></span> <span class='ocrx_word' id='word_1_805' title='bbox 3483 5025 3610 5096; x_wconf 84' lang='lat' dir='ltr'><strong>quis</strong></span> 
     </span>
    </p>
   </div>
   <div class='ocr_carea' id='block_1_111' title="bbox 2031 5114 3611 5187">
    <p class='ocr_par' dir='ltr' id='par_1_111' title="bbox 2031 5114 3611 5187">
     <span class='ocr_line' id='line_1_113' title="bbox 2031 5114 3611 5187; baseline 0.003 -17"><span class='ocrx_word' id='word_1_806' title='bbox 2031 5114 2198 5170; x_wconf 89' lang='lat' dir='ltr'><strong>simul</strong></span> <span class='ocrx_word' id='word_1_807' title='bbox 2253 5124 2674 5185; x_wconf 87' lang='lat' dir='ltr'><strong>pareat:nemo</strong></span> <span class='ocrx_word' id='word_1_808' title='bbox 2702 5117 2847 5172; x_wconf 88' lang='lat' dir='ltr'><strong>enim</strong></span> <span class='ocrx_word' id='word_1_809' title='bbox 2896 5125 3077 5187; x_wconf 85' lang='lat' dir='ltr'><strong>potest</strong></span> <span class='ocrx_word' id='word_1_810' title='bbox 3105 5118 3322 5177; x_wconf 84' lang='lat' dir='ltr'><strong>duobus</strong></span> <span class='ocrx_word' id='word_1_811' title='bbox 3369 5118 3611 5174; x_wconf 84' lang='lat' dir='ltr'><strong>dominis</strong></span> 
     </span>
    </p>
   </div>
   <div class='ocr_carea' id='block_1_112' title="bbox 2030 5205 3612 5279">
    <p class='ocr_par' dir='ltr' id='par_1_112' title="bbox 2030 5205 3612 5279">
     <span class='ocr_line' id='line_1_114' title="bbox 2030 5205 3612 5279; baseline 0.001 -17"><span class='ocrx_word' id='word_1_812' title='bbox 2030 5206 2283 5265; x_wconf 86' lang='lat' dir='ltr'><strong>servire:</strong></span> <span class='ocrx_word' id='word_1_813' title='bbox 2316 5205 2388 5270; x_wconf 86' lang='lat' dir='ltr'><strong>is,</strong></span> <span class='ocrx_word' id='word_1_814' title='bbox 2434 5207 2528 5277; x_wconf 87' lang='lat' dir='ltr'><strong>qui</strong></span> <span class='ocrx_word' id='word_1_815' title='bbox 2579 5217 2727 5262; x_wconf 87' lang='lat' dir='ltr'><strong>recte</strong></span> <span class='ocrx_word' id='word_1_816' title='bbox 2757 5207 2923 5279; x_wconf 85' lang='lat' dir='ltr'><strong>sapit,</strong></span> <span class='ocrx_word' id='word_1_817' title='bbox 2971 5209 3247 5264; x_wconf 81' lang='lat' dir='ltr'><strong>utiliorem</strong></span> <span class='ocrx_word' id='word_1_818' title='bbox 3278 5225 3347 5265; x_wconf 76' lang='lat' dir='ltr'><strong>ex</strong></span> <span class='ocrx_word' id='word_1_819' title='bbox 3387 5208 3476 5265; x_wconf 76' lang='lat' dir='ltr'><strong>Itis</strong></span> <span class='ocrx_word' id='word_1_820' title='bbox 3512 5210 3612 5265; x_wconf 79' lang='lat' dir='ltr'><strong>do-</strong></span> 
     </span>
    </p>
   </div>
   <div class='ocr_carea' id='block_1_113' title="bbox 2031 5296 3600 5371">
    <p class='ocr_par' dir='ltr' id='par_1_113' title="bbox 2031 5296 3600 5371">
     <span class='ocr_line' id='line_1_115' title="bbox 2031 5296 3600 5371; baseline 0.004 -20"><span class='ocrx_word' id='word_1_821' title='bbox 2031 5296 2239 5351; x_wconf 91' lang='lat' dir='ltr'><strong>minum</strong></span> <span class='ocrx_word' id='word_1_822' title='bbox 2295 5297 2533 5367; x_wconf 76' lang='lat' dir='ltr'><strong>deliget:</strong></span> <span class='ocrx_word' id='word_1_823' title='bbox 2590 5298 2661 5354; x_wconf 90' lang='lat' dir='ltr'><strong>ita</strong></span> <span class='ocrx_word' id='word_1_824' title='bbox 2693 5299 2738 5354; x_wconf 88' lang='lat' dir='ltr'><strong>si</strong></span> <span class='ocrx_word' id='word_1_825' title='bbox 2793 5299 2933 5355; x_wconf 79' lang='lat' dir='ltr'><strong>bina:</strong></span> <span class='ocrx_word' id='word_1_826' title='bbox 2980 5299 3275 5371; x_wconf 78' lang='lat' dir='ltr'><strong>proposita:</strong></span> <span class='ocrx_word' id='word_1_827' title='bbox 3319 5308 3450 5362; x_wconf 85' lang='lat' dir='ltr'><strong>sunt</strong></span> <span class='ocrx_word' id='word_1_828' title='bbox 3499 5319 3600 5358; x_wconf 86' lang='lat' dir='ltr'><strong>nu-</strong></span> 
     </span>
    </p>
   </div>
   <div class='ocr_carea' id='block_1_114' title="bbox 2035 5386 3610 5460">
    <p class='ocr_par' dir='ltr' id='par_1_114' title="bbox 2035 5386 3610 5460">
     <span class='ocr_line' id='line_1_116' title="bbox 2035 5386 3610 5460; baseline 0 -16"><span class='ocrx_word' id='word_1_829' title='bbox 2035 5386 2181 5458; x_wconf 64' lang='lat' dir='ltr'><strong>ptiae,</strong></span> <span class='ocrx_word' id='word_1_830' title='bbox 2212 5387 2340 5459; x_wconf 90' lang='lat' dir='ltr'><strong>quia</strong></span> <span class='ocrx_word' id='word_1_831' title='bbox 2378 5389 2433 5448; x_wconf 87' lang='lat' dir='ltr'><strong>in</strong></span> <span class='ocrx_word' id='word_1_832' title='bbox 2464 5390 2712 5460; x_wconf 88' lang='lat' dir='ltr'><strong>utrisque</strong></span> <span class='ocrx_word' id='word_1_833' title='bbox 2737 5405 2859 5446; x_wconf 89' lang='lat' dir='ltr'><strong>esse</strong></span> <span class='ocrx_word' id='word_1_834' title='bbox 2885 5405 2994 5445; x_wconf 88' lang='lat' dir='ltr'><strong>non</strong></span> <span class='ocrx_word' id='word_1_835' title='bbox 3025 5391 3190 5447; x_wconf 90' lang='lat' dir='ltr'><strong>licet:</strong></span> <span class='ocrx_word' id='word_1_836' title='bbox 3218 5391 3414 5450; x_wconf 62' lang='grc' dir='ltr'><strong>θείους</strong></span> <span class='ocrx_word' id='word_1_837' title='bbox 3438 5392 3610 5457; x_wconf 87' lang='lat' dir='ltr'><strong>enim,</strong></span> 
     </span>
    </p>
   </div>
   <div class='ocr_carea' id='block_1_115' title="bbox 2032 5478 3611 5557">
    <p class='ocr_par' dir='ltr' id='par_1_115' title="bbox 2032 5478 3611 5557">
     <span class='ocr_line' id='line_1_117' title="bbox 2032 5478 3611 5557; baseline 0.003 -21"><span class='ocrx_word' id='word_1_838' title='bbox 2032 5494 2156 5557; x_wconf 71' lang='lat' dir='ltr'><strong>qua:</strong></span> <span class='ocrx_word' id='word_1_839' title='bbox 2190 5478 2377 5537; x_wconf 86' lang='lat' dir='ltr'><strong>divina</strong></span> <span class='ocrx_word' id='word_1_840' title='bbox 2425 5486 2573 5548; x_wconf 81' lang='lat' dir='ltr'><strong>sunt,</strong></span> <span class='ocrx_word' id='word_1_841' title='bbox 2616 5487 2798 5548; x_wconf 81' lang='lat' dir='ltr'><strong>curat,</strong></span> <span class='ocrx_word' id='word_1_842' title='bbox 2829 5479 2924 5557; x_wconf 88' lang='lat' dir='ltr'><strong>qui</strong></span> <span class='ocrx_word' id='word_1_843' title='bbox 2957 5495 3091 5539; x_wconf 86' lang='lat' dir='ltr'><strong>vero</strong></span> <span class='ocrx_word' id='word_1_844' title='bbox 3127 5483 3336 5553; x_wconf 88' lang='lat' dir='ltr'><strong>nuptiis</strong></span> <span class='ocrx_word' id='word_1_845' title='bbox 3383 5481 3611 5555; x_wconf 77' lang='lat' dir='ltr'><strong>junctus</strong></span> 
     </span>
    </p>
   </div>
  </div>
