3896 6204
324 302 429 360 399

1538 301 1598 362 S.
1638 298 1971 381 GREGORI!
2005 298 2302 359 NYSSENI

3461 310 3578 368 400

326 430 443 491 est,
490 423 545 478 in
581 421 748 480 rebus
799 418 1091 477 mundanis
1154 418 1394 477 studium
1442 420 1641 492 ponit:
1698 428 1877 489 tempe

2000 418 2101 491 τῆς
2126 418 2218 474 τοῦ
2256 416 2505 490 σώματος
2530 416 2761 486 εὐεξίας,
2788 419 2882 474 καὶ
2910 419 3006 474 τοῦ
3033 419 3334 492 πρέποντος
3360 424 3569 480 καλλωο

324 514 563 569 rantium
637 514 919 570 hominum
955 521 1061 580 est,
1094 528 1202 568 non
1243 513 1499 568 aberrare
1549 514 1604 566 in
1647 526 1714 568 eo
1764 509 1898 565 deli-

326 605 502 675 gendo
526 646 542 671 ,
582 606 727 676 quod
779 606 913 660 utile
942 612 1066 671 est,
1100 619 1278 674 neque
1313 603 1455 658 viam
1489 604 1741 675 ignorare
1775 616 1896 673 qua:

325 697 391 751 ad
440 698 640 752 bonum
682 697 835 751 ducit
865 715 879 751 :
910 711 1073 768 quam
1107 696 1325 766 quidem
1358 695 1500 749 viam
1522 708 1685 749 nemo
1715 694 1892 756 aliter,

324 788 431 845 nisi
474 789 661 859 aliquo
690 788 958 858 ejusmodi
1004 787 1255 857 exemplo
1287 800 1621 857 cognoscere
1689 791 1889 856 potest.

323 878 395 934 Ut
439 881 583 935 enim
614 881 704 950 qui
736 881 796 934 in
852 880 1126 950 corporeis
1178 878 1387 947 nuptiis
1427 878 1577 948 cupit
1621 892 1729 932 non
1773 876 1894 931 vilis

206 1038 214 1049 ρ
320 980 374 1026 et
408 972 658 1041 abjectus
711 987 831 1027 esse
854 1012 869 1034 ,
926 986 1050 1025 cum
1093 976 1311 1040 appetat
1346 969 1611 1038 optinmm
1642 965 1892 1037 corporis

321 1062 588 1128 habitum,
641 1062 897 1117 decorum
946 1068 1233 1126 ornatum,
1292 1059 1605 1113 divitiarum
1666 1057 1887 1128 copias,

317 1165 370 1209 et
430 1170 644 1210 onmem
701 1162 794 1207 aut
834 1168 899 1207 ex
944 1152 1092 1214 vita,
1139 1159 1231 1204 aut
1285 1164 1350 1204 ex
1406 1164 1603 1220 genere
1646 1149 1890 1220 turpitu-

317 1247 498 1300 dinem
526 1245 692 1308 vitet,
720 1256 1078 1311 magnamque
1111 1240 1163 1294 in
1198 1239 1302 1294 hoc
1333 1253 1523 1293 curam
1556 1249 1757 1308 ponat:
1783 1239 1889 1292 hoc

315 1338 459 1393 enim
512 1342 671 1404 pacto
717 1333 769 1387 id
809 1332 1137 1400 assequitur.
1172 1330 1317 1402 quod
1340 1330 1575 1384 maxime
1608 1331 1769 1383 vult:
1815 1329 1889 1382 ita

315 1427 408 1496 qui
452 1426 733 1495 spirituale
768 1421 1173 1477 matrimonium
1212 1419 1536 1475 contrahere
1569 1420 1739 1489 cupit,
1772 1418 1888 1489 pri-

312 1532 462 1570 mum
514 1516 733 1586 quidem
795 1513 995 1569 mentis
1053 1511 1406 1568 renovatione
1437 1510 1693 1580 juvenem
1726 1525 1786 1566 se
1831 1516 1887 1565 et

313 1607 382 1661 ab
415 1607 561 1661 omni
596 1614 877 1661 senectute
911 1612 1203 1667 remotum,
1233 1601 1431 1657 deinde
1458 1602 1685 1657 divitem
1711 1614 1771 1656 se
1801 1616 1888 1657 os-

312 1695 515 1757 tendet,
562 1701 617 1749 et
668 1692 954 1763 copiosum
1009 1705 1197 1746 earum
1228 1704 1436 1755 rerum,
1467 1689 1668 1760 quibus
1707 1690 1887 1745 abun-

1997 509 2225 581 πισμοῦ,
2248 509 2344 564 καί⁵
2367 508 2597 564 πλούτου
2625 510 2958 583 περιουσίας,
2984 512 3081 566 καὶ
3102 512 3197 566 τοῦ
3224 514 3411 584 μηδὲν,
3434 519 3569 588 μήτε

1995 602 2060 654 ὲκ
2079 600 2172 655 τοῦ
2195 600 2333 673 βίου,
2360 602 2497 673 μήτε
2516 603 2581 657 ὲκ
2601 603 2696 657 τοῦ
2719 603 2909 672 γένους
2940 604 3240 674 ἐπάγεσθαι
3270 623 3323 660 τι
3347 607 3567 672 δνειδος,

1994 691 2194 764 πολλὴν
2209 693 2488 765 ποιήσεται
2512 696 2771 767 πρόνοιαν
2798 694 2960 766 (οὕτω
2974 697 3082 768 γὰρ
3100 696 3166 752 ἂν
3179 697 3317 771 τύχῃ
3337 700 3571 770 μάλιστα

1991 782 2100 838 τῶν
2121 784 2262 840 κατὰ
2280 783 2547 857 γνὼμην)’
2561 786 2652 840 τὸν
2668 787 2832 841 αὐτὸν
2846 786 3046 858 τρόπον
3061 790 3154 842 καὶ
3179 793 3208 844 6
3226 790 3317 845 τὸν
3336 809 3572 863 πνευμα-

1991 875 2143 931 τικὸν
2163 878 2340 948 γάμον
2359 877 2538 949 ἑαυτῷ
2550 877 2770 949 μετιὼν,
2785 879 3001 948 πρῶτον
3019 882 3117 951 μὲν
3138 881 3257 936 νέον
3271 883 3462 937 ἑαυτὸν
3476 885 3571 937 καὶ

1992 968 2173 1039 πάσης
2201 969 2560 1040 παλαιότητος
2584 972 2989 1043 κεχωρισμένον
3015 976 3079 1044 τῇ
3109 974 3447 1029 ἁνακαινίσει
3472 977 3567 1030 τοῦ

1991 1059 2108 1125 νοὸς
2151 1061 2406 1127 ἐπιδείξει
2428 1079 2442 1094 ο
2470 1058 2589 1117 εἶτα
2632 1062 2884 1119 πλούσιον
2911 1064 3065 1133 γένος
3087 1105 3103 1129 ,
3128 1058 3175 1135 ᾧ
3219 1066 3283 1119 τὸ
3313 1066 3568 1120 πλουτεῖν

1990 1152 2105 1206 ἐστι
2137 1152 2599 1224 περισπούδαστον
2617 1170 2631 1185 ο
2666 1154 2728 1208 ού
2753 1156 2863 1218 τοῖς
2903 1154 3010 1209 ἀπὸ
3037 1157 3142 1225 γῆς
3171 1157 3564 1228 σεμνυνόμενον

1989 1243 2284 1314 χρήμασιν,
2318 1243 2456 1298 ἀλλὰ
2496 1246 2607 1308 τοῖς
2636 1244 2907 1315 οὐρανίοις
2954 1246 3245 1318 θησαυροῖς
3287 1249 3562 1319 κομῶντα.

1990 1333 2186 1399 Γένους
2211 1335 2268 1389 δὲ
2300 1336 2625 1406 σεμνότητα,
2648 1336 2709 1390 οὐ
2743 1337 2885 1391 κατὰ
2911 1337 3007 1409 τὴν
3035 1339 3339 1410 αὐτόματον
3371 1358 3565 1395 συντυ-

1987 1424 2131 1495 χίαν,
2166 1425 2377 1491 πολλοῖς
2410 1428 2505 1482 καὶ
2538 1427 2648 1481 τῶν
2674 1427 2890 1497 φαύλων
2930 1428 3258 1499 προσοῦσαν,
3310 1431 3564 1495 κάκεῖνος

1987 1513 2132 1584 ἔχειν
2155 1515 2589 1588 φιλοτιμήσεται,
2632 1517 2768 1573 ἀλλὰ
2798 1519 2897 1591 τὴν
2936 1521 3082 1590 πόνῳ
3115 1520 3210 1573 καὶ
3247 1521 3449 1592 σπουδῇ
3493 1521 3560 1574 δι’

1985 1605 2197 1661 οἰκείων
2223 1608 2662 1685 κατορθωμάτων
2705 1612 3153 1684 προσγινομένην,
3187 1613 3256 1685 ἣν
3286 1617 3434 1685 μόνοι
3464 1616 3564 1669 αὐ-

1984 1694 2171 1764 χοῦσιν
2200 1698 2247 1749 οἰ
2275 1696 2369 1751 τοῦ
2410 1682 2587 1769 φωτὸς
2616 1682 2759 1765 nisi,
2790 1702 2884 1756 καὶ
2916 1682 3407 1769 τέκναήΘεοῦξκαὶ
3449 1705 3561 1758 τῶν

311 1789 441 1843 dare
479 1785 715 1840 maxime
759 1784 977 1838 beatum
1008 1790 1114 1846 est,
1150 1798 1260 1837 non
1301 1781 1387 1838 bis
1416 1783 1654 1838 terrenis
1684 1782 1877 1853 opibus

1985 1756 2061 1857 άφ
2077 1788 2091 1808 ’
2109 1787 2262 1858 ἡλίου
2295 1756 2836 1861 ἀνατολῶνϋεύγενεῖς
2862 1793 2950 1848 διὰ
2971 1794 3078 1848 τῶν
3103 1756 3279 1865 έργων
3440 1756 3560 1864 φῷ-

310 1876 517 1941 extolli,
552 1875 649 1931 sed
707 1873 1027 1928 ccelestibus
1070 1872 1343 1928 thesauris
1396 1873 1605 1927 ornari.
1656 1871 1882 1930 Generis

306 1982 440 2022 vero
469 1964 807 2020 nobilitatem
842 1978 951 2017 non
974 1978 1041 2018 ex
1076 1962 1295 2017 fortuna
1344 1963 1602 2034 quadam,
1639 1978 1760 2034 quas
1785 1979 1881 2018 ca-

304 2074 374 2114 su
411 2056 660 2120 advenit,
692 2055 868 2125 qualis
903 2054 1177 2124 plerisque
1215 2054 1299 2109 vel
1347 2055 1601 2125 pessimis
1640 2054 1881 2109 homini-

311 2149 412 2204 bus
456 2147 741 2218 contingit,
795 2146 884 2202 ille
911 2161 969 2201 se
1000 2147 1202 2202 habere
1245 2147 1557 2210 contendet,
1592 2146 1688 2203 sed
1733 2162 1878 2213 eam,

309 2253 433 2308 quae
473 2245 527 2293 et
560 2236 744 2292 labore
776 2245 829 2290 et
865 2236 1049 2307 studio
1079 2253 1143 2291 ex
1190 2238 1306 2292 suis
1356 2246 1503 2293 recte
1540 2238 1696 2295 factis
1731 2254 1882 2294 com-

306 2337 551 2399 paratur,
610 2343 773 2398 quam
824 2328 858 2382 ii
915 2329 1017 2383 soli
1064 2336 1379 2393 ostentant,
1419 2330 1512 2399 qui
1564 2339 1692 2384 sunt
1743 2330 1881 2386 lucis

310 2430 366 2475 ct
409 2419 499 2475 Dei
525 2417 627 2472 Atilii
653 2459 667 2483 ,
712 2427 765 2474 et
798 2434 828 2473 a
865 2419 1000 2474 solis
1038 2428 1157 2473 ortu
1212 2420 1422 2473 nobiles
1454 2420 1523 2472 ob
1568 2421 1878 2489 splendidas

305 2526 439 2567 suas
494 2526 588 2565 res
643 2521 824 2580 gestas
895 2518 1184 2564 vocantur.
1245 2509 1638 2565 Fortitudinem
1697 2521 1875 2567 autem

306 2609 469 2670 atque
507 2599 771 2667 optimum
816 2599 1065 2668 corporis
1127 2598 1412 2662 habitum,
1449 2613 1628 2668 neque
1678 2605 1877 2670 corpus

305 2690 633 2754 exercendo,
678 2704 852 2758 neque
900 2703 1121 2741 carnem
1162 2688 1464 2769 saginaudo
1506 2688 1738 2743 eﬂieiet:
1782 2690 1877 2744 sed

306 2790 498 2836 contra
534 2781 714 2850 potius
750 2781 861 2833 vim
914 2779 1143 2848 spiritus
1206 2778 1580 2833 imbecillitate
1631 2780 1877 2849 corpm'is

306 2873 571 2943 perﬁciet.
628 2871 759 2937 Qua:
811 2884 942 2923 vero
989 2869 1181 2923 harum
1234 2869 1546 2937 nuptiarum
1599 2872 1877 2940 sponsalia

306 2976 533 3016 numera
590 2960 942 3020 adhibentur,
983 2974 1090 3012 non
1131 2974 1193 3013 ea
1237 2968 1364 3013 sunt
1413 2974 1534 3028 qua:
1583 2960 1667 3014 his
1720 2960 1876 3015 falla-

1980 1877 2171 1931 τεινῶν
2234 1880 2695 1951 χρηματίζοντες·
2757 1881 2909 1951 ἰσχὺν
2958 1883 3018 1937 δὲ
3072 1882 3167 1937 καὶ
3209 1883 3452 1949 εὐεξίαν,

1983 1967 2141 2038 σῶμα
2194 1969 2399 2033 ἀσκῶν,
2434 1971 2555 2025 οὐδὲ
2606 1972 2981 2029 καταπιαίνων
3025 1974 3125 2046 τὴν
3164 1974 3343 2047 σάρκα
3390 1992 3557 2047 περι-

1980 2060 2282 2131 ποιήσεται,
2312 2061 2448 2115 ἀλλὰ
2477 2066 2584 2118 πᾶν
2612 2066 2942 2131 τούναντίον,
2982 2067 3041 2119 ἐν
3067 2068 3133 2137 τῇ
3170 2066 3264 2120 τοῦ
3301 2066 3558 2139 σώματος

1979 2150 2236 2225 ἀσθενείᾳ
2268 2153 2488 2209 τελειῶν
2521 2155 2621 2227 τὴν
2650 2157 2755 2211 τοῦ
2793 2157 3100 2229 πνεύματος
3130 2157 3377 2229 δύναμιν.
3419 2155 3558 2212 Οἶδα

1977 2242 2035 2297 δὲ
2067 2244 2161 2298 καὶ
2183 2245 2250 2299 τὰ
2279 2246 2405 2302 ἕδνα
2442 2247 2537 2302 τοῦ
2568 2248 2746 2321 γάμου
2792 2250 2980 2304 τούτου
3017 2251 3118 2304 οὐκ
3161 2251 3269 2305 ἀπὸ
3297 2250 3557 2324 φθαρτῶν

1978 2336 2277 2406 χρημάτων
2301 2340 2665 2410 πεποιημένα,
2690 2340 2804 2395 ἀλλ’
2833 2343 2897 2395 ὲκ
2919 2340 3014 2394 τοῦ
3041 2340 3168 2394 ἰδίου
3195 2340 3422 2395 πλούτου
3450 2342 3551 2413 τῆς
3612 2384 3619 2389 .

1975 2427 2155 2500 ψυχῆς
2180 2429 2649 2503 δωροφορούμενα.
2693 2432 2877 2486 Βούλει
2911 2432 3102 2504 μαθεῖν
3130 2432 3200 2486 τὰ
3227 2433 3333 2487 τῶν
3360 2432 3553 2505 δώρων

1977 2517 2235 2590 όνόματᾳ;
2258 2521 2487 2577 ἄκουσον
2520 2522 2728 2577 Παύλου
2752 2523 2845 2577 τοῦ
2881 2521 3047 2578 καλοῦ
3077 2541 3137 2578 νυ
3148 2524 3465 2594 μφοστόλου,
3487 2526 3549 2578 ἐν

1974 2610 2084 2664 τίσι
2114 2611 2434 2666 πλουτοῦσιν
2459 2614 2514 2666 οί
2543 2614 2601 2668 ὲν
2631 2613 2794 2669 παντὶ
2830 2614 3186 2678 συνιστῶντες
3210 2614 3455 2679 ἑαυτούς’
3488 2617 3549 2669 ἐν

1974 2695 2054 2764 οἷς
2077 2702 2211 2756 ἄλλα
2237 2720 2293 2757 τε
2325 2704 2494 2758 πολλὰ
2527 2706 2621 2759 καὶ
2649 2707 2859 2776 μεγάλα
2887 2705 3077 2773 εἰπὼν,
3106 2725 3128 2758 ι
3162 2707 3271 2760 Καὶ
3301 2707 3361 2760 ὲν
3390 2707 3550 2775 ἀγνό-

1972 2808 2098 2863 τητι
2130 2811 2150 2844 ι
2189 2794 2370 2865 φησίν.
2406 2798 2515 2849 Καὶ
2547 2797 2708 2851 πάλιν
2744 2798 2845 2851 ὅσα
2889 2798 3155 2870 ἑτέρωθεν
3203 2801 3263 2852 ὲν
3309 2802 3421 2863 τοῖς
3451 2799 3547 2854 τοῦ

1974 2883 2281 2955 πνεύματος
2320 2889 2551 2956 καρποῖς
2583 2888 2996 2960 ἀπαριθμεῖ-ται.
3029 2891 3207 2945 πάντα
3238 2889 3330 2945 τοῦ
3366 2893 3547 2963 γάμου

1972 2974 2163 3028 τούτου
2185 2975 2334 3047 δῶρά
2361 2977 2497 3029 ἐστι·
2529 2979 2622 3031 καὶ
2644 2978 2696 3031 et
2717 2996 2800 3043 τις
2828 2979 3007 3050 μέλλει
3037 2981 3319 3036 πείθεσθαι
3344 2983 3423 3054 τῷ
3447 2984 3547 3037 ὣ-

303 3056 463 3109 cibns
509 3051 787 3107 hominum
838 3056 967 3105 sunt
1006 3049 1261 3119 pecuniis
1294 3048 1592 3111 elaborata,
1618 3050 1711 3104 sed
1753 3066 1873 3120 quae

1978 3065 2206 3137 λομῶντι
2226 3107 2241 3132 ,
2272 3068 2366 3120 καὶ
2406 3066 2505 3138 τὴν
2538 3069 2796 3141 ἀληθινὴν
2830 3048 3024 3140 σοῴίαν
3073 3071 3317 3126 σύνοικόν
3449 3073 3546 3129 καί⁵

303 3162 370 3200 ex
429 3143 596 3197 animi
653 3142 855 3197 divitiis
885 3141 1027 3195 dono
1074 3140 1198 3195 data
1244 3147 1392 3196 sunt.
1460 3140 1516 3193 Si
1584 3156 1870 3195 munerum

1978 3156 2089 3227 βίου
2121 3158 2373 3212 κοινωνὸν
2412 3159 2588 3230 ἑαυτῷ
2619 3140 2914 3230 λαμϐάνειν
2945 3162 3114 3233 (περὶ
3139 3158 3207 3236 ἦς
3244 3180 3429 3235 φησιν,
3460 3164 3542 3217 ὅτι

300 3237 498 3290 horum
540 3233 760 3288 nomina
815 3231 1004 3286 audire
1046 3231 1232 3302 cupis,
1289 3231 1414 3285 audi
1447 3229 1676 3285 Paulum
1732 3233 1872 3301 Opti-

304 3341 454 3381 mum
504 3325 816 3394 nuptiarum
855 3323 1238 3378 instructoren
1283 3322 1351 3377 de
1395 3322 1747 3393 quibusdam,
1778 3323 1871 3393 qui

307 3418 504 3473 divites
537 3417 591 3472 in
624 3414 879 3471 omnibus
919 3413 1057 3468 'l‘acti
1093 3421 1242 3478 sunt,
1275 3416 1328 3469 in
1363 3415 1562 3485 quibus
1614 3429 1736 3468 cum
1765 3415 1870 3468 alia

297 3510 468 3563 multa
500 3515 552 3563 et
582 3521 776 3577 magna
807 3506 973 3569 dicat,
1003 3505 1136 3559 illud
1173 3506 1359 3571 etiam,
1398 3524 1418 3558 ι
1452 3506 1510 3561 In
1545 3509 1864 3567 castitate.»

298 3597 470 3651 addit.
499 3595 824 3664 Rursusque
851 3609 1190 3666 quaecunque
1222 3595 1348 3649 alibi
1397 3596 1452 3650 in
1493 3598 1869 3667 spiritualibus

297 3690 565 3745 fructibus
603 3696 1007 3750 numerantur,
1061 3686 1243 3740 omnia
1310 3687 1501 3741 harum
1553 3690 1866 3759 nuptiarum

296 3781 439 3835 dona
494 3786 643 3834 sunt.
696 3780 773 3831 Ac
825 3777 870 3832 si
902 3777 1023 3844 quis
1058 3775 1337 3830 Salomoni
1387 3777 1546 3832 ﬁdem
1594 3779 1869 3834 adhibitu-

299 3887 395 3925 rus
426 3877 533 3932 est,
567 3875 625 3922 ut
668 3877 720 3923 et
765 3866 1207 3921 contubernalem
1247 3867 1351 3922 sibi
1389 3875 1443 3922 et
1494 3869 1618 3924 vita:
1661 3871 1866 3927 sociam

293 3974 478 4016 veram
506 3958 828 4028 sapientiam
867 3957 1147 4028 adjungat,
1178 3956 1245 4013 de
1278 3973 1383 4029 qua
1418 3957 1464 4014 is
1494 3960 1606 4013 ait:
1648 3978 1666 4012 ι
1700 3959 1869 4030 Dilige

294 4066 435 4114 eam,
467 4058 520 4105 et
548 4050 811 4105 custodiet
841 4057 915 4114 te,
949 4049 1156 4103 honora
1183 4065 1300 4103 eam
1333 4051 1452 4103 ut"
1478 4051 1868 4121 complectatur

293 4153 363 4204 te.
388 4161 408 4194 ι
441 4141 527 4195 hic
550 4155 647 4211 pro
673 4139 837 4210 hujus
859 4140 1170 4210 cupiditatis
1188 4140 1449 4211 dignitate
1469 4143 1606 4196 stola
1628 4158 1761 4211 pura
1785 4159 1869 4198 or-

292 4241 474 4296 natur,
499 4247 623 4287 cum
655 4232 742 4297 iis,
768 4233 865 4302 qui
894 4232 1096 4302 nuptiis
1128 4233 1213 4287 his
1244 4234 1479 4304 gaudent
1504 4233 1645 4289 diem
1671 4234 1864 4291 festum

292 4322 532 4393 agendo,
571 4332 629 4377 ut
661 4338 729 4376 ne
779 4322 924 4377 foras
950 4323 1244 4392 ejiciatur:
1288 4324 1381 4394 qui
1421 4325 1565 4379 enim
1609 4325 1727 4381 festi
1758 4326 1865 4382 diei

1978 3268 1997 3301 ι
2038 3248 2324 3320 Ἐράσθητι
2356 3250 2547 3320 αὐτῆς,
2579 3250 2673 3304 καὶ
2706 3252 2934 3323 τηρήσει
2965 3269 3023 3305 σε
3044 3270 3057 3283 ·
3083 3252 3311 3324 τίμησον
3353 3254 3540 3325 αὐτὴν.

1973 3340 2059 3394 ἵνα
2093 3357 2153 3393 σε
2187 3339 2454 3413 περιλάϐῃ
2480 3360 2499 3393 ι
2520 3340 2563 3411 )·
2599 3340 2836 3406 ἐπαξίως
2875 3345 2973 3413 τῆς
3013 3342 3305 3414 ἐπιθυμίας
3342 3343 3543 3416 ταύτης

1972 3433 2447 3502 παρασκευάσεται
2470 3434 2527 3488 ὲν
2550 3433 2767 3506 καθαρᾷ
2788 3438 2855 3508 τῇ
2886 3436 3044 3509 στολῇ
3069 3439 3179 3502 τοῖς
3200 3437 3259 3493 ὲν
3279 3438 3358 3509 τῷ
3380 3440 3545 3511 γάμῳ

1971 3521 2515 3594 σανευφραινομένοις
2557 3524 2961 3594 συνεορτάζειν·
3003 3526 3089 3579 ἵνα
3127 3525 3201 3598 μὴ
3238 3527 3546 3599 ἀπόϐλητος

1968 3612 2212 3682 γένηται,
2242 3613 2342 3683 τῆς
2382 3612 2481 3683 μὲν
2511 3614 2703 3686 ἑορτῆς
2734 3618 3132 3687 συμμετασχεῖν
3170 3616 3356 3684 ἀξιῶν,
3387 3618 3448 3671 τὺ
3482 3619 3544 3674 δὲ

1968 3702 2170 3771 ἔνδυμα
2216 3703 2311 3756 τοῦ
2354 3703 2533 3774 γάμου
2585 3705 2661 3777 μὴ
2707 3707 3107 3778 περικείμενος.
3157 3707 3327 3778 Δῆλον
3356 3708 3413 3762 δὲ
3455 3709 3539 3764 ὅτι

1969 3794 2145 3858 κοινὸς
2173 3797 2201 3849 6
2236 3794 2391 3865 λόγος
2437 3797 2607 3861 ἐστὶν,
2641 3798 2735 3851 ἐπί
2777 3815 2837 3851 τε
2875 3798 3083 3870 ἀνδρῶν
3125 3799 3220 3853 καὶ
3267 3800 3541 3869 γυναικῶν

1967 3884 2187 3954 ὁμοίως.
2219 3886 2299 3950 εἰς
2329 3885 2428 3958 τὴν
2467 3887 2596 3959 περὶ
2621 3888 2728 3941 τῶν
2762 3891 3017 3943 τοιούτων
3038 3890 3230 3960 γάμων
3264 3890 3495 3960 σπουδήν
3517 3908 3532 3921 ·

1967 3975 2151 4048 ἐπειδὴ
2186 3976 2314 4049 γὰρ,
2362 3977 2542 4042 καθώς
2564 3996 2741 4050 φησιν
2777 3980 2806 4032 6
2858 3979 3175 4043 Ἀπόστολος
3196 4019 3212 4045 ,
3255 3999 3275 4033 ι
3307 3981 3419 4034 Ούκ
3454 3980 3540 4035 ἔνι

1966 4064 2131 4135 ἄρσεν
2162 4066 2256 4119 καὶ
2299 4052 2432 4135 θῆλυ
2456 4082 2470 4097 ⁸
2509 4067 2685 4122 πάντα
2725 4067 2781 4122 δὲ
2811 4069 2903 4122 καὶ
2948 4070 3007 4123 ὲν
3047 4072 3182 4124 πᾶσι
3214 4071 3464 4140 Χριστός*
3507 4089 3529 4123 ι

1967 4156 2187 4220 εἰκότως
2218 4159 2247 4210 6
2288 4157 2389 4229 τῆς
2418 4158 2609 4229 σοφίας
2653 4159 2888 4232 ἐραστὴς
2930 4161 3037 4215 τὸν·
3069 4161 3251 4217 ἔνθεον
3294 4162 3405 4233 ἔχει
3436 4163 3537 4235 τῆς

1966 4245 2259 4317 ἐπιθυμίας
2301 4248 2521 4313 σκοπὸν,
2553 4251 2612 4314 ὃς
2656 4251 2804 4305 ἐστιν
2845 4253 2878 4322 ἡ
2925 4251 3133 4323 ἀληθὴς
3164 4253 3346 4324 σοφία·
3379 4255 3472 4308 καὶ⁸
3497 4257 3531 4324 ἡ

1966 4336 2044 4408 τῷ
2070 4338 2330 4411 ἀφθάρτῳ
2358 4342 2576 4413 νυμφίῳ
2605 4343 3069 4416 προσκολληθεῖσα
3096 4345 3260 4418 ψυχὴ,
3286 4348 3387 4419 τῆς
3412 4348 3537 4417 άλη-
3564 4356 3579 4410 1

291 4413 621 4469 celebritatis
689 4415 1009 4484 participem
1070 4430 1127 4469 se
1172 4431 1293 4470 esse
1361 4415 1584 4486 dignum
1660 4425 1858 4487 putat,

1978 4429 2115 4500 iwij;
2143 4431 2331 4500 σοφίας
2347 4431 2459 4503 ἔχει
2482 4432 2572 4487 τὸν
2594 4413 2793 4506 ἔρωτα,
2827 4413 2949 4507 ἥτις
2965 4413 3121 4490 ἐστὶν*
3136 4413 3352 4502 όδεός.-
3376 4413 3535 4493 Ἀλλά

289 4504 587 4574 nuptialem
642 4514 847 4559 vestem
908 4520 1015 4559 non
1065 4505 1262 4558 induit.
1313 4503 1666 4576 Perspicuum
1732 4524 1859 4564 vero

290 4602 392 4658 est,
420 4604 472 4648 et
504 4596 557 4649 in
594 4595 724 4649 viris
750 4602 802 4649 et
834 4596 887 4648 in
917 4595 1132 4650 feminis
1169 4609 1513 4648 communem
1562 4597 1629 4651 ad
1669 4597 1862 4668 hujus-

289 4685 435 4739 tnodi
492 4686 806 4755 nuptiarum
842 4685 1082 4740 studiqu
1113 4700 1233 4739 esse
1275 4686 1538 4739 rationem
1568 4704 1580 4740 :
1614 4689 1741 4757 quia
1799 4699 1857 4744 ut

1970 4518 2026 4572 τί
2051 4519 2148 4590 μὲν
2172 4522 2200 4573 ό
2222 4523 2586 4592 πνευματικὸς
2606 4524 2782 4596 γάμος
2813 4526 2951 4593 ἐστὶ,
2981 4527 3074 4580 καὶ
3099 4527 3237 4599 πρὸς
3256 4527 3377 4581 τίνα
3414 4525 3535 4598 βλέ-

1967 4626 2060 4663 πει
2094 4611 2295 4664 σκοπὸν
2319 4613 2348 4665 6
2370 4613 2606 4684 καθαρός
2634 4630 2691 4667 τε
2725 4615 2817 4668 καὶ
2841 4616 3090 4688 οὐράνιος
3111 4616 3273 4691 ἔρως,
3297 4620 3538 4690 μετρίως

1966 4700 2097 4771 ἡμῖν
2137 4703 2202 4755 ὲκ
2239 4702 2344 4755 τῶν
2382 4704 2688 4775 εἰρημένων
2721 4707 3182 4762 ἀνακεκάλυπται.

288 4787 372 4833 est
401 4780 543 4850 apud
579 4778 897 4850 Apostolum
924 4779 969 4811 ¹³
1006 4796 1021 4838 :
1067 4797 1087 4830 ι
1118 4778 1235 4832 Νοη
1266 4787 1350 4834 est
1381 4780 1656 4835 masculus
1680 4822 1695 4847 ,
1731 4800 1877 4857 nequ.

1978 4794 2161 4858 tmina,
2197 4796 2292 4851 sed
2326 4811 2515 4852 omnes
2543 4807 2596 4853 et
2630 4800 2683 4853 in
2717 4800 2969 4856 omnibus
3002 4799 3307 4869 Christus,’
3339 4802 3535 4859 merito

288 4869 383 4939 qui
416 4871 697 4940 sapientia:
722 4886 907 4926 amore
940 4870 1178 4933 ducitur,
1213 4869 1300 4922 hic
1365 4869 1419 4922 in
1475 4871 1623 4926 omni
1684 4877 1983 4946 cupiditate
2048 4886 2388 4955 propositum
2440 4887 2543 4942 sibi
2594 4888 2838 4944 divinum
2914 4906 3135 4962 scepum
3195 4892 3397 4961 habet,
3436 4894 3537 4964 qui

288 4977 417 5015 vera
443 4964 710 5032 sapientia
743 4972 846 5027 est,
883 4972 1044 5033 atque
1074 4964 1288 5016 animus
1320 4962 1365 5016 is
1425 4962 1517 5031 qui
1558 4979 1682 5021 cum
1749 4969 2066 5045 incorrupto
2143 4993 2345 5048 sponso
2390 4995 2511 5037 sese
2579 4980 2795 5053 jungit,
2846 4998 2989 5038 verae
3052 4985 3372 5055 sapientiae,
3409 4962 3534 5057 quae

288 5053 433 5108 Deus
483 5061 588 5119 est,
677 5071 861 5111 amore
909 5065 1144 5112 tenetur.
1220 5053 1361 5120 Quid
1421 5057 1493 5110 sit
1547 5066 1725 5114 autem
1803 5064 2086 5134 spirituale
2148 5071 2592 5139 matrimonium,

2689 5088 2865 5142 quove
2943 5089 3115 5145 purus
3184 5076 3535 5149 caelestisque

289 5161 442 5201 amor
472 5151 701 5215 spectet,
736 5160 801 5201 ex
836 5147 904 5200 iis
951 5162 1084 5201 sane
1114 5161 1235 5216 qure
1284 5151 1855 5224 commemoravimus,
1895 5159 2034 5215 satis
2079 5168 2165 5217 est
2197 5176 2229 5217 a
2256 5162 2413 5219 nobis
2450 5163 2906 5219 demonstratum.

860 5237 1089 5294 CAPUT
1121 5237 1262 5293 XXI.

290 5341 393 5407 Qui
437 5351 740 5397 accuratam
778 5343 912 5397 hanc
952 5344 1154 5398 vivendi
1183 5346 1441 5401 rationem
1481 5338 1652 5402 tenere
1695 5349 1855 5405 insti-

357 5414 479 5477 tuit,
534 5415 598 5466 ab
632 5416 773 5467 omni
815 5417 1047 5484 corporis
1089 5414 1413 5485 voluptatum
1456 5434 1637 5488 genere
1675 5435 1730 5473 se
1758 5420 1854 5475 ab-

356 5483 538 5536 dicare
567 5483 735 5537 debet.

395 5498 538 5536 Icare
567 5498 735 5538 αεοει.

353 5572 622 5638 Quondam
659 5588 791 5630 sane
840 5573 1127 5631 manifesto
1172 5584 1510 5647 compertum
1562 5584 1667 5647 est,
1721 5593 1833 5638 non

355 5688 399 5721 “
435 5687 591 5746 Prov.
629 5706 702 5756 tv,
735 5690 788 5746 6.
868 5691 911 5723 ”
938 5692 1148 5750 Uoloss.
1182 5693 1372 5761 m,H.

2534 5258 2787 5312 ΚΕΦΑΛ.
2826 5260 2952 5317 ΚΑ’ρ

1952 5328 2235 5441 Δ’Ὀτιθλζρὴ
2255 5360 2363 5414 τὸν
2380 5358 2633 5441 ἁκριξῶς
2647 5360 2764 5441 £131?
2787 5364 3210 5441 ίτροξᾼᾴμενρν,
3229 5365 3381 5441 πρὸς
3405 5363 3530 5424 πᾶν

2060 5427 2230 5518 εἶδος
2259 5427 2602 5500 σωματικῆς
2627 5427 2855 5501 ἡδονῆς
2884 5427 3210 5503 ἀλλοτρίως
3236 5427 3421 5505 ἐξεὸν.

2024 5584 2241 5657 Ἐπειδὴ
2275 5585 2330 5641 δὲ
2358 5587 2423 5657 τῇ
2466 5587 2800 5668 καθαρότητι
2837 5589 2933 5645 τοῦ
2966 5588 3100 5645 Θεοῦ
3142 5589 3525 5663 προσεγγίσαι,
