3896 6204
331 278 442 353 tua
1566 296 1624 356 s.
1665 296 1990 356 esseom!
2020 297 2315 358 NYSSEN!
2766 338 2769 341 ι
3496 295 3606 360 ιω
3846 0 3867 341 1

333 422 521 473 re'rum‘
551 418 828 485 suaiium,
861 418 1136 492 quatenus
1159 424 1397 494 oportet,
1426 422 1546 494 ipse
1576 432 1790 479 sumet:
1816 437 1871 479 se

2078 421 2286 493 ιριστῶν
2317 404 2710 493 μεταλήψεται.
2774 418 2914 474 Ἀλλ’
2961 419 3152 493 ἐπειδὴ
3190 418 3380 475 πολλοί
3422 420 3515 474 ἐπὶ
3539 421 3616 476 τὸ.

332 512 596 580 quoniam
621 510 868 583 plerique
889 512 944 569 in
974 513 1208 570 alterum
1239 515 1717 572 immederationis
1746 527 1870 586 gem

2063 531 2207 586 ιερον
2238 509 2380 578 εἶδος
2413 512 2517 583 τῆς
2540 511 2811 585 ἀμετρίας
2853 512 3369 584 κατολισθήσαντες,
3393 511 3482 568 διὰ
3506 516 3601 585 τῆς

336 603 551 674 delapsi
582 602 918 674 intiderunt,
949 606 1313 678 studiumque
1358 608 1414 664 ln
1465 621 1554 675 eo,
1605 594 1755 679 quod
1810 606 1874 662 sil

2064 603 2463 677 περσαλλούσης
2502 603 2808 676 ἀκριϐείας,
2856 601 3046 657 ἔλαθον
3093 601 3392 656 ὑπεναντία
3434 619 3602 658 σπου-

334 695 682 767 propositum
708 697 935 765 habent,
973 698 1078 771 ipsi
1109 700 1458 766 adhibentes,
1490 715 1558 756 ex
1586 699 1754 756 nimia
1779 714 1872 771 qua

2066 696 2271 761 ἱζοντες
2295 695 2374 767 τῷ
2397 694 2512 767 ἰδίῳ
2540 694 2858 766 exanima!
2879 693 3025 764 ἄλλῳ
3042 693 3233 765 τρόπῳ
3248 693 3361 748 τῶν
3382 694 3604 765 ὑψηλῶν

335 786 464 842 dam
498 788 783 861 diligentia
824 790 880 845 in
914 804 1005 849 res
1049 793 1360 850 contrarias
1409 802 1699 859 venerunt,
1754 803 1873 864 atqu

2070 784 2197 839 ικαὶ
2247 782 2537 856 θειοτέρων
2583 784 2684 855 τὴν
2713 782 2891 854 ψυχήν
2921 783 3361 853 ἀποστήσαντες,
3401 783 3483 846 εἰς
3509 800 3608 836 τα-

336 877 447 935 alio
475 879 697 951 quidem
742 880 907 938 modo
933 896 963 937 a
1016 883 1184 941 rebus
1232 883 1554 942 coelestibus
1606 899 1670 941 ac
1715 884 1874 941 divini

2066 876 2212 940 εινάς
2251 874 2539 948 φροντίδας
2567 875 2661 961 καὶ
2692 872 2950 945 ἀσχολίας
2987 874 3321 944 κατήγαγον,
3370 872 3510 945 πρὸς
3535 873 3604 927 τά

334 972 583 1028 animum
609 981 984 1044 removentes,
1015 975 1073 1032 in
1108 975 1503 1046 occupationes
1525 977 1579 1032 et
1617 990 1783 1032 curas
1814 975 1872 1030 Ιιι

2063 965 2309 1038 ωματικά
2331 965 2779 1039 παρατηρήματα
2803 963 2903 1046 τῂν
2924 963 3163 1019 διάνοιαν
3180 963 3359 1018 αὐτῶν
3381 962 3601 1018 κλίναν-

207 1121 239 1131 ,,
335 1064 499 1120 miles
528 1064 878 1133 ceciderunt,
910 1080 1037 1122 cum
1069 1066 1146 1122 ita
1179 1066 1247 1120 ad
1293 1066 1488 1121 barum
1535 1080 1743 1131 rerum,

2064 1073 2140 1121 ες·
2190 1056 2268 1122 ὡς
2302 1056 2501 1129 μηκέτι
2534 1057 2720 1120 αὐτοῖς
2752 1057 2811 1110 ἐν
2846 1040 3136 1126 ’ἐλευθερίᾳ
3167 1051 3602 1126 μετεωροπορεῖν

335 1158 622 1227 corporea:
654 1165 808 1224 sunt,
844 1157 1263 1215 observationes
1311 1160 1546 1215 tuentem
1592 1157 1865 1229 adjecerin

2059 1150 2109 1205 δν
2132 1149 2295 1215 νοῦν,
2342 1150 2436 1205 καὶ
2478 1150 2549 1205 τὰ
2594 1149 2708 1205 ἅνω
2737 1148 2978 1220 βλέπειν,
3025 1146 3141 1202 ἀλλ’
3190 1147 3284 1200 ἐπὶ
3309 1144 3372 1199 τὸ
3402 1144 3597 1199 πονοῦν

336 1253 397 1301 ut
424 1261 605 1317 neque
634 1242 885 1303 coelestia
911 1248 1045 1314 illis,
1093 1263 1272 1319 neque
1323 1248 1509 1305 divina
1565 1249 1799 1305 liberum
1845 1264 1872 1306 ε

2102 1250 2114 1294 ι
2140 1240 2559 1313 συντριϐόμενον
2581 1241 2683 1311 τῆς
2721 1238 2923 1311 σαρκδς
2949 1235 3319 1292 ἐπικλίνεσθαι
3342 1252 3359 1268 ·
3419 1235 3600 1301 καλῶς
3626 1271 3640 1283 .

262 1401 271 1409 δ
334 1336 522 1391 animo
572 1336 959 1407 contemplari,
1014 1336 1115 1394 sed
1165 1338 1371 1417 adhoc
1416 1337 1667 1394 inclinati
1702 1338 1800 1395 sini

2060 1347 2086 1386 ν
2111 1330 2225 1403 ἔχοι
2252 1332 2348 1388 καὶ
2373 1331 2564 1387 τούτου
2587 1331 2862 1386 ποιεῖσθαι
2888 1329 2990 1401 τὴν
3017 1329 3358 1400 ἐπιμέλειαν,
3385 1326 3598 1392 καὶτὰς

212 1457 225 1464 -
333 1433 556 1476 carnem
586 1423 869 1494 exagitent
902 1432 1068 1496 atque
1114 1421 1403 1497 atiligant:
1449 1427 1713 1498 praeclare

2059 1423 2079 1491 Ξ
2120 1424 2399 1498 ἑκατέρων
2444 1425 2771 1497 ἐπιμετρίας
2817 1423 3015 1494 ἐπίσης
3056 1419 3597 1494 παραφυλάττεσθαι,

334 1519 592 1582 ageretur
634 1512 803 1585 hujus
855 1514 1021 1572 etiam
1056 1516 1139 1572 rei
1182 1531 1373 1572 curam
1422 1517 1709 1585 adbibere,
1752 1526 1872 1590 atqu

2059 1519 2158 1589 ,ήτε
2208 1517 2297 1572 διὰ
2364 1517 2740 1590 πολυσαρκίας
2796 1512 3249 1586 καταχωννύντας
3302 1512 3397 1566 τὸν
3449 1510 3597 1576 νοῦν,

335 1606 483 1663 hanc
529 1616 822 1681 utramque
868 1608 1384 1667 immoderationem
1424 1612 1710 1682 aequaliter
1768 1611 1873 1669 reft

2063 1607 2147 1680 ηδ’
2172 1604 2241 1662 αὖ
2282 1607 2445 1663 πάλιν
2478 1609 2600 1672 ταῖς
2632 1606 2977 1670 ἐπεισάκτοις
3009 1603 3317 1667 ἀσθενείαις
3356 1599 3601 1672 ἐξίτηλον

333 1712 484 1768 gere,
520 1708 582 1754 ut
620 1714 802 1771 neque
855 1701 1107 1771 corporis
1146 1700 1418 1758 obesitate
1466 1710 1703 1760 mentem
1753 1718 1871 1771 qua:

2064 1699 2180 1753 ὐτὸν
2205 1699 2301 1753 καὶ
2321 1699 2574 1754 ταπεινὸν
2603 1699 2799 1763 ποιεῖν,
2821 1696 2916 1751 καὶ⁵
2941 1695 3070 1766 περὶ
3093 1694 3221 1758 τοὺς
3253 1690 3602 1763 σωματικοὺς

334 1788 629 1859 aggeribus
673 1790 1143 1862 circumsepiant,
1194 1797 1374 1865 nedue
1419 1807 1619 1851 rursus
1672 1794 1872 1852 inducti

2067 1793 2228 1857 τόνους
2259 1790 2628 1865 ήσχολημὲνον
2654 1806 2669 1821 ·
2717 1786 3026 1861 μεμνῆσθαι
3062 1785 3121 1840 δὲ
3144 1782 3239 1840 τοῦ
3263 1781 3432 1854 σοφοῦ
3459 1796 3605 1854 παρ-

332 1879 803 1938 imbecillitatihus
838 1890 1060 1939 tenuem
1093 1882 1244 1938 illam
1277 1892 1332 1938 et
1362 1885 1622 1941 humilem
1648 1887 1870 1943 elﬁciani

2068 1883 2382 1954 γγέλματος,
2420 1882 2515 1937 τοῦ
2544 1882 2741 1954 ἐπίσης
2775 1878 3140 1951 ἀπειρηκότος
3179 1878 3280 1948 τήν
3311 1891 3373 1930 τε
3410 1874 3507 1928 ἐπὶ
3530 1874 3606 1929 τά

332 1976 389 2025 et
416 1968 485 2024 ad
517 1971 767 2042 corporis
791 1972 1010 2028 labores
1040 1988 1275 2046 prorsus
1316 1975 1567 2032 inutilem
1595 2019 1611 2046 ,
1647 1981 1870 2037 memine

2068 1974 2169 2042 ἱξιά
2194 1975 2291 2029 καὶ
2323 1974 2393 2029 τὰ
2426 1973 2646 2028 ἐναντία
2675 1971 3059 2043 παρατροπήν.
3100 1966 3347 2023 Ἤκουσα
3368 1965 3427 2020 δέ
3453 1982 3606 2030 τινος

334 2059 562 2132 rintque
591 2061 727 2117 illud
753 2073 1088 2135 praeceptum
1119 2065 1388 2136 sapientis
1423 2066 1549 2132 viri,
1591 2068 1686 2140 qui
1733 2070 1870 2140 proh

2065 2064 2266 2139 ιτρικοῦ
2288 2066 2358 2121 τὰ
2389 2067 2454 2119 ἐκ
2478 2065 2577 2136 τῆς
2615 2064 2812 2136 τέχνης
2843 2061 3152 2127 διεξιόντος,
3181 2061 3264 2115 ὅτι
3302 2061 3368 2114 ἐκ
3394 2057 3603 2114 τεσσά-

331 2151 447 2219 bet,
486 2159 548 2208 ut
578 2167 650 2209 nc
690 2154 817 2225 quis
861 2154 930 2209 ad
970 2153 1273 2222 dexteram,
1317 2172 1494 2229 neque
1523 2157 1590 2213 ad
1626 2159 1869 2216 sinistra:

2067 2176 2128 2212 ev
2155 2160 2290 2230 ἡμῖν
2317 2158 2414 2228 οὐχ
2446 2155 2709 2229 ὁμοειδῶν
2740 2155 3040 2227 στοιχείων,
3067 2152 3182 2208 ἀλλ’
3201 2149 3459 2213 ἐναντίως
3480 2165 3605 2202 κει-

333 2240 589 2298 declinet.
620 2243 820 2301 Audivi
850 2246 1106 2317 equidem
1129 2248 1402 2305 medicum
1430 2252 1744 2322 quempiam
1773 2253 1871 2307 arti

2064 2250 2219 2317 ένων,
2245 2250 2306 2303 τὸ
2339 2248 2501 2321 σῶμα
2537 2248 2834 2320 συνέστηκε
2857 2262 2875 2278 ⁸
2925 2246 3128 2318 θερμόν
3178 2262 3238 2299 τε
3267 2242 3366 2298 καὶ
3386 2242 3602 2313 ψυχρὸν

332 2342 447 2387 suae
476 2342 748 2405 prmcepta
794 2334 1157 2395 disserentem
1193 2338 1399 2406 dicere,
1435 2356 1640 2413 corpus
1661 2352 1870 2400 nostra:

2064 2340 2426 2414 ογκεκρᾶσθαι
2446 2359 2459 2371 ·
2486 2341 2580 2394 καὶ
2607 2339 2776 2412 ὑγροῦ
2806 2339 2944 2412 πρὸς
2971 2337 3133 2411 ξηρὸν
3155 2335 3297 2392 εἶναι
3321 2335 3423 2407 τὴν
3448 2333 3602 2406 μίξιν

333 2435 576 2495 quatuor
629 2441 741 2482 non
793 2427 1039 2497 ejusdem
1078 2433 1298 2500 generis
1337 2432 1661 2499 elementis,
1696 2434 1793 2490 sed
1827 2435 1871 2490 di

2066 2432 2360 2505 αράλογον,
2406 2434 2474 2504 τῇ
2505 2430 2596 2485 διά
2633 2431 2800 2502 μέσου
2835 2428 2945 2484 τῶν
2979 2426 3255 2498 συζυγιῶν
3300 2423 3604 2504 οἰκειότητι

329 2518 490 2572 νειεε
518 2516 660 2573 inter
683 2532 744 2575 se
772 2518 986 2576 all‘ectis
1018 2530 1342 2578 concretum
1365 2539 1494 2580 esse
1518 2565 1534 2592 ,
1559 2525 1867 2597 calidumqu

2065 2525 2155 2598 ρδς
2182 2525 2251 2579 τά
2277 2524 2497 2581 ἐναντία
2519 2522 2965 2595 συναπτομένων.
2993 2520 3104 2576 Καὶ
3127 2537 3235 2574 τινι
3261 2515 3602 2588 λεπτουργίᾳ

332 2606 530 2679 frigido
566 2609 785 2665 misceri
821 2625 888 2665 ac
918 2614 1256 2683 temperari,
1300 2614 1652 2687 humidaque
1700 2625 1870 2671 natun

2063 2614 2242 2689 ιιαύτῃ
2270 2615 2362 2669 τὸν
2406 2613 2562 2683 λόγον
2597 2612 2931 2683 φυσιολογῶν
2973 2608 3296 2666 ἀπεδείκνυε
3320 2646 3337 2673 ,
3368 2606 3601 2676 φάσκων

330 2703 784 2771 temperationem
818 2704 1114 2773 quamdam
1141 2714 1211 2760 ex
1231 2705 1387 2761 arida
1421 2706 1679 2777 siccaque
1713 2717 1868 2778 praue

2060 2709 2247 2763 ιάστου
2276 2705 2480 2762 τούτων
2512 2708 2578 2760 ἐκ
2616 2706 2910 2777 διαμέτρου
2947 2704 3085 2775 πρὸς
3126 2702 3190 2756 τὸ
3216 2699 3598 2771 ἀντικείμενον

332 2794 644 2864 opinionem
670 2794 809 2860 ﬁeri,
838 2794 1125 2866 mediaque
1145 2796 1380 2866 quadam
1400 2806 1606 2865 rerum,
1623 2815 1745 2870 quae
1777 2815 1870 2855 con

2060 2794 2269 2867 φεστὼς
2293 2798 2360 2868 τῇ
2396 2794 2556 2865 φύσει
2581 2794 2670 2848 διὰ
2693 2794 2796 2866 τῆς
2831 2793 3155 2863 συγγενείας
3181 2788 3291 2844 τῶν
3319 2803 3598 2859 παρακει-

330 2885 573 2951 veniunt,
617 2887 941 2956 cognatione
972 2889 1214 2944 adhibita
1251 2904 1381 2947 cum
1426 2893 1868 2949 contrariiseoha

2058 2887 2197 2943 ένων
2227 2888 2524 2959 ποιοτήτων
2565 2889 2679 2951 τοίς
2730 2885 2997 2949 ἐναντίοις
3041 2881 3431 2963 συνάπτεσθαι.
3481 2876 3596 2934 Τοῦ

325 2976 472 3035 iere.
499 2978 678 3049 Atque
706 2978 891 3035 subtili
917 2979 1233 3051 hujusmodi
1257 2991 1376 3038 arte
1423 2982 1535 3049 ille,
1580 2985 1674 3055 qui
1704 2985 1759 3040 in
1806 2985 1863 3041 hc

2059 2980 2125 3052 ἀρ
2153 2979 2365 3051 ψυχροῦ
2397 2979 2495 3033 καὶ
2530 2977 2624 3032 τοῦ
2654 2976 2858 3050 θερμοῦ
2898 2976 3041 3031 κατὰ
3076 2976 3139 3029 τὸ
3172 2975 3286 3029 ἴσον
3317 2974 3507 3044 ὑγροῖς
3529 2986 3597 3024 τε

328 3068 653 3142 indaganda:
675 3083 885 3127 natura:
904 3073 1089 3128 studio
1106 3081 1382 3140 versatur,
1396 3075 1664 3131 rationem
1688 3077 1866 3133 demo:

2058 3072 2113 3127 αὶ
2139 3071 2322 3145 ξηροῖς
2344 3071 2732 3142 ἐγγινομένων,
2755 3070 2851 3125 καὶ
2876 3068 2938 3123 τὸ
2959 3067 3192 3139 ἔμπαλιν
3222 3065 3316 3120 τοῦ
3344 3063 3512 3137 ὑγροῦ
3529 3080 3596 3117 τε

327 3127 493 3228 strat:
519 3163 708 3234 aitque
740 3163 959 3235 singula
991 3164 1107 3220 haec
1138 3165 1207 3220 ab
1234 3165 1511 3237 oppositis
1548 3167 1865 3223 naturaliter

2061 3164 2111 3220 αὶ
2139 3127 2319 3236 έήροῦ
2358 3127 2433 3219 ἐν.
2459 3127 2574 3229 cui;
2615 3127 2836 3235 θερμοῖς
2885 3178 2947 3216 τε
2978 3127 3075 3215 καὶ
3117 3160 3346 3232 ψυχροῖς

325 3256 482 3326 quasi
519 3255 703 3311 medio
744 3257 1054 3327 interjecto,
1099 3257 1399 3329 disiuncta,
1451 3256 1686 3330 quadam
1722 3260 1863 3331 quali

2061 3256 2419 3328 δνισταμένων
2442 3274 2458 3289 ο
2515 3258 2551 3329 ἡ
2602 3256 2712 3312 τῶν
2758 3256 3061 3327 ποιοτήτων
3086 3253 3356 3323 ταυτότης
3395 3250 3599 3320 ἐπίσης

326 3355 503 3403 tatum
580 3349 1016 3419 propinquarum
1075 3349 1345 3405 afﬁnitate
1404 3365 1530 3405 cum
1606 3351 1864 3429 contrarii

2063 3352 2126 3416 ii;
2169 3350 2431 3415 ἐναντίοις
2464 3349 2859 3421 ἐμφαινομένη,
2885 3347 2951 3402 δι’
2980 3344 3180 3417 ἑαυτῆς
3205 3346 3351 3400 ποιεῖ
3371 3342 3480 3397 τῶν
3498 3341 3601 3395 άν-

324 3440 640 3496 convenire.
669 3440 806 3496 Cum
837 3441 985 3497 enim
1012 3439 1186 3513 frigus
1212 3450 1268 3498 et
1286 3443 1439 3498 calor
1465 3444 1755 3515 aequaliter
1776 3458 1862 3499 cut

2065 3442 2331 3514 κειμένων
2354 3441 2454 3515 τὴν
2476 3430 2711 3498 σύνοδον.
2748 3441 2910 3497 Ἀλλὰ
2935 3441 2989 3496 τί
3011 3457 3103 3512 μοι
3128 3437 3330 3493 τάκαθ’
3362 3438 3601 3523 ἕκαστον

323 3532 554 3588 humore
592 3531 952 3604 siccitatequ‘e
991 3533 1328 3603 cohaereant,
1368 3548 1675 3609 rursusque
1707 3535 1861 3592 humt

2062 3538 2078 3560 '
2110 3535 2395 3609 ἀκριϐείας
2418 3534 2640 3601 ἐξιέναι,
2666 3535 2815 3598 ὅπως
2850 3532 3027 3587 ταῦτα
3051 3530 3147 3586 καὶ
3186 3529 3455 3601 τέτμηται
3489 3528 3598 3582 ἀπ’

324 3634 381 3679 ct
413 3623 642 3680 ariditas
669 3624 866 3695 aequali
905 3626 1111 3681 caloris
1146 3634 1204 3682 et
1231 3622 1459 3698 frigoris
1504 3630 1862 3700 temperation

2058 3628 2254 3701 λλήλων
2277 3630 2345 3700 τῇ
2370 3626 2684 3682 ἐναντιώσει
2708 3627 2809 3698 τῆς
2828 3625 3062 3698 φύσεως,
3084 3624 3178 3679 καὶ
3198 3622 3361 3678 πάλιν
3379 3623 3596 3693 ἥνωται

322 3721 773 3784 componantur:
815 3715 932 3773 haec
975 3717 1302 3786 qualitatum
1351 3718 1543 3775 eadem
1589 3719 1860 3790 aequalitas

2056 3721 2075 3791 ή
2111 3717 2399 3789 συγγενείᾳ
2420 3715 2533 3772 τῶν
2568 3717 2870 3787 ποιοτήτων
2900 3714 3155 3786 ἀλλήλοις
3188 3710 3594 3783 συνανακιρνὰ-

320 3818 446 3876 qua:
470 3803 526 3857 in
559 3804 862 3860 contrariis
883 3814 1130 3876 apparet,
1172 3818 1358 3863 rerum
1402 3808 1549 3864 inter
1588 3825 1649 3865 se
1676 3820 1858 3866 contra

2051 3826 2190 3879 ενα;
2225 3808 2371 3881 Πλὴν
2406 3800 2469 3862 οῦ
2501 3808 2662 3881 χάριν
2696 3808 2805 3862 τῶν
2842 3805 3153 3878 εἰρημένων
3189 3803 3589 3876 ἐμνήσθημεν,

319 3896 529 3951 riarum
567 3895 1007 3952 convenientiam
1052 3905 1150 3969 per
1184 3913 1245 3957 se
1292 3898 1483 3971 gignit.
1533 3898 1641 3957 Sed
1661 3903 1792 3974 quid
1830 3919 1857 3959 a

2055 3922 2088 3959 rt
2119 3888 2504 3958 συνεϐούλευεν
2522 3904 2553 3957 ό
2576 3901 2677 3973 τὴν
2689 3899 2787 3955 τοῦ
2818 3898 3068 3971 σώματος
3088 3896 3253 3968 φύσιν
3282 3899 3351 3967 τῇ
3381 3894 3593 3968 θεωρίᾳ

319 4000 407 4045 me
442 3988 661 4062 singula
689 3988 987 4061 diligenter
1025 3992 1303 4062 explicare
1335 3995 1552 4067 attinet,
1584 4007 1639 4055 et
1670 4013 1857 4071 quomc

2064 3983 2179 4068 nim
2206 3994 2552 4065 κατανοήσας
2579 3995 2852 4066 προνοεῖν,
2878 3978 2954 4057 ὡς
2981 3985 3093 4046 οἷόν
3125 4007 3208 4057 τε,
3236 3991 3337 4062 τῆς
3364 3990 3594 4059 ἰσοκρα-

316 4080 389 4135 do
426 4080 545 4138 haec
581 4081 653 4138 ob
682 4089 894 4137 natura:
939 4086 1362 4156 repugnantiam
1406 4088 1643 4146 invicem
1677 4089 1854 4162 disjun

2052 4087 2154 4152 ιίας
2181 4086 2291 4142 τῶν
2313 4087 2620 4160 ποιοτήτων
2640 4100 2658 4117 ·
2701 4086 2762 4141 ἐν
2797 4083 2976 4157 τούτῳ
3003 4084 3115 4157 γάρ
3139 4078 3279 4138 εἶναι
3309 4079 3373 4134 τὸ
3395 4078 3590 4147 ὑγιαί-

234 4196 239 4203 ε
314 4176 538 4242 gantur,
568 4182 624 4229 et
650 4188 848 4230 rursus
878 4172 948 4229 ob
981 4176 1317 4246 qualitatum
1351 4182 1738 4251 cognationem
1771 4230 1772 4234 η

2054 4184 2135 4245 ειν,
2165 4180 2224 4233 ἐν
2257 4177 2338 4249 τῷ
2370 4177 2536 4250 μηδὲν
2562 4176 2671 4233 ὑπὸ
2697 4175 2793 4231 τοῦ
2826 4176 3017 4248 ἐτέρου
3046 4174 3157 4229 τῶν
3182 4175 3241 4229 ἐν
3266 4173 3399 4245 ἡμῖν
3421 4169 3592 4224 δυναά

315 4266 413 4317 tuo
445 4270 746 4333 temperata
767 4262 1177 4334 coniungantur
1199 4268 1226 4322 ἰ
1259 4264 1463 4323 Verum
1493 4283 1616 4325 eam
1659 4268 1731 4325 ob
1767 4284 1853 4325 cat

2053 4267 2313 4322 εεύεσθαι.
2359 4266 2569 4322 Οὐκοῦν
2612 4264 2972 4338 ἐπιμελητέον
3014 4266 3150 4336 ἡμῖν
3180 4263 3281 4334 τῆς
3321 4258 3591 4331 τοιαύτης

322 4368 439 4408 sam
477 4370 579 4412 nos
612 4354 680 4411 de
702 4356 792 4420 iis,
818 4371 940 4426 quae
959 4355 1224 4425 diximus,
1267 4361 1601 4417 mentionem
1636 4360 1860 4420 fecimus

2050 4359 2388 4424 ιταστάσεως
2419 4358 2557 4430 πρὸς
2599 4357 2699 4431 τὴν
2723 4358 2821 4430 τῆς
2845 4357 3034 4427 ὑγείας
3083 4352 3379 4426 διαμονὴν,
3423 4351 3588 4421 εἰπερ

321 4447 610 4517 quoniam,
633 4448 726 4518 qui
752 4449 837 4503 his
857 4450 1024 4505 rebus
1052 4451 1456 4507 animadversis
1500 4454 1755 4523 corporis
1796 4470 1859 4510 na

2052 4451 2274 4523 dinei;
2307 4449 2487 4506 αὐτῶν
2520 4452 2548 4505 ὁ
2577 4449 2738 4519 λόγος
2773 4448 2886 4520 ἔχει
2905 4487 2923 4514 ,
2975 4446 3163 4520 μηδενὶ
3198 4441 3491 4547 μέρει
3518 4440 3590 4547 ἐξ

314 4544 497 4590 turam
529 4544 933 4603 commentatus
976 4546 1083 4607 est',
1111 4540 1200 4595 hic
1221 4543 1435 4595 monuit
1472 4544 1735 4612 aequalem
1774 4560 1852 4601 eat

2050 4563 2073 4598 ν
2096 4544 2508 4614 συνεστήκαμεν
2543 4542 2577 4614 ἢ
2610 4540 2952 4614 πλεονασμὸν
2985 4540 3020 4612 ἢ
3046 4539 3340 4593 ἐλάττωσιν
3374 4536 3441 4589 ἐκ
3480 4535 3588 4606 τῆς

316 4630 642 4698 qualitatum
666 4631 967 4700 potentiam
987 4633 1135 4686 amni
1158 4633 1372 4688 ratione
1394 4635 1576 4690 curari
1605 4645 1854 4705 oportere

2047 4636 2141 4690 κτὰ
2164 4636 2262 4708 τὴν
2293 4636 2506 4690 δίαιταν
2532 4635 2856 4707 ἀνωμαλίας
2888 4634 3184 4703 ἐπάγοντες
3207 4647 3223 4662 ·
3254 4629 3447 4702 ὥσπερ
3470 4628 3585 4701 γάρ

315 4721 444 4789 quia
474 4718 530 4774 in
556 4719 663 4774 hoc
696 4721 801 4776 sita
831 4728 916 4776 est
936 4721 1080 4776 bona
1104 4722 1382 4789 valetudo,
1428 4732 1489 4777 ut
1511 4724 1650 4779 nihil
1681 4742 1853 4781 eoruu‘

2047 4730 2138 4785 τοῦ
2173 4730 2417 4803 ἅρματος
2442 4729 2762 4800 ἐπιστάτης,
2806 4729 2856 4781 εἰ
2881 4726 2958 4799 μὴ
2995 4721 3429 4795 συμφωνούντων
3449 4722 3575 4775 ἐπι-

317 4813 510 4882 qurein
540 4813 700 4869 nobis
728 4813 939 4878 insunt,
982 4815 1052 4869 ab
1091 4815 1215 4870 aliis
1251 4825 1558 4886 superetur;
1593 4819 1766 4891 Igitur
1792 4836 1855 4875 ne

2038 4822 2217 4893 τατοίη
2255 4821 2365 4874 τῶν
2392 4819 2623 4886 πώλων,
2667 4818 2794 4874 οῦτε
2839 4818 2930 4873 τὸν
2962 4816 3088 4884 ὀξὺν
3137 4814 3467 4886 ἐπισπέρχει
3509 4816 3576 4885 τῇ

317 4903 630 4973 hujusmodi
669 4906 923 4976 corporis
971 4906 1445 4973 constitutionem,
1492 4911 1538 4966 si
1590 4912 1719 4981 quid
1781 4928 1855 4968 vei

2037 4896 2241 4979 μάστίγι,
2272 4908 2399 4965 οὔτε
2422 4911 2514 4965 τὸν
2571 4909 2772 4981 βραδὺν
2801 4907 3031 4978 κατάγει
3059 4908 3177 4971 ταῖς
3219 4905 3422 4976 ήνίαις,
3467 4903 3575 4958 οὐδ’

313 5012 506 5051 carum
539 5012 721 5051 rerum
753 5002 1205 5055 commemoratio
1225 5000 1412 5068 habet,
1438 5003 1505 5057 ad
1530 5004 1851 5060 valetudine:

2038 5000 2066 5058 ὗ
2095 5003 2258 5060 πάλιν
2285 5004 2377 5060 τὸν
2404 5004 2791 5079 ἐνδιάστροφον
2810 5003 2845 5073 ἢ
2871 5001 3125 5072 δυσήνιον
3149 5000 3339 5055 ἄνετον
3364 4999 3434 5070 ἐᾷ
3459 5000 3573 5061 ταῖς

314 5098 582 5160 perpetuo
624 5092 880 5145 tuendam
911 5107 1107 5149 curare
1150 5094 1432 5158 debemus,
1480 5104 1540 5150 nt
1573 5096 1640 5151 ad
1686 5098 1852 5152 nulla:

2037 5095 2221 5159 ἱκείαις
2271 5098 2474 5169 ὁρμαῖς
2515 5095 2597 5159 εἰς
2634 5092 2861 5159 ἀταξίαν
2904 5090 3267 5163 ἐκφέρεσθαι,
3315 5088 3461 5143 ἀλλὰ
3491 5088 3575 5143 τὸν

316 5190 526 5252 partem
562 5199 776 5247 eorum,
807 5199 871 5239 cx
908 5186 1108 5255 quibus
1139 5188 1413 5257 compacti
1453 5205 1667 5256 sumus,
1718 5206 1854 5261 nequ

2039 5190 2094 5243 ἐν
2121 5186 2368 5256 εὐθῦνει,
2414 5178 2507 5243 τδν
2535 5188 2593 5242 δέ
2620 5187 2914 5243 ἀνακόπτει
2933 5225 2950 5250 ,
2982 5186 3111 5250 τοὺς
3146 5185 3205 5238 δέ
3236 5183 3574 5239 καθικνεῖται

314 5263 545 5325 nimium
576 5287 754 5343 neque
789 5288 987 5343 parum
1030 5291 1098 5331 ex
1141 5277 1397 5348 inatquali
1444 5281 1624 5335 victus
1681 5280 1852 5334 ration

2035 5279 2081 5334 ιὰ
2112 5279 2216 5353 τῆς
2246 5283 2531 5353 μάστιγος,
2579 5280 2686 5344 ἓως
2715 5280 2845 5350 μίαν
2882 5280 2997 5343 τοῖς
3028 5279 3165 5333 πᾶσι
3189 5275 3290 5349 τὴν
3318 5276 3461 5346 πρὸς
3483 5273 3573 5327 τδν

315 5363 601 5419 addamus.
645 5362 716 5419 Ut
745 5366 892 5420 enim
918 5366 1155 5422 vehiculi
1187 5379 1371 5425 rector
1399 5370 1442 5425 si
1474 5372 1613 5426 forte
1648 5373 1853 5441 equulo

2037 5372 2197 5445 οόμον
2244 5376 2553 5446 σύμπνοιαν
2581 5372 2890 5446 ἐμποιήσῃ·
2939 5370 3033 5426 τὸν
3060 5368 3222 5424 αὐτὸν
3245 5368 3450 5440 τρόπον
3481 5364 3575 5420 καὶ

315 5466 423 5506 non
451 5454 859 5511 consentientes
893 5458 1307 5530 concordeSque
1338 5461 1497 5531 regit,
1545 5477 1722 5532 neque
1750 5463 1853 5517 cel:

2053 5464 2321 5536 ἡμέτερος
2356 5463 2482 5529 νοῦς
2529 5466 2558 5518 ὁ
2588 5463 2686 5529 τὰς
2733 5462 2827 5517 τοῦ
2863 5461 3114 5533 σώματος
3142 5459 3302 5533 ήνίας
3331 5460 3419 5528 ἐφ’
3448 5458 3576 5512 ἐαυο

314 5551 430 5594 rem
459 5543 780 5600 verberibus
807 5545 1020 5612 incitat,
1051 5562 1229 5619 neque
1265 5547 1482 5604 tardum
1519 5549 1749 5605 habenis
1806 5566 1852 5607 rt

2030 5552 2084 5609 δν
2105 5553 2264 5626 ἔχων,
2297 5553 2420 5609 οὔτε
2450 5554 2797 5621 πλεονάζοντι
2830 5553 2910 5624 τῷ
2934 5551 3125 5625 θερμῷ
3149 5550 3294 5606 κατά
3329 5550 3425 5603 τὸν
3446 5565 3568 5602 και-

313 5629 518 5700 primit,
547 5649 723 5704 nequc
750 5651 943 5694 rursus
976 5654 1316 5709 perversum,
1355 5640 1678 5696 eli‘renatum
1715 5653 1770 5699 et
1815 5645 1851 5699 it

2044 5652 2089 5700 ὃν
2114 5645 2213 5717 τῆς
2237 5646 2487 5718 νεότητος
2522 5632 2622 5710 τάς
2653 5647 2749 5717 τῆς
2779 5644 3076 5717 πυρώσεως
3103 5644 3422 5717 προσθήκας
3451 5641 3582 5696 ἐπι-

312 5721 581 5782 domitum
613 5728 727 5787 suis
752 5728 904 5787 illum
925 5731 1337 5793 iucitationihus
1362 5734 1415 5791 in
1440 5733 1648 5793 ordinis
1670 5747 1850 5807 pertur

2050 5739 2206 5812 ›ήσει,
2258 5736 2379 5794 οὔτε
2420 5737 2819 5812 κατεψυγμένη)
2847 5736 2936 5793 διὰ
2976 5735 3146 5801 πάθος
3177 5736 3214 5809 ἢ
3262 5735 3479 5815 χρόνον,
3507 5724 3588 5799 τὰ,
