3896 6204
263 260 375 326 tos

1584 291 1671 348 DE
1700 294 2167 355 VIRGINITATE.

3439 318 3553 378 406

253 384 510 491 ψύχοντα
537 389 631 449 καὶ
654 392 723 503 τα
754 396 1093 467 μαραίνοντα
1124 403 1409 463 πλεονάσει
1430 423 1445 439 ³
1504 408 1600 464 καὶ
1635 412 1729 466 ἐπὶ
1751 413 1845 468 τῶι

1964 418 2237 476 bationem
2269 420 2448 477 cﬂ‘erri
2478 424 2633 493 sinit,
2686 426 2783 483 sed
2831 428 2978 487 hunc
3021 430 3232 503 dirigit,
3269 433 3421 488 illum
3455 451 3544 491 re-

251 474 474 571 λοιπῶν
521 482 820 554 ποιοτήτων
866 489 1069 559 ὁμοίως
1109 494 1210 567 τῆς
1255 497 1479 571 Γραφῆς
1522 501 1820 558 ἀκούσεται
1846 519 1860 535 '

258 568 400 623 ἰνα
428 570 565 641 μήτε
583 575 611 626 ὀ
628 573 688 627 τὸ
719 575 853 632 πολὺ
885 579 1178 657 πλεονάσῃ,
1204 568 1343 658 μήτε
1371 589 1401 641 ὁ
1422 568 1484 642 τὸ
1505 589 1684 660 ὀλίγον
1703 591 1861 647 ἐλατ-

246 661 508 754 τονήσιϊ
552 664 686 718 ἀλλὰ
716 666 780 720 τὸ
807 668 867 722 ἐν
910 670 1163 746 ἐκατέρῳ
1196 661 1436 750 ἄμετρον
1480 682 1854 754 περικόπτων,

248 750 370 842 ῖῆς
391 752 482 806 τοῦ
505 754 780 824 ἐνδέοντος
806 761 1126 837 προσθήκης
1168 750 1583 842 ἐπιμελήσεται,
1620 774 1717 829 καὶ
1758 775 1855 828 ἐπ-

253 840 390 912 ίσης
411 843 508 917 τήν
533 847 620 917 ἐφ’
646 849 885 923 ἑκάτερα
907 854 1001 909 τοῦ
1026 856 1277 929 σώματος
1305 840 1606 935 ἀχρηστίαν
1622 864 1855 934 φυλάξε-

250 947 354 987 ται
375 952 391 967 ·
415 937 555 1008 μήτε
583 938 655 993 δι’
690 942 1139 1019 ὑπερϐαλλούσης
1168 950 1465 1018 εὐπαθείας
1492 954 1730 1009 ἄτακτον
1760 958 1856 1012 καὶ

250 1024 508 1120 δυσήνιον
551 1031 655 1102 τὴν
709 1034 891 1106 σάρκα
941 1038 1136 1095 ἑαυτοῦ
1191 1043 1549 1118 ἐπασκήσας,
1600 1048 1738 1120 μήτε
1766 1047 1856 1104 διὰ

249 1117 359 1209 τῆς
390 1119 633 1194 ἀμέτρου
663 1126 1036 1195 κακοπαθείας
1065 1132 1275 1206 νοσώδη
1306 1136 1401 1191 καὶ
1426 1117 1730 1209 λελυμένῆν
1758 1140 1854 1193 καὶ

234 1207 453 1268 ,ἄτονον
481 1215 620 1305 πρὸς
663 1218 765 1289 τὴν
807 1221 1114 1291 ἀναγκαίαν
1148 1226 1453 1301 ὑπηρεσίαν
1498 1207 1856 1305 παρασκευὼι

256 1316 363 1394 σας
380 1318 399 1334 ο
452 1300 612 1372 οὗτος
661 1310 692 1362 ὁ
738 1312 1077 1382 τελειότατος
1118 1322 1218 1391 τῆς
1248 1300 1594 1393 ἐγκρατείας-
1627 1326 1849 1394 σκοπὸς,

252 1392 377 1462 οὐχὶ
418 1397 558 1467 πρὸς
596 1400 698 1471 τὴν
737 1402 834 1457 τοῦ
885 1404 1137 1477 σώματος
1186 1392 1406 1480 βλέπειν
1447 1392 1846 1481 κακοπάθειαν,

254 1483 392 1538 ἀλλά
416 1488 557 1559 πρὸς
582 1492 683 1564 τὴν
712 1493 823 1549 τῶν
849 1495 1100 1568 ψυχικῶν
1123 1499 1543 1575 διακονημάτων
1573 1505 1847 1563 εὐκολίαν.

1968 510 2165 576 frenat,
2191 520 2245 569 et
2285 514 2448 569 aliunt
2481 516 2695 589 ﬂagello
2721 519 2974 591 impellit,
3001 525 3185 594 quoad
3231 540 3397 582 unam
3427 542 3549 582 om-

1964 597 2128 651 nibus
2156 597 2222 653 ad
2261 601 2591 657 currendum
2626 606 3092 676 conspirationem
3129 609 3410 667 effecerit:
3446 626 3545 667 eo-

1960 687 2084 743 dem
2110 689 2273 744 modo
2304 706 2461 746 mens
2490 702 2702 759 nostra,
2739 713 2862 768 quae
2890 701 3141 770 corporis
3189 701 3438 760 habenas
3487 702 3543 759 in

1959 790 2019 833 se
2060 778 2245 844 habet,
2269 797 2377 836 non
2407 782 2549 852 ignis
2569 786 2941 845 additamenta
2967 793 3297 863 excogitabit
3330 794 3550 859 ardori,

1957 869 2051 939 qui
2082 869 2265 926 adulta
2299 882 2460 929 aetate
2492 876 2870 936 vehementior
2901 897 3035 939 sane
3057 894 3162 947 est,
3184 899 3349 955 quam
3381 900 3545 957 opor-

1958 969 2076 1018 tet:
2106 979 2287 1034 neque
2315 966 2463 1036 quod
2493 977 2589 1023 aut
2626 977 2892 1043 tempore,
2936 981 3032 1029 aut
3065 974 3262 1032 atiectu
3315 976 3542 1033 refrixe-

1956 1054 2048 1118 rit,
2089 1056 2265 1126 magis
2310 1072 2375 1113 ea
2425 1061 2711 1130 accendet,
2760 1080 2881 1135 quae
2933 1065 3129 1137 frigida
3175 1076 3233 1125 et
3268 1070 3547 1125 exstincta

1958 1154 2129 1202 sunt:
2178 1152 2423 1219 atquein
2472 1154 2700 1224 reliquis
2742 1158 2967 1227 quidem
3022 1160 3383 1230 qualitatibus
3423 1164 3548 1233 pari-

1956 1236 2171 1293 ratione
2208 1237 2261 1293 id
2318 1240 2524 1306 audiet,
2576 1246 2722 1314 quod
2772 1245 2974 1304 divinis
3021 1250 3220 1306 litteris
3271 1253 3540 1324 scripturn

1957 1333 2082 1379 est:
2113 1324 2191 1382 Ne
2224 1329 2317 1398 qui
2348 1331 2601 1398 multum,
2640 1335 2925 1406 abundet;
2973 1339 3065 1408 qui
3103 1357 3320 1410 parum,
3356 1343 3543 1400 minus

1958 1412 2192 1472 habent:
2241 1419 2336 1475 sed
2385 1421 2534 1491 quod
2566 1424 2621 1478 in
2672 1434 2907 1496 utroque
2958 1428 3382 1487 immoderatum
3430 1440 3539 1497 est,

1954 1515 2278 1576 amputans,
2334 1525 2536 1582 augere
2584 1514 2640 1569 id
2683 1518 2938 1585 curabit,
2985 1520 3042 1576 in
3080 1536 3192 1592 quo
3224 1522 3382 1581 deest
3426 1543 3440 1581 :
3486 1535 3545 1581 et

256 1583 515 1649 corporis
562 1585 1066 1649 iucommoditatem
1115 1597 1402 1668 aequaliter
1453 1600 1510 1655 in
1559 1610 1794 1672 utroque
1847 1602 2098 1665 cavebit,
2148 1618 2216 1657 ne
2253 1605 2336 1660 vel
2375 1622 2486 1676 prae
2531 1608 2867 1667 abundantia
2911 1583 3230 1671 delicia-rum
3285 1617 3364 1673 ita
3418 1634 3541 1690 per-

258 1677 487 1732 turbata
534 1681 608 1737 sit
651 1698 801 1753 caro,
851 1695 911 1742 ut
958 1690 1071 1761 regi
1123 1707 1233 1748 non
1276 1695 1472 1765 possit,
1507 1698 1592 1753 vel
1643 1713 1754 1769 pne
1802 1698 2155 1753 immoderata
2195 1697 2543 1759 atﬂictatione
2571 1705 2713 1761 male
2737 1707 2956 1775 aﬂ‘ecta,
2992 1712 3174 1768 tenuis
3205 1719 3261 1769 et
3295 1714 3364 1769 ad
3401 1677 3551 1774 usus

264 1770 392 1823 vita:
435 1776 771 1833 necessarios
805 1778 1023 1837 inﬁrma
1057 1782 1322 1841 emciatur
1350 1806 1366 1845 :
1395 1788 1497 1844 hac
1537 1789 1747 1846 ratione
1789 1790 1922 1846 illud
1960 1790 2420 1861 perfectissimum
2444 1802 2529 1851 est
2554 1799 2906 1857 continentiae
2935 1770 3296 1875 propositum,
3337 1815 3397 1863 ut
3427 1823 3542 1867 non

268 1865 343 1921 ad
375 1870 623 1939 corporis
654 1872 1086 1946 amictationem,
1111 1880 1205 1937 sed
1236 1881 1305 1938 ad
1332 1886 1650 1942 commodas
1675 1884 1846 1955 animi
1886 1885 2204 1945 functiones
2232 1895 2463 1960 spectet.

842 1989 1099 2049 ΚΕΦΑΛ.
1138 1994 1269 2055 ΚΡ.

270 2089 390 2180 "Of;
410 2095 665 2180 ’ὁμοίωςη
687 2098 1066 2180 ἐναντιοῦται
1115 2105 1190 2180 τῇ
1228 2109 1404 2180 ψυχῇ
1437 2110 1586 2180 πρὸς
1619 2111 1732 2180 τὴν
1758 2128 1849 2167 τε·

322 2163 595 2288 ἐςὲθαέἑν,
628 2167 668 2237 ἢ
706 2186 766 2224 τε
794 2163 1298 2246 πολυσαρκίᾶκῶ
1321 2163 1848 2252 ἦᾝβὲέροξᾶωῶ-

320 2322 405 2376 Τά
438 2323 498 2377 δὲ
534 2326 659 2380 καθ’
685 2328 936 2401 ἕκαστον,
976 2334 1125 2400 ὅπως
1151 2354 1211 2392 τε
1234 2339 1342 2412 χρὴ
1376 2339 1641 2412 βιοτεύειν
1669 2341 1761 2397 τὸν
1785 2342 1846 2396 ἐν

250 2412 553 2487 Ψιλοσοφίᾳ
587 2418 757 2493 ταύτῃ
804 2422 906 2496 ζῇν
936 2427 1319 2499 προελόμενον,
1359 2431 1456 2486 καί¹
1491 2433 1613 2488 τίνα
1641 2433 1843 2503 φυλάτ-

248 2505 465 2569 τεσθαι,
492 2507 588 2564 καὶ
624 2511 766 2566 τίσιν
806 2515 1239 2590 ἐπιτηδεύμασιν
1272 2522 1466 2577 ἀσκεῖν
1499 2522 1721 2590 ἐαυτὸν,
1747 2527 1843 2594 ἐγ-

248 2599 518 2666 κρατείας
552 2602 753 2675 μέτρα,
788 2610 883 2661 καὶ
928 2608 1211 2681 διαγωγῆς
1258 2613 1481 2685 τρόπον,
1520 2615 1615 2669 κα)⁸
1666 2616 1845 2671 πάντα

374 2689 742 2748 ἐπιϐάλλοντα
776 2695 857 2768 τῷ
880 2699 1109 2772 τοιούτῳ
1143 2702 1334 2774 σκοπῷ
1372 2703 1507 2775 βίον,
1556 2705 1664 2778 ὅτῳ
1691 2706 1844 2776 φίλον

244 2774 313 2828 δι’
334 2776 627 2847 ἀκριϐείας
661 2782 876 2854 μαθεῖν,
908 2787 1015 2841 εἰσὶ
1046 2790 1147 2860 μὲν
1166 2793 1262 2845 καὶ
1295 2774 1560 2866 ἔγγραφοι
1583 2774 1839 2850 διδασκα-

245 2866 360 2922 λίαι
384 2871 563 2926 ταῦτα
589 2874 975 2933 διδάσκουσαι·
1028 2883 1391 2957 ἐνεργεστέρα
1421 2886 1478 2940 δὲ
1515 2889 1613 2959 τῆς
1645 2890 1708 2942 ἐκ
1733 2889 1842 2944 τῶν

244 2960 426 3029 λόγων
453 2964 682 3037 διδαχῆς
703 2969 739 3040 ή
766 2969 856 3024 διὰ
884 2970 992 3024 τῶν
1021 2972 1198 3045 ἔργων
1225 2977 1375 3031 ἐστὶν
1417 2978 1711 3051 ὑφήγησις·
1744 2981 1839 3036 καὶ

241 3051 477 3124 οὐδεμία
504 3056 771 3127 πρόσεστι
814 3059 1071 3116 δυσκολία
1090 3064 1170 3136 τῷ
1194 3068 1600 3139 προστάγματι,
1625 3071 1701 3135 ὼς
1729 3072 1842 3126 δεῖν

243 3142 279 3213 ἦ
306 3146 534 3216 μακρὰν
551 3148 885 3222 ὁδοιπορίαν,
902 3154 937 3225 ἢ
960 3156 1238 3213 ναυτιλίαν
1256 3159 1455 3233 πολλὴν
1480 3162 1839 3229 ὑποστάντας,

244 3236 532 3306 ἐπιτυχεῖν
560 3239 659 3293 τοῦ
690 3243 1063 3311 παιδεύοντος·
1106 3248 1221 3302 ἀλλ’
1250 3250 1418 3320 ἐγγύς
1451 3269 1546 3305 σου
1579 3254 1640 3306 τὸ
1665 3254 1837 3325 ῥῆμα,

2520 2008 2755 2095 cum
2790 2007 2990 2067 χχιιι.

1955 2118 2039 2173 Ad
2065 2121 2233 2176 animi
2263 2123 2643 2197 perfectionem,
2677 2132 2799 2197 tam“,
2827 2125 3045 2197 impedit
3087 2126 3326 2197 corporis
3361 2129 3537 2187 obesi-

2240 2202 2347 2260 tas,
2378 2211 2537 2265 quam
2564 2195 2837 2265 aﬂlictatio
2866 2195 3243 2253 immoderata.

2023 2347 2127 2415 Qui
2181 2365 2313 2406 vero
2360 2352 2720 2425 philosophia:
2764 2343 2986 2413 deditus
3033 2366 3158 2422 est,
3191 2373 3355 2428 quem
3407 2357 3536 2416 vitae

1954 2452 2178 2494 cursum
2209 2441 2262 2495 in
2292 2441 2524 2513 singulis
2548 2444 2712 2502 rebus
2735 2453 2923 2502 tenere
2953 2461 3077 2502 eum
3103 2456 3372 2517 oporteat,
3397 2456 3455 2504 et
3476 2449 3532 2504 in

1952 2529 2154 2599 quibus
2185 2533 2414 2598 versari,
2461 2542 2516 2590 et
2557 2549 2682 2605 qum
2727 2551 2947 2605 cavere,
2990 2546 3047 2594 et
3074 2538 3148 2593 ad
3191 2554 3314 2609 quae
3350 2540 3534 2597 studia

1954 2622 2196 2676 animum
2246 2625 2574 2696 adjungere,
2622 2643 2812 2699 quaeve
2865 2629 2937 2686 sit
2970 2629 3326 2688 continentia
3368 2632 3531 2699 ratio,

1953 2713 2048 2784 qui
2090 2712 2399 2785 disciplinr
2441 2716 2661 2785 modus,
2709 2719 2806 2790 qui
2865 2719 3105 2791 denique
3146 2723 3273 2775 vitae
3316 2736 3533 2779 cursus

1951 2805 2153 2870 omnis,
2184 2807 2276 2877 qui
2306 2811 2373 2862 ad
2415 2810 2518 2865 hoc
2541 2812 2887 2883 propositum
2930 2820 3176 2884 spectat,
3222 2813 3534 2887 cuicunque

1950 2907 2166 2967 gratum
2196 2908 2281 2954 est
2304 2898 2595 2971 diligenter
2617 2917 2975 2975 cognoscere,
3007 2911 3279 2976 praecepta
3307 2905 3532 2977 quidem

1952 2990 2123 3043 multa
2176 2990 2374 3048 litteris
2425 2994 2743 3066 consignata
2793 3004 2945 3059 sunt,
3003 2996 3207 3068 quibus
3254 2996 3372 3053 haec
3413 2997 3543 3069 ipsa

1949 3079 2242 3136 traduntur
2272 3100 2287 3137 :
2323 3082 2419 3139 sed
2448 3084 2717 3140 minorem
2748 3086 2860 3141 vim
2893 3085 3061 3142 habet
3100 3086 3194 3142 illa
3230 3096 3533 3159 praecepto-

1948 3186 2071 3226 rum
2122 3173 2436 3242 explicatio,
2487 3190 2612 3245 quae
2650 3176 2835 3234 verbis
2887 3179 3114 3249 potius,
3156 3194 3323 3251 quam
3369 3180 3532 3240 factis

1949 3264 2377 3331 demonstratur,
2406 3267 2667 3339 nullaque
2696 3268 2775 3323 rei
2802 3267 3107 3339 .diﬂicultas
3139 3270 3303 3335 inest,
3349 3280 3411 3327 ut
3435 3284 3532 3329 aut

247 3329 417 3398 φησιν
444 3332 474 3383 ό
521 3330 882 3400 ’Δπόστολοςο
917 3338 1028 3393 ἀπὸ
1068 3342 1168 3412 τῆς
1199 3342 1385 3409 ἑστίας
1428 3346 1461 3416 ή
1510 3344 1702 3418 χάρις·
1755 3348 1842 3401 ἐν-

1953 3359 2304 3429 longinquum
2350 3358 2493 3426 iter,
2545 3365 2640 3414 aut
2689 3359 2918 3415 multam
2973 3361 3379 3432 navigationem
3427 3380 3531 3425 nos

248 3419 427 3474 use:
453 3421 518 3476 τὸ
537 3423 651 3479 τῶν
673 3425 896 3495 ἀγαθῶν
924 3431 1312 3504 ἐργαστήριον,
1351 3437 1410 3489 ἐν
1445 3429 1491 3505 ᾧ
1520 3436 1580 3490 τὸ
1604 3438 1843 3508 ἀκρότα-

252 3526 341 3566 τον
364 3513 467 3585 τῆς
487 3515 780 3588 ἀκριϐείας
804 3523 836 3575 ὁ
860 3523 1100 3587 τοιοῦτος
1124 3524 1237 3596 βίος
1263 3527 1472 3601 προῖὼν
1501 3529 1843 3603 ἐκκεκάθαρ-

248 3620 337 3658 ται
359 3623 377 3635 ·
411 3608 507 3660 καὶ
530 3608 697 3683 πολλή
721 3613 870 3667 ἐστιν
889 3613 1108 3679 ἐξουσία
1129 3619 1223 3674 καὶ
1250 3617 1581 3675 σιωπώντων
1606 3623 1841 3677 ἐνταῦθα

249 3696 343 3751 καὶ
371 3697 765 3782 φθεγγομένων
788 3703 889 3775 τὴν
917 3704 1169 3777 οὐράνιον
1206 3708 1410 3782 ταύτην
1442 3711 1717 3767 πολιτείαν
1754 3713 1843 3767 διὰ

245 3789 356 3842 τῶν
404 3788 588 3860 ἔργων
628 3776 976 3851 διδάσκεσθαι
988 3776 1012 3829 θ’
1065 3799 1190 3853 ἐπεὶ
1234 3801 1329 3855 καὶ
1366 3776 1487 3867 *πᾶς
1519 3802 1678 3873 λόγος
1716 3804 1841 3875 δίχα

254 3881 364 3934 τῶν
408 3881 593 3953 ἔργων
624 3884 1029 3959 θεωρούμενος,
1060 3890 1167 3947 κᾶν
1192 3892 1275 3946 ὅτι
1302 3893 1538 3965 μάλιστα
1561 3896 1841 3950 κεκαλλω-

252 3977 528 4048 πισμένας
559 3977 711 4052 τύχῃ,
757 3983 930 4038 εἰκόνι
958 3984 1137 4040 ἔοικεν
1160 3986 1374 4061 ἀψύχῳ,
1417 3992 1475 4045 ἐν
1516 3990 1717 4062 βαφαῖς
1743 3994 1840 4047 καὶ

249 4067 551 4142 χρώμασιν
590 4073 786 4147 εὐανθῆ
825 4093 947 4133 τινα
991 4083 1317 4153 χαρακτῆρα
1363 4084 1793 4159 προδεικνυούσῃ
1818 4105 1832 4119 .

242 4164 277 4216 ὁ
301 4164 356 4216 δὲ
382 4163 563 4217 ποιιῖιν
596 4166 691 4219 καὶ⁵
712 4167 1004 4235 διδάσκων,
1053 4171 1236 4236 καθώς
1262 4173 1366 4227 πού
1396 4192 1529 4247 φησι
1562 4177 1624 4230 τὸ
1655 4178 1839 4250 Εὐαγ-

243 4263 449 4329 γέλιον,
467 4258 625 4329 οὗτος
642 4264 859 4335 ἀληθῶς
880 4265 991 4331 ζῶν
1015 4270 1164 4325 ἐστιν
1192 4271 1500 4344 ἄνθρωπος,
1518 4276 1613 4329 καὶ
1638 4274 1839 4348 ὡραῖος

1945 3449 2131 3505 subire
2168 3454 2443 3519 oporteat,
2492 3455 2554 3503 ut
2600 3457 2989 3521 praeceptorem
3032 3449 3310 3523 hujusque
3355 3452 3530 3510 disci-

1943 3540 2105 3610 plinae
2139 3539 2458 3611 magistrum
2488 3555 2872 3611 assequamur,
2905 3540 2999 3598 sed
3023 3556 3191 3614 prope
3214 3549 3268 3599 te
3299 3544 3529 3606 verbum

1938 3639 2046 3694 est,
2074 3631 2254 3702 inquit
2282 3632 2579 3704 Apostolus
2602 3633 2670 3697 ",
2695 3641 2751 3689 et
2794 3633 2849 3688 in
2878 3634 3133 3704 praesenti
3178 3634 3379 3706 gratia.
3414 3634 3529 3691 [ioc

1944 3720 2065 3778 loco
2093 3722 2356 3777 virtutum
2388 3721 2611 3778 ofﬁcina
2643 3732 2745 3791 est,
2778 3723 2836 3778 in
2883 3739 2993 3795 qua
3044 3724 3363 3796 huiusmodi
3411 3726 3528 3783 vita

1943 3812 2010 3867 ad
2056 3828 2325 3868 summam
2401 3816 2697 3887 quamdam
2765 3815 3137 3888 integritatem
3188 3833 3533 3891 progressa,

1941 3903 2198 3960 sordibus
2227 3915 2459 3978 purgata
2488 3915 2593 3962 est.
2630 3906 2801 3963 Multa
2826 3910 2990 3965 etiam
3023 3909 3128 3966 hoc
3150 3910 3272 3966 loco
3300 3925 3424 3967 cum
3454 3912 3537 3969 iis

1940 3999 2032 4067 qui
2068 4008 2270 4065 tacent,
2299 4009 2416 4056 tum
2446 4001 2581 4067 illis,
2627 4003 2721 4073 qui
2755 4003 3081 4074 loquuntur,
3127 4005 3408 4077 proposita
3437 4015 3526 4061 est

1939 4087 2199 4157 facultas,
2238 4098 2299 4145 ut
2322 4106 2394 4146 ex
2430 4089 2591 4148 factis
2631 4092 2767 4164 ipsis
2802 4093 3019 4149 ctelesti
3058 4093 3164 4150 hoc
3191 4095 3318 4151 vitae
3361 4094 3527 4150 insti-

1941 4191 2061 4239 tuto
2086 4183 2439 4252 erudiuntur,
2472 4184 2737 4255 quoniam
2764 4185 2944 4241 oratio
2962 4186 3166 4252 omnis,
3203 4201 3325 4257 qua:
3354 4186 3529 4241 nultis

1939 4274 2098 4330 factis
2132 4274 2419 4344 perspicua
2465 4280 2570 4339 est,
2616 4274 2720 4329 etsi
2768 4283 2990 4342 ornatu;
3012 4274 3182 4329 multo
3226 4275 3528 4346 perpolita,

240 4352 576 4423 νξικάλλει,
635 4356 732 4408 καὶ
777 4358 1035 4429 ἐνεργὸς,
1078 4364 1175 4418 καὶ
1228 4365 1565 4437 κινούμενος.
1624 4367 1837 4423 Ούκοῦν

1953 4368 2005 4423 ιιι
2058 4366 2371 4424 inanimatae
2417 4366 2672 4437 imaginis
2721 4365 3146 4424 similitudinem
3197 4382 3378 4439 prope
3423 4383 3525 4425 ac-

240 4445 421 4517 τούτῳ
465 4453 899 4526 προσφοιτητέον
947 4456 1066 4509 ἐστὶ
1108 4453 1204 4509 τὸν
1257 4455 1520 4527 μέλλοντα
1565 4458 1709 4512 κατά
1743 4458 1836 4514 τὸν

1953 4460 2140 4526 :essit,
2195 4459 2650 4532 lineamentisque
2698 4467 2755 4518 et
2808 4459 3097 4518 coloribus
3123 4461 3285 4532 quasi
3321 4461 3522 4518 ﬂoren-

234 4535 477 4607 ἐροῦντα
517 4541 678 4611 λόγον
720 4544 824 4617 τῆς
858 4545 1158 4619 παρθενίας
1181 4546 1504 4612 ἀνθέξεσθαι
1534 4564 1550 4580 ο
1584 4549 1833 4625 καθάπερ

1953 4562 2049 4607 Lem
2103 4551 2345 4622 aliquam
2400 4550 2633 4608 fortnam
2685 4566 2798 4623 pra:
2827 4567 2890 4609 se
2935 4549 3094 4609 feret.
3128 4551 3397 4625 Namque
3422 4552 3517 4625 qui

236 4631 348 4702 γὰρ
380 4633 413 4685 ό
439 4635 629 4708 φωνὴν
667 4635 856 4704 ἔθνους
888 4639 1033 4705 τινὸς
1066 4639 1326 4711 ἐκμαθεῖν
1358 4641 1831 4716 προθυμούμενος,

1953 4641 2071 4699 iacit
2119 4653 2174 4700 et
2206 4644 2399 4710 docet,
2434 4654 2494 4700 ut
2523 4644 2761 4716 quodam
2795 4646 2918 4703 loco
2942 4654 3030 4704 est
3058 4646 3113 4703 in
3143 4642 3514 4719 Evangelia“,

236 4722 337 4822 vi:
376 4723 533 4779 ἔστιν
573 4722 859 4803 αὒτάρκης
892 4731 1072 4804 ἐαυτῷ
1116 4732 1433 4798 διδάσκαλος
1452 4775 1467 4802 ,
1514 4735 1650 4791 ἀλλὰ
1683 4737 1835 4812 παρά

1953 4737 2029 4793 ιὶο
2092 4752 2221 4794 vere
2263 4739 2426 4793 homo
2468 4746 2523 4795 et
2568 4739 2976 4811 pulchritudine
3022 4738 3275 4811 insignis.
3327 4740 3517 4809 Itaque
3564 4826 3573 4835 .

235 4810 348 4863 τῶν
376 4814 763 4887 ἐπισταμένων
808 4818 1146 4887 παιδεύεται,
1176 4821 1273 4874 καὶ
1304 4819 1451 4875 οὕτω
1478 4821 1691 4891 γίνεται
1719 4810 1833 4889 τοῖς

1953 4827 2029 4883 nic
2059 4827 2110 4883 ei
2146 4810 2581 4900 frequentandus
2603 4837 2708 4895 est,
2734 4829 2853 4899 qui,
2883 4840 2944 4884 ut
2968 4810 3161 4884 litteras
3190 4828 3513 4898 loquuntur.

234 4903 645 4974 ἀλλογλώσσοις
681 4910 985 4983 ὁμόφωνος.
1038 4912 1227 4978 Οὕτως
1268 4908 1421 4985 οἴμαι
1456 4915 1551 4968 καὶ
1581 4914 1677 4969 τοῦ
1709 4915 1829 4987 βίου

1953 4922 2307 4994 virginitatem
2339 4923 2413 4979 sit
2460 4920 2927 4993 apprehensurus.
2968 4917 3042 4975 Ut
3083 4919 3230 4977 enim
3263 4920 3358 4992 qui
3414 4920 3516 4976 ali-

232 4997 437 5051 τούτου
458 5000 692 5072 μὴκατά
706 5003 807 5076 τὴν
823 5004 1148 5060 ἀκολουθίαν
1166 5006 1448 5078 προϊόντος
1470 5006 1568 5078 τῆς
1593 5006 1829 5077 φύσεως,

1953 5014 2096 5085 :ujus
2125 5014 2367 5070 nationis
2395 5029 2703 5071 sermonem
2736 5013 2952 5071 discere
2995 5014 3255 5080 instituit,
3286 5012 3515 5069 minime

229 5088 360 5142 ἀλλ’
398 5091 819 5166 ἀπεξενωμένου
856 5100 923 5171 τῇ
954 5098 1236 5169 καινότητι
1277 5098 1381 5170 τῆς
1412 5099 1715 5173 διαγωγῆς,
1753 5104 1829 5176 μὴ

1953 5123 2037 5178 per
2058 5122 2118 5164 se
2153 5107 2290 5164 satis
2318 5115 2425 5172 est,
2461 5114 2574 5162 uta
2608 5121 2668 5162 se
2695 5106 2813 5177 ipse
2845 5106 3152 5171 erudiatur,
3189 5104 3286 5163 sed
3318 5104 3389 5160 ab
3414 5104 3510 5168 iis,

224 5179 421 5246 ἄλλως
442 5183 566 5237 τινὰ
596 5185 789 5257 μαθεῖν
822 5188 921 5263 τήν
965 5188 1277 5262 ἀκρίϐειαν,
1307 5190 1342 5263 ἢ
1378 5191 1531 5264 παρά
1561 5191 1656 5247 τοῦ
1687 5181 1833 5248 ’κατ-

1953 5202 2032 5271 ιιιί
2061 5198 2210 5255 illius
2239 5199 2513 5256 sermonis
2560 5200 2722 5271 periti
2772 5209 2900 5257 sunt
2950 5199 3300 5265 instituitur,
3343 5205 3513 5267 atque

222 5273 565 5346 ωρθωκάτος
594 5281 1107 5353 χειραγωγούμενον
1124 5296 1142 5314 ’
1170 5282 1269 5337 καὶ
1295 5283 1364 5338 τά
1392 5283 1528 5340 ἄλλα
1557 5284 1616 5340 δὲ
1649 5286 1832 5344 πάντα

1953 5306 2042 5346 ιοο
2070 5298 2235 5361 pacto
2268 5290 2420 5345 brevi
2444 5306 2509 5346 ex
2542 5288 2801 5347 audiendi
2827 5288 3228 5347 consuetudine
3254 5301 3512 5359 progres-

220 5369 338 5421 ὅσα
376 5368 525 5424 κατὰ
558 5372 650 5426 τὸν
684 5372 797 5444 βίον
829 5375 1246 5449 ἐπιτηδεύομεν,
1292 5377 1495 5449 μᾶλλον
1547 5380 1829 5453 κατορθω-

1953 5396 2054 5448 tus,
2116 5380 2392 5453 peregrini
2441 5381 2714 5438 sermonis
2765 5381 3041 5454 particeps
3085 5377 3365 5437 efﬁcitur:
3422 5376 3509 5435 sic

222 5459 360 5530 θείη
392 5459 475 5531 τῷ
519 5463 787 5533 μετιόντι,
834 5468 885 5521 εί
917 5467 1072 5540 παρά
1095 5467 1438 5536 διδασκάλοις
1481 5487 1566 5535 τις
1594 5472 1826 5529 ἑκάστου

1953 5474 2159 5546 ipinor.
2182 5472 2228 5529 si
2254 5472 2376 5529 hac
2403 5472 2516 5528 vita
2566 5487 2678 5529 non
2726 5482 2938 5530 natura:
2988 5472 3076 5530 via
3124 5467 3504 5544 progreditur,

220 5552 345 5606 νῦν
399 5553 849 5629 σπουδαζομένων
889 5559 1124 5633 ἐκμάθοι
1176 5561 1276 5636 τὴν
1321 5562 1661 5637 ἐπιστήμην,
1710 5565 1823 5639 ﬂet

1953 5565 2031 5624 sed
2065 5577 2208 5623 noro
2236 5564 2478 5638 quodam
2519 5563 2772 5623 instituto
2813 5564 3054 5633 aberrat,
3090 5576 3212 5623 eam
3261 5560 3507 5636 perfecte

308 5728 358 5763 ⁸³
393 5727 559 5787 Rom.
586 5747 643 5799 κ,
679 5732 731 5789 8.
811 5734 856 5767 ¹⁶
885 5732 1078 5794 Matth.
1127 5751 1178 5813 v,
1227 5740 1310 5800 ιο.
