3896 6204
341 279 447 338 407
1561 278 1619 336 δ.
1676 275 2002 334 GREGORII
2051 273 2350 331 NYSSENI
3470 267 3588 324 608

347 412 374 447 τι
426 392 640 446 nemine
684 407 845 462 posse
905 392 1128 463 percipi,
1184 390 1290 448 nisi
1337 391 1548 462 Optimo
1596 390 1713 446 viro
1765 389 1904 446 duce

2011 389 2099 458 ἀφ’
2131 386 2327 442 ἐαυτοῦ
2365 385 2774 457 κατεπιχειροίη
2818 382 2915 438 τοῦ
2961 383 3320 454 πράγματος⁸
3369 380 3430 435 οὐ
3469 383 3577 453 γὰρ

347 492 564 540 utatur:
601 493 764 555 atque
811 484 917 538 alia
969 485 1174 548 omnia,
1229 498 1568 554 qurecunque
1611 482 1741 536 huic
1784 482 1908 536 vitae

343 575 522 628 studia
553 575 832 644 proposita
873 583 1022 639 sunt,
1066 575 1269 630 rectius
1299 575 1367 630 ab
1400 589 1466 629 eo
1495 573 1905 643 perficerentur,

347 668 436 735 qui
469 667 576 722 illis
596 668 813 723 deditus
850 675 955 733 est,
991 668 1038 723 si
1086 683 1116 721 a
1157 667 1476 723 doctoribus
1518 665 1907 736 magistrisque

348 757 630 812 scientiam
665 758 881 814 illarum
909 773 1088 812 rerum
1112 758 1435 828 perciperet,
1468 770 1699 825 quarum
1728 753 1909 810 studio

343 859 600 913 tenetur,
655 864 818 919 quam
867 850 914 904 si
959 866 1055 920 per
1099 864 1158 904 se
1209 849 1276 902 ad
1329 863 1442 903 rem
1497 846 1903 918 aggrederetur.

345 937 460 994 Non
494 941 638 995 enim
669 940 1021 1011 perspicuum
1051 949 1135 995 est
1166 938 1474 994 institutum
1511 937 1677 1002 istud,
1721 937 1802 993 sic
1846 945 1908 991 ut

343 1047 571 1088 necesse
608 1033 681 1086 sit
715 1032 982 1103 judicium
1013 1047 1201 1087 eorum
1245 1045 1367 1100 qua:
1413 1031 1468 1084 in
1499 1046 1614 1085 rem
1658 1039 1908 1083 nostram

345 1131 526 1185 futura
556 1136 704 1195 sunt,
747 1129 907 1184 nobis
943 1128 1293 1198 permittere:
1337 1124 1776 1196 quandoquidem
1822 1138 1910 1178 re-

344 1239 464 1277 rum
491 1226 800 1294 ignotarum
832 1222 1221 1292 experientiam
1272 1227 1484 1274 tentare
1523 1217 1770 1287 periculo
1799 1231 1908 1270 non

333 1318 509 1372 ’τίη-ει.
539 1313 1007 1382 Quemadmodum
1043 1314 1188 1367 enim
1217 1311 1547 1366 medicinam
1575 1310 1727 1379 prius
1754 1308 1908 1362 inco-

341 1409 545 1478 gnitam
577 1425 644 1464 ex
675 1425 776 1464 usu
807 1423 988 1464 rerum
1022 1405 1272 1461 homines
1299 1405 1644 1467 invenerunt,
1676 1400 1910 1471 quibus-

339 1501 577 1570 damque
607 1498 1082 1556 observationibus
1114 1497 1234 1564 ejus
1267 1501 1539 1565 praecepta
1575 1493 1722 1547 brevi
1755 1499 1909 1560 pate-

340 1595 610 1656 fecerunt,
634 1601 692 1646 ut
716 1606 838 1646 cum
867 1603 1073 1652 rerum,
1106 1602 1334 1657 quarum
1367 1584 1669 1655 periculum
1703 1582 1907 1636 factum

341 1696 443 1752 est,
481 1685 734 1754 exemplo
765 1689 912 1738 esset
936 1681 1215 1751 cognitum
1254 1677 1382 1748 quid
1411 1675 1718 1747 prodesset,
1748 1671 1909 1742 quid-

2009 480 2236 552 ἐναργές
2265 479 2381 533 ἐστι
2410 478 2470 532 τὸ
2500 477 2833 548 ἐπιτήδευμα
2858 476 3038 540 τοῦτο,
3080 475 3224 528 ὥστε
3257 475 3380 528 κατ’
3406 473 3575 541 ἀνάγ-

2008 590 2111 644 κην
2151 573 2360 634 ἑαυτοῖς
2393 570 2709 640 ἐπιτρέπειν
2745 569 2854 621 τῶν
2882 567 3303 621 λυσιτελούντων
3332 566 3430 637 τὴν
3459 566 3579 637 κρί-

2011 679 2092 716 σιν
2115 679 2129 692 °
2159 662 2246 715 ὅτε
2269 661 2332 733 δὴ
2361 662 2455 715 και)⁸
2478 661 2539 714 τὺ
2565 661 2910 731 κατατολμᾷν
2945 659 3044 730 τῆς
3067 659 3174 711 τῶν
3199 658 3582 728 ἀγνοουμένων

2010 753 2203 825 πείρας
2223 753 2322 806 ούκ
2338 752 2442 817 ἔξω
2464 752 2710 806 κινδύνου
2737 750 3081 804 καθίσταται.
3106 749 3372 820 Καθάπερ
3397 749 3454 803 δὲ
3478 751 3584 821 τὴν

2012 844 2258 914 ἰατρικὴν
2286 843 2548 915 πρότερον
2591 841 2960 912 ἀγνοουμένην
2999 841 3088 894 διὰ
3116 841 3217 910 τῆς
3260 841 3454 911 πείρας
3489 839 3583 906 ἐξ·-

2009 934 2166 1004 εῦρον
2201 936 2249 987 οί
2277 933 2572 1005 ἄνθρωποι,
2619 930 3050 1004 παρατηρήμασί
3095 948 3204 984 τισι
3251 931 3371 984 κατ’
3399 930 3586 998 ὀλίγον

2011 1023 2462 1094 ὲκκαλυφθεῖσαν,
2489 1023 2630 1076 ὥστε
2656 1023 2752 1076 καὶ
2780 1023 2841 1077 τὸ
2866 1021 3110 1091 ὠφελοῦν
3136 1024 3230 1076 καὶ
3253 1023 3316 1075 τὸ
3341 1022 3582 1092 βλάπτον

2007 1115 2097 1169 διὰ
2136 1117 2238 1186 τῆς
2268 1115 2376 1169 τῶν
2417 1115 2832 1186 πεπειραμένων
2878 1113 3182 1186 μαρτυρίας
3223 1115 3578 1181 ἐπιγνωσθὲν,

2007 1207 2180 1270 οὕτως
2206 1207 2286 1269 είς
2327 1205 2418 1259 τὸν
2443 1206 2541 1276 τῆς
2572 1205 2766 1276 τέχνης
2799 1205 2956 1274 λόγον
2999 1204 3440 1276 παραληφθῆναι,
3483 1205 3582 1257 καὶ

2009 1298 2373 1370 παράγγελμα
2405 1297 2541 1367 πρὸς
2572 1298 2634 1350 τὸ
2683 1296 2875 1368 μέλλον
2915 1296 2977 1350 τὸ
3029 1295 3419 1367 παρατηρηθέν
3467 1297 3584 1358 τοῖς

2011 1390 2340 1463 προλαϐοῦσι
2358 1388 2598 1459 γίνεσθαι
2621 1405 2634 1420 '
2667 1388 2763 1442 νῦν
2785 1388 2842 1441 δὲ
2866 1389 2894 1440 6
2932 1386 3066 1456 πρὸς
3093 1388 3192 1459 τὴν
3227 1387 3422 1458 τέχνην
3450 1386 3585 1441 ταύ-

2007 1497 2107 1550 την
2139 1479 2507 1542 ἐσπουδακὼς,
2553 1479 2652 1532 οὐκ
2697 1478 2810 1548 ἔχει
2842 1477 3085 1547 ἀνάγκην
3129 1480 3196 1548 τῇ
3231 1477 3353 1531 καθ’
3389 1478 3584 1532 ἐαυτὸν

2008 1571 2174 1642 πείρα
2200 1566 2574 1638 διαγινώσκειν
2605 1566 2711 1620 τῶν
2741 1568 3046 1637 φαρμάκων
3075 1565 3173 1637 τὴν
3197 1566 3444 1636 δύναμιν,
3471 1568 3582 1619 εἴτε

2007 1660 2346 1732 δηλητήριον,
2366 1658 2475 1712 εἴτε
2504 1656 2840 1729 ἀλεξιτήριόν
2862 1657 2913 1710 τί
2938 1658 3084 1710 ἐστιν
3104 1675 3118 1688 ο
3156 1657 3294 1710 ἀλλά
3321 1657 3387 1710 τὰ
3413 1660 3586 1725 ἐγνω-

339 1795 405 1833 ve
430 1785 675 1842 noceret,
715 1775 770 1829 id
809 1774 912 1828 hoc
952 1772 1113 1826 modo
1147 1771 1202 1824 in
1247 1769 1382 1823 artis
1431 1767 1698 1821 rationem
1746 1765 1904 1820 reda-

2011 1750 2180 1820 σμένα
2212 1751 2342 1822 παρ’
2370 1749 2570 1821 ἐτέρων
2601 1748 2806 1820 μαθὼν,
2828 1748 2989 1812 αὐτὸς
3018 1749 3115 1819 τὴν
3131 1749 3326 1821 τέχνην
3363 1749 3588 1822 κατώρ-

339 1877 486 1922 ctum
523 1868 633 1932 sit,
667 1863 884 1935 quodve
910 1877 940 1916 a
967 1861 1265 1929 majoribus
1293 1874 1355 1914 ea
1389 1857 1457 1912 de
1485 1873 1544 1912 re
1577 1863 1907 1927 praeceptum

341 1962 465 2025 fuit,
500 1958 550 2013 id
580 1959 651 2013 sit
676 1964 865 2028 postea
894 1955 1184 2025 diligenter
1209 1952 1578 2014 observatum,
1604 1963 1753 2003 nunc
1780 1963 1910 2003 vero

340 2053 432 2120 qui
465 2051 528 2104 ad
563 2051 704 2104 hanc
742 2054 916 2102 artem
946 2061 1005 2101 se
1037 2045 1288 2108 contulit,
1333 2058 1441 2098 non
1482 2056 1707 2097 necesse
1749 2039 1911 2095 habet

340 2159 442 2198 suo
493 2141 736 2212 periculo
803 2136 1326 2192 medicamentorum
1384 2134 1491 2188 vim
1556 2145 1908 2203 cognoscere,

340 2247 471 2286 num
499 2244 770 2285 venenum
796 2228 888 2290 sit,
924 2242 992 2280 an
1025 2225 1348 2289 remedium,
1382 2223 1477 2280 sed
1517 2223 1766 2292 cognitas
1819 2235 1910 2276 res

339 2337 463 2378 cum
494 2321 562 2376 ab
591 2321 700 2374 alio
730 2319 929 2382 discat,
964 2319 1082 2388 ipse
1130 2316 1380 2373 medendi
1411 2329 1639 2370 munere
1668 2314 1911 2385 perfecte

339 2415 632 2484 fungetur:
665 2411 778 2481 pari
814 2411 1025 2464 ratione
1053 2409 1121 2465 de
1158 2410 1467 2463 animorum
1501 2406 1772 2462 medicina
1819 2406 1909 2460 di-

338 2507 569 2561 cendum
598 2513 703 2559 est.
739 2503 863 2557 Haec
897 2510 1082 2557 autem
1133 2500 1482 2572 philosophia
1529 2508 1638 2565 est,
1687 2515 1752 2554 ex
1804 2513 1912 2568 qua

338 2597 520 2650 omnis
549 2595 877 2658 affectionis,
927 2610 1048 2664 quae
1082 2595 1323 2648 animum
1375 2593 1617 2662 attingit,
1671 2591 1912 2647 curatio-

339 2703 464 2740 nem
501 2686 885 2756 cognovimus.
939 2683 1060 2738 Non
1111 2697 1336 2738 necesse
1381 2683 1550 2753 igitur
1582 2690 1686 2746 est,
1725 2681 1912 2750 conje-

339 2777 514 2830 eturis
549 2775 879 2844 quihusdam
926 2782 1091 2844 atque
1134 2773 1695 2828 commentationibus
1730 2773 1911 2828 scien-

339 2870 471 2921 tiam
504 2868 782 2938 persequi,
813 2867 909 2922 sed
950 2865 1280 2938 cognitionis
1318 2865 1440 2934 ejus
1474 2865 1708 2921 facultas
1742 2864 1912 2918 multa

341 2961 396 3013 in
455 2975 520 3013 eo
570 2967 696 3025 est,
747 2960 840 3030 qui
897 2959 1156 3013 diuturna
1224 2957 1460 3012 multave
1516 2957 1913 3014 consuetudine

339 3051 573 3120 adeptus
598 3059 683 3103 est
722 3049 991 3105 habitum.
1033 3045 1350 3102 Periculosa
1384 3055 1467 3101 est
1500 3046 1645 3101 enim
1671 3047 1910 3116 plerum—

338 3157 446 3208 que
470 3141 556 3196 vel
584 3141 640 3194 in
693 3139 840 3194 omni
893 3138 1113 3209 negotio
1160 3137 1519 3192 consiliorum
1571 3136 1909 3191 moderatrix

340 3233 715 3289 adolescentia
744 3272 759 3297 ,
791 3246 972 3301 neque
1035 3229 1195 3284 facile
1228 3230 1502 3301 quispiam
1561 3227 1769 3300 aliquid
1817 3243 1910 3283 ea-

319 3342 460 3388 .ruin
506 3339 690 3379 rerum
739 3337 860 3393 qua:
890 3321 1072 3378 studio
1103 3321 1279 3391 digna:
1311 3331 1462 3386 sunt,
1525 3328 1674 3375 recte
1725 3319 1795 3374 ab
1845 3333 1911 3373 eo

338 3417 544 3471 factum
579 3416 868 3486 comperit,
895 3430 925 3468 a
956 3431 1065 3485 quo
1103 3429 1212 3470 non
1249 3423 1336 3469 est
1374 3399 1634 3469 senectus
1677 3413 1731 3466 in
1778 3427 1912 3466 con-

339 3509 447 3563 silii
479 3508 797 3563 societatem
829 3507 1072 3561 adhibita
1101 3526 1114 3561 :
1151 3514 1358 3576 quanto
1389 3505 1537 3562 enim
1569 3504 1716 3576 quod
1751 3504 1911 3559 nobis

341 3599 676 3668 propositum
709 3607 813 3662 est,
846 3597 1074 3666 reliquis
1104 3597 1304 3652 studiis
1353 3597 1574 3668 gravius
1624 3595 1913 3666 majusque

340 3697 603 3759 apparet,
657 3696 810 3743 tanto
856 3688 1177 3758 diligentius
1223 3702 1323 3742 nos
1369 3687 1671 3758 periculum
1719 3700 1913 3741 cavere

340 3781 622 3834 debemus.
665 3779 799 3833 Nam
834 3779 1201 3835 adolescentia
1223 3779 1468 3849 quidem,
1491 3795 1614 3850 qua:
1641 3793 1750 3832 non
1777 3794 1912 3832 con-

341 3871 467 3924 silio
506 3871 744 3941 regitur,
796 3872 849 3925 in
907 3871 1136 3940 reliquis
1188 3872 1355 3925 rebus
1411 3877 1506 3924 aut
1557 3869 1912 3924 facultatibus

341 3963 456 4015 suis
501 3961 758 4015 damnum
822 3963 1178 4032 importavit,
1231 3971 1325 4016 aut
1370 3961 1554 4030 aliquo
1625 3961 1914 4015 mundanae

342 4054 522 4110 laudis
553 4055 848 4123 splendore
892 4063 986 4109 aut
1016 4054 1285 4124 dignitate
1315 4054 1546 4123 spoliata
1581 4061 1702 4108 cst:
1736 4053 1791 4106 in
1811 4052 1914 4107 hac

340 4161 469 4200 vero
495 4146 798 4217 cupiditate
837 4161 1034 4218 magna
1069 4146 1164 4200 illa
1195 4145 1415 4216 quidem
1461 4160 1526 4201 ac
1564 4143 1772 4208 divina,
1803 4160 1912 4199 non

341 4240 588 4308 pecuniae
622 4240 676 4291 in
728 4238 1032 4308 periculum
1067 4238 1319 4302 veniunt,
1381 4251 1490 4292 non
1526 4236 1698 4308 gloria
1747 4251 1911 4290 mun—

338 4334 501 4395 dana,
535 4333 699 4388 unius
730 4331 837 4387 diei
876 4333 1054 4401 spatio
1079 4330 1362 4396 deficiens,
1394 4345 1503 4386 non
1527 4331 1648 4385 alia:
1680 4329 1913 4399 denique

2010 1841 2151 1895 θωσε
2171 1857 2185 1872 ο
2205 1841 2294 1895 τὸν
2325 1841 2485 1895 αὑτὸν
2506 1841 2707 1914 τρόπον
2736 1842 2827 1895 καὶ
2850 1843 2948 1913 τῆς
2973 1841 3080 1895 τῶν
3101 1842 3286 1912 ψυχῶν
3310 1843 3585 1912 ἰατρικῆς,

2008 1927 2108 2006 τῆς
2129 1935 2444 2005 φιλοσοφίας
2462 1934 2625 2004 λέγω,
2639 1935 2705 1988 δι’
2723 1930 2791 2006 ἦς
2811 1934 3010 1999 παντὸς
3029 1934 3235 1999 πάθους
3249 1933 3343 1988 τοῦ
3367 1935 3466 2004 τῆς
3482 1934 3590 2003 ψυ-

2009 2028 2114 2099 χῆς
2143 2027 2448 2099 ἁπτομένου
2479 2027 2575 2099 τὴν
2598 2027 2893 2098 θεραπείαν
2927 2027 3287 2098 μανθάνομεν,
3311 2027 3411 2080 οὑκ
3431 2027 3590 2080 ἔστιν

2009 2120 2225 2191 ἀνάγκη
2257 2121 2582 2190 στοχασμοῖς
2612 2134 2719 2171 τισι
2759 2119 2852 2172 καὶ
2895 2119 3171 2182 ὑπονοίαις
3211 2119 3450 2190 μετιέναι
3482 2118 3589 2190 τὴν

2009 2213 2340 2283 ἐπιστήμην,
2387 2210 2500 2264 ἀλλ’
2529 2212 2745 2278 ἐξουσία
2791 2211 2960 2282 πολλὴ
2991 2211 3090 2283 τῆς
3117 2210 3402 2282 μαθήσεως
3432 2213 3590 2282 παρὰ

2009 2304 2104 2358 τοῦ
2132 2304 2221 2358 διὰ
2247 2306 2461 2375 μακρᾶς
2494 2322 2553 2358 τε
2597 2305 2692 2358 καὶ
2724 2304 2925 2376 πολλῆς
2948 2304 3048 2374 τῆς
3078 2305 3271 2376 πείρας
3302 2303 3588 2376 κτησαμέ-

2011 2416 2102 2453 νου
2125 2399 2223 2469 τὴν
2248 2399 2382 2465 ἕξιν.
2429 2399 2586 2452 Ἔστι
2618 2398 2717 2468 μέν
2757 2397 2864 2470 γὰρ
2887 2399 2962 2462 ώς
3005 2398 3098 2450 ἐπὶ
3127 2398 3186 2450 τὸ
3209 2397 3342 2451 πολὺ
3368 2399 3458 2450 καὶ
3486 2398 3590 2450 ἐπὶ

2011 2490 2212 2553 παντὸς
2243 2491 2566 2562 πράγματος
2594 2489 2894 2561 σύμϐουλος
2943 2481 2985 2561 ἦ
3017 2489 3226 2560 νεότης,
3269 2489 3362 2542 καὶ
3392 2488 3491 2541 οὐκ
3514 2487 3589 2541 ἄν

2009 2600 2093 2646 τις
2111 2581 2261 2654 εὖροι
2283 2582 2480 2654 ῥᾳδίως
2501 2581 2932 2653 κατωρθωμένον
2945 2599 2998 2635 τι
3019 2581 3126 2636 τῶν
3149 2581 3381 2651 σπουδῆς
3394 2581 3588 2646 ἀξίων,

2011 2667 2056 2742 ᾧ
2085 2673 2160 2744 μὴ
2189 2673 2348 2726 πολιὰ
2374 2674 2810 2745 συμπαρελήφθη
2841 2673 2975 2745 πρὸς
2993 2673 3274 2728 κοινωνίαν
3289 2673 3384 2726 τοῦ
3414 2673 3589 2742 σκέμ-

2015 2782 2210 2835 ματος·
2239 2765 2350 2836 ὅσῳ
2385 2765 2441 2818 δέ
2477 2765 2659 2836 μεῖζον
2688 2766 2793 2819 τῶν
2840 2766 3040 2820 λοιπῶν
3077 2766 3518 2838 ἐπιτηδευμάτων
3555 2767 3590 2818 6

2012 2858 2369 2929 προκείμενος
2414 2860 2528 2922 τοῖς
2572 2859 2846 2931 μετιοῦσιν
2889 2861 3006 2913 ἐστι
3057 2858 3288 2923 σκοπὸς,
3347 2857 3590 2927 τοσούτῳ

2013 2953 2106 3007 καὶ
2156 2952 2355 3023 μᾶλλον
2395 2953 2718 3024 προνοητέον
2760 2954 2890 3024 ἡμῖν
2933 2953 3032 3022 τῆς
3072 2952 3372 3022 ἀσφαλείας
3414 2953 3585 3008 ἐστίν.

2025 3043 2148 3101 Ἐπὶ
2181 3043 2282 3112 μέν
2327 3045 2435 3114 γὰρ
2468 3044 2575 3097 τῶν
2605 3043 2806 3102 λοιπῶν
2845 3045 2878 3114 ή
2911 3045 3100 3116 νεότης
3144 3045 3203 3098 οὐ
3244 3044 3386 3099 κατά
3427 3044 3588 3113 λόγον

2011 3133 2354 3206 διοικουμένῃ
2391 3137 2471 3198 είς
2517 3137 2777 3206 χρήματα
2811 3136 3026 3200 πάντως
3057 3137 3156 3208 τὴν
3195 3136 3398 3209 ζημίαν
3422 3139 3590 3208 ἠνεγ-

2011 3244 2127 3292 κεν,
2161 3229 2195 3298 ἡ
2226 3245 2368 3292 τινος
2393 3229 2664 3300 κοσμικῆς
2691 3232 3061 3302 περιφανείας,
3093 3231 3126 3302 ἢ
3158 3233 3250 3284 καὶ
3275 3231 3589 3302 ἀξιώματος

2011 3321 2264 3376 ἐκπεσεῖν
2295 3322 2710 3394 κατηνάγκασεν
2733 3339 2747 3354 ·
2779 3325 2871 3376 ἐπὶ
2901 3323 2957 3377 δὲ
2988 3325 3087 3395 τῆς
3121 3324 3362 3396 μεγάλης
3399 3341 3457 3376 τε
3487 3325 3591 3377 καὶ

2013 3411 2224 3483 ὑψηλῆς
2253 3411 2455 3482 ταύτης
2483 3413 2796 3484 ἐπιθυμίας,
2830 3414 2892 3466 ού
2914 3416 3167 3486 χρήματα
3193 3413 3256 3467 τὸ
3281 3414 3594 3469 κινδυνευό-

2015 3501 2172 3571 μενόν
2203 3505 2370 3569 ἐστιν,
2423 3503 2538 3557 οὐδὲ
2569 3503 2698 3568 δόξα
2743 3504 2981 3575 κοσμικὴ
3012 3506 3106 3558 καὶ⁸
3143 3505 3440 3576 ἐφήμερος,
3471 3505 3589 3559 οὐδ’

2012 3593 2140 3648 ἄλλο
2166 3611 2220 3647 τι
2244 3595 2352 3649 τῶν
2372 3595 2570 3660 ἔξωθεν
2602 3597 2732 3667 ἡμῖν
2765 3597 3183 3669 παρεπομένων,
3215 3591 3290 3651 ὧν
3315 3599 3410 3652 καὶ
3439 3597 3592 3652 κατὰ

2011 3686 2256 3757 γνώμην,
2309 3689 2416 3740 και
2442 3689 2517 3751 ώς
2569 3690 2768 3760 ἑτέρως
2820 3689 3200 3760 διοικουμένων
3247 3690 3421 3759 ὀλίγος
3466 3692 3592 3754 τοῖς

2015 3777 2384 3848 σωφρονοῦσιν
2411 3781 2439 3832 6
2468 3779 2649 3849 λόγος’
2681 3781 2794 3834 ἀλλ’
2824 3782 2990 3852 αὐτῆς
3025 3781 3262 3836 ἅπτεται
3280 3784 3379 3854 τῆς
3402 3781 3588 3852 ψυχῆς

2014 3871 2046 3940 ἡ
2076 3871 2319 3934 ἀϐουλία,
2346 3873 2440 3926 καὶ
2462 3874 2490 3926 ὁ
2509 3873 2752 3936 κίνδυνος
2779 3873 2880 3941 τῆς
2899 3873 3154 3945 τοιαύτης
3189 3873 3390 3946 ζημίας
3409 3874 3585 3940 ἐστὶν,

2012 3963 2073 4015 ού
2103 3962 2164 4015 τὸ
2196 3963 2322 4017 ἀλλο
2345 3981 2396 4017 τι
2424 3966 2784 4042 ζημιωθῆναι,
2815 3959 2876 4020 οῦ
2914 3967 3075 4037 τυχὸν
3109 3969 3203 4021 καὶ
3231 3967 3423 4037 δυνατὴ
3450 3967 3586 4034 φαί-

2013 4070 2163 4107 νεται
2189 4055 2223 4120 ὴ
2269 4055 2628 4125 ἐπανάληψις,
2673 4057 2808 4112 ἀλλά
2847 4056 2928 4120 τὸ,
2957 4058 3118 4111 αὐτὸν
3161 4059 3449 4112 ἀπολέσθαι
3485 4059 3590 4112 καὶ

2015 4145 2358 4215 ζημιωθῆναι
2401 4147 2501 4218 τὴν
2546 4147 2722 4219 ψυχήν
2765 4148 2864 4220 τήν
2898 4149 3054 4205 ἰδίαν.
3128 4151 3185 4204 '0
3214 4150 3310 4220 μὲν
3350 4149 3457 4220 γὰρ
3481 4150 3588 4222 τὴν

2015 4237 2275 4308 πατρῴαν
2308 4239 2696 4304 καταναλώσας
2731 4241 2939 4306 οὐσίαν,
2974 4243 3076 4295 οὐκ
3105 4243 3394 4307 ἀπελπίζει
3423 4244 3590 4314 τυχὸν

2017 4330 2282 4392 ἐπινοίαις
2330 4330 2438 4383 τισὶ
2487 4331 2651 4385 πάλιν
2697 4333 2791 4386 ἐπὶ
2821 4333 2942 4405 ιτὴν
2991 4334 3223 4405 ἀρχαίαν
3269 4335 3589 4390 ἐπανελθεῖν

340 4421 465 4476 ullae
511 4436 624 4485 res,
681 4437 802 4490 qua:
853 4421 1075 4475 aliunde
1126 4436 1229 4476 nos
1274 4429 1732 4490 consequuntur:
1773 4433 1908 4488 quas

2016 4419 2308 4491 εὐπορίαν,
2351 4420 2456 4484 ἕως
2499 4421 2565 4474 ἂν
2598 4423 2654 4475 ἐν
2685 4424 2797 4485 τοῖς
2830 4421 2995 4486 ζῶσιν
3143 4425 3171 4476 6
3209 4423 3268 4476 δὲ
3306 4423 3408 4493 τῆς
3436 4423 3590 4495 ζωῆς

337 4515 558 4586 quidem
595 4529 685 4568 res
713 4527 815 4582 ego
847 4527 983 4568 sane
1024 4512 1290 4581 despicio,
1317 4512 1681 4581 exiguamque
1712 4511 1908 4566 harum

337 4619 598 4678 tanquam
620 4607 964 4660 extrinsecus
982 4605 1315 4660 venientium
1341 4604 1612 4658 rationem
1641 4603 1910 4657 moderati

336 4715 402 4754 ac
433 4703 803 4767 temperantes
852 4695 1104 4751 homines
1147 4695 1396 4750 habent:
1441 4694 1538 4750 sed
1580 4695 1795 4750 consilii
1827 4704 1909 4750 te-

335 4792 561 4845 meritas
613 4789 792 4858 ipsum
835 4788 1076 4842 animum
1130 4797 1481 4842 commovet:
1534 4795 1700 4857 atque
1743 4785 1907 4857 hujus

337 4881 650 4935 detrimenti
704 4880 1008 4948 perieulum
1051 4887 1170 4944 est,
1227 4893 1339 4932 non
1397 4878 1546 4933 illius
1585 4894 1739 4942 sane,
1797 4893 1907 4949 quo

337 4987 461 5025 cum
493 4972 619 5040 quis
652 4970 904 5035 aﬂicitur,
942 4971 1177 5026 fortasse
1221 4969 1337 5024 fieri
1376 4985 1539 5040 posse
1582 4970 1816 5035 videtur,
1849 4976 1911 5024 ut

350 5063 486 5119 illud
527 5064 704 5133 ipSunt
739 5065 1020 5128 resarciat,
1071 5063 1166 5117 sed
1197 5063 1326 5117 illud
1371 5063 1590 5133 quidem
1611 5103 1625 5128 ,
1658 5071 1717 5117 ut
1749 5079 1818 5118 ne
1849 5077 1908 5118 se

335 5157 514 5227 ipsum
543 5157 666 5225 quis
695 5157 906 5225 perdat,
938 5169 1101 5224 atque
1130 5156 1328 5210 animae
1357 5171 1469 5212 sua:
1496 5156 1755 5210 damnum
1791 5155 1895 5209 im-

337 5257 531 5316 pnrtet.
583 5248 684 5313 Qui
737 5251 883 5302 enim
935 5249 1112 5318 patria
1165 5249 1308 5303 bona
1359 5248 1742 5317 consumpsit.
1794 5262 1904 5302 non

336 5340 572 5394 fortasse
595 5340 868 5410 desperat,
905 5340 1145 5410 quandiu
1189 5340 1244 5395 in
1287 5341 1394 5395 vita
1432 5349 1537 5403 est,
1574 5339 1904 5410 quibusdam

333 5430 597 5487 adhibitis
642 5432 1113 5503 eOgit-ationibus,
1161 5448 1222 5488 se
1274 5431 1340 5486 ad
1397 5432 1659 5501 pristinas
1707 5446 1902 5486 rursus

337 5536 496 5589 posse
526 5525 814 5593 pervenire
838 5523 1107 5579 bonorum
1151 5524 1379 5594 c0pias:
1421 5524 1515 5593 qui
1557 5537 1688 5579 vero
1733 5537 1764 5576 a
1793 5523 1906 5578 vita

336 5612 453 5678 ipsa
481 5614 702 5682 cecidit,
734 5631 950 5671 omnem
997 5617 1162 5672 simul
1208 5632 1359 5686 spem
1409 5615 1600 5685 abjicit
1638 5630 1800 5685 posse
1845 5631 1903 5672 se

334 5701 402 5757 ad
432 5705 653 5782 meliora
686 5705 884 5764 redire.
916 5707 1124 5780 itaque,
1147 5708 1407 5778 quoniam
1441 5706 1820 5764 adoiescentes
1849 5715 1904 5764 et

2017 4511 2218 4582 ταύτης
2246 4511 2512 4578 ἐκπεσὼν,
2544 4515 2722 4568 πᾶσαν
2743 4514 2932 4569 ἐλπίδα
2960 4516 3056 4588 τῆς
3089 4517 3222 4588 πρὸς
3249 4515 3311 4568 τὸ
3339 4519 3589 4587 κρεῖττον

2019 4601 2321 4672 μεταὸολῆς
2351 4603 2747 4676 συναφῄρηται.
2780 4605 2990 4661 Οὐκοῦν
3017 4607 3204 4678 ἐπειδὴ
3233 4607 3344 4661 νέοι
3377 4607 3457 4662 ἐτι
3489 4609 3590 4662 καὶ

2015 4693 2224 4756 ἀτελεῖς
2252 4693 2348 4766 τὴν
2389 4694 2624 4749 διάνοιαν
2669 4698 2718 4750 οἱ
2751 4697 2937 4751 πολλοὶ
2964 4698 3063 4769 τῆς
3109 4697 3406 4769 παρθενίας
3432 4700 3584 4753 ἀντι-

2013 4785 2400 4856 λαμϐάνονται,
2431 4785 2590 4840 τοῦτο
2620 4788 2726 4858 πρὸ
2757 4790 2970 4843 πάντων
3000 4790 3181 4854 αὐτοῖς
3205 4790 3588 4862 ἐπιτηδευτέον

2013 4877 2079 4934 ἂν
2110 4877 2219 4948 εἴη,
2253 4878 2313 4931 τὸ
2338 4877 2570 4950 ζητῆσαι
2603 4879 2702 4950 τῆς
2721 4880 2842 4934 ὁδοῦ
2867 4880 3068 4952 ταύτης
3095 4882 3507 4954 καθηγούμενόν
3529 4901 3585 4937 τε

2013 4972 2109 5024 καὶ
2143 4970 2462 5025 διδάσκαλον
2488 4973 2714 5041 ἀγαθὸν,
2751 4976 2826 5046 μή
2866 4992 2968 5028 που
2999 4975 3087 5029 διά
3110 4975 3206 5047 τὴν
3235 4977 3459 5056 ἀγνοιαν
3488 4979 3584 5048 τήν

2011 5055 2176 5114 οὖσαν
2209 5063 2266 5116 ἐν
2308 5061 2525 5130 αὐτοῖς,
2552 5063 2766 5127 ἀνοδίας
2807 5063 2960 5128 τινὰς
2993 5067 3089 5119 καὶ
3135 5066 3340 5129 πλάνας
3370 5068 3586 5130 ἐαυτοίς

2011 5153 2119 5207 ἀπὸ
2150 5153 2248 5224 τῆς
2296 5154 2510 5218 εὐθείας
2545 5156 3035 5226 καινοτομήσωσιν.
3095 5157 3316 5225 Ἀγαθοὶ
3352 5158 3466 5230 γὰρ
3495 5159 3586 5212 δύο

2010 5246 2151 5318 ὑπὲρ
2201 5246 2291 5299 τὸν
2320 5247 2436 5312 ἐνα,
2486 5248 2648 5318 φησὶν
2681 5249 2710 5300 6
2761 5247 3187 5320 Ἐκκλησιαστής
3211 5265 3226 5280 °
3267 5249 3584 5318 εὐκαταγώ-

2014 5355 2192 5402 νιστος
2235 5337 2292 5391 δέ
2320 5341 2348 5392 ό
2396 5333 2476 5401 εἷς
2513 5338 2590 5409 τῷ
2623 5339 2802 5410 ἐχθρῷ
2834 5339 2912 5410 τῷ
2952 5341 3093 5395 κατά
3132 5340 3230 5405 τὰς
3262 5340 3412 5406 θείας
3433 5343 3585 5405 ὀδοὺς

2014 5430 2346 5502 ἐνεδρεύοντι
2369 5445 2383 5458 ⁶
2418 5433 2510 5486 καὶ
2535 5432 2703 5496 ὅντως
2737 5452 2755 5484 ι
2784 5433 2920 5486 Ούαὶ
2947 5431 3025 5503 τῷ
3049 5435 3127 5488 ἐνὶ
3149 5435 3276 5488 ὅταν
3309 5433 3472 5507 πέσῃ,
3500 5435 3586 5488 ὅτι

2013 5523 2112 5576 οὐκ
2144 5523 2256 5594 ἔχει
2283 5525 2373 5577 τὸν
2403 5523 2754 5594 ἀνορθοῦντα.
2787 5543 2805 5576 ι
2844 5525 2984 5594 Ἤδη
3014 5525 3122 5597 γάρ
3146 5543 3289 5590 τινες
3312 5528 3458 5597 ὀνρμῇ
3486 5526 3588 5596 μὲν

2011 5614 2160 5686 δεξιᾷ
2182 5616 2316 5686 πρδς
2336 5615 2432 5686 τὴν
2456 5613 2550 5670 τοῦ
2572 5616 2771 5686 σεμνοῦ
2797 5616 2909 5688 βίου
2938 5618 3234 5689 ἐπιθυμίαν
3257 5619 3580 5689 ἐχρήσαντο·

2009 5711 2083 5775 ὡς
2109 5710 2162 5765 δὲ
2193 5709 2326 5781 ὁμοῦ
2350 5709 2425 5780 τῷ
2462 5709 2813 5785 προελέσθαι,
2866 5710 2958 5768 καὶ
2997 5710 3096 5782 τῆς
3130 5711 3459 5781 τελειότητος
3485 5711 3586 5779 ἐφ-
