3896 6204
262 265 354 322 809

1564 280 1653 337 DE
1682 281 2144 353 VIRGINITATE.

3421 300 3528 359 UO

252 385 544 455 αψὰμενοι,
573 384 747 456 ἑτέρῳ
792 385 1048 458 πτώματι
1096 389 1184 446 διὰ
1225 391 1321 446 τοῦ
1360 395 1528 464 τύφου
1557 397 1830 453 ύπεσκελί-

1955 410 2135 456 mente
2173 402 2389 460 inﬁrma
2423 405 2670 476 plerique
2699 423 2758 463 se
2800 407 2868 464 ad
2910 410 3243 491 virginitatis
3287 414 3528 471 studium

247 475 490 547 σθησαν,
531 477 620 532 διά
650 495 794 542 τινος
835 481 1261 549 φρενοϐλαϐείας
1309 486 1536 551 ἑαυτοὺς
1569 489 1841 562 ἐξαπατή-

245 584 454 632 σαντες
502 572 677 622 ὲκείνο
725 572 978 642 ἡγεῖσθαι
1029 574 1230 642 καλὸν,
1311 577 1396 646 ἐφ’
1449 579 1588 651 ὅπερ
1659 581 1840 635 αὐτῶν

243 661 273 730 i;
333 660 550 714 διάνοια
602 661 759 733 {tam
829 664 924 716 Ἐκ
985 663 1192 718 τούτων
1249 667 1388 720 εἰσὶν
1434 671 1482 722 oi
1545 670 1698 742 παρά
1739 672 1840 741 τῆς

239 751 454 820 σοφίας
495 754 892 823 ὀνομασθέντες
939 757 1164 826 ἀεργοὶ,
1222 761 1270 812 oi
1318 759 1416 824 τάς
1468 761 1619 825 ὁδοὺς
1658 763 1838 816 αὐτῶν

239 841 520 904 ἀκάνθαις
550 842 894 913 στρώσαντες
919 861 932 875 ·
981 847 1031 898 οἰ
1062 845 1268 918 βλάϐην
1299 849 1590 920 ἡγούμενοι
1615 853 1712 922 τῆς
1731 853 1838 922 ψυ-

241 934 352 1002 χῆς
378 931 475 1002 τὴν
516 934 648 1004 περὶ
698 933 764 988 τά
804 934 942 1006 ἔργα
983 936 1092 990 τῶν
1135 937 1363 993 ἐντολῶν
1399 941 1709 1013 προθυμίαν
1735 961 1750 976 ο
1785 946 1836 999 οἱ

246 1025 753 1096 παραγραψάμενοι
791 1028 892 1090 τάς
925 1029 1292 1094 ἀποστολικάς
1321 1034 1707 1102 παραινέσεις,
1739 1037 1837 1090 καὶ

247 1115 327 1186 μὴ
367 1117 459 1170 τὸν
505 1117 634 1170 [διον
679 1118 845 1187 ἄρτον
883 1120 1236 1191 εὐσχημόνως
1265 1123 1557 1190 ἐσθίοντες,
1590 1125 1728 1179 ἀλλά
1757 1125 1837 1198 τῷ

243 1205 518 1278 ἀλλοτρίῳ
561 1209 1034 1278 προστετηκότες,
1081 1212 1276 1283 τέχνην
1329 1213 1446 1284 βίου
1491 1217 1590 1286 τὴν
1635 1218 1836 1288 ἀργίαν

244 1297 561 1367 τηιούμενοι
586 1315 600 1328 ο
661 1299 912 1353 ἐντεῦθεν
945 1303 993 1354 oi
1020 1303 1395 1370 éwmzaotal,
1421 1306 1470 1358 οἱ
1501 1307 1598 1368 τὰς
1626 1309 1689 1360 ἐκ
1729 1308 1835 1360 τῶν

242 1386 471 1459 ὀνείρων
515 1389 737 1453 ἀπάτας
780 1392 1103 1463 πιστοτέρας
1142 1392 1250 1446 τῶν
1285 1395 1655 1463 εὐαγγελικῶν
1689 1397 1834 1450 διδα-

245 1480 475 1549 γμάτων
507 1480 840 1552 ποιούμενοι,
871 1483 966 1536 καὶ
999 1484 1374 1553 ἀποκαλύψεις
1396 1487 1494 1550 τάς
1534 1487 1833 1555 φαντασίας

245 1574 747 1644 προσαγορεύοντες
773 1574 916 1642 (ἀπὸ
947 1575 1150 1628 τούτων
1174 1578 1310 1629 είσὶν
1335 1579 1384 1631 οἱ
1416 1579 1722 1643 ὲνδύνοντες
1752 1582 1834 1644 είς

246 1667 577 1737 τάςοίκίας)·
599 1670 692 1722 καὶ
712 1669 874 1724 πάλιν
887 1669 1103 1724 ἄλλοιοί
1126 1670 1186 1722 τὸ
1203 1669 1427 1740 άμικτόν
1442 1688 1500 1723 τε
1520 1672 1611 1723 καὶ
1632 1671 1832 1742 θηριῶ-

1943 494 2258 558 conferunt,
2293 498 2428 552 illud
2460 500 2513 553 in
2547 499 2742 569 primis
2796 502 3046 560 studiose
3090 506 3172 561 eis
3223 505 3527 563 curandum

1941 593 2045 648 est,
2081 595 2138 639 ιιι
2166 591 2434 657 optimum
2473 591 2640 665 hujus
2682 593 2807 648 vita:
2845 595 3040 650 ducem
3089 612 3153 651 ac
3201 599 3526 669 magistrum

1941 689 2212 748 quzerant,
2246 697 2313 736 ne
2345 685 2568 752 quando
2605 694 2830 756 propter
2862 703 3044 742 rerum
3096 690 3524 760 ignorationem,

1939 786 2061 840 qua:
2091 772 2144 825 in
2173 773 2281 828 illis
2309 782 2416 836 est,
2463 783 2816 833 transversas
2849 779 3116 848 quasdam
3149 782 3253 836 sibi
3288 784 3405 838 vias
3438 793 3526 836 at-

1938 877 2044 930 que
2079 877 2109 915 a
2140 872 2288 918 recta
2342 865 2662 923 aberrantes
2713 869 2987 924 muniant.
3033 869 3169 929 Boni
3220 873 3364 926 enim
3405 873 3520 928 duo

1939 968 2105 1021 supra
2138 970 2331 1016 unum,
2361 955 2537 1024 inquit
2574 955 2936 1014 Ecclesiastes
2963 979 2977 1014 :
3036 961 3195 1015 facile
3227 978 3356 1016 vero
3403 963 3524 1017 vin-

1937 1043 2081 1095 citur
2121 1059 2263 1098 unus
2289 1043 2360 1098 ab
2385 1046 2727 1113 adversario,
2771 1049 2862 1118 qui
2904 1049 2995 1104 Dei
3039 1053 3127 1104 via
3177 1067 3403 1106 cursum
3441 1061 3524 1107 te-

1936 1141 2029 1187 net
2056 1153 2069 1188 :
2101 1149 2270 1203 reque
2305 1151 2431 1190 vera
2462 1154 2479 1185 ι
2512 1134 2600 1191 Vae
2631 1139 2757 1200 soli,
2799 1139 3022 1208 quando
3051 1141 3220 1205 cadit,
3261 1143 3523 1212 quoniam

1936 1239 2042 1278 non
2079 1225 2258 1290 habet,
2294 1226 2387 1296 qui
2421 1243 2542 1281 eum
2579 1230 2752 1299 erigat
2779 1232 2844 1285 ”.
2885 1251 2905 1282 ι
2929 1230 3048 1286 Jam
3085 1234 3229 1287 enim
3276 1237 3523 1291 nonnulli

1935 1315 2001 1368 ad
2053 1316 2236 1383 gravis
2271 1317 2392 1370 vita:
2431 1320 2786 1388 cupiditatem
2842 1324 3101 1379 laudabili
3152 1328 3358 1394 impetu
3406 1328 3524 1380 ala-

1933 1407 2104 1461 criter
2138 1409 2222 1463 usi
2258 1417 2408 1474 sunt,
2441 1420 2493 1464 et
2524 1411 2628 1464 hoc
2663 1413 2894 1467 consilio
2922 1416 3085 1470 simul
3124 1417 3520 1486 perfectionem

1934 1501 2196 1562 assecuti,
2221 1517 2287 1556 ex
2329 1503 2587 1572 superbia
2617 1505 2791 1559 altero
2822 1506 2977 1575 lapsu
3012 1507 3064 1561 in
3089 1514 3293 1562 terram
3321 1510 3518 1576 dejecti

1933 1599 2080 1647 sunt.
2126 1605 2250 1643 cum
2299 1591 2400 1660 ipsi
2436 1593 2708 1648 dementia
2756 1611 2854 1649 sua
2895 1597 3131 1666 decepti,
3172 1598 3306 1652 illud
3358 1608 3522 1668 puta-

1933 1679 2110 1732 verint
2142 1679 2464 1746 honestum,
2509 1681 2576 1734 ad
2611 1683 2756 1752 quod
2799 1699 2990 1738 eorum
3039 1701 3195 1740 mens
3246 1696 3516 1758 vergeret.

249 1759 340 1821 δες
367 1760 569 1830 ἀρετὴν
601 1761 923 1829 νομίζοντες,
955 1761 1074 1814 οὐδὲ
1097 1761 1198 1832 τῆς
1227 1762 1609 1833 μακροθυμίας
1636 1780 1694 1815 τε
1733 1763 1829 1816 καὶ

1935 1768 2007 1822 Ex
2037 1771 2120 1824 his
2159 1772 2236 1825 illi
2271 1782 2424 1836 sunt,
2461 1776 2551 1846 qni
2581 1749 2719 1844 pigri
2752 1784 2918 1844 atque
2952 1777 3158 1833 inertes
3191 1749 3442 1835 homines
3487 1797 3519 1834 a

251 1853 750 1923 ταπεινοφροσύνης
789 1855 880 1908 τὸν
921 1855 1132 1926 καρπὸν
1181 1854 1555 1924 ἐπιστάμενοι.
1618 1853 1718 1906 Καὶ
1748 1855 1831 1917 τίς

254 1941 326 1994 ἂν
359 1941 612 2006 διεξέλθοι
649 1944 824 1998 πάντα
870 1944 938 1997 τά
976 1943 1203 1998 τοιαῦτα
1262 1943 1564 2013 πτώματα,
1607 1944 1688 2005 είς
1729 1943 1830 1996 ὅσα

255 2035 565 2104 ἐκφέρεται,
596 2035 674 2106 τῷ
706 2035 783 2106 μὴ
812 2035 987 2089 θέλειν
1014 2038 1129 2100 τοῖς
1161 2034 1302 2089 κατά
1323 2035 1454 2088 Θεὸν
1485 2031 1832 2104 εὐδοκιμοῦσι

254 2125 684 2196 προστίθεσθαι;
745 2128 840 2181 Ἐκ
881 2127 1086 2182 τούτων
1121 2127 1228 2198 γὰρ
1275 2126 1519 2196 ἔγνωμεν
1566 2125 1660 2179 καὶ
1702 2124 1832 2188 τοὺς

246 2215 324 2286 τῷ
342 2216 488 2288 λιμῷ
516 2217 678 2288 μέχρι
706 2216 936 2272 θανάτου
959 2216 1448 2288 ἐγκαρτεροῦντας,
1473 2215 1548 2278 ὼς
1574 2214 1668 2268 τοῦ
1693 2211 1830 2270 Θεοῦ

241 2312 362 2373 ταῖς
398 2309 679 2373 τοιαύταις
721 2309 1188 2381 εὐαρεστουμένου
1236 2307 1483 2372 θυσίαις’
1526 2308 1618 2360 καὶ
1667 2307 1830 2360 πάλιν

240 2401 435 2465 ἄλλους
467 2402 534 2454 ὲκ
555 2401 847 2471 διαμέτρου
885 2401 1020 2471 πρὸς
1057 2400 1119 2454 τὸ
1147 2400 1388 2454 ἐναντίον
1417 2401 1830 2470 ἁποστατήσαν-

237 2511 338 2556 τις
360 2511 375 2524 ο
423 2492 476 2546 οἶ
505 2491 697 2562 μέχρις
741 2492 1001 2562 ὀνόματος
1036 2492 1136 2561 τὴν
1162 2492 1406 2561 ἀγαμίαν
1443 2489 1830 2560 ἐπιτηδεύσανο

237 2600 349 2647 τες,
383 2583 542 2638 οὐδὲν
569 2583 885 2654 διαφέρουσι
925 2583 1019 2636 τοῦ
1056 2582 1236 2636 κοινοῦ
1272 2582 1386 2652 βίου
1415 2599 1430 2614 ·
1478 2581 1538 2634 ού
1575 2580 1736 2650 μόνον
1759 2583 1826 2651 τῇ

236 2675 441 2746 γαστρὶ
491 2674 564 2726 τὰ
594 2673 731 2744 πρὸς
759 2673 951 2744 ἡδονὴν
997 2673 1382 2744 χαριζόμενοι,
1443 2671 1580 2726 ἀλλά
1612 2671 1829 2740 γυναιξὶ

237 2766 383 2819 κατά
419 2765 484 2818 τὸ
516 2765 754 2836 φανερὸν
796 2764 1190 2828 συνοικοῦντες,
1237 2765 1332 2818 καὶ
1363 2757 1695 2834 ἀδελφότητα
1727 2763 1828 2834 τὴν

234 2856 500 2928 τοιαύτην
538 2857 843 2927 συμϐίωσιν
874 2857 1250 2928 ὀνομάζοντες,
1289 2857 1364 2920 ὡς
1393 2855 1457 2926 δὴ
1485 2857 1584 2928 τὴν
1610 2856 1745 2927 πρὸς
1768 2853 1829 2910 τὸ

235 2955 422 3023 χεῖρον
445 2951 702 3004 ὑπόνοιαν
723 2949 950 3020 ὀνόματι
971 2949 1282 3020 σεμνοτέρῳ
1306 2947 1826 3021 περικαλύπτοντες.

235 3044 316 3096 Δι’
363 3037 440 3097 ὧν
490 3042 586 3095 καὶ
636 3041 844 3111 σφόδρα
885 3040 947 3093 τὸ
978 3040 1167 3110 σεμνὸν
1213 3039 1370 3112 τοῦτο
1448 3042 1542 3093 καὶ
1589 3040 1829 3112 καθαρὸν

235 3136 583 3206 ἐπιτήδευμα
611 3133 1010 3204 βλασφημεῖται
1037 3131 1188 3202 παρά
1211 3131 1320 3184 τῶν
1351 3129 1567 3194 ἔξωθεν,

1941 1860 2216 1932 Sapientia
2244 1866 2423 1919 vocati
2457 1875 2586 1920 sunt
2615 1885 2627 1920 :
2657 1868 2752 1937 qui
2784 1884 2914 1923 suas
2948 1870 3067 1924 vias
3101 1871 3278 1939 spinis
3309 1879 3522 1926 strave-

1937 1962 2108 2021 runt;
2140 1955 2231 2024 qui
2270 1956 2416 2010 illam
2451 1957 2518 2010 ad
2553 1958 2934 2012 mandatorum
2973 1957 3066 2014 Dei
3095 1975 3261 2029 opera
3293 1976 3523 2032 propen-

1937 2044 2169 2109 sionem,
2235 2047 2430 2100 animae
2479 2049 2868 2104 existimarunt
2920 2050 3359 2118 detrimentum;
3425 2052 3520 2121 qui

1937 2137 2310 2204 apostolorum
2355 2149 2622 2207 praecepta
2671 2140 3108 2210 traditionesque
3156 2141 3518 2212 abrogarunt,

1935 2241 2038 2281 nec
2067 2243 2168 2282 suo
2193 2242 2333 2297 pane
2367 2229 2592 2286 honeste
2625 2242 2957 2296 vescuntur,
2997 2231 3092 2287 sed
3151 2232 3221 2286 ad
3275 2233 3518 2288 alienum

1937 2318 2246 2383 intendunt,
2279 2337 2401 2374 cum
2433 2321 2651 2376 vivendi
2673 2330 2844 2377 artem
2873 2322 2928 2376 in
2951 2322 3164 2378 desidia
3192 2323 3521 2394 ignaviaque

1938 2417 2185 2479 ponant:
2219 2412 2364 2466 unde
2412 2415 2778 2469 somniatores
2824 2421 2975 2477 sunt,
3023 2414 3116 2484 qui
3173 2416 3517 2470 somniorum

1934 2496 2284 2567 deceptiones
2333 2495 2728 2568 probabiliores
2777 2501 3023 2570 faciunt,
3071 2519 3234 2574 quam
3283 2518 3520 2575 evange-

1935 2587 2040 2641 lica
2089 2599 2386 2660 praecepta,
2440 2593 2912 2661 revelationesque
2959 2596 3175 2664 species
3225 2609 3409 2649 rerum
3459 2596 3517 2650 in

1935 2683 2148 2736 somnis
2178 2681 2391 2738 oblatas
2420 2691 2649 2753 putant:
2677 2684 2745 2737 ab
2775 2683 2860 2739 his
2892 2685 3166 2739 exsistunt
3199 2685 3292 2754 qui
3323 2685 3520 2740 domos

1935 2768 2362 2838 ingrediuntur:
2401 2787 2709 2842 rursusque
2739 2772 2830 2825 alii
2867 2773 2958 2840 qui
3012 2773 3306 2826 immanem
3341 2782 3393 2825 et
3434 2770 3515 2825 fe-

1933 2875 2050 2914 ram
2084 2861 2340 2916 virtutem
2371 2863 2690 2932 Opinantur,
2724 2863 3151 2932 dilectionisque
3185 2871 3516 2933 prarceptum

1933 2951 2205 3023 ignorant,
2237 2968 2413 3023 neque
2455 2953 2846 3018 beneﬁcentiae,
2891 2970 3069 3024 neque
3123 2954 3293 3008 animi
3328 2952 3518 3006 mode-

1932 3044 2050 3098 stiae
2091 3045 2332 3098 fructum
2370 3053 2730 3115 cognoscunt.
2762 3046 2832 3099 At
2866 3062 3000 3101 sane
3029 3046 3156 3116 quis
3193 3060 3386 3100 omnes
3414 3043 3519 3098 bu—

1933 3133 2177 3202 jusmodi
2230 3150 2394 3190 casus
2460 3137 2954 3207 prolapsionesque
3006 3146 3394 3206 percurreret,
3458 3135 3516 3188 in

236 3246 380 3300 quos
409 3229 615 3299 aliquis
652 3229 848 3295 fertur,
881 3243 1006 3283 cum
1041 3225 1108 3280 ad
1137 3241 1233 3280 eos
1262 3241 1321 3281 se
1351 3225 1604 3279 conferre
1635 3234 1872 3291 recusat,
1912 3228 2002 3297 qui
2040 3227 2150 3282 Deo
2186 3229 2395 3296 probati
2431 3229 2602 3284 sunt?
2629 3229 2998 3299 Cognovimus
3026 3230 3170 3284 enim
3200 3245 3301 3284 nos
3332 3244 3398 3283 ex
3431 3227 3518 3283 his

238 3323 556 3387 nonnullos,
585 3321 681 3392 qui
715 3321 909 3374 famem
932 3334 1105 3390 usque
1133 3317 1200 3371 ad
1238 3318 1447 3372 obitum
1484 3317 1753 3387 patienter
1785 3318 2052 3382 tulerunt,
2090 3319 2247 3388 quasi
2275 3320 2359 3374 his
2381 3322 2668 3375 sacriﬁciis
2707 3322 2954 3390 placetur
2990 3321 3170 3375 Deus:
3206 3336 3516 3389 rursusque

240 3415 398 3478 alios,
447 3415 541 3484 qui
575 3413 735 3483 quasi
762 3428 792 3466 e
830 3414 1053 3483 regione
1100 3409 1334 3478 oppositi
1387 3409 1452 3462 ad
1489 3407 1826 3462 contrariam
1864 3424 1977 3462 rem
2015 3425 2074 3464 se
2104 3407 2498 3476 adjunxerunt,
2549 3410 2876 3479 nomineqne
2905 3410 3171 3464 duntaxat
3199 3409 3511 3463 caelibatum

243 3509 585 3579 proﬁtentes,
623 3521 654 3560 a
684 3507 961 3561 communi
992 3505 1206 3559 vivendi
1238 3500 1638 3558 consuetudine
1664 3514 1776 3554 non
1813 3499 1973 3570 longe
2020 3503 2262 3591 absunto,
2308 3512 2496 3574 utpote
2535 3505 2627 3573 qui
2659 3519 2766 3559 non
2803 3504 3008 3558 ventris
3039 3504 3214 3558 solum
3244 3501 3515 3572 voluptati

242 3603 586 3672 indulgeant,
624 3599 719 3655 sed
755 3601 919 3655 etiam
949 3615 1076 3654 cum
1123 3597 1341 3654 feminis
1378 3603 1565 3665 aperte
1603 3593 1951 3651 contubernii
2002 3599 2320 3654 societatem
2367 3600 2640 3654 habeant:
2672 3600 2922 3668 hancque
2939 3615 3063 3654 cum
3096 3599 3163 3653 iis
3190 3597 3514 3652 familiarem

239 3699 461 3754 vivendi
505 3696 957 3752 consuetudinem
1005 3697 1256 3750 fraternae
1293 3697 1636 3766 cognationis
1680 3695 1900 3750 nomine
1948 3695 2257 3764 appellant,
2310 3711 2506 3766 nempe
2545 3697 2846 3752 honestiori
2885 3696 3106 3751 nomine
3136 3711 3292 3751 suam
3321 3694 3515 3749 occul-

238 3800 428 3853 iantes
457 3797 717 3853 mentem,
740 3802 862 3859 quae
890 3787 956 3841 ad
1003 3787 1187 3857 pejora
1216 3789 1475 3857 proclivis
1516 3797 1621 3844 est.
1650 3790 1826 3859 Atque
1865 3786 1933 3842 ab
1961 3785 2047 3842 his
2078 3783 2299 3858 quidem
2346 3803 2511 3860 grave
2544 3786 2648 3842 hoc
2684 3787 2977 3842 admodum
3008 3802 3316 3858 purumque
3349 3784 3516 3856 virgi-

238 3889 437 3943 nitatis
467 3885 704 3938 studium
737 3885 1080 3954 vituperatur
1117 3885 1258 3955 apud
1297 3883 1546 3954 gentiles.

821 3997 1071 4050 ΚΕΦΑΛ.
1114 3997 1242 4050 KA'.

241 4118 367 4195 Ὀτι
588 4113 694 4167 τὸν
740 4113 856 4178 τὴν
897 4112 1216 4195 ’ἀκρίϐειαν
1268 4110 1375 4195 τοᾷ
1422 4110 1568 4174 ,Βίου
1615 4109 1832 4195 μρθξξν

299 4178 712 4252 ,ϐοιίῖόίιενοη
762 4184 920 4252 παρὰ
957 4183 1063 4236 τοῦ
1117 4179 1608 4250 κατορθώσαντος
1660 4178 1828 4231 διδά-

305 4260 595 4312 σκεσθαι.

2500 3986 2731 4043 CAPUT
2758 3985 2946 4042 XXIV.

1937 4081 2043 4166 Qui
2073 4110 2380 4154 accuratam
2429 4099 2564 4151 lianc
2604 4101 2720 4152 vitm
2756 4101 3013 4152 rationem
3051 4101 3262 4167 assequi
3307 4099 3444 4166 vult,
3479 4117 3514 4154 α

2200 4171 2436 4239 perfecto
2470 4171 2581 4222 viro
2609 4169 2887 4221 erudiatur
2926 4185 3132 4221 necesse
3155 4181 3256 4222 est.

305 4349 522 4403 Οὐκοῦν
567 4347 844 4410 λυσιτελὲς
889 4345 956 4400 ἂν
994 4344 1079 4416 εἴη
1132 4343 1207 4415 μὴ
1261 4341 1569 4413 νομοθετεῖν
1615 4343 1826 4404 ἑαυτοῖς

2008 4327 2154 4383 Utile
2202 4327 2370 4396 igitur
2419 4333 2506 4380 est
2556 4322 2936 4380 adolescentes
3000 4322 3164 4392 hujus
3219 4324 3326 4379 sibi
3386 4325 3511 4381 vitae

236 4444 361 4506 τοὺς
394 4442 555 4504 νέους
599 4440 700 4511 τὴν
726 4438 819 4491 τοῦ
853 4439 968 4508 βίου
1002 4437 1193 4490 τούτου
1241 4435 1378 4488 ὁδόν·
1419 4434 1481 4488 οὑ
1511 4433 1620 4504 γὰρ
1649 4431 1823 4486 ἐπιλέ-

237 4537 390 4588 λοιπε
413 4535 516 4605 τὴν
548 4532 692 4603 ζωὴν
723 4531 880 4603 ἡμῶν
905 4531 973 4585 τά
1009 4529 1118 4584 τῶν
1145 4528 1364 4598 ἀγαθῶν
1409 4527 1779 4596 ὑποδείγματα
1808 4541 1822 4556 ⁶

239 4628 374 4680 ἀλλὰ
409 4628 507 4680 καὶ
540 4626 746 4696 σφόδρα
776 4623 894 4685 νῦν.
928 4625 1086 4691 εἴπερ
1117 4622 1248 4674 ποτὲ
1276 4660 1290 4685 ,
1351 4621 1385 4691 ἠ
1426 4619 1688 4689 σεμνότης
1725 4617 1822 4687 ῆν-

243 4715 399 4784 θησε,
441 4717 538 4768 καὶ
562 4713 912 4784 ἐπιχωριάζει
943 4711 1021 4782 τῷ
1055 4710 1154 4782 βίῳ
1183 4710 1359 4782 ἡμῶν,
1400 4709 1534 4780 πρὸς
1568 4708 1628 4761 τὸ
1661 4706 1827 4778 ἀκρό-

243 4821 402 4857 τατον
426 4806 547 4867 ταῖς
581 4805 700 4857 κατ’
725 4803 904 4870 ὀλίγον
949 4801 1292 4872 προσθήκαις
1323 4797 1723 4869 ἀκριϐωθεὴα·
1757 4790 1825 4866 ἦς

239 4895 419 4958 ἔξεστι
461 4896 753 4965 μετασχεῖν
787 4893 879 4946 τὸν
933 4895 1044 4956 τοῖς
1075 4891 1336 4954 τοιούτοις
1366 4892 1537 4960 ίχνεσι
1587 4905 1824 4959 περιπα-

235 4987 474 5048 τοῦντα,
525 4985 750 5056 καὶτῆς
785 4985 962 5055 ὀσμῆς
993 4983 1087 5038 τοῦ
1139 4982 1314 5055 μύρου
1361 4981 1551 5036 τούτου
1592 4979 1825 5032 κατόπιν

234 5077 528 5146 ἑπόμενον,
560 5077 657 5147 τῆς
694 5076 920 5138 εύωδίας
961 5076 1056 5129 τοῦ
1083 5073 1318 5147 Χριστοῦ
1352 5071 1823 5143 ἀναπίμπλασθαι.

231 5166 513 5237 Καθάπερ
542 5167 651 5237 γὰρ
675 5169 802 5236 μιᾶς
821 5166 1150 5237 ὲξαφθείσης
1181 5165 1482 5236 λαμπάδος,
1513 5166 1593 5228 είς
1616 5163 1825 5224 πάντας

223 5259 368 5322 τοὺς
401 5258 866 5328 προσεγγίζοντας
906 5259 1134 5330 λύχνους
1159 5260 1194 5328 ἠ
1234 5257 1335 5327 τῆς
1365 5257 1561 5326 φλογὸς
1591 5255 1827 5318 διάδοσις

226 5351 480 5419 γίνεται,
512 5350 636 5404 οὔτε
678 5350 772 5405 τοῦ
805 5352 1023 5424 πρώτου
1065 5351 1242 5421 φωτὸς
1281 5350 1701 5420 ἐλαττουμένου,
1733 5347 1829 5402 καλ⁵

224 5445 354 5508 τοῖς
406 5442 496 5496 διὰ
552 5445 906 5515 μεταλήψεως
954 5444 1346 5516 φωτιζομὲνοις
1399 5442 1540 5498 κατά
1594 5442 1656 5496 τὸ
1713 5441 1827 5496 ἴσον

227 5537 676 5609 προσ-γινομένου
701 5550 715 5564 ⁸
752 5536 896 5592 οὕτω
921 5539 1014 5594 καὶ
1063 5540 1096 5612 ὴ
1133 5540 1226 5597 τοῦ
1258 5538 1377 5612 βίον
1414 5537 1604 5592 τούτου
1638 5534 1827 5607 σεμνό-

317 5710 362 5744 ”
391 5708 570 5766 Eccle.
603 5728 674 5778 tv,
710 5714 786 5771 ιο.

1934 4419 2156 4474 modum
2187 4433 2293 4472 non
2328 4416 2707 4486 prmscribere,
2732 4416 2990 4485 quoniam
3019 4423 3209 4469 nostra
3243 4415 3356 4470 haec
3375 4424 3512 4472 :etas

1938 4513 2206 4568 bonorum
2243 4511 2507 4580 exemplis
2531 4508 2774 4564 abundat
2800 4528 2814 4564 :
2840 4509 2972 4580 quin
2997 4509 3158 4564 etiam
3187 4509 3232 4563 si
3269 4524 3507 4579 unquam

1932 4608 2089 4671 alias,
2118 4621 2331 4660 morum
2355 4605 2595 4676 gravitas
2625 4604 2726 4658 hoc
2760 4612 3002 4674 tempore
3038 4601 3216 4667 ﬂoret,
3252 4612 3414 4671 atque
3453 4604 3509 4656 in

1931 4699 2042 4754 vita
2071 4707 2346 4763 versatur,
2388 4697 2648 4766 paulatim
2688 4695 2762 4750 ita
2804 4705 2963 4750 aucta
2999 4703 3058 4748 ut
3109 4693 3177 4749 ad
3231 4708 3508 4750 summum

1935 4794 2268 4863 pervenerit.
2308 4790 2481 4860 Cujus
2528 4789 2748 4860 quidem
2787 4803 2997 4841 morum
3043 4784 3350 4841 sanctitatis
3393 4783 3509 4839 ﬁeri

1937 4885 2254 4955 participem
2313 4884 2362 4938 ei
2418 4882 2707 4952 contingit,
2750 4881 2937 4950 quiin
2994 4878 3168 4948 ipsius
3228 4876 3511 4932 curriculo

1934 4976 2162 5047 vestigia
2191 4974 2490 5046 imprimit:
2521 4974 2672 5028 illum
2698 4979 2900 5036 autem,
2927 4969 3021 5038 qui
3050 4967 3216 5038 hujus
3245 4967 3506 5039 unguenti

1935 5069 2160 5125 odorem
2190 5075 2412 5123 secutus
2435 5066 2526 5130 sit,
2549 5065 2753 5134 optimo
2780 5059 2910 5117 Jesu
2941 5060 3146 5114 Christi
3179 5059 3350 5115 odore
3381 5074 3508 5129 per~

1934 5162 2106 5217 fundi.
2141 5159 2208 5216 Ut
2240 5160 2410 5221 enim,
2441 5158 2691 5227 lampade
2723 5170 2828 5208 una
2862 5167 3116 5216 accensa,
3164 5154 3216 5206 in
3266 5152 3508 5219 reliquas

1933 5270 2125 5311 omnes
2186 5254 2527 5325 prOpinquas
2600 5251 2854 5305 lucernas
2923 5246 3140 5301 ﬂamma
3207 5244 3507 5305 derivatur,

1933 5363 2110 5419 neque
2142 5355 2323 5400 tamen
2375 5345 2584 5415 primus
2634 5342 2777 5412 ignis
2835 5338 3199 5401 imminuitur,
3233 5336 3336 5391 etsi
3383 5347 3511 5389 cum

1933 5441 2002 5497 iis
2030 5439 2313 5510 aequaliter
2343 5436 2684 5506 adiungitur,
2713 5434 2807 5503 qui
2848 5449 2914 5487 ex
2955 5432 3046 5486 illa
3082 5427 3307 5484 luminis
3358 5426 3510 5482 deri-

1933 5532 2152 5590 vatione
2197 5530 2454 5588 elucent:
2489 5528 2563 5584 ita
2597 5526 2761 5598 hujus
2790 5526 2913 5582 vitae
2943 5523 3186 5598 gravitas
3215 5521 3282 5577 ab
3311 5536 3377 5578 eo
3413 5518 3509 5592 qui
