3896 6204
352 277 454 338 ιιι

1597 279 1655 334 S.
1691 277 2019 336 GRECORII
2049 276 2333 335 {\YSSENI

3507 276 3630 339 “2

352 395 500 454 illam
532 402 687 450 recte
713 394 1028 478 peregilnin
1065 409 1164 452 eos
1202 393 1504 459 derivatur,
1549 397 1643 467 qui
1692 397 1921 467 proximi

2032 414 2132 467 της
2164 396 2273 450 ἀπὸ
2313 394 2407 449 τοῦ
2439 395 2862 469 κατωρθωκότος
2906 395 3078 468 αὐτὴν
3110 388 3204 452 ἐπὶ
3235 398 3359 463 τοὺς
3383 416 3626 474 προσεγ-

349 495 501 545 sunt.
548 486 723 544 Verus
763 497 848 542 est
892 488 1042 543 enim
1087 487 1134 541 is
1171 485 1457 558 Prophetm
1498 503 1683 543 sermo
1709 489 1751 521 ¹⁸
1784 507 1797 543 :
1825 487 1929 554 Qui

350 592 478 633 cum
512 584 705 632 sancto
727 585 783 633 et
818 577 1101 632 innocenti
1132 576 1356 631 homine
1387 579 1717 648 cgregioque
1746 593 1932 634 versa-

350 679 459 733 tur,
493 669 659 724 taleui
690 684 1139 740 unumquemque
1179 669 1319 725 ﬁeri.
1363 670 1460 724 Sin
1514 678 1699 725 autem
1751 670 1927 724 docu-

349 770 533 816 menta
560 761 783 830 quazris,
814 775 1049 831 quorum
1083 760 1341 832 praesidio
1378 774 1486 814 non
1529 759 1655 816 licet
1689 759 1758 814 ab
1781 760 1930 829 opti-

350 866 439 906 mo
470 852 724 922 exemplo
776 852 1055 918 aberrare,
1090 851 1271 907 facilis
1322 850 1438 905 haec
1475 858 1560 906 est
1595 851 1926 921 explicatio;

349 957 474 996 nam
523 943 568 997 si
622 942 864 996 hominis
908 942 1077 997 vitam
1131 941 1430 1012 perspicis,
1477 956 1600 1011 quae
1645 942 1700 995 in
1748 942 1930 996 medio

350 1034 544 1088 mortis
573 1040 627 1087 et
656 1033 782 1088 vitze
813 1048 978 1089 cursu
1019 1033 1124 1099 sit,
1158 1033 1418 1104 quodque
1456 1033 1715 1104 utrinque
1749 1033 1929 1088 estad

230 1168 238 1176 .
347 1127 629 1197 sapientiae
657 1128 898 1184 studium
931 1128 1063 1184 utile
1091 1126 1316 1198 deligat,
1373 1135 1433 1182 ut
1466 1142 1644 1199 neque
1682 1128 1829 1198 quod
1870 1130 1928 1183 in

347 1223 526 1270 morte
559 1223 645 1270 est
677 1216 913 1272 actionis
940 1231 1140 1287 expers
1175 1226 1232 1272 et
1261 1217 1501 1272 otiosum
1530 1219 1584 1273 in
1611 1217 1799 1274 studio
1832 1234 1929 1273 ex-

348 1306 612 1374 sequendi
650 1305 909 1361 mandata
929 1307 986 1362 in
1020 1323 1081 1364 se
1111 1308 1364 1379 recipiat,
1399 1324 1576 1379 neque
1619 1310 1673 1365 in
1707 1310 1925 1366 vivendi

345 1404 493 1451 statu
527 1399 688 1467 pleno
724 1398 897 1469 gradu
931 1398 1172 1465 incedat,
1200 1400 1349 1471 quod
1376 1414 1407 1453 a
1442 1401 1801 1457 saecularibus
1829 1418 1928 1456 cu-

345 1488 672 1558 piditatibus
710 1491 784 1546 sit
824 1491 1062 1557 alienus,
1098 1493 1154 1547 in
1185 1493 1389 1563 quibus
1429 1495 1617 1549 carnis
1672 1494 1783 1548 vita
1831 1494 1922 1549 de-

345 1580 738 1649 prehendatur,
771 1582 826 1638 in
859 1583 946 1639 his
978 1584 1160 1639 minus
1203 1594 1329 1655 agat
1356 1599 1521 1655 quam
1565 1587 1764 1641 mortui
1794 1603 1810 1653 ;
1859 1586 1928 1640 ad

2030 488 2282 556 γίζοντας
2308 487 2596 541 διαδίδοται
2613 503 2628 518 ο
2650 486 2856 558 ἀληθὴς
2883 488 2995 558 γὰρ
3017 490 3046 542 ὁ
3074 489 3411 561 προφητικδς
3433 492 3623 563 λόγος,

2030 577 2122 631 τὸν
2154 577 2294 647 μετὰ
2331 576 2479 631 ὁσίου
2522 577 2616 632 καὶ
2667 577 2847 632 ἀθὼου
2899 580 2995 634 καὶ
3027 579 3285 636 ἐκλεκτοῦ
3333 582 3618 653 διάγοντα,

2029 664 2268 719 τοιοῦτον
2304 664 2572 733 γίνεσθαι.
2600 667 2663 719 Ei
2693 666 2750 720 δὲ
2779 666 2964 739 ζητεῖς
2996 668 3064 723 τὰ
3109 671 3501 742 γνωρίσματα,
3542 676 3621 731 δι’

2030 754 2105 809 ὧν
2148 756 2249 810 οὐκ
2289 754 2434 810 ἔστιν
2480 758 2743 829 ἁμαρτεῖν
2781 758 2874 812 τοῦ
2926 759 3133 829 ἀγαθοῦ
3186 762 3618 834 ὑποδείγματος,

2028 845 2311 919 εύκολοςή
2344 851 2659 921 ὑπογραφὴ.
2692 850 2819 905 Ἐάν
2862 851 2978 925 ἴδῃς
3012 853 3125 922 βίον
3150 854 3342 926 ἀνδρὸς
3373 859 3433 910 ὲν
3465 858 3621 931 μέσῳ

2031 937 2262 994 θανάτου
2304 941 2398 994 καὶ
2432 940 2576 1012 ζωῆς
2625 941 2837 996 ἑστῶτα
2872 943 2934 997 τὸ
2972 944 3314 1018 ἑκατέρωθεν
3344 949 3622 1019 χρήσιμον

2030 1031 2111 1094 είς
2137 1030 2455 1102 φιλοσοφίαν
2506 1032 2868 1103 αἱρούμενον,
2916 1033 3042 1088 οὔτε
3088 1034 3152 1088 τὸ
3186 1036 3464 1108 ἄπρακτον
3516 1037 3620 1091 τοῦ

2031 1124 2263 1179 Θανάτου
2292 1124 2724 1197 καταδεχόμενον
2754 1126 2814 1178 ὲν
2842 1128 2908 1198 τῇ
2947 1126 3079 1197 περὶ
3110 1125 3208 1190 τάς
3235 1126 3456 1191 ἐντολὰς
3476 1145 3620 1200 προ-

2030 1216 2216 1289 θυμίᾳ,
2250 1216 2372 1272 οὔτε
2395 1217 2501 1289 ὅλῳ
2520 1216 2600 1289 τῷ
2634 1217 2756 1271 ποδὶ
2799 1219 2893 1272 ἐπὶ
2933 1218 3032 1288 τῆς
3064 1218 3209 1289 ζωῆς
3234 1218 3504 1291 βεϐηκότα
3526 1220 3619 1274 διὰ

2028 1312 2128 1382 τὴν
2155 1311 2264 1365 τῶν
2286 1309 2565 1382 κοσμικῶν
2595 1309 2898 1382 ἐπιθυμιῶν
2926 1310 3296 1381 ἀλλοτρίωσιν,
3322 1313 3382 1365 ὲν
3401 1307 3484 1376 οἷς
3514 1312 3619 1383 μὲν

2032 1402 2232 1473 σαρκὸς
2263 1401 2378 1475 ζωὴ
2401 1401 2788 1473 δοκιμάζεται,
2834 1400 2945 1455 τῶν
2973 1401 3184 1472 νεκρῶν
3208 1402 3620 1475 ἀπρακτότερον

2033 1493 2260 1564 μένοντα
2280 1532 2296 1559 ,
2319 1491 2456 1562 πρὸς
2483 1491 2540 1545 δὲ
2567 1490 2634 1544 τὰ
2662 1490 2761 1561 τῆς
2809 1488 3013 1561 ἀρετῆς
3056 1489 3215 1560 ἔργα,
3242 1490 3310 1543 δι’
3336 1484 3415 1544 ὧν
3452 1493 3503 1544 οἱ
3535 1491 3621 1563 τῷ

2029 1581 2299 1651 πνεύματι
2351 1579 2550 1645 ζῶντες
2595 1579 3044 1648 ὲπιγινὼσκονται
3067 1617 3083 1642 ,
3114 1578 3329 1649 ἀληθῶς
3371 1578 3621 1651 ἔμψυχον

344 1673 566 1728 virtutis
611 1682 794 1730 autem
841 1690 1030 1746 opera,
1064 1691 1130 1731 ex
1174 1676 1376 1748 quibus
1412 1677 1506 1749 qui
1555 1687 1685 1733 sunt
1729 1679 1921 1749 spiritu

2029 1673 2122 1727 καὶ
2144 1672 2362 1744 ἐνεργὸν
2392 1673 2485 1726 καὶ
2514 1672 2789 1743 ἰσχύοντα,
2820 1670 2959 1742 πρὸς
2988 1668 3177 1724 τοῦτον
3207 1671 3372 1743 βλέπε
3398 1673 3489 1727 τὸν
3524 1689 3621 1726 και

344 1768 621 1825 ferventes
653 1784 1064 1842 agnoscuntur,
1122 1788 1252 1829 vere
1304 1774 1606 1829 animatum
1650 1782 1706 1830 et
1741 1774 1921 1830 efﬁca-

2031 1764 2156 1820 νόνα
2200 1739 2295 1817 τοῦ
2346 1763 2460 1835 βίου
2483 1780 2499 1795 ο
2542 1739 2697 1827 οῦτος
2750 1739 2893 1817 ἔστω
2943 1779 3025 1817 σοι
3060 1739 3263 1827 σκοπδς
3311 1763 3415 1835 τῆς
3462 1764 3621 1830 θείας

344 1874 464 1915 cem
490 1869 546 1916 et
570 1862 843 1918 valentem
876 1878 935 1920 se
963 1865 1204 1933 praebeat
1228 1882 1242 1919 :
1269 1864 1418 1919 hunc
1450 1880 1585 1921 sane
1610 1866 1787 1920 virum
1820 1877 1926 1922 tua:

345 1950 472 2004 vita:
501 1951 769 2006 amussim
801 1954 1017 2009 intuere
1044 1970 1057 2008 :
1090 1954 1180 2009 hic
1210 1954 1307 2010 tibi
1332 1955 1533 2011 divinae
1567 1957 1695 2012 vitae
1724 1970 1926 2028 scopus

343 2040 416 2095 sit
482 2043 822 2112 propositus,
876 2051 939 2098 ut
991 2046 1491 2117 gubernatoribus,
1540 2062 1664 2118 quae
1710 2063 1927 2117 semper

343 2140 612 2201 apparent
638 2134 846 2190 stella}:
873 2134 1038 2206 hujus
1061 2144 1115 2192 et
1146 2145 1486 2197 senectutem
1518 2148 1573 2194 et
1612 2139 1929 2194 adolescen-

341 2223 477 2277 tiam
509 2224 726 2281 imitare
749 2264 764 2291 ,
805 2226 893 2281 vel
921 2228 1105 2298 potius
1134 2228 1299 2298 hujus
1332 2228 1386 2284 in
1427 2229 1793 2285 adolescentia
1834 2246 1927 2286 se—

340 2321 639 2381 nectutem,
663 2311 967 2389 contraque
996 2319 1052 2374 in
1083 2319 1317 2375 decursa
1354 2328 1513 2376 actate
1544 2321 1691 2376 illius
1740 2321 1927 2376 adole-

340 2405 605 2460 scentiam
657 2407 863 2464 imitari
914 2408 1120 2477 debes;
1180 2426 1358 2481 neque
1404 2413 1551 2466 enim
1597 2413 1718 2481 ejus
1759 2412 1927 2467 animi

338 2497 596 2553 virtutem
628 2514 963 2571 cursumque
998 2502 1418 2574 ingravescente
1444 2503 1557 2574 jam
1586 2512 1746 2559 aetate
1791 2512 1928 2559 tern-

341 2605 443 2659 pus
472 2593 749 2657 restinxit,
774 2609 952 2665 neque
975 2594 1139 2665 hujus
1171 2595 1539 2651 adolescentia
1574 2596 1629 2651 in
1661 2596 1729 2651 iis
1759 2596 1925 2654 rebus

337 2691 563 2738 actuosa
600 2683 721 2749 fuit,
748 2684 803 2739 in
827 2685 1029 2755 quibus
1064 2685 1458 2750 adolescentia,
1482 2686 1611 2757 quia
1650 2695 1921 2750 versatur,

337 2774 725 2842 cognoscitur;
780 2774 876 2829 sed
899 2775 954 2829 in
1007 2783 1238 2845 utraque
1290 2775 1437 2832 illius
1477 2785 1636 2831 actate
1676 2777 1922 2848 quaedam

340 2865 442 2918 fuit
506 2867 910 2921 contrariarum
955 2880 1140 2921 rerum
1213 2868 1556 2937 temperatio,
1604 2870 1686 2924 vel
1745 2870 1926 2938 potius

339 2958 521 3028 aliqua
546 2959 941 3029 proprietatum
972 2962 1324 3038 permutatio,
1358 2962 1542 3032 utpote
1570 2977 1695 3017 cum
1731 2962 1798 3017 ad
1830 2964 1930 3018 bo-

2031 1855 2176 1928 ζωῆς
2199 1895 2215 1922 ,
2246 1854 2498 1927 καθάπερ
2539 1858 2651 1919 τοῖς
2695 1854 3055 1928 κυϐερνήταις
3105 1856 3154 1909 οί
3198 1858 3477 1925 ἀειφανεῖς
3506 1858 3622 1911 τῶν

2031 1947 2275 2020 ἀστέρων
2294 1989 2309 2013 ,
2344 1948 2580 2020 μίμησαι
2608 1947 2798 2001 τούτου
2825 1946 2920 2001 καὶ
2948 1948 3141 2002 πολιὰν
3161 1991 3178 2016 ,
3211 1950 3307 2003 καὶ
3343 1949 3578 2021 νεότητα
3602 1969 3619 1984 ο

2033 2039 2233 2110 μᾶλλον
2259 2040 2316 2094 δὲ
2350 2041 2589 2112 μίμησαι
2614 2041 2778 2095 αὑτοῦ
2809 2040 2868 2094 τὸ
2895 2042 2954 2094 ὲν
2987 2041 3256 2113 μειρακίῳ
3273 2041 3448 2113 γῆρας
3470 2083 3487 2107 ,
3521 2044 3626 2099 καὶ

2029 2131 2128 2203 τὴν
2164 2133 2222 2185 ὲν
2257 2130 2336 2203 τῷ
2359 2133 2507 2203 γήρα
2537 2132 2766 2203 νεότητα
2787 2149 2802 2164 ·
2834 2131 2957 2186 οὕτε
2979 2132 3086 2204 γὰρ
3127 2134 3189 2186 τὸ
3214 2133 3492 2205 ῥωμαλέον
3514 2135 3624 2188 αὐ-

2028 2222 2123 2275 τοῦ
2152 2223 2251 2293 τῆς
2280 2222 2458 2293 ψυχῆς
2488 2222 2816 2295 δραστήριον
2860 2223 2962 2294 ἠδη
2999 2223 3136 2294 πρὸς
3184 2224 3358 2294 γῆρας
3400 2226 3625 2280 ἐπικλι-

2030 2313 2215 2382 θείσης
2240 2314 2338 2385 τῆς
2363 2314 2578 2385 ἡλικίας
2602 2314 2631 2367 ὁ
2657 2315 2845 2388 χρόνος
2873 2312 3203 2386 ἠμαύρωσεν
3221 2353 3237 2379 ,
3264 2313 3387 2368 οὔτε
3418 2318 3451 2386 ἡ
3493 2317 3622 2370 νεό-

2027 2422 2127 2476 της
2155 2405 2382 2477 ἐνεργὴς
2418 2400 2488 2477 ἦν
2532 2406 2592 2459 ὲν
2624 2399 2706 2470 οἷς
2755 2405 2943 2477 νεότης
2968 2406 3193 2478 ἐνεργὴς
3215 2460 3221 2468 ,
3244 2405 3566 2477 γνωρίζεται
3600 2419 3619 2440 ο

2029 2499 2165 2553 ἀλλά
2194 2515 2275 2562 τις
2297 2494 2365 2558 ἦν
2393 2498 2538 2569 μίξις
2566 2497 2854 2571 θαυμαστὴ
2878 2499 2987 2552 τῶν
3007 2498 3265 2553 ἐναντίων
3288 2500 3346 2552 ὲν
3373 2498 3622 2571 ἑκατέρᾳ

2032 2591 2217 2663 ἡλικίᾳ
2239 2631 2253 2655 ,
2286 2591 2487 2661 μᾶλλον
2519 2589 2806 2661 ὑπαλλαγὴ
2837 2588 2948 2644 τῶν
2979 2588 3302 2660 ἰδιωμάτων.
3348 2589 3435 2642 Ἐν
3464 2591 3623 2660 γήρᾳ

2035 2684 2135 2756 μὲν
2186 2684 2283 2755 τῆς
2314 2683 2594 2754 δυνάμεως
2627 2682 2764 2754 πρὸς
2813 2682 2876 2736 τὸ
2926 2677 3134 2751 ἀγαθὸν
3168 2679 3462 2753 νεαζούσης
3485 2722 3502 2749 ,
3549 2682 3623 2735 ὲν

2034 2774 2303 2845 μειρακίῳ
2326 2774 2382 2827 δὲ
2411 2773 2511 2845 τῆς
2542 2772 2790 2843 νεότητος
2836 2773 2974 2843 πρδς
3014 2767 3078 2826 τὸ
3107 2771 3275 2827 κακὸν
3302 2771 3621 2844 ἀπρακτού-

2033 2882 2151 2935 σης.
2183 2866 2247 2918 Ei
2275 2865 2332 2918 δὲ
2358 2866 2453 2918 καὶ
2484 2864 2610 2929 τοὺς
2637 2863 2845 2937 ἔρωτας
2871 2863 2972 2934 τῆς
2999 2863 3216 2934 ἡλικίας
3241 2863 3454 2935 ἐκείνης
3479 2863 3622 2919 ἀνα.-

2031 2955 2287 3026 ζητήσεις
2303 2995 2318 3020 ,
2350 2954 2587 3025 μίμησαι
2607 2952 2669 3007 τὸ
2699 2951 2923 3024 σφοδρὸν
2951 2950 3046 3004 καὶ
3069 2949 3331 3021 διάπυρον
3348 2951 3443 3003 τοῦ
3466 2948 3617 3004 θείου

337 3063 469 3101 num
503 3049 774 3119 agendum
803 3059 923 3104 acta
957 3060 1116 3105 aelate
1155 3050 1239 3106 vis
1272 3059 1328 3105 et
1369 3062 1562 3107 natura
1593 3053 1647 3107 in
1681 3069 1745 3109 eo
1766 3054 1921 3125 juve-

2028 3048 2128 3118 τῆς
2182 3045 2372 3115 σοφίας
2404 3044 2636 3117 ἔρωτος,
2668 3038 2714 3113 ᾧ
2765 3045 2830 3098 ἐκ
2883 3042 3085 3114 νηπίας
3134 3042 3478 3114 συνηυξήθη,
3514 3041 3618 3096 καὶ

337 3136 523 3193 niliter
576 3146 783 3209 posset,
841 3141 1165 3197 ﬂorescente
1215 3156 1346 3198 vero
1404 3152 1562 3199 aetate
1610 3143 1678 3198 ad
1730 3160 1926 3215 pravas

338 3229 584 3285 actiones
630 3230 858 3287 minime
897 3232 1123 3288 valeret.
1170 3232 1269 3287 Sin
1319 3241 1502 3288 autem
1552 3233 1700 3289 illius
1745 3236 1925 3290 aetatis

337 3333 551 3375 amores
591 3319 912 3391 investigas,
946 3328 1005 3375 tu
1029 3322 1190 3377 velim
1219 3322 1318 3377 tibi
1345 3337 1618 3393 proponas
1654 3338 1923 3378 summum

337 3411 489 3464 iilum
516 3421 568 3466 et
600 3409 901 3467 ferventem
931 3411 1176 3467 divinum
1209 3414 1494 3483 sapientiae
1536 3429 1798 3480 amorem,
1835 3417 1924 3472 cui

336 3504 405 3559 ab
445 3503 677 3558 infantia
705 3503 959 3560 addictus
1004 3519 1185 3574 usque
1212 3505 1279 3558 ad
1315 3514 1650 3561 senectutem
1673 3521 1928 3576 perman~

336 3595 428 3650 sit.
467 3596 536 3647 At
559 3594 604 3649 si
646 3593 714 3648 ad
757 3593 906 3648 hunc
940 3594 1164 3649 minime
1208 3597 1459 3651 contueri
1493 3604 1677 3666 potes,
1734 3598 1924 3668 quales

334 3684 371 3738 ii
393 3686 487 3754 qui
527 3684 826 3741 infirmiore
868 3692 998 3741 sunt
1016 3685 1301 3741 oculorum
1326 3688 1519 3743 obtutu
1546 3689 1615 3745 ad
1649 3691 1923 3761 aspicicno

334 3771 465 3825 dum
492 3773 687 3836 solem,
733 3773 788 3827 in
813 3784 1135 3830 sanctorum
1163 3776 1381 3831 illorum
1409 3778 1688 3834 hominum
1706 3782 1922 3838 intuere

334 3870 566 3927 cmtmn,
590 3863 683 3933 qui
711 3864 782 3918 ab
811 3879 878 3920 eo
905 3865 1195 3921 institutus
1220 3873 1325 3934 est,
1350 3877 1515 3937 atque
1543 3870 1666 3924 illos
1689 3871 1919 3940 imitare,

336 3951 429 4022 qui
482 3952 605 4009 vita:
664 3954 959 4025 splendore
1014 3956 1260 4013 illustres
1310 3957 1649 4029 singularum
1700 3970 1921 4016 actutum

334 4048 650 4106 hominibus
683 4049 751 4104 ad
778 4049 1104 4105 imitandum
1141 4053 1411 4121 propositi
1445 4061 1593 4108 sunt.
1622 4053 1777 4109 liunc
1800 4057 1921 4110 vita:

335 4146 544 4196 nostra:
578 4155 807 4212 scopum
843 4142 1130 4214 proposuit
1166 4142 1331 4199 Deus.
1377 4143 1527 4201 Multi
1566 4147 1617 4200 in
1662 4147 1748 4203 his
1788 4148 1920 4203 ado-

332 4232 603 4289 lescentes
658 4234 715 4289 in
770 4234 1006 4306 simplici
1063 4236 1425 4306 temperantia
1488 4252 1916 4307 consenuerunt.

331 4326 656 4397 rationeque
700 4343 826 4382 cum
878 4336 1218 4385 senectutem
1252 4331 1659 4402 praeripuerint,
1692 4342 1747 4389 et
1796 4350 1915 4390 mo-

2030 3139 2193 3211 μέχρι
2222 3139 2410 3211 γήρως
2441 3137 2744 3209 διήρκεσεν.
2774 3136 2836 3189 Ei
2862 3134 2922 3188 δὲ
2957 3134 3243 3198 ἀδυνατεῖς
3285 3133 3420 3206 πρὸς
3447 3133 3619 3188 αὑτὸν

2026 3234 2161 3305 όρᾷν
2187 3272 2202 3297 ,
2252 3230 2504 3303 καθάπερ
2536 3229 2672 3302 πρὸς
2702 3227 2793 3283 τὸν
2828 3227 2981 3299 ἥλιον
3023 3227 3076 3281 oi
3123 3225 3252 3290 τοὺς
3302 3225 3617 3296 ὀφθαλμοὺς

2028 3323 2462 3395 ὲμπαθέστεροι·
2499 3322 2565 3376 σὺ
2613 3320 2670 3374 δὲ
2722 3316 3027 3388 ἀπόϐλεψον
3073 3317 3155 3380 είς
3193 3315 3288 3371 τὸν
3339 3315 3431 3369 ὑπ’
3463 3315 3620 3386 αὐτῷ

2025 3417 2354 3489 τεταγμένον
2384 3414 2492 3469 τῶν
2517 3413 2689 3484 ἀγίων
2710 3412 2889 3484 χορὸν,
2910 3409 3040 3474 τοὺς
3065 3408 3204 3478 πρὸς
3234 3408 3464 3480 μίμησιν
3499 3407 3621 3461 τῶν

2027 3508 2148 3563 καθ’
2177 3508 2392 3579 ἠλικίαν
2441 3504 2749 3577 γενομένων
2793 3502 2873 3575 τῷ
2908 3502 3013 3574 βίῳ
3042 3501 3378 3573 λάμποντας.
3412 3499 3623 3556 Τοῦτον

2023 3581 2261 3654 τέθεικε.
2318 3598 2521 3653 σκοπὸν
2580 3601 2610 3652 ὁ
2668 3597 2802 3661 Θεὸς
2864 3600 2936 3670 τῇ
3012 3596 3261 3669 ἡμετέρᾳ
3315 3594 3450 3667 ζωῇ.
3521 3595 3620 3649 Ἐν

2023 3685 2106 3755 οἷς
2155 3690 2340 3746 πολλοὶ
2370 3691 2492 3754 ταῖς
2540 3688 2779 3761 ἡλικίαις
2829 3687 3112 3754 νεάζοντες
3132 3727 3148 3752 ,
3186 3689 3243 3742 ὲν
3274 3686 3354 3757 τῷ
3384 3683 3617 3756 καθαρῷ

2022 3781 2121 3851 τῆς
2151 3779 2502 3852 σωφροσύνης
2523 3776 2919 3848 ὲπολιώθησαν.
2940 3776 3243 3851 φθάσαντες
3266 3777 3344 3848 τῷ
3363 3775 3615 3846 λογισμῷ

2020 3873 2083 3927 τὺ
2119 3873 2297 3943 γῆρας
2321 3911 2337 3934 ,
2369 3871 2461 3924 καὶ
2515 3868 2595 3941 τῷ
2639 3868 2826 3940 τρόπῳ
2854 3866 3212 3941 παρελθόντες
3253 3867 3344 3921 τὸν
3370 3866 3555 3938 χρόνον
3588 3882 3610 3899 ο

2021 3963 2071 4016 οἳ
2110 3962 2200 4015 τὸν
2229 3962 2327 4032 τῆς
2366 3961 2553 4029 σοφίας
2590 3959 2769 4032 ἔρωτα
2805 3959 2963 4030 μόνον
3007 3957 3310 4030 ἐγνώρισαν
3332 3999 3349 4025 ,
3392 3958 3487 4027 ούχ
3520 3957 3614 4010 ὅτι

2022 4053 2237 4125 φύσεως
2265 4052 2468 4124 ἑτέρως
2506 4046 2648 4121 εἶχον
2691 4051 2785 4121 (ὲν
2828 4049 2999 4103 ἅπασι
3047 4048 3155 4120 γὰρ
3186 4051 3221 4121 ἡ
3252 4047 3386 4121 σάρξ
3416 4046 3617 4101 ἐπιου-

2023 4147 2116 4216 μεῖ
2135 4144 2272 4198 κατά
2292 4142 2385 4196 τοῦ
2416 4143 2781 4212 πνεύματος),
2803 4140 2918 4193 ἀλλ’
2947 4138 3133 4211 ἐπειδὴ
3157 4140 3335 4203 καλῶς
3365 4140 3614 4211 ἤκουσαν

2021 4234 2115 4288 τοῦ
2148 4231 2423 4297 εἰπόντος,
2455 4232 2593 4302 ὃτιή
2626 4229 2946 4302 σωφροσύνη
2980 4228 3132 4294 ξύλον
3160 4230 3277 4283 ἐστὶ
3299 4229 3440 4300 ζωῆς
3469 4231 3614 4285 πᾶσι

2022 4330 2135 4392 τοῖς
2171 4324 2546 4398 ἀντεχομένοις
2578 4325 2746 4395 αὐτῆς
2770 4340 2782 4354 ·
2810 4325 2908 4383 ἐπὶ
2950 4323 3143 4377 τούτου
3194 4321 3290 4377 τοῦ
3320 4322 3479 4388 ξύλου
3514 4321 3612 4377 τὸν

329 4418 485 4473 ribus
518 4421 784 4491 temporis
806 4436 1031 4477 cursum
1062 4425 1475 4487 auteverterint,
1503 4426 1556 4479 hi
1600 4426 1778 4481 solum
1820 4443 1908 4483 sa-

2024 4419 2111 4491 τῆς
2145 4419 2290 4490 ζωῆς
2332 4417 2573 4472 κλύδωνα
2601 4416 2792 4488 ὥσπερ
2816 4415 2909 4470 ἐπὶ
2938 4415 3155 4487 σχεδίας
3179 4414 3324 4477 τινὸς
3350 4412 3615 4467 διαπλεύ-

330 4509 551 4578 pientite
606 4526 847 4566 amorem
897 4520 1318 4583 cognoverunt:
1367 4528 1477 4569 non
1533 4513 1678 4583 quod
1721 4524 1916 4571 natura

328 4601 628 4658 dissimiles
646 4611 833 4658 essent
864 4602 960 4671 (in
997 4604 1254 4659 omnibus
1280 4606 1427 4658 enim
1484 4619 1615 4659 caro
1649 4607 1915 4664 adversus

333 4690 587 4759 Spiritum
657 4692 999 4763 concupiscit
1020 4691 1107 4764 ι’),
1162 4693 1256 4748 sed
1300 4692 1561 4763 quoniam
1609 4704 1757 4750 recte
1787 4712 1912 4752 eum

332 4782 645 4849 audierunt,
676 4783 771 4852 qui
808 4792 957 4839 recte
983 4784 1161 4852 dixit,
1208 4784 1336 4840 vita:
1378 4785 1585 4856 lignum
1633 4787 1910 4858 quoddam

328 4876 746 4943 temperantiam
796 4891 918 4933 esse
976 4876 1044 4932 iis
1082 4878 1176 4948 qui
1227 4876 1284 4931 in
1332 4876 1481 4933 illius
1547 4879 1791 4934 studium
1830 4881 1913 4936 in-

330 4965 632 5021 cumbunt:
689 4967 793 5023 hoc
848 4968 1019 5039 ligno,
1067 4968 1224 5039 quasi
1266 4970 1389 5023 navi
1435 4970 1651 5039 aliqua,
1694 4970 1773 5026 illi
1807 4972 1911 5026 llu-

327 5065 583 5111 ctuosum
609 5058 991 5115 adolescentiae
1021 5076 1171 5116 mare
1202 5061 1565 5132 prmtervecti,
1591 5063 1657 5117 ad
1691 5074 1909 5135 portum

327 5151 529 5206 divinae
547 5152 846 5209 voluntatis
880 5154 1249 5226 appulerunt:
1274 5156 1498 5225 jamque
1530 5157 1714 5212 animo
1753 5165 1908 5211 tran-

326 5244 500 5313 quillo
563 5253 733 5313 sunt,
780 5246 957 5301 otioso
1010 5254 1176 5317 atque
1223 5247 1292 5301 ab
1329 5248 1583 5304 omnibus
1648 5247 1907 5305 ﬂuctibus

328 5346 561 5406 remoto,
617 5339 830 5411 haeque
885 5339 1031 5394 felici
1083 5340 1433 5411 navigatione
1486 5341 1562 5396 illi
1606 5342 1909 5398 beatissimi

324 5429 570 5496 quidem,
620 5432 877 5501 quoniam
937 5446 1062 5486 cum
1121 5432 1177 5486 iu
1231 5432 1435 5503 optima
1462 5448 1579 5504 spe,
1617 5434 1776 5503 quasi
1852 5433 1906 5489 in

326 5519 607 5579 tutissimo
647 5523 832 5594 aliquo
876 5532 1067 5594 portu,
1125 5523 1380 5578 anchoris
1424 5524 1589 5595 jactis
1641 5540 1730 5582 rcs
1768 5539 1898 5583 suas

401 5706 448 5741 ί*
469 5704 611 5760 Psal.
649 5721 779 5762 m1.
816 5704 904 5762 ‘36.
988 5705 1026 5737 ιε’
1061 5704 1234 5759 Galat.
1276 5721 1328 5765 ν.
1363 5706 1444 5760 ιτ.

2022 4528 2242 4576 σαντες,
2273 4513 2352 4574 είς
2376 4510 2468 4564 τὸν
2493 4508 2687 4582 λιμένα
2714 4510 2807 4564 τοῦ
2845 4508 3148 4581 θελήματος
3179 4505 3270 4560 τοῦ
3296 4504 3438 4559 Θεοῦ
3468 4504 3612 4559 καθ-

2016 4603 2395 4676 ωρμίσθησαν.
2431 4602 2541 4657 Καὶ
2585 4600 2681 4655 νῦν
2725 4602 2785 4656 έν
2825 4600 2981 4673 εὐδία
3016 4599 3107 4655 καὶ
3140 4598 3348 4669 γαλήνῃ
3377 4596 3475 4669 τὴν
3500 4598 3612 4669 ψυ-

2017 4697 2119 4770 χὴν
2147 4696 2459 4766 ἀκύμαντον
2496 4692 2698 4766 ἔχουσι,
2742 4694 3064 4765 μακαριστοὶ
3092 4692 3192 4762 τῆς
3236 4690 3490 4754 εύπλιῖας
3509 4706 3524 4720 ⁸
3550 4690 3610 4744 οἱ

2016 4784 2078 4843 τὸ
2111 4789 2231 4843 καθ’
2258 4786 2482 4851 ἑαυτοὺς
2510 4788 2603 4841 ἐπὶ
2633 4786 2732 4860 τῆς
2763 4785 2975 4857 ἀγαθῆς
3009 4782 3220 4848 ἐλπίδος
3242 4823 3259 4850 ,
3289 4781 3478 4853 ῶσπρ
3510 4781 3613 4834 ὲπί

2015 4894 2160 4947 τινος
2189 4878 2465 4951 ἀσφαλοῦς
2493 4877 2740 4951 ἀγκύρας
2776 4876 3200 4948 βεϐαιωσάμενοι
3226 4912 3241 4939 ,
3271 4873 3462 4944 ﬁdem
3491 4871 3611 4925 τῶν

2015 4975 2275 5044 κυμάτων
2314 4972 2415 5037 τῆς
2449 4969 2695 5043 ταραχῆς
2731 4966 3129 5040 ἀτρεμοῦντι-ις,
3175 4963 3428 5035 καθάπερ
3462 4978 3609 5033 πυρ-

2016 5063 2144 5129 σούς
2171 5082 2323 5130 τινας
2371 5063 2481 5118 ἀπὸ
2514 5061 2723 5134 ὑψηλῆς
2754 5060 3106 5134 φρυκτωρίας
3130 5099 3146 5125 ,
3184 5056 3284 5128 τὴν
3313 5054 3422 5109 τῶν
3452 5053 3607 5108 ἰδίων

2016 5153 2147 5225 βίων
2174 5153 2532 5226 λαμπρότητα
2570 5154 2682 5216 τοῖς
2709 5150 2994 5223 ἑπομένοις
3025 5145 3358 5219 προέθηκαν.
3386 5142 3604 5198 Οὐκοῦν

2012 5245 2210 5317 ἔχομεν
2240 5245 2375 5316 πρὸς
2421 5245 2481 5298 δν
2508 5242 2907 5306 ἀποϐλέποντες
2932 5238 3191 5311 ἀσφαλῶς
3229 5238 3322 5292 τὸν
3350 5231 3600 5289 κλύδωνα

2007 5339 2117 5392 τῶν
2146 5336 2465 5409 πειρασμῶν
2488 5336 2787 5405 διαφυγεῖν.
2829 5334 2894 5387 Τί
2926 5350 3016 5404 μοι
3044 5331 3523 5403 πολυπραγμονεῖς
3549 5324 3600 5377 εἰ

2008 5448 2152 5493 τινες
2200 5430 2307 5484 τῶν
2343 5428 2516 5484 ταῦτα
2569 5425 2957 5498 διανοηθέντων
2990 5421 3335 5495 ἡττήθησαν,
3369 5419 3469 5473 καὶ
3510 5417 3598 5472 διὰ

2006 5522 2164 5578 τοῦτο
2207 5520 2602 5599 ἀπογινώσκεις
2633 5519 2706 5585 ὡς
2753 5516 3036 5591 ἀμηχάνου
3089 5513 3183 5571 τοῦ
3229 5512 3601 5588 apinae-tog;
