3896 6204
230 286 329 345 “3

1550 292 1640 349 nn
1679 258 2140 351 vm'cmrrA'rs.

3371 293 3481 350 ιιι

225 404 375 477 Πρὸς
397 404 492 458 τὸν
518 405 918 478 κατωρθωκότα
944 408 1108 480 βλέπε
1124 449 1140 476 ,
1168 411 1264 466 καὶ
1292 410 1509 484 θαρρῶν
1542 415 1805 468 κατατόλ-

1925 412 2311 477 :onstituerint,
2344 412 2413 469 ab
2426 411 2575 468 omni
2596 409 2861 466 ﬂuctuum
2887 407 3297 481 perturbatione
3318 409 3479 483 longe

221 510 411 565 μησον
439 495 540 567 τῆς
574 495 778 567 ἀγαθῆς
809 498 1087 564 ναυτιλίας
1108 503 1176 573 τῇ
1219 502 1473 574 ἐπιπνοίᾳ
1523 502 1618 557 τοῦ
1654 503 1809 573 ἁγίου

218 584 553 656 Πνεύματος
574 626 590 650 ,
616 587 720 640 ὑπὸ
745 587 1052 663 κυϐερνήτῃ
1078 591 1159 664 τῷ
1187 593 1408 665 Χριστῷ
1439 595 1499 647 ὲν
1534 593 1614 665 τῷ
1643 595 1811 665 πηδα-

219 671 338 746 λίῳ
362 675 463 746 τῆς
487 677 822 749 εὐφροσύνης
852 680 1225 752 εὐθυνόμενος.
1257 684 1392 737 Οὐδὲ
1428 683 1537 755 γὰρ
1564 686 1612 739 oi
1654 702 1812 739 κατα-

220 762 516 829 ϐαίνοντες
544 769 623 830 είς
652 766 927 823 θάλασσαν
954 771 1013 824 ἂν
1042 772 1268 837 πλοίοις,
1298 774 1392 828 καὶ
1419 774 1696 839 ποιοῦντες
1723 777 1812 847 ἑρ-

221 854 431 924 γασίαν
469 857 529 910 ὲν
571 857 728 912 ὕδασι
776 861 1009 928 πολλοῖς,
1036 863 1098 917 τὸ
1133 864 1346 935 συμϐάν
1404 882 1507 920 τινι
1557 866 1810 934 ναυάγιον

224 944 461 1016 κώλυμα
502 946 611 1001 τῶν
638 946 872 1003 ἐλπίδων
899 950 1221 1023 πεποίηνται
1247 968 1262 983 ·
1303 952 1438 1007 ἀλλά
1464 953 1562 1025 τὴν
1600 953 1810 1024 ἀγαθὴν

226 1034 426 1088 ἐλπίδα
446 1036 655 1091 ἑαυτῶν
684 1037 1133 1112 προσαλλόμενοι,
1162 1043 1255 1097 ἐπὶ
1278 1043 1340 1097 τὸ
1362 1044 1532 1117 πέρας
1561 1044 1656 1097 τοῦ
1678 1061 1812 1099 κατ-

227 1125 554 1196 ορθώματος
584 1129 923 1203 σπεύδουσιν.
946 1127 1024 1186 Ἦ
1052 1132 1175 1205 οὐχὶ
1207 1134 1424 1190 πάντων
1467 1135 1813 1191 ἀτοπώτατον

229 1215 305 1271 ἀν
349 1218 457 1290 εἴη,
482 1217 544 1271 τὸ
568 1218 668 1289 μὲν
692 1220 961 1292 σφαλῆναι
990 1238 1112 1277 τινα
1140 1225 1200 1278 ἐν
1224 1224 1305 1296 τῷ
1329 1226 1694 1299 ὴκριϐωμένῳ
1717 1245 1814 1282 πο-

228 1309 399 1382 νηρὸν
431 1309 715 1378 τίθεσθαι,
753 1313 876 1367 ὅλον
904 1314 963 1368 δὲ
1007 1314 1100 1369 τὸν
1137 1316 1251 1388 βίον
1302 1318 1729 1390 καταγηρῶντας
1756 1322 1815 1374 ὲν

231 1400 547 1472 σφάλμασιν
591 1402 816 1475 ἄμεινον
855 1407 1104 1477 ἡγεῖσθαι
1158 1408 1507 1480 βουλεύεσθαι
1541 1426 1556 1478 ;
1589 1413 1653 1465 Et
1705 1412 1816 1484 γὰρ

229 1489 402 1545 δεινόν
432 1495 580 1547 ἐστιν
601 1496 752 1560 ἅπαξ
775 1499 1137 1569 προσεγγίσαι
1173 1502 1240 1573 τῇ
1284 1501 1529 1574 ἁμαρτία
1547 1543 1563 1568 ,
1608 1503 1704 1556 καὶ
1727 1502 1818 1558 διὰ

230 1580 392 1637 τοῦτο
418 1583 658 1654 ἀσφαλὲς
687 1583 830 1642 εἶναι
876 1587 1117 1659 νομίζεις
1143 1589 1205 1643 τὸ
1256 1591 1390 1662 μηδὲ
1424 1594 1690 1663 ἐγχειρεῖν
1738 1590 1816 1663 τῷ

234 1670 557 1745 ὑψηλοτέρῳ
584 1676 801 1748 σκοταῖν
831 1678 982 1751 πόσῳ
1022 1680 1401 1753 χαλεπώτερόν
1437 1683 1585 1737 ἐστιν
1626 1683 1817 1753 ἐπιτή-
1874 1749 1881 1756 ,

1913 505 2074 576 positi
2109 518 2301 562 secure
2347 503 2679 574 quiescunt,
2736 516 2958 572 sumque
2989 503 3114 556 vitae
3161 500 3346 555 lumen
3393 514 3479 557 sea

1912 595 2206 666 quentibus
2262 603 2519 662 tanquam
2577 593 2790 663 aliquas
2860 592 3104 648 caelestis
3170 591 3481 662 splendoris

1912 689 2157 743 ﬂammas
2183 687 2531 758 protendunt.
2555 684 2726 756 Igitur
2760 682 3044 747 habemus,
3072 696 3182 753 quo
3218 696 3319 737 nos
3351 695 3478 736 cum

1912 777 2333 848 respexerimus,
2363 774 2724 830 tentationum
2760 770 3142 826 ﬂuctuationes
3185 777 3306 824 tuto
3355 783 3480 839 per-

1915 868 2290 924 transibimus.
2336 866 2479 934 Quid
2508 865 2725 921 curibse
2764 878 2795 918 a
2826 878 2912 918 me
2941 862 3162 932 quaeris,
3192 876 3265 915 an
3295 861 3353 926 ii,
3383 856 3479 930 qui

1916 959 2031 1015 haec
2059 959 2175 1029 ipsa
2200 956 2721 1026 animadverterunt,
2743 952 3040 1022 aliquando
3060 949 3302 1021 superati
3333 946 3511 1004 sint?-

1915 1061 2079 1121 atque
2129 1056 2414 1119 propterea
2452 1047 2735 1116 desperas,
2770 1043 2929 1115 quasi
2961 1057 3049 1099 res
3089 1040 3207 1096 haec
3250 1038 3484 1096 diﬂicllis

1915 1142 2034 1199 sit?
2063 1140 2337 1195 Contuere
2376 1138 2445 1193 ad
2489 1152 2612 1193 eum
2645 1136 2741 1208 qui
2777 1134 3052 1206 perfectus
3078 1140 3200 1197 est,
3245 1130 3484 1202 fortique

1915 1248 1980 1289 ac
2005 1232 2189 1288 ﬁdenti
2222 1231 2405 1285 animo
2433 1237 2488 1285 te
2535 1228 2754 1298 optimae
2782 1227 2913 1282 huic
2962 1224 3329 1297 navigationi,
3378 1238 3484 1294 gu-

1914 1326 2206 1382 bernatore
2231 1322 2479 1385 Christo,
2528 1320 2767 1391 Spiritus
2805 1318 2981 1375 sancti
3030 1316 3234 1381 aﬂlatu,
3272 1323 3487 1384 tempe-

1915 1417 2211 1486 rantiaeqne
2262 1413 2477 1483 navigio
2528 1420 2718 1467 vectus
2774 1408 3073 1465 committe.
3109 1404 3297 1476 Neque
3335 1402 3485 1459 enim

1916 1508 2008 1580 qui
2032 1522 2179 1563 mare
2213 1505 2496 1575 navigant,
2532 1507 3011 1570 mercaturamque
3034 1496 3173 1553 mari
3202 1500 3485 1559 exercent,

1916 1600 1973 1656 hi
2007 1600 2074 1654 ab
2102 1598 2354 1653 instituto
2375 1594 2490 1665 spei
2518 1602 2683 1649 cursu
2708 1592 3003 1653 desistunt.
3056 1587 3344 1660 naufragio
3387 1583 3488 1641 de»

1916 1690 2114 1756 territi,
2137 1688 2280 1760 quod
2321 1686 2594 1759 quispiam
2632 1683 2865 1741 fecerit:
2901 1680 2999 1738 sed
3048 1680 3191 1737 bona
3238 1693 3339 1734 sua
3388 1690 3486 1746 spe

237 1761 418 1855 δευμα
443 1763 558 1835 βίου
600 1766 695 1838 τὴν
722 1769 994 1842 ἁμαρτίαν
1019 1772 1345 1844 ποιήσασθαι
1368 1813 1386 1840 ,
1416 1773 1511 1828 καὶ
1541 1772 1628 1829 διὰ
1658 1774 1815 1829 τοῦτο

1925 1782 2021 1855 ipsi
2045 1756 2267 1838 excitati
2290 1756 2357 1834 ad
2401 1756 2627 1849 perfecti
2676 1773 2924 1831 muneris
2975 1771 3138 1828 ﬁnem
3199 1768 3485 1826 festinant.

242 1854 513 1926 ἀμέτοχον
539 1857 755 1913 καθόλου
787 1858 889 1931 τῆς
916 1861 1307 1933 καθαρωτέρας
1331 1864 1605 1935 διαμεῖναι
1630 1864 1775 1936 ζωῆς
1797 1882 1813 1931 ;

242 1947 373 2013 Πῶς
393 1947 593 2023 ἀκούῃς
615 1951 708 2005 τοῦ
733 1952 1170 2025 ὲσταυρωμένου,
1198 1957 1228 2009 6
1254 1955 1381 2022 ζῶν,
1401 1955 1495 2010 τοῦ
1523 1956 1813 2011 ἀποθανόν-

243 2055 337 2124 τος
371 2044 438 2113 τῇ
473 2044 717 2117 ἁμαρτίᾳ
738 2083 755 2108 ,
782 2048 812 2100 6
848 2047 970 2101 κατ’
1018 2048 1189 2118 αὐτὴν
1222 2049 1479 2118 ὑγιαίνων
1502 2088 1517 2115 ,
1575 2050 1670 2105 τοῦ
1726 2068 1818 2105 κε-

240 2131 484 2198 λεύοντος
508 2134 608 2207 τὴν
650 2136 1008 2209 ἀκολούθησιν
1060 2128 1234 2192 ὀπίσω
1281 2138 1481 2205 αὐτοῦ,
1534 2138 1723 2210 ῶστερ
1762 2157 1817 2194 τι

234 2225 496 2294 τρόπαιον
552 2227 695 2281 κατά
738 2228 828 2282 τοῦ
880 2230 1281 2301 ’Δντικειμένου
1322 2231 1414 2286 τὸν
1445 2232 1675 2302 σταυρὸν
1723 2230 1817 2285 ἐπὶ

232 2316 327 2370 τοῦ
363 2316 617 2389 σώματος
660 2320 950 2392 φέροντος,
990 2323 1019 2374 6
1069 2322 1144 2393 μὴ
1196 2323 1596 2395 σταυρούμενος
1622 2322 1701 2393 τῷ
1728 2323 1819 2377 κό-

234 2425 359 2480 σμῳ
382 2451 399 2475 ,
443 2410 541 2463 καὶ
584 2410 682 2483 τὴν
708 2411 971 2483 νέκρωσιν
1006 2413 1106 2483 τῆς
1137 2414 1339 2486 σαρκὸς
1376 2414 1450 2486 μὴ
1499 2414 1816 2485 δεχόμενος;

233 2497 359 2563 Πῶς
403 2500 569 2571 πείθῃ
618 2501 696 2572 τῷ
729 2503 1134 2574 παρακαλοῦντί
1180 2521 1238 2557 σε
1271 2503 1488 2576 Παύλῳ,
1532 2505 1818 2574 παραστῆ-
1854 2564 1863 2572 _

233 2600 327 2644 σαι
348 2590 412 2643 τὸ
436 2592 598 2662 σῶμά
629 2609 723 2647 σου
752 2593 941 2648 θυσίαν
968 2594 1169 2663 ζῶσαν,
1202 2596 1382 2666 ἀγίαν,
1421 2596 1711 2664 εὐάρεστον
1742 2596 1820 2668 τῷ

230 2680 385 2752 Θεῷ,
417 2684 448 2736 6
480 2684 1015 2759 συσχηματιζόμενος
1053 2687 1131 2758 τῷ
1173 2687 1329 2743 αίῶνι
1358 2687 1568 2760 τούτῳ,
1611 2690 1705 2743 καὶ
1742 2690 1821 2761 μὴ

233 2774 762 2847 μεταμορφούμενος
785 2779 850 2848 τῇ
884 2776 1247 2832 ἀνακαινώσει
1273 2777 1368 2832 τοῦ
1391 2779 1510 2842 νοός
1536 2795 1651 2844 σου,
1685 2778 1822 2850 μηδὲ

232 2864 564 2933 περιπατῶν
606 2866 665 2920 ὲν
694 2869 763 2939 τῇ
794 2868 1075 2940 καινότητι
1124 2869 1226 2939 τῆς
1256 2867 1402 2938 ζωῆς
1426 2868 1661 2940 ταύτης,
1706 2870 1821 2923 ἀλλ’

232 2954 319 3008 ἔτι
342 2956 448 3026 τὴν
474 2956 798 3012 ἀκολουθίαν
821 2959 925 3030 τῆς
964 2959 1060 3013 τοῦ
1086 2959 1320 3013 παλαιοῦ
1356 2959 1645 3032 ἀνθρώπου
1678 2960 1825 3030 ζωῆς

1917 1876 2115 1930 Annon
2169 1872 2405 1927 maxime
2450 1869 2694 1925 omnium
2745 1865 3045 1922 absurdum
3094 1868 3263 1929 esset,
3295 1860 3388 1933 qui
3428 1859 3489 1916 in

1916 1974 2158 2022 errorem
2190 1962 2397 2019 incidat
2434 1962 2490 2016 in
2538 1957 2970 2030 exquisitissime
3007 1953 3226 2011 vivendi
3274 1953 3491 2008 ratione

1918 2056 2221 2127 improbum
2256 2069 2380 2110 eum
2407 2061 2619 2123 putare,
2648 2049 2756 2121 qui
2787 2063 2919 2105 vero
2975 2047 3032 2102 in
3064 2044 3214 2102 omni
3268 2043 3378 2098 vita
3431 2042 3489 2097 in

1918 2147 2068 2202 vitiis
2099 2142 2466 2204 consenescit,
2501 2139 2716 2210 opinari
2748 2152 2874 2193 eum
2918 2134 3115 2192 melius
3155 2129 3493 2189 consulere?

1922 2236 1978 2293 Si
2012 2237 2158 2294 enim
2188 2250 2358 2308 grave
2389 2242 2475 2289 est
2508 2230 2678 2287 semel
2717 2234 3006 2301 peccatum
3028 2226 3336 2289 admittere,
3367 2238 3492 2292 proa

1919 2338 2215 2402 ptereaque
2245 2326 2581 2383 tutissimum
2614 2336 2740 2379 esse
2780 2318 3006 2384 statuis,
3060 2315 3358 2372 sublimius
3387 2312 3493 2367 ali-

1921 2422 2066 2493 quod
2123 2420 2436 2476 institutnm
2502 2424 2613 2471 non
2685 2408 2909 2482 aggredi
2967 2425 2984 2464 :
3062 2415 3269 2478 quanto
3332 2403 3490 2475 pejus

1919 2523 2025 2579 est,
2060 2513 2107 2569 si
2161 2512 2286 2582 quis
2335 2509 2463 2563 vitae
2521 2503 2763 2562 studium
2825 2502 2880 2555 in
2941 2508 3167 2572 peccato
3213 2496 3489 2560 adhibeat,

1920 2618 2150 2673 eamque
2186 2602 2257 2656 ob
2290 2612 2511 2654 causam
2546 2593 2825 2666 puriorem
2884 2593 3051 2646 vitam
3101 2588 3328 2644 omnino
3377 2600 3491 2641 non

1920 2688 2586 2766 experiaturiQuomodo
2619 2688 2712 2758 qui
2772 2685 2928 2749 vivit,
2983 2681 3329 2743 cruciﬁxum,
3392 2676 3491 2748 qui

1923 2794 2146 2859 peccato
2172 2792 2399 2855 vegetus
2428 2788 2534 2844 est,
2571 2785 2798 2850 peccato
2830 2782 3105 2830 mortuum
3136 2770 3320 2826 audiet
3350 2783 3491 2840 praaa

1922 2858 2217 2949 cipientem
2253 2882 2313 2929 ut
2346 2873 2524 2944 ipsum
2553 2877 2836 2940 sequatur,
2857 2879 3076 2921 crucem
3112 2862 3261 2917 velut
3288 2858 3492 2915 hostile

1922 2979 2186 3041 tropzeum
2237 2978 2470 3037 corpore
2510 2962 2812 3026 ferentem,
2849 2959 2898 3016 is
2928 2954 3027 3030 qui
3060 2968 3239 3027 neque
3287 2950 3496 3007 mundo

236 3046 560 3139 περιέπωνξ
610 3048 740 3113 Πῶς
794 3050 1092 3121 ίερατεύεις
1142 3044 1299 3121 Θεῷ,
1339 3050 1511 3104 καίτοι
1565 3052 1644 3115 είς
1692 3052 1823 3105 αὐτὸ

1925 3062 2253 3127 cruciﬁxus,
2304 3071 2481 3126 neque
2544 3063 2769 3110 carnem
2832 3049 3164 3107 mortilicare
3225 3043 3489 3115 dignatus

234 3138 399 3192 τοῦτο
425 3139 666 3210 χρισθεὶς
688 3181 704 3206 ,
753 3143 835 3205 είς
864 3142 926 3196 τὸ
975 3142 1308 3214 προσφέρειν
1349 3142 1518 3212 δῶρον
1545 3142 1622 3213 τῷ
1665 3142 1784 3213 Θεῷ
1805 3182 1821 3208 ν

131 3236 139 3243 ’
236 3228 412 3302 δῶρον
454 3230 513 3285 δὲ
552 3231 654 3286 ούκ
702 3233 983 3307 ἀλλότριόν
1016 3252 1071 3287 τι
1117 3234 1372 3299 πάντως,
1409 3234 1530 3288 οὐδὲ
1577 3234 1827 3290 ὑποϐολι-

242 3326 402 3392 μαῖον
422 3323 489 3376 ἐκ
509 3323 621 3377 τῶν
649 3323 847 3390 ἔξωθέν
886 3342 968 3378 σοι
998 3326 1417 3398 παρεπομένων,
1442 3324 1582 3379 ἀλλὰ
1608 3325 1668 3378 τὸ
1690 3324 1823 3395 ἀλη-

244 3411 351 3476 θῶς
385 3412 501 3480 σὺν,
531 3413 670 3486 ὅπερ
692 3414 842 3469 ἐστὶν
869 3416 899 3469 6
926 3415 1034 3471 ἔσω
1059 3412 1343 3486 ἄνθρωπος
1362 3457 1379 3481 ,
1416 3414 1623 3479 τέλειός
1647 3432 1708 3468 τε
1732 3406 1853 3468 καί

244 3504 472 3573 ἄμωμος
504 3500 647 3558 εἶναι
675 3505 925 3578 ὀφεᾶων,
954 3506 1097 3561 κατά
1130 3507 1222 3561 τὸν
1262 3507 1390 3580 περὶ
1419 3505 1514 3560 τοῦ
1539 3504 1713 3577 ἀμνοῦ
1738 3505 1828 3559 νόε-

246 3610 341 3664 μον
362 3634 378 3655 .
416 3595 602 3667 πάσης
644 3597 860 3667 κηλίδος
904 3610 967 3654 τε
1012 3602 1109 3655 καὶ
1149 3599 1331 3671 λώϐης
1377 3597 1826 3671 ἀπηλλαγμένονς

244 3686 367 3751 Πῶς
420 3684 517 3741 οὖν
565 3689 736 3743 ταῦτα
768 3691 1077 3762 προσοίσεις
1102 3691 1253 3763 Θεῷ,
1299 3693 1330 3745 6
1364 3691 1438 3764 μὴ
1472 3690 1684 3746 ἀκούων
1711 3690 1804 3745 τοῦ

243 3778 557 3833 κωλύεσθαι
581 3781 829 3852 ἱερᾶσθαι
854 3784 948 3839 τὸν
976 3785 1206 3853 ἄναγνον
1230 3801 1246 3850 ;
1279 3785 1343 3837 Et
1365 3784 1421 3838 δὲ
1454 3785 1547 3838 καὶ
1575 3784 1669 3837 τὸν
1697 3783 1830 3839 Θεὺν

243 3869 584 3941 ἐπιφανῆναί
615 3888 693 3926 σοι
734 3872 953 3941 ποθεῖς,
990 3875 1044 3929 τί
1073 3876 1174 3930 οὐκ
1210 3875 1430 3939 ἀκούεις
1450 3874 1544 3929 τοῦ
1566 3874 1829 3940 Μωσέως,

246 3961 585 4033 καθαρεύειν
612 3964 713 4017 ἀπὸ
734 3965 916 4037 γάμου
942 3965 1020 4037 τῷ
1046 3966 1162 4039 λαῷ
1199 3966 1673 4040 παραγγέλλοντος
1695 4005 1711 4030 ,
1744 3966 1831 4019 ἵνα

248 4056 545 4126 χωρήσωσι
580 4055 667 4108 τοῦ
688 4056 824 4110 θεοῦ
852 4056 952 4129 τὴν
978 4057 1317 4129 ἰμφάνειαν;
1352 4059 1414 4113 El
1447 4058 1504 4112 δὲ
1546 4057 1719 4130 μικρά
1746 4074 1831 4111 σοι

245 4145 421 4200 ταῦτα
449 4145 621 4209 δοκεῖ,
658 4146 721 4202 τὸ
781 4150 1225 4222 συσταυρωθῆναι
1258 4142 1479 4222 Χριστῷ
1498 4190 1516 4216 ,
1544 4151 1607 4204 τὸ
1654 4165 1833 4222 παρα-

247 4236 448 4309 στῆσαι
490 4238 685 4294 ἐαυτὸν
727 4239 919 4295 θυσίαν
948 4240 1106 4313 Θεῷ,
1138 4241 1201 4294 τὸ
1240 4240 1392 4313 ίερέα
1444 4239 1699 4311 γενέσθαι
1736 4237 1832 4294 τοῦ

348 4328 380 4383 ὖ
413 4328 515 4384 τοῦ
548 4330 822 4417 ύψίστου,
856 4332 918 4386 τὸ
957 4332 1058 4405 τῆς
1109 4332 1349 4404 μεγάλης
1402 4331 1496 4387 τοῦ
1534 4330 1670 4387 Θεοῦ
1720 4333 1835 4385 ἑπι-

1924 3163 2009 3209 est
2030 3153 2053 3206 ?
2077 3148 2361 3218 Quomodo
2388 3147 2582 3208 Paulo,
2616 3143 2710 3214 qui
2768 3150 2821 3197 te
2854 3141 2940 3198 his
2992 3138 3179 3195 verbis
3232 3135 3497 3190 adhorta-

1926 3254 2017 3298 tur
2034 3241 2124 3296 ὀι
2169 3258 2189 3292 ι
2222 3238 2430 3292 Exhibe
2475 3248 2676 3304 corpus
2724 3238 2878 3286 tuum
2928 3228 3162 3283 hostiam
3201 3224 3495 3287 viventem,

1927 3340 2194 3395 sanctam,
2222 3324 2335 3384 Deo
2375 3327 2678 3398 placentem
2700 3363 2715 3387 ,
2751 3340 2770 3375 ι
2798 3322 3166 3390 obtemperas,
3188 3316 3284 3387 qui
3330 3314 3497 3385 hujus

1930 3422 2111 3479 saeculi
2140 3420 2385 3474 habitum
2419 3414 2645 3480 induis;
2681 3413 2775 3485 qui
2817 3426 2996 3482 neque
3038 3409 3240 3464 mentis
3274 3415 3381 3462 tua:
3410 3419 3499 3460 re-

1928 3516 2220 3572 novatione
2265 3510 2613 3572 immutatus,
2675 3514 2853 3576 neque
2892 3517 3090 3559 novam
3141 3499 3313 3570 hujus
3370 3496 3500 3555 vitae

1928 3607 2073 3664 viam
2130 3605 2413 3674 ingressus
2466 3596 2667 3655 veteris
2703 3594 2944 3653 hominis
3001 3593 3130 3648 vim
3183 3590 3507 3646 institutum

1932 3693 2318 3771 persequeris?
2377 3686 2661 3757 Quomodo
2710 3678 2805 3741 Dei
2857 3681 3165 3741 sacerdotio
3205 3677 3494 3749 fungeris,

1930 3765 2024 3859 qui
2060 3785 2127 3841 ad
2157 3784 2263 3839 hoc
2291 3782 2495 3852 ipsum,
2524 3784 2583 3833 ut
2608 3791 2806 3831 munus
2848 3773 3097 3840 offerres,
3140 3777 3344 3827 unctus
3389 3765 3502 3825 es?

1931 3881 2126 3936 Munus
2146 3890 2277 3933 sane
2302 3888 2412 3928 non
2441 3869 2670 3927 omnino
2714 3868 2978 3934 alienum,
3027 3878 3206 3935 neque
3248 3859 3504 3932 supposi‘

1930 3972 2046 4026 tum
2076 3985 2139 4024 ex
2170 3966 2260 4031 iis,
2290 3978 2411 4035 qua:
2434 3961 2532 4016 tibi
2572 3958 2918 4015 extrinsecus
2950 3955 3233 4019 eveniunt,
3286 3951 3384 4008 sed
3412 3966 3505 4007 reo

1931 4076 2059 4118 vera
2088 4067 2269 4125 tuum,
2292 4049 2439 4127 quod
2466 4060 2553 4110 est
2581 4050 2744 4106 homo
2773 4057 2899 4105 tuus
2935 4047 3189 4109 interior,
3236 4043 3331 4114 qui
3373 4049 3504 4097 tan-

1932 4165 2095 4222 quam
2126 4161 2299 4219 agnus
2338 4144 2625 4204 innocens,
2667 4141 2722 4194 et
2744 4137 3019 4209 perfectus
3054 4149 3175 4191 esse
3211 4132 3398 4222 debet.
3432 4130 3506 4222 ab

1933 4217 2191 4309 omnique
2231 4232 2446 4291 macula
2491 4243 2558 4285 ae
2594 4227 2852 4285 sordibus
2899 4232 3165 4279 remotus.
3210 4217 3499 4287 Quomodo

1935 4333 2052 4388 haec
2077 4330 2198 4400 ipsa
2230 4326 2342 4383 Deo
2385 4321 2603 4387 oderes,
2667 4318 2763 4389 qui
2827 4315 2935 4387 legi
2992 4328 3103 4369 non
3154 4311 3505 4381 obtempera:

246 4418 476 4487 φανείας
496 4399 795 4492 ἀξιωθῆναι
825 4436 841 4452 ⁸
863 4421 918 4475 τί
950 4399 1034 4476 σοι
1063 4399 1267 4477 τούτων
1293 4399 1667 4495 ἐπινοήσωμεν
1703 4421 1823 4494 ὑψη-

1936 4418 2269 4495 prohibenti,
2312 4430 2383 4472 ne
2423 4425 2586 4471 sacra
2620 4408 2872 4480 impurus
2905 4404 3071 4462 iaciat
3092 4405 3118 4459 2
3140 4402 3220 4459 Ac
3256 4401 3306 4495 si
3336 4399 3503 4457 Deum

245 4508 500 4582 λότερον,
529 4510 689 4584 είτὲερ
742 4528 826 4566 σοι
866 4512 1039 4586 μικρά
1068 4514 1163 4568 καὶ
1190 4513 1260 4568 τὰ
1286 4514 1395 4569 ἀπὸ
1419 4512 1621 4568 τούτων
1646 4512 1787 4579 δόξει
1813 4530 1830 4581 ;

259 4603 355 4657 Ἕκ
389 4602 494 4673 μὲν
532 4603 643 4675 γὰρ
678 4605 773 4659 τοῦ
805 4605 1285 4678 συσταυρωθῆναί,
1308 4606 1402 4661 καὶ
1432 4604 1663 4677 συζῆσαι
1683 4644 1700 4671 ,
1736 4605 1834 4660 κα)⁸

253 4694 679 4768 συνδοξασθῆναι
703 4736 720 4763 ,
746 4698 842 4752 καὶ
875 4692 1304 4772 ωμὸασιλεῦσαι
1351 4699 1734 4770 προσγίνεται·
1766 4700 1833 4753 ἐκ

250 4785 312 4840 δὲ
334 4789 431 4843 τοῦ
454 4790 653 4845 ἑαυτὸν
684 4792 1035 4863 παραστῆσαι
1070 4792 1147 4864 τῷ
1170 4790 1290 4863 Θεῷ
1313 4832 1328 4858 ,
1367 4791 1474 4846 ἀπὸ
1494 4790 1593 4861 τῆς
1623 4791 1834 4864 ἀνθρω-

252 4878 418 4947 acim;
452 4878 671 4947 φύσεως
699 4883 792 4935 καὶ
817 4882 975 4949 ἀξίας
997 4920 1014 4946 ,
1046 4882 1127 4945 είς
1150 4883 1250 4948 τὴν
1279 4881 1573 4953 ἀγγελικήν
1595 4883 1710 4935 ἐστι
1735 4898 1833 4952 με·

248 4968 609 5034 τατᾶξασθαι.
636 4971 794 5026 Οὖτω
822 4974 930 5044 γάρ
960 4989 1096 5044 φησι
1126 4972 1222 5027 καὶ
1249 4973 1279 5026 6
1323 4973 1520 5045 Δανιὴλ
1544 5013 1561 5038 ,
1590 4974 1673 5028 ὅτι
1706 4993 1724 5026 ι
1742 4974 1834 5028 Χί-

248 5065 368 5112 λιαι
397 5060 632 5130 χιλιάδες
656 5065 1116 5135 παρειστήκεισαν
1143 5062 1313 5135 αὐτῷ.
1344 5083 1364 5117 ι
1408 5065 1467 5119 '0
1492 5064 1550 5118 δὲ
1574 5065 1674 5135 τῆς
1697 5065 1832 5138 ἀλη-

245 5150 411 5222 θινῆς
450 5153 752 5225 ἱερωσύνης
790 5156 1122 5229 λαὸόμενος,
1152 5156 1246 5211 καὶ
1273 5156 1352 5229 τῷ
1396 5156 1618 5228 μεγάλῳ
1648 5157 1834 5227 ἀρχιε-

243 5246 343 5312 ρεῖ
367 5245 560 5301 ἑαυτὸν
591 5249 855 5315 συντάξας
872 5289 888 5313 ,
926 5249 1078 5320 μένει
1106 5250 1325 5314 πάντως
1347 5250 1440 5303 καὶ
1464 5248 1626 5314 αὐτὸς
1656 5249 1836 5320 ἱερεὺς

241 5337 335 5398 εὶς
366 5333 461 5389 τὸν
483 5336 677 5401 αἰῶνα,
707 5338 887 5393 οὐκέτι
918 5340 1132 5413 θανάτῳ
1165 5339 1505 5413 παραμένειν
1534 5338 1615 5403 είς
1646 5338 1708 5393 τὸ
1752 5339 1832 5393 δι-

244 5427 453 5499 ηνεκὲς
478 5428 834 5499 κωλυόμενος.
861 5430 968 5486 ’1ὀῦ
1003 5432 1060 5486 δὲ
1081 5432 1174 5487 τὸν
1209 5430 1343 5487 Θεὸν
1368 5431 1539 5485 εἰπεῖν
1568 5428 1836 5494 καταξιω-

246 5519 423 5605 θῖὶνπ
465 5517 598 5573 εδεῖν
623 5560 637 5585 ν
675 5522 775 5576 0'57-
798 5521 955 5588 ἄλλος
985 5523 1068 5590 τίς
1092 5526 1237 5584 ἐστιν
1274 5525 1303 5580 ὁ
1342 5522 1583 5597 καρπὸς,
1624 5521 1656 5591 ἢ
1706 5520 1839 5576 αὐτὸ

330 5695 377 5727 ⁸⁸
411 5691 569 5751 item.
604 5712 701 5757 xu.
734 5699 782 5754 l.

1933 4488 2031 4568 tibi
2053 4520 2317 4581 apparere
2342 4501 2577 4575 expetis,
2602 4496 2737 4570 quid
2765 4509 2946 4552 causa
2970 4501 3076 4560 est,
3118 4507 3215 4547 cur
3256 4488 3499 4561 Moysem

1933 4619 2045 4659 non
2076 4600 2292 4665 audias,
2324 4596 2419 4668 qui
2447 4590 2651 4665 populo
2708 4587 2897 4654 edicit,
2922 4593 2984 4643 ut
3011 4600 3042 4640 ι
3085 4581 3292 4651 nuptiis
3336 4594 3507 4652 purus

1939 4696 2033 4759 sit.
2061 4706 2175 4764 quo
2208 4691 2303 4746 Dei
2342 4696 2626 4759 aspectum
2675 4676 3141 4750 comprehendat?
3178 4674 3278 4730 Sin
3310 4671 3506 4742 exigua

1935 4787 2051 4843 hac
2084 4763 2198 4840 tibi
2233 4782 2509 4845 videntur,
2547 4790 2675 4833 eum
2720 4772 2943 4831 Christo
2979 4768 3143 4826 simul
3183 4763 3508 4822 cruciﬁxum

1936 4890 2079 4942 esse,
2113 4888 2174 4930 se
2200 4872 2379 4944 ipsum
2407 4867 2644 4924 hostiam
2686 4861 2796 4935 Deo
2837 4859 3120 4923 exhibere,
3165 4853 3509 4944 sacerdotem

1942 4967 2054 5023 ﬁeri
2082 4943 2379 5026 Altissimi,
2430 4968 2735 5028 magnoque
2784 4952 2878 5007 illo
2924 4948 3023 5005 Dei
3072 4947 3367 5020 splendore
3410 4943 3502 5000 di-

1940 5072 2106 5129 gnum
2131 5053 2318 5109 haberi
2341 5068 2357 5106 :
2378 5064 2500 5122 qua:
2524 5047 2719 5102 altiora
2744 5057 2844 5099 nos
2871 5041 2966 5096 tibi
2986 5037 3505 5129 commentabimur,

1941 5114 1988 5202 si
2019 5159 2141 5217 qua).
2170 5159 2239 5199 ex
2273 5141 2342 5198 iis
2374 5114 2807 5208 consequantur,
2862 5130 3001 5187 levia
3047 5130 3216 5185 etiam
3251 5114 3510 5197 putabis?

1945 5214 2115 5294 Exeo
2147 5235 2292 5293 enim
2327 5232 2475 5304 quod
2522 5228 2686 5287 simul
2716 5224 3058 5295 eruciligare,
3085 5235 3193 5275 una
3224 5218 3388 5274 etiam
3429 5214 3511 5270 via-

1942 5343 2068 5384 vere
2098 5342 2165 5382 ac
2208 5322 2381 5397 gloria
2429 5319 2625 5377 ﬂorere
2664 5327 2720 5374 et
2764 5329 2993 5387 regnare
3039 5310 3385 5382 acquiritur;
3440 5320 3510 5362 ex

1943 5434 2009 5477 eo
2067 5426 2270 5482 autem,
2322 5414 2466 5486 quod
2517 5410 2758 5482 seipsum
2802 5406 2913 5464 Deo
2944 5405 3070 5476 quis
3119 5400 3388 5465 exhibuit,
3442 5398 3512 5451 ait

1946 5517 2183 5572 humana
2244 5519 2443 5568 natura
2502 5503 2874 5578 dignitateque
2929 5500 3057 5557 licet
3099 5497 3154 5553 in
3210 5492 3511 5568 angelicam
