3896 6204
335 242 446 302 415
1571 243 1626 299 S.
1660 242 1918 300 GREGOI

2020 244 2303 300 NYSSEM
3485 242 3631 302 416

334 365 682 423 commutari.
709 366 784 420 lta
810 364 956 420 enim
990 363 1218 420 Daniel:
1256 381 1274 415 ι
1304 363 1500 418 Millies
1523 363 1566 394 "
1597 363 1744 418 mille
1773 365 1904 419 asti-

2020 365 2163 419 τοῦτο
2212 365 2268 419 τὸ
2306 365 2710 436 καταξιωθῆναι
2743 365 2834 419 τὸν
2879 364 3011 418 Θεὸν
3055 365 3204 418 ἰδεῖν.
3251 363 3437 435 Πὰσης
3477 366 3630 437 γὰρ

335 465 521 513 terunt
544 458 615 511 ci.
642 477 661 510 ι
685 455 789 522 Qui
816 465 996 510 autem
1023 463 1108 511 est
1128 455 1196 510 ab
1215 470 1282 510 eo
1302 462 1579 525 acceptus,
1607 455 1700 524 qui
1724 470 1909 509 verum

2020 440 2224 519 ἐλπίδος
2253 458 2286 527 ἡ
2323 456 2574 527 κορυφὴ,
2623 457 2714 510 καὶ
2750 456 2930 527 πάσης
2979 456 3276 525 ἐπιθυμίας
3298 497 3314 521 ,
3346 456 3630 526 εὐλογίας

336 547 665 603 sacriﬁcium
714 555 820 610 est,
859 561 1185 616 summoque
1219 546 1564 601 sacerdotum
1592 545 1823 616 principi
1855 561 1912 601 se

2020 564 2070 600 rs
2092 545 2225 600 Θεοῦ
2246 587 2260 610 ,
2292 548 2620 615 ἐπαγγελίας
2652 547 2834 617 πάσης
2859 587 2872 610 ,
2906 548 3000 599 καὶ
3043 547 3150 599 τῶν
3179 529 3438 618 ἀρρήτων
3467 549 3626 615 ἁγα-

336 641 514 708 ipsum
542 637 849 705 constituit,
902 646 1086 692 manet
1117 638 1342 690 omnino
1382 643 1434 690 et
1483 635 1603 705 ipse
1651 635 1912 690 sacerdos

2020 637 2140 703 θῶν,
2171 637 2276 691 τῶν
2319 637 2456 708 ὑπὲρ
2488 637 2740 707 αἴσθησίν
2777 656 2836 691 τε
2868 640 2962 692 καὶ
2991 638 3192 706 γνῶσιν
3223 638 3624 708 πεπιστευμέ-

335 731 392 784 in
432 738 723 790 :etcrnum,
752 744 855 784 nec
887 744 916 782 a
956 736 1132 784 morte
1165 730 1217 782 in
1270 727 1664 797 sempiternum
1697 742 1911 797 perma-

2020 745 2116 780 νων
2141 768 2155 791 ,
2187 728 2248 781 τὸ
2281 729 2455 798 πέρας
2491 730 2584 781 καὶ
2613 729 2674 781 τὸ
2707 729 3000 797 κεφάλαιον
3033 728 3189 781 τοῦτό
3231 729 3378 781 ἐστιν
3401 771 3417 793 ,
3444 729 3473 781 ὃ
3503 729 3616 782 καὶ

336 837 468 876 uere
517 821 864 892 prohibetur.
900 820 1064 881 Illius,
1090 835 1240 884 vero,
1274 819 1368 889 qui
1403 819 1626 888 dignum
1657 834 1714 873 se
1744 818 1910 874 Deum

2020 817 2267 888 5Μωσῆς
2297 817 2423 870 ἰδεῖν
2467 817 2771 888 ἐπεπόθησε
2796 857 2810 880 ,
2844 819 2936 871 καὶ
2971 818 3155 870 πολλοὶ
3184 821 3460 889 προφῆται
3505 819 3613 870 καὶ

2013 911 2249 981 βασιλεῖς
2278 909 2632 980 ἐπεθύμησαν
2652 927 2667 942 ’
2701 910 2977 977 ἀξιοῦνται
3015 911 3070 962 δὲ
3102 911 3250 980 μόνοι
3279 911 3329 962 οἱ
3365 911 3613 980 καθαροὶ

2009 1004 2075 1072 τῇ
2106 1000 2322 1071 καρδίᾳ,
2353 1002 2400 1052 oi
2427 999 2516 1053 διὰ
2532 998 2688 1054 τοῦτο
2710 1000 2876 1064 ὅντως
2908 1000 3166 1070 μακάριοι
3196 999 3290 1053 καὶ
3324 999 3478 1061 ὄντες
3503 999 3614 1052 καὶ

2009 1092 2420 1162 ὀνομαζόμενοι,
2455 1093 2536 1145 ὅτι
2575 1091 2728 1145 αὐτοὶ
2757 1091 2847 1144 τὸν
2876 1091 3008 1144 Θεὸν
3031 1091 3252 1160 ὄψονται
3277 1106 3291 1118 ·
3325 1085 3400 1143 ὧν
3433 1089 3610 1141 ἕνεκα

2012 1188 2107 1239 καὶ
2140 1187 2199 1238 σὲ
2231 1184 2531 1256 βουλόμεθα
2564 1183 2816 1252 γενέσθαι
2862 1181 3312 1252 συσταυρωθέντα
3352 1179 3608 1251 Χριστῷ,

2011 1278 2364 1349 παραστάντα
2392 1276 2469 1347 τῷ
2493 1275 2612 1346 Θεῷ
2642 1275 2803 1343 ἁγνὸν
2839 1275 2986 1346 ἱερέα
3005 1315 3019 1338 ,
3052 1275 3147 1326 καὶ
3186 1272 3423 1343 καθαρὸν
3447 1272 3612 1342 θῦμα.

2011 1371 2321 1440 γενόμενον,
2357 1371 2414 1423 ὲν
2448 1369 2597 1440 πάσῃ
2627 1366 2958 1438 καθαρότητι
2986 1365 3072 1419 διὰ
3099 1366 3196 1436 τῆς
3228 1364 3450 1430 ἁγνείας
3475 1363 3612 1414 ἑαυ-

2011 1461 2100 1514 τὸν
2129 1462 2492 1531 ὲτοιμάσαντα
2519 1462 2585 1530 τῇ
2627 1457 2722 1511 τοῦ
2749 1457 2880 1511 Θεοῦ
2911 1457 3212 1528 παρουσία·
3247 1456 3336 1509 ἵνα
3377 1456 3471 1508 καὶ
3497 1453 3614 1506 αὑ-

336 1545 630 1615 prophctzn,
663 1545 767 1600 hoc
818 1553 872 1600 et
929 1560 1085 1614 reges
1153 1545 1343 1600 videre
1413 1544 1747 1612 cupierunt:
1806 1545 1910 1599 soli

2020 1553 2100 1616 τὸς
2130 1553 2246 1624 ἴδῃς
2293 1553 2385 1605 τὸν
2427 1552 2560 1605 Θεὸν
2600 1553 2658 1603 ὲν
2707 1549 2921 1619 καθαρᾷ
2962 1551 3027 1619 τῇ
3075 1547 3288 1618 καρδίᾳ,
3326 1543 3469 1598 κατὰ
3497 1543 3612 1613 τὴν

334 1652 467 1692 vero
529 1637 581 1690 hi
620 1638 766 1708 digni
809 1644 1092 1708 putantur,
1124 1636 1218 1706 qui
1281 1635 1447 1690 corde
1482 1637 1641 1716 puri,
1698 1637 1792 1706 qui
1841 1636 1912 1692 ob

2020 1643 2348 1710 ἐπαγγελίαν
2405 1643 2498 1696 τοῦ
2553 1641 2688 1694 Θεοῦ
2745 1640 2841 1694 καὶ
2903 1639 3150 1708 Σωτῆρος
3197 1636 3354 1708 ἡμῶν
3416 1633 3610 1705 Ἰησοῦ

335 1727 441 1781 hoc
471 1728 648 1798 ipsum
683 1729 822 1782 beati
854 1734 985 1782 sunt
1021 1735 1075 1782 et
1130 1725 1423 1791 habentur,
1483 1726 1742 1794 quoniam
1802 1727 1907 1796 ipsi

2020 1731 2284 1802 Χριστοῦ,
2315 1726 2361 1801 ᾧ
2396 1735 2430 1803 ἠ
2477 1731 2602 1796 δόξα
2653 1733 2733 1794 είς
2776 1730 2905 1792 τοὺς
2947 1727 3150 1790 αἰῶνας
3195 1727 3302 1780 τῶν
3353 1725 3606 1780 αἰώνων.

337 1817 506 1872 Deum
533 1818 796 1872 videbunt
821 1820 908 1884 ²²;
944 1833 1010 1872 ex
1052 1817 1256 1887 quibus
1293 1827 1343 1871 te
1397 1832 1562 1870 unum
1594 1818 1709 1871 ﬁcri
1749 1818 1911 1872 volu-

2032 1821 2084 1872 ‘A
2097 1821 2223 1892 μήν.

337 1925 480 1970 mus,
516 1909 609 1977 qui
653 1923 777 1962 cum
811 1908 1031 1965 Christo
1081 1925 1189 1964 una
1247 1910 1567 1973 cruciﬁxus,
1621 1918 1675 1965 te
1714 1926 1912 1981 purum
1954 1914 2294 1968 sacerdotem
2332 1913 2444 1969 Deo
2472 1913 2777 1968 exhibeas:
2825 1911 2986 1982 quive
3035 1907 3182 1966 omni
3253 1921 3390 1978 pura
3453 1906 3617 1962 inte-

338 2003 533 2068 gritate
569 1998 900 2055 sacriﬁcium
950 2017 1147 2072 purum
1220 2001 1400 2058 factus
1440 2003 1738 2070 castitatis,
1807 2005 1982 2075 ipsius
2022 2006 2276 2074 prtesidio
2307 2014 2359 2061 te
2385 2006 2453 2060 ad
2484 2009 2775 2061 adventum
2816 2004 3029 2059 Domini
3061 2018 3240 2072 pares.
3268 2009 3327 2054 ut
3365 2007 3420 2054 tu
3454 2014 3616 2069 quo-

337 2108 443 2158 que
474 2109 611 2163 puro
633 2093 797 2149 corde
833 2094 1001 2150 Deum
1037 2095 1298 2165 aspicias,
1328 2103 1388 2150 ut
1418 2097 1712 2167 promissio
1756 2099 1914 2155 nobis
1955 2100 2098 2154 facta
2123 2109 2208 2155 est
2257 2115 2287 2154 a
2334 2101 2444 2156 Deo
2480 2099 2878 2171 Servatoreque
2943 2106 3135 2154 nostro
3175 2096 3306 2153 Jesu
3343 2095 3610 2159 Christo,

336 2199 460 2240 cum
497 2200 606 2255 quo
637 2184 810 2254 gloria
839 2185 1193 2255 omnipotenti
1227 2188 1360 2254 Deo,
1397 2203 1507 2242 una
1546 2203 1670 2244 cum
1704 2189 1914 2261 Spiritu
1952 2201 2142 2249 sancto
2171 2193 2228 2247 in
2261 2192 2593 2263 sempiterna
2619 2192 2839 2248 satcula.
2869 2190 3066 2245 Amen.

334 914 520 968 videre
555 913 787 982 putavit,
826 928 934 966 non
967 912 1165 982 aliquis
1195 910 1334 966 alius
1365 909 1581 965 fructus
1607 918 1712 972 est,
1745 925 1910 980 quam

334 1006 440 1059 hoc
465 1005 665 1075 ipsum,
715 1021 910 1076 nempe
940 1004 1085 1075 quod
1128 1004 1300 1058 Deum
1339 1002 1525 1058 videre
1577 1002 1775 1072 dignus
1810 1003 1910 1056 ha-

336 1096 484 1150 bitus
510 1106 612 1150 est.
641 1095 831 1150 Omnis
868 1095 1012 1148 enim
1049 1094 1164 1164 spei
1197 1109 1433 1158 summa,
1472 1095 1654 1147 omnis
1704 1094 1910 1163 cupidi-

337 1190 466 1241 tatis
494 1185 781 1256 perfectio,
815 1186 996 1239 omnis
1023 1193 1080 1240 et
1105 1185 1507 1250 beneﬁcentiae,
1554 1192 1608 1238 et
1653 1184 1910 1254 promissi

336 1274 527 1340 divini,
559 1287 612 1330 et
649 1275 1006 1329 iueﬁ‘abilium
1039 1277 1329 1339 bonorum,
1366 1291 1488 1344 qua;
1519 1290 1695 1344 neque
1719 1290 1909 1338 sensu,

337 1382 516 1435 neque
551 1367 863 1436 cognitione
893 1366 1098 1436 percipi
1135 1382 1296 1437 posse
1343 1365 1551 1420 credita
1599 1376 1746 1431 sunt,
1789 1365 1911 1422 ﬁnis

335 1455 424 1508 hic
446 1463 527 1508 est
548 1462 710 1523 atque
733 1462 917 1524 caput.
948 1453 1061 1508 llo-c
1079 1453 1290 1523 Moyses
1315 1454 1597 1525 expetivit,
1620 1454 1723 1508 hoc
1751 1455 1910 1508 multi

407 2340 447 2370 ¹¹
479 2338 690 2395 Daniel.
722 2356 824 2405 vn,
860 2342 946 2396 10.
1025 2343 1072 2372 ¹²
1103 2323 1294 2398 Matth.
1323 2357 1378 2410 v,
1407 2341 1461 2396 8.

341 2533 3570 2565 mm

1036 2699 1337 2816 ΤΟΥ
1423 2699 1916 2815 ΑΥΤΟΥ
2025 2700 2888 2819 ΓΡΗΓΟΡΙΟΥ

655 2927 943 3016 ΠΡΟΣ
1015 2930 1306 3021 ΤΟΥΣ
1381 2919 2168 3014 ΒΡΑΔΥΝΟΝΤΑΣ
2240 2927 2412 3012 ΕΙΣ
2485 2928 2632 3011 ΤΟ
2704 2919 3288 3021 ΒΑΠΤΙΣΜΑ.

1167 3289 1802 3408 EJUSDEM
1889 3288 2010 3403 S.
2107 3285 2786 3405 GREGORII

343 3529 956 3628 ADVERSUS
1024 3525 1246 3622 EOS
1307 3531 1518 3636 QUI
1587 3529 2289 3619 DIFFERUNT
2339 3501 3040 3616 BAPTISMUM
3083 3516 3599 3616 ORATIO.

1571 3725 1798 3778 Gentium
1821 3724 2028 3816 Hervelo
2045 3726 2319 3794 interprete.

1921 3904 1992 3918 —

422 4033 592 4104 llujus
624 4035 814 4090 mundi
848 4049 1024 4106 reges,
1065 4050 1188 4091 cum
1217 4037 1362 4108 leges
1412 4038 1753 4108 scripserint,
1798 4053 1918 4110 qua!

2091 4041 2152 4094 Οἱ
2172 4040 2269 4110 τῆς
2290 4038 2612 4110 οἰκουμένης
2636 4035 3113 4106 ταύτηςβασιλεῖς,
3135 4034 3296 4106 ἡνίκα
3317 4033 3381 4090 ἂν
3396 4032 3611 4106 νόμους

354 4127 627 4181 hominum
679 4127 805 4182 vitae
850 4137 1057 4184 certam
1099 4129 1339 4199 regulam
1377 4130 1767 4197 "constituunt,
1821 4144 1916 4186 eas

343 4219 624 4275 tradentes
657 4221 1094 4292 magistratibus,
1142 4235 1238 4291 per
1275 4220 1399 4277 illos
1444 4236 1539 4276 eas
1572 4221 1770 4291 jubent
1811 4236 1915 4290 pu-

344 4311 535 4364 blicari
568 4312 800 4374 civibus,
836 4321 896 4366 ut
927 4314 1225 4382 quaejussa
1251 4311 1477 4381 fuerint,
1519 4313 1600 4369 sic
1627 4321 1916 4368 serventur

347 4405 626 4458 inviolata.
665 4404 825 4459 Dedit
853 4413 1034 4459 autem
1067 4420 1296 4474 magnus
1335 4419 1554 4476 quoque
1599 4402 1744 4459 Deus
1776 4405 1922 4475 leges

348 4497 714 4551 Ecclesiarum
749 4495 984 4550 ducibus
1011 4535 1024 4558 ,
1073 4510 1211 4565 quas
1254 4495 1492 4566 singulis
1547 4495 1708 4550 annis
1754 4495 1922 4550 certis

347 4586 684 4657 temporibus
736 4583 1098 4655 proferentes,
1159 4583 1315 4638 vobis
1359 4584 1632 4653 legimus,
1687 4590 1742 4638 et
1799 4599 1922 4653 quae

348 4682 554 4751 scripta
603 4687 734 4733 sunt
773 4678 1030 4746 iubemus
1087 4693 1309 4733 servare
1367 4693 1468 4749 pro
1513 4679 1747 4736 viribus.
1784 4679 1924 4735 Ecce

350 4786 478 4840 ergo
527 4771 704 4823 bonus
750 4767 1137 4822 universorum
1183 4768 1552 4838 dispensator,
1602 4769 1696 4838 qui
1748 4783 1924 4824 annos

349 4865 572 4912 revocat
631 4867 686 4912 et
740 4867 1045 4927 temporum
1097 4857 1366 4926 gubernat
1426 4855 1728 4921 ambitum,
1779 4857 1923 4911 diem

353 4948 575 5003 adduxit
607 4950 898 5004 salutarem
929 4964 1038 5018 quo
1066 4949 1306 5003 solemus
1351 4962 1546 5002 vocare
1579 4947 1823 5016 hospites
1857 4947 1926 5003 ad

353 5042 699 5111 adoptionem
734 5042 788 5095 in
823 5041 985 5105 ﬁlios,
1025 5057 1226 5112 egenos
1273 5041 1340 5096 ad
1388 5041 1575 5113 gratiae
1633 5041 1926 5111 participa-

351 5136 579 5197 tionem,
607 5132 672 5187 ad
690 5142 1040 5203 peccatorum
1070 5133 1514 5188 emundationem
1544 5148 1642 5188 eos
1673 5134 1766 5203 qui
1796 5140 1926 5189 sunt

353 5225 623 5296 inquinati
661 5225 920 5281 sordibus
979 5233 1355 5296 peccatorum.
1394 5224 1461 5279 Et
1494 5225 1611 5281 haec
1647 5233 1734 5282 est
1769 5234 1926 5281 vetus

354 5318 446 5372 illa
489 5318 826 5388 przedicatio,
877 5333 998 5386 qua:
1031 5317 1133 5371 fuit
1169 5318 1331 5388 paulo
1370 5328 1661 5389 antequam
1697 5334 1924 5389 appare-

2021 4133 2373 4203 συγγράψωσι
2419 4133 2545 4194 τοὺς
2582 4128 2690 4182 τῶν
2735 4127 3037 4198 ἀνθρώπων
3091 4127 3240 4198 βίους
3291 4125 3469 4188 καλῶς
3495 4141 3606 4179 κα-

2019 4226 2323 4289 νονίζοντας
2344 4266 2359 4291 ,
2403 4225 2516 4286 τοῖς
2564 4223 2820 4294 ἄρχουσιν
2853 4220 3050 4283 αὐτοὺς
3084 4218 3499 4289 ἐγχειρίζοντες,
3527 4217 3610 4270 δι’

2021 4317 2243 4370 ἐκείνων
2284 4314 2564 4369 κελεύουσι
2609 4315 2721 4376 τοῖς
2753 4311 3010 4382 ὑπηκόοις
3040 4309 3458 4381 δημοσιεύεσθαι
3481 4348 3497 4375 ,
3528 4308 3613 4361 ἵν’

2021 4407 2190 4471 οὕτως
2249 4406 2578 4478 ἀπαράϐατα
2638 4403 2705 4458 τὰ
2755 4401 3204 4474 προστεταγμένα
3259 4400 3612 4470 φυλάττοιτο.

2025 4499 2235 4553 Ἔδωκε
2281 4499 2338 4552 δὲ
2391 4501 2420 4552 ὁ
2453 4498 2626 4570 μέγας
2666 4495 2798 4558 Θεὸς
2838 4494 3034 4565 νόμους
3065 4495 3175 4557 τοῖς
3213 4493 3322 4546 τῶν
3372 4491 3616 4562 Ἐκκλη-

2025 4592 2156 4644 σιῶν
2187 4592 2484 4663 ἡγεμόσιν,
2521 4589 2614 4654 οὓς
2664 4587 2784 4642 καθ’
2831 4587 3062 4641 ἕκαστον
3109 4585 3354 4638 ἐνιαυτὸν
3402 4585 3459 4637 ὲν
3491 4585 3618 4646 τοῖς

2023 4683 2322 4754 καθήκουσι
2367 4681 2578 4754 χρόνοις
2627 4678 3032 4751 προφέροντες,
3083 4674 3616 4745 ὕπαναγινώσκομεν

2026 4777 2173 4848 ὑμῖν,
2201 4776 2294 4829 καὶ
2315 4777 2501 4846 τηρεῖν
2530 4775 2609 4837 είς
2647 4773 2876 4843 δύναμιν
2900 4772 2967 4825 τὰ
2995 4769 3352 4842 γεγραμμένα
3393 4766 3616 4821 κελεύο-

2029 4885 2145 4939 μεν.
2190 4869 2317 4922 Ἰδοὺ
2367 4867 2544 4920 τοίνυν
2603 4868 2632 4919 ὁ
2678 4865 2785 4919 τῶν
2814 4865 2949 4918 ὅλων
2980 4861 3180 4933 ἀγαθὸς
3223 4863 3539 4930 οἰκονόμος,
3579 4860 3613 4913 ὁ

2024 4961 2151 5022 τοὺς
2205 4959 2481 5020 ἐνιαυτοὺς
2532 4955 2848 5010 ἀνακυκλῶν
2901 4955 2996 5009 καλ⁵
3039 4951 3318 5024 κυϐερνῶν
3358 4949 3455 5022 τὴν
3491 4948 3610 5001 τῶν

2026 5055 2232 5126 χρόνων
2270 5053 2536 5126 περίοδον,
2568 5053 2773 5122 ἤγαγεν
2812 5049 3022 5120 ἡμέραν
3051 5047 3333 5118 σωτήριον,
3376 5040 3496 5095 καθ’
3531 5041 3604 5110 ἢν

2029 5143 2256 5215 σύνηθες
2279 5145 2409 5214 ἡμῖν
2425 5142 2609 5195 καλεῖν
2631 5143 2712 5204 είς
2734 5139 3003 5193 υἱοθεσίαν
3023 5138 3148 5200 τοὺς
3179 5136 3381 5201 ξένους,
3399 5132 3478 5196 είς
3503 5131 3604 5201 χά-

2031 5252 2176 5306 ριτος
2203 5233 2490 5306 μετουσίαν
2507 5232 2632 5295 τοὺς
2657 5229 3002 5301 πενομένους,
3025 5230 3105 5292 εἰς
3130 5226 3394 5296 κάθαρσιν
3424 5224 3606 5292 ἆμαρ-

2029 5325 2159 5380 τιῶν
2197 5326 2323 5388 τοὺς
2368 5323 2789 5397 ἐρρυπωμένους
2837 5324 2945 5385 τοῖς
2989 5319 3441 5392 πλημμελήμασι.
3491 5313 3603 5368 Καὶ

354 5418 438 5464 ret
473 5410 769 5466 Servator:
806 5429 824 5462 ι
859 5409 971 5464 Vox
1019 5410 1307 5466 clamantis
1345 5412 1400 5466 in
1429 5411 1645 5467 deserto
1677 5431 1688 5466 :
1726 5410 1918 5466 Parate

2027 5417 2181 5471 τοῦτό
2213 5418 2327 5470 ἐστι
2363 5416 2424 5469 τὸ
2450 5417 2673 5486 ἀρχαῖον
2704 5415 2879 5467 ἐκεῖνο
2909 5415 3168 5483 κήρυγμα
3188 5453 3201 5478 ,
3228 5409 3289 5463 τὸ
3331 5405 3604 5478 προλαϐὸν

355 5501 497 5557 viam
522 5501 756 5568 Domini,
789 5511 968 5560 rectas
993 5504 1154 5560 facile
1178 5505 1402 5560 semitas
1425 5504 1546 5574 ejus
1566 5505 1631 5560 ’³.
1666 5503 1848 5572 »ρυοά
1871 5506 1917 5561 si

2025 5509 2203 5578 ὀλίγον
2235 5508 2328 5564 τοῦ
2354 5509 2602 5580 Σωτῆρος
2638 5507 2737 5580 τὴν
2768 5505 3108 5577 ἐπιφάνειανο
3139 5525 3157 5557 ι
3181 5501 3337 5573 Φωνὴ
3370 5497 3606 5572 βοῶντος

430 5657 474 5688 ³³
507 5655 611 5712 lsa.
652 5674 735 5727 ιι,
774 5657 840 5724 5;
877 5658 1066 5714 Matth.
1112 5675 1189 5727 ιιι,
1214 5630 1274 5714 ⁸’5.
1305 5677 1318 5726 ;
1374 5657 1537 5715 Marc.
1594 5675 1630 5729 ι,
1667 5659 1757 5722 3.;
1798 5657 1952 5715 Joan.
1985 5678 2018 5728 t,
2054 5662 2140 5717 25.
