3896 6204
192 236 286 290 417
1581 245 1669 301 DE
1714 246 1771 301 Bl

1878 244 2082 304 TISMO.

3351 254 3456 312 418

188 353 232 404 ἐν
288 355 359 424 τῇ
419 354 629 426 ἐρήμῳο
689 355 1049 427 Ἑτοιμάσατε
1097 358 1196 431 τὴν
1236 360 1354 416 όδδν
1397 363 1626 436 Κυρίου,
1675 367 1771 418 εὐ-

1878 381 1974 436 ego
1999 380 2100 420 nec
2142 380 2262 420 sum
2296 363 2557 429 Joannes,
2594 366 2693 420 nec
2745 364 2953 421 David:
3005 374 3060 420 at
3101 367 3243 422 servi
3277 369 3454 424 luuui-

184 443 333 508 θείας
362 448 547 498 ποεϊτε
587 445 685 508 τὰς
713 447 936 517 τρίϐους
974 450 1160 505 αὑτοῦ.
1188 471 1206 503 ι
1242 453 1302 506 El
1329 452 1386 506 δὲ
1416 455 1554 525 μήτε
1594 457 1770 510 Ἰωάν-

179 551 271 602 νης
301 575 317 596 ,
357 535 500 606 μήτε
539 536 701 590 Δαδὶδ
748 535 892 606 ἐγὼ,
940 538 1076 592 ἀλλὰ
1113 541 1146 611 ἠ
1183 543 1506 613 ταπεινότης
1537 544 1630 596 τοῦ
1667 547 1770 598 ὑπ-

175 625 384 694 ηρέτου
415 625 488 696 μὴ
519 625 797 695 βλαπτέτω
822 626 915 681 τοῦ
946 629 1277 683 Δεσποτικοῦ
1305 631 1467 702 νόμου
1488 632 1586 704 τὴν
1610 633 1769 689 δύνα-

176 734 296 786 μιν.
329 714 466 768 Οὔτε
491 717 598 788 γὰρ
629 719 754 781 τοὺς
785 719 1152 790 γραμματέας
1183 720 1290 774 τῶν
1315 721 1493 792 νόμων
1521 723 1772 795 αἰδούμε-

171 826 252 860 νοι
311 811 421 870 τοῖς
455 808 900 880 διηγορευμένοις
935 812 1236 884 πειθόμεθα
1261 831 1274 845 ο
1303 815 1437 870 ἀλλὰ
1478 816 1775 882 δεδοικότες

173 897 265 950 τοῦ
295 897 606 968 Νομοθέτω
633 899 734 968 τὴν
764 898 1032 966 ἐξουσίαν,
1057 901 1441 974 ὑποκύπτομεν
1465 907 1576 969 τοῖς
1603 921 1772 974 προσ-

173 990 468 1058 τάγμασιν.
505 985 677 1042 Ἦλθε
721 991 879 1060 χάρις
919 991 1171 1064 βασιλικὴ
1212 995 1332 1048 δυσὶ
1369 995 1614 1065 τάγμασι
1663 996 1774 1048 θλιο

178 1081 428 1151 εομένοις
453 1084 788 1154 χαριζομένη
821 1085 920 1154 τὴν
959 1087 1140 1141 ἄνεσιν
1159 1103 1174 1118 ο
1207 1089 1318 1148 τοῖς
1345 1086 1648 1158 δεσμώταις
1679 1088 1770 1140 λύ-

180 1190 286 1236 σιν,
311 1179 421 1238 τοῖς
453 1176 756 1244 ὀφειλέταις
789 1177 1154 1249 συγχώρησιν.
1187 1179 1294 1232 Καὶ
1323 1179 1408 1232 διὰ
1433 1178 1592 1233 τοῦτο
1616 1180 1770 1248 κάγὼ

180 1267 510 1338 ἀμφοτέροις
549 1271 661 1331 τοῖς
706 1271 1023 1339 τάγμασιν,
1071 1270 1141 1324 τὰ
1190 1271 1506 1340 κατάλληλα
1562 1273 1767 1342 ἰατρεῖα

180 1358 378 1425 ἀνοίγω
405 1377 416 1387 ·
441 1359 539 1411 καὶ
570 1359 711 1429 μετὰ
747 1360 950 1429 πολλῆς
993 1361 1369 1434 πεποιθήσεως
1399 1362 1767 1434 ὑπισχνοῦμαι

179 1449 274 1520 τὴν
307 1451 370 1502 ὲκ
404 1451 502 1519 τῆς
537 1451 855 1521 ἐπιμελείας
887 1452 1160 1522 βοήθειαν.

254 1540 376 1593 ’Ἱνα
403 1541 460 1594 δὲ
495 1541 569 1611 μὴ
597 1543 796 1614 νομίσῃ
817 1559 900 1606 τις
927 1543 1299 1597 πολυδάπανον
1328 1545 1426 1616 τὴν
1448 1545 1763 1617 θεραπείαν,

180 1632 318 1684 αὐτὰ
348 1633 599 1704 προλέγω
627 1635 696 1686 τὰ
721 1636 990 1704 φάρμακα
1019 1631 1098 1698 οἷς
1127 1635 1355 1708 ὲξιῶμαι
1384 1641 1508 1700 τοὺς
1536 1640 1768 1708 κάμνοντι

183 1739 303 1785 τας.
333 1723 460 1785 Τοῖς
515 1724 612 1792 μὲν
653 1725 757 1796 γὰρ
785 1724 852 1777 δι’
886 1724 1076 1789 ὕδατος
1107 1729 1200 1781 καὶ
1234 1727 1458 1800 λουτροῦ
1489 1728 1770 1800 ἐγγυῶμαι

184 1812 290 1883 τὴν
319 1813 533 1880 ὑγείαν,
578 1815 680 1867 τῶν
710 1815 765 1868 δὲ
795 1816 860 1870 δι’
884 1817 1079 1886 ὀλίγων
1109 1818 1358 1890 δακρύων
1388 1819 1651 1890 ἐξαλείφω
1673 1822 1771 1892 τὴν

187 1907 367 1960 νόσον.
425 1907 586 1977 Ἀπλῆ
620 1909 727 1979 γὰρ
765 1910 799 1979 ἡ
833 1911 1223 1981 μεταχείρησις
1244 1954 1260 1977 ,
1293 1913 1386 1967 καὶ
1430 1911 1772 1983 θεόπεμπτος

188 1999 225 2068 ἡ
258 1998 449 2068 δωρεὰ,
482 2002 574 2053 καὶ
603 2001 813 2072 μεγάλη
845 2001 1062 2072 ἀληθῶς
1092 2005 1124 2074 ἡ
1149 2003 1420 2075 ὲπιτυχία,
1452 2005 1620 2076 χωρὶς
1649 2005 1773 2058 καύ-

190 2108 326 2154 σεως
375 2093 406 2162 ἢ
458 2093 632 2163 τομῆς
671 2093 897 2166 χρονίων
928 2095 1306 2165 ἀπαλλαγῆναι
1339 2097 1668 2168 τραυμάτων
1694 2137 1708 2160 ,
1739 2098 1774 2152 ἆ

180 2184 368 2246 κακῶς
402 2185 677 2256 ἐπάθομεν
719 2189 783 2240 ὲκ
824 2187 932 2239 τῶν
960 2187 1256 2258 δηγμάτων
1294 2187 1388 2240 τοῦ
1419 2188 1615 2257 ὄφεως.
1647 2190 1774 2242 Ἐλ-

179 2277 300 2330 θετε
333 2271 429 2330 οὖν
452 2319 467 2342 ,
496 2281 547 2332 οἱ
576 2281 955 2350 κεκακωμένοι
979 2321 994 2344 ,
1044 2281 1180 2352 πρὸς
1207 2281 1305 2350 τὴν
1346 2281 1554 2334 ἑαυτῶν
1583 2283 1774 2353 ἐπιμέ-

178 2368 328 2422 λειαν
349 2410 364 2430 ,
412 2372 509 2423 καὶ
545 2371 619 2440 μὴ
663 2371 906 2442 ῥαθυμίᾳ
929 2371 1046 2424 δότε
1079 2372 1140 2424 τὸ
1169 2374 1420 2444 πρᾶγμα.
1447 2374 1618 2438 Νόσος
1665 2374 1774 2447 γὰρ

179 2462 561 2515 παλαιωθεῐσα
603 2463 693 2516 καὶ
725 2464 1085 2534 ὲγχρονίσασα
1108 2506 1123 2528 ,
1152 2465 1346 2534 τέχνης
1375 2465 1665 2535 θεραπείας
1690 2466 1774 2534 γί-

178 2571 324 2606 νεται
370 2553 660 2624 κρείττων.
706 2557 766 2606 Οἱ
815 2555 1045 2624 πένητες
1100 2555 1194 2607 καὶ
1241 2556 1458 2620 ἐνδεεῖς,
1499 2555 1772 2609 σπεύσατε

177 2647 314 2716 apt;
347 2647 448 2716 τὴν
493 2646 755 2717 διανομὴν
793 2647 900 2699 τῶν
930 2646 1223 2716 βασιλικῶν
1270 2648 1625 2718 χαρισμάτων
1649 2666 1660 2677 ’
1706 2649 1774 2701 τὰ

178 2738 455 2808 πρόϐατα,
480 2737 616 2810 πρὸς
631 2737 729 2807 τὴν
762 2738 1034 2810 σφραγῖδα
1058 2738 1153 2791 καὶ
1179 2738 1238 2791 τὺ
1262 2742 1484 2808 σημεῖον
1509 2741 1600 2792 τοῦ
1623 2757 1776 2792 σταυ-

178 2829 269 2898 ροῦ
298 2830 362 2882 τὸ
393 2829 503 2882 τῶν
525 2829 713 2882 κακῶν
741 2829 1119 2903 ἀλεξητήριον.
1150 2829 1277 2882 Δότε
1307 2847 1395 2900 μοι
1425 2831 1492 2883 τὰ
1513 2831 1769 2901 ὀνόματα,

179 2922 260 2973 ἵνα
291 2919 408 2988 ἐγὼ
442 2921 540 2991 μὲν
577 2921 717 2974 αὐτὰ
746 2925 863 2984 ταῖς
892 2921 1178 2991 αἰσθηταῖς
1222 2921 1511 2992 ὲγχαράξω
1550 2923 1770 2993 βίϐλοις,

1877 457 2003 512 litas
2024 456 2128 526 legi
2154 457 2445 510 Dominicze
2472 471 2579 510 non
2613 455 2803 511 afferat
2832 457 3244 514 detrimentum.
3268 459 3456 530 Neque

1875 549 2023 602 enim
2055 549 2234 619 legum
2267 551 2568 618 scriptores
2620 551 2862 616 reveriti,
2928 567 3188 622 paremus
3228 553 3298 608 iis
3331 567 3455 622 qua:

1877 639 1946 693 ab
1979 639 2112 710 ipsis
2139 640 2406 709 jubentur
2436 658 2451 707 ;
2485 639 2579 694 sed
2621 640 2951 710 legislatoris
2986 643 3242 699 timentes
3295 652 3452 713 pote-

1878 737 2100 794 statem,
2132 731 2308 800 jussis
2340 746 2440 785 nos
2464 731 2861 786 submittimus.
2893 731 3051 788 Venit
3077 736 3249 806 gratia
3283 736 3452 806 regis,

1874 819 2094 876 duobus
2128 821 2342 876 afﬂictis
2373 819 2664 878 ordinibus
2698 824 3012 878 concedens
3047 826 3451 892 remissionem,

1876 925 2070 980 nempe
2097 911 2296 966 vinetis
2345 912 2751 975 liberationem,
2785 913 3126 970 debitoribus
3157 915 3324 968 debiti
3366 930 3454 970 rea

1873 1001 2215 1054 missionem.
2261 999 2325 1054 Et
2355 999 2475 1055 ideo
2495 1017 2594 1072 ego
2627 1017 2843 1072 quoque
2867 1005 3134 1059 ambobus
3167 988 3453 1060 ordinibus

1871 1091 2286 1145 convenientem
2344 1093 2529 1162 aperio
2569 1094 2924 1160 medicinam;
2975 1105 3027 1149 et
3077 1110 3201 1148 cum
3255 1111 3452 1165 magna

1874 1183 2074 1237 fiducia
2109 1184 2534 1254 polliceorquod
2569 1200 2634 1240 ex
2662 1185 2939 1255 diligentia
2976 1187 3235 1255 procedet
3288 1189 3451 1242 auxi-

1873 1275 2024 1328 lium.

1941 1543 2020 1600 Ne
2046 1546 2170 1616 quis
2200 1555 2378 1602 autem
2405 1545 2703 1610 existimet,
2724 1547 3049 1601 medicinam
3075 1562 3197 1602 esse
3235 1563 3448 1619 magna:

1875 1636 2150 1706 impensae,
2215 1636 2454 1706 praedico
2493 1639 2611 1707 ipsa
2657 1637 3075 1699 medicamenta,
3132 1654 3254 1708 qua:
3313 1648 3444 1693 sunt

1873 1728 2180 1784 adhibenda
2214 1729 2613 1784 laborantibus.
2642 1728 2776 1782 Nam
2807 1729 2913 1784 illis
2936 1730 3154 1799 quidem
3193 1733 3452 1801 promitto

1871 1820 2161 1872 sanitatem
2196 1834 2293 1889 per
2325 1833 2523 1889 aquam
2559 1828 2613 1874 et
2656 1819 2932 1872 lavacrum
2961 1858 2975 1883 ,
3022 1820 3216 1873 borum
3268 1829 3452 1875 autem

1872 1928 1968 1982 per
2004 1927 2209 1982 paucas
2243 1913 2518 1984 lacrymas
2549 1912 2706 1967 deleo
2733 1913 3003 1966 morbum.
3038 1911 3132 1966 Est
3159 1913 3303 1966 enim
3327 1914 3456 1968 sim-

1872 2004 1991 2073 plex
2027 2004 2342 2074 applicatio,
2379 2012 2434 2059 et
2463 2018 2494 2057 a
2544 2002 2655 2058 Deo
2687 2004 2920 2059 missum
2969 2003 3197 2069 donum,
3253 2014 3308 2058 et
3339 2018 3457 2058 ma-

1873 2108 2012 2163 gnus
2040 2110 2229 2149 revera
2253 2105 2503 2158 eventus,
2541 2095 2752 2164 absque
2781 2095 2998 2149 ustione
3044 2105 3096 2149 et
3127 2097 3371 2150 sectione
3417 2111 3450 2149 a

1872 2187 2148 2242 diuturnis
2184 2187 2403 2242 liberari
2464 2187 2812 2250 vulneribus,
2857 2202 2978 2255 quae
3013 2186 3158 2255 passi
3193 2201 3386 2243 sumus
3421 2204 3453 2242 a

1874 2293 2060 2332 morsu
2088 2279 2382 2348 serpentis.
2435 2277 2629 2333 Venite
2693 2291 2845 2347 ergo,
2902 2279 2994 2346 qni
3056 2278 3216 2332 malis
3271 2276 3453 2332 affecti

1873 2369 2027 2432 estis,
2057 2369 2126 2424 ad
2175 2378 2414 2425 vestram
2445 2369 2812 2430 curationem,
2857 2383 3033 2436 neque
3062 2382 3174 2420 rem
3211 2367 3452 2438 negliga-

1877 2463 1962 2517 tis.
1997 2461 2220 2516 Morbus
2275 2462 2418 2516 enim
2469 2459 2766 2513 diuturnus
2795 2466 2850 2513 et
2913 2459 3248 2512 inveteratus
3281 2467 3452 2512 artem

1876 2565 2103 2623 superat
2132 2564 2184 2607 et
2212 2553 2576 2606 curationem.
2622 2549 2902 2620 I’auperes
2931 2559 2984 2603 et
3015 2559 3262 2616 egentes,
3297 2549 3452 2604 festi-

1878 2655 2001 2698 nate
2045 2643 2111 2698 ad
2153 2642 2598 2697 distributionem
2643 2640 2914 2694 donorum
2956 2642 3258 2710 regalium;
3299 2657 3453 2704 oves,

1877 2738 1943 2791 ad
1967 2736 2305 2807 signaculum
2341 2741 2396 2787 et
2436 2734 2652 2802 signum
2688 2733 2896 2794 crucis,
2926 2731 3071 2801 quod
3111 2733 3268 2786 malis
3296 2747 3454 2802 opem

1879 2829 1981 2883 fert
2009 2835 2062 2883 el.
2102 2825 2426 2882 remedium.
2492 2824 2623 2878 Date
2674 2824 2804 2877 mihi
2838 2824 3082 2889 n0nuina,
3144 2833 3203 2876 ut
3236 2841 3336 2894 ego
3392 2840 3456 2878 ea

1878 2920 2189 2990 imprimam
2220 2918 2372 2973 libris
2414 2916 2730 2978 sensilibus,
2767 2923 2821 2970 et
2851 2915 3087 2970 scribam
3115 2924 3452 2979 atramento;

177 3014 269 3065 καὶ
293 3013 499 3083 γράψω
528 3012 606 3083 τῷ
640 3013 826 3083 μέλανι
853 3029 866 3042 ·
898 3012 1029 3075 Θεὸς
1069 3011 1124 3065 δὲ
1147 3015 1267 3076 ταῖς
1298 3013 1595 3086 ἁφθάρτοις
1635 3015 1771 3068 πλα-

1879 3012 2024 3067 Deus
2053 3019 2234 3065 autem
2263 3025 2326 3064 ea
2359 3008 2535 3078 signet
2565 3007 2618 3060 in
2649 3007 2874 3068 tabulis,
2909 3007 2965 3060 in
3000 3023 3139 3076 quas
3174 3023 3283 3060 non
3309 3007 3455 3060 cadit

180 3100 258 3166 ειν
300 3104 723 3172 ὲνσημήνηται,
770 3101 1017 3172 δακτύλῳ
1063 3103 1280 3175 γράψας
1337 3104 1487 3176 ἰδίῳ,
1521 3105 1595 3169 ὥς
1643 3123 1770 3159 ποτε

178 3197 288 3258 τοῖς
333 3193 608 3264 Ἑϐραίοις
638 3194 730 3246 τὸν
760 3194 942 3263 νόμον.

254 3303 272 3334 ι
310 3285 645 3356 Προσέλθετε
684 3285 820 3354 πρὸς
861 3286 1025 3338 αὑτὸν
1071 3287 1164 3338 καὶ
1213 3287 1536 3358 φωτίσθητε.
1584 3290 1676 3343 καὶ
1705 3289 1773 3343 τά

178 3377 458 3446 πρόσωπα
532 3378 686 3447 ὑμῶν
751 3379 812 3431 οὐ
869 3378 944 3450 μὴ
1009 3381 1400 3451 καταισχυνθῇ.
1469 3383 1770 3447 Λούσοισθε,

177 3468 452 3534 ἀφῦεσθε
479 3469 578 3533 τὰς
607 3472 877 3540 ἁμαρτίας
907 3471 1080 3540 ὑμῶν.
1125 3494 1142 3526 ι
1191 3473 1375 3526 Ταῦτα
1413 3475 1626 3545 ἐγράφη
1669 3477 1774 3546 πρὸ

174 3560 382 3613 πολλοῦ
406 3577 420 3588 ·
455 3562 554 3614 οὐκ
587 3563 899 3634 ὲπαλαιὼθη
943 3563 998 3615 δὲ
1031 3563 1137 3616 τῶν
1175 3565 1518 3635 γραμμάτων
1617 3567 1775 3619 δύνα-

179 3666 299 3719 μις,
325 3650 443 3702 ἀλλ’
474 3651 709 3720 ἀκμάζει
740 3652 832 3703 καὶ
867 3652 986 3705 καθ’
1019 3653 1229 3725 ἡμέραν
1265 3653 1459 3724 ἰσχύει.
1501 3654 1772 3721 Ἐξέλθετε

175 3743 276 3796 τοῦ
295 3744 700 3814 δεσμωτηρίου,
726 3747 1048 3817 παρακαλῶ.
1072 3749 1352 3817 Μισήσατε
1376 3749 1442 3802 τὰ
1475 3749 1571 3818 τῆς
1594 3751 1774 3820 ἁμαρ-

174 3837 299 3899 τίας
335 3836 602 3890 σκοτεινὰ
647 3839 951 3910 οίκητήρια.
987 3839 1219 3907 Φεύγετε
1258 3841 1349 3893 τὸν
1387 3840 1664 3902 διάϐολον,
1699 3841 1774 3904 ὡς

177 3931 378 3997 πικγών
412 3929 798 3996 δεσμοφύλακα
821 3969 837 3991 ,
873 3932 936 3983 ὲκ
983 3931 1082 4002 τῆς
1135 3935 1419 4004 συμφορᾶς
1453 3933 1560 3986 τῶν
1594 3935 1775 4004 ἁμαρ·-

171 4021 366 4073 τωλῶν
399 4019 738 4090 τρεφόμενον
792 4025 885 4074 καὶ
938 4022 1300 4094 κερδαίνοντα,
1357 4024 1444 4088 Ὠς
1491 4024 1599 4096 γὰρ
1645 4024 1775 4088 Θεὸς

174 4112 538 4182 εὐφραίνεται
576 4115 690 4176 ταῖς
719 4113 1085 4177 δικαιοσύναις
1111 4115 1290 4184 ἡμῶν,
1323 4114 1490 4179 οὕτως
1520 4116 1774 4185 ἐφήδεται

170 4204 292 4264 ταῖς
345 4202 796 4274 παραπτώμασιν
847 4207 875 4258 ὁ
936 4205 1034 4274 τῆς
1073 4206 1344 4277 ἁμαρτίας
1396 4206 1588 4272 amo"
1633 4207 1776 4274 Ἕξω

166 4295 272 4348 τοῦ
309 4296 640 4366 παραδείσου
682 4295 997 4366 τυγχάνεις,
1036 4299 1064 4350 ό
1107 4298 1546 4368 κατηχούμενος,
1585 4315 1770 4351 κοινω-

158 4387 284 4438 νῶν
307 4388 405 4457 τῆς
433 4385 647 4458 ἐξορίας
676 4385 754 4457 τῷ
794 4387 960 4458 ’Ᾱδὰμ
993 4387 1070 4458 τῷ
1109 4389 1433 4459 προπάτορι,
1466 4389 1579 4442 Νῦν
1601 4389 1656 4443 δέ
1691 4407 1774 4444 σοι

151 4480 274 4547 τῆς
311 4479 484 4550 θύρας
506 4480 973 4549 ὑπανοιγομένης,
1015 4479 1220 4533 εἴσελθε
1247 4479 1370 4533 ὅθεν
1397 4480 1645 4552 ἐξῆλθες,
1681 4481 1774 4535 καὶ

151 4574 248 4643 μὴ
297 4571 609 4644 βραδύνεις,
644 4572 828 4642 μήπου
863 4570 1092 4635 θάνατος
1127 4573 1496 4644 παρεμπεσὼν
1528 4573 1776 4645 ἀποφρά-

153 4665 236 4735 Et.
273 4664 377 4733 τὴν
416 4664 646 4719 εἴσοδον.
693 4665 756 4718 ’Π
789 4665 997 4735 κεφαλὴ
1048 4665 1233 4718 λοιπὸν
1265 4665 1604 4720 λευκαίνεται
1629 4706 1644 4728 ,
1676 4667 1771 4722 τοῦ

145 4759 302 4829 βίον
353 4759 410 4811 τὸ
444 4758 604 4829 θέρος
653 4759 858 4826 ἐγγυς,
913 4759 1055 4828 τάχα
1082 4760 1341 4813 ἀκονᾶται
1383 4759 1504 4812 καθ’
1532 4760 1688 4829 ἡμῶν
1737 4762 1771 4830 ἠ

139 4851 258 4917 δρε
273 4849 466 4916 πάγη,
501 4849 599 4902 καὶ
643 4849 857 4902 δέδοικα
879 4887 896 4914 ,
959 4849 1034 4919 μὴ
1087 4847 1454 4902 καθευδόντων
1495 4848 1649 4920 ἡμῶν
1680 4850 1774 4902 καὶ

137 4940 660 5007 ἐνασχολουμένων
706 4943 823 5002 ταῖς
866 4939 1122 5010 ματαίαις
1167 4939 1550 5009 ματαιότησιν,
1581 4940 1774 5011 ἁθρόον

143 5034 383 5101 ἐπιστῇ
419 5030 644 5101 φοὸερὸς
668 5033 696 5084 ὁ
734 5032 966 5098 τέμνων.
1015 5031 1151 5082 Ἀλλ’
1180 5025 1322 5100 ἐρεῖς
1361 5033 1389 5084 ὁ
1430 5031 1546 5094 νέος
1572 5049 1586 5062 ο
1618 5030 1776 5084 Οὐδέ-

145 5140 240 5177 πω
299 5121 626 5189 γεγήρακα.
660 5121 751 5191 Μὴ
786 5121 967 5174 τοίνυν
1000 5120 1331 5192 ἀπατηθήσῃ
1355 5137 1366 5148 ·
1401 5121 1627 5184 θάνατος
1665 5121 1774 5193 γὰρ

149 5216 349 5284 πῳοε
363 5211 552 5282 σμίαις
574 5211 799 5282 ἡλικιῶν
823 5213 922 5282 οὐχ
946 5213 1205 5282 ὁρίζεται,
1236 5213 1356 5265 οὐδὲ
1383 5213 1626 5282 φοϐεῖται
1653 5214 1776 5278 τοὺς

156 5309 210 5358 ὲν
241 5306 428 5375 ἀκμῇ
455 5342 471 5366 ,
503 5303 644 5354 κατὰ
689 5302 745 5356 δὲ
789 5303 1060 5374 γερόντων
1097 5303 1256 5372 μόνον
1293 5302 1405 5372 ἔχει
1456 5303 1515 5354 τὸ
1554 5302 1772 5373 κράτος.

157 5396 270 5451 Καὶ
311 5394 525 5449 τούτου
559 5393 697 5464 μάθε
737 5394 834 5465 τὴν
863 5394 1236 5466 καθημερινὴν
1280 5396 1474 5464 πεῖραν
1517 5393 1772 5448 διδάσκοι·

161 5481 267 5543 λοι.
315 5485 504 5558 Ὁρᾷς
538 5484 647 5554 γὰρ
677 5485 774 5556 τὴν
805 5483 992 5556 κλίνην
1024 5484 1120 5555 τῆς
1164 5487 1432 5559 ἐκφορᾶς,
1466 5484 1612 5549 ὅπως
1635 5486 1769 5539 άνων

235 5665 286 5698 ιδ
313 5663 480 5721 Psal.
536 5677 735 5730 xxxttt,
771 5663 823 5720 ϐ.
900 5662 946 5695 ’³
981 5661 1086 5716 153-
1119 5677 1157 5730 l,
1197 5663 1284 5724 ίσο

1879 3104 2163 3168 interitus,
2207 3101 2455 3158 scribens
2509 3097 2734 3169 proprio
2784 3097 2958 3169 digito
3013 3106 3073 3151 ut
3102 3099 3232 3152 olim
3284 3097 3455 3168 legem

1875 3195 2137 3253 Hebraeis.

1955 3307 1973 3340 ι
2005 3286 2259 3342 Accedite
2277 3286 2342 3341 ad
2363 3303 2486 3342 cum
2507 3295 2561 3342 et
2581 3285 2988 3349 illuminamini,
3012 3293 3067 3339 ct
3091 3284 3270 3338 vultus
3285 3283 3455 3338 vestri

1875 3381 2101 3434 minime
2125 3383 2332 3449 pudore
2351 3378 2656 3434 alliciantur
2675 3379 2740 3432 “.
2777 3377 3081 3442 Lavamini,
3108 3377 3315 3431 auferte
3337 3392 3456 3446 pec-

1875 3481 1994 3528 cata
2017 3480 2196 3527 vestra
2211 3473 2278 3525 ¹⁸.
2313 3491 2332 3524 ο
2358 3471 2481 3527 Haec
2501 3471 2720 3542 quidem
2742 3471 2904 3541 longo
2923 3477 3167 3538 tempore
3188 3477 3312 3522 ante
3326 3468 3456 3523 scri-

1876 3574 1966 3634 pta
1999 3575 2166 3620 sunt:
2215 3567 2545 3634 scriptorum
2591 3572 2773 3618 autem
2817 3564 2897 3618 vis
2930 3563 3151 3616 minime
3180 3569 3263 3615 est
3311 3561 3452 3614 anti-

1877 3667 2043 3725 quala
2072 3696 2087 3720 ,
2124 3657 2218 3712 sed
2248 3657 2394 3726 viget
2440 3665 2494 3711 et
2527 3656 2576 3709 in
2611 3657 2726 3711 dies
2754 3655 3057 3709 invalescit.
3093 3652 3244 3706 Exite
3273 3668 3303 3707 e
3341 3667 3455 3706 rar-

1879 3763 2026 3812 cere,
2057 3763 2156 3802 vos
2205 3762 2357 3817 rogo.
2404 3744 2542 3800 Odio
2577 3745 2771 3800 habete
2807 3746 3096 3800 tenebrosa
3159 3744 3272 3797 vitii
3308 3744 3456 3798 babi-

1878 3839 2078 3892 tacula.
2109 3836 2299 3908 Fugite
2331 3837 2630 3900 diabolum,
2666 3843 2926 3906 tanquam
2966 3835 3225 3890 acerbum
3261 3850 3454 3890 eorum

1877 3929 1968 3997 qui
1995 3937 2123 3981 sunt
2158 3927 2210 3980 in
2262 3926 2522 3991 vinculis,
2548 3925 2855 3990 custodem,
2887 3926 2978 3994 qui
3007 3940 3070 3979 ex
3105 3936 3453 3992 peccatorum

1877 4020 2188 4073 calamitate
2233 4020 2475 4072 nutritur
2531 4025 2585 4071 et
2646 4025 2910 4086 qumstum
2975 4015 3127 4070 facit.
3170 4015 3456 4081 Quomodo

1876 4111 2021 4167 enim
2043 4110 2279 4180 justitiis
2304 4109 2514 4164 nostris
2565 4108 2782 4160 laetatur
2811 4106 2974 4169 Deus,
3027 4107 3098 4159 ita
3132 4105 3332 4174 gaudet
3362 4105 3458 4159 dc-

1879 4203 2022 4258 lictis
2055 4202 2124 4264 is,
2160 4201 2251 4270 qui
2288 4211 2372 4255 est
2403 4207 2596 4252 auctor
2623 4196 2851 4265 peccati.
2907 4195 2977 4250 Es
3028 4202 3182 4248 extra
3234 4194 3456 4263 paradi-

1878 4309 2019 4357 sum,
2047 4293 2461 4355 calcchumcne,
2493 4289 2678 4342 socius
2710 4285 2891 4340 exsilii
2927 4285 3054 4338 Adzu
3085 4284 3246 4353 primi
3278 4285 3455 4339 nostri

1804 4366 1850 4424 D
1879 4387 2142 4459 parentis.
2171 4384 2328 4439 Nunc
2360 4390 2541 4436 autem
2575 4380 2716 4436 ostio
2770 4378 2867 4433 tibi
2923 4385 3112 4448 aperto
3171 4377 3457 4448 ingredere

1872 4479 2017 4535 unde
2045 4494 2105 4535 es
2135 4493 2414 4550 egressus,
2464 4482 2518 4530 et
2551 4489 2618 4528 ne
2646 4471 2850 4535 tardes,
2888 4487 2955 4526 ne
3010 4471 3054 4525 si
3111 4470 3249 4524 forte
3302 4485 3456 4526 mors

1871 4570 2153 4633 inciderit,
2213 4585 2276 4624 ea
2312 4567 2407 4622 tibi
2441 4565 2694 4621 obstruat
2725 4563 2954 4616 aditum.
2991 4562 3168 4631 Caput
3207 4562 3319 4630 jam
3361 4576 3456 4614 ca-

1873 4664 2088 4720 nescit:
2130 4678 2300 4733 prope
2353 4671 2436 4716 est
2467 4668 2631 4716 testas
2692 4659 2853 4712 vitae:
2892 4659 2946 4711 in
2987 4672 3083 4710 nos
3144 4654 3285 4710 forte
3346 4653 3458 4710 falx

1871 4753 2107 4817 acuitur,
2139 4760 2192 4808 et
2219 4754 2406 4811 timeo,
2439 4764 2507 4805 ne
2537 4748 2694 4804 nobis
2721 4745 3144 4809 dormientibus,
3172 4755 3226 4798 et
3257 4745 3310 4798 in
3345 4759 3453 4798 una

1881 4861 1980 4917 spe
2008 4845 2314 4914 occupatis,
2363 4851 2584 4911 repente
2640 4838 2866 4894 accedat
2907 4851 3120 4890 messor
3169 4835 3452 4891 terribilis.

1883 4934 2011 4999 Sed,
2041 4935 2192 4988 dices
2223 4941 2303 4999 tu,
2337 4931 2430 5001 qui
2455 4945 2516 4986 cs
2545 4927 2767 4998 juvenis
2803 4945 2816 4981 :
2853 4925 3106 4980 Nondum
3166 4927 3453 4980 consenui.

1882 5025 2002 5080 Noli
2031 5038 2160 5094 ergo
2191 5022 2393 5091 decipi.
2430 5018 2549 5073 Non
2572 5019 2833 5074 delinitur
2856 5029 3004 5068 mors
3031 5022 3184 5069 certo
3213 5021 3457 5084 tempore

1874 5118 2072 5180 anatis,
2095 5129 2272 5184 neque
2297 5113 2449 5166 timet
2470 5126 2565 5165 eos
2599 5109 2692 5179 qui
2722 5115 2849 5163 sunt
2872 5107 2924 5160 in
2958 5105 3076 5174 ipso
3101 5103 3232 5159 flore
3256 5105 3459 5167 anatis,

1876 5209 1930 5263 in
1965 5208 2112 5265 solos
2155 5214 2335 5259 autem
2380 5217 2539 5257 senes
2586 5201 2798 5256 obtinet
2857 5197 3222 5252 dominatum.
3280 5193 3457 5262 Hujus

1875 5307 2054 5356 autem
2078 5298 2268 5367 accipe
2287 5295 2604 5366 magistram
2627 5289 3005 5363 quotidianam
3035 5285 3456 5356 experientiam.

1884 5393 2045 5448 Vides
2082 5393 2249 5453 enim,
2274 5405 2382 5461 quo
2399 5387 2604 5442 mortui
2632 5383 2954 5449 efferuntur,
2983 5379 3264 5443 feretrum,
3291 5392 3454 5448 quam

1883 5485 2242 5558 inthualitcr,
2275 5489 2329 5540 et
2359 5490 2418 5539 ut
2451 5478 2699 5553 contigit,
2762 5490 2979 5533 omnem
3032 5471 3187 5530 ell‘ert
3221 5479 3456 5541 atatem,
