3896 6204
405 321 516 379 H9

1662 313 1721 371 S.
1746 307 2070 371 GREGORII
2124 306 2419 368 NYSSENI

412 436 576 491 hoalie
610 449 819 503 senem,
843 448 971 491 cras
1012 429 1295 491 florentem
1346 440 1403 491 et
1449 432 1748 505 elegantem
1791 431 1977 487 adole-

2099 427 2272 497 ;athm;
2289 467 2305 492 ,
2333 427 2428 483 καὶ
2461 426 2537 491 ὡς
2585 426 2742 498 ἔτυχε
2763 466 2778 484 .
2811 426 2991 481 πᾶσαν
3013 421 3232 499 ἠλικίαν
3258 423 3467 497 ἐξάγει,
3496 430 3682 499 σήμε-

410 536 679 591 scentom,
722 526 889 596 paulo
933 533 1060 597 post
1105 541 1230 581 eum
1286 526 1373 582 cui
1436 532 1678 596 cmperat
1725 536 1988 594 apparere

412 619 615 690 lanugo
645 632 662 673 :
692 634 888 675 rursus
933 618 1112 674 virum
1146 617 1434 675 robustum
1461 625 1515 672 et
1551 616 1821 672 valentem
1840 613 1987 668 viri-

410 709 538 774 bus,
562 718 619 766 et
644 725 837 767 rursus
866 710 1109 765 vetulam
1141 709 1302 765 simul
1333 717 1388 765 et
1416 708 1706 780 virginem.
1755 704 1881 761 Haec
1923 719 1985 759 a-

411 803 710 873 spicientes
735 817 836 858 nos
856 803 1192 869 muniamus,
1217 809 1276 856 ut
1296 816 1403 856 non
1427 802 1602 856 simus
1629 808 1775 855 metu
1803 799 1985 856 vacui.

408 891 531 947 Non
577 906 778 964 magno
827 893 1045 949 eveniet
1087 889 1317 963 negotio
1347 899 1407 946 ut
1459 890 1811 947 exinaniatur
1866 896 1990 944 uter

411 983 667 1056 spiritus,
703 984 751 1042 si
789 999 856 1043 os
908 999 1102 1055 parum
1162 983 1328 1040 fuerit
1360 993 1641 1054 apertum,
1695 996 1871 1052 neque
1903 988 1990 1037 est

411 1064 636 1134 difﬁcile
696 1076 975 1133 hominem
1054 1082 1336 1139 momento
1406 1077 1674 1149 temporis
1748 1076 1988 1137 animam

411 1166 688 1224 emittere.

484 1256 679 1324 Video,
731 1255 952 1327 quando
983 1255 1185 1327 aliquis
1235 1265 1395 1312 teme
1436 1264 1620 1313 motus
1673 1257 1729 1313 in
1783 1256 1989 1312 mundo

411 1356 639 1406 exortus
686 1347 886 1412 fuerit,
934 1355 1031 1403 aut
1074 1349 1247 1405 fames
1290 1348 1532 1419 pestisve
1581 1349 1852 1417 saevierit,
1898 1355 1993 1402 aut

413 1439 649 1509 irruptio
681 1439 824 1495 facta
868 1440 940 1496 sit
974 1439 1345 1505 inimicorum,
1394 1440 1655 1497 festinare
1691 1457 1884 1498 omnes
1920 1440 1991 1496 ad

411 1531 816 1602 baptisterium,
855 1548 925 1588 ne
958 1533 1114 1588 vacui
1148 1533 1324 1605 gratia
1355 1532 1621 1589 excedant
1654 1533 1722 1589 ab
1755 1533 1993 1590 homini-

409 1622 541 1680 bus.
572 1623 714 1691 Quid
748 1624 922 1680 vero?
956 1623 1153 1685 Annon
1206 1622 1301 1678 alii
1332 1624 1469 1679 varii
1506 1632 1561 1681 et
1593 1624 1861 1697 inopinati
1897 1640 1992 1681 ca-

410 1731 512 1773 sus
541 1716 788 1772 eamdem
824 1718 934 1777 vim
966 1716 1170 1774 habent
1202 1730 1367 1787 quam
1403 1716 1495 1771 illa
1536 1718 1678 1772 mala
1702 1718 1727 1773 ?
1754 1717 1993 1789 Apople—

2092 537 2184 592 ρον
2211 511 2302 572 τὸν
2333 517 2665 589 πρεσϐύτην,
2692 516 2881 590 αὔριον
2905 517 2967 571 τὺ
2992 515 3188 572 ἀνθοῦν
3212 516 3309 572 καὶ
3335 518 3521 590 χαρίεν
3549 537 3684 591 μει-

2094 612 2300 684 ράκιον,
2333 611 2450 682 μετ’
2476 610 2657 680 ὀλίγον
2679 609 2771 664 τὸν
2798 609 3162 682 αὐξανόμενον
3188 611 3282 665 τοῦ
3315 610 3487 665 ίούλου
3510 650 3527 674 ,
3567 612 3683 665 πά-

2089 704 2172 759 λιν
2194 704 2284 758 τὸν
2314 702 2614 775 ῥωμαλέον,
2644 703 2739 757 καὶ
2764 702 3079 774 ἀκμάζοντα
3099 741 3115 769 ,
3148 697 3305 768 αὖθις
3340 702 3437 775 τὴν
3470 702 3680 775 γραῦν,

2087 797 2224 870 ὁμοῦ
2252 797 2351 871 τὴν
2378 798 2566 871 κόρην.
2598 797 2785 853 Ταῦτα
2828 798 3085 870 ὁρῶντες,
3112 796 3211 871 τὴν
3244 798 3467 870 άόηλίαν
3502 800 3681 869 ἀσφα-

2088 888 2367 961 λισὼμεθα
2390 905 2406 920 ’
2439 891 2515 944 Οὐ
2536 890 2648 961 γάρ
2672 889 2820 943 ἐστιν
2852 888 3110 959 ἐργῶδες,
3133 888 3220 943 ἵνα
3256 888 3421 951 ἀσκὸς
3456 889 3674 960 κενωθῇ

2088 978 2183 1033 τοῦ
2230 978 2577 1051 πνεύματος,
2645 978 2842 1050 μικρὸν
2888 978 3272 1048 ὑπανοιγέντος
3325 978 3418 1033 τοῦ
3463 980 3674 1051 στύμα-

2087 1087 2215 1136 τος,
2263 1070 2384 1126 οὐδὲ
2419 1070 2676 1126 δύσκολον
2707 1070 2995 1144 ἄνθρωπον
3030 1071 3089 1126 ἐν
3125 1071 3323 1143 ἀκαρεῖ
3354 1070 3451 1144 τὴν
3496 1071 3678 1145 ψυχὴν

2091 1163 2373 1237 προέσθαι.
2412 1212 2421 1219 .

2173 1254 2317 1328 Ὀρῶ
2360 1256 2489 1311 ὅταν
2539 1255 2670 1311 ποτὲ
2718 1256 2942 1329 σεισμὸς
2984 1255 3303 1328 ἐπιγένηται
3348 1255 3425 1329 τῷ
3473 1255 3603 1329 βίῳ,
3645 1256 3679 1328 ἢ

2089 1347 2269 1418 λιμὸς,
2310 1347 2344 1419 ἥ
2374 1346 2646 1419 πολεμίων
2699 1346 3038 1419 καταδρομὴ,
3081 1348 3289 1411 πάντας
3336 1348 3682 1419 ὲπειγμένως

2090 1439 2186 1505 ἐπὶ
2215 1439 2276 1493 τὸ
2309 1438 2695 1511 βαπτιστήριον
2736 1438 3083 1502 σπεύδοντας,
3130 1437 3219 1491 ilva.
3266 1436 3340 1509 μὴ
3390 1439 3545 1491 κενοὶ
3587 1438 3683 1509 τῆς

2091 1531 2315 1609 χάριτος
2341 1530 2402 1596 ἐξ
2423 1529 2726 1603 ἀνθρώπων
2773 1526 3103 1584 ἀπέλθωσιν.
3153 1528 3221 1582 Τί
3261 1524 3387 1593 οὖν;
3428 1528 3509 1583 τὰ
3549 1529 3682 1585 ἄλλα

2090 1624 2164 1680 τά
2195 1622 2415 1678 ποικίλα
2464 1621 2611 1693 πάθη
2653 1619 2750 1676 καὶ
2795 1621 3177 1693 ἀπροσδόκητα
3222 1621 3322 1675 οὐκ
3367 1621 3685 1694 ίσοδυναμεῐ

2091 1720 2205 1783 τοῖς
2234 1717 2423 1779 κακοῖς
2458 1713 2720 1795 ὲκείνοιςξ
2763 1711 3141 1785 Ἀποπληξίαι.
3168 1713 3516 1784 παρακοπαὶ,
3568 1713 3683 1766 πνί-

410 1809 552 1873 xiaa,
582 1824 875 1882 syncopaa,
904 1782 1625 1880 inopinataztsull‘ocationes
1646 1850 1662 1876 ,
1697 1782 1988 1868 ventorum

2099 1811 2206 1880 ξεις
2243 1811 2514 1882 ἀδόκητοι,
2545 1789 2871 1879 πνευμάτων
2903 1782 3203 1870 ἐνστάσεις,
3239 1782 3332 1859 καὶ
3375 1803 3444 1858 τά
3476 1803 3685 1860 τούτων

422 1900 700 1962 irruentes
711 1901 997 1971 procella?
1016 1899 1206 1956 Nonne
1225 1901 1494 1968 videmus,
1512 1916 1607 1959 eos
1626 1902 1718 1973 qui
1738 1911 1989 1970 currunt,

417 1989 657 2057 cadere,
688 1997 744 2047 et
776 1990 871 2061 qui
908 1991 1239 2056 comedunt,
1279 1991 1442 2063 plane
1477 2008 1700 2050 cessare
1738 2009 1769 2049 a
1810 1994 1993 2050 nutri-

415 2090 638 2144 mento,
687 2089 742 2136 et
784 2079 879 2151 qni
929 2079 1209 2135 dormiunt
1265 2079 1394 2135 duci
1433 2080 1499 2135 ad
1541 2091 1770 2137 mortem
1812 2081 1993 2137 somni

414 2170 715 2227 sororem?
755 2169 1032 2231 Contirma
1076 2177 1129 2225 et
1173 2171 1356 2227 stabili
1403 2172 1528 2227 vitae
1576 2170 1991 2228 instabilitatem

418 2271 477 2319 et
515 2261 991 2319 inccrtitudinem.
1032 2260 1153 2317 Noli
1194 2263 1502 2334 negotiari,
1548 2272 1643 2318 aut
1692 2265 1993 2336 cauponari

414 2354 649 2426 gratiam
669 2392 685 2417 ,
720 2368 790 2408 ne
822 2368 854 2407 a
881 2352 1026 2408 dono
1063 2352 1308 2410 excidas.
1342 2352 1579 2410 Tantum
1608 2355 1747 2411 debe
1769 2398 1785 2425 ,
1817 2371 1994 2427 quan-

417 2455 537 2500 tum
573 2444 750 2515 possit
785 2443 1123 2512 condonari,
1164 2451 1219 2500 et
1252 2444 1398 2515 quod
1440 2460 1550 2502 non
1591 2447 1767 2517 possit
1806 2448 1996 2504 exclu-

411 2539 547 2599 dere
594 2536 740 2608 regis
783 2535 1201 2608 benignitatem.
1250 2538 1439 2595 Terra:
1485 2539 1633 2595 enim
1676 2540 1993 2612 principes,

344 2671 348 2675 .
410 2627 644 2700 quando
697 2626 940 2697 aliquem
992 2628 1349 2699 acceperint,
1406 2629 1499 2700 qui
1557 2630 1775 2699 publica
1826 2644 1996 2701 supra

415 2719 640 2776 modum
669 2718 959 2789 appetierit
977 2758 993 2784 ,
1022 2728 1078 2774 et
1107 2734 1169 2775 se
1196 2718 1345 2790 regia
1377 2721 1611 2790 pecunia
1637 2722 1802 2777 etiam
1830 2738 1993 2792 supra

415 2811 729 2868 satietatem
765 2809 1106 2880 impleverit,
1145 2809 1440 2880 desperant
1484 2813 1703 2882 quidem
1757 2811 1876 2868 fore
1937 2821 1997 2869 ut

418 2901 637 2965 reddat,
668 2900 867 2956 acerbe
895 2907 1076 2961 autem
1104 2900 1341 2971 puniunt
1363 2942 1378 2968 ,
1412 2917 1573 2972 pmna
1621 2905 1862 2959 contenti
1894 2918 1996 2976 pro

416 2992 677 3066 pecunia.
722 2989 955 3047 Multum
1002 2992 1268 3063 temporis
1312 2992 1513 3051 dedisti
1566 2994 1871 3065 voluptati,
1928 2999 1995 3052 da

2094 1902 2396 1971 ἁκόλουθας
2422 1902 2498 1957 Οὐ
2538 1900 2805 1972 βλέπομεν
2831 1900 2959 1962 τοὺς
3000 1898 3058 1953 ὲν
3102 1895 3182 1968 τῷ
3210 1895 3421 1971 τρέχειν
3455 1894 3685 1949 πίπτον-

2093 2011 2211 2060 τας,
2236 1976 2516 2056 ἐσθίοντας
2543 1991 2638 2057 καὶ
2673 1989 2894 2053 τελείως
2932 1988 3036 2060 τῆς
3074 1986 3281 2058 τροφῆς
3313 1986 3684 2057 παυομένους,

2094 2084 2454 2151 καθεύδοντας
2483 2084 2577 2138 καὶ
2607 2081 2976 2144 λανθανόντως
3022 2078 3098 2150 τῷ
3136 2078 3348 2149 ἀδελφῷ
3382 2076 3481 2131 τοῦ
3515 2076 3687 2131 ὕπνου

2093 2177 2173 2250 τῷ
2193 2176 2410 2248 θανάτῳ
2439 2173 2879 2249 προσαγομένους
2903 2189 2917 2238 ;
2951 2170 3272 2241 Ἀσφάλισαι
3316 2168 3377 2223 τὸ
3402 2169 3691 2251 ἀστάθμη-

2095 2287 2186 2334 τον
2209 2268 2304 2325 καὶ
2335 2268 2530 2337 ἄδηλον
2555 2266 2651 2322 τοῦ
2684 2265 2821 2337 βίου.
2864 2264 2955 2336 Μὴ
3000 2261 3305 2335 ἑμπορεύου
3350 2260 3452 2333 τὴν
3498 2261 3690 2333 χάριν,

2097 2362 2188 2427 ἵνα
2224 2359 2299 2433 μὴ
2326 2359 2566 2433 ὲκπέσῃς
2604 2358 2705 2429 τῆς
2746 2356 2973 2429 δωρεᾶς.
3017 2354 3268 2411 Τοσαῦτα
3310 2352 3693 2426 χρεώστητον,

2095 2454 2197 2510 ὅσα
2230 2432 2455 2508 δυνατὸν
2497 2432 2594 2505 καὶ
2625 2447 3066 2522 συγχωρηθῆναι,
3101 2447 3199 2501 ὅσα
3225 2446 3320 2501 καὶ
3358 2444 3453 2517 τὴν
3490 2446 3698 2516 φιλαν-

2097 2544 2343 2617 θρωπίαν
2379 2542 2475 2598 τοῦ
2516 2541 2780 2613 βασιλέως
2812 2540 2912 2593 οὐκ
2954 2538 3286 2605 ἀποκλείσει.
3333 2538 3442 2594 Καὶ
3475 2538 3601 2611 γάρ
3646 2541 3697 2593 oi

2094 2637 2197 2709 τῆς
2223 2636 2327 2707 γῆς
2349 2635 2608 2708 ἄρχοντες
2637 2634 2765 2689 ὃταν
2806 2631 2928 2686 τινὰ
2957 2631 3195 2686 λάϐωσιν
3229 2631 3508 2704 ὑπεράγαν
3538 2649 3701 2685 am-

2098 2728 2342 2801 θήσαντα
2375 2726 2446 2781 τὰ
2481 2726 2736 2799 δημόσια,
2761 2724 2858 2785 καὶ
2896 2725 3004 2779 τῶν
3051 2724 3344 2796 βασιλικῶν
3384 2724 3703 2795 χρημάτων

2097 2820 2238 2892 ὑπὲρ
2280 2819 2441 2892 κόρον
2485 2817 3015 2889 κατατρυφήσαντα,
3075 2814 3177 2887 τῆς
3225 2814 3323 2886 μὲν
3375 2814 3703 2886 ἀποδόσεως

2097 2910 2530 2981 ἀπογινώσκουσι
2554 2925 2568 2940 ο
2595 2907 2882 2974 κολάζουσι
2916 2908 2971 2962 δὲ
3008 2907 3240 2980 πικρῶς,
3272 2908 3389 2961 ἀντὶ
3417 2907 3525 2960 τῶν
3555 2924 3707 2981 χρη-

2102 3003 2286 3073 μάτων
2314 3004 2432 3067 ταῖς
2457 3001 2751 3073 τιμωρίαις
2794 2998 3142 3073 ἀρκούμενοι.
3191 2998 3419 3063 Πολλοὺς
3457 2999 3705 3070 χρόνους

413 3085 588 3141 etiam
637 3082 847 3155 aliquid
895 3082 1280 3154 philosophiae.
1332 3082 1483 3140 Exue
1525 3094 1765 3141 veterem
1821 3080 1996 3142 homi-

2099 3092 2337 3165 ἐχαρίσω
2359 3094 2424 3164 τῇ
2447 3090 2626 3162 ἡδονῇ·
2649 3089 2738 3153 δὸς
2765 3089 2859 3144 καὶ
2881 3091 2947 3162 τῇ
2975 3087 3260 3160 φιλοσοφίᾳ
3282 3087 3491 3160 σχολήν.
3520 3088 3709 3144 Ἀπό-

416 3192 546 3234 nem
596 3183 857 3247 tanquam
906 3182 1112 3232 vestem
1159 3177 1435 3237 sordidam
1469 3217 1485 3245 ,
1536 3192 1658 3249 quae
1700 3186 1785 3234 est
1831 3180 1991 3250 plena

419 3270 627 3344 probro
662 3275 719 3324 et
752 3266 1056 3337 dedecore,
1095 3285 1219 3341 quae
1255 3286 1323 3330 ex
1358 3282 1710 3343 peccatorum
1750 3271 1988 3332 conflata

417 3372 508 3424 cst
542 3360 900 3418 multitudine
922 3398 939 3426 ,
975 3370 1028 3418 et
1063 3363 1448 3419 consarcinata
1480 3379 1549 3419 ex
1588 3364 2000 3421 miserabilibus

418 3455 624 3527 pannis
654 3454 989 3526 iniquitatis.
1028 3452 1233 3526 Accipe
1267 3462 1449 3510 autem
1487 3455 1868 3513 indumentum
1911 3457 1999 3511 in-

420 3545 840 3617 corruptionis,
875 3543 1023 3617 quod
1074 3545 1406 3616 explicatum
1456 3554 1512 3600 et
1555 3554 1843 3618 extensum
1900 3547 1999 3602 tibi

420 3639 681 3695 Christus
722 3639 993 3710 porrigit;
1028 3652 1132 3693 nec
1170 3638 1373 3707 repelle
1410 3637 1613 3694 donum
1639 3678 1655 3704 ,
1692 3654 1760 3694 ne
1798 3639 2000 3710 injuria

422 3729 627 3787 afﬁcias
674 3747 837 3798 eum,
880 3731 973 3802 qui
1010 3729 1180 3785 dedit.
1218 3728 1276 3784 ln
1314 3729 1429 3787 luto
1462 3729 1554 3785 diu
1586 3746 1647 3787 es
1676 3731 1998 3801 volutatus;

422 3822 628 3877 festina
657 3823 726 3877 ad
761 3837 944 3879 meum
972 3820 1271 3882 Jordanem
1296 3861 1312 3887 ,
1341 3836 1453 3876 non
1483 3820 1697 3879 Joanne
1726 3832 1958 3879 vocante
1984 3862 2000 3887 ,

311 3989 315 3993 _
425 3914 523 3969 sed
563 3913 787 3969 Christo
819 3913 1171 3976 adhortante.
1203 3910 1429 3967 Flttvius
1463 3912 1610 3968 enim
1651 3915 1842 3984 gratiae
1882 3915 2003 3969 fluit

427 4005 635 4076 ubique
657 4044 672 4068 ,
710 4018 820 4061 non
851 4004 1034 4063 fontes
1064 4002 1275 4060 habens
1315 4004 1370 4058 in
1409 4002 1703 4060 Palaestina
1725 4044 1740 4070 ,
1775 4015 1827 4061 et
1867 4006 2006 4061 viei-

425 4111 559 4152 num
610 4112 764 4153 mare
816 4095 1089 4160 inﬂuens,
1143 4095 1240 4151 sed
1281 4103 1454 4151 totum
1492 4098 1677 4153 orbem
1725 4107 1997 4155 terrarum

424 4190 795 4256 circumiens,
841 4196 897 4246 et
942 4188 1255 4260 ingrediens
1302 4189 1617 4259 paradisum
1644 4231 1660 4256 ,
1711 4189 1887 4247 fluens
1937 4206 2004 4247 ex

425 4281 660 4337 adverso
696 4280 913 4336 illorum
943 4288 1205 4352 quatuor,
1239 4280 1333 4352 qui
1374 4280 1524 4335 illine
1567 4279 1795 4355 cflluunt
1817 4323 1831 4346 ,
1861 4292 1914 4336 et
1946 4282 2000 4337 in

2098 3185 2255 3245 δυσαι
2281 3182 2371 3237 τὸν
2403 3181 2628 3235 παλαιὸν
2653 3179 2958 3251 ἄνθρωπον,
2985 3178 3061 3242 ὡς
3096 3178 3306 3250 ἱμάτιον
3330 3177 3607 3249 ῥυπαρὸν,
3639 3179 3710 3241 τὸ

2099 3276 2345 3348 αἰσχρὸν,
2376 3274 2437 3328 τὸ
2467 3273 2635 3344 γέμον
2662 3271 2928 3343 αἰσχύνης
2967 3270 3029 3324 τὸ
3076 3270 3141 3324 ὲκ
3184 3268 3279 3323 τοῦ
3307 3268 3543 3341 πλήθους
3583 3271 3708 3328 τῶν

2102 3366 2385 3442 ἁμαρτιῶν
2412 3364 2828 3433 πολυκόλλητον,
2854 3365 2967 3428 τοῖς
3011 3362 3249 3433 οἰκτροῖς
3294 3363 3499 3432 ῥακίοις
3526 3379 3709 3435 περιρ

2100 3457 2500 3530 κεκεντημένον
2517 3456 2615 3528 τῆς
2636 3455 2884 3526 ἀνομίας.
2911 3453 3070 3522 Δέξαι
3094 3452 3151 3508 δὲ
3176 3452 3238 3507 τὸ
3260 3454 3356 3525 τῆς
3381 3453 3709 3525 ἀφθαρσίας

2101 3551 2328 3623 ἔνδυμα,
2359 3550 2498 3621 ὅπερ
2520 3547 2549 3601 ὁ
2585 3547 2820 3620 Χριστός
2868 3561 2950 3599 σοι
2986 3543 3296 3609 διαπλὼσας
3322 3543 3706 3616 προτείνεται,

2101 3644 2196 3697 καὶ
2222 3642 2297 3713 μὴ
2326 3639 2522 3714 ἀπώσῃ
2546 3638 2645 3711 τὴν
2668 3637 2897 3710 δωρεὰν,
2927 3636 3015 3691 ἵνα
3043 3637 3118 3710 μὴ
3148 3636 3373 3709 ὑϐρίσῃς
3400 3634 3490 3689 τὸν
3516 3635 3711 3709 δωρη-

2105 3734 2360 3805 σάμενον.
2394 3731 2518 3785 Ἐπὶ
2552 3729 2760 3801 μακρὸν
2800 3729 3094 3784 ὲνεκυλίσω
3120 3728 3197 3800 τῷ
3225 3726 3460 3799 βορϐόρῳ
3479 3742 3492 3756 -
3515 3728 3703 3782 σπεῦ-

2105 3843 2217 3892 σον,
2250 3824 2526 3897 ἄνθρωπε,
2554 3822 2646 3877 ὲπὶ
2677 3822 2768 3887 τὸν
2797 3822 2931 3892 ἐμὸν
2972 3819 3242 3893 Ἰορδάνην
3264 3858 3280 3884 ,
3308 3817 3408 3871 οὒκ
3437 3816 3714 3875 Ἰωάννου

2103 3917 2413 3983 καλοῦντος,
2444 3915 2583 3971 ἀλλά
2614 3911 2852 3986 Χριστοῦ
2891 3911 3307 3985 προτρέποντος.
3351 3910 3406 3964 '0
3440 3907 3555 3981 γὰρ
3601 3911 3717 3982 τῆς

2104 4011 2326 4082 χάριτος
2362 4006 2606 4079 ποταμὸς
2648 4007 2732 4079 ῥεῖ
2770 4003 3066 4076 πανταχοῦ,
3112 4002 3213 4058 οὐκ
3261 4004 3319 4056 ὲν
3361 4003 3427 4074 τῇ
3481 4001 3720 4058 Halat,-

2105 4102 2258 4173 στίνῃ
2289 4099 2387 4164 τάς
2414 4097 2599 4173 πηγάς
2632 4096 2792 4169 ἔχων,
2818 4095 2914 4152 καὶ
2940 4096 3022 4160 είς
3056 4095 3155 4167 τὴν
3180 4094 3392 4164 γείτονα
3415 4090 3719 4148 καλυπτό-

2107 4212 2269 4267 μενος
2292 4193 2588 4258 θάλασσαν,
2609 4189 2746 4245 ἀλλά
2778 4190 2960 4244 πᾶσαν
2981 4188 3083 4260 τὴν
3105 4186 3425 4259 οίκουμένην
3447 4184 3717 4256 κυκλῶν,

2106 4287 2203 4341 καὶ
2249 4285 2545 4341 εἰσϐάλλων
2587 4285 2668 4348 είς
2709 4282 2803 4337 τὸν
2854 4281 3178 4355 παράδεισον
3201 4298 3215 4312 ο
3274 4279 3718 4349 ἀντιπρόσωπος

425 4372 742 4445 paradisum
775 4373 937 4442 longe
969 4371 1297 4442 pretiosiora
1337 4370 1580 4433 inferens
1602 4409 1619 4434 ,
1678 4386 1843 4441 quam
1882 4388 1996 4441 qua

2108 4379 2250 4450 ῥέων
2276 4376 2386 4432 τῶν
2425 4374 2706 4445 τεσσάρων
2745 4370 2854 4431 τῶν
2894 4369 3103 4437 ἐκεῖθεν
3147 4368 3551 4443 ἀπορρεόντων,
3608 4367 3717 4433 και

426 4465 581 4521 illine
626 4470 1012 4536 exportantur.
1056 4460 1195 4522 Nam
1243 4462 1322 4517 illi
1362 4461 1585 4532 quidem
1629 4460 1813 4517 ferunt
1878 4479 1996 4518 aro-

2112 4472 2247 4528 πολὺ
2268 4468 2570 4541 τιμιώτερα
2591 4467 2826 4535 εἰσάγων
2854 4464 2934 4528 εἰς
2952 4463 3045 4519 τὸν
3075 4452 3400 4534 παράδεισον
3424 4459 3535 4514 τῶν
3562 4463 3718 4515 ἐκεί-

428 4565 610 4621 mata,
669 4555 1058 4627 agriculturam
1095 4564 1151 4609 et
1193 4569 1419 4624 germen
1464 4563 1652 4620 terrae;
1702 4554 1789 4609 hic
1822 4567 2005 4610 autem

426 4647 598 4703 infert
618 4647 866 4702 homines
891 4657 922 4698 a
951 4642 1158 4714 Spiritu
1194 4653 1502 4715 generatos.
1529 4644 1867 4725 Quocunque
1898 4657 2009 4701 tra-

427 4724 615 4804 xerisi,
655 4737 785 4792 illuc
822 4735 1153 4801 transiluit;
1183 4735 1466 4792 derivatur
1508 4737 1563 4791 in
1605 4746 1776 4791 totum
1813 4738 2003 4795 orbem

426 4838 590 4886 terra:
613 4868 630 4895 ,
663 4836 719 4884 et
747 4841 858 4883 non
888 4828 1167 4883 consumit
1198 4826 1459 4882 ﬂuentum
1495 4829 1549 4882 in
1584 4828 1652 4882 iis
1681 4829 1735 4883 in
1767 4843 1888 4900 quae
1923 4829 2009 4884 di-

427 4923 654 4976 viditur.
690 4918 914 4975 Fontem
948 4920 1095 4976 enim
1135 4919 1361 4975 divitem
1399 4921 1566 4976 habet
1601 4920 1917 4990 Christum,
1948 4929 2005 4979 ct

428 5027 495 5068 ex
529 5013 624 5067 illo
659 5013 833 5068 fluens
861 5012 1090 5067 inundat
1120 5011 1383 5066 mundum
1416 5013 1760 5069 universum.
1793 5013 1892 5069 llic
1918 5021 2003 5070 est

430 5104 612 5159 dulcis
669 5112 724 5160 et
790 5105 1082 5174 potabilis,
1150 5106 1285 5159 nihil
1342 5105 1659 5176 injucundm
1707 5107 2007 5179 salsuginis

431 5194 737 5250 attrahens.
769 5193 958 5249 Dulcis
991 5195 1135 5250 enim
1173 5194 1419 5250 redditur
1453 5196 1687 5251 adventu
1721 5196 1960 5267 Spiritus
1987 5237 2002 5263 ,

431 5296 492 5343 nt
523 5288 645 5343 fons
677 5288 822 5343 Mara
856 5297 1060 5344 attactu
1093 5289 1223 5361 ligni
1256 5291 1323 5344 ".
1352 5291 1399 5347 ls
1433 5307 1461 5344 a
1497 5292 1603 5362 piis
1637 5290 1796 5347 facile
1828 5301 2005 5362 potest

431 5381 766 5445 transmitti,
812 5380 1059 5452 profanis
1095 5390 1276 5438 autem
1319 5383 1762 5455 perprofnndns,
1811 5394 1865 5440 et
1905 5399 2004 5439 ncc

431 5472 502 5525 ab
540 5473 609 5528 iis
640 5472 859 5542 quidem
900 5482 1079 5544 potest
1119 5474 1278 5530 adiri.
1324 5474 1543 5530 Imitare
1589 5473 1776 5532 Jcsum
1830 5474 2001 5531 Nave.

431 5562 597 5619 Porta
635 5563 989 5636 Evangelium
1012 5607 1027 5635 ,
1072 5567 1219 5624 sicut
1257 5568 1350 5624 ille
1389 5581 1617 5635 arcam;
1655 5566 1871 5625 dimitte
1910 5569 2005 5626 dc-

513 5743 557 5772 "
578 5741 741 5799 Exod.
776 5760 861 5811 xv,
883 5742 968 5799 23.

2114 4563 2204 4618 θεν
2241 4558 2640 4632 ἐκφερομένων.
2686 4558 2752 4610 Οἱ
2793 4556 2892 4628 μὲν
2940 4554 3051 4627 γάρ
3098 4552 3355 4625 φέρουσιν
3402 4548 3711 4621 ἀρώματα,

2112 4655 2407 4728 γεωργίαν,
2434 4652 2528 4707 καὶ
2559 4649 2847 4723 βλάστημα
2875 4646 2997 4719 γῆς.
3035 4646 3095 4701 '0
3129 4644 3187 4698 δὲ
3223 4641 3553 4716 ἀνθρώπους
3600 4644 3719 4698 sic.-

2115 4750 2270 4822 φέρει
2309 4747 2625 4817 γεννήματα
2669 4740 2997 4813 πνεύματος.
3030 4738 3204 4799 Ὅπου
3241 4735 3287 4792 δ’
3320 4736 3388 4790 ἂν
3433 4734 3711 4810 ἐλκύσῃς,

2115 4839 2233 4892 ἐκεῖ
2279 4836 2559 4908 μταρῥεί,
2591 4830 2726 4904 πρὸς
2773 4831 2953 4884 πᾶσαν
2999 4827 3100 4900 τὴν
3147 4825 3469 4898 οἰκουμένην
3517 4826 3717 4896 ἐξοχε-

2101 4928 2341 4988 τεύεται,
2378 4926 2473 4982 καὶ
2498 4924 2560 4979 ού
2587 4923 2800 4995 δαπανᾷ
2829 4922 2887 4975 ὲν
2922 4921 3038 4984 τοῖς
3076 4916 3454 4991 μεριζομένοις
3483 4917 3556 4971 τὸ
3588 4917 3714 4987 ῥεῖ-

2106 5021 2252 5094 θρον.
2289 5016 2480 5087 Πηγὴν
2525 5014 2633 5086 γὰρ
2682 5012 2795 5084 ἔχει
2852 5009 3124 5079 πλουσίαν,
3156 5009 3248 5064 τὸν
3280 5008 3557 5081 Χριστὸν,
3600 5006 3723 5061 καὶ

2106 5114 2201 5171 ἀπ’
2231 5111 2440 5165 ἐκείνου
2481 5108 2641 5181 ῥέων,
2687 5106 2975 5178 σύμπαντα
3021 5103 3303 5182 πελαγίζει
3333 5101 3426 5157 τὸν
3471 5102 3723 5172 κόσμον.

2107 5203 2317 5265 Γλυκῦς
2341 5196 2496 5263 οὗτος
2524 5200 2619 5257 καὶ
2643 5198 2872 5268 πότιμος
2890 5237 2906 5263 ,
2950 5197 3103 5251 οὐδὲν
3131 5196 3231 5267 τῆς
3280 5193 3484 5267 ἀηδοῦς
3520 5195 3734 5265 ἅλμης

2110 5292 2523 5366 ἐπισυρόμενος.
2579 5290 2855 5345 Ἦδύνεται
2906 5288 3016 5360 γὰρ
3077 5290 3142 5360 τῇ
3208 5287 3552 5358 ἐπιφοιτήσει
3600 5287 3736 5343 τοῦ

2112 5387 2418 5460 πνεύματος
2450 5386 2526 5450 ὼς
2562 5386 2597 5456 ἠ
2643 5381 3025 5457 Μερῥάπηγὴ
3060 5383 3124 5453 τῇ
3173 5379 3323 5450 θήξει
3364 5378 3461 5433 τοῦ
3512 5375 3742 5456 ξύλου,

2111 5478 2365 5543 διαϐατὸς
2403 5481 2517 5543 τοῖς
2560 5476 2839 5543 εύσεῦέσι,
2883 5478 2997 5540 τοῖς
3025 5474 3082 5528 δὲ
3118 5471 3367 5544 βεϐήλοις
3398 5468 3746 5553 άγχιῦαῦὴς

2113 5570 2208 5626 καὶ
2241 5571 2552 5643 ἀπρόσιτος.
2578 5569 2831 5640 Μίμττσαι
2871 5568 2960 5624 τὸν
3019 5566 3222 5634 Ἰησοῦν
3261 5565 3354 5621 τὸν
3385 5558 3561 5631 Ναυῆ.
3598 5561 3745 5631 B4.-

3548 315 3673 373 tso
3716 285 3728 295 ’

3821 93 3849 277 Ιιε
