  <div class='ocr_page' id='page_1' title='image "/cluster/home/n/w/nwhite01/storage/ocr_20150623/46/hvd.32044054112198/226.png"; bbox 0 0 3896 6204; ppageno 0'>
   <div class='ocr_carea' id='block_1_1' title="bbox 235 237 335 297">
    <p class='ocr_par' dir='ltr' id='par_1_1' title="bbox 235 237 335 297">
     <span class='ocr_line' id='line_1_1' title="bbox 235 237 335 297; baseline 0.03 -3"><span class='ocrx_word' id='word_1_1' title='bbox 235 237 335 297; x_wconf 67' lang='grc' dir='ltr'><strong>εει</strong></span> 
     </span>
    </p>
   </div>
   <div class='ocr_carea' id='block_1_2' title="bbox 1605 236 2100 294">
    <p class='ocr_par' dir='ltr' id='par_1_2' title="bbox 1605 236 2100 294">
     <span class='ocr_line' id='line_1_2' title="bbox 1605 236 2100 294; baseline 0 -1"><span class='ocrx_word' id='word_1_2' title='bbox 1605 238 1692 294; x_wconf 77' lang='lat' dir='ltr'><strong>DE</strong></span> <span class='ocrx_word' id='word_1_3' title='bbox 1738 236 2100 294; x_wconf 73' lang='lat' dir='ltr'><strong>BAPTISMO.</strong></span> 
     </span>
    </p>
   </div>
   <div class='ocr_carea' id='block_1_3' title="bbox 3371 259 3478 317">
    <p class='ocr_par' dir='ltr' id='par_1_3' title="bbox 3371 259 3478 317">
     <span class='ocr_line' id='line_1_3' title="bbox 3371 259 3478 317; baseline 0.019 -2"><span class='ocrx_word' id='word_1_4' title='bbox 3371 259 3478 317; x_wconf 59' lang='lat'><strong>£22</strong></span> 
     </span>
    </p>
   </div>
   <div class='ocr_carea' id='block_1_4' title="bbox 230 350 1811 435">
    <p class='ocr_par' dir='ltr' id='par_1_4' title="bbox 230 350 1811 425">
     <span class='ocr_line' id='line_1_4' title="bbox 230 350 1811 425; baseline 0 -18"><span class='ocrx_word' id='word_1_5' title='bbox 230 371 434 407; x_wconf 80' lang='grc' dir='ltr'>στασον</span> <span class='ocrx_word' id='word_1_6' title='bbox 483 352 545 407; x_wconf 76' lang='grc' dir='ltr'>τὸ</span> <span class='ocrx_word' id='word_1_7' title='bbox 593 350 955 422; x_wconf 79' lang='grc' dir='ltr'>Εὐαγγέλιον,</span> <span class='ocrx_word' id='word_1_8' title='bbox 998 353 1075 418; x_wconf 79' lang='grc' dir='ltr'>ὡς</span> <span class='ocrx_word' id='word_1_9' title='bbox 1128 354 1330 418; x_wconf 73' lang='grc' dir='ltr'>ἐκεῖνος</span> <span class='ocrx_word' id='word_1_10' title='bbox 1396 353 1494 425; x_wconf 75' lang='grc' dir='ltr'>τὴν</span> <span class='ocrx_word' id='word_1_11' title='bbox 1555 354 1811 408; x_wconf 76' lang='grc' dir='ltr'>κιϐωτόν·</span> 
     </span>
    </p>
   </div>
   <div class='ocr_carea' id='block_1_5' title="bbox 1914 350 3479 435">
    <p class='ocr_par' dir='ltr' id='par_1_5' title="bbox 1922 359 3479 435">
     <span class='ocr_line' id='line_1_5' title="bbox 1922 359 3479 435; baseline 0.012 -27"><span class='ocrx_word' id='word_1_12' title='bbox 1922 364 2155 417; x_wconf 86' lang='lat' dir='ltr'><strong>sertum,</strong></span> <span class='ocrx_word' id='word_1_13' title='bbox 2196 369 2386 425; x_wconf 81' lang='lat' dir='ltr'><strong>nempe</strong></span> <span class='ocrx_word' id='word_1_14' title='bbox 2427 366 2749 426; x_wconf 84' lang='lat' dir='ltr'><strong>peccatum;</strong></span> <span class='ocrx_word' id='word_1_15' title='bbox 2803 361 2975 417; x_wconf 85' lang='lat' dir='ltr'><strong>transi</strong></span> <span class='ocrx_word' id='word_1_16' title='bbox 3021 359 3354 435; x_wconf 83' lang='lat' dir='ltr'><strong>Jordanem;</strong></span> <span class='ocrx_word' id='word_1_17' title='bbox 3400 370 3479 427; x_wconf 85' lang='lat' dir='ltr'><strong>fe-</strong></span> 
     </span>
    </p>
   </div>
   <div class='ocr_carea' id='block_1_6' title="bbox 221 441 1819 513">
    <p class='ocr_par' dir='ltr' id='par_1_6' title="bbox 221 441 1819 513">
     <span class='ocr_line' id='line_1_6' title="bbox 221 441 1819 513; baseline 0 -17"><span class='ocrx_word' id='word_1_18' title='bbox 221 443 375 510; x_wconf 67' lang='grc' dir='ltr'>ἇφες</span> <span class='ocrx_word' id='word_1_19' title='bbox 432 442 529 513; x_wconf 78' lang='grc' dir='ltr'>τὴν</span> <span class='ocrx_word' id='word_1_20' title='bbox 574 442 796 513; x_wconf 70' lang='grc' dir='ltr'>ἔρημον,</span> <span class='ocrx_word' id='word_1_21' title='bbox 836 442 935 513; x_wconf 82' lang='grc' dir='ltr'>τὴν</span> <span class='ocrx_word' id='word_1_22' title='bbox 986 442 1291 513; x_wconf 58' lang='grc' dir='ltr'>ἁμαρτίαν</span> <span class='ocrx_word' id='word_1_23' title='bbox 1340 441 1672 513; x_wconf 84' lang='grc' dir='ltr'>περαιώθητι</span> <span class='ocrx_word' id='word_1_24' title='bbox 1728 443 1819 496; x_wconf 83' lang='grc' dir='ltr'>τὸν</span> 
     </span>
    </p>
   </div>
   <div class='ocr_carea' id='block_1_7' title="bbox 230 531 1816 604">
    <p class='ocr_par' dir='ltr' id='par_1_7' title="bbox 230 531 1816 604">
     <span class='ocr_line' id='line_1_7' title="bbox 230 531 1816 604; baseline 0.001 -20"><span class='ocrx_word' id='word_1_25' title='bbox 230 532 545 604; x_wconf 72' lang='grc' dir='ltr'><strong>Ἰορδάνην·</strong></span> <span class='ocrx_word' id='word_1_26' title='bbox 574 531 803 585; x_wconf 79' lang='grc' dir='ltr'><strong>σπεῦσον</strong></span> <span class='ocrx_word' id='word_1_27' title='bbox 836 533 917 596; x_wconf 88' lang='grc' dir='ltr'><strong>είς</strong></span> <span class='ocrx_word' id='word_1_28' title='bbox 941 532 1039 603; x_wconf 78' lang='grc' dir='ltr'>τὴν</span> <span class='ocrx_word' id='word_1_29' title='bbox 1076 532 1217 585; x_wconf 82' lang='grc' dir='ltr'>κατὰ</span> <span class='ocrx_word' id='word_1_30' title='bbox 1260 532 1492 604; x_wconf 73' lang='grc' dir='ltr'>Χριστὸν</span> <span class='ocrx_word' id='word_1_31' title='bbox 1525 533 1816 596; x_wconf 82' lang='grc' dir='ltr'>πολιτείαν,</span> 
     </span>
    </p>
   </div>
   <div class='ocr_carea' id='block_1_8' title="bbox 217 620 1816 695">
    <p class='ocr_par' dir='ltr' id='par_1_8' title="bbox 217 620 1816 695">
     <span class='ocr_line' id='line_1_8' title="bbox 217 620 1816 695; baseline 0.002 -22"><span class='ocrx_word' id='word_1_32' title='bbox 217 620 320 684; x_wconf 68' lang='grc' dir='ltr'>εἰς</span> <span class='ocrx_word' id='word_1_33' title='bbox 347 621 446 691; x_wconf 74' lang='grc' dir='ltr'>τὴν</span> <span class='ocrx_word' id='word_1_34' title='bbox 470 621 573 690; x_wconf 80' lang='grc' dir='ltr'>γῆν</span> <span class='ocrx_word' id='word_1_35' title='bbox 600 621 697 691; x_wconf 76' lang='grc' dir='ltr'>τὴν</span> <span class='ocrx_word' id='word_1_36' title='bbox 722 621 946 692; x_wconf 84' lang='grc' dir='ltr'>γόνιμον</span> <span class='ocrx_word' id='word_1_37' title='bbox 977 622 1084 676; x_wconf 90' lang='grc' dir='ltr'><strong>τῶν</strong></span> <span class='ocrx_word' id='word_1_38' title='bbox 1127 623 1519 694; x_wconf 81' lang='grc' dir='ltr'>εὐφραινόντων</span> <span class='ocrx_word' id='word_1_39' title='bbox 1567 624 1816 695; x_wconf 79' lang='grc' dir='ltr'>καρπῶν,</span> 
     </span>
    </p>
   </div>
   <div class='ocr_carea' id='block_1_9' title="bbox 219 712 1815 784">
    <p class='ocr_par' dir='ltr' id='par_1_9' title="bbox 219 712 1815 784">
     <span class='ocr_line' id='line_1_9' title="bbox 219 712 1815 784; baseline 0.001 -19"><span class='ocrx_word' id='word_1_40' title='bbox 219 712 337 783; x_wconf 73' lang='grc' dir='ltr'><strong>⁴τὴν</strong></span> <span class='ocrx_word' id='word_1_41' title='bbox 364 712 609 783; x_wconf 72' lang='grc' dir='ltr'>ῥέουσαν,</span> <span class='ocrx_word' id='word_1_42' title='bbox 643 712 785 766; x_wconf 82' lang='grc' dir='ltr'>κατά</span> <span class='ocrx_word' id='word_1_43' title='bbox 836 713 938 784; x_wconf 77' lang='grc' dir='ltr'>τὴν</span> <span class='ocrx_word' id='word_1_44' title='bbox 982 713 1330 781; x_wconf 77' lang='grc' dir='ltr'>ἐπαγγελίαν,</span> <span class='ocrx_word' id='word_1_45' title='bbox 1363 713 1481 784; x_wconf 83' lang='grc' dir='ltr'><strong>μέλι</strong></span> <span class='ocrx_word' id='word_1_46' title='bbox 1519 714 1612 768; x_wconf 69' lang='grc' dir='ltr'>καὶ</span> <span class='ocrx_word' id='word_1_47' title='bbox 1653 713 1815 782; x_wconf 78' lang='grc' dir='ltr'>γάλα’</span> 
     </span>
    </p>
   </div>
   <div class='ocr_carea' id='block_1_10' title="bbox 221 796 1813 875">
    <p class='ocr_par' dir='ltr' id='par_1_10' title="bbox 221 796 1813 875">
     <span class='ocr_line' id='line_1_10' title="bbox 221 796 1813 875; baseline 0.002 -22"><span class='ocrx_word' id='word_1_48' title='bbox 221 804 536 859; x_wconf 72' lang='grc' dir='ltr'>κατάλυσον</span> <span class='ocrx_word' id='word_1_49' title='bbox 585 803 686 874; x_wconf 77' lang='grc' dir='ltr'>τήν</span> <span class='ocrx_word' id='word_1_50' title='bbox 739 796 986 874; x_wconf 77' lang='grc' dir='ltr'>Ἱεριχὼ,</span> <span class='ocrx_word' id='word_1_51' title='bbox 1039 804 1141 875; x_wconf 80' lang='grc' dir='ltr'>τὴν</span> <span class='ocrx_word' id='word_1_52' title='bbox 1200 804 1435 858; x_wconf 83' lang='grc' dir='ltr'>παλαιάν</span> <span class='ocrx_word' id='word_1_53' title='bbox 1508 805 1813 875; x_wconf 84' lang='grc' dir='ltr'>συνήθειαν,</span> 
     </span>
    </p>
   </div>
   <div class='ocr_carea' id='block_1_11' title="bbox 222 891 1815 965">
    <p class='ocr_par' dir='ltr' id='par_1_11' title="bbox 222 891 1815 965">
     <span class='ocr_line' id='line_1_11' title="bbox 222 891 1815 965; baseline 0.001 -19"><span class='ocrx_word' id='word_1_54' title='bbox 222 893 312 965; x_wconf 78' lang='grc' dir='ltr'>μὴ</span> <span class='ocrx_word' id='word_1_55' title='bbox 339 893 482 963; x_wconf 73' lang='grc' dir='ltr'>ἀφῇς</span> <span class='ocrx_word' id='word_1_56' title='bbox 512 891 684 963; x_wconf 80' lang='grc' dir='ltr'>αὐτῆς</span> <span class='ocrx_word' id='word_1_57' title='bbox 728 891 1030 964; x_wconf 79' lang='grc' dir='ltr'><strong>ὀχύρωμα·</strong></span> <span class='ocrx_word' id='word_1_58' title='bbox 1087 894 1153 946; x_wconf 82' lang='grc' dir='ltr'>ὲκ</span> <span class='ocrx_word' id='word_1_59' title='bbox 1196 892 1458 965; x_wconf 79' lang='grc' dir='ltr'>θεμελίων</span> <span class='ocrx_word' id='word_1_60' title='bbox 1510 894 1669 948; x_wconf 78' lang='grc' dir='ltr'>λῦσον</span> <span class='ocrx_word' id='word_1_61' title='bbox 1708 894 1815 948; x_wconf 91' lang='grc' dir='ltr'><strong>τῶν</strong></span> 
     </span>
    </p>
   </div>
   <div class='ocr_carea' id='block_1_12' title="bbox 221 982 1816 1057">
    <p class='ocr_par' dir='ltr' id='par_1_12' title="bbox 221 982 1816 1057">
     <span class='ocr_line' id='line_1_12' title="bbox 221 982 1816 1057; baseline 0.001 -20"><span class='ocrx_word' id='word_1_62' title='bbox 221 984 570 1055; x_wconf 72' lang='grc' dir='ltr'><strong>ἁμαρτωλῶν</strong></span> <span class='ocrx_word' id='word_1_63' title='bbox 619 983 894 1055; x_wconf 77' lang='grc' dir='ltr'>λογισμῶν</span> <span class='ocrx_word' id='word_1_64' title='bbox 943 982 1043 1054; x_wconf 81' lang='grc' dir='ltr'>τὴν</span> <span class='ocrx_word' id='word_1_65' title='bbox 1104 982 1343 1056; x_wconf 82' lang='grc' dir='ltr'>μητέρα·</span> <span class='ocrx_word' id='word_1_66' title='bbox 1407 984 1631 1057; x_wconf 85' lang='grc' dir='ltr'>ποίησον</span> <span class='ocrx_word' id='word_1_67' title='bbox 1689 985 1816 1049; x_wconf 76' lang='grc' dir='ltr'>τοὺς</span> 
     </span>
    </p>
   </div>
   <div class='ocr_carea' id='block_1_13' title="bbox 220 1074 1811 1148">
    <p class='ocr_par' dir='ltr' id='par_1_13' title="bbox 220 1074 1811 1148">
     <span class='ocr_line' id='line_1_13' title="bbox 220 1074 1811 1148; baseline 0.003 -22"><span class='ocrx_word' id='word_1_68' title='bbox 220 1075 478 1145; x_wconf 75' lang='grc' dir='ltr'><strong>δολεροὺς</strong></span> <span class='ocrx_word' id='word_1_69' title='bbox 500 1074 851 1138; x_wconf 77' lang='grc' dir='ltr'>Γαϐαωνίτας</span> <span class='ocrx_word' id='word_1_70' title='bbox 876 1074 1093 1139; x_wconf 80' lang='grc' dir='ltr'>οίκέτας</span> <span class='ocrx_word' id='word_1_71' title='bbox 1140 1074 1228 1128; x_wconf 81' lang='grc' dir='ltr'><strong>τοῦ</strong></span> <span class='ocrx_word' id='word_1_72' title='bbox 1271 1075 1484 1148; x_wconf 78' lang='grc' dir='ltr'>Ἰσραὴλ</span> <span class='ocrx_word' id='word_1_73' title='bbox 1503 1114 1519 1140; x_wconf 88' lang='grc'><strong>,</strong></span> <span class='ocrx_word' id='word_1_74' title='bbox 1548 1076 1811 1141; x_wconf 82' lang='grc' dir='ltr'><strong>τουτέστι,</strong></span> 
     </span>
    </p>
   </div>
   <div class='ocr_carea' id='block_1_14' title="bbox 223 1164 1814 1236">
    <p class='ocr_par' dir='ltr' id='par_1_14' title="bbox 223 1164 1814 1236">
     <span class='ocr_line' id='line_1_14' title="bbox 223 1164 1814 1236; baseline 0.001 -19"><span class='ocrx_word' id='word_1_75' title='bbox 223 1164 450 1228; x_wconf 84' lang='grc' dir='ltr'>δούλους</span> <span class='ocrx_word' id='word_1_76' title='bbox 476 1164 602 1227; x_wconf 70' lang='grc' dir='ltr'>τοὺς</span> <span class='ocrx_word' id='word_1_77' title='bbox 630 1165 896 1235; x_wconf 74' lang='grc' dir='ltr'>πονηροὺς</span> <span class='ocrx_word' id='word_1_78' title='bbox 924 1165 1212 1236; x_wconf 81' lang='grc' dir='ltr'>λογισμοὺς</span> <span class='ocrx_word' id='word_1_79' title='bbox 1235 1166 1328 1221; x_wconf 81' lang='grc' dir='ltr'><strong>τοῦ</strong></span> <span class='ocrx_word' id='word_1_80' title='bbox 1377 1166 1514 1220; x_wconf 83' lang='grc' dir='ltr'>κατὰ</span> <span class='ocrx_word' id='word_1_81' title='bbox 1550 1166 1608 1220; x_wconf 85' lang='grc' dir='ltr'><strong>τδ</strong></span> <span class='ocrx_word' id='word_1_82' title='bbox 1639 1168 1814 1236; x_wconf 81' lang='grc' dir='ltr'>Εὐαγ-</span> 
     </span>
    </p>
   </div>
   <div class='ocr_carea' id='block_1_15' title="bbox 224 1253 1814 1326">
    <p class='ocr_par' dir='ltr' id='par_1_15' title="bbox 224 1253 1814 1326">
     <span class='ocr_line' id='line_1_15' title="bbox 224 1253 1814 1326; baseline 0.001 -19"><span class='ocrx_word' id='word_1_83' title='bbox 224 1257 411 1322; x_wconf 72' lang='grc' dir='ltr'>γέλιον</span> <span class='ocrx_word' id='word_1_84' title='bbox 457 1253 609 1325; x_wconf 79' lang='grc' dir='ltr'>βίου’</span> <span class='ocrx_word' id='word_1_85' title='bbox 665 1253 1044 1307; x_wconf 76' lang='grc' dir='ltr'>λιθοόολείσθω</span> <span class='ocrx_word' id='word_1_86' title='bbox 1087 1257 1116 1308; x_wconf 71' lang='grc' dir='ltr'><strong>ὁ</strong></span> <span class='ocrx_word' id='word_1_87' title='bbox 1166 1255 1423 1326; x_wconf 80' lang='grc' dir='ltr'>σοφιστὴς</span> <span class='ocrx_word' id='word_1_88' title='bbox 1482 1256 1577 1310; x_wconf 76' lang='grc' dir='ltr'>καὶ</span> <span class='ocrx_word' id='word_1_89' title='bbox 1626 1256 1814 1309; x_wconf 81' lang='grc' dir='ltr'>πλεον-</span> 
     </span>
    </p>
   </div>
   <div class='ocr_carea' id='block_1_16' title="bbox 227 1344 1809 1418">
    <p class='ocr_par' dir='ltr' id='par_1_16' title="bbox 227 1344 1809 1418">
     <span class='ocr_line' id='line_1_16' title="bbox 227 1344 1809 1418; baseline -0.001 -17"><span class='ocrx_word' id='word_1_90' title='bbox 227 1346 392 1415; x_wconf 52' lang='lat' dir='ltr'><strong>tunc</strong></span> <span class='ocrx_word' id='word_1_91' title='bbox 420 1347 624 1418; x_wconf 79' lang='grc' dir='ltr'>Ἀχαρ·</span> <span class='ocrx_word' id='word_1_92' title='bbox 656 1346 687 1399; x_wconf 83' lang='grc'>6</span> <span class='ocrx_word' id='word_1_93' title='bbox 705 1344 807 1417; x_wconf 80' lang='grc' dir='ltr'>τὴν</span> <span class='ocrx_word' id='word_1_94' title='bbox 830 1344 1081 1413; x_wconf 73' lang='grc' dir='ltr'>γλῶσταν</span> <span class='ocrx_word' id='word_1_95' title='bbox 1113 1344 1211 1417; x_wconf 80' lang='grc' dir='ltr'><strong>τὴν</strong></span> <span class='ocrx_word' id='word_1_96' title='bbox 1235 1345 1439 1417; x_wconf 79' lang='grc' dir='ltr'><strong>χρυσῆν</strong></span> <span class='ocrx_word' id='word_1_97' title='bbox 1464 1345 1809 1416; x_wconf 80' lang='grc' dir='ltr'><strong>ὑφελόμενος.</strong></span> 
     </span>
    </p>
   </div>
   <div class='ocr_carea' id='block_1_17' title="bbox 227 1426 1810 1507">
    <p class='ocr_par' dir='ltr' id='par_1_17' title="bbox 227 1426 1810 1507">
     <span class='ocr_line' id='line_1_17' title="bbox 227 1426 1810 1507; baseline 0.001 -19"><span class='ocrx_word' id='word_1_98' title='bbox 227 1426 398 1499; x_wconf 77' lang='grc' dir='ltr'>Οὗτος</span> <span class='ocrx_word' id='word_1_99' title='bbox 423 1436 479 1490; x_wconf 71' lang='grc' dir='ltr'>δέ</span> <span class='ocrx_word' id='word_1_100' title='bbox 512 1437 662 1490; x_wconf 75' lang='grc' dir='ltr'>ἐστιν</span> <span class='ocrx_word' id='word_1_101' title='bbox 688 1436 894 1499; x_wconf 77' lang='grc' dir='ltr'>ἐκεῖνος</span> <span class='ocrx_word' id='word_1_102' title='bbox 915 1436 945 1488; x_wconf 82' lang='grc' dir='ltr'><strong>ὁ</strong></span> <span class='ocrx_word' id='word_1_103' title='bbox 967 1434 1068 1506; x_wconf 82' lang='grc' dir='ltr'>τῆς</span> <span class='ocrx_word' id='word_1_104' title='bbox 1087 1435 1274 1507; x_wconf 79' lang='grc' dir='ltr'>τιμίας</span> <span class='ocrx_word' id='word_1_105' title='bbox 1303 1435 1523 1507; x_wconf 72' lang='grc' dir='ltr'>ἐντολῆς</span> <span class='ocrx_word' id='word_1_106' title='bbox 1545 1435 1810 1506; x_wconf 80' lang='grc' dir='ltr'>ἀφανίσας</span> 
     </span>
    </p>
   </div>
   <div class='ocr_carea' id='block_1_18' title="bbox 224 1522 1811 1597">
    <p class='ocr_par' dir='ltr' id='par_1_18' title="bbox 224 1522 1811 1597">
     <span class='ocr_line' id='line_1_18' title="bbox 224 1522 1811 1597; baseline 0 -18"><span class='ocrx_word' id='word_1_107' title='bbox 224 1522 325 1595; x_wconf 70' lang='grc' dir='ltr'>τὴν</span> <span class='ocrx_word' id='word_1_108' title='bbox 354 1525 609 1596; x_wconf 76' lang='grc' dir='ltr'>τήρησιν.</span> <span class='ocrx_word' id='word_1_109' title='bbox 658 1525 843 1580; x_wconf 86' lang='grc' dir='ltr'>Πάντα</span> <span class='ocrx_word' id='word_1_110' title='bbox 878 1526 1061 1579; x_wconf 76' lang='grc' dir='ltr'>ἐκεῖνα</span> <span class='ocrx_word' id='word_1_111' title='bbox 1102 1524 1272 1591; x_wconf 88' lang='grc' dir='ltr'>τύπος</span> <span class='ocrx_word' id='word_1_112' title='bbox 1304 1526 1598 1597; x_wconf 79' lang='grc' dir='ltr'>ἡμέτερος,</span> <span class='ocrx_word' id='word_1_113' title='bbox 1634 1525 1811 1580; x_wconf 84' lang='grc' dir='ltr'>πάντα</span> 
     </span>
    </p>
   </div>
   <div class='ocr_carea' id='block_1_19' title="bbox 230 1614 1659 1689">
    <p class='ocr_par' dir='ltr' id='par_1_19' title="bbox 230 1614 1659 1689">
     <span class='ocr_line' id='line_1_19' title="bbox 230 1614 1659 1689; baseline 0.003 -22"><span class='ocrx_word' id='word_1_114' title='bbox 230 1616 638 1687; x_wconf 79' lang='grc' dir='ltr'>προμηνύματα</span> <span class='ocrx_word' id='word_1_115' title='bbox 659 1615 768 1669; x_wconf 86' lang='grc' dir='ltr'><strong>τῶν</strong></span> <span class='ocrx_word' id='word_1_116' title='bbox 805 1614 901 1669; x_wconf 76' lang='grc' dir='ltr'>νῦν</span> <span class='ocrx_word' id='word_1_117' title='bbox 934 1615 1272 1687; x_wconf 77' lang='grc' dir='ltr'>φαινομένων</span> <span class='ocrx_word' id='word_1_118' title='bbox 1301 1618 1659 1689; x_wconf 83' lang='grc' dir='ltr'>πραγμάτων.</span> 
     </span>
    </p>
   </div>
   <div class='ocr_carea' id='block_1_20' title="bbox 306 1744 1806 1821">
    <p class='ocr_par' dir='ltr' id='par_1_20' title="bbox 306 1744 1806 1821">
     <span class='ocr_line' id='line_1_20' title="bbox 306 1744 1806 1821; baseline 0.001 -20"><span class='ocrx_word' id='word_1_119' title='bbox 306 1744 613 1801; x_wconf 71' lang='grc' dir='ltr'>’Λπῦλυσον</span> <span class='ocrx_word' id='word_1_120' title='bbox 661 1748 841 1802; x_wconf 81' lang='grc' dir='ltr'>λοιπὸν</span> <span class='ocrx_word' id='word_1_121' title='bbox 889 1748 985 1803; x_wconf 75' lang='grc' dir='ltr'><strong>τοῦ</strong></span> <span class='ocrx_word' id='word_1_122' title='bbox 1026 1748 1143 1821; x_wconf 85' lang='grc' dir='ltr'>βίου</span> <span class='ocrx_word' id='word_1_123' title='bbox 1193 1766 1287 1804; x_wconf 90' lang='grc' dir='ltr'><strong>σου</strong></span> <span class='ocrx_word' id='word_1_124' title='bbox 1333 1749 1424 1804; x_wconf 77' lang='grc' dir='ltr'>τὸν</span> <span class='ocrx_word' id='word_1_125' title='bbox 1467 1749 1806 1821; x_wconf 81' lang='grc' dir='ltr'>γαστρίμαρ-</span> 
     </span>
    </p>
   </div>
   <div class='ocr_carea' id='block_1_21' title="bbox 233 1837 1809 1912">
    <p class='ocr_par' dir='ltr' id='par_1_21' title="bbox 233 1837 1809 1912">
     <span class='ocr_line' id='line_1_21' title="bbox 233 1837 1809 1912; baseline 0.001 -22"><span class='ocrx_word' id='word_1_126' title='bbox 233 1852 336 1905; x_wconf 75' lang='grc' dir='ltr'><strong>γον</strong></span> <span class='ocrx_word' id='word_1_127' title='bbox 383 1837 624 1909; x_wconf 69' lang='grc' dir='ltr'><strong>κόρακα⁸</strong></span> <span class='ocrx_word' id='word_1_128' title='bbox 686 1838 773 1903; x_wconf 74' lang='grc' dir='ltr'><strong>δὸς</strong></span> <span class='ocrx_word' id='word_1_129' title='bbox 818 1842 885 1912; x_wconf 77' lang='grc' dir='ltr'><strong>τῇ</strong></span> <span class='ocrx_word' id='word_1_130' title='bbox 938 1841 1235 1912; x_wconf 80' lang='grc' dir='ltr'>περιστερᾷ</span> <span class='ocrx_word' id='word_1_131' title='bbox 1282 1839 1472 1911; x_wconf 82' lang='grc' dir='ltr'>καιρὸν</span> <span class='ocrx_word' id='word_1_132' title='bbox 1520 1838 1809 1909; x_wconf 81' lang='grc' dir='ltr'>ὲπιπτῆναί</span> 
     </span>
    </p>
   </div>
   <div class='ocr_carea' id='block_1_22' title="bbox 238 1926 1806 2001">
    <p class='ocr_par' dir='ltr' id='par_1_22' title="bbox 238 1926 1806 2001">
     <span class='ocr_line' id='line_1_22' title="bbox 238 1926 1806 2001; baseline 0.003 -22"><span class='ocrx_word' id='word_1_133' title='bbox 238 1940 357 1979; x_wconf 78' lang='grc' dir='ltr'>σοι’</span> <span class='ocrx_word' id='word_1_134' title='bbox 408 1927 473 1998; x_wconf 79' lang='grc' dir='ltr'>ἣν</span> <span class='ocrx_word' id='word_1_135' title='bbox 503 1926 712 1998; x_wconf 80' lang='grc' dir='ltr'>πρῶτος</span> <span class='ocrx_word' id='word_1_136' title='bbox 755 1927 960 2001; x_wconf 80' lang='grc' dir='ltr'>Ἰησοῦς</span> <span class='ocrx_word' id='word_1_137' title='bbox 1003 1929 1250 1992; x_wconf 81' lang='grc' dir='ltr'>τυπικῶς</span> <span class='ocrx_word' id='word_1_138' title='bbox 1304 1930 1366 1996; x_wconf 70' lang='grc' dir='ltr'><strong>ἐξ</strong></span> <span class='ocrx_word' id='word_1_139' title='bbox 1407 1928 1633 2001; x_wconf 81' lang='grc' dir='ltr'>οὐρανοῦ</span> <span class='ocrx_word' id='word_1_140' title='bbox 1676 1946 1806 1983; x_wconf 71' lang='grc' dir='ltr'>κατε</span> 
     </span>
    </p>
   </div>
   <div class='ocr_carea' id='block_1_23' title="bbox 236 2014 1806 2090">
    <p class='ocr_par' dir='ltr' id='par_1_23' title="bbox 236 2014 1806 2090">
     <span class='ocr_line' id='line_1_23' title="bbox 236 2014 1806 2090; baseline 0.001 -23"><span class='ocrx_word' id='word_1_141' title='bbox 236 2014 431 2083; x_wconf 66' lang='grc' dir='ltr'>ἤγαγε,</span> <span class='ocrx_word' id='word_1_142' title='bbox 460 2014 557 2085; x_wconf 78' lang='grc' dir='ltr'>τὴν</span> <span class='ocrx_word' id='word_1_143' title='bbox 589 2016 773 2070; x_wconf 79' lang='grc' dir='ltr'>ἄδολον</span> <span class='ocrx_word' id='word_1_144' title='bbox 791 2057 804 2079; x_wconf 85' lang='grc'><strong>,</strong></span> <span class='ocrx_word' id='word_1_145' title='bbox 836 2018 936 2087; x_wconf 69' lang='grc' dir='ltr'>τὴν</span> <span class='ocrx_word' id='word_1_146' title='bbox 975 2017 1317 2090; x_wconf 84' lang='grc' dir='ltr'>πραῦτάτην,</span> <span class='ocrx_word' id='word_1_147' title='bbox 1346 2017 1446 2087; x_wconf 81' lang='grc' dir='ltr'>τὴν</span> <span class='ocrx_word' id='word_1_148' title='bbox 1493 2014 1806 2084; x_wconf 84' lang='grc' dir='ltr'>πολύγονον·</span> 
     </span>
    </p>
   </div>
   <div class='ocr_carea' id='block_1_24' title="bbox 231 2100 1810 2177">
    <p class='ocr_par' dir='ltr' id='par_1_24' title="bbox 231 2100 1810 2177">
     <span class='ocr_line' id='line_1_24' title="bbox 231 2100 1810 2177; baseline 0.002 -23"><span class='ocrx_word' id='word_1_149' title='bbox 231 2100 353 2171; x_wconf 63' lang='grc' dir='ltr'>ἥτις</span> <span class='ocrx_word' id='word_1_150' title='bbox 386 2103 605 2157; x_wconf 77' lang='grc' dir='ltr'>ἐπειδᾶν</span> <span class='ocrx_word' id='word_1_151' title='bbox 652 2103 786 2177; x_wconf 77' lang='grc' dir='ltr'>εὕρῃ</span> <span class='ocrx_word' id='word_1_152' title='bbox 837 2105 1005 2177; x_wconf 78' lang='grc' dir='ltr'>ἄνδρα</span> <span class='ocrx_word' id='word_1_153' title='bbox 1047 2104 1457 2176; x_wconf 82' lang='grc' dir='ltr'>κεκαθαρμένον</span> <span class='ocrx_word' id='word_1_154' title='bbox 1500 2105 1574 2168; x_wconf 87' lang='grc' dir='ltr'><strong>ὡς</strong></span> <span class='ocrx_word' id='word_1_155' title='bbox 1617 2105 1810 2175; x_wconf 84' lang='grc' dir='ltr'>πύριον</span> 
     </span>
    </p>
   </div>
   <div class='ocr_carea' id='block_1_25' title="bbox 225 2191 1811 2265">
    <p class='ocr_par' dir='ltr' id='par_1_25' title="bbox 225 2191 1811 2265">
     <span class='ocr_line' id='line_1_25' title="bbox 225 2191 1811 2265; baseline 0.002 -22"><span class='ocrx_word' id='word_1_156' title='bbox 225 2191 407 2262; x_wconf 66' lang='grc' dir='ltr'>καλῶς</span> <span class='ocrx_word' id='word_1_157' title='bbox 425 2193 733 2265; x_wconf 72' lang='grc' dir='ltr'>ἠσκημένον</span> <span class='ocrx_word' id='word_1_158' title='bbox 749 2233 764 2257; x_wconf 84' lang='grc'><strong>,</strong></span> <span class='ocrx_word' id='word_1_159' title='bbox 792 2194 1157 2261; x_wconf 78' lang='grc' dir='ltr'>είσοικίζεται,</span> <span class='ocrx_word' id='word_1_160' title='bbox 1183 2194 1279 2251; x_wconf 81' lang='grc' dir='ltr'>καὶ</span> <span class='ocrx_word' id='word_1_161' title='bbox 1307 2194 1627 2258; x_wconf 76' lang='grc' dir='ltr'>ὲπωάζουσα</span> <span class='ocrx_word' id='word_1_162' title='bbox 1649 2194 1811 2264; x_wconf 87' lang='grc' dir='ltr'>πυροί</span> 
     </span>
    </p>
   </div>
   <div class='ocr_carea' id='block_1_26' title="bbox 222 2283 1810 2359">
    <p class='ocr_par' dir='ltr' id='par_1_26' title="bbox 222 2283 1810 2359">
     <span class='ocr_line' id='line_1_26' title="bbox 222 2283 1810 2359; baseline -0.001 -20"><span class='ocrx_word' id='word_1_163' title='bbox 222 2289 323 2359; x_wconf 71' lang='grc' dir='ltr'>τὴν</span> <span class='ocrx_word' id='word_1_164' title='bbox 351 2283 553 2357; x_wconf 62' lang='grc' dir='ltr'>ψυχὴν,</span> <span class='ocrx_word' id='word_1_165' title='bbox 596 2285 690 2338; x_wconf 79' lang='grc' dir='ltr'>καὶ</span> <span class='ocrx_word' id='word_1_166' title='bbox 736 2284 905 2339; x_wconf 79' lang='grc' dir='ltr'>πολλά</span> <span class='ocrx_word' id='word_1_167' title='bbox 931 2287 1103 2342; x_wconf 79' lang='grc' dir='ltr'>τίκτει</span> <span class='ocrx_word' id='word_1_168' title='bbox 1144 2286 1237 2340; x_wconf 75' lang='grc' dir='ltr'>καὶ</span> <span class='ocrx_word' id='word_1_169' title='bbox 1286 2285 1490 2356; x_wconf 84' lang='grc' dir='ltr'>εὐχαρῆ</span> <span class='ocrx_word' id='word_1_170' title='bbox 1521 2284 1588 2337; x_wconf 81' lang='grc' dir='ltr'><strong>τὰ</strong></span> <span class='ocrx_word' id='word_1_171' title='bbox 1614 2284 1810 2354; x_wconf 76' lang='grc' dir='ltr'>ἑαυτῆς</span> 
     </span>
    </p>
   </div>
   <div class='ocr_carea' id='block_1_27' title="bbox 218 2374 1809 2447">
    <p class='ocr_par' dir='ltr' id='par_1_27' title="bbox 218 2374 1809 2447">
     <span class='ocr_line' id='line_1_27' title="bbox 218 2374 1809 2447; baseline -0.001 -17"><span class='ocrx_word' id='word_1_172' title='bbox 218 2380 411 2432; x_wconf 79' lang='grc' dir='ltr'>τέκνα.</span> <span class='ocrx_word' id='word_1_173' title='bbox 441 2374 634 2432; x_wconf 67' lang='grc' dir='ltr'>Ταῦτα</span> <span class='ocrx_word' id='word_1_174' title='bbox 656 2376 716 2431; x_wconf 73' lang='grc' dir='ltr'>δέ</span> <span class='ocrx_word' id='word_1_175' title='bbox 745 2379 881 2431; x_wconf 87' lang='grc' dir='ltr'>εἰσιν</span> <span class='ocrx_word' id='word_1_176' title='bbox 913 2378 1115 2447; x_wconf 78' lang='grc' dir='ltr'>ἀγαθαὶ</span> <span class='ocrx_word' id='word_1_177' title='bbox 1141 2377 1366 2447; x_wconf 80' lang='grc' dir='ltr'>πράξεις</span> <span class='ocrx_word' id='word_1_178' title='bbox 1409 2374 1502 2429; x_wconf 67' lang='grc' dir='ltr'>καὶ</span> <span class='ocrx_word' id='word_1_179' title='bbox 1529 2374 1675 2444; x_wconf 82' lang='grc' dir='ltr'>λόγοι</span> <span class='ocrx_word' id='word_1_180' title='bbox 1719 2391 1809 2428; x_wconf 90' lang='grc' dir='ltr'>σε-</span> 
     </span>
    </p>
   </div>
   <div class='ocr_carea' id='block_1_28' title="bbox 219 2463 1806 2538">
    <p class='ocr_par' dir='ltr' id='par_1_28' title="bbox 219 2463 1806 2538">
     <span class='ocr_line' id='line_1_28' title="bbox 219 2463 1806 2538; baseline 0.006 -21"><span class='ocrx_word' id='word_1_181' title='bbox 219 2468 389 2538; x_wconf 76' lang='grc' dir='ltr'>μνοὶ,</span> <span class='ocrx_word' id='word_1_182' title='bbox 444 2465 663 2531; x_wconf 84' lang='grc' dir='ltr'>πίστις,</span> <span class='ocrx_word' id='word_1_183' title='bbox 714 2465 1002 2531; x_wconf 73' lang='grc' dir='ltr'>εὐσέϐεια,</span> <span class='ocrx_word' id='word_1_184' title='bbox 1067 2465 1403 2537; x_wconf 84' lang='grc' dir='ltr'>δικαιοσύνη,</span> <span class='ocrx_word' id='word_1_185' title='bbox 1454 2463 1806 2535; x_wconf 68' lang='grc' dir='ltr'>σωφροσύνην</span> 
     </span>
    </p>
   </div>
   <div class='ocr_carea' id='block_1_29' title="bbox 215 2556 1805 2629">
    <p class='ocr_par' dir='ltr' id='par_1_29' title="bbox 215 2556 1805 2629">
     <span class='ocr_line' id='line_1_29' title="bbox 215 2556 1805 2629; baseline -0.003 -16"><span class='ocrx_word' id='word_1_186' title='bbox 215 2560 452 2625; x_wconf 77' lang='grc' dir='ltr'>ἁγνεία,</span> <span class='ocrx_word' id='word_1_187' title='bbox 504 2557 829 2629; x_wconf 78' lang='grc' dir='ltr'>καθαρότης.</span> <span class='ocrx_word' id='word_1_188' title='bbox 883 2558 1068 2616; x_wconf 69' lang='grc' dir='ltr'>Ταῦτα</span> <span class='ocrx_word' id='word_1_189' title='bbox 1114 2558 1280 2612; x_wconf 80' lang='grc' dir='ltr'>τέκνα</span> <span class='ocrx_word' id='word_1_190' title='bbox 1327 2557 1423 2612; x_wconf 80' lang='grc' dir='ltr'><strong>τοῦ</strong></span> <span class='ocrx_word' id='word_1_191' title='bbox 1478 2556 1805 2626; x_wconf 85' lang='grc' dir='ltr'>πνεύματος,</span> 
     </span>
    </p>
   </div>
   <div class='ocr_carea' id='block_1_30' title="bbox 216 2643 1809 2722">
    <p class='ocr_par' dir='ltr' id='par_1_30' title="bbox 216 2643 1809 2722">
     <span class='ocr_line' id='line_1_30' title="bbox 216 2643 1809 2722; baseline -0.004 -18"><span class='ocrx_word' id='word_1_192' title='bbox 216 2655 485 2722; x_wconf 78' lang='grc' dir='ltr'>κτήματα</span> <span class='ocrx_word' id='word_1_193' title='bbox 517 2649 575 2703; x_wconf 74' lang='grc' dir='ltr'>δὲ</span> <span class='ocrx_word' id='word_1_194' title='bbox 596 2648 859 2721; x_wconf 72' lang='grc' dir='ltr'>ἡμέτερτ.</span> <span class='ocrx_word' id='word_1_195' title='bbox 889 2649 1065 2719; x_wconf 80' lang='grc' dir='ltr'>Μέχρι</span> <span class='ocrx_word' id='word_1_196' title='bbox 1096 2649 1226 2702; x_wconf 80' lang='grc' dir='ltr'>πότε</span> <span class='ocrx_word' id='word_1_197' title='bbox 1258 2644 1502 2719; x_wconf 79' lang='grc' dir='ltr'>μαθητὴς</span> <span class='ocrx_word' id='word_1_198' title='bbox 1528 2646 1639 2699; x_wconf 88' lang='grc' dir='ltr'><strong>τῶν</strong></span> <span class='ocrx_word' id='word_1_199' title='bbox 1664 2643 1809 2715; x_wconf 83' lang='grc' dir='ltr'>πρώ-</span> 
     </span>
    </p>
   </div>
   <div class='ocr_carea' id='block_1_31' title="bbox 212 2736 1809 2811">
    <p class='ocr_par' dir='ltr' id='par_1_31' title="bbox 212 2736 1809 2811">
     <span class='ocr_line' id='line_1_31' title="bbox 212 2736 1809 2811; baseline -0.002 -15"><span class='ocrx_word' id='word_1_200' title='bbox 212 2759 330 2796; x_wconf 79' lang='grc' dir='ltr'><strong>των</strong></span> <span class='ocrx_word' id='word_1_201' title='bbox 351 2742 633 2811; x_wconf 81' lang='grc' dir='ltr'>στοιχείων</span> <span class='ocrx_word' id='word_1_202' title='bbox 652 2757 666 2806; x_wconf 86' lang='lat'><strong>;</strong></span> <span class='ocrx_word' id='word_1_203' title='bbox 692 2741 936 2806; x_wconf 74' lang='grc' dir='ltr'>Ἀνοιξόν</span> <span class='ocrx_word' id='word_1_204' title='bbox 965 2758 1057 2793; x_wconf 84' lang='grc' dir='ltr'><strong>σου</strong></span> <span class='ocrx_word' id='word_1_205' title='bbox 1084 2740 1182 2810; x_wconf 63' lang='grc' dir='ltr'>τὴν</span> <span class='ocrx_word' id='word_1_206' title='bbox 1204 2738 1378 2810; x_wconf 74' lang='grc' dir='ltr'>ψυχὴν</span> <span class='ocrx_word' id='word_1_207' title='bbox 1399 2739 1472 2803; x_wconf 79' lang='grc' dir='ltr'>ὡς</span> <span class='ocrx_word' id='word_1_208' title='bbox 1491 2738 1692 2797; x_wconf 76' lang='grc' dir='ltr'>δέλτον,</span> <span class='ocrx_word' id='word_1_209' title='bbox 1713 2736 1809 2793; x_wconf 78' lang='grc' dir='ltr'>καὶ</span> 
     </span>
    </p>
   </div>
   <div class='ocr_carea' id='block_1_32' title="bbox 214 2827 1809 2903">
    <p class='ocr_par' dir='ltr' id='par_1_32' title="bbox 214 2827 1809 2903">
     <span class='ocr_line' id='line_1_32' title="bbox 214 2827 1809 2903; baseline -0.003 -17"><span class='ocrx_word' id='word_1_210' title='bbox 214 2830 596 2903; x_wconf 74' lang='grc' dir='ltr'>συγχώρησον</span> <span class='ocrx_word' id='word_1_211' title='bbox 614 2832 745 2902; x_wconf 78' lang='grc' dir='ltr'>ἡμῖν</span> <span class='ocrx_word' id='word_1_212' title='bbox 769 2830 1066 2900; x_wconf 75' lang='grc' dir='ltr'>ἐγχαράξαι</span> <span class='ocrx_word' id='word_1_213' title='bbox 1101 2829 1330 2901; x_wconf 85' lang='grc' dir='ltr'>μάθημα</span> <span class='ocrx_word' id='word_1_214' title='bbox 1354 2828 1574 2882; x_wconf 83' lang='grc' dir='ltr'>τέλειον·</span> <span class='ocrx_word' id='word_1_215' title='bbox 1611 2827 1687 2899; x_wconf 85' lang='grc' dir='ltr'>μὴ</span> <span class='ocrx_word' id='word_1_216' title='bbox 1723 2828 1809 2882; x_wconf 79' lang='grc' dir='ltr'><strong>ἀεὶ</strong></span> 
     </span>
    </p>
   </div>
   <div class='ocr_carea' id='block_1_33' title="bbox 216 2919 1805 2995">
    <p class='ocr_par' dir='ltr' id='par_1_33' title="bbox 216 2919 1805 2995">
     <span class='ocr_line' id='line_1_33' title="bbox 216 2919 1805 2995; baseline -0.001 -19"><span class='ocrx_word' id='word_1_217' title='bbox 216 2924 366 2995; x_wconf 75' lang='grc' dir='ltr'>μετὰ</span> <span class='ocrx_word' id='word_1_218' title='bbox 393 2922 506 2975; x_wconf 88' lang='grc' dir='ltr'><strong>τῶν</strong></span> <span class='ocrx_word' id='word_1_219' title='bbox 534 2922 735 2975; x_wconf 79' lang='grc' dir='ltr'>παίδων</span> <span class='ocrx_word' id='word_1_220' title='bbox 765 2921 1044 2992; x_wconf 73' lang='grc' dir='ltr'>ψελλίζουο</span> <span class='ocrx_word' id='word_1_221' title='bbox 1076 2921 1151 2993; x_wconf 82' lang='grc' dir='ltr'>μὴ</span> <span class='ocrx_word' id='word_1_222' title='bbox 1178 2919 1452 2992; x_wconf 77' lang='grc' dir='ltr'>νηπιώδης</span> <span class='ocrx_word' id='word_1_223' title='bbox 1474 2920 1582 2991; x_wconf 80' lang='grc' dir='ltr'>’τὴν</span> <span class='ocrx_word' id='word_1_224' title='bbox 1610 2919 1805 2991; x_wconf 77' lang='grc' dir='ltr'>φρένα.</span> 
     </span>
    </p>
   </div>
   <div class='ocr_carea' id='block_1_34' title="bbox 1919 444 3481 527">
    <p class='ocr_par' dir='ltr' id='par_1_34' title="bbox 1919 444 3481 527">
     <span class='ocr_line' id='line_1_34' title="bbox 1919 444 3481 527; baseline 0.012 -30"><span class='ocrx_word' id='word_1_225' title='bbox 1919 445 2060 497; x_wconf 88' lang='lat' dir='ltr'><strong>stina</strong></span> <span class='ocrx_word' id='word_1_226' title='bbox 2093 444 2159 499; x_wconf 87' lang='lat' dir='ltr'><strong>ad</strong></span> <span class='ocrx_word' id='word_1_227' title='bbox 2196 444 2318 499; x_wconf 70' lang='lat' dir='ltr'><strong>vitae</strong></span> <span class='ocrx_word' id='word_1_228' title='bbox 2350 445 2782 513; x_wconf 69' lang='lat' dir='ltr'><strong>institutionum,</strong></span> <span class='ocrx_word' id='word_1_229' title='bbox 2831 466 2952 521; x_wconf 70' lang='lat' dir='ltr'><strong>qua:</strong></span> <span class='ocrx_word' id='word_1_230' title='bbox 2988 461 3074 509; x_wconf 86' lang='lat' dir='ltr'><strong>est</strong></span> <span class='ocrx_word' id='word_1_231' title='bbox 3110 469 3179 510; x_wconf 77' lang='lat' dir='ltr'><strong>ex</strong></span> <span class='ocrx_word' id='word_1_232' title='bbox 3218 456 3481 527; x_wconf 81' lang='lat' dir='ltr'><strong>Christo,</strong></span> 
     </span>
    </p>
   </div>
   <div class='ocr_carea' id='block_1_35' title="bbox 1919 535 3479 618">
    <p class='ocr_par' dir='ltr' id='par_1_35' title="bbox 1919 535 3479 618">
     <span class='ocr_line' id='line_1_35' title="bbox 1919 535 3479 618; baseline 0.012 -30"><span class='ocrx_word' id='word_1_233' title='bbox 1919 535 1985 589; x_wconf 90' lang='lat' dir='ltr'><strong>ad</strong></span> <span class='ocrx_word' id='word_1_234' title='bbox 2035 544 2236 590; x_wconf 85' lang='lat' dir='ltr'><strong>terram</strong></span> <span class='ocrx_word' id='word_1_235' title='bbox 2284 551 2405 607; x_wconf 65' lang='lat' dir='ltr'><strong>quae</strong></span> <span class='ocrx_word' id='word_1_236' title='bbox 2451 536 2557 592; x_wconf 91' lang='lat' dir='ltr'><strong>fert</strong></span> <span class='ocrx_word' id='word_1_237' title='bbox 2606 537 2821 597; x_wconf 88' lang='lat' dir='ltr'><strong>fruetus</strong></span> <span class='ocrx_word' id='word_1_238' title='bbox 2869 542 3113 602; x_wconf 65' lang='lat' dir='ltr'><strong>laetitiam</strong></span> <span class='ocrx_word' id='word_1_239' title='bbox 3152 546 3479 618; x_wconf 71' lang='lat' dir='ltr'><strong>afferentes,</strong></span> 
     </span>
    </p>
   </div>
   <div class='ocr_carea' id='block_1_36' title="bbox 1918 627 3477 699">
    <p class='ocr_par' dir='ltr' id='par_1_36' title="bbox 1918 627 3477 699">
     <span class='ocr_line' id='line_1_36' title="bbox 1918 627 3477 699; baseline 0.014 -24"><span class='ocrx_word' id='word_1_240' title='bbox 1918 639 2038 694; x_wconf 83' lang='lat' dir='ltr'><strong>quae</strong></span> <span class='ocrx_word' id='word_1_241' title='bbox 2069 627 2464 683; x_wconf 88' lang='lat' dir='ltr'><strong>convenienter</strong></span> <span class='ocrx_word' id='word_1_242' title='bbox 2510 630 2863 698; x_wconf 81' lang='lat' dir='ltr'><strong>promissioni</strong></span> <span class='ocrx_word' id='word_1_243' title='bbox 2895 632 3015 688; x_wconf 85' lang='lat' dir='ltr'><strong>fluit</strong></span> <span class='ocrx_word' id='word_1_244' title='bbox 3050 637 3205 694; x_wconf 80' lang='lat' dir='ltr'><strong>melle</strong></span> <span class='ocrx_word' id='word_1_245' title='bbox 3233 647 3286 693; x_wconf 90' lang='lat' dir='ltr'><strong>et</strong></span> <span class='ocrx_word' id='word_1_246' title='bbox 3316 641 3477 699; x_wconf 85' lang='lat' dir='ltr'><strong>lacte.</strong></span> 
     </span>
    </p>
   </div>
   <div class='ocr_carea' id='block_1_37' title="bbox 1916 710 3475 793">
    <p class='ocr_par' dir='ltr' id='par_1_37' title="bbox 1916 710 3475 793">
     <span class='ocr_line' id='line_1_37' title="bbox 1916 710 3475 793; baseline 0.008 -24"><span class='ocrx_word' id='word_1_247' title='bbox 1916 710 2111 769; x_wconf 83' lang='lat' dir='ltr'><strong>Everte</strong></span> <span class='ocrx_word' id='word_1_248' title='bbox 2158 712 2410 778; x_wconf 77' lang='lat' dir='ltr'><strong>Jericbo,</strong></span> <span class='ocrx_word' id='word_1_249' title='bbox 2462 724 2700 772; x_wconf 81' lang='lat' dir='ltr'><strong>veterem</strong></span> <span class='ocrx_word' id='word_1_250' title='bbox 2754 734 2948 790; x_wconf 85' lang='lat' dir='ltr'><strong>nempe</strong></span> <span class='ocrx_word' id='word_1_251' title='bbox 2985 727 3475 793; x_wconf 88' lang='lat' dir='ltr'><strong>consuetudinem,</strong></span> 
     </span>
    </p>
   </div>
   <div class='ocr_carea' id='block_1_38' title="bbox 1888 801 3479 873">
    <p class='ocr_par' dir='ltr' id='par_1_38' title="bbox 1888 801 3479 873">
     <span class='ocr_line' id='line_1_38' title="bbox 1888 801 3479 873; baseline 0.012 -19"><span class='ocrx_word' id='word_1_252' title='bbox 1888 815 1987 867; x_wconf 22' lang='lat' dir='ltr'><strong>.nc</strong></span> <span class='ocrx_word' id='word_1_253' title='bbox 2038 801 2286 859; x_wconf 84' lang='lat' dir='ltr'><strong>dimittas</strong></span> <span class='ocrx_word' id='word_1_254' title='bbox 2330 818 2451 859; x_wconf 87' lang='lat' dir='ltr'><strong>eam</strong></span> <span class='ocrx_word' id='word_1_255' title='bbox 2501 806 2791 863; x_wconf 84' lang='lat' dir='ltr'><strong>munitam.</strong></span> <span class='ocrx_word' id='word_1_256' title='bbox 2842 808 3009 866; x_wconf 89' lang='lat' dir='ltr'><strong>Dirue</strong></span> <span class='ocrx_word' id='word_1_257' title='bbox 3045 826 3075 865; x_wconf 89' lang='lat' dir='ltr'><strong>a</strong></span> <span class='ocrx_word' id='word_1_258' title='bbox 3115 812 3479 873; x_wconf 80' lang='lat' dir='ltr'><strong>fundamentis</strong></span> 
     </span>
    </p>
   </div>
   <div class='ocr_carea' id='block_1_39' title="bbox 1916 893 3479 967">
    <p class='ocr_par' dir='ltr' id='par_1_39' title="bbox 1916 893 3479 967">
     <span class='ocr_line' id='line_1_39' title="bbox 1916 893 3479 967; baseline 0.012 -23"><span class='ocrx_word' id='word_1_259' title='bbox 1916 899 2147 946; x_wconf 88' lang='lat' dir='ltr'><strong>matrem</strong></span> <span class='ocrx_word' id='word_1_260' title='bbox 2177 893 2522 962; x_wconf 85' lang='lat' dir='ltr'><strong>peccantium</strong></span> <span class='ocrx_word' id='word_1_261' title='bbox 2555 896 2971 967; x_wconf 77' lang='lat' dir='ltr'><strong>cogitationum.</strong></span> <span class='ocrx_word' id='word_1_262' title='bbox 3002 900 3233 960; x_wconf 90' lang='lat' dir='ltr'><strong>Dolosos</strong></span> <span class='ocrx_word' id='word_1_263' title='bbox 3262 904 3479 962; x_wconf 72' lang='lat' dir='ltr'><strong>Gabao~</strong></span> 
     </span>
    </p>
   </div>
   <div class='ocr_carea' id='block_1_40' title="bbox 1914 981 3476 1067">
    <p class='ocr_par' dir='ltr' id='par_1_40' title="bbox 1914 981 3476 1067">
     <span class='ocr_line' id='line_1_40' title="bbox 1914 981 3476 1067; baseline 0.006 -30"><span class='ocrx_word' id='word_1_264' title='bbox 1914 981 2061 1039; x_wconf 88' lang='lat' dir='ltr'><strong>nitas</strong></span> <span class='ocrx_word' id='word_1_265' title='bbox 2100 982 2185 1038; x_wconf 88' lang='lat' dir='ltr'><strong>fac</strong></span> <span class='ocrx_word' id='word_1_266' title='bbox 2222 998 2412 1041; x_wconf 87' lang='lat' dir='ltr'><strong>servos</strong></span> <span class='ocrx_word' id='word_1_267' title='bbox 2449 983 2709 1054; x_wconf 87' lang='lat' dir='ltr'><strong>Israelis,</strong></span> <span class='ocrx_word' id='word_1_268' title='bbox 2744 989 2850 1045; x_wconf 91' lang='lat' dir='ltr'><strong>hoc</strong></span> <span class='ocrx_word' id='word_1_269' title='bbox 2885 998 2970 1047; x_wconf 90' lang='lat' dir='ltr'><strong>est</strong></span> <span class='ocrx_word' id='word_1_270' title='bbox 2993 1034 3009 1058; x_wconf 91' lang='lat'><strong>,</strong></span> <span class='ocrx_word' id='word_1_271' title='bbox 3052 994 3225 1052; x_wconf 88' lang='lat' dir='ltr'><strong>malas</strong></span> <span class='ocrx_word' id='word_1_272' title='bbox 3273 997 3476 1067; x_wconf 63' lang='lat' dir='ltr'><strong>cogita.</strong></span> 
     </span>
    </p>
   </div>
   <div class='ocr_carea' id='block_1_41' title="bbox 1917 1072 3478 1152">
    <p class='ocr_par' dir='ltr' id='par_1_41' title="bbox 1917 1072 3478 1152">
     <span class='ocr_line' id='line_1_41' title="bbox 1917 1072 3478 1152; baseline 0.012 -27"><span class='ocrx_word' id='word_1_273' title='bbox 1917 1072 2097 1128; x_wconf 86' lang='lat' dir='ltr'><strong>tiones</strong></span> <span class='ocrx_word' id='word_1_274' title='bbox 2122 1087 2307 1129; x_wconf 85' lang='lat' dir='ltr'><strong>servas</strong></span> <span class='ocrx_word' id='word_1_275' title='bbox 2336 1075 2459 1130; x_wconf 73' lang='lat' dir='ltr'><strong>vitae</strong></span> <span class='ocrx_word' id='word_1_276' title='bbox 2491 1075 2836 1148; x_wconf 70' lang='lat' dir='ltr'><strong>Evangelicze</strong></span> <span class='ocrx_word' id='word_1_277' title='bbox 2861 1100 2874 1136; x_wconf 91' lang='lat'><strong>:</strong></span> <span class='ocrx_word' id='word_1_278' title='bbox 2911 1082 3182 1152; x_wconf 89' lang='lat' dir='ltr'><strong>lapidibus</strong></span> <span class='ocrx_word' id='word_1_279' title='bbox 3210 1086 3478 1149; x_wconf 80' lang='lat' dir='ltr'><strong>obruatur</strong></span> 
     </span>
    </p>
   </div>
   <div class='ocr_carea' id='block_1_42' title="bbox 1913 1160 3472 1238">
    <p class='ocr_par' dir='ltr' id='par_1_42' title="bbox 1913 1160 3472 1238">
     <span class='ocr_line' id='line_1_42' title="bbox 1913 1160 3472 1238; baseline 0.009 -26"><span class='ocrx_word' id='word_1_280' title='bbox 1913 1161 2005 1230; x_wconf 89' lang='lat' dir='ltr'><strong>qui</strong></span> <span class='ocrx_word' id='word_1_281' title='bbox 2032 1160 2135 1216; x_wconf 88' lang='lat' dir='ltr'><strong>sibi</strong></span> <span class='ocrx_word' id='word_1_282' title='bbox 2167 1160 2495 1234; x_wconf 80' lang='lat' dir='ltr'><strong>usurpabat,</strong></span> <span class='ocrx_word' id='word_1_283' title='bbox 2527 1170 2581 1218; x_wconf 89' lang='lat' dir='ltr'><strong>et</strong></span> <span class='ocrx_word' id='word_1_284' title='bbox 2612 1165 2775 1221; x_wconf 90' lang='lat' dir='ltr'><strong>alieni</strong></span> <span class='ocrx_word' id='word_1_285' title='bbox 2805 1176 3067 1237; x_wconf 85' lang='lat' dir='ltr'><strong>appetens</strong></span> <span class='ocrx_word' id='word_1_286' title='bbox 3102 1180 3221 1226; x_wconf 89' lang='lat' dir='ltr'><strong>erat</strong></span> <span class='ocrx_word' id='word_1_287' title='bbox 3250 1171 3434 1226; x_wconf 82' lang='lat' dir='ltr'><strong>Achar</strong></span> <span class='ocrx_word' id='word_1_288' title='bbox 3455 1212 3472 1238; x_wconf 85' lang='lat'><strong>,</strong></span> 
     </span>
    </p>
   </div>
   <div class='ocr_carea' id='block_1_43' title="bbox 1912 1250 3470 1322">
    <p class='ocr_par' dir='ltr' id='par_1_43' title="bbox 1912 1250 3470 1322">
     <span class='ocr_line' id='line_1_43' title="bbox 1912 1250 3470 1322; baseline 0.01 -20"><span class='ocrx_word' id='word_1_289' title='bbox 1912 1250 2007 1319; x_wconf 88' lang='lat' dir='ltr'><strong>qui</strong></span> <span class='ocrx_word' id='word_1_290' title='bbox 2042 1252 2279 1322; x_wconf 82' lang='lat' dir='ltr'><strong>linguam</strong></span> <span class='ocrx_word' id='word_1_291' title='bbox 2307 1250 2612 1310; x_wconf 81' lang='lat' dir='ltr'><strong>suffuratus</strong></span> <span class='ocrx_word' id='word_1_292' title='bbox 2657 1262 2742 1311; x_wconf 87' lang='lat' dir='ltr'><strong>est</strong></span> <span class='ocrx_word' id='word_1_293' title='bbox 2783 1270 3028 1314; x_wconf 86' lang='lat' dir='ltr'><strong>auream.</strong></span> <span class='ocrx_word' id='word_1_294' title='bbox 3066 1259 3116 1316; x_wconf 84' lang='lat' dir='ltr'><strong>Is</strong></span> <span class='ocrx_word' id='word_1_295' title='bbox 3154 1268 3337 1316; x_wconf 90' lang='lat' dir='ltr'><strong>autem</strong></span> <span class='ocrx_word' id='word_1_296' title='bbox 3378 1261 3470 1317; x_wconf 85' lang='lat' dir='ltr'><strong>ille</strong></span> 
     </span>
    </p>
   </div>
   <div class='ocr_carea' id='block_1_44' title="bbox 1911 1340 3471 1416">
    <p class='ocr_par' dir='ltr' id='par_1_44' title="bbox 1911 1340 3471 1416">
     <span class='ocr_line' id='line_1_44' title="bbox 1911 1340 3471 1416; baseline 0.008 -24"><span class='ocrx_word' id='word_1_297' title='bbox 1911 1347 1995 1394; x_wconf 89' lang='lat' dir='ltr'><strong>est</strong></span> <span class='ocrx_word' id='word_1_298' title='bbox 2018 1378 2032 1403; x_wconf 96' lang='lat'><strong>,</strong></span> <span class='ocrx_word' id='word_1_299' title='bbox 2057 1341 2149 1410; x_wconf 87' lang='lat' dir='ltr'><strong>qui</strong></span> <span class='ocrx_word' id='word_1_300' title='bbox 2172 1340 2481 1397; x_wconf 78' lang='lat' dir='ltr'><strong>honorandi</strong></span> <span class='ocrx_word' id='word_1_301' title='bbox 2507 1346 2760 1416; x_wconf 49' lang='lat' dir='ltr'><strong>praecepti</strong></span> <span class='ocrx_word' id='word_1_302' title='bbox 2786 1346 2989 1403; x_wconf 81' lang='lat' dir='ltr'><strong>delevit</strong></span> <span class='ocrx_word' id='word_1_303' title='bbox 3010 1349 3471 1412; x_wconf 81' lang='lat' dir='ltr'><strong>observationem,</strong></span> 
     </span>
    </p>
   </div>
   <div class='ocr_carea' id='block_1_45' title="bbox 1912 1427 3462 1511">
    <p class='ocr_par' dir='ltr' id='par_1_45' title="bbox 1912 1427 3462 1511">
     <span class='ocr_line' id='line_1_45' title="bbox 1912 1427 3462 1511; baseline 0.008 -29"><span class='ocrx_word' id='word_1_304' title='bbox 1912 1427 2106 1483; x_wconf 87' lang='lat' dir='ltr'><strong>Omnia</strong></span> <span class='ocrx_word' id='word_1_305' title='bbox 2138 1430 2228 1485; x_wconf 90' lang='lat' dir='ltr'><strong>illa</strong></span> <span class='ocrx_word' id='word_1_306' title='bbox 2255 1440 2443 1488; x_wconf 88' lang='lat' dir='ltr'><strong>nostra</strong></span> <span class='ocrx_word' id='word_1_307' title='bbox 2473 1443 2603 1490; x_wconf 91' lang='lat' dir='ltr'><strong>sunt</strong></span> <span class='ocrx_word' id='word_1_308' title='bbox 2639 1434 2832 1506; x_wconf 80' lang='lat' dir='ltr'><strong>ﬁgura.</strong></span> <span class='ocrx_word' id='word_1_309' title='bbox 2869 1434 3065 1493; x_wconf 87' lang='lat' dir='ltr'><strong>Omnia</strong></span> <span class='ocrx_word' id='word_1_310' title='bbox 3097 1447 3226 1495; x_wconf 88' lang='lat' dir='ltr'><strong>sunt</strong></span> <span class='ocrx_word' id='word_1_311' title='bbox 3264 1440 3462 1511; x_wconf 67' lang='lat' dir='ltr'><strong>praesi-</strong></span> 
     </span>
    </p>
   </div>
   <div class='ocr_carea' id='block_1_46' title="bbox 1913 1517 3188 1599">
    <p class='ocr_par' dir='ltr' id='par_1_46' title="bbox 1913 1517 3188 1599">
     <span class='ocr_line' id='line_1_46' title="bbox 1913 1517 3188 1599; baseline 0.01 -27"><span class='ocrx_word' id='word_1_312' title='bbox 1913 1517 2294 1590; x_wconf 82' lang='lat' dir='ltr'><strong>gnificationes</strong></span> <span class='ocrx_word' id='word_1_313' title='bbox 2323 1536 2512 1579; x_wconf 88' lang='lat' dir='ltr'><strong>eorum</strong></span> <span class='ocrx_word' id='word_1_314' title='bbox 2533 1562 2548 1589; x_wconf 92' lang='lat'><strong>,</strong></span> <span class='ocrx_word' id='word_1_315' title='bbox 2573 1539 2695 1596; x_wconf 76' lang='lat' dir='ltr'><strong>quae</strong></span> <span class='ocrx_word' id='word_1_316' title='bbox 2725 1541 2872 1583; x_wconf 91' lang='lat' dir='ltr'><strong>nunc</strong></span> <span class='ocrx_word' id='word_1_317' title='bbox 2903 1536 3188 1599; x_wconf 87' lang='lat' dir='ltr'><strong>apparent.</strong></span> 
     </span>
    </p>
   </div>
   <div class='ocr_carea' id='block_1_47' title="bbox 1979 1744 3474 1809">
    <p class='ocr_par' dir='ltr' id='par_1_47' title="bbox 1979 1744 3474 1809">
     <span class='ocr_line' id='line_1_47' title="bbox 1979 1744 3474 1809; baseline 0.007 -10"><span class='ocrx_word' id='word_1_318' title='bbox 1979 1744 2025 1799; x_wconf 86' lang='lat' dir='ltr'><strong>A</strong></span> <span class='ocrx_word' id='word_1_319' title='bbox 2049 1744 2157 1801; x_wconf 91' lang='lat' dir='ltr'><strong>vita</strong></span> <span class='ocrx_word' id='word_1_320' title='bbox 2186 1754 2277 1800; x_wconf 87' lang='lat' dir='ltr'><strong>tua</strong></span> <span class='ocrx_word' id='word_1_321' title='bbox 2306 1746 2457 1804; x_wconf 88' lang='lat' dir='ltr'><strong>solve</strong></span> <span class='ocrx_word' id='word_1_322' title='bbox 2483 1762 2732 1804; x_wconf 86' lang='lat' dir='ltr'><strong>voracem</strong></span> <span class='ocrx_word' id='word_1_323' title='bbox 2763 1763 2988 1805; x_wconf 77' lang='lat' dir='ltr'><strong>corvum</strong></span> <span class='ocrx_word' id='word_1_324' title='bbox 3010 1751 3078 1805; x_wconf 83' lang='lat'><strong>&quot;&#39;.</strong></span> <span class='ocrx_word' id='word_1_325' title='bbox 3108 1751 3183 1807; x_wconf 90' lang='lat' dir='ltr'><strong>Da</strong></span> <span class='ocrx_word' id='word_1_326' title='bbox 3210 1752 3474 1809; x_wconf 66' lang='lat' dir='ltr'><strong>columbas</strong></span> 
     </span>
    </p>
   </div>
   <div class='ocr_carea' id='block_1_48' title="bbox 1913 1837 3476 1916">
    <p class='ocr_par' dir='ltr' id='par_1_48' title="bbox 1913 1837 3476 1916">
     <span class='ocr_line' id='line_1_48' title="bbox 1913 1837 3476 1916; baseline 0.008 -28"><span class='ocrx_word' id='word_1_327' title='bbox 1913 1842 2129 1904; x_wconf 88' lang='lat' dir='ltr'><strong>tempus</strong></span> <span class='ocrx_word' id='word_1_328' title='bbox 2156 1844 2217 1892; x_wconf 92' lang='lat' dir='ltr'><strong>ut</strong></span> <span class='ocrx_word' id='word_1_329' title='bbox 2238 1837 2306 1893; x_wconf 88' lang='lat' dir='ltr'><strong>ad</strong></span> <span class='ocrx_word' id='word_1_330' title='bbox 2334 1845 2388 1894; x_wconf 88' lang='lat' dir='ltr'><strong>te</strong></span> <span class='ocrx_word' id='word_1_331' title='bbox 2416 1838 2664 1907; x_wconf 88' lang='lat' dir='ltr'><strong>advolet,</strong></span> <span class='ocrx_word' id='word_1_332' title='bbox 2689 1856 2852 1911; x_wconf 90' lang='lat' dir='ltr'><strong>quam</strong></span> <span class='ocrx_word' id='word_1_333' title='bbox 2878 1841 3088 1912; x_wconf 91' lang='lat' dir='ltr'><strong>primus</strong></span> <span class='ocrx_word' id='word_1_334' title='bbox 3112 1841 3272 1901; x_wconf 70' lang='lat' dir='ltr'><strong>Iesus</strong></span> <span class='ocrx_word' id='word_1_335' title='bbox 3299 1845 3476 1916; x_wconf 82' lang='lat' dir='ltr'><strong>typice</strong></span> 
     </span>
    </p>
   </div>
   <div class='ocr_carea' id='block_1_49' title="bbox 1908 1926 3477 2000">
    <p class='ocr_par' dir='ltr' id='par_1_49' title="bbox 1908 1926 3477 2000">
     <span class='ocr_line' id='line_1_49' title="bbox 1908 1926 3477 2000; baseline 0.003 -21"><span class='ocrx_word' id='word_1_336' title='bbox 1908 1938 1940 1980; x_wconf 88' lang='lat' dir='ltr'><strong>e</strong></span> <span class='ocrx_word' id='word_1_337' title='bbox 1972 1926 2113 1981; x_wconf 75' lang='lat' dir='ltr'><strong>coelo</strong></span> <span class='ocrx_word' id='word_1_338' title='bbox 2145 1927 2455 1995; x_wconf 74' lang='lat' dir='ltr'><strong>deduxit&quot;,</strong></span> <span class='ocrx_word' id='word_1_339' title='bbox 2495 1943 2617 2000; x_wconf 67' lang='lat' dir='ltr'><strong>qua:</strong></span> <span class='ocrx_word' id='word_1_340' title='bbox 2644 1936 2731 1985; x_wconf 89' lang='lat' dir='ltr'><strong>est</strong></span> <span class='ocrx_word' id='word_1_341' title='bbox 2760 1930 2873 1986; x_wconf 88' lang='lat' dir='ltr'><strong>doli</strong></span> <span class='ocrx_word' id='word_1_342' title='bbox 2902 1931 3109 1997; x_wconf 82' lang='lat' dir='ltr'><strong>nescia,</strong></span> <span class='ocrx_word' id='word_1_343' title='bbox 3144 1934 3477 1989; x_wconf 54' lang='lat' dir='ltr'><strong>mansuetis.</strong></span> 
     </span>
    </p>
   </div>
   <div class='ocr_carea' id='block_1_50' title="bbox 1908 2014 3477 2091">
    <p class='ocr_par' dir='ltr' id='par_1_50' title="bbox 1908 2014 3477 2091">
     <span class='ocr_line' id='line_1_50' title="bbox 1908 2014 3477 2091; baseline 0.007 -23"><span class='ocrx_word' id='word_1_344' title='bbox 1908 2014 2047 2069; x_wconf 89' lang='lat' dir='ltr'><strong>sima</strong></span> <span class='ocrx_word' id='word_1_345' title='bbox 2080 2022 2135 2070; x_wconf 88' lang='lat' dir='ltr'><strong>et</strong></span> <span class='ocrx_word' id='word_1_346' title='bbox 2169 2016 2550 2074; x_wconf 81' lang='lat' dir='ltr'><strong>fertilissima:</strong></span> <span class='ocrx_word' id='word_1_347' title='bbox 2590 2034 2713 2089; x_wconf 80' lang='lat' dir='ltr'><strong>qua:</strong></span> <span class='ocrx_word' id='word_1_348' title='bbox 2754 2028 3043 2091; x_wconf 85' lang='lat' dir='ltr'><strong>postquam</strong></span> <span class='ocrx_word' id='word_1_349' title='bbox 3084 2022 3356 2078; x_wconf 83' lang='lat' dir='ltr'><strong>invenerit</strong></span> <span class='ocrx_word' id='word_1_350' title='bbox 3395 2024 3477 2078; x_wconf 86' lang='lat' dir='ltr'><strong>vi-</strong></span> 
     </span>
    </p>
   </div>
   <div class='ocr_carea' id='block_1_51' title="bbox 1908 2113 3477 2179">
    <p class='ocr_par' dir='ltr' id='par_1_51' title="bbox 1908 2113 3477 2179">
     <span class='ocr_line' id='line_1_51' title="bbox 1908 2113 3477 2179; baseline 0.008 -20"><span class='ocrx_word' id='word_1_351' title='bbox 1908 2119 2029 2160; x_wconf 88' lang='lat' dir='ltr'><strong>rum</strong></span> <span class='ocrx_word' id='word_1_352' title='bbox 2059 2116 2387 2176; x_wconf 83' lang='lat' dir='ltr'><strong>purgatum,</strong></span> <span class='ocrx_word' id='word_1_353' title='bbox 2435 2115 2495 2163; x_wconf 93' lang='lat' dir='ltr'><strong>ut</strong></span> <span class='ocrx_word' id='word_1_354' title='bbox 2541 2119 2824 2179; x_wconf 81' lang='lat' dir='ltr'><strong>argentum</strong></span> <span class='ocrx_word' id='word_1_355' title='bbox 2871 2119 3021 2168; x_wconf 85' lang='lat' dir='ltr'><strong>recte</strong></span> <span class='ocrx_word' id='word_1_356' title='bbox 3073 2113 3377 2169; x_wconf 76' lang='lat' dir='ltr'><strong>exercitum</strong></span> <span class='ocrx_word' id='word_1_357' title='bbox 3420 2122 3477 2173; x_wconf 85' lang='lat' dir='ltr'><strong>et</strong></span> 
     </span>
    </p>
   </div>
   <div class='ocr_carea' id='block_1_52' title="bbox 1907 2197 3474 2269">
    <p class='ocr_par' dir='ltr' id='par_1_52' title="bbox 1907 2197 3474 2269">
     <span class='ocr_line' id='line_1_52' title="bbox 1907 2197 3474 2269; baseline 0.006 -18"><span class='ocrx_word' id='word_1_358' title='bbox 1907 2197 2243 2266; x_wconf 82' lang='lat' dir='ltr'><strong>expolitum,</strong></span> <span class='ocrx_word' id='word_1_359' title='bbox 2299 2198 2355 2253; x_wconf 92' lang='lat' dir='ltr'><strong>in</strong></span> <span class='ocrx_word' id='word_1_360' title='bbox 2414 2213 2480 2254; x_wconf 90' lang='lat' dir='ltr'><strong>eo</strong></span> <span class='ocrx_word' id='word_1_361' title='bbox 2522 2200 2771 2256; x_wconf 88' lang='lat' dir='ltr'><strong>lubenter</strong></span> <span class='ocrx_word' id='word_1_362' title='bbox 2822 2201 3067 2269; x_wconf 80' lang='lat' dir='ltr'><strong>habitat,</strong></span> <span class='ocrx_word' id='word_1_363' title='bbox 3124 2210 3181 2259; x_wconf 87' lang='lat' dir='ltr'><strong>et</strong></span> <span class='ocrx_word' id='word_1_364' title='bbox 3236 2203 3474 2261; x_wconf 88' lang='lat' dir='ltr'><strong>animam</strong></span> 
     </span>
    </p>
   </div>
   <div class='ocr_carea' id='block_1_53' title="bbox 1908 2284 3475 2361">
    <p class='ocr_par' dir='ltr' id='par_1_53' title="bbox 1908 2284 3475 2361">
     <span class='ocr_line' id='line_1_53' title="bbox 1908 2284 3475 2361; baseline 0.005 -23"><span class='ocrx_word' id='word_1_365' title='bbox 1908 2284 2033 2355; x_wconf 83' lang='lat' dir='ltr'><strong>igne</strong></span> <span class='ocrx_word' id='word_1_366' title='bbox 2064 2292 2328 2356; x_wconf 87' lang='lat' dir='ltr'><strong>tanquam</strong></span> <span class='ocrx_word' id='word_1_367' title='bbox 2361 2302 2462 2342; x_wconf 86' lang='lat' dir='ltr'><strong>ova</strong></span> <span class='ocrx_word' id='word_1_368' title='bbox 2496 2287 2724 2353; x_wconf 86' lang='lat' dir='ltr'><strong>fovens,</strong></span> <span class='ocrx_word' id='word_1_369' title='bbox 2764 2290 2969 2345; x_wconf 86' lang='lat' dir='ltr'><strong>multos</strong></span> <span class='ocrx_word' id='word_1_370' title='bbox 3005 2289 3057 2346; x_wconf 89' lang='lat' dir='ltr'><strong>ei</strong></span> <span class='ocrx_word' id='word_1_371' title='bbox 3102 2290 3248 2361; x_wconf 84' lang='lat' dir='ltr'><strong>parit</strong></span> <span class='ocrx_word' id='word_1_372' title='bbox 3283 2297 3341 2344; x_wconf 84' lang='lat' dir='ltr'><strong>et</strong></span> <span class='ocrx_word' id='word_1_373' title='bbox 3374 2290 3475 2346; x_wconf 88' lang='lat' dir='ltr'><strong>do-</strong></span> 
     </span>
    </p>
   </div>
   <div class='ocr_carea' id='block_1_54' title="bbox 1906 2374 3473 2445">
    <p class='ocr_par' dir='ltr' id='par_1_54' title="bbox 1906 2374 3473 2445">
     <span class='ocr_line' id='line_1_54' title="bbox 1906 2374 3473 2445; baseline 0.004 -18"><span class='ocrx_word' id='word_1_374' title='bbox 1906 2382 2002 2428; x_wconf 88' lang='lat' dir='ltr'><strong>nat</strong></span> <span class='ocrx_word' id='word_1_375' title='bbox 2031 2374 2193 2433; x_wconf 86' lang='lat' dir='ltr'><strong>ﬁlios.</strong></span> <span class='ocrx_word' id='word_1_376' title='bbox 2236 2375 2275 2430; x_wconf 91' lang='lat' dir='ltr'><strong>li</strong></span> <span class='ocrx_word' id='word_1_377' title='bbox 2306 2385 2485 2433; x_wconf 87' lang='lat' dir='ltr'><strong>autem</strong></span> <span class='ocrx_word' id='word_1_378' title='bbox 2515 2387 2644 2435; x_wconf 90' lang='lat' dir='ltr'><strong>sunt</strong></span> <span class='ocrx_word' id='word_1_379' title='bbox 2672 2380 2828 2435; x_wconf 55' lang='lat' dir='ltr'><strong>bona;</strong></span> <span class='ocrx_word' id='word_1_380' title='bbox 2855 2380 3101 2436; x_wconf 89' lang='lat' dir='ltr'><strong>actiones</strong></span> <span class='ocrx_word' id='word_1_381' title='bbox 3126 2419 3143 2445; x_wconf 94' lang='lat'><strong>,</strong></span> <span class='ocrx_word' id='word_1_382' title='bbox 3172 2388 3227 2436; x_wconf 89' lang='lat' dir='ltr'><strong>et</strong></span> <span class='ocrx_word' id='word_1_383' title='bbox 3253 2380 3473 2437; x_wconf 81' lang='lat' dir='ltr'><strong>honesti</strong></span> 
     </span>
    </p>
   </div>
   <div class='ocr_carea' id='block_1_55' title="bbox 1907 2466 3474 2542">
    <p class='ocr_par' dir='ltr' id='par_1_55' title="bbox 1907 2466 3474 2542">
     <span class='ocr_line' id='line_1_55' title="bbox 1907 2466 3474 2542; baseline 0.001 -20"><span class='ocrx_word' id='word_1_384' title='bbox 1907 2481 2192 2524; x_wconf 85' lang='lat' dir='ltr'><strong>sermones</strong></span> <span class='ocrx_word' id='word_1_385' title='bbox 2211 2508 2226 2533; x_wconf 94' lang='lat'><strong>,</strong></span> <span class='ocrx_word' id='word_1_386' title='bbox 2257 2466 2394 2524; x_wconf 79' lang='lat' dir='ltr'><strong>fides</strong></span> <span class='ocrx_word' id='word_1_387' title='bbox 2414 2506 2431 2533; x_wconf 88' lang='lat'><strong>,</strong></span> <span class='ocrx_word' id='word_1_388' title='bbox 2458 2469 2655 2541; x_wconf 87' lang='lat' dir='ltr'><strong>pietas,</strong></span> <span class='ocrx_word' id='word_1_389' title='bbox 2681 2470 2896 2541; x_wconf 79' lang='lat' dir='ltr'><strong>iustitia</strong></span> <span class='ocrx_word' id='word_1_390' title='bbox 2915 2511 2930 2537; x_wconf 94' lang='lat'><strong>,</strong></span> <span class='ocrx_word' id='word_1_391' title='bbox 2955 2471 3315 2542; x_wconf 84' lang='lat' dir='ltr'><strong>temperantia</strong></span> <span class='ocrx_word' id='word_1_392' title='bbox 3334 2510 3351 2537; x_wconf 89' lang='lat'><strong>,</strong></span> <span class='ocrx_word' id='word_1_393' title='bbox 3378 2484 3474 2525; x_wconf 56' lang='lat' dir='ltr'><strong>ca.-</strong></span> 
     </span>
    </p>
   </div>
   <div class='ocr_carea' id='block_1_56' title="bbox 1907 2556 3476 2632">
    <p class='ocr_par' dir='ltr' id='par_1_56' title="bbox 1907 2556 3476 2632">
     <span class='ocr_line' id='line_1_56' title="bbox 1907 2556 3476 2632; baseline 0.003 -20"><span class='ocrx_word' id='word_1_394' title='bbox 1907 2556 2069 2613; x_wconf 84' lang='lat' dir='ltr'><strong>stitas</strong></span> <span class='ocrx_word' id='word_1_395' title='bbox 2090 2595 2106 2621; x_wconf 91' lang='lat'><strong>,</strong></span> <span class='ocrx_word' id='word_1_396' title='bbox 2139 2557 2374 2628; x_wconf 85' lang='lat' dir='ltr'><strong>puritas.</strong></span> <span class='ocrx_word' id='word_1_397' title='bbox 2406 2557 2472 2614; x_wconf 79' lang='lat' dir='ltr'><strong>Ili</strong></span> <span class='ocrx_word' id='word_1_398' title='bbox 2520 2568 2653 2615; x_wconf 90' lang='lat' dir='ltr'><strong>sunt</strong></span> <span class='ocrx_word' id='word_1_399' title='bbox 2688 2559 2787 2616; x_wconf 81' lang='lat' dir='ltr'><strong>ﬁlii</strong></span> <span class='ocrx_word' id='word_1_400' title='bbox 2818 2559 3095 2632; x_wconf 87' lang='lat' dir='ltr'><strong>Spiritus,</strong></span> <span class='ocrx_word' id='word_1_401' title='bbox 3140 2567 3348 2617; x_wconf 68' lang='lat' dir='ltr'><strong>nostra:</strong></span> <span class='ocrx_word' id='word_1_402' title='bbox 3374 2574 3476 2617; x_wconf 85' lang='lat' dir='ltr'><strong>au-</strong></span> 
     </span>
    </p>
   </div>
   <div class='ocr_carea' id='block_1_57' title="bbox 1907 2648 3475 2723">
    <p class='ocr_par' dir='ltr' id='par_1_57' title="bbox 1907 2648 3475 2723">
     <span class='ocr_line' id='line_1_57' title="bbox 1907 2648 3475 2723; baseline 0.003 -20"><span class='ocrx_word' id='word_1_403' title='bbox 1907 2652 2016 2703; x_wconf 89' lang='lat' dir='ltr'><strong>tem</strong></span> <span class='ocrx_word' id='word_1_404' title='bbox 2046 2649 2451 2719; x_wconf 85' lang='lat' dir='ltr'><strong>possessiones.</strong></span> <span class='ocrx_word' id='word_1_405' title='bbox 2477 2648 2779 2721; x_wconf 84' lang='lat' dir='ltr'><strong>Quousque</strong></span> <span class='ocrx_word' id='word_1_406' title='bbox 2801 2652 2911 2707; x_wconf 87' lang='lat' dir='ltr'><strong>eris</strong></span> <span class='ocrx_word' id='word_1_407' title='bbox 2936 2650 3243 2722; x_wconf 89' lang='lat' dir='ltr'><strong>discipulus</strong></span> <span class='ocrx_word' id='word_1_408' title='bbox 3269 2651 3475 2723; x_wconf 61' lang='lat' dir='ltr'><strong>primo,</strong></span> 
     </span>
    </p>
   </div>
   <div class='ocr_carea' id='block_1_58' title="bbox 1908 2736 3472 2812">
    <p class='ocr_par' dir='ltr' id='par_1_58' title="bbox 1908 2736 3472 2812">
     <span class='ocr_line' id='line_1_58' title="bbox 1908 2736 3472 2812; baseline 0.003 -21"><span class='ocrx_word' id='word_1_409' title='bbox 1908 2752 2032 2792; x_wconf 89' lang='lat' dir='ltr'><strong>rum</strong></span> <span class='ocrx_word' id='word_1_410' title='bbox 2065 2736 2461 2795; x_wconf 85' lang='lat' dir='ltr'><strong>elementorum</strong></span> <span class='ocrx_word' id='word_1_411' title='bbox 2490 2739 2513 2794; x_wconf 84' lang='lat'><strong>?</strong></span> <span class='ocrx_word' id='word_1_412' title='bbox 2556 2740 2723 2811; x_wconf 86' lang='lat' dir='ltr'><strong>Aperi</strong></span> <span class='ocrx_word' id='word_1_413' title='bbox 2755 2741 2994 2796; x_wconf 90' lang='lat' dir='ltr'><strong>animam</strong></span> <span class='ocrx_word' id='word_1_414' title='bbox 3023 2748 3177 2797; x_wconf 88' lang='lat' dir='ltr'><strong>tuam</strong></span> <span class='ocrx_word' id='word_1_415' title='bbox 3208 2749 3472 2812; x_wconf 84' lang='lat' dir='ltr'><strong>tanquam</strong></span> 
     </span>
    </p>
   </div>
   <div class='ocr_carea' id='block_1_59' title="bbox 1909 2827 3476 2903">
    <p class='ocr_par' dir='ltr' id='par_1_59' title="bbox 1909 2827 3476 2903">
     <span class='ocr_line' id='line_1_59' title="bbox 1909 2827 3476 2903; baseline 0.004 -21"><span class='ocrx_word' id='word_1_416' title='bbox 1909 2827 2147 2883; x_wconf 88' lang='lat' dir='ltr'><strong>tabulam</strong></span> <span class='ocrx_word' id='word_1_417' title='bbox 2171 2866 2187 2892; x_wconf 95' lang='lat'><strong>,</strong></span> <span class='ocrx_word' id='word_1_418' title='bbox 2231 2837 2284 2883; x_wconf 88' lang='lat' dir='ltr'><strong>et</strong></span> <span class='ocrx_word' id='word_1_419' title='bbox 2327 2829 2568 2887; x_wconf 88' lang='lat' dir='ltr'><strong>concede</strong></span> <span class='ocrx_word' id='word_1_420' title='bbox 2608 2830 2796 2897; x_wconf 87' lang='lat' dir='ltr'><strong>nobis,</strong></span> <span class='ocrx_word' id='word_1_421' title='bbox 2828 2839 2891 2887; x_wconf 88' lang='lat' dir='ltr'><strong>ut</strong></span> <span class='ocrx_word' id='word_1_422' title='bbox 2925 2831 3307 2903; x_wconf 87' lang='lat' dir='ltr'><strong>imprimamns</strong></span> <span class='ocrx_word' id='word_1_423' title='bbox 3349 2847 3476 2902; x_wconf 54' lang='lat' dir='ltr'><strong>perv</strong></span> 
     </span>
    </p>
   </div>
   <div class='ocr_carea' id='block_1_60' title="bbox 1908 2917 3475 2995">
    <p class='ocr_par' dir='ltr' id='par_1_60' title="bbox 1908 2917 3475 2995">
     <span class='ocr_line' id='line_1_60' title="bbox 1908 2917 3475 2995; baseline 0.006 -21"><span class='ocrx_word' id='word_1_424' title='bbox 1908 2917 2108 2974; x_wconf 87' lang='lat' dir='ltr'><strong>fectam</strong></span> <span class='ocrx_word' id='word_1_425' title='bbox 2156 2919 2539 2992; x_wconf 85' lang='lat' dir='ltr'><strong>disciplinam,</strong></span> <span class='ocrx_word' id='word_1_426' title='bbox 2589 2938 2699 2978; x_wconf 90' lang='lat' dir='ltr'><strong>non</strong></span> <span class='ocrx_word' id='word_1_427' title='bbox 2742 2937 2960 2995; x_wconf 88' lang='lat' dir='ltr'><strong>semper</strong></span> <span class='ocrx_word' id='word_1_428' title='bbox 2997 2923 3308 2981; x_wconf 86' lang='lat' dir='ltr'><strong>balbutiens</strong></span> <span class='ocrx_word' id='word_1_429' title='bbox 3343 2939 3475 2983; x_wconf 84' lang='lat' dir='ltr'><strong>cum</strong></span> 
     </span>
    </p>
   </div>
   <div class='ocr_carea' id='block_1_61' title="bbox 226 3008 1811 3085">
    <p class='ocr_par' dir='ltr' id='par_1_61' title="bbox 226 3008 1807 3083">
     <span class='ocr_line' id='line_1_61' title="bbox 226 3008 1807 3083; baseline -0.003 -17"><span class='ocrx_word' id='word_1_430' title='bbox 226 3011 510 3083; x_wconf 77' lang='grc' dir='ltr'>Ἐρυθριῶ</span> <span class='ocrx_word' id='word_1_431' title='bbox 537 3010 679 3083; x_wconf 77' lang='grc' dir='ltr'>ὑπὲρ</span> <span class='ocrx_word' id='word_1_432' title='bbox 707 3011 824 3077; x_wconf 71' lang='grc' dir='ltr'>σοῦ,</span> <span class='ocrx_word' id='word_1_433' title='bbox 880 3012 965 3064; x_wconf 80' lang='grc' dir='ltr'>ὅτι</span> <span class='ocrx_word' id='word_1_434' title='bbox 1014 3011 1264 3083; x_wconf 78' lang='grc' dir='ltr'>γηράσας</span> <span class='ocrx_word' id='word_1_435' title='bbox 1306 3009 1490 3063; x_wconf 80' lang='grc' dir='ltr'>λοιπὸν</span> <span class='ocrx_word' id='word_1_436' title='bbox 1522 3008 1660 3080; x_wconf 80' lang='grc' dir='ltr'>μετὰ</span> <span class='ocrx_word' id='word_1_437' title='bbox 1699 3008 1807 3062; x_wconf 88' lang='grc' dir='ltr'><strong>τῶν</strong></span> 
     </span>
    </p>
   </div>
   <div class='ocr_carea' id='block_1_62' title="bbox 1914 3008 3473 3085">
    <p class='ocr_par' dir='ltr' id='par_1_62' title="bbox 1914 3009 3473 3085">
     <span class='ocr_line' id='line_1_62' title="bbox 1914 3009 3473 3085; baseline 0.003 -22"><span class='ocrx_word' id='word_1_438' title='bbox 1914 3009 2129 3078; x_wconf 88' lang='lat' dir='ltr'><strong>pueris,</strong></span> <span class='ocrx_word' id='word_1_439' title='bbox 2152 3025 2266 3065; x_wconf 89' lang='lat' dir='ltr'><strong>non</strong></span> <span class='ocrx_word' id='word_1_440' title='bbox 2292 3020 2473 3067; x_wconf 89' lang='lat' dir='ltr'><strong>mente</strong></span> <span class='ocrx_word' id='word_1_441' title='bbox 2499 3011 2703 3068; x_wconf 87' lang='lat' dir='ltr'><strong>infans.</strong></span> <span class='ocrx_word' id='word_1_442' title='bbox 2730 3011 2814 3072; x_wconf 77' lang='lat' dir='ltr'><strong>Me</strong></span> <span class='ocrx_word' id='word_1_443' title='bbox 2838 3014 2916 3068; x_wconf 91' lang='lat' dir='ltr'><strong>tui</strong></span> <span class='ocrx_word' id='word_1_444' title='bbox 2946 3013 3147 3084; x_wconf 88' lang='lat' dir='ltr'><strong>pudet,</strong></span> <span class='ocrx_word' id='word_1_445' title='bbox 3172 3012 3318 3085; x_wconf 85' lang='lat' dir='ltr'><strong>quod</strong></span> <span class='ocrx_word' id='word_1_446' title='bbox 3344 3027 3473 3069; x_wconf 83' lang='lat' dir='ltr'><strong>cum</strong></span> 
     </span>
    </p>
   </div>
   <div class='ocr_carea' id='block_1_63' title="bbox 218 3102 1810 3178">
    <p class='ocr_par' dir='ltr' id='par_1_63' title="bbox 218 3102 1810 3178">
     <span class='ocr_line' id='line_1_63' title="bbox 218 3102 1810 3178; baseline -0.002 -19"><span class='ocrx_word' id='word_1_447' title='bbox 218 3104 652 3176; x_wconf 74' lang='grc' dir='ltr'>κατηχουμένων</span> <span class='ocrx_word' id='word_1_448' title='bbox 688 3104 925 3178; x_wconf 76' lang='grc' dir='ltr'>ἐκϐάλλῃ</span> <span class='ocrx_word' id='word_1_449' title='bbox 950 3145 966 3171; x_wconf 92' lang='grc'><strong>,</strong></span> <span class='ocrx_word' id='word_1_450' title='bbox 1029 3104 1104 3167; x_wconf 81' lang='grc' dir='ltr'>ὡς</span> <span class='ocrx_word' id='word_1_451' title='bbox 1160 3103 1444 3173; x_wconf 71' lang='grc' dir='ltr'>παιδάριον</span> <span class='ocrx_word' id='word_1_452' title='bbox 1500 3103 1660 3158; x_wconf 79' lang='grc' dir='ltr'>ἄνουν</span> <span class='ocrx_word' id='word_1_453' title='bbox 1715 3102 1810 3156; x_wconf 73' lang='grc' dir='ltr'>καὶ</span> 
     </span>
    </p>
   </div>
   <div class='ocr_carea' id='block_1_64' title="bbox 217 3190 1812 3266">
    <p class='ocr_par' dir='ltr' id='par_1_64' title="bbox 217 3190 1812 3266">
     <span class='ocr_line' id='line_1_64' title="bbox 217 3190 1812 3266; baseline -0.001 -18"><span class='ocrx_word' id='word_1_454' title='bbox 217 3196 325 3248; x_wconf 65' lang='grc' dir='ltr'>οὐκ</span> <span class='ocrx_word' id='word_1_455' title='bbox 355 3194 643 3266; x_wconf 75' lang='grc' dir='ltr'>ὲχέμυθον,</span> <span class='ocrx_word' id='word_1_456' title='bbox 677 3194 958 3266; x_wconf 83' lang='grc' dir='ltr'>μέλλοντος</span> <span class='ocrx_word' id='word_1_457' title='bbox 989 3193 1284 3266; x_wconf 83' lang='grc' dir='ltr'>μυστηρίου</span> <span class='ocrx_word' id='word_1_458' title='bbox 1310 3193 1607 3247; x_wconf 71' lang='grc' dir='ltr'>λαλείεθαι.</span> <span class='ocrx_word' id='word_1_459' title='bbox 1647 3190 1812 3247; x_wconf 82' lang='grc' dir='ltr'><strong>Ἐνώ-</strong></span> 
     </span>
    </p>
   </div>
   <div class='ocr_carea' id='block_1_65' title="bbox 222 3281 1808 3357">
    <p class='ocr_par' dir='ltr' id='par_1_65' title="bbox 222 3281 1808 3357">
     <span class='ocr_line' id='line_1_65' title="bbox 222 3281 1808 3357; baseline -0.003 -18"><span class='ocrx_word' id='word_1_460' title='bbox 222 3286 350 3357; x_wconf 75' lang='grc' dir='ltr'>οητι</span> <span class='ocrx_word' id='word_1_461' title='bbox 376 3284 460 3355; x_wconf 81' lang='grc' dir='ltr'><strong>τῷ</strong></span> <span class='ocrx_word' id='word_1_462' title='bbox 490 3283 735 3356; x_wconf 89' lang='grc' dir='ltr'>μυστικῷ</span> <span class='ocrx_word' id='word_1_463' title='bbox 760 3284 874 3354; x_wconf 74' lang='grc' dir='ltr'>λαῷ</span> <span class='ocrx_word' id='word_1_464' title='bbox 920 3282 1014 3337; x_wconf 70' lang='grc' dir='ltr'>καὶ</span> <span class='ocrx_word' id='word_1_465' title='bbox 1054 3284 1189 3355; x_wconf 85' lang='grc' dir='ltr'>μάθε</span> <span class='ocrx_word' id='word_1_466' title='bbox 1227 3284 1418 3351; x_wconf 80' lang='grc' dir='ltr'>λόγους</span> <span class='ocrx_word' id='word_1_467' title='bbox 1446 3281 1808 3353; x_wconf 70' lang='grc' dir='ltr'>ἀπορρήτους.</span> 
     </span>
    </p>
   </div>
   <div class='ocr_carea' id='block_1_66' title="bbox 220 3371 1813 3445">
    <p class='ocr_par' dir='ltr' id='par_1_66' title="bbox 220 3371 1813 3445">
     <span class='ocr_line' id='line_1_66' title="bbox 220 3371 1813 3445; baseline -0.003 -18"><span class='ocrx_word' id='word_1_468' title='bbox 220 3374 464 3443; x_wconf 48' lang='lat' dir='ltr'><strong>Wfﬁn:</strong></span> <span class='ocrx_word' id='word_1_469' title='bbox 503 3372 622 3445; x_wconf 83' lang='grc' dir='ltr'>μεθ’</span> <span class='ocrx_word' id='word_1_470' title='bbox 667 3371 827 3443; x_wconf 80' lang='grc' dir='ltr'>ὴμῶν</span> <span class='ocrx_word' id='word_1_471' title='bbox 860 3372 1080 3436; x_wconf 75' lang='grc' dir='ltr'>ἐκεῖνα,</span> <span class='ocrx_word' id='word_1_472' title='bbox 1125 3371 1163 3426; x_wconf 74' lang='grc' dir='ltr'>ὃ.</span> <span class='ocrx_word' id='word_1_473' title='bbox 1213 3372 1307 3426; x_wconf 58' lang='grc' dir='ltr'><strong>καί⁵</strong></span> <span class='ocrx_word' id='word_1_474' title='bbox 1357 3372 1426 3425; x_wconf 79' lang='grc' dir='ltr'><strong>τά</strong></span> <span class='ocrx_word' id='word_1_475' title='bbox 1466 3371 1813 3442; x_wconf 81' lang='grc' dir='ltr'>ὲξαπτέρυγα</span> 
     </span>
    </p>
   </div>
   <div class='ocr_carea' id='block_1_67' title="bbox 74 3459 1813 3533">
    <p class='ocr_par' dir='ltr' id='par_1_67' title="bbox 74 3459 1813 3533">
     <span class='ocr_line' id='line_1_67' title="bbox 74 3459 1813 3533; baseline -0.003 -16"><span class='ocrx_word' id='word_1_476' title='bbox 74 3494 200 3533; x_wconf 48' lang='grc' dir='ltr'><strong>ρ.-</strong></span> <span class='ocrx_word' id='word_1_477' title='bbox 226 3463 480 3533; x_wconf 59' lang='grc' dir='ltr'>Σεραςοὶμ</span> <span class='ocrx_word' id='word_1_478' title='bbox 546 3462 685 3533; x_wconf 63' lang='grc' dir='ltr'>μετὰ</span> <span class='ocrx_word' id='word_1_479' title='bbox 726 3463 838 3517; x_wconf 89' lang='grc' dir='ltr'><strong>τῶν</strong></span> <span class='ocrx_word' id='word_1_480' title='bbox 891 3461 1108 3516; x_wconf 86' lang='grc' dir='ltr'>τελείων</span> <span class='ocrx_word' id='word_1_481' title='bbox 1161 3461 1499 3533; x_wconf 85' lang='grc' dir='ltr'>Χριστιανῶν</span> <span class='ocrx_word' id='word_1_482' title='bbox 1543 3459 1813 3531; x_wconf 80' lang='grc' dir='ltr'>ὑμνοῦντα</span> 
     </span>
    </p>
   </div>
   <div class='ocr_carea' id='block_1_68' title="bbox 224 3548 1808 3622">
    <p class='ocr_par' dir='ltr' id='par_1_68' title="bbox 224 3548 1808 3622">
     <span class='ocr_line' id='line_1_68' title="bbox 224 3548 1808 3622; baseline -0.002 -19"><span class='ocrx_word' id='word_1_483' title='bbox 224 3549 395 3618; x_wconf 72' lang='grc' dir='ltr'>λέγει.</span> <span class='ocrx_word' id='word_1_484' title='bbox 436 3550 805 3622; x_wconf 82' lang='grc' dir='ltr'>Ἔπιθύμησον</span> <span class='ocrx_word' id='word_1_485' title='bbox 868 3551 1073 3621; x_wconf 73' lang='grc' dir='ltr'>τροφῆς</span> <span class='ocrx_word' id='word_1_486' title='bbox 1136 3550 1537 3621; x_wconf 73' lang='grc' dir='ltr'>ἐνδυναμούσης</span> <span class='ocrx_word' id='word_1_487' title='bbox 1598 3548 1808 3618; x_wconf 55' lang='grc' dir='ltr'>φυχήνσ</span> 
     </span>
    </p>
   </div>
   <div class='ocr_carea' id='block_1_69' title="bbox 224 3638 1812 3715">
    <p class='ocr_par' dir='ltr' id='par_1_69' title="bbox 224 3638 1812 3715">
     <span class='ocr_line' id='line_1_69' title="bbox 224 3638 1812 3715; baseline -0.004 -19"><span class='ocrx_word' id='word_1_488' title='bbox 224 3641 424 3711; x_wconf 73' lang='grc' dir='ltr'>γεῦσαι</span> <span class='ocrx_word' id='word_1_489' title='bbox 480 3641 725 3713; x_wconf 75' lang='grc' dir='ltr'>πόματος</span> <span class='ocrx_word' id='word_1_490' title='bbox 789 3642 1015 3715; x_wconf 85' lang='grc' dir='ltr'>καρδίαν</span> <span class='ocrx_word' id='word_1_491' title='bbox 1086 3640 1502 3714; x_wconf 76' lang='grc' dir='ltr'>εὐφραίνοντος·</span> <span class='ocrx_word' id='word_1_492' title='bbox 1555 3638 1812 3709; x_wconf 83' lang='grc' dir='ltr'>ὲράσθητι</span> 
     </span>
    </p>
   </div>
   <div class='ocr_carea' id='block_1_70' title="bbox 225 3728 1815 3805">
    <p class='ocr_par' dir='ltr' id='par_1_70' title="bbox 225 3728 1815 3805">
     <span class='ocr_line' id='line_1_70' title="bbox 225 3728 1815 3805; baseline -0.003 -19"><span class='ocrx_word' id='word_1_493' title='bbox 225 3734 540 3805; x_wconf 76' lang='grc' dir='ltr'>μυστηρίου</span> <span class='ocrx_word' id='word_1_494' title='bbox 572 3735 651 3798; x_wconf 81' lang='grc' dir='ltr'><strong>εἰς</strong></span> <span class='ocrx_word' id='word_1_495' title='bbox 685 3733 914 3805; x_wconf 79' lang='grc' dir='ltr'>νεότητα</span> <span class='ocrx_word' id='word_1_496' title='bbox 944 3733 1071 3796; x_wconf 70' lang='grc' dir='ltr'>τοὺς</span> <span class='ocrx_word' id='word_1_497' title='bbox 1092 3731 1355 3796; x_wconf 75' lang='grc' dir='ltr'>παλαιοὺς</span> <span class='ocrx_word' id='word_1_498' title='bbox 1386 3730 1630 3801; x_wconf 81' lang='grc' dir='ltr'>ἀοράτως</span> <span class='ocrx_word' id='word_1_499' title='bbox 1658 3728 1815 3799; x_wconf 86' lang='grc' dir='ltr'>ἀμεί-</span> 
     </span>
    </p>
   </div>
   <div class='ocr_carea' id='block_1_71' title="bbox 221 3816 1815 3894">
    <p class='ocr_par' dir='ltr' id='par_1_71' title="bbox 221 3816 1815 3894">
     <span class='ocr_line' id='line_1_71' title="bbox 221 3816 1815 3894; baseline -0.005 -16"><span class='ocrx_word' id='word_1_500' title='bbox 221 3824 444 3889; x_wconf 72' lang='grc' dir='ltr'>εοντος.</span> <span class='ocrx_word' id='word_1_501' title='bbox 478 3823 726 3894; x_wconf 76' lang='grc' dir='ltr'>Μίμησαι</span> <span class='ocrx_word' id='word_1_502' title='bbox 748 3824 840 3877; x_wconf 79' lang='grc' dir='ltr'>τὸν</span> <span class='ocrx_word' id='word_1_503' title='bbox 868 3822 1100 3877; x_wconf 71' lang='grc' dir='ltr'>Αἰθίοπα</span> <span class='ocrx_word' id='word_1_504' title='bbox 1136 3822 1228 3878; x_wconf 82' lang='grc' dir='ltr'>τὸν</span> <span class='ocrx_word' id='word_1_505' title='bbox 1257 3821 1509 3892; x_wconf 76' lang='grc' dir='ltr'>εὐνοῦχον</span> <span class='ocrx_word' id='word_1_506' title='bbox 1536 3820 1636 3889; x_wconf 75' lang='grc' dir='ltr'>τῆς</span> <span class='ocrx_word' id='word_1_507' title='bbox 1664 3816 1815 3883; x_wconf 77' lang='grc' dir='ltr'>ζεού-</span> 
     </span>
    </p>
   </div>
   <div class='ocr_carea' id='block_1_72' title="bbox 227 3909 1813 3985">
    <p class='ocr_par' dir='ltr' id='par_1_72' title="bbox 227 3909 1813 3985">
     <span class='ocr_line' id='line_1_72' title="bbox 227 3909 1813 3985; baseline -0.004 -16"><span class='ocrx_word' id='word_1_508' title='bbox 227 3928 330 3985; x_wconf 66' lang='grc' dir='ltr'>σῃς</span> <span class='ocrx_word' id='word_1_509' title='bbox 355 3912 681 3982; x_wconf 68' lang='grc' dir='ltr'>ἐπιθυμίας.</span> <span class='ocrx_word' id='word_1_510' title='bbox 703 3913 809 3966; x_wconf 73' lang='grc' dir='ltr'><strong>Καὶ</strong></span> <span class='ocrx_word' id='word_1_511' title='bbox 836 3913 946 3985; x_wconf 75' lang='grc' dir='ltr'>γὰρ</span> <span class='ocrx_word' id='word_1_512' title='bbox 977 3909 1180 3976; x_wconf 74' lang='grc' dir='ltr'>ἐκεῖνος</span> <span class='ocrx_word' id='word_1_513' title='bbox 1208 3912 1395 3981; x_wconf 73' lang='grc' dir='ltr'>ἐπειδὴ</span> <span class='ocrx_word' id='word_1_514' title='bbox 1433 3910 1523 3964; x_wconf 70' lang='grc' dir='ltr'><strong>τὸν</strong></span> <span class='ocrx_word' id='word_1_515' title='bbox 1550 3909 1813 3962; x_wconf 78' lang='grc' dir='ltr'>Φίλιππον</span> 
     </span>
    </p>
   </div>
   <div class='ocr_carea' id='block_1_73' title="bbox 226 3998 1813 4076">
    <p class='ocr_par' dir='ltr' id='par_1_73' title="bbox 226 3998 1813 4076">
     <span class='ocr_line' id='line_1_73' title="bbox 226 3998 1813 4076; baseline -0.004 -18"><span class='ocrx_word' id='word_1_516' title='bbox 226 4003 622 4076; x_wconf 69' lang='grc' dir='ltr'>προσαχθέντα</span> <span class='ocrx_word' id='word_1_517' title='bbox 648 4003 790 4075; x_wconf 80' lang='grc' dir='ltr'>παρὰ</span> <span class='ocrx_word' id='word_1_518' title='bbox 813 4003 907 4057; x_wconf 79' lang='grc' dir='ltr'><strong>τοῦ</strong></span> <span class='ocrx_word' id='word_1_519' title='bbox 951 4002 1264 4075; x_wconf 85' lang='grc' dir='ltr'>Πνεύματος</span> <span class='ocrx_word' id='word_1_520' title='bbox 1307 4001 1558 4072; x_wconf 81' lang='grc' dir='ltr'>σύνεδρον</span> <span class='ocrx_word' id='word_1_521' title='bbox 1596 4000 1689 4052; x_wconf 76' lang='grc' dir='ltr'><strong>ἐπὶ</strong></span> <span class='ocrx_word' id='word_1_522' title='bbox 1719 3998 1813 4052; x_wconf 79' lang='grc' dir='ltr'>τοῦ</span> 
     </span>
    </p>
   </div>
   <div class='ocr_carea' id='block_1_74' title="bbox 222 4089 1816 4167">
    <p class='ocr_par' dir='ltr' id='par_1_74' title="bbox 222 4089 1816 4167">
     <span class='ocr_line' id='line_1_74' title="bbox 222 4089 1816 4167; baseline -0.005 -17"><span class='ocrx_word' id='word_1_523' title='bbox 222 4094 483 4167; x_wconf 65' lang='grc' dir='ltr'>ἅρματος</span> <span class='ocrx_word' id='word_1_524' title='bbox 528 4093 740 4160; x_wconf 72' lang='grc' dir='ltr'>ἔλασεν,</span> <span class='ocrx_word' id='word_1_525' title='bbox 787 4093 907 4149; x_wconf 80' lang='grc' dir='ltr'>ὁδοῦ</span> <span class='ocrx_word' id='word_1_526' title='bbox 940 4095 997 4148; x_wconf 77' lang='grc' dir='ltr'>δὲ</span> <span class='ocrx_word' id='word_1_527' title='bbox 1039 4095 1312 4165; x_wconf 85' lang='grc' dir='ltr'>πάρεργον</span> <span class='ocrx_word' id='word_1_528' title='bbox 1355 4092 1525 4163; x_wconf 77' lang='grc' dir='ltr'>ἔμαθε</span> <span class='ocrx_word' id='word_1_529' title='bbox 1577 4089 1652 4161; x_wconf 84' lang='grc' dir='ltr'>μὴ</span> <span class='ocrx_word' id='word_1_530' title='bbox 1686 4090 1816 4144; x_wconf 82' lang='grc' dir='ltr'>ἀνα-</span> 
     </span>
    </p>
   </div>
   <div class='ocr_carea' id='block_1_75' title="bbox 219 4179 1815 4256">
    <p class='ocr_par' dir='ltr' id='par_1_75' title="bbox 219 4179 1815 4256">
     <span class='ocr_line' id='line_1_75' title="bbox 219 4179 1815 4256; baseline -0.003 -17"><span class='ocrx_word' id='word_1_531' title='bbox 219 4186 525 4255; x_wconf 75' lang='grc' dir='ltr'>τινώσκειν</span> <span class='ocrx_word' id='word_1_532' title='bbox 576 4183 769 4256; x_wconf 83' lang='grc' dir='ltr'>μόνον,</span> <span class='ocrx_word' id='word_1_533' title='bbox 825 4184 961 4238; x_wconf 66' lang='grc' dir='ltr'>ἀλλὰ</span> <span class='ocrx_word' id='word_1_534' title='bbox 1018 4184 1111 4238; x_wconf 73' lang='grc' dir='ltr'>καὶ</span> <span class='ocrx_word' id='word_1_535' title='bbox 1164 4182 1452 4253; x_wconf 72' lang='grc' dir='ltr'>γινώσκειν</span> <span class='ocrx_word' id='word_1_536' title='bbox 1499 4182 1590 4236; x_wconf 78' lang='grc' dir='ltr'>τὸν</span> <span class='ocrx_word' id='word_1_537' title='bbox 1654 4179 1815 4248; x_wconf 71' lang='grc' dir='ltr'>σοφὸν</span> 
     </span>
    </p>
   </div>
   <div class='ocr_carea' id='block_1_76' title="bbox 229 4269 1814 4345">
    <p class='ocr_par' dir='ltr' id='par_1_76' title="bbox 229 4269 1814 4345">
     <span class='ocr_line' id='line_1_76' title="bbox 229 4269 1814 4345; baseline -0.006 -15"><span class='ocrx_word' id='word_1_538' title='bbox 229 4274 471 4330; x_wconf 71' lang='grc' dir='ltr'>Ἡσαΐαν</span> <span class='ocrx_word' id='word_1_539' title='bbox 492 4291 508 4306; x_wconf 87' lang='grc'><strong>·</strong></span> <span class='ocrx_word' id='word_1_540' title='bbox 559 4273 821 4344; x_wconf 67' lang='grc' dir='ltr'>ἐγεύσατο</span> <span class='ocrx_word' id='word_1_541' title='bbox 844 4274 900 4328; x_wconf 81' lang='grc' dir='ltr'>δὲ</span> <span class='ocrx_word' id='word_1_542' title='bbox 932 4274 1020 4328; x_wconf 85' lang='grc' dir='ltr'><strong>διά</strong></span> <span class='ocrx_word' id='word_1_543' title='bbox 1054 4273 1153 4343; x_wconf 81' lang='grc' dir='ltr'><strong>τῆς</strong></span> <span class='ocrx_word' id='word_1_544' title='bbox 1193 4272 1484 4345; x_wconf 79' lang='grc' dir='ltr'>ἑρμηνείας</span> <span class='ocrx_word' id='word_1_545' title='bbox 1505 4272 1593 4335; x_wconf 84' lang='grc' dir='ltr'><strong>ὡς</strong></span> <span class='ocrx_word' id='word_1_546' title='bbox 1612 4269 1814 4340; x_wconf 80' lang='grc' dir='ltr'>ἀγαθὸς</span> 
     </span>
    </p>
   </div>
   <div class='ocr_carea' id='block_1_77' title="bbox 1911 3100 3471 3171">
    <p class='ocr_par' dir='ltr' id='par_1_77' title="bbox 1911 3100 3471 3171">
     <span class='ocr_line' id='line_1_77' title="bbox 1911 3100 3471 3171; baseline 0.004 -18"><span class='ocrx_word' id='word_1_547' title='bbox 1911 3100 2299 3166; x_wconf 83' lang='lat' dir='ltr'><strong>conscnueris,</strong></span> <span class='ocrx_word' id='word_1_548' title='bbox 2350 3102 2531 3157; x_wconf 90' lang='lat' dir='ltr'><strong>adhuc</strong></span> <span class='ocrx_word' id='word_1_549' title='bbox 2582 3102 2824 3171; x_wconf 89' lang='lat' dir='ltr'><strong>ejiciaris</strong></span> <span class='ocrx_word' id='word_1_550' title='bbox 2863 3117 2989 3159; x_wconf 90' lang='lat' dir='ltr'><strong>cum</strong></span> <span class='ocrx_word' id='word_1_551' title='bbox 3029 3103 3471 3171; x_wconf 84' lang='lat' dir='ltr'><strong>catechumenis,</strong></span> 
     </span>
    </p>
   </div>
   <div class='ocr_carea' id='block_1_78' title="bbox 1916 3190 3475 3263">
    <p class='ocr_par' dir='ltr' id='par_1_78' title="bbox 1916 3190 3475 3263">
     <span class='ocr_line' id='line_1_78' title="bbox 1916 3190 3475 3263; baseline 0.003 -21"><span class='ocrx_word' id='word_1_552' title='bbox 1916 3198 2175 3260; x_wconf 82' lang='lat' dir='ltr'><strong>tanquam</strong></span> <span class='ocrx_word' id='word_1_553' title='bbox 2217 3190 2485 3260; x_wconf 86' lang='lat' dir='ltr'><strong>insipiens</strong></span> <span class='ocrx_word' id='word_1_554' title='bbox 2509 3193 2757 3261; x_wconf 89' lang='lat' dir='ltr'><strong>puellus,</strong></span> <span class='ocrx_word' id='word_1_555' title='bbox 2792 3197 2849 3247; x_wconf 90' lang='lat' dir='ltr'><strong>et</strong></span> <span class='ocrx_word' id='word_1_556' title='bbox 2869 3190 2964 3263; x_wconf 84' lang='lat' dir='ltr'><strong>qui</strong></span> <span class='ocrx_word' id='word_1_557' title='bbox 2984 3204 3199 3247; x_wconf 76' lang='lat' dir='ltr'><strong>arcana</strong></span> <span class='ocrx_word' id='word_1_558' title='bbox 3231 3206 3342 3247; x_wconf 90' lang='lat' dir='ltr'><strong>non</strong></span> <span class='ocrx_word' id='word_1_559' title='bbox 3375 3205 3475 3261; x_wconf 90' lang='lat' dir='ltr'><strong>po-</strong></span> 
     </span>
    </p>
   </div>
   <div class='ocr_carea' id='block_1_79' title="bbox 1912 3277 3473 3352">
    <p class='ocr_par' dir='ltr' id='par_1_79' title="bbox 1912 3277 3473 3352">
     <span class='ocr_line' id='line_1_79' title="bbox 1912 3277 3473 3352; baseline 0.004 -21"><span class='ocrx_word' id='word_1_560' title='bbox 1912 3284 2019 3332; x_wconf 74' lang='lat' dir='ltr'><strong>test</strong></span> <span class='ocrx_word' id='word_1_561' title='bbox 2058 3279 2271 3344; x_wconf 88' lang='lat' dir='ltr'><strong>celare,</strong></span> <span class='ocrx_word' id='word_1_562' title='bbox 2301 3293 2426 3333; x_wconf 91' lang='lat' dir='ltr'><strong>cum</strong></span> <span class='ocrx_word' id='word_1_563' title='bbox 2470 3278 2760 3336; x_wconf 89' lang='lat' dir='ltr'><strong>dicendum</strong></span> <span class='ocrx_word' id='word_1_564' title='bbox 2800 3278 2874 3334; x_wconf 93' lang='lat' dir='ltr'><strong>sit</strong></span> <span class='ocrx_word' id='word_1_565' title='bbox 2911 3279 3255 3352; x_wconf 84' lang='lat' dir='ltr'><strong>mysterium.</strong></span> <span class='ocrx_word' id='word_1_566' title='bbox 3298 3277 3473 3337; x_wconf 81' lang='lat' dir='ltr'><strong>Unire</strong></span> 
     </span>
    </p>
   </div>
   <div class='ocr_carea' id='block_1_80' title="bbox 1911 3368 3472 3439">
    <p class='ocr_par' dir='ltr' id='par_1_80' title="bbox 1911 3368 3472 3439">
     <span class='ocr_line' id='line_1_80' title="bbox 1911 3368 3472 3439; baseline 0.003 -21"><span class='ocrx_word' id='word_1_567' title='bbox 1911 3368 2111 3437; x_wconf 85' lang='lat' dir='ltr'><strong>populo</strong></span> <span class='ocrx_word' id='word_1_568' title='bbox 2142 3368 2379 3439; x_wconf 88' lang='lat' dir='ltr'><strong>mystico</strong></span> <span class='ocrx_word' id='word_1_569' title='bbox 2399 3407 2415 3433; x_wconf 92' lang='lat'><strong>,</strong></span> <span class='ocrx_word' id='word_1_570' title='bbox 2451 3375 2507 3424; x_wconf 88' lang='lat' dir='ltr'><strong>et</strong></span> <span class='ocrx_word' id='word_1_571' title='bbox 2552 3383 2784 3426; x_wconf 87' lang='lat' dir='ltr'><strong>arcanos</strong></span> <span class='ocrx_word' id='word_1_572' title='bbox 2813 3368 2966 3426; x_wconf 87' lang='lat' dir='ltr'><strong>disce</strong></span> <span class='ocrx_word' id='word_1_573' title='bbox 2998 3383 3304 3427; x_wconf 89' lang='lat' dir='ltr'><strong>sermones.</strong></span> <span class='ocrx_word' id='word_1_574' title='bbox 3345 3368 3472 3424; x_wconf 87' lang='lat' dir='ltr'><strong>Elo-</strong></span> 
     </span>
    </p>
   </div>
   <div class='ocr_carea' id='block_1_81' title="bbox 1912 3459 3471 3531">
    <p class='ocr_par' dir='ltr' id='par_1_81' title="bbox 1912 3459 3471 3531">
     <span class='ocr_line' id='line_1_81' title="bbox 1912 3459 3471 3531; baseline 0.002 -20"><span class='ocrx_word' id='word_1_575' title='bbox 1912 3475 2081 3528; x_wconf 88' lang='lat' dir='ltr'><strong>quere</strong></span> <span class='ocrx_word' id='word_1_576' title='bbox 2113 3460 2402 3517; x_wconf 87' lang='lat' dir='ltr'><strong>nobiscum</strong></span> <span class='ocrx_word' id='word_1_577' title='bbox 2432 3460 2524 3514; x_wconf 86' lang='lat' dir='ltr'><strong>illa</strong></span> <span class='ocrx_word' id='word_1_578' title='bbox 2547 3499 2564 3523; x_wconf 93' lang='lat'><strong>,</strong></span> <span class='ocrx_word' id='word_1_579' title='bbox 2598 3476 2720 3531; x_wconf 63' lang='lat' dir='ltr'><strong>quae</strong></span> <span class='ocrx_word' id='word_1_580' title='bbox 2748 3476 2842 3517; x_wconf 82' lang='lat' dir='ltr'><strong>sex</strong></span> <span class='ocrx_word' id='word_1_581' title='bbox 2875 3461 2993 3517; x_wconf 87' lang='lat' dir='ltr'><strong>alas</strong></span> <span class='ocrx_word' id='word_1_582' title='bbox 3019 3460 3277 3516; x_wconf 85' lang='lat' dir='ltr'><strong>habentia</strong></span> <span class='ocrx_word' id='word_1_583' title='bbox 3308 3459 3471 3516; x_wconf 85' lang='lat' dir='ltr'><strong>Sera-</strong></span> 
     </span>
    </p>
   </div>
   <div class='ocr_carea' id='block_1_82' title="bbox 1914 3548 3467 3623">
    <p class='ocr_par' dir='ltr' id='par_1_82' title="bbox 1914 3548 3467 3623">
     <span class='ocr_line' id='line_1_82' title="bbox 1914 3548 3467 3623; baseline 0.003 -20"><span class='ocrx_word' id='word_1_584' title='bbox 1914 3548 2061 3620; x_wconf 91' lang='lat' dir='ltr'><strong>phim</strong></span> <span class='ocrx_word' id='word_1_585' title='bbox 2090 3565 2215 3611; x_wconf 76' lang='lat' dir='ltr'><strong>cem</strong></span> <span class='ocrx_word' id='word_1_586' title='bbox 2242 3549 2497 3620; x_wconf 88' lang='lat' dir='ltr'><strong>perfectis</strong></span> <span class='ocrx_word' id='word_1_587' title='bbox 2524 3550 2856 3608; x_wconf 88' lang='lat' dir='ltr'><strong>Christianis</strong></span> <span class='ocrx_word' id='word_1_588' title='bbox 2889 3550 3083 3607; x_wconf 86' lang='lat' dir='ltr'><strong>dicunt</strong></span> <span class='ocrx_word' id='word_1_589' title='bbox 3111 3551 3343 3623; x_wconf 83' lang='lat' dir='ltr'><strong>hymnos</strong></span> <span class='ocrx_word' id='word_1_590' title='bbox 3370 3565 3467 3607; x_wconf 85' lang='lat' dir='ltr'><strong>ca-</strong></span> 
     </span>
    </p>
   </div>
   <div class='ocr_carea' id='block_1_83' title="bbox 1913 3640 3469 3712">
    <p class='ocr_par' dir='ltr' id='par_1_83' title="bbox 1913 3640 3469 3712">
     <span class='ocr_line' id='line_1_83' title="bbox 1913 3640 3469 3712; baseline 0.001 -19"><span class='ocrx_word' id='word_1_591' title='bbox 1913 3640 2120 3695; x_wconf 86' lang='lat' dir='ltr'><strong>nentia.</strong></span> <span class='ocrx_word' id='word_1_592' title='bbox 2176 3640 2432 3696; x_wconf 89' lang='lat' dir='ltr'><strong>Desidera</strong></span> <span class='ocrx_word' id='word_1_593' title='bbox 2486 3641 2667 3696; x_wconf 86' lang='lat' dir='ltr'><strong>cibum</strong></span> <span class='ocrx_word' id='word_1_594' title='bbox 2714 3642 2806 3712; x_wconf 89' lang='lat' dir='ltr'><strong>qui</strong></span> <span class='ocrx_word' id='word_1_595' title='bbox 2854 3641 3143 3697; x_wconf 85' lang='lat' dir='ltr'><strong>confirmat</strong></span> <span class='ocrx_word' id='word_1_596' title='bbox 3190 3640 3469 3707; x_wconf 89' lang='lat' dir='ltr'><strong>animam;</strong></span> 
     </span>
    </p>
   </div>
   <div class='ocr_carea' id='block_1_84' title="bbox 1912 3731 3468 3803">
    <p class='ocr_par' dir='ltr' id='par_1_84' title="bbox 1912 3731 3468 3803">
     <span class='ocr_line' id='line_1_84' title="bbox 1912 3731 3468 3803; baseline 0.001 -19"><span class='ocrx_word' id='word_1_597' title='bbox 1912 3739 2071 3801; x_wconf 87' lang='lat' dir='ltr'><strong>gusta</strong></span> <span class='ocrx_word' id='word_1_598' title='bbox 2116 3738 2301 3802; x_wconf 87' lang='lat' dir='ltr'><strong>potum</strong></span> <span class='ocrx_word' id='word_1_599' title='bbox 2350 3731 2440 3802; x_wconf 91' lang='lat' dir='ltr'><strong>qui</strong></span> <span class='ocrx_word' id='word_1_600' title='bbox 2485 3745 2583 3787; x_wconf 92' lang='lat' dir='ltr'><strong>cor</strong></span> <span class='ocrx_word' id='word_1_601' title='bbox 2611 3732 2916 3797; x_wconf 78' lang='lat' dir='ltr'><strong>exhilarat;</strong></span> <span class='ocrx_word' id='word_1_602' title='bbox 2955 3745 3077 3786; x_wconf 89' lang='lat' dir='ltr'><strong>ama</strong></span> <span class='ocrx_word' id='word_1_603' title='bbox 3114 3732 3468 3803; x_wconf 84' lang='lat' dir='ltr'><strong>mysterium,</strong></span> 
     </span>
    </p>
   </div>
   <div class='ocr_carea' id='block_1_85' title="bbox 1913 3818 3471 3892">
    <p class='ocr_par' dir='ltr' id='par_1_85' title="bbox 1913 3818 3471 3892">
     <span class='ocr_line' id='line_1_85' title="bbox 1913 3818 3471 3892; baseline 0.004 -21"><span class='ocrx_word' id='word_1_604' title='bbox 1913 3818 2055 3890; x_wconf 88' lang='lat' dir='ltr'><strong>quod</strong></span> <span class='ocrx_word' id='word_1_605' title='bbox 2084 3834 2150 3874; x_wconf 91' lang='lat' dir='ltr'><strong>eo</strong></span> <span class='ocrx_word' id='word_1_606' title='bbox 2184 3818 2363 3884; x_wconf 88' lang='lat' dir='ltr'><strong>modo,</strong></span> <span class='ocrx_word' id='word_1_607' title='bbox 2399 3820 2492 3890; x_wconf 87' lang='lat' dir='ltr'><strong>qui</strong></span> <span class='ocrx_word' id='word_1_608' title='bbox 2532 3835 2642 3875; x_wconf 90' lang='lat' dir='ltr'><strong>non</strong></span> <span class='ocrx_word' id='word_1_609' title='bbox 2672 3821 2818 3875; x_wconf 90' lang='lat' dir='ltr'><strong>cadit</strong></span> <span class='ocrx_word' id='word_1_610' title='bbox 2847 3820 2952 3877; x_wconf 87' lang='lat' dir='ltr'><strong>sub</strong></span> <span class='ocrx_word' id='word_1_611' title='bbox 2978 3828 3282 3892; x_wconf 88' lang='lat' dir='ltr'><strong>aspectum,</strong></span> <span class='ocrx_word' id='word_1_612' title='bbox 3320 3827 3471 3877; x_wconf 83' lang='lat' dir='ltr'><strong>vete-</strong></span> 
     </span>
    </p>
   </div>
   <div class='ocr_carea' id='block_1_86' title="bbox 1913 3910 3471 3985">
    <p class='ocr_par' dir='ltr' id='par_1_86' title="bbox 1913 3910 3471 3985">
     <span class='ocr_line' id='line_1_86' title="bbox 1913 3910 3471 3985; baseline 0.002 -20"><span class='ocrx_word' id='word_1_613' title='bbox 1913 3925 2004 3966; x_wconf 90' lang='lat' dir='ltr'><strong>res</strong></span> <span class='ocrx_word' id='word_1_614' title='bbox 2033 3911 2352 3967; x_wconf 88' lang='lat' dir='ltr'><strong>transmittit</strong></span> <span class='ocrx_word' id='word_1_615' title='bbox 2393 3913 2461 3968; x_wconf 90' lang='lat' dir='ltr'><strong>ad</strong></span> <span class='ocrx_word' id='word_1_616' title='bbox 2500 3911 2867 3982; x_wconf 86' lang='lat' dir='ltr'><strong>juventutem.</strong></span> <span class='ocrx_word' id='word_1_617' title='bbox 2899 3910 3122 3969; x_wconf 86' lang='lat' dir='ltr'><strong>Imitare</strong></span> <span class='ocrx_word' id='word_1_618' title='bbox 3152 3911 3471 3985; x_wconf 69' lang='lat' dir='ltr'><strong>)Ethiopem</strong></span> 
     </span>
    </p>
   </div>
   <div class='ocr_carea' id='block_1_87' title="bbox 1912 4000 3474 4074">
    <p class='ocr_par' dir='ltr' id='par_1_87' title="bbox 1912 4000 3474 4074">
     <span class='ocr_line' id='line_1_87' title="bbox 1912 4000 3474 4074; baseline -0.001 -17"><span class='ocrx_word' id='word_1_619' title='bbox 1912 4002 2224 4057; x_wconf 89' lang='lat' dir='ltr'><strong>eunuchum</strong></span> <span class='ocrx_word' id='word_1_620' title='bbox 2287 4000 2548 4059; x_wconf 84' lang='lat' dir='ltr'><strong>ferventis</strong></span> <span class='ocrx_word' id='word_1_621' title='bbox 2591 4001 2873 4060; x_wconf 88' lang='lat' dir='ltr'><strong>desiderii.</strong></span> <span class='ocrx_word' id='word_1_622' title='bbox 2913 4002 3129 4060; x_wconf 82' lang='lat' dir='ltr'><strong>Etenim</strong></span> <span class='ocrx_word' id='word_1_623' title='bbox 3179 4002 3271 4059; x_wconf 86' lang='lat' dir='ltr'><strong>ille</strong></span> <span class='ocrx_word' id='word_1_624' title='bbox 3318 4010 3474 4074; x_wconf 86' lang='lat' dir='ltr'><strong>post-</strong></span> 
     </span>
    </p>
   </div>
   <div class='ocr_carea' id='block_1_88' title="bbox 1914 4090 3472 4167">
    <p class='ocr_par' dir='ltr' id='par_1_88' title="bbox 1914 4090 3472 4167">
     <span class='ocr_line' id='line_1_88' title="bbox 1914 4090 3472 4167; baseline -0.001 -21"><span class='ocrx_word' id='word_1_625' title='bbox 1914 4106 2080 4167; x_wconf 87' lang='lat' dir='ltr'><strong>quam</strong></span> <span class='ocrx_word' id='word_1_626' title='bbox 2125 4091 2435 4163; x_wconf 88' lang='lat' dir='ltr'><strong>Philippum</strong></span> <span class='ocrx_word' id='word_1_627' title='bbox 2478 4106 2511 4146; x_wconf 89' lang='lat' dir='ltr'><strong>a</strong></span> <span class='ocrx_word' id='word_1_628' title='bbox 2556 4100 2748 4147; x_wconf 88' lang='lat' dir='ltr'><strong>sancto</strong></span> <span class='ocrx_word' id='word_1_629' title='bbox 2788 4090 3000 4161; x_wconf 87' lang='lat' dir='ltr'><strong>Spiritu</strong></span> <span class='ocrx_word' id='word_1_630' title='bbox 3039 4093 3335 4148; x_wconf 87' lang='lat' dir='ltr'><strong>adductum</strong></span> <span class='ocrx_word' id='word_1_631' title='bbox 3376 4107 3472 4146; x_wconf 81' lang='lat' dir='ltr'><strong>as-</strong></span> 
     </span>
    </p>
   </div>
   <div class='ocr_carea' id='block_1_89' title="bbox 1914 4176 3469 4252">
    <p class='ocr_par' dir='ltr' id='par_1_89' title="bbox 1914 4176 3469 4252">
     <span class='ocr_line' id='line_1_89' title="bbox 1914 4176 3469 4252; baseline -0.003 -14"><span class='ocrx_word' id='word_1_632' title='bbox 1914 4182 2150 4252; x_wconf 87' lang='lat' dir='ltr'><strong>sumpsit</strong></span> <span class='ocrx_word' id='word_1_633' title='bbox 2178 4182 2232 4236; x_wconf 92' lang='lat' dir='ltr'><strong>in</strong></span> <span class='ocrx_word' id='word_1_634' title='bbox 2261 4197 2429 4239; x_wconf 89' lang='lat' dir='ltr'><strong>curru</strong></span> <span class='ocrx_word' id='word_1_635' title='bbox 2459 4196 2838 4238; x_wconf 84' lang='lat' dir='ltr'><strong>consessorem</strong></span> <span class='ocrx_word' id='word_1_636' title='bbox 2862 4196 2880 4248; x_wconf 86' lang='lat'><strong>;</strong></span> <span class='ocrx_word' id='word_1_637' title='bbox 2905 4181 2963 4235; x_wconf 89' lang='lat' dir='ltr'><strong>in</strong></span> <span class='ocrx_word' id='word_1_638' title='bbox 2992 4181 3082 4237; x_wconf 88' lang='lat' dir='ltr'><strong>via</strong></span> <span class='ocrx_word' id='word_1_639' title='bbox 3110 4179 3290 4235; x_wconf 73' lang='lat' dir='ltr'><strong>autem</strong></span> <span class='ocrx_word' id='word_1_640' title='bbox 3322 4176 3469 4233; x_wconf 87' lang='lat' dir='ltr'><strong>aliud</strong></span> 
     </span>
    </p>
   </div>
   <div class='ocr_carea' id='block_1_90' title="bbox 1916 4266 3469 4342">
    <p class='ocr_par' dir='ltr' id='par_1_90' title="bbox 1916 4266 3469 4342">
     <span class='ocr_line' id='line_1_90' title="bbox 1916 4266 3469 4342; baseline -0.001 -15"><span class='ocrx_word' id='word_1_641' title='bbox 1916 4287 2117 4342; x_wconf 89' lang='lat' dir='ltr'><strong>agens,</strong></span> <span class='ocrx_word' id='word_1_642' title='bbox 2170 4286 2281 4327; x_wconf 90' lang='lat' dir='ltr'><strong>non</strong></span> <span class='ocrx_word' id='word_1_643' title='bbox 2331 4270 2747 4336; x_wconf 83' lang='lat' dir='ltr'><strong>animadvertit,</strong></span> <span class='ocrx_word' id='word_1_644' title='bbox 2811 4285 2871 4326; x_wconf 87' lang='lat' dir='ltr'><strong>se</strong></span> <span class='ocrx_word' id='word_1_645' title='bbox 2922 4270 3227 4342; x_wconf 87' lang='lat' dir='ltr'><strong>sapientem</strong></span> <span class='ocrx_word' id='word_1_646' title='bbox 3271 4266 3469 4326; x_wconf 86' lang='lat' dir='ltr'><strong>Isaiam</strong></span> 
     </span>
    </p>
   </div>
   <div class='ocr_carea' id='block_1_91' title="bbox 216 4338 1811 4437">
    <p class='ocr_par' dir='ltr' id='par_1_91' title="bbox 216 4338 1811 4437">
     <span class='ocr_line' id='line_1_91' title="bbox 216 4338 1811 4437; baseline -0.004 -18"><span class='ocrx_word' id='word_1_647' title='bbox 216 4366 441 4431; x_wconf 65' lang='grc' dir='ltr'>σκύλαξ</span> <span class='ocrx_word' id='word_1_648' title='bbox 463 4364 561 4420; x_wconf 75' lang='grc' dir='ltr'><strong>τοῦ</strong></span> <span class='ocrx_word' id='word_1_649' title='bbox 588 4338 820 4437; x_wconf 80' lang='grc' dir='ltr'>αἵματος</span> <span class='ocrx_word' id='word_1_650' title='bbox 859 4365 951 4419; x_wconf 79' lang='grc' dir='ltr'>καὶ</span> <span class='ocrx_word' id='word_1_651' title='bbox 986 4364 1081 4418; x_wconf 81' lang='grc' dir='ltr'><strong>τοῦ</strong></span> <span class='ocrx_word' id='word_1_652' title='bbox 1109 4338 1421 4435; x_wconf 66' lang='grc' dir='ltr'><strong>⁷σφαγέντος</strong></span> <span class='ocrx_word' id='word_1_653' title='bbox 1452 4358 1622 4434; x_wconf 73' lang='grc' dir='ltr'>ἀμνοῦ</span> <span class='ocrx_word' id='word_1_654' title='bbox 1640 4338 1671 4392; x_wconf 10' lang='grc' dir='ltr'><em>’ἡ</em></span> <span class='ocrx_word' id='word_1_655' title='bbox 1689 4377 1811 4430; x_wconf 83' lang='grc' dir='ltr'>σφο-</span> 
     </span>
    </p>
   </div>
   <div class='ocr_carea' id='block_1_92' title="bbox 1914 4338 3471 4437">
    <p class='ocr_par' dir='ltr' id='par_1_92' title="bbox 1918 4338 3471 4433">
     <span class='ocr_line' id='line_1_92' title="bbox 1918 4338 3471 4433; baseline -0.001 -16"><span class='ocrx_word' id='word_1_656' title='bbox 1918 4338 2027 4417; x_wconf 75' lang='lat' dir='ltr'><strong>non</strong></span> <span class='ocrx_word' id='word_1_657' title='bbox 2061 4362 2237 4418; x_wconf 91' lang='lat' dir='ltr'><strong>solum</strong></span> <span class='ocrx_word' id='word_1_658' title='bbox 2275 4362 2486 4433; x_wconf 84' lang='lat' dir='ltr'><strong>legere,</strong></span> <span class='ocrx_word' id='word_1_659' title='bbox 2519 4359 2615 4417; x_wconf 88' lang='lat' dir='ltr'><strong>sed</strong></span> <span class='ocrx_word' id='word_1_660' title='bbox 2646 4360 2812 4418; x_wconf 88' lang='lat' dir='ltr'><strong>etiam</strong></span> <span class='ocrx_word' id='word_1_661' title='bbox 2847 4338 3173 4431; x_wconf 84' lang='lat' dir='ltr'><strong>intelligere.</strong></span> <span class='ocrx_word' id='word_1_662' title='bbox 3215 4357 3471 4415; x_wconf 77' lang='lat' dir='ltr'><strong>Gttstavit</strong></span> 
     </span>
    </p>
   </div>
   <div class='ocr_carea' id='block_1_93' title="bbox 208 4446 1813 4526">
    <p class='ocr_par' dir='ltr' id='par_1_93' title="bbox 208 4446 1813 4526">
     <span class='ocr_line' id='line_1_93' title="bbox 208 4446 1813 4526; baseline -0.004 -16"><span class='ocrx_word' id='word_1_663' title='bbox 208 4457 369 4526; x_wconf 74' lang='grc' dir='ltr'><strong>δρῶς</strong></span> <span class='ocrx_word' id='word_1_664' title='bbox 390 4455 490 4513; x_wconf 80' lang='grc' dir='ltr'>τοῦ</span> <span class='ocrx_word' id='word_1_665' title='bbox 513 4455 778 4509; x_wconf 66' lang='grc' dir='ltr'>Φιλίππου</span> <span class='ocrx_word' id='word_1_666' title='bbox 807 4454 1233 4526; x_wconf 82' lang='grc' dir='ltr'>καθυλάκτησεν,</span> <span class='ocrx_word' id='word_1_667' title='bbox 1260 4452 1449 4524; x_wconf 83' lang='grc' dir='ltr'>μέχρις</span> <span class='ocrx_word' id='word_1_668' title='bbox 1468 4446 1529 4506; x_wconf 72' lang='grc' dir='ltr'>οὗ</span> <span class='ocrx_word' id='word_1_669' title='bbox 1553 4450 1687 4523; x_wconf 73' lang='grc' dir='ltr'>πρὸς</span> <span class='ocrx_word' id='word_1_670' title='bbox 1712 4450 1813 4519; x_wconf 75' lang='grc' dir='ltr'>τὴν</span> 
     </span>
    </p>
   </div>
   <div class='ocr_carea' id='block_1_94' title="bbox 204 4540 1813 4617">
    <p class='ocr_par' dir='ltr' id='par_1_94' title="bbox 204 4540 1813 4617">
     <span class='ocr_line' id='line_1_94' title="bbox 204 4540 1813 4617; baseline -0.006 -16"><span class='ocrx_word' id='word_1_671' title='bbox 204 4547 447 4601; x_wconf 68' lang='grc' dir='ltr'>τελείαν</span> <span class='ocrx_word' id='word_1_672' title='bbox 480 4545 645 4601; x_wconf 77' lang='grc' dir='ltr'>αὐτδν</span> <span class='ocrx_word' id='word_1_673' title='bbox 671 4545 847 4617; x_wconf 79' lang='grc' dir='ltr'>θήραν</span> <span class='ocrx_word' id='word_1_674' title='bbox 888 4547 990 4616; x_wconf 88' lang='grc' dir='ltr'>τῆς</span> <span class='ocrx_word' id='word_1_675' title='bbox 1033 4547 1091 4598; x_wconf 82' lang='grc' dir='ltr'>ὲν</span> <span class='ocrx_word' id='word_1_676' title='bbox 1134 4543 1291 4615; x_wconf 77' lang='grc' dir='ltr'>χερσὶ</span> <span class='ocrx_word' id='word_1_677' title='bbox 1318 4541 1647 4613; x_wconf 81' lang='grc' dir='ltr'>προφητείας</span> <span class='ocrx_word' id='word_1_678' title='bbox 1674 4540 1813 4611; x_wconf 83' lang='grc' dir='ltr'>ὡδή-</span> 
     </span>
    </p>
   </div>
   <div class='ocr_carea' id='block_1_95' title="bbox 208 4630 1809 4707">
    <p class='ocr_par' dir='ltr' id='par_1_95' title="bbox 208 4630 1809 4707">
     <span class='ocr_line' id='line_1_95' title="bbox 208 4630 1809 4707; baseline -0.007 -14"><span class='ocrx_word' id='word_1_679' title='bbox 208 4655 421 4707; x_wconf 63' lang='grc' dir='ltr'>γτιττφ</span> <span class='ocrx_word' id='word_1_680' title='bbox 454 4637 797 4707; x_wconf 62' lang='grc' dir='ltr'>αὐτοσχέδιον</span> <span class='ocrx_word' id='word_1_681' title='bbox 822 4636 878 4689; x_wconf 79' lang='grc' dir='ltr'>δὲ</span> <span class='ocrx_word' id='word_1_682' title='bbox 918 4637 979 4690; x_wconf 68' lang='grc' dir='ltr'><strong>τὸ</strong></span> <span class='ocrx_word' id='word_1_683' title='bbox 1024 4635 1305 4706; x_wconf 85' lang='grc' dir='ltr'>βάπτισμα</span> <span class='ocrx_word' id='word_1_684' title='bbox 1330 4634 1568 4704; x_wconf 77' lang='grc' dir='ltr'>ζητήσας</span> <span class='ocrx_word' id='word_1_685' title='bbox 1600 4630 1809 4696; x_wconf 74' lang='grc' dir='ltr'>ἐλαϐεν,</span> 
     </span>
    </p>
   </div>
   <div class='ocr_carea' id='block_1_96' title="bbox 205 4718 1810 4797">
    <p class='ocr_par' dir='ltr' id='par_1_96' title="bbox 205 4718 1810 4797">
     <span class='ocr_line' id='line_1_96' title="bbox 205 4718 1810 4797; baseline -0.007 -14"><span class='ocrx_word' id='word_1_686' title='bbox 205 4727 361 4783; x_wconf 69' lang='grc' dir='ltr'>οὔτε</span> <span class='ocrx_word' id='word_1_687' title='bbox 396 4727 752 4796; x_wconf 82' lang='grc' dir='ltr'>καταγωγίαν</span> <span class='ocrx_word' id='word_1_688' title='bbox 791 4727 1106 4797; x_wconf 81' lang='grc' dir='ltr'>ἀναμείνας,</span> <span class='ocrx_word' id='word_1_689' title='bbox 1135 4725 1259 4779; x_wconf 75' lang='grc' dir='ltr'>οὔτε</span> <span class='ocrx_word' id='word_1_690' title='bbox 1290 4725 1442 4777; x_wconf 83' lang='grc' dir='ltr'>πόλιν</span> <span class='ocrx_word' id='word_1_691' title='bbox 1473 4723 1506 4795; x_wconf 79' lang='grc' dir='ltr'><strong>ἧ</strong></span> <span class='ocrx_word' id='word_1_692' title='bbox 1536 4721 1748 4792; x_wconf 79' lang='grc' dir='ltr'>κώμην,</span> <span class='ocrx_word' id='word_1_693' title='bbox 1776 4718 1810 4790; x_wconf 74' lang='grc' dir='ltr'>ἦ</span> 
     </span>
    </p>
   </div>
   <div class='ocr_carea' id='block_1_97' title="bbox 202 4808 1817 4887">
    <p class='ocr_par' dir='ltr' id='par_1_97' title="bbox 202 4808 1817 4887">
     <span class='ocr_line' id='line_1_97' title="bbox 202 4808 1817 4887; baseline -0.007 -14"><span class='ocrx_word' id='word_1_694' title='bbox 202 4818 335 4874; x_wconf 68' lang='grc' dir='ltr'>τὸν</span> <span class='ocrx_word' id='word_1_695' title='bbox 370 4820 540 4872; x_wconf 75' lang='grc' dir='ltr'>τόπον</span> <span class='ocrx_word' id='word_1_696' title='bbox 580 4818 918 4887; x_wconf 81' lang='grc' dir='ltr'>ἁγιάσματος</span> <span class='ocrx_word' id='word_1_697' title='bbox 970 4816 1344 4887; x_wconf 72' lang='grc' dir='ltr'>ἐκδεξάμενος,</span> <span class='ocrx_word' id='word_1_698' title='bbox 1374 4815 1726 4883; x_wconf 81' lang='grc' dir='ltr'>λογισάμενος</span> <span class='ocrx_word' id='word_1_699' title='bbox 1759 4808 1817 4863; x_wconf 79' lang='grc' dir='ltr'>δὲ</span> 
     </span>
    </p>
   </div>
   <div class='ocr_carea' id='block_1_98' title="bbox 200 4900 1819 4980">
    <p class='ocr_par' dir='ltr' id='par_1_98' title="bbox 200 4900 1819 4980">
     <span class='ocr_line' id='line_1_98' title="bbox 200 4900 1819 4980; baseline -0.007 -16"><span class='ocrx_word' id='word_1_700' title='bbox 200 4911 557 4980; x_wconf 42' lang='lat' dir='ltr'><strong>conﬁne;</strong></span> <span class='ocrx_word' id='word_1_701' title='bbox 589 4911 671 4963; x_wconf 74' lang='grc' dir='ltr'>ὓτι</span> <span class='ocrx_word' id='word_1_702' title='bbox 714 4911 822 4972; x_wconf 78' lang='grc' dir='ltr'>πᾶς</span> <span class='ocrx_word' id='word_1_703' title='bbox 857 4908 1020 4972; x_wconf 83' lang='grc' dir='ltr'>τόπος</span> <span class='ocrx_word' id='word_1_704' title='bbox 1056 4907 1151 4963; x_wconf 74' lang='grc' dir='ltr'>τοῦ</span> <span class='ocrx_word' id='word_1_705' title='bbox 1188 4907 1368 4961; x_wconf 76' lang='grc' dir='ltr'>κοινοῦ</span> <span class='ocrx_word' id='word_1_706' title='bbox 1401 4904 1691 4967; x_wconf 78' lang='grc' dir='ltr'>Δεσπότου,</span> <span class='ocrx_word' id='word_1_707' title='bbox 1726 4900 1819 4954; x_wconf 75' lang='grc' dir='ltr'>καὶ</span> 
     </span>
    </p>
   </div>
   <div class='ocr_carea' id='block_1_99' title="bbox 194 4991 1817 5071">
    <p class='ocr_par' dir='ltr' id='par_1_99' title="bbox 194 4991 1817 5071">
     <span class='ocr_line' id='line_1_99' title="bbox 194 4991 1817 5071; baseline -0.006 -16"><span class='ocrx_word' id='word_1_708' title='bbox 194 5001 353 5055; x_wconf 68' lang='grc' dir='ltr'>’.τᾶν</span> <span class='ocrx_word' id='word_1_709' title='bbox 375 4998 522 5071; x_wconf 69' lang='grc' dir='ltr'>ὕδωρ</span> <span class='ocrx_word' id='word_1_710' title='bbox 546 4999 848 5069; x_wconf 75' lang='grc' dir='ltr'>ἐπιτήδειον</span> <span class='ocrx_word' id='word_1_711' title='bbox 876 5001 957 5061; x_wconf 89' lang='grc' dir='ltr'><strong>είς</strong></span> <span class='ocrx_word' id='word_1_712' title='bbox 978 4999 1075 5068; x_wconf 79' lang='grc' dir='ltr'>τὴν</span> <span class='ocrx_word' id='word_1_713' title='bbox 1100 4996 1194 5051; x_wconf 77' lang='grc' dir='ltr'>τοῦ</span> <span class='ocrx_word' id='word_1_714' title='bbox 1221 4995 1589 5067; x_wconf 83' lang='grc' dir='ltr'>βαπτίσματος</span> <span class='ocrx_word' id='word_1_715' title='bbox 1609 4991 1817 5065; x_wconf 81' lang='grc' dir='ltr'>χρείαν,</span> 
     </span>
    </p>
   </div>
   <div class='ocr_carea' id='block_1_100' title="bbox 194 5084 1817 5163">
    <p class='ocr_par' dir='ltr' id='par_1_100' title="bbox 194 5084 1817 5163">
     <span class='ocr_line' id='line_1_100' title="bbox 194 5084 1817 5163; baseline -0.006 -19"><span class='ocrx_word' id='word_1_716' title='bbox 194 5091 403 5163; x_wconf 70' lang='grc' dir='ltr'>μόνον</span> <span class='ocrx_word' id='word_1_717' title='bbox 434 5088 531 5142; x_wconf 73' lang='grc' dir='ltr'>ἐὰν</span> <span class='ocrx_word' id='word_1_718' title='bbox 561 5090 696 5161; x_wconf 67' lang='grc' dir='ltr'>εὕρῃ</span> <span class='ocrx_word' id='word_1_719' title='bbox 741 5089 922 5143; x_wconf 88' lang='grc' dir='ltr'>πίστιν</span> <span class='ocrx_word' id='word_1_720' title='bbox 963 5089 1057 5142; x_wconf 84' lang='grc' dir='ltr'><strong>τοῦ</strong></span> <span class='ocrx_word' id='word_1_721' title='bbox 1113 5089 1499 5158; x_wconf 76' lang='grc' dir='ltr'>λαμϐάνοντος,</span> <span class='ocrx_word' id='word_1_722' title='bbox 1533 5087 1624 5139; x_wconf 76' lang='grc' dir='ltr'>καὶ</span> <span class='ocrx_word' id='word_1_723' title='bbox 1667 5084 1817 5136; x_wconf 77' lang='grc' dir='ltr'>εὐλο-</span> 
     </span>
    </p>
   </div>
   <div class='ocr_carea' id='block_1_101' title="bbox 192 5174 1817 5251">
    <p class='ocr_par' dir='ltr' id='par_1_101' title="bbox 192 5174 1817 5251">
     <span class='ocr_line' id='line_1_101' title="bbox 192 5174 1817 5251; baseline -0.002 -20"><span class='ocrx_word' id='word_1_724' title='bbox 192 5182 366 5249; x_wconf 69' lang='grc' dir='ltr'>τίαν</span> <span class='ocrx_word' id='word_1_725' title='bbox 396 5177 492 5231; x_wconf 72' lang='grc' dir='ltr'>τοῦ</span> <span class='ocrx_word' id='word_1_726' title='bbox 525 5179 838 5248; x_wconf 71' lang='grc' dir='ltr'>άγιάζοντος</span> <span class='ocrx_word' id='word_1_727' title='bbox 876 5178 1082 5251; x_wconf 78' lang='grc' dir='ltr'>ἱερέως.</span> <span class='ocrx_word' id='word_1_728' title='bbox 1129 5178 1222 5249; x_wconf 78' lang='grc' dir='ltr'><strong>Μὴ</strong></span> <span class='ocrx_word' id='word_1_729' title='bbox 1256 5176 1560 5249; x_wconf 75' lang='grc' dir='ltr'>παροξύνῃς</span> <span class='ocrx_word' id='word_1_730' title='bbox 1594 5176 1683 5229; x_wconf 77' lang='grc' dir='ltr'>τὸν</span> <span class='ocrx_word' id='word_1_731' title='bbox 1721 5174 1817 5244; x_wconf 85' lang='grc' dir='ltr'><strong>βα-</strong></span> 
     </span>
    </p>
   </div>
   <div class='ocr_carea' id='block_1_102' title="bbox 196 5266 1814 5342">
    <p class='ocr_par' dir='ltr' id='par_1_102' title="bbox 196 5266 1814 5342">
     <span class='ocr_line' id='line_1_102' title="bbox 196 5266 1814 5342; baseline -0.005 -17"><span class='ocrx_word' id='word_1_732' title='bbox 196 5270 473 5339; x_wconf 68' lang='grc' dir='ltr'>πτιστήν</span> <span class='ocrx_word' id='word_1_733' title='bbox 522 5270 815 5340; x_wconf 76' lang='grc' dir='ltr'>βραδύνων,</span> <span class='ocrx_word' id='word_1_734' title='bbox 849 5271 983 5341; x_wconf 69' lang='grc' dir='ltr'>μηδὲ</span> <span class='ocrx_word' id='word_1_735' title='bbox 1021 5268 1360 5342; x_wconf 70' lang='grc' dir='ltr'>παροργίσῃς</span> <span class='ocrx_word' id='word_1_736' title='bbox 1405 5268 1564 5321; x_wconf 72' lang='grc' dir='ltr'>αὑτὸν</span> <span class='ocrx_word' id='word_1_737' title='bbox 1601 5266 1814 5336; x_wconf 76' lang='grc' dir='ltr'>ἡμέραν</span> 
     </span>
    </p>
   </div>
   <div class='ocr_carea' id='block_1_103' title="bbox 200 5354 1813 5431">
    <p class='ocr_par' dir='ltr' id='par_1_103' title="bbox 200 5354 1813 5431">
     <span class='ocr_line' id='line_1_103' title="bbox 200 5354 1813 5431; baseline -0.014 -4"><span class='ocrx_word' id='word_1_738' title='bbox 200 5360 271 5426; x_wconf 58' lang='grc' dir='ltr'>ἕξ</span> <span class='ocrx_word' id='word_1_739' title='bbox 326 5360 553 5431; x_wconf 62' lang='grc' dir='ltr'>ἡμέρας</span> <span class='ocrx_word' id='word_1_740' title='bbox 594 5359 1041 5430; x_wconf 69' lang='grc' dir='ltr'>ἀναϐαλλόμενος,</span> <span class='ocrx_word' id='word_1_741' title='bbox 1082 5360 1177 5413; x_wconf 74' lang='grc' dir='ltr'><strong>καί</strong></span> <span class='ocrx_word' id='word_1_742' title='bbox 1216 5357 1466 5411; x_wconf 67' lang='grc' dir='ltr'>δαπανῶν</span> <span class='ocrx_word' id='word_1_743' title='bbox 1496 5358 1552 5409; x_wconf 76' lang='grc' dir='ltr'>ὲν</span> <span class='ocrx_word' id='word_1_744' title='bbox 1584 5354 1813 5425; x_wconf 80' lang='grc' dir='ltr'>ὑποσχέ-</span> 
     </span>
    </p>
   </div>
   <div class='ocr_carea' id='block_1_104' title="bbox 1913 4449 3468 4522">
    <p class='ocr_par' dir='ltr' id='par_1_104' title="bbox 1913 4449 3468 4522">
     <span class='ocr_line' id='line_1_104' title="bbox 1913 4449 3468 4522; baseline -0.003 -18"><span class='ocrx_word' id='word_1_745' title='bbox 1913 4458 2095 4505; x_wconf 88' lang='lat' dir='ltr'><strong>autem</strong></span> <span class='ocrx_word' id='word_1_746' title='bbox 2131 4450 2634 4521; x_wconf 82' lang='lat' dir='ltr'><strong>interpretationem</strong></span> <span class='ocrx_word' id='word_1_747' title='bbox 2655 4489 2671 4516; x_wconf 94' lang='lat'><strong>,</strong></span> <span class='ocrx_word' id='word_1_748' title='bbox 2706 4459 2968 4522; x_wconf 87' lang='lat' dir='ltr'><strong>tanquam</strong></span> <span class='ocrx_word' id='word_1_749' title='bbox 2998 4449 3174 4509; x_wconf 85' lang='lat' dir='ltr'><strong>bonus</strong></span> <span class='ocrx_word' id='word_1_750' title='bbox 3211 4452 3430 4506; x_wconf 79' lang='lat' dir='ltr'><strong>catulus</strong></span> <span class='ocrx_word' id='word_1_751' title='bbox 3459 4484 3468 4494; x_wconf 86' lang='lat'><strong>.</strong></span> 
     </span>
    </p>
   </div>
   <div class='ocr_carea' id='block_1_105' title="bbox 1915 4541 3470 4613">
    <p class='ocr_par' dir='ltr' id='par_1_105' title="bbox 1915 4541 3470 4613">
     <span class='ocr_line' id='line_1_105' title="bbox 1915 4541 3470 4613; baseline 0.001 -16"><span class='ocrx_word' id='word_1_752' title='bbox 1915 4542 2200 4612; x_wconf 85' lang='lat' dir='ltr'><strong>sanguinis</strong></span> <span class='ocrx_word' id='word_1_753' title='bbox 2252 4549 2307 4598; x_wconf 91' lang='lat' dir='ltr'><strong>et</strong></span> <span class='ocrx_word' id='word_1_754' title='bbox 2356 4541 2481 4613; x_wconf 88' lang='lat' dir='ltr'><strong>agni</strong></span> <span class='ocrx_word' id='word_1_755' title='bbox 2534 4542 2739 4609; x_wconf 85' lang='lat' dir='ltr'><strong>occisi,</strong></span> <span class='ocrx_word' id='word_1_756' title='bbox 2798 4542 3151 4598; x_wconf 81' lang='lat' dir='ltr'><strong>vehementer</strong></span> <span class='ocrx_word' id='word_1_757' title='bbox 3194 4541 3470 4599; x_wconf 84' lang='lat' dir='ltr'><strong>allatravit</strong></span> 
     </span>
    </p>
   </div>
   <div class='ocr_carea' id='block_1_106' title="bbox 1913 4630 3475 4703">
    <p class='ocr_par' dir='ltr' id='par_1_106' title="bbox 1913 4630 3475 4703">
     <span class='ocr_line' id='line_1_106' title="bbox 1913 4630 3475 4703; baseline 0.001 -18"><span class='ocrx_word' id='word_1_758' title='bbox 1913 4630 2225 4703; x_wconf 78' lang='lat' dir='ltr'><strong>Philippum</strong></span> <span class='ocrx_word' id='word_1_759' title='bbox 2248 4672 2265 4696; x_wconf 91' lang='lat'><strong>,</strong></span> <span class='ocrx_word' id='word_1_760' title='bbox 2308 4631 2483 4687; x_wconf 88' lang='lat' dir='ltr'><strong>donec</strong></span> <span class='ocrx_word' id='word_1_761' title='bbox 2524 4647 2648 4688; x_wconf 90' lang='lat' dir='ltr'><strong>eum</strong></span> <span class='ocrx_word' id='word_1_762' title='bbox 2690 4632 2917 4688; x_wconf 80' lang='lat' dir='ltr'><strong>deduxit</strong></span> <span class='ocrx_word' id='word_1_763' title='bbox 2953 4632 3021 4687; x_wconf 92' lang='lat' dir='ltr'><strong>ad</strong></span> <span class='ocrx_word' id='word_1_764' title='bbox 3053 4631 3350 4702; x_wconf 86' lang='lat' dir='ltr'><strong>perfectam</strong></span> <span class='ocrx_word' id='word_1_765' title='bbox 3379 4646 3475 4687; x_wconf 78' lang='lat' dir='ltr'><strong>ve-</strong></span> 
     </span>
    </p>
   </div>
   <div class='ocr_carea' id='block_1_107' title="bbox 1916 4721 3470 4794">
    <p class='ocr_par' dir='ltr' id='par_1_107' title="bbox 1916 4721 3470 4794">
     <span class='ocr_line' id='line_1_107' title="bbox 1916 4721 3470 4794; baseline 0.001 -18"><span class='ocrx_word' id='word_1_766' title='bbox 1916 4722 2196 4777; x_wconf 91' lang='lat' dir='ltr'><strong>nationem</strong></span> <span class='ocrx_word' id='word_1_767' title='bbox 2229 4722 2564 4793; x_wconf 72' lang='lat' dir='ltr'><strong>prophetiaz,</strong></span> <span class='ocrx_word' id='word_1_768' title='bbox 2598 4739 2765 4794; x_wconf 88' lang='lat' dir='ltr'><strong>quam</strong></span> <span class='ocrx_word' id='word_1_769' title='bbox 2809 4723 3046 4779; x_wconf 85' lang='lat' dir='ltr'><strong>habebat</strong></span> <span class='ocrx_word' id='word_1_770' title='bbox 3087 4721 3146 4778; x_wconf 89' lang='lat' dir='ltr'><strong>in</strong></span> <span class='ocrx_word' id='word_1_771' title='bbox 3183 4721 3470 4791; x_wconf 80' lang='lat' dir='ltr'><strong>manibus,</strong></span> 
     </span>
    </p>
   </div>
   <div class='ocr_carea' id='block_1_108' title="bbox 1916 4812 3471 4887">
    <p class='ocr_par' dir='ltr' id='par_1_108' title="bbox 1916 4812 3471 4887">
     <span class='ocr_line' id='line_1_108' title="bbox 1916 4812 3471 4887; baseline 0.003 -20"><span class='ocrx_word' id='word_1_772' title='bbox 1916 4820 1971 4868; x_wconf 89' lang='lat' dir='ltr'><strong>et</strong></span> <span class='ocrx_word' id='word_1_773' title='bbox 2003 4812 2232 4870; x_wconf 90' lang='lat' dir='ltr'><strong>minime</strong></span> <span class='ocrx_word' id='word_1_774' title='bbox 2260 4829 2551 4887; x_wconf 84' lang='lat' dir='ltr'><strong>operosum</strong></span> <span class='ocrx_word' id='word_1_775' title='bbox 2587 4829 2617 4867; x_wconf 90' lang='lat' dir='ltr'><strong>a</strong></span> <span class='ocrx_word' id='word_1_776' title='bbox 2647 4830 2707 4871; x_wconf 89' lang='lat' dir='ltr'><strong>se</strong></span> <span class='ocrx_word' id='word_1_777' title='bbox 2738 4816 2962 4885; x_wconf 86' lang='lat' dir='ltr'><strong>petitum</strong></span> <span class='ocrx_word' id='word_1_778' title='bbox 3003 4813 3272 4884; x_wconf 87' lang='lat' dir='ltr'><strong>baptisma</strong></span> <span class='ocrx_word' id='word_1_779' title='bbox 3306 4827 3471 4871; x_wconf 84' lang='lat' dir='ltr'><strong>acce-</strong></span> 
     </span>
    </p>
   </div>
   <div class='ocr_carea' id='block_1_109' title="bbox 1916 4903 3470 4975">
    <p class='ocr_par' dir='ltr' id='par_1_109' title="bbox 1916 4903 3470 4975">
     <span class='ocr_line' id='line_1_109' title="bbox 1916 4903 3470 4975; baseline 0.001 -19"><span class='ocrx_word' id='word_1_780' title='bbox 1916 4904 1996 4974; x_wconf 90' lang='lat' dir='ltr'><strong>pit</strong></span> <span class='ocrx_word' id='word_1_781' title='bbox 2018 4942 2034 4968; x_wconf 93' lang='lat'><strong>,</strong></span> <span class='ocrx_word' id='word_1_782' title='bbox 2068 4919 2169 4960; x_wconf 91' lang='lat' dir='ltr'><strong>nec</strong></span> <span class='ocrx_word' id='word_1_783' title='bbox 2195 4915 2524 4975; x_wconf 81' lang='lat' dir='ltr'><strong>exspectans</strong></span> <span class='ocrx_word' id='word_1_784' title='bbox 2552 4904 2915 4959; x_wconf 86' lang='lat' dir='ltr'><strong>diversorium</strong></span> <span class='ocrx_word' id='word_1_785' title='bbox 2937 4944 2953 4966; x_wconf 89' lang='lat'><strong>.</strong></span> <span class='ocrx_word' id='word_1_786' title='bbox 2987 4918 3161 4973; x_wconf 87' lang='lat' dir='ltr'><strong>neque</strong></span> <span class='ocrx_word' id='word_1_787' title='bbox 3191 4903 3470 4960; x_wconf 80' lang='lat' dir='ltr'><strong>civitatem</strong></span> 
     </span>
    </p>
   </div>
   <div class='ocr_carea' id='block_1_110' title="bbox 1917 4980 3471 5062">
    <p class='ocr_par' dir='ltr' id='par_1_110' title="bbox 1917 4980 3471 5062">
     <span class='ocr_line' id='line_1_110' title="bbox 1917 4980 3471 5062; baseline -0.001 -17"><span class='ocrx_word' id='word_1_788' title='bbox 1917 4999 2011 5046; x_wconf 89' lang='lat' dir='ltr'><strong>aut</strong></span> <span class='ocrx_word' id='word_1_789' title='bbox 2037 4994 2217 5050; x_wconf 84' lang='lat' dir='ltr'><strong>vicum</strong></span> <span class='ocrx_word' id='word_1_790' title='bbox 2239 5032 2254 5057; x_wconf 96' lang='lat'><strong>,</strong></span> <span class='ocrx_word' id='word_1_791' title='bbox 2283 5000 2377 5048; x_wconf 88' lang='lat' dir='ltr'><strong>aut</strong></span> <span class='ocrx_word' id='word_1_792' title='bbox 2401 4980 2580 5048; x_wconf 80' lang='lat' dir='ltr'><strong>locum</strong></span> <span class='ocrx_word' id='word_1_793' title='bbox 2608 4991 3144 5055; x_wconf 82' lang='lat' dir='ltr'><strong>sanctificationis&quot;,</strong></span> <span class='ocrx_word' id='word_1_794' title='bbox 3178 4992 3471 5062; x_wconf 89' lang='lat' dir='ltr'><strong>prudenter</strong></span> 
     </span>
    </p>
   </div>
   <div class='ocr_carea' id='block_1_111' title="bbox 1919 5082 3473 5154">
    <p class='ocr_par' dir='ltr' id='par_1_111' title="bbox 1919 5082 3473 5154">
     <span class='ocr_line' id='line_1_111' title="bbox 1919 5082 3473 5154; baseline -0.002 -15"><span class='ocrx_word' id='word_1_795' title='bbox 1919 5094 2099 5139; x_wconf 86' lang='lat' dir='ltr'><strong>autem</strong></span> <span class='ocrx_word' id='word_1_796' title='bbox 2142 5094 2401 5154; x_wconf 88' lang='lat' dir='ltr'><strong>reputans</strong></span> <span class='ocrx_word' id='word_1_797' title='bbox 2448 5083 2592 5154; x_wconf 90' lang='lat' dir='ltr'><strong>quod</strong></span> <span class='ocrx_word' id='word_1_798' title='bbox 2638 5083 2815 5138; x_wconf 92' lang='lat' dir='ltr'><strong>omnis</strong></span> <span class='ocrx_word' id='word_1_799' title='bbox 2855 5083 3007 5137; x_wconf 88' lang='lat' dir='ltr'><strong>locus</strong></span> <span class='ocrx_word' id='word_1_800' title='bbox 3035 5089 3121 5137; x_wconf 90' lang='lat' dir='ltr'><strong>est</strong></span> <span class='ocrx_word' id='word_1_801' title='bbox 3164 5082 3473 5137; x_wconf 89' lang='lat' dir='ltr'><strong>communis</strong></span> 
     </span>
    </p>
   </div>
   <div class='ocr_carea' id='block_1_112' title="bbox 1924 5171 3472 5241">
    <p class='ocr_par' dir='ltr' id='par_1_112' title="bbox 1924 5171 3472 5241">
     <span class='ocr_line' id='line_1_112' title="bbox 1924 5171 3472 5241; baseline -0.003 -12"><span class='ocrx_word' id='word_1_802' title='bbox 1924 5176 2171 5240; x_wconf 87' lang='lat' dir='ltr'><strong>Domini,</strong></span> <span class='ocrx_word' id='word_1_803' title='bbox 2202 5185 2257 5230; x_wconf 89' lang='lat' dir='ltr'><strong>et</strong></span> <span class='ocrx_word' id='word_1_804' title='bbox 2295 5176 2474 5230; x_wconf 89' lang='lat' dir='ltr'><strong>omnis</strong></span> <span class='ocrx_word' id='word_1_805' title='bbox 2518 5188 2660 5241; x_wconf 86' lang='lat' dir='ltr'><strong>aqua</strong></span> <span class='ocrx_word' id='word_1_806' title='bbox 2700 5180 2782 5229; x_wconf 88' lang='lat' dir='ltr'><strong>est</strong></span> <span class='ocrx_word' id='word_1_807' title='bbox 2820 5181 2945 5241; x_wconf 88' lang='lat' dir='ltr'><strong>apta</strong></span> <span class='ocrx_word' id='word_1_808' title='bbox 2986 5172 3052 5225; x_wconf 87' lang='lat' dir='ltr'><strong>ad</strong></span> <span class='ocrx_word' id='word_1_809' title='bbox 3098 5187 3259 5226; x_wconf 90' lang='lat' dir='ltr'><strong>usum</strong></span> <span class='ocrx_word' id='word_1_810' title='bbox 3292 5171 3472 5241; x_wconf 80' lang='lat' dir='ltr'><strong>bapti-</strong></span> 
     </span>
    </p>
   </div>
   <div class='ocr_carea' id='block_1_113' title="bbox 1924 5259 3475 5331">
    <p class='ocr_par' dir='ltr' id='par_1_113' title="bbox 1924 5259 3475 5331">
     <span class='ocr_line' id='line_1_113' title="bbox 1924 5259 3475 5331; baseline -0.005 -9"><span class='ocrx_word' id='word_1_811' title='bbox 1924 5265 2148 5329; x_wconf 81' lang='lat' dir='ltr'><strong>sumtis,</strong></span> <span class='ocrx_word' id='word_1_812' title='bbox 2182 5265 2229 5319; x_wconf 89' lang='lat' dir='ltr'><strong>si</strong></span> <span class='ocrx_word' id='word_1_813' title='bbox 2266 5263 2425 5320; x_wconf 83' lang='lat' dir='ltr'><strong>modo</strong></span> <span class='ocrx_word' id='word_1_814' title='bbox 2457 5264 2720 5318; x_wconf 83' lang='lat' dir='ltr'><strong>invenerit</strong></span> <span class='ocrx_word' id='word_1_815' title='bbox 2762 5261 2919 5316; x_wconf 89' lang='lat' dir='ltr'><strong>fidem</strong></span> <span class='ocrx_word' id='word_1_816' title='bbox 2962 5262 3118 5331; x_wconf 87' lang='lat' dir='ltr'><strong>ejus.</strong></span> <span class='ocrx_word' id='word_1_817' title='bbox 3164 5259 3256 5330; x_wconf 90' lang='lat' dir='ltr'><strong>qui</strong></span> <span class='ocrx_word' id='word_1_818' title='bbox 3290 5259 3345 5313; x_wconf 92' lang='lat' dir='ltr'><strong>id</strong></span> <span class='ocrx_word' id='word_1_819' title='bbox 3382 5274 3475 5315; x_wconf 85' lang='lat' dir='ltr'><strong>ac-</strong></span> 
     </span>
    </p>
   </div>
   <div class='ocr_carea' id='block_1_114' title="bbox 1921 5349 3476 5428">
    <p class='ocr_par' dir='ltr' id='par_1_114' title="bbox 1921 5349 3476 5428">
     <span class='ocr_line' id='line_1_114' title="bbox 1921 5349 3476 5428; baseline -0.001 -17"><span class='ocrx_word' id='word_1_820' title='bbox 1921 5357 2094 5428; x_wconf 83' lang='lat' dir='ltr'><strong>cepit,</strong></span> <span class='ocrx_word' id='word_1_821' title='bbox 2132 5364 2187 5411; x_wconf 90' lang='lat' dir='ltr'><strong>et</strong></span> <span class='ocrx_word' id='word_1_822' title='bbox 2232 5355 2665 5411; x_wconf 87' lang='lat' dir='ltr'><strong>benedictionem</strong></span> <span class='ocrx_word' id='word_1_823' title='bbox 2710 5351 3012 5410; x_wconf 87' lang='lat' dir='ltr'><strong>sacerdotis</strong></span> <span class='ocrx_word' id='word_1_824' title='bbox 3055 5349 3476 5411; x_wconf 84' lang='lat' dir='ltr'><strong>sanctificantis.</strong></span> 
     </span>
    </p>
   </div>
   <div class='ocr_carea' id='block_1_115' title="bbox 288 5574 2488 5649">
    <p class='ocr_par' dir='ltr' id='par_1_115' title="bbox 288 5574 2488 5649">
     <span class='ocr_line' id='line_1_115' title="bbox 288 5574 2488 5649; baseline -0.005 -11"><span class='ocrx_word' id='word_1_825' title='bbox 288 5580 353 5615; x_wconf 71' lang='grc'><strong>³⁷</strong></span> <span class='ocrx_word' id='word_1_826' title='bbox 384 5579 529 5637; x_wconf 81' lang='lat' dir='ltr'><strong>Gen.</strong></span> <span class='ocrx_word' id='word_1_827' title='bbox 572 5595 692 5644; x_wconf 76' lang='lat' dir='ltr'><strong>vui,</strong></span> <span class='ocrx_word' id='word_1_828' title='bbox 724 5580 775 5646; x_wconf 79' lang='grc'>0,</span> <span class='ocrx_word' id='word_1_829' title='bbox 800 5581 851 5634; x_wconf 83' lang='lat'><strong>7.</strong></span> <span class='ocrx_word' id='word_1_830' title='bbox 924 5582 967 5615; x_wconf 75' lang='lat'>”</span> <span class='ocrx_word' id='word_1_831' title='bbox 996 5579 1179 5637; x_wconf 74' lang='lat' dir='ltr'><strong>Matth.</strong></span> <span class='ocrx_word' id='word_1_832' title='bbox 1212 5599 1292 5649; x_wconf 69' lang='lat' dir='ltr'><strong>In,</strong></span> <span class='ocrx_word' id='word_1_833' title='bbox 1330 5581 1425 5647; x_wconf 60' lang='grc' dir='ltr'><strong>υς</strong></span> <span class='ocrx_word' id='word_1_834' title='bbox 1460 5578 1621 5633; x_wconf 64' lang='lat' dir='ltr'><strong>Marc.</strong></span> <span class='ocrx_word' id='word_1_835' title='bbox 1659 5592 1695 5645; x_wconf 77' lang='grc' dir='ltr'><strong>ι,</strong></span> <span class='ocrx_word' id='word_1_836' title='bbox 1726 5575 1807 5631; x_wconf 86' lang='lat' dir='ltr'><strong>l0.</strong></span> <span class='ocrx_word' id='word_1_837' title='bbox 1885 5577 1927 5610; x_wconf 79' lang='grc'><strong>¹⁹</strong></span> <span class='ocrx_word' id='word_1_838' title='bbox 1956 5575 2070 5630; x_wconf 75' lang='lat' dir='ltr'><strong>Act.</strong></span> <span class='ocrx_word' id='word_1_839' title='bbox 2117 5591 2231 5639; x_wconf 71' lang='lat' dir='ltr'><strong>rm,</strong></span> <span class='ocrx_word' id='word_1_840' title='bbox 2272 5574 2338 5628; x_wconf 58' lang='lat' dir='ltr'><strong>Q7</strong></span> <span class='ocrx_word' id='word_1_841' title='bbox 2367 5591 2488 5646; x_wconf 82' lang='lat' dir='ltr'><strong>sqq.</strong></span> 
     </span>
    </p>
   </div>
  </div>
