3896 6204
392 357 502 416 ιεε

1660 337 1721 394 S.
1751 333 2080 394 GREGORII
2120 328 2409 392 NYSSENI

3550 324 3674 382 ζει

394 472 519 529 Noli
569 467 739 525 nimis
788 462 1062 521 tardando
1112 460 1336 517 irritare
1382 456 1819 529 baptizatorem,
1874 470 1973 511 nec

2106 473 2195 510 ἐσι
2234 454 2327 509 τὸν
2377 452 2567 526 ῥέοντα
2609 448 2831 522 χρόνον,
2879 444 3089 520 μήποτέ
3143 461 3239 498 σου
3284 443 3402 506 ταῖς
3448 444 3676 514 ὁμοίαις

395 577 525 619 eum
555 559 623 615 ad
654 560 791 613 iram
823 568 1128 627 provocare
1148 595 1163 619 ,
1198 552 1343 608 diem
1374 549 1443 605 de
1478 549 1567 604 die
1598 547 1892 609 dill‘erens,
1923 553 1979 601 et

398 661 617 722 tempus
646 647 796 720 quod
826 644 998 702 eflluit
1024 647 1081 699 in
1107 642 1401 714 promissis
1435 652 1770 695 consumens
1788 677 1802 702 ,
1827 652 1899 692 ne
1928 644 1981 693 te

400 746 597 803 iisdem
628 741 863 797 vocibus
905 738 1228 799 insectetur,
1264 734 1465 805 quibus
1493 730 1763 794 Joannes,
1805 739 1857 784 te
1904 726 1982 783 fe-

400 847 517 892 tum
547 835 748 904 viperae
776 829 1068 885 nominans
1095 828 1168 894 ³⁸,
1193 835 1248 881 et
1277 823 1503 880 surdam
1533 820 1778 891 aspidem
1797 860 1816 885 ,
1861 833 1982 890 quin

400 928 667 983 efferatur
695 924 764 979 ad
795 936 986 977 vocem
1016 915 1477 982 incantatoris“;
1510 913 1595 968 vel
1624 921 1866 976 acutam,
1899 911 1981 966 vel

401 1019 778 1090 splendentem
806 1015 907 1071 tibi
935 1010 1189 1069 ostendat
1230 1005 1489 1070 securim,
1516 1006 1674 1060 sitam
1696 1004 1854 1074 juxta
1896 1017 1985 1056 ar-

404 1111 593 1166 borem
632 1116 688 1164 et
742 1108 1043 1162 minantem
1072 1098 1500 1170 amputationem
1526 1094 1594 1148 ³¹.
1627 1093 1687 1148 ln
1719 1093 1986 1150 electione

404 1205 675 1258 malorum
723 1200 899 1271 magis
944 1204 1031 1252 est
1078 1192 1422 1265 eligendum,
1468 1199 1523 1245 ut
1569 1189 1693 1263 quis
1746 1187 1987 1242 salutare

407 1296 689 1349 lavacrum
726 1297 1021 1344 assecutus
1045 1323 1060 1349 ,
1095 1296 1295 1338 rursus
1328 1281 1402 1336 sit
1433 1280 1485 1334 in
1522 1287 1748 1349 peccato
1770 1317 1785 1341 ,
1822 1290 1985 1347 quam

407 1397 466 1441 ut
499 1384 690 1455 gratiae
722 1394 920 1450 expers
950 1379 1117 1431 vitam
1156 1373 1331 1427 finiat.
1369 1370 1503 1424 Nam
1542 1379 1827 1440 peccatum
1860 1366 1988 1437 qui-

407 1479 529 1533 dem
560 1474 774 1530 veniam
804 1471 1041 1525 fortasse
1066 1474 1457 1534 consequetur,
1484 1471 1578 1516 aut
1602 1460 1952 1515 clementiam
1970 1498 1985 1522 ,

407 1571 569 1638 cujus
618 1579 814 1637 magna
854 1572 939 1618 est
974 1576 1102 1631 spes
1149 1558 1298 1629 apud
1344 1557 1558 1618 bonos;
1604 1553 1762 1607 alteri
1805 1557 1989 1604 autem

407 1670 495 1718 est
530 1659 756 1714 omnino
799 1654 965 1710 vetita
1010 1652 1161 1706 salus
1203 1664 1271 1704 ex
1313 1653 1465 1702 certa
1509 1652 1564 1700 et
1609 1642 1833 1699 deﬁnita
1866 1656 1993 1695 sen-

408 1753 607 1808 tentia.
650 1747 785 1803 Nam
828 1760 956 1800 eum
996 1741 1222 1797 audiero
1263 1754 1449 1794 vocem
1481 1751 1605 1808 qua:
1640 1750 1750 1790 non
1788 1732 1988 1787 menti-

2080 552 2286 623 φωναῖς
2325 547 2572 602 Ἰωάννου
2618 542 2929 613 καθίκηται,
2976 537 3224 609 γέννημά
3269 552 3329 588 σε
3382 534 3677 606 ὀνομάζων

2080 645 2313 716 ἐχίδνης,
2344 642 2377 713 ἢ
2414 639 2613 695 ἀσπίδα
2655 636 2865 707 κωφὴν,
2914 631 3051 703 πρὸς
3076 631 3178 704 τὴν
3215 628 3399 702 φωνὴν
3432 628 3527 682 τοῦ
3563 630 3678 680 ἐπ-

2080 735 2297 807 ᾴδοντος
2330 729 2737 802 ἀγριαίνουσαν,
2768 727 2802 798 ἢ
2844 724 2942 797 τὴν
2988 721 3176 793 ἀξίνην
3210 737 3294 774 σοι
3329 719 3478 790 δείξῃ
3509 718 3680 789 τεθη-

2081 822 2288 894 γμένην
2337 821 2431 873 καὶ
2487 816 2824 881 στίλϐουσαν,
2873 811 3287 885 παρακειμένην
3326 810 3404 881 τῷ
3443 809 3676 880 δένδρῳ,

2083 912 2178 966 καὶ
2227 910 2325 981 τὴν
2371 909 2543 979 τομὴν
2581 905 2932 962 ἀπειλοῦσαν.
2974 902 3341 977 Αἰρετώτερον
3380 904 3438 956 ἐν
3486 902 3676 955 κακῶν

2085 1004 2283 1074 ἐκλογῇ
2320 999 2619 1066 ἀξιωθέντα
2659 997 2781 1053 τινά
2808 997 2900 1052 τοῦ
2933 996 3202 1067 σωτηρίου
3249 993 3501 1066 λουτροῦ,
3527 994 3677 1063 γενέ-

2087 1094 2209 1148 σθαι
2246 1091 2407 1146 πάλιν
2447 1091 2505 1143 ἐν
2542 1087 2980 1161 ἀμαρτήματι,ἢ
3019 1088 3117 1158 τῆς
3156 1084 3373 1156 χάριτος
3406 1085 3679 1154 ἀμέτοχον

2087 1183 2410 1253 τελευτῆσαι
2459 1180 2552 1234 τὸν
2597 1180 2727 1251 βίον.
2770 1178 2844 1232 To
2880 1178 2979 1250 μὲν
3026 1177 3134 1248 γὰρ
3169 1174 3545 1247 πλημμέλημα
3584 1191 3683 1227 τυ-

2086 1277 2181 1348 χδν
2229 1275 2322 1328 καὶ
2376 1272 2702 1343 συγγνώμης
2751 1270 2782 1342 ἢ
2827 1268 3235 1341 φιλανθρωπίας
3288 1266 3677 1336 ἀξιωθήσεται,

2090 1365 2155 1440 ἧς
2206 1366 2374 1438 πολλὴ
2429 1366 2581 1438 ποιρά
2619 1364 2728 1418 τῶν
2771 1362 2990 1431 ἀγαθῶν
3020 1361 3203 1424 ἐλπίςο
3256 1358 3320 1413 τδ
3365 1359 3422 1412 δὲ
3465 1358 3677 1412 παντά-

2090 1476 2259 1512 πασιν
2306 1457 2765 1530 ἀπηγορευμένην
2812 1455 2956 1526 ἔχειν
3008 1454 3107 1525 τὴν
3137 1453 3410 1525 σωτηρίαν
3442 1450 3503 1515 ἐξ
3539 1451 3683 1502 ἀπο-

2092 1551 2311 1621 φάσεως
2343 1549 2682 1622 ὡρισμένης·
2718 1548 2844 1601 ὃταν
2885 1545 2993 1619 γὰρ
3036 1544 3253 1600 ἀκούσω
3285 1547 3382 1616 τῆς
3418 1541 3683 1612 ἀψευδοῦς

2091 1641 2274 1713 φωνῆς
2318 1641 2613 1712 λεγούσης,
2650 1658 2671 1691 ί
2714 1638 2906 1709 Ἀμὴν,
2941 1637 3088 1708 ἀμὴν
3127 1635 3271 1702 λέγω
3312 1649 3425 1687 σοι’
3462 1634 3558 1685 ἐᾷν
3606 1632 3681 1702 μή

2091 1750 2175 1797 τις
2202 1731 2435 1803 γεννηθῇ
2485 1730 2711 1793 ἄνωθεν,
2746 1730 2807 1782 οὐ
2839 1728 3060 1783 δύναται
3109 1726 3238 1780 ἰδεῖν
3282 1724 3379 1796 τὴν
3404 1723 3683 1796 βασιλείαν

410 1850 526 1907 tur,
554 1842 826 1896 dicentem
854 1855 867 1890 :
894 1854 913 1887 ι
939 1835 1143 1897 Amen,
1167 1848 1325 1888 amen
1346 1832 1475 1887 dico
1492 1830 1650 1884 vobis
1686 1846 1699 1882 :
1730 1827 1838 1883 nisi
1866 1826 1992 1896 quis

2106 1823 2188 1879 τοῦ
2222 1824 2377 1889 Θεοῦ,
2421 1843 2439 1877 ι
2476 1823 2627 1877 οὐδὲν
2653 1822 2883 1893 δύναμαι
2915 1823 3027 1884 τοῖς
3069 1820 3333 1890 ἀμυήτοις
3376 1816 3684 1887 προσδοκῆ-

411 1944 581 1991 natus
625 1931 794 1985 fuerit
834 1928 1093 1997 desuper,
1139 1938 1251 1979 non
1297 1929 1478 1994 potest
1522 1921 1712 1976 videre
1760 1932 1988 1989 regnum

413 2024 510 2080 Dei
542 2024 611 2088 ³³,
642 2042 662 2074 ι
692 2021 829 2075 nihil
862 2019 991 2073 boni
1026 2030 1250 2086 possum
1283 2022 1607 2085 exspectare
1642 2012 1710 2067 iis
1740 2011 1833 2081 qui
1871 2024 1990 2080 my-

411 2115 599 2172 steriis
648 2126 758 2167 non
805 2119 935 2166 sunt
981 2107 1203 2162 initiati.
1252 2104 1559 2172 Quamnam
1604 2102 1752 2157 enim
1800 2112 1993 2155 revera

413 2205 629 2263 veniam
668 2215 884 2271 aequum
929 2205 1016 2253 est
1056 2199 1137 2251 eis
1183 2194 1490 2265 impertiri,
1533 2192 1628 2263 qui
1680 2191 1825 2263 regis
1870 2205 1995 2261 gra-

415 2299 548 2353 tiam
602 2293 907 2348 aﬂecernnt
948 2287 1311 2348 contumelia,
1357 2285 1484 2340 reris
1527 2284 1697 2339 alieni
1742 2298 1851 2337 non
1900 2281 1998 2335 ad-

417 2390 698 2443 mittentes
727 2380 1116 2438 rescissionem
1139 2418 1153 2442 ,
1198 2393 1303 2432 nec
1334 2376 1726 2445 amplectentes
1770 2374 1998 2427 liberta-

414 2487 567 2545 tem,
608 2490 734 2547 quae
763 2487 862 2529 sua
892 2479 1091 2543 sponte
1138 2470 1207 2524 ad
1255 2483 1353 2524 eos
1394 2483 1425 2523 e
1485 2466 1628 2521 coelo
1669 2463 1993 2529 descendit,

416 2586 517 2644 per
566 2568 698 2625 doni
744 2574 925 2621 autem
974 2569 1388 2630 contemptum,
1437 2574 1564 2615 eum
1617 2556 1712 2627 qui
1760 2554 1994 2610 donavit

418 2663 623 2736 probro
638 2669 694 2716 et
712 2658 984 2715 dedecore
1017 2652 1353 2710 allicientes?
1385 2651 1637 2705 Animam
1674 2648 1896 2703 minime
1931 2647 2000 2701 il-

421 2754 765 2813 luminatam,
798 2759 853 2804 et
881 2744 1318 2818 regenerationis
1351 2743 1527 2813 gratia
1565 2755 1677 2795 non
1708 2751 1959 2794 ornatam
1980 2776 1996 2802 ,

421 2846 617 2907 nescio
645 2859 714 2896 an
744 2840 923 2911 angeli
950 2836 1293 2906 suscipiant,
1319 2841 1613 2903 postquam
1638 2830 1803 2885 fuerit
1824 2844 1855 2881 a
1879 2845 2001 2884 cor-

423 2949 557 3008 pore
586 2938 860 3002 separata.
912 2924 1200 2993 Quomodo
1229 2922 1410 2987 enim,
1444 2936 1569 2975 cum
1603 2936 1716 2975 non
1748 2919 1822 2975 sit
1851 2917 2001 2972 obsi-

421 3034 620 3100 gnata,
655 3036 757 3078 nec
790 3021 963 3076 ullum
1002 3017 1144 3072 ferat
1192 3016 1410 3084 signum
1460 3013 1547 3068 sui
1590 3011 1842 3068 Domini?
1888 3009 2000 3064 Ima

422 3129 512 3178 est
541 3115 848 3174 verisimile
874 3127 973 3184 per
1004 3124 1185 3165 aerem
1219 3107 1353 3163 ferri
1389 3112 1669 3162 errantem
1711 3111 1766 3159 et
1795 3117 2001 3173 vagan-

2099 1936 2187 1973 σαι
2235 1916 2489 1989 χρηστόν.
2543 1914 2699 1977 Τίνος
2734 1914 2844 1985 γὰρ
2890 1912 3058 1976 ὅντως
3108 1909 3434 1980 συγγνώμης
3472 1909 3685 1962 δίκαιον

2097 2012 2209 2074 τοῖς
2246 2007 2505 2070 τοιούτοις
2540 2004 2899 2077 μεταδιδόναι,
2945 2004 2995 2057 οἳ
3043 2002 3144 2073 τὴν
3193 1999 3474 2071 βασιλικὴν
3521 1999 3689 2070 χάριν

2099 2097 2409 2169 ἐνύϐρισαν,
2442 2095 2517 2167 μὴ
2545 2092 2826 2164 δεξάμενοι
2865 2091 2966 2156 τάς
3015 2088 3301 2152 ἀποκοπὰς
3336 2088 3443 2141 τῶν
3477 2087 3690 2157 χρεῶν,

2103 2188 2237 2260 μηδὲ
2264 2186 2739 2259 προσκυνήσαντες
2762 2184 2861 2255 τὴν
2890 2181 3200 2253 ἐλευθερίαν
3235 2182 3330 2233 καὶ
3361 2178 3695 2248 ἀσπασάμε-

2100 2298 2202 2343 νοι,
2250 2280 2689 2349 αὐτεπάγγελτον
2723 2278 2858 2351 πρὸς
2910 2277 3107 2339 αὐτοὺς
3140 2272 3397 2328 ἐλθοῦσαν
3424 2272 3483 2338 ἐξ
3512 2273 3697 2344 οὐρα-

2100 2374 2208 2428 νῶν
2226 2390 2240 2404 ·
2267 2373 2357 2427 διά
2385 2373 2443 2427 δὲ
2471 2374 2569 2442 τῆς
2610 2372 3064 2443 καταφρονήσεως
3095 2367 3188 2423 τοῦ
3219 2367 3411 2440 δώρου,
3452 2367 3543 2419 τὸν
3581 2366 3700 2418 δω-

2106 2467 2413 2538 ρησάμενον
2459 2466 2862 2537 ἀτιμάσαντεςς
2913 2462 3105 2534 Ψυχὴν
3139 2461 3436 2531 ἀφώτιστον
3466 2458 3564 2511 καὶ
3622 2460 3697 2528 τῇ

2103 2557 2284 2628 χάριτι
2310 2556 2409 2627 τῆς
2437 2555 2851 2625 παλιγγενεσίας
2885 2554 2960 2625 μὴ
2996 2550 3382 2622 κοσμηθεῖσαν,
3420 2549 3519 2601 οὐκ
3563 2542 3700 2599 οἶδα

2102 2649 2224 2703 οὐδὲ
2269 2649 2318 2701 εί
2377 2648 2596 2718 ἄγγελοι
2650 2645 2789 2719 μετά
2839 2645 2932 2700 τὸν
2979 2642 3253 2716 χωρισμὸν
3288 2642 3381 2695 τοῦ
3431 2638 3702 2709 σώματος

2104 2741 2475 2811 ὑποδέχονται.
2512 2739 2636 2804 Πῶς
2671 2740 2781 2812 γάρ
2820 2737 2918 2810 τὴν
2960 2736 3350 2808 ἀσφράγιστον,
3382 2733 3478 2804 τὴν
3513 2730 3705 2803 μηδὲν

2103 2832 2205 2902 τῆς
2224 2832 2539 2897 δεσποτείας
2560 2831 2828 2902 ἐπίσημον
2855 2830 3125 2901 φέρουσαν
3145 2844 3159 2894 ;
3181 2823 3258 2881 Ἦ
3283 2825 3424 2889 είκδς
3450 2822 3707 2893 ἐμφέρε-

2107 2916 2229 2971 σθαι
2262 2917 2342 2989 τῷ
2369 2917 2491 2990 ἀέρι
2526 2918 2881 2988 πλανωμένην
2912 2917 3005 2970 καὶ
3024 2915 3407 2988 ἀλητεύουσαν,
3436 2913 3527 2967 καὶ
3556 2912 3709 2985 ἀζή-

2104 3025 2289 3081 τητον,
2316 3007 2392 3072 ὡς
2421 3008 2714 3062 ἀδέσποτον
2732 3024 2746 3039 ·
2795 3006 3164 3078 ἐπιθυμοῦσαν
3206 3003 3562 3066 ἀναπαύσεως
3593 3003 3704 3056 καὶ

2111 3100 2299 3171 μονῆς,
2326 3100 2419 3154 καὶ
2449 3101 2523 3172 μὴ
2555 3100 2912 3172 εὑρίσκουσαν
2945 3096 3273 3169 ὀδυρομένην
3304 3096 3551 3166 ἀνόνητα,
3595 3094 3711 3147 καὶ

425 3222 560 3277 tem,
589 3218 645 3266 et
673 3181 902 3261 minime
930 3202 1241 3274 qumsitam,
1277 3206 1338 3254 ut
1371 3211 1494 3268 qua:
1525 3195 1755 3249 Domino
1793 3199 2001 3257 careat,

2110 3191 2557 3263 μεταμελομένην
2610 3193 2898 3263 ἄπρακτα’
2944 3190 3134 3261 ὁμοίαν
3172 3187 3250 3260 τῷ
3299 3186 3573 3257 πλουσίῳ,
3638 3185 3709 3240 ἓν

423 3308 759 3377 querentem
789 3296 1032 3368 quietem
1062 3303 1117 3348 et
1149 3292 1329 3347 locum
1352 3329 1367 3353 ,
1406 3289 1459 3342 in
1494 3302 1605 3358 quo
1648 3291 1905 3347 maneat,
1947 3292 2003 3338 et

425 3409 538 3451 non
570 3389 977 3453 invenientem,
1027 3383 1235 3440 frustra
1284 3379 1575 3436 deflentem
1624 3384 1680 3433 et
1729 3377 2002 3431 inutiliter

427 3486 823 3559 prenitentem,
860 3493 968 3535 non
1002 3491 1163 3533 secus
1200 3483 1364 3543 atque
1394 3470 1618 3525 divitem
1654 3467 1750 3538 qui
1805 3467 1999 3521 indue-

2109 3284 2392 3356 πορφύρα,
2441 3286 2535 3338 καὶ
2569 3283 2763 3355 βύσσος
2791 3283 3066 3354 ἡμφίαζεν
3089 3324 3104 3347 ,
3146 3282 3325 3354 τρυφὴ
3355 3280 3410 3334 δέ
3460 3281 3709 3333 παίω-τοία

2107 3377 2203 3432 καί¹
2233 3377 2532 3441 ἀπόλαυσις
2579 3375 2917 3448 ἁϐροδίαιτος
2958 3375 3201 3447 ἔτρεφεν,
3237 3373 3365 3444 ὓλην
3393 3371 3481 3425 τοῦ
3521 3371 3710 3426 ἀσϐέ-

2108 3485 2234 3522 στου
2262 3469 2453 3542 πυρός.

426 3584 591 3640 batur
620 3591 861 3650 purpura
894 3584 948 3630 et
980 3574 1180 3645 bysso,
1222 3583 1492 3640 quemque
1542 3567 1726 3621 lautus
1760 3573 1816 3620 et
1856 3565 2131 3622 delicatus
2165 3567 2348 3623 omnis
2381 3566 2604 3638 generis
2670 3566 2831 3644 cibus
2893 3564 3110 3632 alebat,
3175 3563 3455 3620 materiam
3518 3559 3713 3633 ignis,

427 3679 522 3750 qui
556 3690 663 3732 non
697 3679 877 3744 potest
908 3666 1184 3738 exstingui
1215 3664 1280 3718 ".

499 3767 640 3822 Volo
671 3774 850 3821 autem
882 3763 1040 3818 vobis
1082 3761 1245 3814 etiam
1297 3772 1524 3811 narrare
1560 3754 1851 3825 quemdam
1887 3768 2005 3807 ser-

432 3875 649 3917 monem
685 3856 789 3912 viri
841 3854 1099 3916 infelicis,
1139 3852 1232 3922 qui
1276 3865 1526 3919 magnam
1569 3863 1720 3918 spent
1750 3862 1860 3901 non
1890 3852 2010 3900 erat

431 3959 741 4014 assecutus,
762 3958 817 4004 et
847 3961 1042 4018 aquam
1058 3943 1336 4015 qumrebat
1363 3941 1416 3994 in
1440 3947 1706 4008 tempore,
1727 3953 1837 4008 quo
1867 3950 2009 4007 aqua

431 4039 742 4097 deﬁciebat.
802 4035 987 4107 Nuper
1023 4034 1205 4097 enim,
1256 4029 1477 4101 quando
1536 4028 1862 4100 Scytharum
1908 4043 2009 4081 no-

434 4131 656 4188 madum
684 4128 929 4183 incursio
961 4125 1255 4196 plurimum
1303 4119 1417 4191 agri
1449 4119 1611 4173 simul
1650 4132 1773 4172 cum
1799 4116 2008 4171 habita-

434 4224 653 4278 toribus
705 4219 934 4290 diripuit
979 4226 1034 4272 et.
1090 4213 1321 4275 evertit,
1365 4213 1419 4265 in
1474 4210 1576 4264 hac
1641 4209 2012 4263 Comanorum

435 4315 655 4371 civitate
712 4312 892 4366 vicina
948 4304 1284 4362 suburbanis
1339 4301 1726 4363 barbarorum,
1789 4296 2014 4368 quidam

433 4407 652 4479 juvenis
682 4404 851 4459 nobili
910 4401 1032 4455 loco
1094 4408 1272 4458 natus,
1308 4395 1544 4449 Archias
1572 4391 1816 4451 nomine,
1852 4403 2014 4458 quem

438 4514 538 4569 ego
572 4497 812 4552 sciebam
836 4491 1119 4562 a‘gerrime
1149 4488 1291 4542 ferre
1323 4493 1376 4539 et
1438 4484 1651 4555 privata
1682 4489 1736 4536 et
1764 4493 2017 4534 commu-

2195 3751 2394 3805 Ἐθέλω
2454 3750 2511 3805 δέ
2563 3750 2692 3822 ὑμῖν
2737 3750 2913 3804 εἰπεῖν
2967 3767 3087 3805 τινα
3148 3750 3242 3805 καὶ
3293 3750 3446 3818 λόγον
3495 3750 3714 3824 ἀνδρὸς

2114 3843 2323 3905 ἀθλίου,
2355 3843 2718 3914 ἀποτυχόντος
2767 3842 2869 3913 τῆς
2917 3842 3158 3914 μεγάλης
3200 3842 3429 3908 ἐλπίδος,
3464 3843 3558 3896 καὶ
3607 3844 3718 3917 ζη.

2112 3932 2329 3997 τοῦντος
2375 3930 2515 4005 ὕδωρ
2566 3933 2623 3986 ἐν
2671 3931 2882 4005 ἀνύδρῳ
2928 3931 3124 4003 καιρῷ.
3172 3932 3367 4004 Πρὼην
3397 3932 3500 4005 γὰρ
3529 3934 3717 4004 ἡνίκα

2114 4025 2149 4095 η
2184 4023 2499 4095 καταδρομὴ
2533 4021 2638 4077 τῶν
2670 4023 2915 4093 νομάδων
2956 4023 3196 4088 Σκυθῶν,
3228 4023 3425 4095 πολλὴν
3456 4026 3554 4077 σὺν
3591 4030 3717 4091 ’τοῇ

2115 4114 2323 4168 οἰκοῦσι
2363 4113 2546 4185 χώραν
2574 4115 2857 4182 ἠφάνισεν,
2886 4115 2980 4167 ἐπὶ
3005 4114 3102 4184 τῆς
3132 4116 3452 4187 Κομαναίων
3483 4115 3716 4181 πόλεως

2110 4204 2312 4276 ταύτης
2360 4205 2733 4274 ἀστυγείτονος
2779 4204 2849 4258 τά
2896 4206 3193 4277 προάστεια
3249 4205 3354 4260 τῶν
3406 4205 3717 4279 βαρϐάρων

2111 4296 2446 4368 ληϊζομένων
2465 4338 2480 4364 ,
2508 4297 2647 4367 ἀνήρ
2683 4312 2766 4360 τις
2797 4296 2914 4361 νέος
2943 4296 3050 4350 τῶν
3078 4297 3438 4368 εὐπατριδῶν,
3479 4299 3718 4371 Ἀρχίας

2113 4386 2383 4458 τοῦνομα,
2410 4386 2468 4440 δν
2517 4388 2609 4440 καί
2647 4386 2808 4450 αὐτὸς
2846 4387 3089 4458 ἀκριϐῶς
3134 4389 3452 4459 ἠπιστάμην
3478 4392 3717 4461 περιαλο

2115 4483 2232 4549 γεῖν
2264 4483 2374 4544 τοῖς
2406 4496 2466 4533 τε
2500 4479 2650 4543 ἰδίοις
2678 4479 2773 4533 καὶ
2807 4482 3004 4544 κοινοῖς
3048 4480 3151 4550 τῆς
3194 4480 3447 4552 πατρίδος
3488 4486 3695 4548 κακοῖς

438 4591 531 4647 nia
564 4591 702 4643 mala
762 4586 972 4657 patrite,
1027 4595 1284 4652 egressus
1335 4585 1421 4633 est
1475 4593 1543 4630 ex
1574 4574 1799 4629 civitate
1847 4580 1903 4625 et
1947 4585 2001 4623 ex

2119 4570 2309 4641 ἐξῆλθε
2343 4572 2444 4642 τῆς
2486 4570 2693 4635 πόλεως
2721 4570 2812 4624 καὶ
2848 4571 2942 4624 τοῦ
2977 4571 3254 4643 φρουρίου,
3283 4572 3361 4635 ὡς
3402 4574 3718 4628 κατοπτεῦ-

439 4681 718 4753 praesidio,
756 4686 814 4732 ut
847 4677 1133 4746 diligenter
1190 4669 1595 4739 specularetur,
1656 4673 1791 4734 quot
1833 4669 2014 4725 erant,

439 4777 533 4848 qtti
561 4774 773 4847 prmtlas
813 4769 1045 4840 agebant
1079 4764 1326 4828 barbari,
1360 4770 1415 4817 et
1459 4772 1708 4829 quaenam
1743 4762 1901 4810 erant
1952 4768 2018 4807 ea

441 4846 573 4939 quas
627 4861 1038 4932 contingebant,
1078 4865 1133 4913 et
1182 4869 1308 4910 cum
1361 4851 1646 4909 incidisset
1696 4847 1751 4901 in
1803 4846 2015 4908 hostes,

444 4938 659 5027 sagittis
692 4957 794 5010 fuit
833 4953 1126 5023 appetitus.
1174 4948 1279 5016 Qui
1335 4960 1458 5003 cum
1506 4941 1794 4998 cecidisset
1846 4947 1902 4994 et
1948 4938 2020 4993 ad

443 5058 673 5105 mortem
723 5053 1062 5118 properaret,
1118 5055 1282 5113 quam
1330 5036 1568 5099 maxima
1620 5039 1835 5105 poterat
1884 5043 2021 5085 voce

442 5137 786 5196 exclamabat
822 5137 971 5206 (erat
1000 5133 1144 5188 enim
1188 5127 1447 5200 baptismi
1496 5132 1843 5181 sacramento
1879 5136 2020 5175 non-

444 5231 573 5287 dum
599 5225 1133 5296 initiatus):.\lontes
1152 5229 1205 5276 et
1224 5223 1396 5283 silvae,
1431 5217 1736 5288 baptizate;
1770 5213 2020 5275 arbores,

445 5332 500 5380 et
531 5339 713 5395 rupes,
753 5330 808 5379 et
862 5320 1060 5382 fontes,
1099 5316 1225 5372 date
1244 5314 1510 5386 gratiam!
1545 5311 1608 5366 Et
1657 5310 1757 5366 has
1792 5309 2024 5363 misera-

446 5415 586 5470 biles
621 5427 783 5466 voces
812 5409 1004 5472 edens,
1029 5407 1196 5461 vitam
1233 5405 1393 5460 finiit.
1430 5402 1577 5470 Quas
1608 5415 1732 5455 cum
1763 5397 2022 5453 rescivis-

448 5514 533 5561 set
565 5505 782 5565 civitas.
811 5517 905 5558 cas
949 5499 1122 5571 magis
1161 5497 1398 5562 deﬂevit,
1437 5509 1602 5565 quam
1634 5506 1825 5546 casum
1866 5488 2016 5543 belli.

450 5596 589 5652 lluie
612 5596 818 5653 similes
846 5599 972 5649 sunt
1016 5591 1055 5647 ii
1099 5604 1339 5663 quoque,
1363 5587 1455 5659 qui
1485 5600 1518 5641 a
1554 5583 1760 5641 morbis
1792 5588 2021 5652 repente

518 5781 565 5814 ⁸⁸
595 5778 785 5835 Matth.
812 5791 895 5843 Ill,
919 5775 972 5828 7.
1051 5774 1090 5806 "
1126 5770 1272 5826 Psal.
1300 5767 1498 5836 un,5.
1550 5767 1620 5841 ,³³
1647 5763 1779 5823 Luc.
1809 5778 1892 5841 gn,
1922 5765 1976 5821 9.
2055 5760 2101 5799 ³³
2137 5759 2343 5821 lJoan.
2385 5778 2469 5836 ut,
2505 5763 2559 5819 '5.

2123 4678 2214 4715 σαι
2238 4662 2502 4734 ἀκριϐῶς,
2538 4662 2692 4715 πόσοι
2730 4662 2828 4733 μὲν
2866 4664 2915 4716 οί
2952 4663 3209 4736 λῃοῦντες
3252 4664 3537 4736 βάρϐαροι,
3590 4665 3714 4719 τίνα

2119 4755 2177 4809 δὲ
2210 4755 2281 4808 τὰ
2307 4754 2668 4826 συμϐαίνοντα
2703 4754 2849 4827 πάθη
2871 4770 2885 4784 '
2916 4756 3011 4809 καὶ
3045 4754 3356 4827 περιπεσὼν
3399 4757 3512 4819 τοῖς
3542 4757 3711 4811 πολε-

2125 4846 2268 4919 μίοις
2292 4845 2669 4915 κατετοξεύθη.
2700 4845 2888 4900 Πεσὼν
2917 4846 2977 4900 δὲ
3021 4846 3114 4901 καὶ
3163 4846 3300 4917 πρὸς
3338 4847 3430 4901 τὸν
3477 4847 3709 4902 θάνατον

2123 4934 2493 5006 ἐπειγόμενος,
2521 4934 2599 4998 ὼς
2627 4930 2739 5006 εἶχε
2781 4934 3081 5006 δυνάμεως,
3107 4933 3302 4989 ἀνεϐόα
3343 4934 3466 5005 (καὶ
3500 4934 3616 5003 γὰρ
3638 4929 3708 5004 ἦν

2124 5026 2233 5080 τῶν
2275 5025 2743 5099 ἀμυήτων)·,”ορη
2778 5026 2871 5080 καὶ
2908 5025 3098 5088 νάπαι,
3128 5024 3425 5097 βαπτίσατε
3453 5040 3468 5054 ·
3494 5024 3708 5096 δένδρα,

2123 5116 2215 5168 καὶ
2245 5114 2462 5186 πέτραι,
2518 5116 2613 5170 καὶ
2649 5116 2840 5186 πηγαὶ,
2884 5114 3006 5169 δότε
3050 5115 3151 5187 τὴν
3199 5115 3377 5188 χάριν.
3426 5116 3540 5169 Καὶ
3590 5119 3717 5178 ταῖς

2122 5209 2366 5280 οἰκτραῖς
2407 5209 2612 5277 φωναῖς
2647 5205 2874 5272 ταύταις
2917 5205 3361 5279 ἐπετελεύτησεν.
3395 5207 3495 5272 ’Δς
3540 5207 3631 5260 καὶ
3672 5208 3721 5275 ἡ

2124 5299 2278 5363 πόλις
2311 5298 2577 5370 μαθοῦσα,
2620 5298 2781 5353 πλέον
2819 5299 2919 5370 τῆς
2962 5300 3248 5372 συμφορᾶς
3288 5300 3391 5370 τῆς
3432 5299 3575 5354 κατά
3616 5298 3723 5354 τὸν

2124 5391 2356 5462 πόλεμον
2384 5388 2780 5462 ἀπεθρήνησεν.
2810 5390 3186 5464 Παραπλήσιοι
3223 5392 3281 5446 δὲ
3312 5390 3489 5463 τούτῳ
3522 5390 3619 5444 καὶ
3659 5394 3730 5445 οἱ

2126 5481 2278 5553 παρά
2319 5479 2428 5533 τῶν
2479 5481 2650 5535 νόσων
2703 5481 2915 5554 ἀθρόως
2963 5481 3294 5555 πιεζόμενοι.
3327 5484 3497 5537 Ὅταν
3534 5482 3649 5552 γὰρ
3690 5484 3735 5537 ὁ

2126 5573 2253 5646 χθὲς
2282 5570 2541 5641 ὑγιαίνων
2575 5573 2670 5629 καὶ
2702 5575 2949 5649 μακροὺς
2971 5575 3149 5645 ἐαυτῷ
3189 5576 3316 5641 τοὺς
3354 5573 3580 5651 χρόνους
3613 5574 3734 5647 τῆς

2638 5762 2683 5798 ³⁸
2719 5760 2851 5820 Luc.
2877 5776 2986 5829 xvr,
3026 5757 3113 5818 l9-
