3896 6204
231 224 330 282 λεδ

1608 219 1696 275 DE
1727 219 2095 280 BAPTISMO.

3391 231 3498 291 49.6

228 343 372 414 ζωῆς
399 342 717 414 διαγράφων
749 339 898 410 πάθῃ
927 337 989 391 τὸ
1019 337 1113 390 τοῦ
1139 335 1368 391 παλαιοῦ
1403 338 1817 409 ματαιόςρρονος,

1929 341 2330 411 opprimuntur.
2365 341 2502 397 Cum
2525 343 2670 399 enim
2708 343 2779 411 ei,
2814 345 2908 417 qui
2935 345 3054 403 heri
3083 355 3205 402 erat
3229 362 3422 413 sanus.
3451 359 3507 404 et

223 437 320 490 καὶ
346 434 520 506 λεχθῇ
546 433 678 506 πρὸς
699 433 864 487 αὐτὸν
895 433 959 485 ἐκ
992 429 1094 500 τῆς
1135 427 1520 497 ἀπογνώσεως,
1549 431 1630 484 ὅτι
1655 431 1824 503 ταύτῃ

1934 431 2062 486 vitae
2110 431 2214 488 sibi
2262 433 2484 504 longum
2529 440 2748 505 tempus
2780 435 3189 502 dimetiebatur,
3243 439 3509 495 acciderit

216 530 284 598 τῇ
323 527 550 598 νυκτὶή
589 525 732 595 ψυχή
769 541 864 578 σου
906 521 1002 576 τοῦ
1047 520 1297 591 σώματος
1339 519 1546 586 λύεται,
1575 521 1697 576 τότε
1741 522 1830 576 θό-

216 619 400 691 ρυϐος
427 619 517 672 καὶ
551 618 800 688 κραυγή·
837 616 933 671 καὶ
974 616 1153 670 πάντα
1179 615 1237 666 ἐν
1271 616 1410 686 ῥοπῇ
1440 615 1632 685 καιροῦ
1663 615 1830 679 ὀξέως

212 711 492 781 ζητεῖται,
521 711 590 764 τὰ
615 708 812 779 σκεύη,
833 707 897 762 τὸ
920 707 1084 778 ὕδωρ,
1111 708 1141 759 ό
1164 708 1363 778 ἱερεὺς,
1393 709 1422 761 ό
1458 706 1614 775 λόγος
1640 709 1668 760 ὁ
1693 705 1830 777 πρὸς

210 805 330 875 τὴν
354 803 512 874 χάριν
537 798 1012 874 προευτρεπίζων,
1063 799 1124 853 ὃν
1173 801 1395 854 ἀπαιτεῖ
1423 802 1523 870 μὲν
1567 801 1600 870 ἡ
1647 801 1827 871 χρεία,

216 897 506 948 ἐπισκοτεῖ
529 894 586 947 δὲ
618 895 653 966 ἡ
685 894 859 958 νόσος,
898 892 1130 966 σφοδρὸν
1161 893 1256 948 καὶ
1291 892 1568 948 ἀνένδοτον
1597 892 1828 963 ἐργαζο-

221 985 366 1056 μένη
413 984 477 1038 τὸ
523 979 732 1055 ἆσθμα.
767 983 877 1038 Καὶ
919 985 1065 1037 ποιεῖ
1111 981 1216 1037 τὸν
1257 982 1483 1054 θόρυϐον
1535 982 1636 1051 τῆς
1689 981 1830 1035 κατά

219 1077 464 1147 πόλεμον
517 1075 749 1146 συνοχῆς
787 1075 887 1129 ούκ
931 1074 1222 1128 ἐλάττονα·
1258 1075 1458 1137 πάντες
1493 1073 1551 1128 δὲ
1595 1074 1645 1126 οἱ
1688 1074 1830 1127 κατά

218 1169 329 1240 τὴν
368 1168 547 1222 οἰκίαν
599 1166 849 1238 ἀλλήλοις
899 1167 1248 1231 ἀπαντῶντες
1291 1166 1682 1238 ἐκρήγνυνταιο
1733 1167 1828 1220 καὶ

221 1261 470 1332 ὠθισμός
513 1263 654 1325 ἐστι,
698 1260 794 1314 καὶ⁸
843 1258 1079 1331 ταραχὴ,
1128 1259 1222 1312 καὶ
1269 1257 1428 1330 θρόος
1478 1256 1687 1329 γοώδης
1732 1259 1829 1312 καὶ

222 1351 460 1423 ἄσημος,
491 1349 682 1422 ῶσπερ
726 1349 786 1402 ἐν
827 1347 1167 1420 νυκτομαχίᾳ
1197 1347 1445 1419 ἀλλήλοις
1484 1347 1828 1418 ἐμπλεκομέ-

224 1462 356 1509 νων,
405 1443 632 1512 δούλων,
691 1441 994 1511 συγγενῶν,
1051 1441 1244 1512 φίλων,
1299 1441 1410 1494 τῶν
1458 1440 1684 1503 παίδων,
1728 1439 1827 1509 τῆς

223 1536 498 1607 γαμετῆς.
531 1536 622 1598 Ὧς
654 1533 734 1588 ἔτι
763 1533 942 1587 τοίνυν
972 1530 1163 1604 καιρὸς
1187 1533 1432 1603 εἰρήνης,
1456 1529 1525 1584 τά
1544 1529 1666 1584 καθ’
1697 1531 1826 1583 ἑαυ-

225 1630 357 1691 τοὺς
383 1627 677 1698 σωφρόνως
697 1624 1030 1696 διαθώμεθα.
1068 1625 1159 1679 Ἐν
1190 1624 1354 1695 σχολῇ
1383 1624 1476 1677 καὶ
1501 1623 1711 1695 γαλήνῃ
1731 1623 1825 1677 τοῦ

233 1717 354 1788 βίου
378 1717 606 1784 δέξασθε
633 1720 728 1788 τὴν
745 1716 840 1770 τοῦ
869 1714 1106 1787 Χριστοῦ
1131 1713 1362 1786 δωρεὰν,
1387 1715 1476 1767 ὅτε
1503 1714 1596 1768 καὶ
1627 1715 1656 1766 ὁ
1685 1714 1822 1783 λαμ-

231 1808 421 1862 ϐάνων
452 1808 551 1881 τὴν
596 1808 798 1879 ὑψηλὴν
840 1810 935 1863 καὶ
980 1807 1312 1877 ἀσύγκριτον
1354 1805 1670 1877 εὐεργεσίαν
1703 1805 1821 1876 μεθ’

232 1900 437 1973 ἡδονῆς
458 1900 534 1971 τῷ
557 1901 838 1973 καταλόγῳ
873 1899 983 1953 τῶν
1019 1898 1443 1970 υἱοθετουμένων
1472 1896 1822 1969 συναριθμεῖ-

234 2011 364 2058 ται,
414 1994 509 2047 καὶ
554 1995 604 2048 οἱ
642 1995 909 2066 γνώριμοι
950 1993 1150 2056 πάντες
1189 1991 1288 2064 τὴν
1325 1991 1533 2046 ἐκείνου
1575 1990 1712 2063 πρὸς
1761 1991 1822 2044 τὸ

233 2089 478 2157 κρεῖττον
523 2086 881 2158 μεταποίησιν
926 2085 1200 2155 ἐξαίρετον
1232 2084 1405 2155 χαρὰν
1437 2084 1530 2138 καὶ
1556 2083 1820 2155 εύφροτύ-

223 2197 329 2249 νην
355 2177 654 2232 ποιοῦνται.

306 2448 476 2502 Ἆλλά
529 2447 760 2512 δέδοικα,
809 2448 962 2519 φησι,
1017 2447 1079 2500 τὸ
1128 2445 1226 2517 τῆς
1280 2445 1492 2516 φύσεως
1535 2444 1692 2516 ἡμῶν
1744 2444 1825 2510 είς

220 2542 509 2615 ἁμαρτίαν
537 2540 774 2604 εὔκολον,
807 2541 900 2594 καὶ
920 2537 1010 2593 διὰ
1038 2537 1196 2592 τοῦτο
1228 2539 1365 2610 πρὸς
1405 2537 1502 2609 τὴν
1535 2539 1692 2610 χάριν
1725 2538 1825 2609 τῆς

221 2633 654 2704 παλιγγενεσίας
706 2631 974 2704 βραδύνω.
1024 2632 1392 2702 Εὐπρόσωπον
1451 2631 1549 2704 μέν
1599 2648 1692 2684 σου
1723 2630 1824 2700 τῆς

217 2727 428 2791 δειλίας
456 2725 520 2779 τὸ
552 2726 866 2798 πρόσχημα,
897 2724 992 2777 καὶ
1031 2724 1208 2787 καλῶς
1237 2723 1431 2776 σαυτὸν
1461 2740 1821 2794 κατασχημα-

217 2819 394 2884 τίζεις
446 2816 527 2887 τῷ
568 2815 669 2886 τῆς
719 2814 1004 2878 εὐλαϐείας
1047 2814 1354 2885 πλάσματι·
1399 2812 1534 2868 ἀλλά
1567 2831 1649 2867 σοι
1700 2813 1824 2867 σύν-

217 2928 391 2981 τομος
428 2907 699 2980 ἐρώτησις
740 2908 1110 2980 προσαχθεῖσα
1161 2906 1386 2978 ἀρκέσει
1429 2909 1822 2979 προγυμνῶσαι

216 3003 324 3074 τὴν
345 3000 556 3071 σκηνὴν
573 3000 828 3064 εὐκόλως.
849 2999 1001 3053 Ἐπεὶ
1020 2999 1150 3071 γὰρ,
1175 3000 1203 3052 ὁ
1222 2999 1515 3054 δεδοικέναι
1536 2999 1708 3069 λέγων
1723 3001 1822 3072 τὴν

227 3093 529 3166 ἁμαρτίαν,
558 3092 964 3165 κατηχούμενος
994 3092 1279 3164 ὑπάρχεις,
1301 3092 1420 3145 τίνα
1445 3092 1553 3164 ἄρα
1580 3091 1680 3164 ζῇς
1705 3091 1819 3162 βίον

219 3185 666 3258 ἀκατηγόρητον,
696 3187 730 3257 ἢ
767 3186 860 3240 τὸν
897 3185 1299 3256 ἀναμάρτητον,
1334 3185 1366 3254 ἢ
1407 3184 1499 3238 τὸν
1544 3185 1600 3238 ἐν
1643 3185 1822 3256 ἀμαρ-

222 3277 367 3342 τίαις
391 3295 406 3342 ;
432 3279 496 3331 Ei
533 3278 634 3349 μὲν
659 3277 766 3348 γὰρ
796 3277 886 3330 τὸν
914 3277 1320 3348 ἀναμάρτητον,
1351 3276 1404 3328 τί
1432 3275 1631 3348 δειλιᾷς
1651 3276 1712 3330 τὸ
1734 3276 1824 3346 βά-

224 3386 467 3441 πτισμα,
513 3369 609 3424 καὶ
644 3369 750 3440 πρὸ
782 3369 994 3422 ἐκείνου
1035 3367 1218 3439 τηρῶν
1251 3367 1350 3439 τὴν
1383 3368 1822 3440 νομοθετημένην

224 3465 517 3533 ἀκρίϐειαν
545 3479 561 3528 ;
587 3464 649 3517 Εἰ
679 3463 735 3516 δέ
761 3480 845 3516 σοι
871 3462 1178 3535 ἀκάθαρτος
1205 3463 1299 3518 καὶ
1321 3463 1630 3533 ἀφύλακτος
1654 3465 1686 3533 ἡ
1710 3460 1823 3534 ζωὴ

225 3554 512 3625 βραδύνων
546 3558 604 3609 ἐν
642 3555 926 3626 ἁνομέαις,
975 3556 1068 3609 καὶ
1105 3557 1168 3627 τῇ
1205 3557 1392 3628 μακρᾷ
1425 3555 1679 3626 συνηθείᾳ
1710 3553 1822 3618 ἕξιν

229 3645 520 3716 κτώμενος
546 3645 639 3699 τοῦ
675 3644 870 3709 κακοῦ,
896 3647 1160 3718 πρόδηλον
1191 3648 1272 3700 ὅτι
1299 3648 1398 3718 τὴν
1436 3647 1670 3718 ἐσχάτην
1693 3648 1822 3701 ἀνα-

223 3738 418 3807 μένεις
463 3738 765 3809 ἀναπνοήνο
794 3739 881 3792 ἵνα
909 3738 988 3809 τῷ
1029 3739 1365 3810 βαπτίσματι
1415 3738 1821 3810 παραληφθέντι

221 3829 370 3882 κατά
409 3827 520 3898 τὴν
545 3829 849 3884 τελευταίαν
883 3830 1034 3902 ῶραν
1059 3830 1384 3902 συντελεσθῇ
1415 3832 1448 3903 ἠ
1481 3832 1617 3903 ζωή.
1653 3831 1824 3885 Τοῦτο

221 3918 282 3972 δέ
312 3922 437 3973 ἐστι
475 3918 640 3990 καινὴ
669 3921 756 3974 καὶ
782 3921 1084 3993 παράδοξος
1123 3923 1381 3994 ἐμπορία,
1409 3925 1469 3976 οὐ
1502 3923 1702 3994 χρυσοῦ
1729 3924 1824 3978 καὶ

221 4011 486 4082 ἐσθῆτος,
524 4010 662 4064 ἀλλά
695 4012 929 4085 πλήθους
956 4014 1195 4084 ἀνομιῶν
1229 4015 1501 4087 καπηλεία
1531 4016 1822 4089 περίεργος

216 4105 331 4172 τῆς
353 4102 502 4156 κατὰ
538 4101 714 4174 ψυχὴν
757 4103 1096 4176 καθάρσεως.
1133 4107 1243 4160 Καὶ
1286 4107 1538 4182 καθάπερ
1569 4110 1619 4162 οἱ
1653 4112 1822 4181 χοῖροι

217 4195 399 4266 πηλὸν
429 4196 495 4248 ἐκ
528 4195 702 4268 πηλοῦ
737 4197 1114 4268 μετέρχονται,
1142 4199 1237 4254 καὶ
1263 4199 1355 4254 τὸν
1384 4200 1642 4274 βόρϐορον
1672 4201 1823 4273 ἔχου-

218 4306 315 4341 σιν
357 4289 546 4353 αὑτοῖς
600 4290 962 4362 ἐνδιαίτημασ
1002 4291 1176 4356 οὓτως
1216 4293 1267 4346 οἱ
1303 4297 1425 4358 ταῖς
1458 4296 1824 4366 ἀκαθαρσίαις

1857 1685 1899 1740 Β

1850 3045 1894 3104 C

1931 521 1986 576 id
2021 520 2167 592 quod
2204 521 2280 577 illi
2313 523 2407 592 qui
2455 523 2586 579 olim
2627 539 2767 579 vana
2806 527 3100 598 cogitabat,
3133 540 3186 586 et
3211 530 3263 585 ei
3298 531 3508 586 dictum

1936 611 2102 668 fuerit
2134 629 2200 669 ex
2231 614 2655 685 desperatione:
2705 617 2820 673 Hac
2853 629 3010 676 nocte
3049 622 3232 676 anima
3266 630 3360 677 tua
3395 623 3510 677 sol-

1929 706 2078 759 vitur
2113 720 2143 758 a
2197 720 2430 777 corpore
2465 707 2529 774 ¹³,
2566 716 2696 763 tum:
2727 725 2963 781 magnus
3001 712 3182 767 oritur
3235 715 3508 770 tumultus

1928 807 1982 850 et
2015 797 2256 863 clamor;
2322 807 2377 853 et
2427 800 2612 854 omnia
2669 813 2949 857 momento
3006 805 3272 874 temporis
3305 807 3509 860 acriter

1929 898 2274 958 quaeruntur,
2318 905 2469 956 vasa,
2502 885 2666 961 aqua,
2707 893 2990 957 sacerdos,
3023 909 3205 950 sermo
3239 897 3331 966 qui
3367 912 3508 966 pra:-

1929 985 2087 1047 paret
2118 976 2187 1032 ad
2226 979 2481 1051 gratiam,
2507 995 2668 1050 quem
2719 998 2852 1038 usus
2871 983 3092 1053 quidem
3125 985 3390 1057 postulat,
3417 987 3506 1041 in-

1931 1071 2226 1141 terrumpit
2255 1079 2438 1127 autem
2487 1074 2731 1140 morbus,
2757 1075 2850 1145 qui
2894 1075 3078 1144 elIicit,
3129 1085 3188 1132 ut
3215 1078 3512 1133 vehemens

1929 1170 1985 1217 et
2023 1160 2280 1232 frequens
2325 1163 2398 1220 sit
2452 1165 2747 1233 anhelitus,
2798 1175 2854 1222 et
2914 1167 3045 1222 facit
3075 1184 3184 1225 non
3235 1173 3507 1225 minorem

1932 1255 2419 1324 perturbationem,
2441 1273 2605 1327 quam
2634 1273 2757 1328 quae
2785 1267 2891 1324 est,
2924 1275 3048 1314 cum
3082 1271 3238 1332 urget
3265 1263 3464 1318 bellum
3487 1281 3506 1331 ;

1930 1361 2123 1403 omnes
2158 1355 2340 1404 autem
2366 1349 2459 1418 qui
2499 1357 2629 1404 sunt
2675 1350 2846 1416 domi,
2881 1351 2983 1407 sibi
3035 1352 3270 1408 invicem
3309 1369 3508 1411 occur-

1929 1445 2116 1492 rentes
2135 1447 2453 1509 erumpunt;
2479 1449 2673 1512 estque
2701 1443 3001 1511 protrusio,
3035 1445 3326 1513 tumultus,
3351 1462 3508 1502 mur-

1929 1544 2162 1600 murque
2191 1541 2245 1586 et
2271 1546 2536 1589 susurrus
2591 1531 2811 1598 ﬁebilis,
2861 1543 2915 1590 et
2952 1536 3198 1594 incertus
3241 1547 3504 1612 tanquam

1931 1618 1984 1672 in
2012 1620 2207 1689 proelio
2240 1623 2442 1688 navali,
2478 1638 2538 1679 se
2587 1623 2819 1681 invicem
2867 1627 3276 1699 implicantibus
3305 1635 3504 1697 servis.

1929 1713 2203 1783 cognatis,
2233 1715 2447 1781 amicis,
2482 1715 2630 1781 ﬁliis,
2664 1732 2855 1774 uxore.
2885 1718 3069 1777 Donec
3097 1730 3182 1778 est
3203 1739 3335 1795 ergo
3365 1733 3504 1781 tem-

1929 1819 2032 1874 pus
2061 1805 2232 1875 pacis,
2268 1807 2322 1860 in
2346 1807 2459 1862 otio
2495 1815 2551 1863 et
2581 1808 2706 1863 vitae
2744 1811 3144 1881 tranquillitate
3165 1829 3254 1871 res
3283 1824 3505 1873 nostras

1928 1909 2345 1966 componamus.
2403 1899 2650 1970 Accipite
2685 1899 2889 1956 Christi
2941 1901 3168 1969 donum,
3203 1908 3422 1978 quando
3457 1911 3507 1966 is

1929 1987 2023 2058 qui
2045 1988 2215 2044 altum
2247 2003 2301 2045 ct
2329 1989 2758 2062 incomparabile
2781 1993 2982 2066 accipit
3005 1995 3358 2064 beneﬁcium,
3380 2015 3504 2055 cum

1928 2077 2209 2148 voluptate
2259 2078 2498 2136 refertur
2544 2081 2599 2136 in
2641 2097 2930 2138 numerum
2981 2099 3173 2142 eorum
3222 2088 3316 2159 qui
3376 2090 3510 2146 ado-

1929 2175 2154 2238 ptantur
2183 2170 2237 2225 in
2258 2170 2436 2241 ﬁlios;
2469 2181 2521 2229 et
2541 2188 2734 2229 omnes
2750 2176 2865 2230 n0ti
2882 2185 2935 2230 et
2966 2175 3286 2245 familiares,
3322 2195 3387 2236 ex
3413 2181 3506 2236 illa

1929 2258 2236 2316 mutatione
2264 2261 2321 2316 in
2357 2261 2554 2318 melius
2589 2277 2862 2319 summam
2912 2266 3248 2336 voluptatem
3278 2271 3508 2340 capiunt

1929 2358 1984 2404 et
2008 2349 2268 2406 laetitiam.

2004 2441 2112 2499 Sed
2163 2444 2353 2512 timeo,
2395 2445 2606 2518 inquis,
2668 2457 2882 2506 natura:
2941 2459 3144 2510 nostra:
3192 2452 3260 2509 ad
3312 2455 3506 2512 vitium
3585 2473 3591 2482 ‘

1929 2535 2352 2607 proclivitatem,
2389 2545 2444 2594 et
2469 2539 2592 2595 ideo
2629 2539 2823 2597 differo
2864 2543 3126 2600 accedere
3159 2543 3226 2599 ad
3275 2547 3506 2617 gratiam

1930 2631 2385 2703 regenerationis.
2421 2631 2716 2704 Speciosus
2745 2643 2829 2691 est
2858 2636 3076 2706 quidem
3117 2647 3244 2695 tnus
3275 2649 3508 2711 praetex-

1930 2732 2018 2779 tus
2053 2723 2384 2787 timiditatis,
2419 2732 2474 2780 et
2497 2725 2776 2796 diligentis
2828 2729 3102 2785 cautionis
3151 2733 3387 2801 speciem
3421 2750 3509 2790 re-

1929 2824 2017 2871 cte
2050 2831 2161 2886 pra!
2196 2824 2248 2871 te
2278 2815 2426 2883 fers;
2457 2816 2550 2871 sed
2581 2817 2763 2874 brevis
2790 2817 2885 2874 tibi
2934 2821 3216 2890 proposita
3271 2823 3509 2879 interro-

1930 2907 2078 2976 gatio
2112 2906 2351 2963 sufﬁciet
2411 2908 2479 2963 ad
2533 2923 2754 2964 scenam
2788 2909 2948 2965 facile
3001 2913 3376 2982 aperiendam.
3413 2915 3510 2972 Dic

1929 2999 2100 3064 enim,
2131 3000 2224 3070 qui
2254 2999 2394 3056 dicis
2427 3007 2480 3056 te
2511 3001 2700 3056 timere
2728 3011 3030 3073 peccatum,
3072 3020 3195 3060 cum
3259 3006 3336 3061 sis
3362 3016 3508 3064 cate-

1927 3090 2259 3156 chumenus,
2291 3107 2584 3162 quemnam
2616 3093 2755 3149 dicis
2783 3094 2964 3150 vivere
2995 3098 3202 3160 vitam,
3248 3100 3301 3152 in
3343 3114 3508 3169 quam

1926 3182 2078 3236 nulla
2126 3182 2275 3237 cadit
2323 3182 2716 3254 reprehensio?
2744 3200 2964 3251 eumne,
2999 3187 3092 3256 qui
3153 3203 3262 3242 non
3297 3200 3506 3258 peccat.

1934 3289 2003 3328 an
2037 3289 2164 3330 eum
2200 3273 2294 3345 qui
2318 3282 2410 3330 est
2445 3275 2498 3328 in
2528 3275 2808 3346 peccatis?
2833 3275 2888 3330 Si
2921 3278 3065 3332 enim
3088 3293 3235 3343 eum,
3263 3279 3354 3349 qui
3397 3296 3507 3336 non

1924 3374 2138 3434 peccat,
2166 3364 2260 3434 qui
2280 3363 2437 3420 times
2460 3364 2813 3434 baptismum,
2833 3381 2955 3421 enm
2973 3366 3137 3422 etiam
3157 3377 3280 3423 ante
3295 3383 3417 3424 eum
3433 3369 3514 3425 di-

1926 3456 2156 3529 ligenter
2183 3456 2441 3513 observes
2470 3456 2525 3512 id
2554 3457 2700 3529 quod
2724 3466 2810 3514 est
2841 3459 2957 3530 lege
2984 3461 3386 3516 constitutum?
3411 3461 3510 3519 Sin

1926 3557 2108 3603 autem
2144 3548 2243 3605 tibi
2271 3557 2358 3606 est
2388 3550 2499 3603 vita
2554 3550 2835 3605 immunda
2869 3559 2924 3606 et
2980 3552 3186 3606 nullam
3240 3553 3510 3610 adhibens

1925 3642 2259 3708 cautionem,
2296 3656 2420 3696 cum
2468 3641 2563 3697 diu
2603 3643 2835 3698 moreris
2891 3643 2946 3696 in
3001 3643 3410 3714 iniquitatibus,
3453 3657 3510 3703 et

1925 3734 2087 3804 longa
2118 3733 2518 3790 consuetudine
2561 3735 2691 3789 mali
2745 3734 2994 3790 habitum
3022 3735 3329 3806 possideas,
3384 3753 3509 3810 per-

1925 3827 2174 3896 spicuum
2195 3835 2282 3882 est
2309 3825 2456 3895 quod
2489 3826 2740 3881 ultimum
2773 3836 3062 3898 exspectas
3090 3827 3412 3891 anhelitum,
3449 3839 3512 3884 ut

1925 3935 2051 3974 cum
2079 3918 2351 3989 baptismo
2385 3919 2579 3973 ultima
2627 3917 2762 3972 hora
2797 3928 3058 3989 suscepto
3083 3920 3194 3975 vita
3243 3922 3408 3977 simul
3448 3923 3512 3977 li-

1925 4011 2133 4067 niatur.
2168 4011 2284 4066 Hoc
2315 4020 2496 4066 autem
2527 4020 2611 4066 est
2638 4025 2774 4064 vana
2797 4021 2852 4065 et
2885 4011 3152 4066 mirabilis
3175 4021 3506 4076 mercatura,

1927 4119 2036 4160 non
2076 4103 2195 4157 auri
2224 4109 2280 4158 et
2307 4104 2564 4169 vestium,
2596 4101 2691 4157 sed
2719 4101 3088 4158 multitudinis
3122 4103 3502 4173 iniquitatum,

1926 4204 1982 4252 et
2012 4209 2420 4265 supervacanea
2455 4209 2518 4247 ac
2554 4193 2772 4247 curiosa
2801 4193 3127 4261 cauponatio
3154 4194 3347 4249 animae
3375 4209 3506 4264 pnr~

1928 4288 2194 4360 gationis;
2229 4294 2284 4343 et
2317 4301 2427 4356 quo
2452 4284 2614 4339 modo
2647 4284 2796 4356 porci
2828 4299 2858 4337 a
2889 4284 3004 4338 luto
3037 4283 3094 4339 in
3118 4283 3296 4339 lutum
3323 4293 3508 4342 trans-

209 4379 508 4444 συζῶντες
545 4381 905 4435 συνάπτουσιν
940 4381 1276 4454 ἐπαλλήλους
1321 4383 1421 4448 τὰς
1455 4386 1704 4457 ἀνομίας.
1746 4388 1818 4441 Ἦ

1929 4395 2072 4449 eunt,
2112 4395 2165 4441 et
2198 4385 2251 4439 in
2277 4385 2395 4439 luto
2444 4382 2688 4454 jucunde
2720 4389 2775 4438 et
2817 4381 3068 4438 lubenter
3105 4382 3270 4438 vitam
3299 4396 3506 4456 agunt:

199 4472 338 4541 γὰρ
380 4475 454 4541 τῇ
499 4472 723 4544 πορνείᾳ
771 4475 1116 4544 μολύνονται,
1154 4475 1187 4546 ἢ
1223 4475 1320 4547 τὴν
1349 4475 1660 4549 δυσώνυμον
1701 4496 1822 4550 μοι-

199 4580 276 4631 χε
289 4563 381 4614 {av
415 4563 798 4632 τεχνάζουσιν,
845 4567 878 4638 ἢ
919 4567 1018 4640 τὴν
1048 4567 1218 4639 μέθην
1247 4568 1473 4622 ἀσκοῦσι
1505 4570 1565 4624 τὸ
1593 4571 1700 4623 τῶν
1731 4589 1825 4623 πο-

201 4655 413 4721 νηρῶν
445 4655 759 4726 ἐπιθυμιῶν
787 4658 1140 4730 ὑπέκκαυμα,
1173 4660 1206 4731 ἢ
1239 4660 1336 4725 τάς
1365 4661 1599 4731 ἀδελφὰς
1621 4661 1823 4716 τούτων

195 4747 326 4800 καὶ
374 4750 663 4814 συγγενεῖς
691 4749 969 4820 ἁμαρτίας
1019 4749 1416 4822 ἐπιτηδεύουσι.
1443 4752 1738 4807 Φοϐοῦνται
1766 4753 1824 4806 δὲ

188 4840 274 4894 τὸ
324 4838 638 4910 βάπτισμα,
675 4839 752 4904 ὡς
779 4840 888 4895 τῶν
924 4841 1127 4914 ἡδονῶν
1155 4841 1405 4915 κώλυμα,
1440 4844 1533 4899 καὶ
1563 4844 1673 4898 τῶν
1695 4862 1821 4917 μια-

183 4931 351 5004 ρῶν
385 4929 741 4986 ἀπολαύσεων
781 4932 1013 5004 ἀποχήν.
1038 4933 1208 4988 Ὅταν
1244 4931 1337 4990 οὖν
1379 4935 1527 5006 λέγει
1554 4937 1582 4989 ὁ
1608 4954 1821 5009 προφα-

189 5021 526 5091 σιζόμενος
564 5024 865 5095 προφάσεις
910 5027 970 5078 ἐν
1025 5027 1341 5100 ἁμαρτίαις,
1397 5030 1480 5083 ὅτι
1525 5027 1822 5100 Φοϐοῦμαι,

179 5115 509 5186 πρόδηλός
537 5116 685 5170 ἐστιν
713 5117 774 5170 ού
805 5118 904 5189 τὴν
938 5119 1213 5190 ἁμαρτίαν
1247 5119 1660 5192 εὐλαϐούμενος,
1689 5121 1823 5176 ἀλλά

185 5209 459 5282 μακρὰν
521 5208 670 5279 αὐτῷ
725 5210 979 5276 γενέσθαι
1038 5211 1393 5282 βουλόμενος,
1446 5212 1542 5284 τὴν
1593 5215 1650 5266 ἐν
1700 5216 1820 5277 ταῖς

187 5300 536 5373 ἁμαρτίαις
578 5300 946 5373 ἀναστροφήν.
983 5304 1046 5355 OE
1083 5303 1140 5356 δὲ
1167 5303 1370 5374 ταύτην
1396 5302 1607 5374 ἔχοντες
1647 5305 1704 5357 ὲν
1743 5305 1821 5376 τῷ

193 5393 389 5464 βάθει
413 5392 518 5462 τὴν
546 5393 789 5464 πονηρὰν
815 5394 1066 5464 γνώμην,
1090 5393 1304 5458 πρῶτον
1337 5394 1436 5466 μὲν
1468 5395 1587 5448 οὐδὲ
1611 5395 1821 5473 ἀξιοῦν-

200 5503 290 5541 ται
333 5483 454 5555 τῆς
500 5483 751 5555 χάριτοςο
784 5486 920 5539 ἀλλά
969 5488 1088 5549 ταῖς
1135 5490 1314 5551 κεναῖς
1343 5486 1553 5540 ὲλπίσὶν
1599 5488 1821 5549 ἑαυτοὺς

275 5663 332 5697 ⁸³
365 5660 636 5721 Lucan,
669 5659 762 5714 20.

567 5757 838 5817 Parnm"
888 5755 1002 5816 Gtt.
1057 5757 1106 5817 Χ
1121 5759 1265 5826 LVI.

1929 4481 2005 4534 ita
2043 4478 2136 4549 qui
2171 4478 2364 4533 vivunt
2421 4477 2477 4531 in
2531 4475 2907 4540 immnnditia,
2939 4475 3148 4531 scelera
3197 4490 3263 4531 ac
3303 4477 3508 4549 ﬂagitia

1926 4573 2159 4627 invicem
2215 4570 2578 4641 coniungunt.
2612 4571 2720 4626 Aut
2743 4570 2892 4625 enim
2953 4571 3270 4640 polluuntur
3299 4580 3510 4626 scorta-

1926 4665 2095 4726 tione,
2124 4670 2219 4716 aut
2256 4662 2683 4718 abominandum
2733 4661 3120 4716 maehinantur
3154 4661 3504 4726 adulterium,

1929 4762 2024 4807 aut
2053 4760 2314 4809 exercent
2363 4752 2708 4816 ebrietatem,
2762 4751 3004 4806 fomitem
3058 4751 3323 4807 malarum
3355 4754 3511 4824 cupi-

1926 4846 2184 4913 ditatum,
2228 4854 2323 4901 aut
2371 4846 2460 4902 his
2493 4843 2694 4907 aﬁinia,
2753 4852 2806 4898 et
2845 4843 3170 4912 cognatione
3215 4844 3509 4915 conjuncta

1927 4949 2185 5000 exercent
2208 4946 2454 5012 peccata.
2483 4935 2703 4991 Timent
2737 4941 2917 4990 autem
2944 4933 3298 5006 baptismum,
3329 4946 3388 4992 ut
3415 4941 3507 5010 qui

1934 5030 2224 5104 prohibeat
2251 5027 2581 5096 voluptates,
2611 5032 2667 5080 et
2691 5023 2970 5080 abstinere
3016 5024 3184 5080 faciat
3215 5041 3246 5081 a
3284 5025 3512 5082 nefariis

1925 5121 2159 5177 deliciis.
2213 5118 2347 5172 Cum
2403 5130 2534 5186 ergo
2596 5116 2829 5182 dixerit,
2883 5117 2978 5184 qui
3029 5115 3226 5184 quaerit
3279 5131 3511 5171 excusa-

1927 5214 2106 5268 tiones
2136 5211 2190 5264 in
2227 5207 2492 5278 peccatis,
2525 5207 2740 5271 timere,
2768 5206 3116 5275 perspicuum
3144 5213 3227 5259 est
3249 5221 3371 5259 eum
3399 5222 3507 5260 non

1928 5302 2127 5366 vereri,
2180 5307 2274 5355 aut
2306 5313 2501 5354 cavere
2550 5306 2873 5366 peccatum;
2911 5295 3006 5351 sed
3050 5295 3187 5350 velle
3241 5309 3300 5349 se
3345 5310 3506 5365 quam

1928 5390 2236 5448 diutissime
2268 5388 2476 5445 versari
2509 5388 2563 5442 in
2605 5386 2851 5458 ﬂagitiis.
2914 5384 3017 5452 Qui
3077 5392 3259 5440 autem
3296 5385 3348 5439 in
3383 5400 3510 5456 pro-

1931 5485 2099 5541 fundo
2146 5484 2343 5540 malam
2387 5483 2528 5538 hanc
2572 5479 2776 5536 habent
2825 5489 3081 5547 mentem,
3125 5479 3359 5550 primum
3389 5479 3508 5551 qui-

3125 5751 3195 5814 lit
