3896 6204
413 263 513 318 627

1684 260 1738 315 S.
1783 257 2108 317 GREGOHII
2161 258 2456 316 NYSSENI

3551 261 3662 319 £28

412 374 533 429 dem
572 385 673 428 nec
723 372 953 443 gratiam
987 379 1400 444 assequuntur;
1446 371 1541 427 sed
1592 385 1732 424 vana
1761 384 1860 442 spe
1887 387 1976 427 se-

2078 371 2568 435 ἀποϐουκολοῦντες
2609 369 2887 441 ἀδοκήτως
2931 369 3256 440 ἀπάγονται,
3287 370 3522 444 ἀψοφητὶ
3561 377 3666 431 καὶ

297 468 309 471 ”
404 461 562 528 ipsos
589 467 897 528 pascentes,
925 468 1121 529 praeter
1144 461 1456 531 Opinionem
1484 460 1828 515 abducuntur
1854 461 1979 515 abs-

397 566 517 621 -que
537 551 765 621 strepitu
790 559 844 606 et
867 560 1111 622 repente,
1145 561 1402 622 tanquam
1439 551 1668 614 insidias
1731 559 1979 607 struente

415 643 551 705 fure.
599 642 943 712 Opprimenre
985 651 1182 699 morte.
1241 642 1339 698 Sin
1393 651 1574 697 autem
1631 641 1775 698 Deus
1820 655 1976 697 suam

413 738 596 791 verius
626 736 911 792 eﬁ‘undens
941 728 1282 792 clementiam
1338 743 1392 790 et
1440 735 1759 798 bonitatem,
1797 735 1851 789 in
1897 733 1978 787 ul-

411 828 546 881 timo
565 826 653 882 die
683 841 830 891 eum,
861 827 955 896 qui
983 827 1284 881 delectatur
1325 832 1574 895 peccato,
1603 822 1878 895 mysteriis
1907 822 1979 876 sit

403 917 689 988 dignatus,
722 932 833 972 non
864 927 948 974 est
970 918 1051 973 eis
1073 932 1138 971 ex
1179 915 1547 986 negotiatione
1577 923 1784 968 tantum
1815 912 1973 977 lucri,

407 1017 676 1080 quantum
739 1009 1076 1064 existimant.
1125 1006 1322 1060 Putant
1381 1007 1526 1061 enim
1579 1004 1862 1069 futurum,
1915 1011 1976 1058 ut

407 1099 489 1155 eis
512 1113 737 1171 regnum
789 1098 972 1154 statim
1015 1098 1314 1168 aperiatur,
1347 1095 1618 1166 accipiant
1647 1104 1828 1150 autem
1879 1093 1979 1147 ali-

407 1206 570 1260 quem
615 1190 794 1245 locum
826 1189 1044 1260 plenum
1079 1189 1239 1243 bonis
1279 1186 1716 1250 admirabilibus,
1765 1193 1821 1242 et
1851 1200 1976 1242 eos-

409 1283 528 1336 dem
553 1289 902 1338 assecuturos
924 1295 1047 1335 esse
1069 1279 1304 1335 honores
1325 1294 1462 1350 quos
1478 1278 1633 1349 justi.
1654 1276 1769 1332 Hoc
1792 1286 1974 1332 autem

406 1381 490 1426 est
515 1371 760 1441 quedam
785 1385 912 1441 spes
941 1370 1144 1432 inanis,
1162 1369 1299 1424 falsa
1315 1369 1575 1439 opinione
1589 1368 1976 1439 prmstringeus

407 1464 597 1518 oculos
625 1463 840 1517 animae.
882 1459 1040 1526 Nam,
1075 1468 1136 1516 ut
1168 1461 1302 1517 mihi
1333 1459 1565 1523 videtur,
1601 1459 1871 1514 trifariam
1899 1458 1978 1513 di-

405 1557 665 1610 viduntur
688 1571 779 1611 res
806 1553 1112 1621 hominum,
1145 1553 1200 1608 in
1228 1567 1290 1607 ea
1317 1567 1439 1622 qua:
1463 1559 1818 1621 exspectatur
1840 1551 1971 1616 vita,

406 1656 461 1701 ut
494 1647 712 1702 interim
767 1646 941 1719 magis
976 1645 1273 1718 generatim
1323 1658 1387 1698 ea
1422 1657 1722 1714 persequar
1769 1643 1974 1713 absque

2085 465 2281 534 ἁθρόον
2329 465 2404 528 ὼς
2449 462 2736 516 ἐπιϐούλου
2792 463 3025 517 κλέπτου
3069 462 3163 518 τοῦ
3210 463 3442 519 θανάτου
3489 485 3661 523 κατα-

2083 555 2148 608 λα
2157 556 2470 626 μδάνοντος.
2533 554 2696 608 Ἀλλά
2739 556 2835 609 καὶ
2880 555 3182 620 πλεονάσας
3226 558 3256 610 ὁ
3295 556 3427 622 Θεὸς
3458 557 3553 630 τὴν
3576 561 3661 614 ot-

2083 649 2234 702 κείαν
2265 647 2646 718 μακροθυμίαν
2674 648 2768 700 καὶ
2805 645 3136 717 ἀγαθότητα,
3162 648 3506 714 καταξιώσας
3548 652 3658 706 τῶν

2084 738 2399 808 μυστηρίων
2429 737 2522 790 τὸν
2547 737 2963 806 ιφιλαμάρτητον
2995 737 3089 790 ἐπὶ
3116 738 3215 808 τῆς
3239 740 3476 810 ἐσχάτης
3518 741 3659 812 ἡμέ-

2085 843 2202 897 ρας,
2237 828 2336 880 οὐκ
2366 827 2510 880 ἔστιν
2541 827 2724 890 αὐτοῖς
2750 827 3004 880 τοσοῦτον
3040 831 3138 898 τῆς
3166 830 3554 900 πραγματείας
3599 831 3658 885 τὸ

2081 918 2295 989 κέρδος,
2359 919 2482 972 ὅσον
2534 919 2866 989 νομίζουσιν.
2933 918 3147 973 Οἶονται
3178 920 3286 992 γὰρ
3340 922 3502 986 εὐθὺς
3557 923 3654 994 μέν

2083 1006 2574 1078 ὕπανοιχθήσεσθαι
2595 1003 2709 1079 ’τὴν
2748 1007 3026 1079 βασιλείαν
3055 1009 3266 1074 αὐτοῖς’
3295 1011 3562 1081 λήψεσθαι
3597 1013 3653 1068 δέ

2079 1117 2201 1154 τινα
2223 1099 2398 1171 χῶρον
2409 1099 2629 1169 ἀγαθῶν
2650 1099 2892 1170 γέμοντα
2913 1099 3262 1170 θαυμαστῶν.
3285 1102 3500 1157 καὶτῶν
3522 1103 3653 1159 ἴσων

2079 1190 2479 1263 ἀξιωθήσεσθαι
2515 1193 2630 1253 τοῖς
2671 1191 2901 1257 δικαίοις
2951 1192 3146 1263 τιμῶν.
3202 1194 3276 1248 Τὸ
3316 1194 3375 1249 δέ
3401 1198 3532 1268 κενή
3569 1196 3654 1261 τίς

2081 1281 2230 1334 ἐστιν
2255 1281 2427 1348 ἐλπὶς,
2449 1278 2577 1352 δόξῃ
2603 1278 2788 1349 ψευδεῖ
2813 1281 2911 1353 τὴν
2956 1281 3134 1352 ψυχὴν
3162 1283 3519 1354 γοητεύουσα.
3567 1285 3654 1350 Ὠς

2080 1370 2188 1444 γάρ
2221 1371 2344 1442 ἐμοὶ¹
2376 1369 2645 1438 φαίνεται,
2673 1374 2834 1443 τριχῆ
2863 1372 2932 1426 τά
2972 1372 3080 1426 τῶν
3116 1373 3418 1443 ἀνθρώπων
3445 1375 3650 1450 διαιρε-

2081 1463 2304 1534 θήσεται
2330 1463 2421 1516 ἐπὶ
2448 1464 2546 1534 τῆς
2576 1464 3030 1536 προσδοκωμένης
3061 1465 3228 1536 ζωῆς,
3259 1467 3336 1532 ώς
3361 1469 3652 1536 γενικώτε-

2083 1570 2176 1625 ρον
2212 1553 2350 1616 τέως
2391 1555 2560 1625 χωρὶς
2601 1555 2994 1626 ὐπομερισμῶν
3033 1555 3280 1610 διελθεῖν.
3316 1559 3426 1611 Καὶ
3457 1560 3520 1613 τὸ
3555 1561 3650 1631 μὲν

2082 1646 2295 1717 πρῶτόν
2338 1645 2455 1698 ἐστι
2505 1645 2691 1716 τάγμα
2737 1645 2845 1699 τῶν
2887 1647 3186 1700 ἐπαινετῶν
3244 1649 3337 1702 καὶ
3388 1648 3646 1705 δικαίων·

388 1739 898 1798 subdivisionibus.
931 1738 997 1794 Et
1054 1737 1260 1808 primus
1309 1735 1528 1806 quidem
1576 1737 1682 1790 erit
1721 1734 1858 1789 ordo
1883 1749 1974 1790 eo-

2078 1737 2346 1809 δεύτερον,
2375 1736 2485 1790 τῶν
2512 1735 2637 1790 οὔτε
2678 1738 3025 1809 τιμωμένων,
3059 1738 3184 1793 οὔτε
3232 1737 3645 1813 κολαζομένων·

410 1849 527 1888 rum
558 1833 649 1903 qui
684 1839 812 1887 sunt
845 1824 1148 1886 laudabiles
1184 1836 1238 1884 et
1271 1827 1442 1897 justi;
1469 1827 1745 1882 secundus
1773 1833 1976 1891 autem,

390 1939 597 1978 eorum
638 1923 730 1993 qui
766 1937 941 1992 neque
971 1920 1312 1975 honorantur
1366 1932 1466 1974 nec
1491 1918 1832 1988 puniuntur;
1867 1926 1980 1973 ter-

408 2016 517 2070 tius
565 2023 742 2069 autem
796 2028 986 2068 eorum
1025 2012 1119 2082 qui
1175 2026 1273 2082 pro
1294 2011 1540 2082 peccatis
1591 2010 1722 2066 dant
1765 2001 1984 2079 pinnas.-

409 2105 511 2160 Ubi
555 2121 686 2175 ergo
715 2120 810 2160 eos
842 2118 1106 2175 ponemus
1136 2103 1228 2173 qui
1269 2105 1323 2158 in
1355 2101 1634 2173 exsrquiis
1654 2111 1980 2172 acceperunt

405 2197 610 2251 lavacri
642 2195 964 2251 beneﬁcium
992 2195 1016 2250 ἲ
1041 2193 1180 2249 Num
1212 2195 1563 2266 perspicuum
1600 2203 1683 2250 est
1714 2194 1858 2264 quod
1891 2194 1978 2248 in-

405 2297 488 2343 ter
517 2289 813 2348 secundos,
873 2287 1037 2358 idque
1063 2302 1185 2342 cum
1236 2287 1415 2351 venia,
1464 2295 1523 2340 ut
1559 2287 1671 2342 sint
1737 2285 1978 2341 hrrredes

403 2395 501 2450 per
530 2379 618 2433 Dei
659 2380 933 2449 propriam
975 2379 1381 2448 benignitatem.
1422 2377 1525 2444 Qui
1565 2377 1710 2432 enim
1759 2394 1856 2448 per
1885 2392 1976 2431 so-

398 2471 646 2526 cordiam
670 2479 725 2526 et
749 2471 1130 2540 negligentiam
1173 2470 1434 2540 prodidit,
1485 2485 1605 2540 qua:
1638 2481 1784 2524 rerte
1832 2479 1884 2524 et
1911 2485 1976 2524 ex

403 2561 606 2614 virtute
633 2557 786 2624 ﬁunt,
819 2573 928 2613 non
982 2565 1066 2614 est
1093 2557 1231 2613 liber
1259 2574 1288 2612 a
1313 2571 1473 2628 paena
1505 2567 1559 2613 et
1581 2559 1934 2614 damnatione
1959 2577 1972 2612 :

403 2652 672 2722 siquidem
718 2653 855 2707 velle
912 2651 1116 2706 malum
1156 2660 1241 2707 est
1283 2650 1448 2706 afﬁne
1493 2652 1886 2716 criminationi,
1923 2661 1976 2708 ct

405 2745 546 2798 bona
572 2743 775 2807 odisse,
807 2751 991 2812 aperte
1025 2743 1370 2799 insimulatur
1415 2743 1801 2814 improbitatis.
1835 2743 1974 2811 Quid

389 2849 532 2903 .ergo
578 2834 758 2902 magni
809 2833 1126 2893 lucraberis,
1171 2833 1218 2887 si
1259 2815 1297 2886 a
1329 2849 1500 2904 regno
1545 2835 1786 2898 excidas,
1826 2837 1975 2891 etab

410 2926 520 2980 illis
552 2926 836 2994 promissis
863 2941 984 2994 quae
1031 2940 1129 2979 nec
1158 2926 1348 2980 oculus
1388 2927 1542 2990 vidit,
1577 2942 1678 2982 nec
1709 2927 1860 2982 auris
1884 2944 1977 2982 au-

2079 1829 2258 1897 τρίτον
2296 1829 2403 1880 τῶν
2439 1827 2688 1882 διδόντων
2729 1828 2884 1892 δίκας
2913 1829 3053 1900 ὑπὲρ
3083 1822 3158 1884 ῶν
3192 1831 3646 1904 ἐπλημμέλησαν.

2079 1919 2188 1973 Ποῦ
2242 1920 2424 1973 τοίνυν
2479 1919 2713 1990 τάξομεν
2766 1921 2890 1982 τοὺς
2948 1922 3200 1991 ἐντάφιον
3244 1922 3508 1988 λαῦὁντας
3558 1924 3646 1978 τοῦ

2077 2010 2301 2081 λουτροῦ
2333 2011 2434 2081 τὴν
2483 2011 2833 2081 εὐεργεσίαν;
2881 2012 2951 2065 Ἦ
2991 2011 3276 2083 πρόδηλον,
3307 2014 3382 2079 ὡς
3434 2015 3494 2068 ἐν
3537 2017 3650 2078 τοῖς

2075 2103 2369 2174 δευτέροις,
2400 2103 2494 2157 καὶ
2529 2103 2686 2156 τοῦτο
2717 2103 2854 2174 μετὰ
2883 2103 3232 2178 συγγνώμης,
3261 2107 3348 2162 ἵνα
3379 2109 3526 2163 κατά
3556 2108 3650 2180 τὴν

2076 2193 2278 2248 οἰκείαν
2303 2194 2396 2246 τοῦ
2425 2193 2559 2247 Θεοῦ
2590 2195 3000 2268 φιλανθρωπίαν
3040 2197 3548 2271 κληροδοτήσωμεν.
3595 2202 3650 2256 ’0

2076 2284 2182 2356 γάρ
2213 2284 2354 2356 δκνῳ
2384 2285 2613 2356 προδοὺς
2640 2287 2709 2338 τὰ
2743 2287 2843 2356 τῆς
2876 2289 3077 2360 ἀρετῆς
3105 2290 3523 2362 κατορθώματα,
3549 2293 3649 2347 οὐκ

2075 2373 2355 2446 ἐλεύθερος
2404 2375 2602 2445 ζημίας
2637 2378 2730 2430 καὶ
2755 2378 3169 2447 καταγνώσεως,
3204 2382 3258 2434 εἴ
3279 2399 3342 2452 γε
3368 2382 3428 2436 τὸ
3462 2383 3650 2437 ἐθελο-

2075 2469 2262 2520 κακεῖν
2284 2465 2389 2519 ὑπὸ
2410 2468 2739 2540 κατηγορίαν
2763 2469 2973 2538 ἄγεται,
2999 2472 3095 2524 καὶ
3123 2473 3184 2526 τὸ
3217 2476 3390 2544 μισεῖν
3413 2475 3481 2528 τὰ
3505 2477 3650 2530 καλά

2074 2556 2338 2628 πρόδηλον
2365 2559 2477 2628 ἔχει
2520 2561 2620 2630 τῆς
2669 2561 2934 2634 πονηρίας
2963 2562 3053 2616 τὸν
3096 2563 3330 2635 ἔλεγχον.
3366 2565 3431 2619 Τί
3466 2567 3648 2621 τοίνυν

2077 2647 2220 2717 μέγα
2249 2647 2529 2719 κερδανεῖς
2574 2648 2679 2715 ἔξω
2707 2649 2920 2703 πίπτων
2950 2652 3047 2720 τῆς
3086 2651 3380 2721 βασιλείας,
3417 2655 3512 2708 καὶ
3537 2655 3647 2710 τῶν

2073 2737 2410 2806 ἐπαγγελιῶν
2449 2739 2692 2803 ἐκείνων,
2725 2740 2790 2804 ἃς
2835 2741 3108 2812 ὀφθαλμὸς
3140 2744 3240 2797 οὐκ
3283 2740 3388 2797 εἶδε
3420 2745 3514 2799 καὶ
3553 2742 3648 2810 οὖς

2071 2830 2170 2882 οὐκ
2197 2829 2458 2900 ἦκουσεν;
2502 2832 2576 2884 Οὐ
2620 2830 2952 2901 κολάζομαι,
2996 2833 3179 2903 φησὶν,
3212 2833 3331 2887 οὐδὲ
3373 2835 3649 2906 φοὸοῦμαι

2072 2919 2170 2983 τὰς
2208 2920 2467 2984 ἀπειλάς·
2518 2921 2792 2992 ἀρκοῦμαι
2824 2921 2881 2976 δὲ
2914 2922 2990 2993 τῷ
3019 2924 3096 2994 μὴ
3133 2922 3323 2978 παθεῖν
3358 2943 3410 2978 τι
3449 2921 3646 2993 δεινὸν,

407 3017 580 3071 divit?
602 3015 718 3071 Non
746 3017 961 3087 punior,
992 3018 1186 3088 inquit,
1210 3033 1388 3088 neque
1417 3020 1580 3074 timeo
1608 3021 1815 3086 minas;
1841 3021 1971 3076 satis

2078 3012 2210 3082 μήτε
2239 3010 2314 3074 ώς
2342 3010 2690 3095 κατορθώσας
2717 3030 2770 3065 τι
2797 3017 3040 3082 γενναῖον
3073 3015 3481 3088 ἀποδειχθῆναι.
3525 3019 3648 3072 Ἀν-

385 3117 583 3163 -autcm
632 3109 823 3173 habeo,
877 3110 923 3164 si
975 3125 1152 3179 neque
1196 3125 1360 3180 grave
1392 3110 1525 3181 quid
1558 3112 1756 3181 patiar,
1792 3128 1971 3183 neque

2078 3102 2336 3172 δραπόδου
2367 3081 2603 3174 πονηροῦ
2637 3106 2670 3174 ὴ
2717 3081 3052 3176 προαίρεσιςο
3087 3081 3328 3177 μύλωνξ
3354 3081 3512 3173 ἀξίου
3550 3112 3650 3165 καὶ

403 3201 719 3270 praeclarum
751 3200 954 3270 aliquid
985 3199 1182 3257 fecisse
1212 3203 1516 3257 renuntier.
1558 3201 1672 3258 Hoc
1719 3212 1805 3259 est
1839 3204 1971 3259 mali

2078 3193 2268 3264 δεσμοῦ
2308 3196 2403 3248 καὶ
2447 3197 2746 3266 μαστίγων,
2792 3197 3009 3252 ἐκδῦναι
3059 3199 3216 3269 μόνον
3245 3200 3344 3265 τάς
3373 3202 3648 3275 τιμωρίας

389 3295 549 3348 servi
587 3294 918 3357 institutum,
950 3295 1041 3364 qui
1074 3295 1289 3364 pistrini
1316 3303 1370 3350 et
1400 3296 1739 3350 vinculorum
1789 3305 1844 3352 et
1871 3295 1970 3351 lla-

2078 3284 2458 3350 σπουδάζοντος
2477 3301 2490 3315 ’
2538 3285 2843 3358 ἐλευθερίου
2890 3289 2946 3342 δέ
2977 3290 3133 3363 δόξης
3161 3292 3254 3345 καὶ
3280 3293 3390 3347 τῶν
3419 3296 3482 3347 ἐκ
3506 3293 3648 3366 λαμ-

402 3400 627 3454 grorum
671 3387 846 3440 solum
895 3385 1078 3440 studet
1109 3388 1283 3442 vitare
1331 3388 1640 3457 supplicia;
1692 3388 1969 3444 liberalem

2078 3377 2336 3448 πρότητος
2378 3378 2572 3449 τιμῶν,
2598 3380 2717 3433 οὑδὲ
2760 3380 2899 3434 κατὰ
2943 3381 3138 3453 μικρὸν
3176 3383 3648 3455 ἀντιποιουμένου.

401 3491 580 3536 autem
615 3481 840 3549 gloriam
880 3490 934 3535 et
978 3481 1247 3535 honorum
1299 3483 1644 3552 splendorem
1688 3498 1755 3538 ne
1789 3485 1972 3539 tantil-

2083 3469 2282 3539 Ἐχθρά
2321 3469 2535 3523 πάντων
2577 3469 2715 3542 αὑτὴ
2747 3471 2854 3524 τῶν
2884 3471 3055 3540 άγίων
3084 3473 3258 3546 φωνὴ,
3286 3475 3506 3530 ἐναντία
3536 3478 3649 3531 τῶν

402 3571 512 3624 lum
544 3570 763 3640 quidem
789 3570 893 3624 sibi
934 3570 1190 3624 vindicat.
1236 3570 1333 3628 His
1379 3581 1464 3627 est
1506 3574 1724 3628 inimica
1759 3582 1813 3629 et
1849 3591 1972 3628 con-

2078 3561 2166 3612 ἀπ’
2192 3558 2388 3623 αἰῶνος
2431 3559 2612 3613 ὁσίων.
2644 3560 2870 3615 Ἐκεῖνοι
2917 3560 3026 3634 γὰρ
3074 3564 3308 3628 ἅπαντες
3344 3566 3472 3629 τοὺς
3505 3567 3648 3639 ὑπὲρ

403 3660 568 3713 traria
601 3676 700 3714 vox
729 3660 971 3714 omnium
999 3667 1337 3724 sanctorum,
1365 3661 1460 3730 qui
1485 3659 1705 3716 fuerunt
1733 3661 1803 3716 ab
1830 3676 1966 3716 aevo.

2078 3653 2382 3725 παρρησίας
2424 3654 2700 3718 κινδύνους
2735 3655 3049 3726 ἠγάπησαν,
3091 3657 3184 3709 κα)⁵
3228 3660 3487 3728 παρεῖχον
3533 3662 3649 3723 τοῖς

401 3749 479 3802 llli
509 3751 652 3804 enim
688 3765 880 3806 omnes
915 3765 1010 3818 pro
1039 3750 1236 3806 ﬁducia
1266 3751 1320 3804 in
1359 3749 1525 3805 Deum
1559 3759 1612 3805 et
1653 3751 1821 3806 libera
1845 3751 1969 3806 ﬁdei

2078 3746 2410 3817 βουλομένοις
2435 3747 2650 3816 τέμνειν
2681 3747 2773 3801 καὶ
2801 3747 3043 3816 φονεύειν
3070 3743 3326 3814 ποικίλως
3360 3751 3420 3803 τὸ
3457 3751 3647 3822 σῶμα,

403 3841 748 3896 confessione
805 3843 1045 3911 pericula
1110 3842 1448 3906 dilexerunt,
1513 3849 1567 3897 ct
1621 3844 1972 3914 praebuerunt

2078 3842 2166 3894 καὶ
2206 3839 2340 3910 πρὸς
2387 3841 2575 3894 οὐδένα
2622 3841 2918 3895 ώδινόντων
2957 3841 3402 3913 ἐμαλακίσθησαν
3453 3840 3649 3911 ἆθλον,

403 3948 603 4001 corpus
635 3933 941 3987 volentibus
965 3933 1260 3988 secandum
1291 3941 1345 3988 et
1378 3934 1527 3989 varie
1553 3935 1913 3990 occidendum
1952 3951 1966 3989 :

2078 3931 2159 3986 τοῦ
2208 3933 2438 4003 αἵματος
2482 3933 2576 3986 καὶ
2617 3933 2725 3986 τῶν
2774 3933 3302 4005 ἀνδραγαθημάτων,
3344 3934 3441 4004 τὴν
3483 3936 3545 3989 ἐν
3579 3942 3650 4008 τῇ

393 4040 500 4077 «nec
529 4024 636 4076 ulla
671 4039 726 4079 re
759 4039 951 4093 aspera
988 4023 1148 4078 fracti
1181 4033 1309 4078 sunt
1332 4038 1398 4078 ac
1438 4024 1654 4088 molliti,
1685 4024 1969 4094 sanguinis

2078 4023 2319 4095 βασιλείᾳ
2377 4024 2484 4076 τῶν
2545 4025 2788 4096 οὐρανῶν
2849 4024 3253 4097 προσδοκῶντες
3316 4027 3502 4095 τιμήν.
3567 4029 3651 4080 Δι’

398 4121 453 4168 et
485 4129 665 4168 rerum
697 4115 955 4184 praeclare
1007 4124 1284 4184 gestarum
1321 4114 1600 4184 praemium
1650 4123 1971 4186 exspectan-

2078 4115 2290 4167 ἐκείνων
2341 4113 2591 4186 Ἀϐραὰμ
2629 4116 2721 4169 τὸν
2772 4116 2887 4169 υἱὸν
2920 4116 3274 4187 προσταχθεὶς
3322 4116 3512 4171 ἔθυσε·
3550 4123 3652 4174 καὶ⁵

404 4213 505 4268 tes,
536 4205 821 4269 honorem,
851 4207 942 4276 qui
976 4216 1058 4262 est
1089 4207 1141 4260 in
1195 4222 1362 4277 regno
1397 4209 1684 4266 cmlorum.
1744 4207 1970 4279 Propter

2078 4205 2312 4276 Μωῦσῆς
2360 4206 2640 4277 ἐνεμόχθει
2699 4211 2810 4273 τοῖς
2857 4208 3046 4272 δεινοῖς
3094 4213 3192 4280 τῆς
3243 4211 3491 4281 ἐρήμου*
3552 4214 3650 4267 καὶ

402 4295 551 4351 illum
585 4297 773 4366 jussus
796 4297 1067 4353 Abraham
1100 4298 1268 4353 filium
1295 4300 1665 4364 sacriﬁcavit;
1698 4309 1749 4356 et
1791 4300 1968 4358 Moses

2085 4297 2269 4360 Ἠλίας
2291 4297 2380 4351 τὸν
2421 4297 2626 4369 ἔρημον
2673 4299 2766 4370 ἔζη
2819 4299 2932 4370 βίον
2970 4299 3064 4373 καί
3112 4298 3482 4370 ἀθεράπευτον
3505 4319 3520 4332 ·
3553 4306 3652 4357 καὶ

402 4387 666 4443 laboravit
693 4390 746 4444 in
778 4391 986 4460 asperis
1009 4390 1208 4446 deserti
1249 4391 1686 4456 difﬁcultatibus,
1739 4403 1791 4449 et
1827 4395 1970 4450 Elias

2078 4385 2273 4450 πάντες
2320 4388 2592 4458 προφῆται
2633 4388 2814 4460 διῆγον
2863 4390 2922 4443 ἐν
2974 4388 3282 4460 μηλωταῖς,
3315 4391 3375 4443 ὲν
3413 4393 3649 4460 αἰγείοις

401 4478 458 4533 in
489 4479 781 4534 solitudine
811 4480 976 4533 vitam
1026 4482 1138 4551 egit
1189 4499 1437 4553 asperam
1478 4493 1532 4538 et
1565 4493 1871 4550 austeram;
1916 4498 1971 4542 et

2078 4478 2351 4552 δέρμασιν,
2375 4477 2699 4552 θλιϐόμενοι,
2735 4481 3178 4552 κακουχούμενοι.
3225 4482 3396 4554 ’Υπὲρ
3425 4485 3650 4554 ἐκείνης

401 4571 902 4641 οιιιιιεεκρτοριιοιω
933 4573 1181 4628 vixerunt
1218 4577 1270 4629 in
1298 4577 1476 4630 ovinis
1500 4585 1553 4630 et
1579 4577 1818 4647 caprinis
1850 4579 1968 4649 pel-

2078 4569 2454 4638 εὐαγγελισταὶ
2488 4569 2559 4623 τὰ
2596 4569 2734 4640 ὑπὲρ
2767 4569 2859 4622 τοῦ
2892 4570 3220 4638 Εὑαγγελίου
3267 4571 3511 4642 ἔπασχον
3538 4574 3651 4627 στίο

400 4661 564 4728 libus,
603 4661 786 4715 amicti
813 4664 877 4717 et’
902 4663 1100 4718 vexati.
1134 4663 1240 4718 Pro
1295 4666 1385 4720 illo
1435 4667 1781 4737 evangelista:
1825 4662 1969 4738 passi

2078 4677 2284 4732 γματα,
2321 4661 2417 4715 κα)⁴
2462 4661 2738 4733 μάρτυρες
2778 4663 2896 4724 ταῖς
2923 4660 3174 4716 κολάσεσι
3205 4665 3323 4728 ταῖς
3354 4664 3515 4736 παρά
3540 4666 3650 4719 τῶν

399 4764 530 4808 sunt
564 4753 820 4824 stigmata
859 4769 959 4824 pro
989 4754 1300 4827 Evangelia,
1328 4765 1381 4812 et
1423 4769 1690 4830 martyres
1715 4759 1966 4815 decerta-

2078 4753 2348 4823 τυράννων
2394 4753 2809 4824 ἐνηγωνίσαντο,
2833 4752 2925 4805 καὶ
2966 4754 3094 4820 πᾶς,
3123 4753 3278 4818 εἴτις
3304 4755 3528 4825 ἀληθῶς
3558 4758 3646 4810 λο-

402 4852 528 4897 runt
557 4843 819 4900 adversus
850 4852 1124 4901 tormenta
1155 4854 1535 4918 tyrannorum.
1561 4848 1625 4902 Et
1654 4850 1966 4920 quicunque

2078 4841 2222 4910 γικὸς
2251 4842 2344 4894 καὶ
2363 4841 2526 4895 είκὼν
2555 4840 2650 4895 τοῦ
2673 4840 2806 4894 Θεοῦ
2827 4882 2840 4908 ,
2871 4843 2965 4894 καὶ
2991 4841 3310 4912 συγγένειαν
3337 4845 3482 4916 ἔχων
3515 4848 3643 4920 πρὸς

401 4945 484 4990 cst
503 4950 628 4990 vere
659 4938 870 4992 ratione
897 4937 1182 5008 prmditus,
1215 4945 1269 4992 et
1298 4937 1392 4993 Dei
1430 4939 1630 5010 imago,
1666 4947 1719 4996 et
1762 4940 1969 4996 habens

2078 4933 2133 4986 τὰ
2165 4931 2342 5004 ὑψηλά
2371 4933 2461 4985 καὶ
2489 4931 2745 5003 οὐράνια,
2773 4931 2893 4985 οὐδὲ
2919 4928 3057 4986 εἶναι
3092 4933 3336 5004 βούλεται
3363 4935 3491 4991 οὐδὲ
3519 4955 3644 4991 συνο

400 5027 780 5098 cognalionem
819 5045 941 5084 cum
984 5030 1052 5086 iis
1079 5045 1200 5101 quae
1235 5040 1362 5085 sunt
1385 5033 1599 5088 excelsa
1629 5041 1683 5088 et
1705 5034 1967 5094 caelestia,

2078 5023 2356 5094 εγερθῆναι
2403 5025 2514 5086 τοῖς
2559 5021 3010 5094 ἀναδιωσομένοις
3063 5025 3401 5098 ἀνθρώποις·
3471 5030 3521 5082 εί
3562 5029 3651 5102 μὴ

403 5131 468 5168 ne
496 5115 608 5168 vult
645 5118 865 5186 quidem
918 5135 1059 5180 esse,
1110 5137 1288 5192 neque
1320 5123 1482 5178 simul
1541 5124 1798 5179 suscitari
1840 5139 1967 5178 cum

2078 5116 2248 5186 μέλλοι
2295 5113 2633 5168 ἐπαινεῖσθαι
2666 5113 2816 5184 παρὰ
2853 5113 2944 5167 τοῦ
2976 5115 3108 5169 Θεοῦ
3153 5115 3230 5180 ώς
3267 5118 3476 5186 ἀγαθὸς
3523 5119 3656 5173 δοῦπ-

401 5205 732 5272 hominibus,
769 5209 861 5278 qui
903 5211 1257 5276 reviviscunt.
1284 5215 1393 5272 nisi
1433 5216 1503 5272 sit
1544 5232 1574 5270 a
1606 5215 1715 5272 Deo
1752 5217 1972 5271 laudan-

2078 5211 2175 5270 λος,
2221 5207 2314 5260 καί
2359 5223 2518 5259 τινων
2568 5203 2846 5270 ἀξιοῦσθαι
2893 5205 3093 5275 γερῶν.
3163 5206 3284 5261 Ἐπὶ
3342 5209 3518 5283 ταύτῃ
3570 5213 3659 5282 τῇ

400 5296 502 5350 dus
535 5306 594 5350 ut
627 5297 801 5354 bonus
831 5315 1044 5368 servus,
1099 5304 1373 5375 aliquibus
1424 5308 1622 5377 dignus
1656 5307 1964 5362 censendus

2078 5297 2383 5370 προαιρέσει
2413 5296 2507 5350 καὶ
2540 5297 2568 5349 ὁ
2593 5294 2757 5348 Δασιδ
2779 5295 2877 5364 τῆς
2902 5294 3102 5364 ἐλάφου
3127 5297 3225 5371 τὴν
3257 5298 3416 5368 δίψαν
3443 5302 3664 5355 οἰκεῖον

401 5385 718 5445 honoribus.
761 5389 989 5462 Propter
1043 5395 1144 5450 hoc
1200 5396 1508 5452 institutum
1539 5396 1708 5453 David
1749 5413 1964 5468 quoque

2078 5391 2371 5460 ὑπόδειγμα
2395 5389 2625 5440 ποιεῖται
2648 5387 2743 5456 τῆς
2769 5387 2963 5440 ἑαυτοῦ
2993 5389 3130 5458 πρὸς
3155 5388 3286 5444 Θεὸν
3309 5392 3620 5462 ἐπιθυμίας
3647 5413 3666 5427 ο

397 5478 541 5533 (θινὶ
562 5479 706 5535 sitim
731 5483 928 5554 accipit
954 5483 1016 5552 “,
1042 5493 1100 5542 ut
1129 5487 1400 5552 ostendat,
1421 5495 1686 5558 quantum
1713 5488 1783 5541 sit
1803 5502 1960 5543 suum

2078 5485 2163 5537 Kal.
2199 5483 2323 5535 ἰδεῖν
2373 5478 2586 5548 εὔχεται
2628 5478 2686 5532 τὸ
2729 5478 3018 5558 πρόσωπον
3072 5481 3166 5534 τοῦ
3191 5480 3348 5558 Θεοῦ,
3385 5482 3471 5537 ἵνα
3517 5486 3678 5553 ταῖς

471 5655 514 5686 ’δ
565 5653 706 5710 Psal.
757 5656 944 5714 sane.
