3896 6204
273 217 377 277 ιιθ

1675 199 1763 257 ΒΕ
1800 201 2160 260 ΒΑΡΤΙΞΜΟ.

3429 209 3536 266 630

261 331 498 402 νοηταῖς
526 322 864 398 ἐνευφρανθῇ
896 322 1192 390 δεξιώσεσι.
1238 320 1347 374 Καὶ
1391 318 1602 383 Παῦλος
1640 317 1858 389 εὔχεται

1967 317 2020 370 in
2054 315 2224 371 Deum
2253 314 2625 381 desiderium;
2664 325 2716 370 ct
2759 323 2909 387 aptat
2944 315 3128 374 videre
3169 316 3262 374 Dei
3302 319 3534 382 vultum,

261 422 649 493 ἓκδυσάμενος
678 419 778 488 τὴν
832 419 1011 487 σάρκα
1055 415 1132 478 ῶς
1172 412 1268 466 καὶ
1297 411 1434 484 βαρὺ
1480 412 1573 465 καὶ
1603 409 1858 481 φορτικὸν

259 516 532 588 ἱμάτιον,
564 510 828 567 ἀναλῦσαι
875 508 973 563 καὶ
999 507 1096 561 σὺν
1149 504 1372 577 Χριστῷ
1418 500 1586 558 εἶναι·
1640 503 1859 566 παντως

263 605 578 676 ἀμφότεροι
623 598 1021 670 φανταζόμενοι
1064 595 1160 666 τὴν
1203 593 1478 665 μακαρίαν
1523 592 1859 662 εὐφροσύνην

265 699 376 750 καὶ
419 692 815 764 ἀμετάϐλητον.
860 689 999 744 Eilis
1045 688 1261 756 ἐκείνης
1291 687 1432 758 ἔρως
1462 685 1656 748 οὐδεὶς,
1682 685 1859 738 πάντα

269 787 495 858 ἀληθῶς
525 785 593 838 τὰ
631 784 790 844 ἄλλα,
826 779 968 836 κατὰ
995 780 1086 834 τὸν
1131 777 1556 850 Ἐκκλησιαστὴν
1575 817 1590 842 ,
1639 778 1862 848 ματαιό-

265 896 376 950 της
413 876 825 949 ματαιοτήτων.

347 1052 584 1122 die-372::
613 1049 814 1113 τοίνυν,
843 1046 1039 1118 ἄνδρες
1062 1043 1398 1117 Χριστιανοὶ,
1425 1043 1672 1112 κλήσεως
1700 1044 1854 1097 ἐπουο

273 1145 469 1218 ρανὶοιι
494 1144 734 1214 μέτοχοι,
767 1137 948 1194 πᾶσαν
990 1137 1197 1191 ἔννοιαν
1232 1136 1491 1206 τοιαύτην
1526 1135 1739 1206 λῃστῶν
1768 1135 1861 1189 καὶ

275 1237 606 1308 κακούργων
639 1234 819 1299 ἀξίαν,
853 1230 986 1303 μηδὲ
1028 1229 1189 1284 τοῦτο
1220 1227 1553 1300 μακαριστὸν
1582 1227 1860 1298 ἡγήσησθε

272 1330 337 1383 τὺ
383 1327 610 1398 φεύγειν
653 1322 957 1395 τιμωρίαν,
1010 1320 1125 1375 ἀλλ’
1170 1320 1439 1390 ὲράσθητε
1492 1319 1712 1390 δωρεῶν
1766 1317 1862 1371 καὶ

277 1419 562 1489 στεφάνων
583 1433 597 1447 ·
632 1415 727 1479 οὓς
751 1417 781 1468 ό
805 1413 939 1476 Θεὸς
967 1414 1081 1476 τοῖς
1099 1410 1360 1483 ἀθληταῖς
1386 1410 1486 1480 τῆς
1515 1407 1862 1478 δικαιοσύνης

273 1511 638 1582 ηὐτρέπισενο
682 1504 1061 1574 ἐπιθυμήσατε
1104 1501 1477 1571 βαπτίσματος
1507 1497 1860 1562 ἀδόλωςολόι-

275 1603 405 1656 ϐετε
435 1600 498 1653 τὺ
519 1598 799 1659 τάλαντον,
829 1595 925 1648 κα)⁸
953 1591 1216 1664 πρόσθετε
1240 1593 1338 1662 τὴν
1371 1589 1652 1662 ἐργασίανο
1688 1588 1862 1652 οὕτως

1964 416 2021 461 ιιι
2052 407 2390 463 exhilaretur
2416 408 2781 478 amplexibus,
2813 410 2906 479 qui
2949 410 3155 465 cadunt
3204 412 3308 467 sub
3337 413 3538 467 intelli-

1960 498 2220 569 gentiam.
2277 497 2342 552 Et
2394 497 2596 554 Paulus
2630 508 2781 569 Optat
2840 508 3001 555 exuta
3052 516 3218 557 carne
3274 510 3536 574 tanquam

1961 589 2108 656 gravi
2161 597 2216 644 et
2289 591 2515 645 molesta
2581 600 2768 654 veste,
2821 590 3046 646 dissolvi
3115 603 3168 647 et
3223 608 3347 649 esse
3409 609 3534 648 cum

1959 681 2182 736 Christo
2224 683 2270 713 ⁸⁵
2311 699 2325 736 :
2369 681 2529 738 ambo
2565 683 2790 738 olunino
2846 682 3154 753 cogitantes
3201 684 3414 739 beatam
3483 694 3537 739 et

1964 773 2358 828 immutabilem
2411 773 2672 828 lzutitiam.
2727 773 2885 841 Quod
2951 774 2998 830 si
3055 775 3238 830 nullus
3290 776 3364 830 sit
3413 775 3536 847 ejus

1963 880 2140 929 amor,
2164 867 2346 920 omnia
2385 866 2511 930 alia,
2556 875 2612 920 ιιι
2657 881 2785 922 vere
2814 867 2952 927 dicit
2998 866 3377 934 Ecclesiastes,
3406 879 3536 926 sunt

1964 956 2231 1012 vanitates
2264 956 2562 1012 vanitatntn
2599 957 2662 1010 ‘°.

2034 1044 2221 1117 Fugite
2249 1061 2398 1118 ergo.
2427 1047 2527 1102 viri
2566 1047 2886 1115 Christiani,
2941 1050 3238 1121 participes
3296 1051 3537 1107 cmlestis

1961 1137 2289 1202 vocationis,
2321 1152 2539 1194 onmem
2589 1137 2730 1193 hanc
2760 1139 3173 1209 cogitationem,
3231 1141 3540 1196 latronibus

1961 1227 2175 1297 dignam
2208 1238 2264 1283 et
2310 1228 2597 1293 maleficis,
2632 1243 2809 1298 neque
2844 1229 3062 1284 beatum
3105 1230 3419 1286 existimate
3451 1231 3538 1284 fn-

1962 1332 2088 1386 gere
2119 1318 2446 1388 supplicium
2475 1335 2488 1381 ;
2526 1317 2620 1374 sed
2647 1320 2785 1372 dona
2824 1328 3004 1374 amate
3031 1328 3087 1376 et
3118 1335 3374 1385 coronas,
3400 1339 3539 1393 quas

1969 1407 2108 1462 licus
2139 1409 2345 1476 paravit
2399 1409 2624 1462 athletis
2652 1409 3178 1479 justitiaz;expetite
3208 1411 3536 1480 baptismum

1961 1498 2080 1552 sine
2131 1498 2340 1562 fraude,
2399 1500 2630 1568 accipite
2676 1503 2978 1565 talentum,
3013 1510 3065 1556 et
3119 1511 3309 1557 curate
3356 1518 3424 1558 ne
3467 1505 3540 1557 sit

1963 1589 2199 1645 otiosum
2230 1607 2242 1642 ι
2279 1592 2352 1644 ita
2406 1591 2671 1661 enitu,.ut
2735 1593 2847 1646 vult
2899 1593 3176 1663 parabola,
3224 1591 3538 1648 efficiemini

281 1696 395 1765 γὰρ
432 1693 576 1746 κατά
622 1691 717 1760 τὴν
762 1685 1078 1758 παραϐολὴν
1107 1683 1370 1755 ἡγεμόνες
1398 1683 1530 1736 δέκα
1559 1680 1855 1752 γενήσεσθε

1967 1681 2124 1736 Juees
2164 1681 2348 1736 decem
2385 1682 2668 1737 civitatum
2709 1684 2770 1738 ⁸⁷.
2827 1682 2929 1749 Qui
2961 1698 3092 1756 ergo
3140 1685 3388 1754 sepultus
3436 1685 3540 1740 fuit

290 1787 521 1841 πόλεων.
561 1785 615 1838 '0
641 1782 696 1835 δέ
717 1783 1005 1848 συνταφεὶς
1032 1778 1109 1848 τῷ
1137 1776 1492 1848 βαπτίσματι,
1517 1774 1750 1846 ἔκρυψεν
1779 1773 1860 1837 είς

292 1877 398 1947 γῆν
427 1875 488 1929 τὸ
527 1874 803 1935 τάλαντον,
846 1874 942 1924 καὶ
973 1867 1190 1930 πάντως
1240 1866 1462 1920 ἐκείνων
1495 1866 1717 1920 ἀκούσει
1751 1864 1862 1918 τῶν

291 1972 423 2040 πρὸς
445 1966 534 2019 τὸν
563 1964 749 2018 δοῦλον
783 1961 952 2032 ἀργὸν
994 1959 1292 2030 λεχθέντων
1325 1959 1419 2012 καὶ
1448 1957 1710 2028 ῥᾴθυμον.
1747 1959 1860 2010 Κα-

289 2057 392 2121 λῶς
418 2059 447 2110 ὁ
477 2053 835 2125 νεοφώτιστος
857 2053 924 2106 ἂν
949 2053 1016 2122 τῇ
1050 2051 1229 2104 πίστει
1261 2049 1470 2120 συνάψῃ
1497 2050 1593 2120 τὴν
1623 2048 1761 2103 ἐντώ
1773 2048 1859 2119 ὴν,

286 2151 378 2204 ἐπὶ
422 2147 606 2200 πλεῖον
659 2143 812 2197 οὐδὲν
859 2141 973 2212 ἔχει
1019 2139 1113 2194 τοῦ
1162 2139 1515 2210 ἀνεγκλήτου.
1567 2138 1863 2210 Δεσμώτης

281 2240 581 2309 ἐτύγχανεν
631 2235 844 2306 μυρίοις
882 2231 1220 2302 ἐγκλήμασιν
1261 2228 1584 2293 ὑπεύθυνος,
1612 2228 1863 2293 δεδοικὼς

277 2331 336 2384 τὸ
396 2329 720 2397 κριτήριον,
765 2321 988 2394 τρόμων
1036 2319 1146 2374 τῶν
1209 2318 1448 2372 εὐθυνῶν
1504 2318 1593 2370 τὸν
1651 2317 1858 2388 καιρόν.

276 2416 491 2474 Ἦλθεν
546 2414 741 2483 ἀθρόον
792 2409 1052 2482 βασιλέως
1097 2407 1514 2480 φιλανθρωπία,
1567 2407 1747 2478 ἡνοιξε
1801 2406 1864 2459 τὸ

273 2511 693 2581 δεσμωτήριον,
747 2505 926 2575 ἀφῆκε
973 2504 1098 2566 τοὺς
1158 2500 1442 2572 πονηρούς.
1490 2497 1554 2554 '0
1600 2498 1700 2571 μὲν
1741 2497 1866 2562 δοὺς

271 2608 376 2676 τὴν
418 2604 601 2674 χάμν,
645 2597 920 2671 ὑμνείσθω
965 2597 1060 2650 καὶ
1097 2594 1528 2667 προσκυνείσθω,
1559 2593 1636 2656 ὡς
1665 2591 1867 2661 ἀγαθό-

273 2709 444 2763 τητος
477 2688 767 2761 περιουσία
799 2685 978 2748 σώσας
1021 2685 1149 2748 τοὺς
1173 2683 1450 2760 τὴνῠζωὴν
1483 2683 1585 2738 οὐκ
1621 2683 1867 2748 ἐλπίζον-

271 2801 415 2847 ταςο
458 2785 488 2837 ὁ
541 2781 600 2834 δὲ
651 2777 964 2851 γνωριςέτω
1015 2775 1242 2841 ἑαυτὸν,
1304 2776 1362 2828 ἐν
1405 2775 1750 2845 ταπεινότητι
1789 2774 1869 2828 δι-

272 2874 496 2941 αγέτω·
531 2871 604 2943 μὴ
631 2870 707 2934 ὡς
735 2867 1084 2939 κατορθώσας
1114 2884 1167 2920 τι
1211 2865 1516 2932 διακείσθω,
1546 2866 1732 2936 ἐπειδὴ
1760 2865 1868 2921 τῶν

269 2963 500 3028 δεσμῶν
533 2961 717 3031 ἐλύθη.
752 2961 982 3029 ’Λφεσις
1029 2957 1138 3027 γὰρ
1175 2955 1535 3026 ἐγκλημάτων
1585 2954 1680 3008 τὸν
1720 2955 1868 3009 ἔλεον

275 3055 703 3127 προσμαρτυρεῖ
747 3050 827 3122 τῷ
869 3050 1304 3120 συγχωρήσαντι,
1349 3048 1410 3100 ού
1440 3047 1548 3118 μὴν
1573 3046 1866 3116 εὐδοκιμή-

277 3165 400 3201 σειν
439 3145 522 3215 τῷ
566 3143 848 3213 asangm.
883 3141 942 3194 Ὀ
973 3139 1154 3194 λαϐὼν
1193 3140 1256 3192 τὸ
1301 3139 1399 3210 τῆς
1448 3136 1866 3207 παλιγγενεσίας

275 3238 531 3304 λουτρὸν,
573 3237 755 3306 ὅμοιος
802 3232 1106 3305 στρατιώτῃ
1130 3231 1234 3302 νέῳ
1266 3231 1526 3299 ὑπόγυιον
1566 3229 1866 3301 ἐναριομη-

280 3332 432 3386 θέντι
481 3330 594 3391 τοῖς
619 3328 917 3389 όπλιτικοίς
959 3323 1300 3392 καταλόγοις,
1343 3321 1568 3393 μηδέπω
1595 3320 1650 3374 δὲ
1698 3321 1866 3391 μηδὲν

284 3422 707 3493 ἐπιδεδειγμένῳ
751 3418 1139 3489 στρατιωτικὸν
1169 3418 1204 3490 ἢ
1236 3421 1505 3487 γενναῖον.
1546 3410 1866 3488 Ὣσπεροῦν

284 3519 490 3580 ἐκεῖνος
532 3514 852 3585 ἀνελόμενος
897 3512 996 3583 τὴν
1022 3510 1219 3582 ζώνην,
1254 3511 1347 3563 καὶ
1380 3509 1476 3580 τὴν
1513 3507 1732 3578 χλανίδα
1763 3507 1865 3576 ἐμ-

281 3605 744 3678 ιτορπησὰμενος,
791 3604 891 3658 οὐκ
937 3603 1100 3666 εὐθὺς
1142 3601 1330 3656 ἑαυτὸν
1375 3599 1603 3666 ἀριστέα
1634 3599 1862 3670 νομίζει,

277 3700 407 3752 οὖδέ
435 3696 674 3769 προσιὼν
705 3695 841 3768 μετὰ
872 3695 1180 3766 παρρησίας
1224 3693 1302 3764 τῷ
1329 3693 1537 3764 βασιλεῖ
1558 3693 1634 3754 ώς
1669 3692 1868 3761 γνὼριο

278 3809 388 3863 μος
421 3788 748 3856 διαλέγεται,
775 3787 894 3842 οὐδὲ
917 3787 1144 3860 χάριτας
1167 3788 1312 3840 αἰτεῖ
1330 3785 1429 3848 τὰς
1450 3784 1558 3837 τῶν
1582 3784 1867 3854 καμόντων

276 3883 378 3935 καὶ
409 3878 755 3932 πονεσάντιον
777 3897 792 3910 ο
829 3875 1002 3940 οὕτως
1038 3875 1171 3947 μηδὲ
1204 3875 1268 3929 σὺ
1298 3872 1474 3944 τυχὼν
1502 3874 1597 3945 τῆς
1625 3874 1863 3944 χάριτος,

277 3969 397 4022 οἴου
442 3968 563 4028 τοῖς
603 3964 824 4030 δικαίοις
872 3965 1220 4036 συζήσεσθαι,
1252 3963 1503 4035 καὶπρὸς
1526 3963 1616 4016 τὸν
1643 3963 1866 4016 ἐκείνων

275 4055 623 4130 ἀχθήσεσθαι
669 4057 890 4128 κλῆρον,
930 4056 995 4110 ἂν
1030 4056 1106 4128 μὴ
1136 4055 1364 4121 πολλοὺς
1401 4056 1699 4126 ὑπομείνῃς
1723 4054 1867 4124 ὑπὲρ

273 4149 572 4208 εὐσεϐείας
609 4149 916 4212 κινδύνους,
947 4149 1041 4202 καὶ
1081 4147 1396 4219 πολεμήσῃς
1436 4150 1502 4219 τῇ
1547 4147 1731 4218 σαρκὶ,
1773 4146 1866 4199 καὶ

278 4243 403 4311 μετ’
452 4240 671 4312 ἐκείνης
717 4239 796 4309 τῷ
846 4239 1094 4310 διαϐόλῳ,
1150 4239 1242 4292 καὶ
1288 4238 1551 4308 γενναίως
1606 4237 1867 4307 ἀντισκῇς

1967 1775 2128 1829 simul
2153 1788 2277 1828 cum
2314 1774 2606 1844 baptismo,
2676 1775 2937 1830 talentum
2972 1775 3258 1830 abscondit
3287 1777 3340 1830 in
3371 1789 3537 1839 terra,

1961 1875 2013 1920 ct
2059 1867 2284 1920 omnino
2321 1867 2407 1919 illa
2436 1867 2638 1931 audiet,
2672 1881 2792 1937 quze
2823 1866 2966 1921 dicta
2996 1877 3124 1921 sunt
3176 1881 3336 1922 servo
3362 1867 3540 1921 otioso

1963 1965 2014 2009 ct
2058 1956 2353 2027 ttrgligettti
2381 1956 2444 2010 ⁸⁸.
2476 1954 2641 2012 ttccte
2676 1956 2743 2022 is,
2776 1955 2868 2027 qui
2920 1969 3006 2010 εει
3035 1970 3226 2012 recens
3266 1956 3538 2010 illumina-

1963 2057 2072 2107 tus.
2104 2050 2148 2102 si
2180 2047 2302 2102 ﬁdei
2351 2062 2458 2106 non
2506 2047 2742 2118 amplius
2777 2048 3091 2103 mandatum
3124 2047 3429 2118 conjunxit,
3457 2047 3541 2100 ni-

1967 2139 2038 2192 hil
2073 2140 2234 2193 habet
2267 2139 2414 2208 quod
2462 2155 2567 2194 non
2618 2140 2690 2194 sit
2749 2138 2913 2196 affine
2969 2138 3362 2194 criminationi.
3418 2136 3542 2192 Fin:

1966 2227 2212 2292 vinctus,
2288 2228 2776 2284 innumerabililnts
2849 2227 3174 2284 criminibus
3249 2229 3539 2290 obnoxius,

1957 2320 2166 2376 timens
2213 2319 2504 2391 jttdicituu,
2538 2305 2769 2376 horretis
2811 2329 3024 2391 tempus
3057 2319 3342 2376 reddenda:
3378 2321 3543 2374 ratic-

1968 2410 2072 2464 nis.
2118 2409 2278 2466 Venit
2311 2420 2533 2482 repente
2574 2412 2716 2482 regis
2759 2411 3086 2482 benignitas,
3121 2412 3334 2482 aperuit
3354 2425 3541 2466 carce-

1966 2519 2102 2566 rem,
2133 2503 2342 2560 dimisit
2405 2504 2601 2558 malos.
2645 2504 2750 2570 Qui
2802 2504 2952 2559 dedit
3006 2503 3226 2574 quidem
3278 2503 3538 2574 gratiam,

1968 2593 2220 2649 laudibus
2275 2593 2607 2656 celebretur,
2666 2601 2719 2648 ct
2760 2594 2853 2663 qui
2917 2607 3018 2649 sua
3075 2593 3340 2649 bonitatis
3369 2593 3543 2648 abun-

1965 2685 2153 2739 dantia
2186 2684 2528 2762 conservavit
2559 2699 2675 2748 eos,
2698 2685 2792 2753 qui
2853 2698 2960 2738 non
3005 2683 3301 2753 sperabant
3333 2683 3532 2738 vivere.

1969 2776 2088 2847 lpsc
2125 2785 2306 2830 autem
2342 2776 2583 2845 scipsmu
2639 2783 2956 2846 cognoscat,
2982 2784 3034 2830 et
3069 2775 3229 2847 degat
3266 2775 3320 2830 in
3353 2775 3540 2830 immi-

1969 2869 2154 2923 litate:
2192 2882 2299 2922 non
2335 2867 2408 2920 ita
2431 2868 2502 2922 sit
2556 2866 2805 2932 allectus,
2839 2876 3095 2937 tanquam
3147 2866 3349 2938 aliquid
3399 2881 3538 2936 prae-

1971 2961 2178 3014 clarum
2212 2957 2466 3030 gesserit,
2501 2962 2766 3028 quoniam
2791 2959 3006 3014 solutus
3032 2967 3120 3014 est
3150 2957 3403 3013 vinculis.
3428 2957 3543 3012 Cri-

1972 3051 2178 3104 minum
2208 3049 2354 3104 enim
2389 3049 2641 3105 remissio
2677 3058 2912 3104 testatur
2957 3049 3385 3104 misericordiam
3420 3048 3542 3117 ejus

1967 3142 2059 3209 qui
2092 3139 2390 3204 concessit,
2427 3154 2533 3194 non
2558 3141 2905 3210 autemquod
2935 3155 2995 3195 se
3036 3149 3182 3195 recte
3211 3139 3444 3208 gesserit
3471 3140 3538 3203 is,

1966 3235 2056 3302 qui
2100 3233 2201 3285 fuit
2229 3233 2510 3288 dimissus.
2546 3230 2592 3286 Is
2620 3231 2711 3302 qui
2755 3232 3031 3284 lavacrum
3071 3232 3278 3300 accepit
3313 3245 3540 3300 regene-

1969 3324 2224 3389 rationis,
2256 3333 2341 3378 est
2387 3322 2586 3378 similis
2619 3337 2760 3376 novo
2794 3321 2973 3388 militi,
3004 3320 3098 3391 qui
3130 3337 3301 3392 nuper
3332 3319 3434 3376 fuit
3463 3338 3543 3375 re-

1969 3418 2110 3471 latus
2150 3415 2202 3469 in
2243 3429 2526 3470 numerum
2577 3415 2837 3477 militum,
2873 3414 3112 3469 nondum
3153 3421 3334 3469 autem
3375 3414 3540 3484 quid-

1966 3523 2129 3578 quam
2159 3509 2270 3580 egit
2305 3509 2624 3578 przeclarum
2653 3517 2746 3562 aut
2783 3505 2907 3562 forti
2947 3507 3117 3561 milite
3145 3505 3390 3576 dignum.
3420 3506 3570 3572 Quu-

1968 3601 2130 3655 modo
2149 3615 2278 3671 ergo
2298 3599 2388 3655 ille
2410 3615 2545 3654 zona
2569 3598 2874 3662 accinctus,
2894 3608 2946 3652 ct
2975 3597 3259 3669 chlamyde
3289 3598 3537 3661 indutus,

1968 3707 2077 3746 non
2109 3705 2168 3746 se
2196 3691 2383 3746 statim
2425 3690 2706 3745 existimat
2740 3690 2918 3744 virum
2943 3689 3160 3753 fortem,
3204 3704 3380 3760 neque
3403 3705 3540 3744 cou-

1968 3782 2196 3837 fidcutcr
2242 3780 2509 3836 accedens
2543 3780 2608 3832 ad
2667 3794 2869 3850 regem,
2914 3796 3039 3836 eum
3085 3781 3380 3852 alloquitur
3423 3789 3542 3834 tau-

1965 3889 2129 3945 quam
2165 3871 2483 3935 familiaris,
2536 3886 2709 3940 neque
2759 3872 2892 3941 petit
2943 3872 3222 3938 beneficia,
3261 3889 3383 3946 quze
3443 3875 3538 3945 qui

1967 3965 2374 4027 laboraverunt,
2410 3971 2466 4018 et
2493 3978 2551 4018 sc
2601 3971 2828 4018 strenue
2854 3974 3172 4034 gesserunt;
3205 3966 3278 4019 ita
3330 3981 3429 4020 nec
3459 3975 3540 4029 tu,

1967 4057 2199 4129 gratiam
2246 4064 2558 4116 assecutus,
2594 4065 2753 4124 putes
2788 4054 2905 4109 fore
2941 4065 2996 4108 ut
3027 4057 3175 4111 vivas
3201 4071 3324 4110 cum
3351 4056 3540 4126 justis,

1965 4158 2018 4203 et
2048 4147 2113 4202 ad
2143 4147 2358 4201 illorum
2386 4145 2607 4200 ducaris
2642 4145 3032 4209 luercditatem,
3069 4146 3174 4201 nisi
3202 4161 3299 4214 pro
3330 4146 3540 4217 pietate

1967 4239 2139 4292 multa
2171 4237 2336 4292 adeas
2360 4234 2624 4304 pericula,
2667 4243 2724 4289 et
2756 4250 2881 4288 cum
2913 4249 3080 4290 carne
3124 4234 3327 4290 bellum
3359 4251 3542 4306 geras,

274 4332 422 4400 πρὸς
451 4331 630 4383 πάντα
668 4329 736 4381 τά
767 4328 876 4384 τῶν
901 4329 1152 4399 πονηρῶν
1179 4329 1504 4399 πνευμάτων
1531 4327 1860 4399 τοξεύματα.

1967 4340 2020 4386 et
2061 4331 2226 4385 simul
2282 4343 2408 4383 cum
2458 4327 2573 4393 illa,
2621 4341 2746 4381 cum
2795 4325 3016 4381 diabolo
3073 4327 3286 4383 fortiter
3317 4329 3544 4384 resistas

268 4417 499 4471 Μᾶλλον
526 4417 585 4470 δὲ
612 4419 660 4469 εἰ
687 4417 835 4470 δοκεί
864 4417 1033 4488 αὐτὴν
1060 4419 1158 4489 τὴν
1189 4417 1283 4470 τοῦ
1317 4417 1520 4487 Κυρίου
1557 4417 1740 4489 φωνὴν
1765 4417 1862 4488 τὴν

271 4508 586 4578 μέλλουσαν
628 4509 722 4560 ἐπὶ
760 4508 860 4578 τῆς
903 4509 1088 4579 κοινῆς
1119 4508 1445 4580 ἐκφέρεσθαι
1470 4510 1726 4581 κρίσεως,
1765 4509 1864 4563 λά-

267 4602 469 4671 ϐωμεν
514 4599 609 4654 τοῦ
657 4602 1018 4672 προκειμένου
1064 4600 1401 4656 διδάσκαλον.
1443 4600 1507 4653 Τί
1547 4600 1656 4671 γάρ
1698 4616 1860 4670 φησι;

277 4710 299 4745 ι
343 4690 537 4754 Δεῦτε,
587 4691 636 4744 οἱ
669 4691 1025 4763 εὐλογημένοι
1056 4691 1150 4745 τοῦ
1183 4692 1393 4762 Πατρός
1443 4708 1567 4761 μου,
1607 4691 1866 4761 κληρονο-

271 4783 494 4853 μήσατε
523 4781 623 4853 τὴν
657 4783 1061 4852 ἡτοιμασμένην
1099 4782 1227 4852 ὑμῖν
1262 4782 1557 4851 βασιλείαν.
1603 4801 1622 4834 ι
1656 4781 1755 4833 Διά
1779 4781 1860 4845 τίς

263 4874 397 4944 Οὐχ
436 4873 520 4926 ὅτι
566 4872 628 4925 τδ
670 4873 885 4942 ίμὰτιον
918 4871 1237 4926 ἐνεδύσασθε
1263 4873 1360 4944 τῆς
1386 4873 1717 4942 ἀφθαρσίας,
1743 4872 1864 4925 οὐδὲ

256 4967 363 5019 ὅτι
405 4963 503 5028 τάς
545 4965 822 5036 ἁμαρτίας
873 4965 1026 5036 ὑμῶν
1067 4965 1466 5030 ἀπελούσασθε,
1516 4964 1630 5018 ἀλλ’
1675 4963 1862 5034 ἐπειδὴ

255 5052 683 5126 κατωρθώσατε
708 5056 807 5128 τὴν
850 5058 1095 5128 ἀγάπην.
1145 5059 1255 5112 Καὶ
1303 5057 1464 5122 εὐθὺς
1502 5059 1531 5111 ὁ
1566 5058 1865 5123 κατάλογος

249 5147 645 5202 ὑποτέτακται
674 5148 783 5206 τῶν
832 5149 1168 5218 τραφέντων,
1209 5148 1316 5202 τῶν
1347 5148 1724 5211 ποτισθέντων,
1753 5148 1861 5200 τῶν

249 5237 629 5293 ἐνδοθέντων.
680 5238 794 5293 Καὶ
846 5240 1075 5304 εἰκότως
1121 5242 1150 5294 ό
1195 5239 1628 5310 ἀπαραλόγιστος
1670 5239 1864 5310 κριτὴς

243 5333 454 5394 οὕτως
473 5331 701 5396 δικάζει.
740 5331 804 5384 Ἦ
827 5331 985 5402 χάρις
1023 5331 1119 5402 μὲν
1141 5330 1250 5402 γὰρ
1272 5329 1366 5382 τοῦ
1389 5331 1653 5383 Δεσπότου
1671 5329 1862 5399 δῶρον’

249 5430 288 5496 ἡ
319 5423 400 5479 σε
433 5422 696 5490 πολιτεία,
742 5422 838 5476 τοῦ
887 5423 1210 5493 τιμηθέντος
1252 5421 1598 5494 κατόρθωμα.
1633 5424 1866 5494 Χάριτος

336 5602 394 5633 ³⁸
439 5597 850 5673 Philipp.t,23.
930 5603 971 5634 "
1007 5601 1186 5660 Ecclc.
1223 5618 1259 5669 I,
1291 5602 1342 5656 2.
1427 5601 1621 5656 "Luc.
1660 5618 1772 5668 MS,
1820 5602 1902 5668 l6,
1940 5602 2021 5656 l7.

1969 4422 2227 4476 omnibus
2248 4420 2444 4491 iaculis
2474 4418 2836 4490 malignorum
2865 4417 3182 4487 spirituum.
3214 4418 3328 4474 lmo
3348 4432 3474 4474 vero
3496 4419 3544 4475 si

1970 4513 2207 4576 videtur,
2231 4511 2569 4581 accipiamus
2594 4509 2769 4580 ipsam
2802 4508 3018 4564 Domini
3061 4525 3274 4576 vocem,
3309 4525 3432 4576 qua:
3458 4519 3546 4567 est

1982 4601 2309 4670 proferenda
2338 4603 2391 4656 in
2428 4601 2546 4671 ipso
2594 4601 2871 4655 communi
2897 4599 3129 4670 judicio,
3156 4609 3210 4656 et
3261 4609 3344 4657 est
3369 4603 3545 4672 magi-

1972 4704 2084 4747 stra
2109 4692 2228 4762 ejus
2252 4692 2397 4762 quod
2428 4693 2772 4762 proponitur.
2801 4691 3046 4758 «Venite,
3077 4694 3342 4750 benedicti
3366 4693 3546 4753 Patris

1969 4786 2100 4846 mei,
2133 4792 2315 4840 estote
2348 4784 2591 4839 lueredes
2620 4784 2792 4854 parati
2821 4785 2978 4840 vobis
3008 4786 3161 4855 regni
3205 4801 3237 4841 a
3279 4788 3548 4844 constitu-

1965 4877 2113 4929 tione
2147 4877 2331 4930 mundi
2373 4877 2433 4928 ι’.
2483 4895 2501 4927 ι
2545 4874 2948 4941 Quamobrem?
2985 4874 3104 4930 Non
3153 4880 3410 4948 quoniam
3461 4880 3544 4935 in-

1965 4965 2081 5018 dnti
2134 4967 2270 5021 estis
2326 4978 2472 5021 veste
2525 4967 2989 5036 incorruptionis,
3045 4985 3224 5042 neque
3281 4972 3540 5042 quoniam

1968 5068 2189 5129 peccata
2221 5066 2400 5113 vestra
2440 5060 2711 5128 abluistis,
2760 5061 2854 5116 sed
2899 5063 3157 5132 quoniam
3190 5064 3243 5118 in
3277 5065 3543 5119 charilato

1969 5166 2066 5205 vos
2096 5157 2242 5204 recte
2275 5150 2548 5217 gessistis.
2609 5152 2673 5206 Et
2727 5153 2913 5208 statim
2962 5155 3212 5224 sequitur
3265 5155 3542 5226 catalogus

1970 5259 2156 5299 comm
2192 5244 2283 5312 qui
2311 5253 2440 5297 sunt
2483 5247 2696 5311 nutriti,
2729 5247 2925 5316 potati,
2979 5247 3173 5304 induti.
3205 5249 3266 5300 Et
3300 5249 3424 5316 jure
3452 5251 3545 5318 qui

1974 5335 2084 5388 falli
2119 5350 2228 5388 non
2262 5343 2440 5404 potest
2466 5336 2632 5404 jndex
2667 5339 2740 5392 ita
2795 5339 3027 5407 judicat.
3063 5339 3195 5393 Nam
3220 5342 3392 5410 gratia
3423 5343 3546 5410 qui-

1974 5425 2094 5481 dem
2134 5435 2216 5484 est
2235 5427 2436 5482 donmn
2465 5427 2701 5485 Domini.
2727 5429 2804 5484 Ex
2833 5433 2953 5486 vita:
2991 5440 3170 5487 autem
3201 5433 3548 5490 administra-

2105 5603 2144 5633 “
2180 5601 2366 5659 Matth.
2410 5621 2530 5673 xxv,
2562 5604 2634 5660 ‘24
2659 5622 2778 5677 sqq.
2863 5608 2902 5641 ¹⁹
2940 5609 3068 5665 ibid.
3103 5609 3188 5664 3t.
