3896 6204
238 295 333 354 ιςι

1479 303 1758 360 CONTRA
1799 305 1838 360 U
1851 304 1933 360 SU
1946 306 2032 358 BA
2045 304 2216 361 RlOS.

3375 310 3477 364 4'38

232 420 503 488 κάμνοντι
533 417 632 472 τὸν
668 418 901 490 πυρετδν
931 420 1304 492 ἀπεργάζεται
1325 439 1338 452 ·
1381 424 1552 489 οὕτως
1585 428 1615 478 ὁ
1661 442 1798 497 παρ-

1921 441 2010 481 em
2045 425 2235 480 febrim
2263 426 2463 482 misero
2491 425 2665 496 parit;
2689 425 2768 489 sic
2798 433 2850 481 et
2880 426 2970 496 qui
2994 441 3164 497 egeno
3195 431 3479 495 pet-nutum

226 509 373 579 ἔχων
434 509 624 580 πένητι
658 511 900 581 γέμοντα
951 511 1124 584 (9-10)
1171 513 1432 587 [πενίας]
1479 518 1712 588 χρυσὸν,
1745 517 1807 570 οὐ

222 599 402 652 παύει
432 600 531 670 τὴν
553 599 816 670 ἀνάγκην,
848 600 963 654 ἀλλ’
987 603 1242 656 ἐπιτείνει
1275 604 1373 674 τὴν
1397 606 1700 678 συμφοράν.

291 690 399 762 Μὴ
427 690 601 742 τοίνυν
636 690 810 763 ζήσῃς
839 691 1222 761 μισάνθρωπον
1263 692 1374 764 βίον
1406 695 1464 748 ὲν
1505 695 1808 767 φιλανθρω-

221 780 368 845 πιαθς
403 782 776 852 προσχήματι,
807 781 948 852 μηδὲ
985 782 1118 854 γένῃ
1155 785 1336 856 ίατρὸς
1367 785 1720 856 ἀνδροφόνος,
1749 787 1810 841 τὸ

226 872 532 943 πρόσχημα
572 872 673 942 μὲν
703 870 797 924 τοῦ
825 871 1018 936 σώζειν
1053 874 1190 944 ἔχων
1223 875 1311 930 διὰ
1334 876 1425 929 τὸν
1458 876 1705 941 πλοῦτον,
1733 877 1809 942 ὼς

227 962 437 1023 ἐκεῖνος
463 960 553 1012 διά
581 959 680 1030 τὴν
706 961 921 1031 τέχνην·
945 963 1011 1032 τῇ
1038 963 1353 1033 προαιρέσει
1383 964 1440 1018 δὲ
1470 966 1809 1036 κεχρημένος

226 1054 306 1115 είς
335 1050 616 1106 ἀπώλειαν
641 1051 736 1105 τοῦ
767 1053 958 1106 ἑαυτόν
987 1070 1069 1107 σοι
1092 1056 1644 1120 καταπιστεύσαντος.
1687 1058 1811 1127 Ἀρι

227 1144 321 1212 γδς
356 1147 452 1199 καὶ
480 1146 510 1197 ό
541 1144 922 1208 πλεονεκτικὺς
951 1145 1062 1216 (Η)
1111 1145 1225 1215 βίος
1271 1149 1298 1200 ὁ
1345 1147 1438 1201 τοῦ
1480 1149 1807 1214 τοκίζοντος.

230 1234 345 1288 οὐκ
398 1220 508 1292 οἶδε
538 1235 700 1288 πόνον
742 1235 1050 1306 γεωργίας,
1083 1237 1183 1292 οὐκ
1234 1237 1474 1292 ἐπίνοιαν
1511 1239 1809 1310 ἐμπορίαςο

229 1325 314 1394 ἐφ’
363 1325 485 1389 ἑνὸς
513 1325 570 1382 δὲ
609 1325 777 1380 τόπου
817 1326 1070 1398 κάθηται,
1103 1327 1316 1398 τρέφων
1357 1330 1448 1382 ἐπὶ
1489 1329 1588 1398 τῆς
1629 1329 1811 1393 ἑστίας

230 1417 416 1490 θηρία.
456 1420 746 1490 ’Δσπαρτα
776 1420 887 1490 (12)
923 1421 1072 1492 αὐτῷ
1102 1422 1347 1492 βούλεται
1379 1423 1448 1478 τὰ
1493 1425 1671 1478 πάντα
1717 1425 1811 1478 καὶ

229 1509 470 1581 ἀνήροτα
496 1509 747 1579 φύεσθαιο
777 1512 1152 1590 άροτρονγεχει
1182 1515 1274 1569 τὸν
1305 1514 1568 1586 κάλαμον·
1604 1515 1806 1586 χώραν,

230 1601 324 1654 τὸν
364 1601 570 1674 χάρτην
601 1601 734 1672 (i3)°
772 1603 1034 1674 σπέρμα,
1061 1605 1123 1658 τὸ
1162 1605 1348 1676 μέλαν’
1388 1607 1558 1671 ὑετὸν,
1598 1609 1806 1680 χρόνον,

234 1691 532 1757 αὐξάνοντα
551 1693 696 1763 αὐτῷ
717 1693 1086 1764 λανθανόντως
1114 1695 1213 1768 τὴν
1238 1697 1344 1752 τῶν
1367 1715 1470 1770 χρη
1479 1699 1664 1768 μάτων
1688 1700 1808 1753 ἐπι-

1911 515 2017 580 sub
2047 514 2234 570 fenore
2261 514 2592 580 commodat,
2621 517 3005 583 necessitatem
3039 517 3186 572 illius
3216 531 3324 571 non
3349 520 3480 572 sub-

1911 607 2075 670 levat,
2113 605 2209 660 sed
2239 605 2605 660 calamitatem
2638 607 2819 674 petius
2845 617 3026 677 auget.

1980 696 2058 754 Ne
2096 698 2301 754 vixeris
2344 697 2511 768 igitur
2569 698 2753 768 specie
2785 698 3142 754 humanitatis
3187 699 3353 752 vitam
3397 701 3479 752 in-

1912 787 2206 844 humanam
2259 795 2313 840 et
2361 785 2662 850 eﬁcratam,
2697 803 2872 857 neque
2916 799 3036 845 esto
3077 789 3343 853 medicus,
3383 790 3478 859 qui

1911 877 2165 946 perimat,
2197 891 2396 940 nomen
2429 877 2650 946 quidem
2681 886 2734 932 et
2769 878 2996 934 formam
3041 893 3153 949 prae
3193 887 3244 934 te
3281 879 3478 944 ferens,

1911 968 2072 1036 quasi
2108 982 2294 1026 serves
2343 968 2413 1023 ob
2446 969 2688 1032 divitias,
2741 972 2884 1026 sicut
2913 979 2966 1026 et
3013 973 3102 1028 ille
3143 981 3361 1043 propter
3393 987 3482 1025 ar-

1912 1069 2058 1121 tem;
2089 1061 2366 1115 voluntate
2421 1070 2598 1116 autem
2641 1073 2732 1118 tua
2785 1071 2840 1119 et
2892 1065 3078 1120 animo
3117 1065 3184 1120 ad
3231 1065 3479 1128 alterius,

1911 1151 2005 1220 qui
2047 1166 2106 1206 se
2153 1151 2250 1206 tibi
2299 1152 2614 1215 committit,
2659 1155 2955 1223 perniciem
2986 1156 3240 1211 abutens.
3287 1154 3482 1226 Segnis

1910 1251 1964 1297 et
2019 1241 2356 1300 insatiabilis
2402 1253 2485 1297 est
2527 1244 2638 1297 vita
2700 1246 2960 1299 usurarii.
3008 1245 3196 1301 Nescit
3239 1245 3481 1301 laborem

1911 1347 2168 1402 agrorum
2213 1334 2587 1398 colendorum,
2643 1344 3006 1390 mercaturam
3063 1352 3170 1392 non
3227 1345 3478 1399 exercet;

1912 1421 2008 1478 sed
2061 1438 2170 1478 uno
2216 1422 2271 1477 in
2321 1424 2438 1479 loco
2493 1425 2785 1481 considens
2843 1427 3108 1486 immanes
3167 1428 3313 1483 domi
3367 1443 3480 1483 suae

1911 1512 2058 1568 feras
2086 1515 2282 1569 nutrit.
2320 1513 2448 1568 Vult
2493 1515 2676 1568 omnia
2711 1516 2814 1571 sibi
2847 1517 2965 1572 sine
3001 1526 3145 1582 satu,
3179 1527 3234 1574 et
3269 1520 3478 1576 inarata

1912 1603 2186 1674 prOgigui,
2238 1604 2328 1658 cui
2357 1605 2574 1674 quidem
2621 1612 2868 1659 aratrum
2898 1614 2983 1661 est
3012 1608 3285 1676 calamus;
3327 1624 3477 1680 ager.

1913 1694 2136 1762 charta;
2203 1709 2408 1760 semen,
2481 1703 2880 1761 atramentum;
2944 1697 3167 1766 pluvia,
3228 1707 3476 1768 tempus.

239 1783 503 1850 καρπίαν.
535 1784 799 1854 Δρέπανόν
836 1787 984 1840 ἐστιν
1016 1787 1165 1859 αὑτῷ
1204 1789 1238 1860 ἡ
1286 1789 1598 1861 ἀπαίτησις·
1641 1790 1804 1856 ἅλων,

1921 1786 2058 1855 quod
2117 1786 2195 1840 illi
2255 1786 2502 1856 pecuniae
2565 1786 2779 1843 fructus
2838 1783 3069 1842 occultis
3127 1789 3480 1844 incrementis

244 1874 283 1943 ἡ
318 1873 484 1936 οίκία,
510 1875 593 1943 ἐφ’
614 1871 682 1946 ἦς
704 1875 958 1931 λεπτύνει
986 1877 1085 1942 τὰς
1103 1879 1210 1940 τῶν
1241 1879 1572 1952 θλιὸομένων
1595 1881 1802 1946 οὐσίας.

243 1963 327 2016 Τά
346 1964 554 2018 πάντων
582 1965 685 2020 rem
703 1967 911 2036 βλέπει.
931 1968 1158 2040 Εὕχεται
1178 1972 1291 2034 τοῖς
1309 1971 1616 2044 ἀνθρώποις
1641 1973 1808 2042 ἀνάγ-

243 2071 343 2118 γας
387 2057 478 2108 καὶ
503 2057 826 2128 συμφοράς,
871 2059 964 2113 ἴνα
997 2060 1132 2132 πρὸς
1178 2061 1340 2115 αὐτὸν
1376 2064 1808 2134 ὴναγκασμένως

239 2147 527 2202 ἀπέλθωσι.
560 2151 726 2204 bitas!
757 2151 883 2214 τοὺς
912 2153 1123 2216 ἑαυτοῖς
1163 2153 1466 2224 ἀρκοῦντας
1485 2195 1499 2219 ,
1541 2155 1637 2209 καὶ
1681 2157 1807 2219 τοὺς

236 2238 769 2311 μηδεδανεισμένους
791 2242 906 2313 (Η)
929 2243 1157 2313 ἐχθροὺς
1183 2246 1419 2314 ἡγεῖται.
1449 2246 1808 2318 Προσεδρεύει

229 2335 340 2396 τοῖς
397 2334 802 2405 δικαστηρίοις,
839 2335 928 2388 ἵνα
963 2335 1098 2408 εὕρῃ
1145 2336 1238 2390 τὸν
1297 2338 1650 2409 στενούμενον
1697 2342 1810 2404 τοῖς

228 2421 563 2492 ἀπαιτηταϊς
577 2462 594 2488 ,
625 2424 721 2478 καὶ
745 2427 857 2489 τοῖς
887 2427 1218 2498 πράκτορσιν
1246 2428 1554 2496 ἀκολουθεῖ,
1585 2430 1661 2493 ὡς
1689 2433 1808 2495 ταῖς

230 2511 578 2582 παρατάξεσι
616 2513 708 2568 καὶ
745 2517 856 2578 τοῖς
886 2516 1144 2587 πολέμοις
1183 2520 1232 2572 οί
1275 2518 1470 2587 γῦπες.
1509 2521 1806 2593 Περιφέρει

228 2600 288 2653 τὸ
316 2600 630 2670 βαλάντιον,
671 2607 778 2660 καὶ·
796 2605 1175 2673 δείκνυσιστοῖς
1211 2611 1557 2680 πνιγομένοις
1587 2613 1684 2682 τῆς
1708 2613 1807 2685 θή-

230 2707 330 2764 ρας
363 2693 479 2763 (15)
517 2693 733 2768 δέλεαρ,
767 2696 834 2749 ἵν’
873 2699 1066 2770 ἐκείνῳ
1092 2699 1180 2755 διά
1219 2700 1318 2771 τὴν
1361 2701 1550 2772 χρείαν
1585 2705 1810 2775 περική-

229 2799 442 2846 ναντες.
479 2783 891 2852 συγκαταπίωσι
921 2785 1013 2840 τυῠ
1055 2787 1220 2842 τόκου
1255 2789 1364 2860 (16)
1398 2791 1458 2843 τὸ
1489 2790 1804 2863 ἄγκιστρον.

228 2874 370 2930 Καθ’
403 2875 617 2946 ἡμέραν
651 2875 876 2948 ἀριθμεῖ
905 2877 966 2930 τὸ
994 2877 1217 2950 κέρδος,
1252 2881 1346 2934 καὶ
1378 2881 1476 2951 τῆς
1514 2885 1809 2954 ἐπιθυμίας

225 2960 327 3015 οὐκ
343 2961 710 3031 δμπίπλαται.
735 2963 995 3034 ’Δχθεται
1015 2966 1152 3037 πρὸς
1165 2967 1257 3022 τὸν
1273 2971 1471 3040 χρυσὸν
1486 2971 1574 3026 τὸν
1591 2973 1684 3027 ἐπὶ
1711 2976 1809 3044 τῆς

227 3051 412 3115 οικίας
441 3053 823 3124 ἀποκείμενον,
843 3055 974 3110 διότι
998 3060 1172 3110 κεῖται
1197 3058 1367 3130 ἀργὸς
1394 3061 1489 3115 καὶ
1504 3061 1806 3134 ἄπρακτος.

229 3144 500 3215 lipsi-rat
528 3144 664 3209 rei»:
699 3147 978 3217 γεωργοὺς
1020 3149 1147 3213 τοὺς
1187 3150 1296 3204 ἀπὸ
1341 3151 1451 3206 τῶν
1487 3153 1680 3224 σωρῶν
1723 3156 1810 3209 ἀεὶ

235 3234 531 3306 σπέρματα
555 3234 838 3300 αίτοῦντας
860 3237 991 3309 (17).
1027 3239 1142 3292 Οὰκ
1166 3240 1345 3311 ἀνίησι
1365 3243 1456 3296 τὸν
1480 3242 1660 3297 ἄθλιον
1679 3262 1810 3317 χρυο

236 3326 350 3392 σὺν,
374 3326 494 3380 ἀλλ’
517 3327 585 3380 ὲκ
613 3327 813 3398 χειρῶν
847 3330 926 3393 είς
949 3331 1137 3400 χεῖρας
1174 3334 1398 3401 μετάγει
1425 3333 1556 3405 (18).
1586 3334 1810 3399 Βλέπεις

236 3418 363 3486 γοῦν
387 3418 483 3472 τὸν
515 3418 769 3474 πλούσιον
805 3419 896 3473 καὶ
923 3421 1261 3494 πολύχρυσον
1299 3423 1560 3488 πολλάκις
1589 3427 1722 3496 μηδὲ
1751 3426 1809 3480 ἓν

239 3511 478 3583 νόμισμα
521 3511 718 3584 ἔχοντα
739 3512 834 3567 ἐπὶ
864 3513 964 3584 τῆς
986 3515 1164 3579 οίκίας
1189 3515 1324 3591 (19),
1356 3517 1469 3571 ἀλλ’
1500 3520 1558 3572 ἐν
1586 3519 1814 3590 χάρταις

235 3602 334 3667 τὰς
375 3602 599 3667 ἐλπίδας
619 3645 635 3668 ,
671 3605 731 3658 ὲν
768 3604 1080 3675 ὁμολογίαις
1128 3605 1228 3678 τὴν
1275 3607 1591 3670 ὑπόστασιν,
1643 3610 1809 3679 μηδὲν

235 3694 429 3764 ἔχοντα
461 3696 558 3749 καὶ
603 3695 779 3751 πάντα
825 3697 1143 3767 κατέχοντα’
1190 3698 1326 3771 πρὸς
1361 3701 1672 3755 τούναντίον
1711 3699 1806 3755 τοῦ

235 3787 600 3842 ἀποστολικοῦ
651 3789 975 3861 γράμματος
1019 3789 1130 3860 (20)
1173 3791 1511 3862 κεχρημένον
1558 3792 1636 3862 τῷ
1673 3793 1806 3863 βίῳ,

237 3879 425 3933 πάντα
453 3878 659 3934 διδόντα
697 3883 806 3944 τοῖς
838 3866 1148 3951 αἰτήσασιν,
1196 3883 1258 3936 οὐ
1305 3882 1393 3936 διὰ
1432 3883 1808 3956 φιλάνθρωπον

237 3971 497 4042 γνώμην.
534 3969 770 4028 ἀλλάᾱά
797 3971 1128 4044 φιλάργυρον
1157 3973 1375 4042 τρόπον.
1413 3974 1658 4045 Αίρεῖται
1699 3977 1809 4049 γάρ

234 4064 332 4136 τὴν
363 4063 702 4134 πρόσκαιρον
725 4063 936 4126 πενίαν,
973 4063 1078 4128 ἵνα,
1119 4062 1203 4127 ὡς,
1234 4062 1417 4128 δοῦλος
1442 4064 1752 4135 ἐπίμοχθος,
1780 4071 1810 4121 ὁ

235 4153 444 4224 χρυσὸς
475 4151 882 4224 ἐργασάμενος,
919 4153 1059 4223 μετά
1105 4153 1212 4206 τῶν
1262 4152 1469 4224 μισθῶν
1518 4153 1808 4224 ἐπανέλθῃ.

245 4247 437 4317 Ὁρᾷς.
461 4247 612 4309 ὅπως
638 4247 672 4316 ὴ
702 4244 798 4298 τοῦ
822 4244 1104 4316 μέλλοντος
1132 4243 1286 4308 ἐλπὶς
1309 4245 1457 4296 κενοί
1477 4243 1577 4314 τὴν
1605 4244 1806 4310 οἰκίαν,

234 4341 331 4393 καὶ
365 4342 513 4392 ποιεῖ
553 4338 648 4392 τὸν
682 4337 851 4390 πολὺν
886 4337 1084 4408 χρυσὸν
1123 4337 1407 4407 ἀκτήμονά
1452 4336 1803 4407 πρόσκαιρον.

231 4431 442 4486 Τούτου
469 4429 528 4484 δι
546 4429 631 4494 τίς
655 4429 690 4500 ἡ
711 4427 890 4494 αἰτίας
929 4426 994 4482 Ἦ
1017 4428 1075 4480 ὲν
1099 4425 1175 4498 τῷ
1193 4426 1366 4497 χάρτῃ
1395 4424 1598 4496 γραφὴ,
1627 4426 1660 4495 ὴ
1690 4428 1814 4497 ὁμο⁸

1909 1875 2144 1946 adauget
2187 1885 2246 1931 et
2286 1876 2506 1934 educat.
2550 1876 2678 1932 Falx
2728 1878 2806 1932 illi
2855 1887 2948 1933 est.
2995 1880 3283 1948 repetitio;
3328 1895 3478 1941 area,

1907 1968 2124 2031 donius,
2174 1969 2229 2023 in
2271 1983 2380 2039 qua
2419 1969 2756 2025 miserorum
2809 1968 3063 2026 fortunas
3125 1972 3368 2027 ventilat.
3417 1971 3485 2024 Et

1906 2070 2030 2127 qua:
2075 2057 2320 2113 omnium
2368 2066 2518 2122 sunt,
2566 2059 2782 2129 propria
2835 2060 2920 2114 sui
2954 2060 3128 2130 ipsius
3175 2061 3339 2117 videt.
3377 2059 3484 2115 lm-

1911 2156 2165 2218 precatur
2238 2149 2558 2204 hominibus
2613 2150 2990 2216 calamitates,
3060 2160 3119 2206 ut
3187 2153 3361 2208 coacti
3415 2153 3480 2206 ad

1909 2237 2088 2309 ipsum
2119 2239 2473 2310 confugiant;
2508 2241 2643 2303 odit,
2679 2241 3002 2310 quibus-res
3037 2258 3149 2297 sua:
3183 2243 3478 2305 sutliciunt,

1911 2337 1966 2385 et
1993 2345 2139 2400 quos
2183 2339 2430 2392 mutuum
2475 2331 2581 2387 sub
2617 2347 2785 2386 usura
2825 2343 3007 2400 petere
3052 2347 3162 2385 non
3189 2332 3480 2401 conspicit,

1911 2419 1968 2475 in
2005 2419 2246 2474 hostium
2287 2435 2520 2478 numero
2558 2421 2742 2475 habet.
2787 2420 3008 2476 Assidet
3049 2420 3216 2475 curiae
3255 2427 3308 2474 et
3338 2418 3478 2482 foro,

1910 2520 1972 2566 ut
2013 2511 2278 2572 inveniat.
2311 2525 2474 2581 quem
2510 2525 2634 2566 sors
2665 2512 2899 2567 adversa
2945 2512 3483 2582 atlligit;.exactores

1908 2613 1964 2661 et
1997 2612 2382 2675 procuratores
2417 2618 2548 2660 suos
2587 2619 2804 2674 semper
2843 2606 3114 2674 sequitur,
3154 2613 3212 2658 ut
3239 2605 3483 2660 vultures

1909 2704 2092 2750 castra
2123 2705 2178 2750 et
2221 2696 2391 2750 acies.
2423 2693 2760 2750 Circumfert
2788 2703 2970 2750 autem
3018 2695 3248 2760 loculos,
3297 2705 3356 2750 ut
3385 2697 3485 2750 mi-

1909 2787 2048 2842 seris
2066 2801 2248 2842 escam
2277 2787 2550 2849 ostendat,
2581 2797 2642 2840 ut
2669 2787 2718 2840 ei
2747 2788 2820 2841 ob
2850 2789 3233 2842 necessitatem
3266 2786 3484 2842 inhian-

1909 2886 2009 2941 tes,
2041 2876 2301 2930 devorent
2337 2876 2500 2930 simul
2525 2889 2702 2930 usura
2733 2875 2978 2929 hamum.
3019 2875 3274 2942 Quotidie
3303 2891 3487 2930 nume-

1909 2975 1995 3019 rat
2033 2965 2266 3032 lucrum,
2314 2979 2581 3034 suamque
2617 2964 2968 3035 cupiditatem
3015 2965 3238 3018 minime
3282 2965 3480 3034 explet.

1917 3054 2070 3111 Dolet
2109 3056 2181 3111 ob
2216 3063 2502 3126 argentum
2533 3053 2681 3110 domi
2718 3055 3044 3130 repositum,
3070 3055 3215 3124 quod
3247 3057 3484 3111 otiosum

1915 3157 2001 3204 est
2055 3158 2109 3204 et
2161 3148 2585 3203 infructuosum.
2640 3147 2892 3202 Imitatur
2944 3147 3208 3210 colonos,
3270 3145 3364 3218 qui
3419 3161 3482 3202 ex

1917 3254 2115 3294 acervo
2151 3238 2408 3293 frumenti
2439 3252 2656 3308 semper
2685 3253 2869 3292 semen
2909 3246 3119 3308 petunt.
3162 3236 3281 3292 Non
3325 3239 3486 3294 relin-

1915 3331 2037 3402 quit
2063 3329 2432 3385 miserandum
2460 3343 2654 3382 aurum
2696 3329 2987 3392 intactum,
3017 3328 3112 3384 sed
3143 3344 3209 3384 ex
3235 3344 3396 3384 manu
3431 3331 3484 3384 in

1917 3435 2139 3474 manum
2171 3419 2450 3475 transfert.
2487 3418 2706 3489 Aspicis
2735 3419 2898 3490 igitur
2939 3419 3138 3490 opibus
3170 3418 3484 3490 divitiisque

1917 3511 2288 3570 abundantem
2344 3525 2488 3580 sepe
2550 3510 2700 3564 domi
2749 3525 2862 3567 sua:
2927 3525 2997 3567 ne
3047 3525 3212 3566 unum
3266 3510 3485 3582 quidem

1916 3615 2198 3658 nummum
2252 3600 2472 3665 habere,
2519 3599 2616 3656 sed
2651 3615 2844 3655 omnes
2875 3615 3000 3670 spes
3037 3599 3157 3670 ejus
3204 3600 3257 3654 in
3295 3599 3484 3654 charta

1918 3694 2078 3756 sitas,
2114 3705 2416 3760 omnesque
2458 3689 2708 3745 fortunas
2757 3692 2813 3744 in
2848 3680 3022 3760 pactis
3074 3700 3129 3745 et
3179 3692 3484 3746 conventis.

1911 3765 2010 3855 qui
2039 3782 2177 3835 nihil
2208 3781 2392 3848 habet,
2421 3789 2474 3838 et
2497 3782 2680 3836 omnia
2701 3783 2942 3853 possidet
2975 3802 2988 3838 :
3021 3783 3302 3837 contrario
3325 3782 3487 3836 mml..

1911 3872 2231 3943 apostolicis
2287 3873 2510 3928 monitis
2551 3874 2718 3927 vitam
2769 3873 3098 3937 instituens,
3155 3875 3248 3940 qui
3303 3873 3486 3928 omnia

1916 3963 2144 4034 largitur
2178 3962 2502 4032 petentibus,
2533 3978 2642 4020 non
2671 3963 3048 4031 humanitatis,
3079 3963 3175 4018 sed
3210 3963 3484 4034 cupidita-

1916 4055 1989 4110 tis
2034 4057 2230 4125 gratia.
2279 4053 2441 4124 Eligit
2484 4055 2630 4110 enim
2689 4056 3002 4126 pauperiem
3050 4055 3118 4110 ad
3162 4055 3485 4110 nonnullum

1916 4156 2154 4219 tempus,
2195 4158 2254 4201 ut
2287 4148 2520 4217 pecunia
2553 4150 2729 4204 instar
2761 4150 3018 4206 laboriosi
3057 4150 3202 4204 servi
3228 4163 3486 4218 operans.

1915 4254 2038 4294 cum
2077 4239 2327 4295 mercede
2355 4242 2421 4294 ad
2452 4240 2631 4310 ipsum
2671 4249 2996 4296 revertatur.
3037 4239 3220 4306 Vides,
3265 4249 3323 4294 ut
3356 4256 3482 4309 spes

1914 4331 2086 4386 futuri
2136 4331 2271 4386 lucri
2315 4315 2592 4386 exinaniat
2623 4332 2870 4398 domum,
2898 4332 3205 4402 eﬂiciatqne
3233 4342 3292 4386 ut
3331 4332 3512 4402 inops.

1915 4424 2009 4489 sit,
2034 4423 2122 4478 cui
2151 4423 2392 4494 alioquin
2423 4425 2654 4479 multmu
2696 4426 2817 4480 auri
2858 4426 3120 4496 suppetit.
3149 4423 3326 4497 Hujus
3355 4441 3486 4480 vero

275 4608 496 4696 194°)
555 4609 843 4696 fiesﬁe-
871 4606 1018 4696 M99:
1053 4608 1307 4696 γένοιτο,
1363 4606 1658 4696 satis.
1681 4627 1803 4677 γεν-

1951 4609 2091 4696 ᾸΙΞ»)
2121 4609 2235 4678 Τῆς
2250 4609 2556 4696 θήρας-,μιῇ
2580 4609 2823 4696 Gretseri
2846 4608 3158 4696 Appendix.
3191 4603 3291 4662 Ed.
3329 4606 3473 4661 1638

228 4678 601 4745 νῶν-ταςεοά
638 4678 693 4733 et
746 4680 829 4736 sic
873 4678 1112 4748 regimen
1158 4678 1311 4733 verbi
1367 4679 1538 4733 deest.
1591 4679 1802 4735 Accen-

231 4760 331 4808 tns
380 4751 593 4806 ratione
631 4749 830 4805 ductus
863 4749 1059 4819 scripsi
1099 4749 1338 4819 γέμοντα
1381 4749 1800 4819 lacunulamquc

229 4821 487 4893 supplevi
538 4820 724 4893 addito
779 4817 992 4893 πενίας,
1035 4834 1065 4872 e
1114 4817 1572 4893 praecedentibus.
1605 4817 1802 4893 Possis

225 4887 500 4961 supplere
519 4891 678 4946 τόκον
710 4906 808 4946 seu
838 4888 1036 4961 τόκων,
1067 4895 1344 4961 enineute
1378 4887 1657 4961 Gretseri;
1705 4896 1811 4943 aut.

221 4955 426 5033 legere
451 4961 690 5029 γελῶντα
708 4959 930 5033 χρυσόν,
953 4957 1073 5013 sine
1103 4955 1213 5013 ullo
1239 4958 1656 5028 supplemento;
1704 4961 1800 5016 sed

217 5030 508 5089 accentus
541 5047 652 5088 non
681 5030 944 5086 concinit.

309 5101 432 5173 (ΙΙ)
462 5102 658 5171 Ἀρτὸς
677 5102 773 5173 καὶ
811 5103 844 5154 ό
885 5101 990 5153 πλ.
1022 5096 1298 5173 Articultt's
1336 5095 1523 5173 forsan
1573 5099 1664 5154 hic
1707 5098 1805 5154 de-

211 5167 461 5235 lendas,
499 5167 596 5227 aut
632 5172 826 5228 saltem
869 5177 992 5240 post
1029 5167 1411 5232 πλεονεκτικός
1446 5178 1801 5240 transponen-

213 5246 344 5301 ειυς
365 5251 476 5297 εει.

337 5313 432 5382 Β)
463 5313 854 5382 ’Δσκαρταμη
883 5307 1169 5382 ἀνήρρτᾳ.
1215 5306 1422 5382 Alludit
1466 5309 1532 5382 ad
1586 5307 1808 5382 iiomer.

221 5377 475 5455 algu.
508 5397 585 5455 ιε.
634 5377 755 5455 1⁷99,
805 5380 895 5455 ubi
949 5395 1000 5433 ν.
1030 5377 1382 5455 Boissonad"
1413 5380 1538 5455 coll.
1570 5378 1810 5455 _l)uport.

225 5446 598 5522 Cncmologia
654 5451 1054 5571 Homerica,
1086 5446 1186 5503 196
1225 5463 1334 5515 sq.,
1383 5449 1486 5509 vel.
1538 5449 1816 5529 sinuavis.

228 5524 439 5571 mnta
469 5538 589 5571 mea
614 5522 680 5571 ad
715 5522 938 5571 Luctan.
1021 5535 1047 5571 ε
1099 5516 1333 5571 mercede
1364 5518 1658 5571 conductis.
1685 5535 1738 5571 ι).
1765 5518 1816 5571 6.

227 5524 439 5581 locuta
469 5538 589 5576 mea
614 5522 680 5578 ad
715 5522 938 5578 Lucian.
971 5522 1047 5572 De

301 5594 428 5664 (13)
468 5591 579 5664 [ὸν
608 5589 852 5664 χάρτην.
879 5589 961 5644 ita
991 5587 1134 5664 Dion.
1163 5585 1262 5641 Ed.
1296 5586 1394 5656 τὴν
1421 5589 1648 5664 χάρτην.

271 5657 432 5746 ,(ίῇ
469 5657 1186 5746 κρηῗιίηδεδανεισμένους,
1233 5671 1338 5714 una
1369 5657 1522 5718 voce.
1574 5657 1672 5716 Ed.
1724 5675 1826 5731 μη·

245 5729 335 5789 ξεν
362 5729 804 5804 δανειζομένους.

1099 5516 1343 5590 mercede
1364 5518 1658 5582 conductis,
1685 5535 1738 5590 p.
1765 5518 1821 5572 6.

1907 4680 2006 4744 τὰς
2029 4680 2222 4752 θήρας,
2255 4682 2401 4750 quod
2430 4693 2481 4734 et
2509 4681 2655 4735 Mon.
2691 4682 2892 4752 habere
2917 4681 3153 4752 videtur.

1979 4745 2114 4820 (16)"
2143 4745 2602 4820 Συγᾶιαταπίωσι
2665 4751 2771 4804 τοῦ
2815 4752 3018 4803 τόκου.
3071 4751 3163 4820 Sic
3200 4747 3299 4801 Ed.
3334 4745 3480 4801 Μοιι.

1910 4819 2356 4890 συγκαταπίωσιν
2380 4822 2489 4873 τῶν
2521 4821 2694 4874 τόκων
2725 4820 2778 4890 (e
2813 4834 2958 4874 corr.
2988 4820 3067 4889 τῷ
3107 4819 3252 4889 τόκῳ
3275 4858 3289 4882 ,
3332 4827 3484 4874 ulto-

1908 4889 2313 4970 qu‘eyndel‘etp).
2345 4891 2464 4970 Mox
2507 4890 2650 4946 Mou.
2677 4889 3017 4970 καθημέραν.

1982 4960 2091 5030 (17)
2146 4958 2629 5029 Ἀεί’σπέρματα.
2660 4958 2998 5030 αἰτοῦντας.
3079 4958 3226 5012 Loco
3286 4958 3484 5013 horqu

1907 5027 2225 5095 verborum,
2255 5047 2376 5100 qua:
2403 5027 2603 5084 desunt
2657 5029 2710 5082 in
2746 5027 2915 5091 Μοη..
2962 5032 3243 5084 recentior
3291 5045 3486 5084 manus

1911 5101 2236 5160 asteriscum
2257 5101 2445 5170 posuit
2467 5101 2686 5170 ibidem.

1987 5171 2096 5239 (18)
2129 5167 2403 5238 Μετᾶτει.
2429 5169 2573 5239 Muu.
2627 5185 2886 5239 μετετειμ
2914 5167 3020 5239 (sic
3039 5169 3108 5236 ?),
3149 5167 3204 5222 in
3251 5183 3418 5238 marg.
3452 5183 3481 5220 a

1917 5238 2106 5300 manu,
2134 5247 2200 5309 ut
2225 5240 2457 5309 videtur,
2486 5238 2856 5309 GretScrtaua,
2895 5238 3141 5309 μετάγει.

1991 5310 2102 5390 _(l9)
2133 5308 2301 5390 Verba
2331 5309 2589 5390 πολλάκις
2618 5307 2750 5390 μηδὲ
2778 5309 2835 5361 ἓν
2870 5307 2994 5390 (Sic)
3027 5308 3270 5390 νόμισμα
3290 5307 3480 5387 ἔχοντα

1913 5379 2011 5436 ἐπὶ
2039 5378 2137 5448 τῆς
2162 5379 2367 5442 οἰκείας
2395 5379 2542 5447 (sic).
2579 5386 2764 5447 utpote
2787 5382 3011 5442 omissa,
3044 5378 3149 5430 alia
3184 5395 3379 5434 manus
3423 5380 3478 5433 in

1923 5465 2095 5518 marg.
2130 5448 2275 5518 Mon.
2309 5449 2594 5517 supplevit.

1997 5517 2106 5589 (20)
2143 5517 2252 5573 Τοῦ
2289 5520 2693 5574 ἀποστολικοῦ
2736 5519 3088 5587 νῬάιιιιατος.
3128 5521 3247 5586 Quo
3281 5519 3488 5574 alludat

1930 5589 2018 5644 hic
2047 5599 2253 5648 uoster,
2292 5592 2458 5643 latere
2493 5605 2579 5644 me
2617 5591 2808 5644 fateor.
2843 5590 3068 5653 Credas,
3116 5591 3183 5644 ad
3213 5589 3270 5642 S.
3293 5589 3481 5644 Matth.

1935 5675 1991 5723 ν,
2017 5659 2089 5714 42
2125 5684 2136 5717 ;
2165 5657 2507 5730 τῷαίτοῦντί
2532 5676 2624 5730 σε,
2665 5659 2829 5730 δίδου.
2852 5659 2917 5713 At
2948 5677 3055 5714 non
3097 5671 3182 5714 est
3228 5662 3486 5730 apostoli:

1938 5745 2102 5798 cum,.
2123 5727 2222 5788 scd
2249 5729 2423 5800 ipsius
2454 5727 2756 5788 Salvatoris
2789 5729 2891 5786 hoc
2921 5727 3273 5802 prazccptum.
