3896 6204
375 317 483 374 459

1543 326 1599 381 S.
1640 327 1965 387 GREGORII
2007 333 2303 390 NYSSENI

3509 338 3624 394 440

376 446 626 502 quanam
669 437 884 492 causa?
915 435 1196 507 Scriptura
1241 438 1296 493 in
1346 455 1555 510 papyro
1592 445 1934 516 consignata,

2047 449 2204 520 λογία
2249 449 2343 504 τοῦ
2391 449 2765 512 στενωθέντος.
2815 449 2982 503 Δώσω
3016 457 3156 522 μετὰ
3195 450 3296 522 τῆς
3337 451 3619 522 ἐργασίας,

371 534 428 582 et
467 529 648 598 pactio
696 545 793 585 seu
820 530 1114 601 promissio
1157 531 1362 589 aliiicti.
1413 535 1657 590 Reddam
1702 553 1826 592 cum
1863 539 1940 594 fe-

373 632 527 674 nore.
557 616 860 675 Restituam
885 635 1010 675 cum
1043 623 1195 678 lucro
1227 632 1451 678 sortem.
1482 625 1687 683 Deinde
1708 620 1861 683 insto
1886 635 1941 684 et

371 706 641 763 admoneo
690 717 748 762 ut
795 725 864 766 ne
915 710 1073 768 ﬁdem
1108 711 1282 769 fallat.
1332 713 1400 769 Et
1440 716 1654 772 debitor
1681 719 1936 790 quidem,

372 797 497 853 licet
538 798 721 871 inops,
762 800 921 857 ﬁdem
963 802 1096 864 facit
1132 805 1204 860 ob
1241 808 1629 878 syngrapham.
1659 808 1803 868 Deus
1842 827 1940 867 au-

370 897 502 950 tem,
541 891 636 960 qui
664 891 818 948 dives
844 900 949 961 est,
984 894 1114 951 licet
1155 897 1323 950 multa
1351 898 1676 968 polliceatur
1703 902 1854 958 clara
1883 912 1939 960 et

371 992 572 1034 sonora
603 996 756 1048 voce,
811 998 918 1038 non
952 993 1132 1040 tamen
1163 987 1403 1042 auditur.
1451 987 1548 1055 Da,
1597 1000 1652 1046 et
1686 1007 1789 1063 ego
1813 994 1938 1048 red-

371 1070 524 1140 dam,
554 1073 758 1128 clamat
789 1073 843 1129 in
875 1074 1206 1145 Evangeliis,
1243 1077 1298 1131 in
1325 1078 1544 1148 publico
1583 1082 1795 1152 totique
1827 1093 1937 1139 ter-

370 1175 556 1218 rarum
605 1166 726 1220 orbi
757 1175 888 1222 noto
915 1168 1306 1239 chirographo,
1339 1171 1485 1239 quod
1516 1181 1771 1242 quatuor,
1818 1176 1939 1231 loco

369 1264 424 1310 et
471 1255 592 1312 vice
645 1257 810 1314 unius
867 1259 1239 1329 scripserunt,
1300 1261 1462 1331 cujus
1519 1271 1688 1320 testes
1749 1280 1939 1323 omnes

369 1342 670 1403 Christiani
711 1364 741 1402 a
775 1350 1114 1420 temporibus
1157 1358 1325 1422 partae
1362 1353 1556 1410 salutis
1590 1357 1937 1412 exstiterunt.

371 1433 552 1492 [labes
595 1439 910 1508 paradisum
964 1441 1180 1512 pignus.
1211 1443 1412 1513 pignus
1463 1446 1654 1516 utique
1689 1447 1936 1519 dignum,

371 1543 482 1598 quo
517 1528 747 1586 fidenter
771 1532 990 1588 nitaris.
1019 1532 1175 1599 Quod
1209 1535 1253 1589 si
1285 1542 1337 1589 et
1361 1535 1450 1590 hic
1480 1537 1686 1606 aliquid
1711 1540 1936 1608 quaeris,

370 1629 521 1676 tatus
571 1621 810 1677 mundus
850 1623 1007 1693 probi
1043 1623 1310 1680 debitoris
1350 1627 1631 1696 possessio
1685 1636 1791 1684 est.
1829 1628 1939 1684 Cu-

368 1714 518 1769 riose
560 1713 922 1786 circumspice
972 1717 1185 1786 copiam
1212 1757 1228 1783 ,
1275 1733 1384 1788 qua
1432 1719 1676 1774 abundat
1718 1720 1767 1776 is
1792 1762 1807 1787 ,
1843 1721 1937 1791 qui

2041 539 2350 593 ὐποτελέσω
2392 537 2530 610 μετά
2566 537 2660 590 τοῦ
2710 537 3017 607 γινομένου.
3075 533 3208 591 Εῐτα
3227 578 3242 603 ,
3285 539 3582 608 παρακαλῶ
3601 581 3618 603 ,

2039 630 2068 683 6
2115 629 2212 700 μὲν
2243 628 2542 701 χρεώστης,
2582 628 2680 680 καὶ
2726 627 2929 696 ἄπορος
2974 626 3071 694 ὢν,
3104 627 3194 682 διὰ
3239 628 3340 700 τὴν
3377 645 3617 700 συγγρα-

2040 718 2146 790 φὴν
2185 718 2296 789 (2i)
2347 717 2681 772 πιστεύεταιο
2735 719 2764 770 6
2800 716 2858 770 δὲ
2899 715 3065 781 Θεὸς,
3110 717 3365 782 πλούσιος
3413 718 3492 772 ὣν
3528 721 3620 774 καὶ

2039 809 2535 880 ἐπαγγελλόμενος,
2582 809 2683 862 οὐκ
2725 806 3004 862 ἀκούεται.
3036 807 3136 871 Δὸς
3156 847 3172 872 ,
3213 808 3308 862 καὶ
3337 807 3452 877 ἐγὼ
3481 809 3619 862 ἀποο

2038 900 2194 954 δώσω
2215 899 2349 970 (22),
2377 898 2475 970 βοᾷ
2489 897 2700 970 γράψας
2721 899 2780 953 ὲν
2803 897 3174 966 Εὐαγγελίοις,
3195 898 3254 950 ὲν
3269 898 3617 969 χειρογράφῳ

2038 991 2280 1063 δημοσίῳ
2311 991 2412 1061 τῆς
2431 991 2773 1061 οἰκουμένης.
2798 989 2827 1043 δ
2853 990 3155 1061 τέσσσαρες
3175 989 3420 1060 ἔγραψαν
3445 991 3618 1058 εὐαγο
3663 982 3676 993 κ

2039 1082 2310 1151 γελισταὶ,
2347 1081 2460 1135 ἀνθ’
2481 1081 2598 1144 ἑνὸς
2626 1079 3181 1153 συμϐολ[αι]ογρὰςρου
3200 1120 3214 1145 ,
3245 1073 3306 1132 οὐ
3343 1079 3616 1151 μάρτυρες

2039 1170 2239 1234 πάντες
2269 1172 2317 1223 0i
2351 1171 2416 1224 ὲκ
2460 1170 2569 1224 τῶν
2597 1169 2803 1241 χρόνων
2831 1171 2931 1240 τῆς
2965 1168 3236 1240 σωτηρίας
3268 1171 3606 1240 Χριστιανοί.

2044 1257 2227 1327 Ἔχεις
2272 1256 2552 1328 ὑποθήκην
2589 1258 2680 1310 τὸν
2712 1257 3058 1328 παράδεισον,
3099 1255 3353 1327 ἐνέχυρον
3398 1255 3614 1321 ἀξιόπι-

2042 1364 2184 1401 στον.
2230 1348 2294 1401 Εἰ
2321 1347 2378 1402 δὲ
2408 1348 2503 1401 καὶ
2529 1347 2760 1402 ἐνταῦθα
2804 1349 3004 1418 ζητεῖς,
3053 1347 3172 1410 ὅλος
3215 1349 3245 1401 6
3275 1347 3478 1417 κόσμος
3520 1348 3614 1402 τοῦ

2038 1437 2375 1509 εὐγνώμονος
2415 1437 2690 1508 χρεώστου
2750 1439 2965 1510 κτῆμα.
3013 1437 3378 1509 Περιέργασαι
3431 1439 3616 1508 σαφῶς

2037 1528 2137 1600 τὴν
2164 1528 2423 1599 εὐπορίαν
2454 1528 2547 1582 τοῦ
2580 1527 2866 1600 ζητοῦντος
2893 1529 2993 1601 τὴν
3025 1529 3364 1600 εὐεργεσίαν,
3394 1531 3491 1583 καὶ
3520 1532 3615 1584 εὐ-

2031 1620 2225 1691 ιρήσεις
2240 1619 2351 1690 (εδ)
2367 1619 2457 1672 τὸν
2473 1619 2717 1674 πλοῦτον.
2743 1621 2900 1674 Πᾶσα
2922 1620 3028 1692 γὰρ
3055 1623 3300 1691 χρυσῖτις
3319 1620 3415 1674 τοῦ
3438 1621 3613 1693 χρεώ-

2041 1725 2168 1764 στου
2218 1710 2409 1764 τούτου
2454 1713 2658 1782 κτῆμα.
2724 1712 2841 1765 Πᾶν
2893 1711 3155 1782 μέταλλον
3207 1712 3470 1784 ἀργυρίου
3520 1715 3616 1767 καὶ

367 1803 692 1859 beneﬁcium
723 1805 821 1860 abs
854 1813 908 1861 te
948 1808 1102 1876 petit,
1124 1816 1180 1862 et
1214 1808 1457 1864 invenies
1483 1809 1657 1880 ipsius
1693 1809 1934 1867 divitias.

2043 1802 2242 1874 χαλκοῦ
2287 1804 2380 1857 καὶ
2409 1804 2518 1858 τῶν
2563 1803 2690 1876 ἑξῆς
2737 1803 2879 1857 ὑλῶν
2922 1805 3022 1875 τῆς
3060 1805 3268 1858 ἐκείνου
3296 1805 3616 1870 δεσποτείας

366 1893 503 1949 Nam
543 1910 734 1952 omnes
771 1897 890 1952 auri
925 1899 1244 1969 argentique
1280 1899 1478 1956 fodinae
1515 1902 1781 1958 debitoris
1809 1919 1937 1974 pos-

368 1986 547 2042 sessio
577 1995 725 2042 sunt.
755 1985 930 2044 Omne
963 1990 1241 2045 metallum
1273 1993 1482 2063 argenti
1525 2001 1579 2048 et
1611 1993 1758 2058 aeris,
1803 2003 1854 2050 et
1883 1995 1934 2050 id

367 2091 541 2148 genus
564 2077 815 2143 aliorum,
837 2079 1082 2134 dominio
1104 2087 1158 2136 et
1178 2081 1409 2152 imperio
1430 2083 1599 2153 ipsius
1619 2083 1934 2154 subjicitur.

369 2166 603 2239 Respice
642 2169 696 2223 in
745 2177 918 2224 totum
972 2171 1195 2234 ecelum,
1228 2186 1335 2242 qua
1367 2180 1546 2242 patet;
1584 2182 1766 2229 mente
1799 2189 1933 2229 con-

369 2257 490 2328 cipe
531 2258 699 2315 maris
733 2258 1089 2328 inﬁnitatem;
1130 2262 1307 2332 cogita
1355 2270 1515 2318 terra:
1555 2262 1930 2329 latitudinem;

369 2363 616 2413 numera,
662 2363 801 2420 quas
844 2351 1017 2406 nutrit
1063 2351 1239 2420 feras;
1287 2354 1474 2408 omnia
1511 2353 1756 2420 subjecta
1806 2363 1936 2410 sunt

368 2437 516 2494 illius
555 2441 834 2510 potentias.
884 2440 1045 2512 cujus
1085 2450 1142 2496 tu
1189 2452 1562 2514 paupertatem
1603 2447 1929 2501 contemnis.

367 2527 798 2602 loderatusget
843 2545 1034 2602 aequus
1103 2541 1244 2589 esto.
1301 2533 1378 2590 Ne
1437 2535 1638 2605 injuria
1690 2534 1937 2591 aﬁ‘eceris

367 2619 577 2689 Deum;
613 2637 789 2694 neque
834 2624 1074 2680 aestimes
1106 2624 1273 2680 Deum
1316 2625 1576 2682 inferiore
1609 2635 1663 2682 et
1703 2627 1936 2682 inhono-

367 2714 571 2769 ratiore
627 2713 750 2768 loco
803 2729 926 2770 esse
992 2730 1156 2785 quam
1224 2718 1563 2788 trapezitas,
1624 2718 1825 2788 quibus
1889 2719 1937 2774 si

366 2802 694 2872 spondeam,
728 2804 937 2874 absque
975 2802 1144 2858 dubio
1173 2805 1374 2861 credis.
1418 2805 1492 2858 Da
1534 2789 1787 2877 sponsori
1832 2808 1938 2861 imo

367 2893 612 2948 mortali.
661 2893 837 2949 Crede
869 2892 1236 2966 chirographo
1282 2896 1660 2966 inaspectabili
1695 2897 1936 2968 quidem,

2047 1892 2230 1964 μέρος.
2275 1892 2598 1963 Ἀπόϐλεψον
2631 1893 2712 1957 είς
2731 1893 2824 1947 τὸν
2852 1893 3024 1963 μέγαν
3047 1895 3296 1965 οὐρανόν⁹
3327 1896 3614 1966 κατάμαθε

2041 1984 2139 2055 τὴν
2157 1983 2379 2055 ἄπειρον
2407 1984 2700 2039 θάλασσαν⁹
2724 1985 3004 2054 ίστόρησον
3033 1982 3094 2038 τὸ
3129 1985 3328 2051 πλάτος
3361 1987 3464 2056 τῆς
3483 1987 3612 2058 γῆς·

2043 2075 2344 2147 ὰρίθμησον
2390 2075 2462 2130 τὰ
2514 2075 2602 2129 ἐπ’
2663 2076 2831 2146 αὐτῆς
2878 2076 3185 2148 τρεφόμενα
3234 2075 3378 2141 ζῶαο
3433 2079 3617 2133 πάντα

2039 2167 2198 2220 δοῦλα
2219 2167 2312 2220 καὶ
2344 2169 2618 2238 κτήματα,
2646 2161 2706 2222 οὗ
2738 2168 2802 2220 σύ
2831 2165 2907 2230 ὡς
2945 2166 3148 2238 ἀπόρου
3184 2167 3296 2238 (ει)
3329 2185 3615 2241 καταφρο-

2039 2261 2168 2323 νεῖς.
2221 2259 2597 2331 Σωφρόνησον,
2644 2257 2919 2331 ἄνθρωπε.
2973 2259 3065 2330 Μὴ
3124 2258 3462 2332 καθυϐρισῃς
3519 2261 3614 2314 τὸν

2039 2351 2204 2415 Θεὸν,
2243 2350 2375 2422 μηδὲ
2405 2351 2584 2421 ἡγήσῃ
2613 2349 2720 2404 τῶν
2760 2349 3102 2422 τραπεζιτῶν
3146 2351 3482 2422 ἀτιμότερον,
3527 2345 3613 2414 οἷς

2040 2442 2406 2513 ἑγγυωμένοις
2445 2440 2826 2512 ἀναμφιϐόλως
2868 2439 3196 2499 πιστεύσεις.
3233 2440 3332 2504 Δὸς
3365 2443 3608 2512 ὲγγυητῇ

2036 2531 2110 2603 μὴ
2139 2534 2550 2603 ἀποθνήσκοντι.
2587 2533 2881 2586 Πίστευσον
2931 2533 3278 2603 χειρογράφῳ
3309 2533 3383 2604 μὴ
3412 2532 3611 2602 βλεπο-

2035 2623 2179 2694 μένῳ
2210 2623 2345 2696 μηδὲ
2374 2623 2825 2695 σπαρασσομένῳ.
2867 2622 2959 2694 Μὴ
2989 2625 3343 2695 ὲπερωτήσῃς
3370 2624 3470 2694 τὴν
3519 2626 3614 2694 sp-

2033 2715 2252 2782 γασίαν,
2297 2713 2433 2767 ἀλλὰ
2457 2713 2544 2776 δὸς
2573 2711 2950 2782 ἀκαπήλευτον
2985 2712 3084 2781 τὴν
3134 2711 3470 2783 εὐεργεσίαν,
3515 2713 3611 2766 καὶ

2033 2805 2152 2875 ὄψει
2187 2822 2269 2858 σοι
2313 2803 2405 2859 τὸν
2443 2803 2576 2858 Θεὸν
2621 2802 2759 2876 μετὰ
2797 2801 3116 2875 προσθήκης
3149 2803 3466 2858 ἀποδιδόντα
3511 2805 3612 2876 τήν
3650 2854 3653 2856 ,

2048 2897 2229 2969 χάριν.

367 2983 464 3040 sed
506 2984 775 3056 ejusmodi
816 2996 1019 3052 tamen,
1057 2988 1202 3058 quod
1251 2989 1407 3060 perdi
1481 3000 1738 3062 nequeat.
1793 2990 1872 3047 Ne
1938 2992 2123 3063 exigas
2191 2991 2440 3057 lucrum,
2496 2989 2594 3047 sed
2646 2989 2898 3062 impende
2943 2987 3268 3046 beneﬁcium
3332 2989 3455 3045 sine
3516 3004 3612 3060 spe

367 3088 630 3151 quastus,
680 3081 997 3153 videbisque
1035 3081 1204 3138 Deum
1249 3099 1358 3140 non
1396 3085 1517 3141 sine
1561 3086 1931 3143 adilitamento
1969 3086 2268 3158 rependere
2294 3087 2548 3158 gratiam.

435 3172 590 3238 Quod
619 3172 665 3228 si
700 3172 814 3228 haec
837 3177 1015 3230 oratio
1055 3175 1151 3229 tibi
1183 3179 1470 3248 peregrina
1499 3188 1554 3234 et
1582 3187 1780 3249 praeter
1816 3182 1932 3250 opi-
1959 3185 2002 3243 C

365 3263 584 3319 nionem
640 3264 858 3328 accidit,
908 3266 962 3319 in
1009 3275 1265 3336 promptu
1309 3269 1486 3325 habeo
1537 3271 1931 3336 testimonium,

365 3369 477 3426 quo
508 3357 856 3428 perspicuum
893 3358 953 3413 ﬁt
983 3358 1149 3416 Deum
1180 3361 1266 3432 pie
1293 3372 1542 3433 sumptus
1573 3371 1627 3418 et
1659 3363 1934 3433 impensas

365 3447 693 3507 facientibus
719 3451 904 3506 multis
936 3453 1213 3524 variisque
1236 3455 1412 3510 modis
1441 3471 1704 3526 reponere
1740 3456 1932 3512 vicem.

364 3538 531 3597 Petro
568 3542 714 3597 enim
750 3543 1123 3614 interrogante
1160 3553 1216 3600 et
1247 3545 1462 3601 dicente
1497 3566 1509 3600 :
1538 3545 1672 3601 Ecce
1709 3564 1803 3602 nos
1844 3565 1930 3602 rc-

365 3630 617 3703 liquimus
656 3633 843 3692 omnia,
869 3641 919 3686 et
955 3636 1122 3688 secuti
1157 3652 1336 3690 sumus
1381 3646 1449 3702 te,
1493 3637 1618 3706 quid
1669 3654 1790 3707 ergo
1829 3639 1929 3692 erit

365 3722 561 3780 nobis?
587 3725 750 3779 Amen
780 3725 897 3779 dico
929 3727 1091 3791 vobis,
1128 3726 1324 3798 inquit,
1364 3731 1532 3784 omnis
1576 3731 1667 3800 qui
1710 3730 1934 3800 relique-

365 3816 438 3870 rit
477 3815 682 3880 domos,
725 3827 820 3871 aut
847 3819 1042 3886 fratres
1081 3829 1173 3873 aut
1206 3837 1434 3884 sorores,
1468 3831 1558 3875 aut
1587 3829 1812 3890 patrem,
1842 3830 1936 3876 aut

366 3917 609 3972 matrem,
661 3918 753 3960 aut
785 3923 1024 3972 uxorem,
1067 3919 1160 3964 aut
1196 3910 1358 3980 ﬁlios,
1407 3921 1499 3964 aut
1533 3929 1710 3982 agros,
1751 3922 1933 3966 centu-

364 3996 513 4068 phtm
546 3998 784 4068 accipiet,
827 4009 876 4054 et
905 4002 1065 4056 vitam
1096 4013 1348 4057 a’ternam
1382 4004 1662 4071 possidebit
1688 4005 1730 4059 '.
1769 4004 1934 4059 Vides

363 4089 784 4146 liberalitatem?
833 4091 997 4149 Vides
1037 4094 1371 4150 bonitatem?
1418 4095 1484 4150 Et
1513 4097 1667 4152 valde
1711 4097 1932 4167 quidem

365 4179 655 4250 impudens
684 4181 960 4238 fenerator
989 4184 1219 4250 laborat,
1249 4195 1306 4241 ut
1340 4197 1541 4244 sortem
1571 4187 1844 4258 duplicet;
1881 4196 1936 4241 at

363 4267 510 4327 Deus
539 4280 733 4342 sponte
773 4289 896 4338 sua,
930 4274 980 4330 ei
1011 4277 1102 4346 qui
1148 4275 1368 4334 fratrem
1405 4295 1566 4335 suum
1609 4294 1717 4334 non
1746 4280 1936 4350 oppri-

364 4359 488 4423 mit,
549 4363 863 4433 centuplum
919 4365 1120 4421 reddit.
1176 4367 1564 4440 Obtemperato
1607 4368 1774 4440 igitur
1824 4367 1935 4424 Deo

349 4451 698 4520 consulenti,
737 4469 1042 4526 usurasque
1074 4468 1303 4527 peccato
1336 4476 1445 4515 non
1487 4461 1756 4516 obnoxias
1787 4460 1933 4517 rel‘e-

366 4557 474 4599 res.
506 4542 619 4599 Cur
649 4555 701 4600 te
742 4545 884 4600 haud
927 4548 1046 4604 sine
1089 4552 1298 4606 scelere
1333 4552 1483 4608 curis
1513 4550 1763 4617 conﬁcis,
1812 4551 1932 4609 dies

433 4727 460 4761 ⁸
490 4726 679 4784 Matth.
717 4743 829 4797 xix,
857 4727 949 4793 27,
979 4726 1073 4783 28.

2108 3183 2206 3233 Ἂν
2235 3180 2293 3233 δὲ
2326 3179 2505 3252 ξενίζῃ
2543 3197 2636 3233 σου
2662 3179 2762 3251 τὴν
2796 3179 2965 3251 ἀκοὴν
2996 3179 3026 3232 6
3074 3177 3379 3250 παράδοξος
3413 3177 3485 3252 [ό]
3515 3179 3609 3234 λό-

2036 3288 2130 3341 γος
2161 3271 2294 3344 (25),
2325 3273 2608 3344 πρόχειρον
2635 3271 2742 3342 ἔχω
2767 3270 2866 3341 τὴν
2902 3268 3225 3341 μαρτυρίαν,
3264 3269 3345 3323 ὅτι
3374 3273 3488 3332 τοῖς
3516 3270 3607 3323 εὐ-

2038 3361 2210 3427 σεϐῶς
2260 3362 2534 3416 δαπανῶσι
2576 3363 2669 3416 καὶ
2715 3360 3060 3432 εὐεργετοῦσι
3099 3359 3551 3424 πολυπλασιάζων
3580 3362 3613 3413 6

2035 3451 2167 3515 Θεὸς
2187 3450 2284 3524 τὴν
2312 3450 2544 3522 ἀμοιϐὴν
2578 3449 2889 3504 ἀποδίδωσι.
2919 3449 3126 3522 Πετρου
3165 3449 3274 3520 γὰρ
3295 3448 3613 3519 ἐρωτῶντος

2022 3541 2133 3594 ικαὶ
2177 3539 2444 3609 λέγοντος·
2499 3539 2644 3595 Ἰδοὺ
2678 3539 2850 3610 ἡμεῖς
2878 3538 3195 3610 ἀφήκαμεν
3228 3537 3454 3604 πάντα,
3507 3539 3611 3592 καί

2034 3629 2535 3701 ἠκολουθήσαμέν
2569 3645 2686 3696 σοι,
2735 3631 2794 3684 τι
2827 3629 2941 3699 ἄρα
2971 3632 3143 3685 ἔσται
3175 3629 3361 3699 ήμῖν;
3419 3629 3617 3699 Ἀμὴν

2035 3723 2188 3791 λέγω
2207 3726 2367 3792 ὑμῖν,
2385 3723 2536 3794 φησί·
2555 3720 2680 3788 Πᾶς
2700 3721 2867 3788 ὅστις
2893 3722 3132 3792 ἀφῆκεν
3145 3721 3355 3787 οἰκίας,
3374 3721 3413 3790 ἦ
3431 3721 3582 3776 ἀδελ
3595 3751 3617 3762 -

2035 3814 2207 3884 φοὺς,
2233 3815 2272 3883 ἢ
2303 3813 2588 3883 ἀδελφὰς,
2615 3815 2650 3882 ἣ
2679 3814 2923 3882 πατέρα,
2944 3814 2983 3882 ἢ
2995 3814 3243 3883 μητέρα,
3272 3813 3312 3881 ἢ
3331 3813 3613 3883 γυναῖκα,

2035 3907 2076 3976 ἢ
2091 3906 2290 3969 τέκνα,
2302 3905 2341 3975 ἢ
2354 3907 2593 3976 ἀγροὺς,
2609 3906 3200 3961 ἑκατονταπλασίονα
3213 3904 3488 3975 λήψεται,
3505 3906 3613 3958 καί

2036 3998 2190 4067 ζωὴν
2211 3999 2450 4053 αἰώνιον
2474 3997 2938 4068 κληρονομήσει.
2967 3998 3130 4068 Ὁρᾷς
3146 3995 3242 4067 τὴν
3259 3996 3567 4066 φιλοτιμίαν
3592 4012 3611 4061 ;

2038 4089 2255 4161 βλέπεις
2275 4091 2376 4162 τὴν
2418 4090 2755 4160 ἀγαθὸτητα;
2809 4087 2869 4143 'O
2907 4088 3111 4158 σφόδρα
3140 4087 3489 4156 ἀναίσχυντος
3514 4086 3615 4140 δα-

2036 4182 2252 4254 νειστὴς
2281 4183 2499 4252 κάμνει,
2531 4181 2616 4235 ἵνα
2642 4180 2966 4251 διπλασιάσῃ
2995 4179 3106 4250 (26)
3137 4179 3197 4231 τὸ
3229 4177 3548 4247 κεφάλαιον
3579 4181 3614 4234 6

2035 4274 2168 4338 Θεὸς
2206 4274 2262 4328 δὲ
2303 4273 2641 4344 αὐθαιρέτως
2679 4271 2758 4343 τῷ
2789 4272 2863 4343 μὴ
2903 4271 3135 4325 θλίϐοντι
3163 4271 3252 4324 τὸν
3291 4269 3522 4338 ἀδελφὸν
3549 4269 3615 4323 τὸ

2037 4364 2518 4419 ἑκατονταπλάσιον
2562 4364 2766 4417 δίδωσι.
2819 4362 3012 4418 Πείθου
3068 4362 3182 4432 (27)
3218 4357 3311 4416 οὖν
3366 4360 3444 4432 τῷ
3489 4361 3614 4433 Θεῷ

2039 4456 2478 4528 συμϐουλεύοντι,
2508 4457 2602 4510 καὶ
2629 4455 2774 4528 λήψῃ
2795 4455 2987 4517 τόκους
3017 4455 3452 4525 ἀναμαρτήτους.
3489 4454 3613 4508 Ἵνα

2037 4551 2089 4604 τί
2137 4550 2275 4624 μετὰ
2306 4549 2578 4622 ἁμαρτίας
2625 4548 2916 4621 μερίμναις
2966 4546 3160 4600 σαυτὸν
3193 4546 3482 4616 ὲκτήκεις,
3512 4545 3612 4608 τὰς

437 4906 551 4975 (21)
578 4906 756 4964 Verba
788 4909 876 4964 διὰ
891 4910 990 4982 τὴν
1023 4927 1266 4982 συγγρ...
1301 4910 1557 4976 πλούσιος
1589 4910 1665 4968 ὥν
1719 4915 1788 4970 ab
1819 4914 1928 4970 alia

437 4991 534 5031 anu
554 4977 607 5032 in
640 4993 811 5038 marg.
846 4981 1007 5035 habet
1043 4983 1186 5036 Mon.

2043 4911 2178 4993 Bast.
2225 4912 2402 4969 Laure
2434 4913 2675 4982 critique,
2815 4911 2886 4970 90
2915 4926 3037 5000 sqq.
3066 4913 3143 4983 (p.
3179 4912 3278 4968 127
3307 4927 3432 4996 sqq.
3454 4928 3599 4972 vers.

2043 4981 2432 5038 Wiedeburml.
2460 5015 2527 5028 -—
2556 4984 2678 5038 Mox
2756 4999 2848 5038 on.
2877 4999 3051 5038 γοεως
3086 4999 3179 5035 του
3215 4998 3310 5038 σου
3350 4985 3508 5038 (srci.

366 4977 811 5051 manuinmarg.
846 4977 1007 5035 habet
1043 4977 1186 5036 Mon'.

439 5046 553 5116 (22)
604 5046 786 5114 Δὸς..ῖ
838 5051 1145 5106 ἀποδώσω.
1192 5050 1310 5106 Non
1371 5052 1438 5107 ad
1487 5061 1696 5109 certum
1744 5054 1925 5108 locum

366 5114 782 5194 E_vange_lioru_m
817 5119 906 5174 hic
927 5123 1198 5194 respicere
1230 5121 1535 5194 Nyssepum
1574 5124 1822 5194 eplurali
1866 5126 1924 5176 ὲν

365 5187 703 5262 ﬂagellet;
723 5189 834 5262 fere
866 5187 1048 5262 pater:
1081 5191 1155 5248 cf.
1180 5187 1360 5248 tanien
1397 5192 1448 5246 S.
1478 5187 1666 5247 Mattli.
1697 5208 1770 5256 vi,
1796 5195 1924 5258 5,4.

435 5257 548 5330 (23)
574 5257 895 5334 βύρήσειξ.
942 5259 1042 5317 Ed.
1089 5264 1329 5334 εὐρήσῃς
1398 5265 1625 5334 Correxi
1677 5257 1910 5318 barbari-

364 5320 966 5400 smmn.Subjunctivus
980 5320 1167 5388 tamen.
1177 5320 1465 5389 verborum
1479 5333 1924 5399 αὐθυποτάκτων,

362 5398 722 5481 νειιιιεύρῃς,
744 5400 936 5481 λάδῃς,
977 5402 1136 5481 _sim..
1166 5418 1282 5481 Apro
1316 5404 1516 5481 futuro
1572 5403 1860 5481 adhibetur
1895 5398 1927 5456 ε

364 5469 726 5543 scriptoribus
773 5469 1121 5543 praecipitata:
1159 5469 1482 5538 Graecitatis,
1545 5488 1656 5543 quo
1697 5473 1765 5528 de
1823 5488 1927 5528 usu

367 5539 487 5610 vide
524 5539 1034 5610 prtcstantissim'am
1062 5550 1246 5597 notam
1278 5545 1341 5597 Θ.
1378 5543 1438 5596 Β.
1482 5539 1644 5601 Hase.
1693 5543 1811 5596 ind.
1868 5543 1926 5597 in

366 5606 542 5680 Leon.
571 5609 796 5666 Diacon.
823 5627 872 5666 ε.
890 5629 942 5666 v.
965 5609 1362 5680 Coniunctiuus.
1398 5612 1472 5667 De
1488 5614 1668 5668 verbis
1696 5613 1928 5666 αὐθυπο-

367 5675 602 5752 τάκτοις.
639 5698 657 5731 ι
691 5683 871 5752 verbis
907 5675 1118 5737 scilicet
1148 5699 1268 5752 quae
1292 5685 1426 5736 ﬁunt
1451 5682 1797 5752 subjunctiva
1829 5698 1924 5752 per

363 5760 442 5815 se,
467 5765 486 5800 ι
513 5745 812 5822 interprete
824 5749 1146 5809 Boissonad.
1163 5745 1358 5810 Ἁηιεά.
1379 5752 1495 5822 Gn,
1519 5745 1610 5809 tfll
1635 5768 1687 5823 p.
1708 5745 1922 5822 461,οῇ

2032 4981 2527 5055 Wiedeburg.).—
2556 4984 2678 5038 Mox
2704 4981 2848 5038 Mon.
2877 4981 3051 5055 χρέως
3078 4981 3310 5055 ’του-σου
3350 4981 3508 5054 (sic).

2105 5053 2219 5124 (Ἡ)
2271 5047 2670 5124 Ὠἷςίὶπτιζοου1
2732 5047 2938 5108 Ιηεοιίιῖί
2985 5053 3062 5117 ὡς
3093 5067 3126 5108 e
3173 5051 3320 5110 Mon.
3360 5047 3603 5112 ’Λήιεῶ

2033 5121 2216 5193 suppl.
2254 5124 2462 5177 ἐκείνου
2490 5121 2611 5178 seil.
2641 5121 2798 5178 Θεοῦ.

2102 5191 2213 5262 (ἱῦ)
2259 5193 2322 5247 '0
2350 5193 2689 5262 παράδοξος
2716 5198 2749 5249 d
2773 5192 2971 5261 λόγος.
3003 5191 3257 5249 Vitiatam
3304 5194 3596 5250 lectionem

2029 5264 2258 5317 emenda
2297 5263 2590 5332 scribendo
2632 5261 2787 5327 οὗτος
2825 5264 2853 5315 6
2889 5263 3189 5332 παρᾴδοξος
3231 5264 3414 5332 λόγος,
3455 5274 3548 5319 aut
3579 5264 3606 5315 6

2028 5333 2335 5402 παράδοξος
2371 5326 2527 5397 οὗτος
2569 5333 2744 5402 λόγος,
2769 5326 2914 5387 θοοΙΙ.
2959 5326 3128 5390 Wolf.
3170 5326 3256 5387 ad
3305 5326 3605 5389 'I)ernostb.

2027 5399 2234 5470 Leptin.
2270 5417 2324 5472 p.
2360 5403 2464 5459 5:6
2491 5405 2577 5458 ed.
2612 5399 2820 5468 Bremi;
2857 5411 2950 5456 aut
2988 5412 3112 5459 ante
3141 5403 3299 5472 λόγος
3333 5405 3460 5460 dele
3478 5405 3608 5458 arti-

2025 5471 2209 5526 culum
2227 5471 2387 5543 quem
2424 5472 2638 5530 uncinis
2659 5472 2878 5543 inclusi.

2103 5543 2216 5614 (26)
2246 5541 2674 5614 Ἆιπλασιάσῃ.
2738 5541 2831 5596 Sic
2865 5543 3082 5598 correxi
3125 5542 3336 5600 editum
3379 5541 3612 5597 διαπλας

2029 5629 2216 5670 σιαση.

2101 5626 2216 5682 κσῃ.

2101 5683 2213 5757 (27)
2239 5684 2471 5738 Πείθου.
2499 5681 2864 5757 Μοῃηπίθντι
2911 5682 3060 5757 (sic).
3093 5682 3379 5741 Librarius
3417 5681 3616 5738 forsan

2034 5754 2344 5826 scripturus
2373 5762 2490 5810 erat
2522 5753 2794 5824 πείσθητι.
