3896 6204
225 318 317 377 ιω

1493 317 1771 378 CONTRA
1812 323 2226 382 USURARIOS.

3388 340 3491 392 με

221 429 443 501 ἠμέρας
465 427 740 500 ἀριθμῶν,
767 435 894 492 τοὺς
922 437 1097 500 μῆνας
1125 440 1401 502 ψηφῑςων,
1433 433 1494 488 τὸ
1521 436 1815 505 κεφάλαιον

1924 455 2236 504 numerans,
2276 454 2494 498 menses
2521 452 2869 513 computans,
2923 452 3127 501 sortem
3177 443 3366 500 animo
3403 464 3490 503 reo

217 520 449 582 ἐνναῦν,
476 521 576 582 τὰς
597 518 912 590 προσθήκας
942 521 1320 591 ὀνειροπολῶν,
1351 523 1682 594 φοϐούμενος
1711 525 1810 595 τὴν

216 608 590 682 προθεσμίαν,
617 609 692 679 μή
727 609 978 679 ἄκαρπος
1007 611 1385 682 παραγένηται
1422 613 1497 677 ὡς
1529 613 1684 685 Θέρος
1709 633 1809 684 χα-

213 697 491 763 Δειζωθέν.
533 695 962 767 Περιεργάζεται
1009 700 1039 750 ό
1074 697 1358 769 δανειστὴς
1398 699 1492 754 τοῦ
1535 700 1808 770 χρεώστου

220 789 327 853 τὰς
353 788 609 860 πράξεις,
633 788 732 850 τὰς
761 787 1029 858 ἐκδημίας
1045 829 1061 852 ,
1086 788 1156 842 τὰ
1191 791 1464 860 κινήματα
1483 831 1499 854 ,
1523 791 1624 855 τὰς
1650 809 1812 862 μετα-

215 879 434 943 ϐάσεις,
466 877 566 941 τὰς
591 877 866 949 ἐμπορίας
893 877 1005 950 (28)
1023 895 1039 910 ο
1074 879 1178 933 κᾶν
1206 881 1362 952 φήμη
1383 898 1468 944 τις
1495 883 1810 954 παραγένη-

218 986 315 1024 ται
354 968 692 1040 σκυθρωπὴ,
737 969 820 1022 ὅτι
861 967 1086 1041 λῃσταῖς
1125 972 1154 1023 ό
1199 971 1347 1025 δεῖνα
1381 973 1730 1044 περιέπεσεν,
1773 975 1808 1044 ἢ

219 1065 292 1120 ἐκ
314 1080 464 1126 τινος
494 1062 874 1134 περιστάσεως
896 1063 977 1125 είς
995 1063 1186 1117 πενίαν
1206 1063 1354 1135 αύτῷ
1374 1064 1674 1138 μετεϐλήθη
1699 1066 1810 1137 (29)

225 1157 255 1230 ἢ
291 1158 558 1226 εὐπορία,
594 1156 830 1228 κάθηται
850 1197 865 1217 ,
889 1156 967 1210 τὼ
992 1161 1140 1229 χεῖρε
1173 1160 1460 1231 συνδήσας,
1491 1162 1666 1214 στένει
1694 1179 1813 1216 συν-

222 1250 390 1319 εχῶς,
425 1249 757 1321 ὐποδακρύει
795 1250 992 1304 πολλά·
1027 1251 1294 1306 ἀνελίττει
1326 1253 1388 1306 τὸ
1427 1256 1808 1326 χειρόγραφον,

226 1340 421 1413 θρηνεῖ
447 1343 507 1394 ἐν
541 1343 654 1404 τοῖς
685 1341 976 1412 γράμμασι
1003 1342 1094 1394 τὸν
1119 1343 1341 1414 χρυσὸν,
1366 1346 1718 1416 προκομίζων
1751 1348 1813 1400 τὸ

229 1432 578 1504 συμϐόλαιον,
597 1432 672 1496 ὡς
703 1434 918 1502 ἱμάτιον
947 1433 1062 1487 υίοῦ
1081 1435 1525 1507 τελευτήσαντος·
1560 1439 1654 1492 ἀπ’
1676 1438 1816 1492 ἐκεί-

230 1546 323 1582 νου
351 1528 683 1601 θερμότερον
698 1530 904 1601 ἐγείρει
923 1530 985 1584 τὸ
1002 1531 1195 1597 πάθος.
1231 1533 1331 1588 “Av
1359 1535 1416 1588 δὲ
1438 1536 1530 1590 καὶ
1563 1538 1814 1592 ναυτικὸν

229 1615 266 1695 ᾖ
293 1621 355 1676 τὺ
383 1621 644 1692 δάνεισμα
662 1662 678 1685 ,
705 1625 820 1684 τοῖς
861 1623 1129 1692 αἰγιαλοῖς
1157 1626 1536 1698 προσκάθηται
1556 1668 1570 1692 ,
1604 1630 1702 1693 τὰς
1731 1647 1816 1683 κι-

1909 532 2152 596 volvens,
2189 531 2587 588 incrementum
2609 535 2912 599 somnians,
2951 545 3313 604 metuensque
3347 537 3490 593 diem

1908 634 2294 704 pratstitutam,
2345 649 2413 690 ne
2458 633 2805 690 infructuosa
2855 636 3059 699 veniat,
3122 638 3299 692 instar
3341 637 3492 692 illius

1910 725 2144 787 aestatis,
2201 741 2309 794 qua
2355 725 2566 795 grando
2615 724 2800 797 fruges
2847 727 3115 782 contudit.
3162 727 3394 783 Curiose
3437 741 3493 782 et

1909 817 2070 872 anxie
2104 816 2334 886 inquirit
2367 815 2648 871 fenerator
2678 818 2732 871 in
2785 832 2977 873 omnes
3004 805 3270 875 debitoris
3318 819 3492 874 actio-

1911 921 2032 971 nes,
2082 907 2136 960 in
2194 907 2692 977 peregrinationes,
2743 907 2800 962 in
2851 923 3160 978 egressum,
3210 918 3488 964 mercatu-

1909 1010 2060 1062 ram;
2095 1005 2152 1051 et
2202 997 2250 1052 si
2287 996 2430 1050 fama
2476 997 2690 1052 oriatur
2726 998 3044 1064 infaustior,
3085 999 3232 1070 quod
3277 999 3489 1055 scilicet

1911 1087 2136 1157 quidam
2186 1088 2241 1143 in
2292 1089 2536 1144 latrones
2587 1089 2866 1156 inciderit,
2918 1093 3002 1148 vel
3052 1101 3250 1147 eventu
3305 1091 3492 1161 aliquo

1911 1179 2070 1247 inops
2100 1195 2168 1234 ex
2197 1180 2458 1250 apulento
2489 1183 2751 1244 evaserit,
2791 1181 2943 1238 sedet
2971 1183 3184 1252 junctis
3211 1184 3489 1249 manibus,

1912 1270 2132 1324 assidue
2152 1270 2340 1340 gemit,
2375 1271 2576 1340 sacpius
2607 1272 2806 1341 plorat,
2836 1273 3010 1328 volvit
3035 1273 3489 1343 chirographum,

1912 1359 2248 1415 lamentatur
2280 1361 2336 1415 in
2365 1361 2566 1417 litteris
2600 1362 2709 1418 illis
2739 1377 2958 1428 aurum,
3003 1363 3236 1418 efferens
3265 1372 3490 1418 contra-

1913 1461 2038 1508 ctus
2073 1453 2306 1520 tabulas,
2359 1469 2469 1510 non
2501 1469 2662 1512 secus
2698 1465 2861 1526 atque
2886 1464 3091 1512 vestem
3142 1456 3235 1510 lilii
3264 1456 3489 1519 mortui,

1914 1544 2364 1615 acerbioremque
2417 1544 2596 1600 adhuc
2650 1547 2865 1600 illarum
2921 1554 3141 1616 aspectu
3197 1545 3493 1602 resuscitat

1914 1633 2183 1689 dolorem.
2221 1633 2279 1689 Si
2311 1643 2492 1689 autem
2524 1643 2772 1690 mutuum
2808 1635 2972 1691 fuerit
3001 1635 3302 1697 nauticum,
3340 1635 3491 1691 litto-

234 1712 422 1784 νήσεις
463 1714 698 1784 μεριμνᾷ
721 1713 831 1766 τῶν
872 1713 1108 1784 ἀνέμων,
1153 1714 1393 1787 συνεχῶς
1420 1717 1651 1790 διερωτᾷ
1689 1721 1814 1784 τοὺς

1924 1725 2072 1780 ribus
2104 1725 2333 1789 assidet,
2364 1724 2526 1782 deflet
2563 1733 2848 1783 ventorum
2878 1726 3149 1796 procellas
3190 1733 3246 1780 et
3285 1732 3491 1794 tempe-

240 1803 602 1874 καταίροντας
629 1804 757 1874 (50),
794 1805 871 1876 μή
895 1821 996 1859 που
1019 1807 1278 1874 ναυάγιον
1311 1809 1575 1880 ήκούσθη,
1608 1811 1684 1883 μή
1709 1828 1812 1864 που

242 1896 501 1959 πλέοντες
523 1897 919 1950 ἐκινδύνευσαν.
944 1897 1254 1968 Παχνοῦται
1282 1899 1380 1970 τὴν
1405 1899 1584 1972 ψυχὴν
1609 1903 1674 1956 ἐκ
1707 1903 1814 1956 τῶν

244 1982 508 2052 λειψάνων
546 1987 644 2054 τῆς
689 1985 1066 2056 μεθημερινῆς
1103 1987 1402 2057 φροντίδος.
1432 1988 1578 2060 Πρὸς
1617 1989 1682 2060 δὴ
1723 1993 1815 2044 τὸν

242 2075 476 2129 τοιοῦτον
495 2075 732 2129 λεκτέον⁸
760 2077 997 2142 Παῦσαι,
1015 2077 1290 2148 ἄνθρωπε,
1319 2079 1586 2150 μερίμνης
1615 2082 1817 2136 ἐπικιν-

239 2165 412 2221 δύνου.
465 2167 799 2221 ’Δνάπαυσαι
829 2166 936 2220 ἀπὸ
964 2167 1174 2231 ἐλπίδος
1204 2169 1496 2240 τηκούσης·
1519 2169 1594 2242 μὴ
1625 2172 1818 2236 τόκους

233 2254 416 2325 ζητῶν
449 2253 632 2324 σαυτῷ
659 2254 719 2306 τὺ
751 2254 1044 2324 κεφάλαιον
1074 2254 1412 2328 διαφθείρῃς.
1456 2258 1614 2330 Παρὰ
1657 2259 1816 2331 πένηο

231 2363 320 2408 τος
339 2345 529 2416 ζητεῖς
555 2345 853 2416 προσόδους
885 2347 980 2400 κο.)⁵
1006 2346 1323 2417 προσθήκας
1349 2347 1576 2402 πλούτου
1593 2390 1607 2414 ,
1638 2367 1818 2420 παρα-

231 2437 464 2508 πλήσιον
492 2436 662 2490 ποιῶν
683 2437 758 2500 ὡς
784 2438 837 2491 εῑ
846 2454 930 2501 τις
955 2438 1064 2491 ἀπὸ
1081 2437 1264 2510 χώρας
1278 2440 1472 2511 αύχμῷ
1500 2440 1815 2513 θερμοτάτῳ

231 2527 603 2599 ξηρανθείσης
626 2527 806 2580 λαϐεῖν
843 2527 1085 2598 θελήσειε
1119 2529 1264 2582 σίτου
1305 2529 1584 2601 θημωνιὰς
1608 2532 1719 2603 (51)
1741 2533 1812 2604 ,ἢ

230 2621 438 2690 πλῆθος
466 2619 708 2690 βοτρύων
731 2620 791 2687 ἐξ
812 2620 1060 2690 ἀμπέλου
1086 2621 1224 2692 μετὰ
1243 2623 1402 2692 νέφος
1419 2624 1813 2697 χαλαζηφόρον,

230 2712 264 2782 ή
290 2711 506 2764 τέκνων
540 2711 702 2764 τόκον
746 2709 856 2763 ἀπὸ
889 2710 1106 2780 στείρας
1148 2714 1414 2782 γαστρὸς,
1466 2713 1501 2785 ἢ
1547 2714 1817 2782 γάλακτος

228 2802 442 2874 τροφὴν
483 2803 543 2868 ἐξ
577 2802 790 2856 ἀτόκων
840 2803 1135 2871 γυναικῶν.
1179 2803 1368 2868 Οὐδεὶς
1418 2803 1658 2875 ἐγχειρεῖ
1703 2809 1816 2872 τοῖς

229 2894 390 2966 παρὰ
411 2893 574 2963 φύσιν
613 2894 706 2947 atati
729 2893 1014 2958 ἀδυνάτοις
1030 2909 1045 2924 ⁸
1078 2894 1201 2948 ἐπεὶ
1225 2894 1360 2966 πρὸς
1386 2893 1463 2966 τῷ
1497 2895 1665 2966 μηδὲν
1687 2913 1817 2950 κατ-

230 2984 453 3056 ορθοῦν,
494 2985 951 3056 προσοφλισκάνει
985 2985 1217 3054 γέλωτα.
1259 2986 1436 3050 Μόνος
1462 2987 1492 3038 ό
1519 2985 1650 3051 Θεὸς
1678 3005 1816 3041 παν-

229 3075 556 3148 τοδύναμος,
590 3076 648 3141 ὃς
689 3077 756 3130 ἐκ
803 3076 912 3130 τῶν
943 3077 1166 3149 ἀπόρων
1204 3076 1448 3150 εὑρίσκει
1490 3077 1616 3139 τοὺς
1659 3092 1817 3147 πορι-

236 3170 434 3238 σμοὺς,
455 3167 636 3221 καὶτὰ
649 3168 779 3239 παρ’
803 3167 992 3222 ἐλπίδα
1014 3169 1110 3222 καὶ
1131 3168 1457 3240 προσδοκίαν
1467 3163 1811 3240 δημιουργεῖ,

235 3258 334 3313 νῦν
375 3258 477 3329 μὲν
505 3257 742 3312 κελεύων
777 3259 983 3329 πέτρας
1019 3259 1202 3330 πηγὴν
1237 3259 1520 3330 ἀπορρεῖν,
1565 3255 1721 3322 αὖθις
1758 3258 1816 3312 δὲ

241 3349 452 3420 βρέχων
500 3350 559 3416 ἐξ
606 3349 838 3420 ούρανοῦ
881 3351 1043 3422 ἄρτον
1087 3351 1329 3423 ἀσυνήθη
1377 3351 1472 3404 καὶ
1515 3349 1685 3415 ξένον,
1723 3352 1818 3404 atad

243 3440 405 3494 πάλιν
424 3439 734 3509 γλυκαίνων
764 3441 875 3509 (52)
904 3439 1001 3511 τὴν
1025 3438 1228 3510 πικρὰν
1252 3439 1477 3511 Μερρὰν
1514 3441 1697 3512 ἐπαφῇ
1735 3440 1820 3506 ξύ-

245 3529 359 3585 λου·
386 3532 482 3585 καὶ
513 3531 616 3600 τῆς
657 3529 878 3602 στείρας
931 3530 1211 3586 Ἐλισάϐετ
1251 3530 1472 3584 εὒτοκον
1515 3531 1684 3584 ποιῶν
1716 3533 1818 3602 τὴν

245 3621 488 3694 γαστέρα
508 3661 524 3685 ,
559 3622 656 3676 καὶ
678 3621 854 3686 διδοὺς
880 3625 948 3694 τῇ
990 3624 1159 3694 ’Λννᾳ
1185 3624 1277 3677 τὸν
1303 3623 1576 3694 Σαμουὴλ.
1617 3626 1712 3678 καὶ
1748 3628 1814 3696 τῇ

242 3715 437 3787 Μαρίᾳ
465 3715 556 3769 τὸν
579 3716 638 3768 ἐν
667 3715 933 3787 παρθενίᾳ
961 3716 1322 3786 πρωτότοκον.
1347 3714 1532 3771 Ταῦτα
1561 3716 1697 3788 μόνα
1722 3718 1820 3788 τῆς

241 3807 658 3878 ηντοδυνάμου
695 3807 874 3878 χειρὸς
907 3808 1065 3880 ἔργα.

1916 1825 2108 1883 states,
2172 1825 2436 1888 perpetuo
2488 1818 2769 1873 examinat
2819 1827 3014 1874 euntes
3069 1825 3126 1874 et
3179 1818 3489 1883 redeuntes,

1915 1923 2047 1962 num
2071 1907 2201 1976 quid
2239 1907 2439 1962 alicubi
2475 1907 2544 1963 de
2584 1906 2871 1977 naufragio
2899 1909 2971 1963 sit
3003 1906 3328 1971 inauditum,
3361 1919 3489 1960 num

1916 1997 2010 2070 qui
2064 1997 2268 2053 alicubi
2321 1998 2627 2068 periculum
2689 1997 2987 2053 audierint.
3044 1996 3384 2064 Constringit
3437 2001 3493 2050 et

1917 2087 2069 2159 angit
2101 2086 2428 2156 quotidiana
2462 2085 2833 2142 sollicitudine
2861 2087 3127 2139 animum.
3163 2083 3302 2138 Huic
3327 2083 3492 2154 igitur

1915 2175 2208 2230 dicendum
2271 2184 2356 2231 est
2404 2193 2417 2228 :
2468 2173 2714 2237 Desiste,
2777 2187 2810 2228 ο
2862 2173 3046 2238 homo,
3109 2187 3139 2225 a
3183 2170 3490 2242 periculosa

1917 2279 2070 2320 cura.
2119 2264 2310 2333 Abjice
2355 2279 2506 2334 spem
2551 2263 2979 2327 exeruciautem,
3040 2277 3109 2316 ne
3149 2261 3307 2317 fenus
3344 2277 3493 2332 quac-

1919 2372 2046 2411 rens
2070 2357 2292 2412 amittas
2324 2364 2379 2411 et
2403 2363 2629 2410 sortem.
2665 2353 2708 2407 A
2732 2367 2968 2424 paupere
2999 2353 3174 2422 exigis
3203 2353 3412 2406 reditus
3439 2359 3495 2406 et

1917 2455 2210 2516 augmenta
2251 2455 2468 2500 tuarum
2508 2445 2824 2500 divitiarum
2851 2461 2865 2498 :
2896 2443 3148 2498 similiter
3183 2442 3321 2496 facis
3351 2458 3414 2496 ac
3445 2442 3495 2496 si

1917 2536 2041 2606 quis
2087 2551 2152 2590 ex
2197 2550 2327 2606 agro
2362 2535 2546 2591 calore
2593 2534 2799 2605 ingenti
2846 2533 3126 2589 exsiccato
3161 2533 3320 2588 vellet
3378 2531 3491 2587 fru-

1916 2624 2084 2682 menti
2112 2641 2392 2689 acervum,
2420 2634 2515 2680 aut
2543 2640 2774 2679 uvarum
2804 2623 3208 2678 multitudinem
3243 2639 3308 2677 ex
3337 2621 3493 2678 vinea

1918 2730 2042 2787 post
2080 2719 2382 2774 immissam
2421 2718 2768 2789 grandinem,
2799 2716 2882 2771 vel
2923 2716 3223 2770 liberorum
3257 2728 3495 2784 proven-

1919 2817 2031 2864 tum
2073 2811 2142 2864 ab
2172 2808 2469 2864 infecundo
2515 2817 2726 2871 ventre,
2763 2807 2846 2861 vel
2881 2805 3037 2861 lactis
3072 2804 3491 2866 nutrimentum,

1917 2918 1949 2958 a
1974 2900 2192 2957 feminis
2231 2915 2354 2971 quae
2385 2916 2494 2955 non
2532 2906 2882 2970 pepererunt.
2914 2895 3109 2950 Nullus
3139 2904 3371 2949 conatur
3405 2908 3492 2957 ea,

1917 3007 2042 3063 qure
2089 2999 2219 3046 sunt
2269 3001 2470 3062 praeter
2519 3000 2774 3045 naturam
2824 3000 2878 3044 et
2930 2986 3289 3057 impossibilia
3322 3003 3336 3039 :
3366 2999 3494 3039 nam

1843 3117 1886 3173 ϐ
1922 3091 2283 3155 praeterquam
2316 3081 2463 3153 quod
2509 3082 2644 3137 nihil
2673 3080 2930 3147 eliiceret,
2982 3079 3107 3134 aliis
3155 3078 3316 3133 etiam
3353 3075 3495 3131 risui

1921 3183 1976 3229 et
2010 3174 2247 3230 ludibrio
2277 3182 2445 3228 esset.
2475 3169 2638 3227 Solus
2677 3171 2822 3226 Deus
2851 3169 2986 3224 adeo
3017 3175 3101 3224 est
3126 3168 3494 3236 omnipotens,

1921 3273 1983 3321 ut
2011 3281 2078 3321 ex
2121 3266 2287 3320 rebus
2332 3263 2636 3333 desperatis
2685 3270 2739 3316 et
2772 3260 3037 3330 depositis
3084 3259 3281 3313 elicere
3323 3256 3498 3327 possit

1920 3373 2034 3412 non
2077 3371 2267 3427 parum
2316 3353 2694 3418 emolumenti,
2746 3353 2947 3424 quippe.
2980 3351 3072 3421 qui
3123 3349 3252 3404 facit
3285 3363 3348 3403 ea
3378 3362 3500 3417 quae

1921 3455 2118 3519 praeter
2159 3447 2403 3502 omnium
2451 3460 2602 3516 spem
2651 3453 2707 3500 et
2743 3443 3210 3513 exspectationem
3244 3456 3366 3496 esse
3408 3454 3498 3494 so-

1918 3540 2034 3594 leut
2067 3555 2081 3593 :
2117 3537 2280 3592 modo
2319 3535 2541 3606 quidem
2574 3537 2872 3606 imperans,
2909 3543 2966 3588 ut
2994 3549 3060 3588 ex
3094 3533 3322 3603 rupibus
3357 3545 3497 3600 aqua

1921 3629 2175 3700 proﬂuat,
2209 3643 2403 3685 rursus
2437 3644 2502 3684 ex
2535 3628 2698 3692 crelo,
2736 3628 2893 3699 quasi
2925 3627 3188 3696 pluviam,
3213 3625 3498 3679 dimittens

1928 3736 2125 3792 panem
2159 3721 2440 3776 insolitum
2467 3728 2520 3776 et
2551 3736 2751 3774 novum
2787 3738 2800 3774 :
2834 3720 3142 3788 iterumque
3163 3716 3377 3770 dulcem
3412 3713 3496 3767 cf-

1932 3811 2122 3866 l‘iciens
2154 3827 2398 3866 amaram
2435 3812 2583 3865 illam
2636 3810 2908 3882 Myrrham
2940 3806 3194 3881 [Maram]
3238 3814 3497 3862 contactu

240 3903 388 3975 ligni
434 3920 451 3957 :
497 3911 754 3972 pretenea
807 3904 1134 3960 Elisabetha:
1191 3903 1543 3960 infecundum
1597 3913 1813 3960 uterum
1855 3905 2176 3972 fecundans,
2211 3907 2486 3977 Annzeque
2531 3905 2862 3971 Samuelem,
2900 3913 2956 3961 et
3024 3903 3206 3957 Maria:
3287 3899 3500 3971 Virgini

240 3997 673 4072 primogenitum
730 3998 964 4055 donans.
1018 3998 1146 4057 Haec
1200 4001 1373 4058 solius
1414 3999 1819 4072 Omnipotentis
1857 4002 2096 4059 dexterae
2120 4011 2250 4060 sunt
2276 4017 2462 4074 opera.

312 4112 392 4166 Σὺ
436 4110 497 4165 δὲ
519 4110 718 4180 χαλκοῦ
761 4113 857 4166 καὶ
893 4110 1116 4183 χρυσοῦ,
1146 4112 1253 4166 τῶν
1293 4112 1502 4181 ἀγόνων
1545 4112 1707 4177 ὑλῶν,
1746 4113 1823 4185 μὴ

241 4205 400 4277 ζήτει
426 4204 609 4267 τόκον,
638 4203 773 4274 μηδὲ
801 4202 987 4274 βιάζου
1016 4203 1206 4257 πενίαν
1233 4203 1300 4257 τὰ
1320 4205 1430 4257 τῶν
1452 4204 1825 4261 πλουτούντων

241 4301 442 4361 ποιεῖν,
483 4297 622 4369 μηδέ
663 4297 858 4352 διδόναι
897 4299 1268 4370 πλεονασμοὺς
1296 4298 1388 4352 τὸν
1427 4299 1489 4352 τὸ
1530 4299 1824 4370 κεφάλαιον

242 4387 667 4460 προσαιτοῦντα.
707 4383 788 4441 Ἦ
836 4389 951 4459 (55)
994 4387 1105 4460 γὰρ
1153 4389 1254 4442 οὐκ
1304 4383 1484 4453 οἶδας,
1524 4389 1600 4453 ὡς
1633 4391 1824 4454 δάνους

242 4481 407 4553 χρεία
437 4480 796 4554 εὐπρόσωπός
822 4483 968 4536 ἐστιν
1003 4480 1152 4534 ἐλέου
1177 4479 1411 4552 αῖτησις;
1439 4481 1530 4535 Διὸ
1555 4482 1651 4536 καὶ
1678 4483 1706 4534 ό
1731 4481 1822 4535 νό-

243 4589 370 4644 μσς,
401 4572 466 4626 τὸ
490 4573 850 4643 είσαγωγικὸν
877 4573 976 4645 τῆς
1015 4573 1296 4638 εὐσεϐείας
1333 4573 1588 4646 γράμμα,
1624 4591 1824 4630 παντα-

1999 4114 2082 4169 Τιι
2111 4130 2242 4171 vero
2283 4114 2408 4170 aeris
2439 4121 2493 4170 et
2523 4113 2662 4178 auri,
2707 4127 2890 4168 rerum
2926 4125 3118 4181 parere
3158 4123 3266 4163 non
3312 4106 3499 4162 solita-

1928 4221 2075 4270 rum,
2107 4221 2174 4260 ne
2211 4221 2395 4276 quaere
2428 4204 2618 4267 fetum,
2654 4218 2831 4273 neque
2861 4216 2996 4271 coge
3029 4207 3399 4270 paupertatem
3434 4213 3496 4251 ea

1927 4311 2050 4366 quae
2085 4296 2315 4349 divitum
2347 4304 2475 4350 sunt
2503 4301 2782 4364 praestare,
2816 4306 2990 4360 neque
3036 4305 3232 4345 usuras
3266 4287 3500 4358 pendere

1928 4389 2084 4445 illum
2138 4387 2232 4458 qui
2283 4393 2486 4442 sortem
2534 4383 2687 4456 petit.
2739 4383 2821 4437 An
2875 4382 3059 4436 nescis
3111 4395 3273 4450 quam
3325 4379 3497 4434 mutui

1928 4477 2256 4550 exposcendi
2278 4475 2582 4532 necessitas
2610 4475 2772 4546 digna
2805 4473 2876 4529 sit
2905 4470 3326 4528 misericordia?
3355 4470 3500 4536 Qua-

1927 4578 2154 4644 propter
2213 4568 2404 4625 divina
2462 4582 2682 4640 quoque
2737 4564 3044 4636 Scriptura,
3112 4577 3234 4634 qua:
3284 4577 3384 4617 nos
3430 4560 3499 4616 ad

316 4779 802 4853 (38)'£;t.'zoplac.
833 4778 979 4853 Mon.
1013 4779 1329 4853 ἐμπορεῖας.
1357 4781 1428 4836 At
1456 4779 1531 4838 cf.
1562 4780 1816 4837 Thesaur.

1927 4782 2126 4838 Auecd.
2158 4779 2252 4836 Gr.
2285 4789 2376 4834 t.tt
2398 4817 2422 4853 ._
2445 4775 2676 4846 p."255),
2702 4771 3071 4853 quianuales
3109 4767 3177 4853 τά
3202 4775 3273 4853 et.
3289 4768 3410 4821 ταῖν
3445 4775 3500 4822 et

246 4849 725 4976 Ἣεηὶυίάοι.
752 4849 798 4906 8.
821 4867 871 4904 ν.
900 4849 1158 4932 ἐμπορία.

321 4924 338 4976 ί
421 4922 827 4976 mensum.
865 4919 957 4976 Stc
988 4935 1158 4975 corre:

321 4919 827 4992 (29)”er861ﬁ0n.
865 4919 957 4976 Sic
988 4919 1202 4975 correxi
1247 4920 1453 4976 editum
1487 4919 1816 4992 μετεκλήθη.

241 4988 470 5047 Litterae
484 4991 627 5046 enim
652 4992 685 5044 6
701 5000 761 5060 et
783 5009 818 5044 κ
837 4993 1037 5060 διεβίω
1058 4993 1472 5045 confunduntur
1489 4988 1561 5045 fin
1607 4988 1820 5046 codici-

239 5061 378 5117 bus.
416 5060 481 5117 V.
525 5061 678 5118 Bast.
732 5059 1167 5131 Lettre’critigue
1197 5101 1212 5124 ,
1263 5077 1317 5131 p.
1359 5061 1469 5131 234
1515 5062 1594 5130 (p.
1633 5060 1704 5115 92
1731 5077 1818 5131 sq.

239 5077 378 5117 nus.
420 5077 481 5117 ν.
525 5077 678 5118 nast.
732 5077 908 5116 Lettre
942 5077 1167 5185 crmgue
1197 5101 1212 5124 ,
1263 5077 1317 5131 p.
1363 5077 1469 5116 ass
1515 5077 1594 5130 (ι).
1633 5077 1704 5115 υτ
1731 5077 1818 5131 sq.

238 5147 379 5188 vers
416 5131 586 5201 Lat.).
636 5133 1008 5202 Appendix_p.
1034 5132 1070 5184 ἓ
1130 5147 1271 5202 _sq.,
1335 5129 1684 5202 Commenta}.
1719 5147 1819 5198 pa-

233 5200 641 5272 ισοςηιρὴζθύ
676 5200 880 5255 calcem
915 5200 1462 5272 Gl'egoriiitlurinthii
1497 5203 1586 5256 ed.
1628 5200 1817 5272 Schm-

231 5270 939 5342 fer.’p.‘708.iCoutrarius
965 5270 1120 5342 error
1159 5270 1501 5326 deformabat
1541 5271 1685 5342 olim_
1704 5270 1817 5324 Eu;

228 5340 395 5424 napi
416 5341 775 5424 VilL‘xf-Jgut't,
814 5358 872 5423 ρ.
896 5342 986 5402 29.
1010 5343 1056 5423 ⁸Ι.
1085 5341 1178 5424 το,
1213 5342 1303 5424 ubi
1354 5340 1822 5424 vitiosum‘Plan-

227 5409 346 5467 tini
378 5412 706 5483 μετεϐλήθη,
728 5409 874 5466 Junii
899 5411 1301 5483 conjecturaet
1315 5409 1819 5483 codicibusfretus,

229 5480 589 5538 Boissoriade
602 5480 790 5552 (cujus
823 5497 872 5536 ν.
910 5492 1100 5537 annot.
1126 5493 1179 5552 p.
1204 5480 1333 5550 219)
1352 5483 1583 5536 mutavit
1609 5481 1661 5534 in
1686 5497 1821 5550 μετ-

229 5552 481 5625 εκλήθη.
516 5552 659 5623 quod
703 5552 822 5623 lego
867 5555 1031 5607 etiam
1062 5553 1116 5606 in
1155 5552 1460 5608 Genevensi
1503 5552 1824 5658 repetitione

231 5622 436 5658 llﬂlﬂn
502 5623 759 5658 Adilinnia
803 5621 1128 5658 nnmmolini
1207 5637 1240 5658 η
1315 5621 1382 5658 Δξ
1448 5622 1460 5658 l
1517 5622 1583 5658 Ι.
1640 5648 1709 5658 _
1746 5623 1820 5658 ΔΛ

231 5621 453 5689 (Hile
502 5621 776 5693 editionis
803 5621 1153 5688 Commelini,
1207 5637 1261 5693 p.
1312 5621 1403 5682 45,
1441 5622 1482 5693 Vl.
1517 5621 1709 5693 l9..-
1739 5623 1822 5693 Ad

275 5693 566 5747 roximurn
603 5691 680 5746 τὼ
705 5694 857 5771 χεῖρε
884 5693 1181 5771 notandum
1207 5690 1304 5771 est
1324 5692 1538 5771 dualem
1571 5690 1640 5771 τὰ
1673 5692 1823 5771 χεῖρε

295 5779 362 5821 re
393 5779 681 5836 nunquam
707 5760 809 5836 legi
845 5765 901 5818 in
953 5764 1232 5822 codicibus
1285 5765 1436 5836 (coll.
1501 5760 1822 5820 BoissOnad.

1925 4856 2110 4910 forsan
2132 4853 2296 4922 etiam
2327 4838 2500 4922 ταύξα
2526 4861 2556 4899 e
2587 4838 2960 4916 grammaticis
2979 4857 3051 4922 ,ει
3062 4838 3342 4922 pellendos
3377 4853 3503 4894 esse

1922 4927 2074 4980 viros
2105 4919 2387 4975 monuisse
2421 4917 2610 4972 doctos
2643 4929 2784 4984 quos
2813 4916 3165 4984 exscripstin
3203 4916 3334 4963 nota
3379 4923 3501 4964 mea

1921 4979 1990 5052 ad
2022 4991 2270 5059 Xenoph.
2300 4987 2458 5041 Mem.
2491 4985 2642 5059 80c_r_.
2663 4979 2726 5047 '2,
2750 4984 2804 5044 ε.
2842 4981 2928 5059 ιβ,
2947 4979 3013 5049 p;
3047 4979 3136 5034 45.

1992 5061 2104 5134 (50)
2135 5049 2555 5126 Καταίροντας.
2583 5053 2724 5109 Μοη.
2757 5051 3106 5121 κατέροντας,
3137 5063 3301 5120 supra
3319 5066 3344 5102 ε
3372 5049 3506 5104 scri-

2052 5149 2126 5184 αι.

1923 5145 2590 5270 Ριῗ5ῗῖθημωῖιάς.-βι1.
2624 5192 2907 5270 θημονίαςι.
2955 5187 3200 5270 γλβῖριῃ.
3241 5187 3499 5270 ΤΙιεεαμν.

1995 5217 2108 5270 (οι)
2137 5217 2462 5322 υηίιωνιας.
2490 5217 2590 5252 nu.
2624 5217 2907 5276 υημογιας.
2969 5217 3021 5244 v.
3071 5217 3200 5271 |.J|Cl.
3243 5217 3266 5242 ι
3287 5217 3499 5241 unum.

1918 5271 2190 5342 ρίιὶιοίορ.Δ
2230 5268 2266 5321 ’.
2290 5267 2352 5320 Τ.
2377 5275 2431 5342 et
2459 5266 2715 5342 Thesaur.
2749 5261 3009 5342 btephan.
3042 5259 3218 5342 Dtdot.
3243 5274 3290 5313 s.
3321 5273 3373 5311 ν.
3403 5256 3502 5324 θη-

1925 5329 2140 5416 ium/Li;
2158 5338 2441 5416 ρημωνιαὶ
2474 5336 2654 5416 acervi
2695 5340 2825 5388 sunt
2848 5329 3289 5416 manipulorum.

1995 5410 2107 5483 (52)
2151 5396 2528 5483 Γλῦκαίνων.
2569 5403 2715 5458 Mon.
2740 5472 2752 5483 .
2773 5396 3130 5483 ﬁtxpalvtbv.“
3151 5396 3255 5483 sed
3305 5411 3503 5483 manus

1925 5467 2190 5540 Gretseri,
2213 5487 2273 5531 ut
2309 5477 2545 5539 videtur,
2585 5467 3500 5543 margini_adscripsit_Ilyggalvwv.

1926 5536 2003 5610 De
2022 5536 2217 5642 εξερρξ
2241 5536 2978 5642 ιιέεξοτίξιιηίιοεξοεῖηξιιμ.
3017 5536 3323 5642 {nixi-25.
3357 5608 3368 5620 ⁸

2003 5609 2233 5692 (55ΓἮ.
2268 5616 2369 5692 _Ed.
2405 5609 2638 5692 al,_vit_io
2661 5612 2952 5668 manifesto
2981 5609 3124 5691 qltod
3154 5609 3395 5692 conrasi.
3430 5635 3503 5651 -—

1934 5673 2221 5752 θενόῐδάέ,
2262 5689 2434 5741 forma
2463 5673 2663 5747 'louica
2705 5692 2759 5739 et
2796 5673 3071 5737 communi
3105 5695 3210 5752 pro
3237 5673 3414 5752 οἶσθα,
3447 5695 3500 5752 v.

1935 5749 2155 5836 Sauppe
2179 5749 2233 5817 et
2263 5756 2579 5832 Kuhnerad
2610 5754 2858 5826 Xonopb.
2901 5755 3066 5814 Mem.
3095 5749 3247 5807 Socr.
3285 5749 3337 5817 ι,
3367 5751 3420 5817 6,
3443 5749 3494 5803 6.
