3896 6204
247 317 345 373 με

1500 322 1777 382 CONTRA
1821 323 2244 389 USURARlOS.

3411 333 3522 390 446

242 429 310 500 μὴ
348 429 550 500 μαθὼν
576 430 638 485 τδ
676 431 910 496 Erotivm;
943 433 1014 486 Ἦ
1046 432 1146 488 οὐκ
1175 429 1344 499 οἶδας,
1379 435 1462 490 ὅτι
1494 438 1832 512 ήπροσευχή

1942 441 2050 500 Deo
2087 443 2416 514 postulabis,
2456 459 2490 500 ο
2528 445 2842 502 fenerator?
2869 446 2987 514 Qua
3030 444 3376 502 conscientia
3406 446 3515 498 voti

236 538 327 574 am
389 523 701 594 ὑπόμνησις
741 523 1160 595 μισανθρωπίας
1185 526 1371 594 tactv;
1421 529 1485 581 Τί
1521 521 1830 604 συνεχώρη-

229 626 365 674 σας,
401 613 496 666 καὶ
532 611 858 685 συγγνώμην
898 616 1107 680 αἰτείς;
1141 616 1278 669 Τίνα
1307 618 1568 690 ἡλέησας,
1603 622 1696 676 καὶ
1735 640 1833 676 κα-

226 705 357 770 λεῖς
395 706 487 760 τὸν
533 708 831 778 ἐλεήμονας
882 709 980 761 Ἂν
1029 709 1086 763 δὲ
1135 713 1232 765 καὶ
1281 712 1390 783 δῷς
1438 715 1827 788 ἐλεημοσύνην,

228 798 637 869 μισανθρώπου
672 799 1014 872 φορολογίας,
1053 803 1156 856 ούκ
1193 804 1300 857 ἀπὸ
1341 809 1638 881 συμφορῶν
1676 811 1832 865 ἀλλο·

224 889 410 959 τρίων
465 889 720 960 δακρύων
759 891 996 960 γέμοντα
1042 893 1156 963 (57)
1206 896 1301 948 καὶ
1351 898 1704 969 στεναγμῶν;
1768 903 1830 956 Εί

230 978 538 1050 ἐγνώριζεν
574 983 604 1034 ὀ
637 981 811 1051 πένης
859 982 1022 1035 πόθεν
1053 983 1266 1055 ὀρέγεις
1300 986 1397 1058 τὴν
1433 988 1828 1064 ἐλεημοσύνην,

231 1073 344 1124 οὐκ
376 1072 446 1126 ἂν
476 1072 716 1138 ἐδέξατο,
746 1073 822 1138 ὼς
853 1073 1157 1143 ἀδελφικῶν
1185 1079 1402 1148 σαρκῶν
1424 1080 1677 1148 γεύεσθαι
1701 1085 1832 1154 μὲλ-

232 1162 373 1226 λων,
405 1164 502 1218 καί
548 1164 782 1234 αἵματος
807 1165 917 1219 τῶν
943 1165 1192 1220 οἰκείων·
1234 1164 1353 1223 εἷπε
1402 1170 1449 1224 δ’
1492 1172 1558 1226 ἂν
1603 1174 1740 1245 πρὸς
1768 1177 1828 1229 σὲ

234 1253 403 1323 λόγον
436 1256 676 1326 γέμοντα
704 1256 980 1328 σώψρονος
1015 1259 1346 1331 παρρησίας·
1380 1263 1469 1333 Μή
1503 1281 1570 1334 με
1599 1264 1826 1339 θρέιίιῃς,

235 1347 531 1418 ἄνθρωπε,
578 1348 688 1402 ἀπὸ
730 1348 983 1422 δακρύων
1013 1351 1336 1422 ἁδελφικῶν.
1384 1354 1475 1426 Μὴ
1507 1355 1612 1426 δῷς
1663 1359 1829 1428 ἄρτον

240 1437 436 1510 πένητι
473 1438 768 1510 γενόμενον
809 1440 917 1494 ἀπὸ
945 1442 1264 1514 στεναγμῶν
1303 1444 1414 1498 τῶν
1461 1449 1826 1518 συμπτώχων.

252 1529 549 1583 ’Λνάλυσον
577 1531 714 1602 πρὸς
753 1531 846 1586 τὸν
882 1532 1150 1603 ὁμόφυλον
1183 1535 1212 1588 δ
1239 1535 1424 1598 κακῶς
1462 1536 1572 1607 (58)
1615 1539 1830 1611 ἀπῄτη-

244 1637 370 1686 σας,
401 1620 558 1690 κάγὼ
592 1621 912 1694 ὁμολογήσω
943 1623 1040 1696 τὴν
1074 1624 1253 1696 χάριν.
1296 1626 1361 1678 Τί
1405 1625 1668 1696 ὠφελεῖς,
1703 1629 1830 1682 πολ-

244 1710 382 1776 λοῦς
417 1715 667 1784 πτωχοὺς
700 1714 889 1779 ποιῶν,
926 1715 1021 1770 καὶ
1049 1716 1144 1770 ἕνα
1194 1717 1717 1788 παραμυθούμενος;
1767 1721 1830 1773 Εἰ

1933 535 2012 588 tui
2047 549 2078 588 a
2113 534 2225 590 Deo
2255 535 2530 606 particeps
2563 538 2682 593 fieri
2717 540 2895 609 cupis,
2931 539 3023 610 qui
3064 539 3249 592 omnia
3285 536 3514 606 accipis.

1932 633 1987 682 et
2032 626 2170 680 nihil
2197 623 2330 681 dare
2378 628 2566 683 nosti?
2617 629 2703 684 An
2757 630 2940 685 nescis
2984 644 3178 700 preces
3215 637 3342 683 tuas
3375 627 3513 681 nihil

1931 731 2055 772 esse
2087 716 2236 771 aliud
2264 732 2428 787 quam
2481 719 2904 775 inbumanitatis
2932 729 3040 776 tua:
3087 717 3515 789 repetitionem?

1931 807 2072 874 Quid
2135 809 2418 874 remisisti,
2478 811 2624 880 quod
2673 813 3054 868 remissionem
3113 811 3292 880 petis?
3335 810 3512 877 Cujus

1930 901 2192 956 misertus
2220 916 2302 967 es,
2335 902 2484 971 quod
2528 902 2971 958 misericordiam
3025 902 3323 972 implores?
3368 900 3436 954 Et
3467 900 3513 954 si

1931 994 2030 1050 des
2069 995 2500 1069 eleemosynam,
2554 996 2976 1052 inlmmanitatis
3009 1004 3119 1050 tuae
3167 995 3510 1056 exactiones,

1929 1098 1999 1138 an
2036 1100 2143 1140 non
2171 1086 2328 1156 plena
2359 1093 2443 1142 est
2470 1085 2774 1140 alienarum
2809 1086 3210 1149 calamitatum,
3247 1084 3516 1152 lacryma-

1928 1188 2048 1228 rum
2081 1182 2136 1228 et
2180 1175 2515 1245 gemituum?
2544 1174 2702 1241 Quod
2733 1175 2778 1230 si
2821 1175 2983 1245 inops
3010 1176 3201 1238 sciret,
3239 1173 3514 1248 undenam

1930 1263 2184 1335 largiaris
2237 1265 2680 1337 eleemosynam,
2732 1265 2922 1333 utique
2990 1280 3098 1319 non
3164 1274 3508 1332 acceptaret,

1928 1350 2207 1423 refugiens
2265 1353 2521 1408 videlicet
2569 1362 2794 1424 gustare
2857 1353 3132 1408 fraternas
3188 1366 3407 1415 carnes,
3460 1358 3516 1404 et

1929 1444 2248 1514 sanguinem
2302 1460 2528 1500 suorum
2578 1444 2974 1507 familiarium,
3033 1452 3196 1512 teque
3256 1457 3516 1498 sermone

1929 1534 2210 1589 moderata
2237 1536 2472 1605 quadam
2498 1535 2748 1590 libertate
2771 1537 2933 1606 pleno
2962 1535 3348 1590 cohortaretur
3385 1553 3399 1585 :
3438 1532 3516 1586 Ne

1931 1640 2038 1691 me,
2074 1639 2108 1680 o
2152 1627 2337 1690 homo,
2373 1627 2492 1683 alas
2524 1626 2785 1682 fraternis
2839 1627 3117 1698 lacrymis.
3163 1625 3241 1680 Ne
3293 1622 3514 1679 dederis

1930 1733 2124 1788 panem
2183 1721 2408 1789 pauperi
2469 1719 2778 1775 confectum
2839 1735 2904 1775 ex
2955 1719 3159 1790 gemitu
3211 1732 3511 1788 egenorum

256 1803 338 1874 μὴ
369 1804 573 1875 πλῆθος
609 1801 674 1876 ἦν
707 1805 998 1870 τοκιστῶν,
1032 1808 1134 1861 οὐκ
1175 1807 1241 1862 ἂν
1272 1804 1340 1879 ἦν
1385 1809 1448 1862 τὸ
1481 1809 1685 1880 πλῆθος
1721 1812 1831 1864 τῶν

1942 1822 2176 1860 meorum
2208 1807 2504 1864 sodalium.
2541 1807 2729 1863 Redde
2771 1807 2925 1862 fratri
2969 1816 3066 1861 tuo
3098 1822 3127 1860 a
3151 1821 3264 1877 quo
3310 1806 3516 1875 iniuste

254 1895 588 1964 πενομένων.
615 1895 789 1950 Λῦσόν
822 1913 915 1950 σου
948 1897 1044 1969 τὴν
1079 1897 1313 1970 φατρίαν
1345 1900 1480 1968 (59),
1507 1901 1601 1954 καὶ
1633 1901 1831 1965 πάντες

255 1985 454 2055 ἕξομεν
487 1986 585 2058 τὴν
630 1987 988 2060 αὐτάρκειαν.
1031 1989 1239 2052 Πάντες
1275 1990 1382 2043 τῶν
1411 1992 1676 2045 τοκιστῶν
1705 2011 1833 2046 κατ-

256 2078 535 2150 ηγοροῦσι,
575 2081 668 2134 καὶ
694 2082 797 2135 οὐκ
838 2080 953 2134 ἐστι
991 2079 1086 2135 τοῦ
1135 2081 1306 2136 κακοῦ
1344 2082 1605 2154 Θεραπεία
1639 2085 1828 2155 νόμος,

252 2172 549 2241 προφῆται,
576 2171 979 2242 εύαγγελισταί.
1010 2169 1112 2226 Οία
1135 2173 1265 2243 γοῦν
1286 2177 1314 2228 ὁ
1334 2174 1617 2240 Θεσπέσιος
1653 2178 1832 2249 Ἀμὼς

246 2261 417 2332 λέγει’
471 2265 801 2320 Ἀκούσατε
829 2266 961 2334 (40),
983 2268 1037 2320 οὶ
1061 2265 1434 2334 ἑκτρίὸοντες
1461 2269 1550 2331 είς
1593 2268 1657 2320 τὸ
1685 2269 1836 2337 πρωῒ

245 2353 502 2424 πένητα,
523 2355 623 2410 καὶ
651 2355 1276 2422 καταδυναστεύοντες
1299 2356 1573 2426 πτωχοὺς
1595 2358 1692 2412 ἐπὶ
1719 2357 1830 2426 τῆς

245 2444 378 2516 γῆς’
421 2448 481 2500 οί
507 2445 822 2517 λέγοντες,
859 2448 1011 2506 Πότε
1055 2446 1428 2502 διελεύσεται
1475 2450 1509 2501 ὀ
1539 2445 1688 2516 μὴν,
1733 2448 1832 2500 καί

244 2536 730 2607 ὲμπολήσομρν;
767 2537 905 2592 Οὐδὲ
953 2537 1063 2610 γὰρ
1093 2538 1326 2610 πατέρες
1371 2537 1511 2592 οὕτω
1555 2537 1830 2610 χαίρουσιν

245 2631 338 2682 ἐπὶ
368 2632 440 2701 τῇ
489 2629 742 2698 γεννήσει
781 2628 892 2683 τῶν
941 2629 1168 2698 παίδων,
1197 2631 1274 2694 ὡς
1315 2633 1364 2685 οἱ
1391 2631 1696 2696 τοκίζοντες
1742 2631 1832 2684 εύ-

245 2720 572 2793 φραίνονται
596 2720 703 2775 τῶν
733 2720 922 2794 μηνῶν
954 2721 1365 2794 πληρουμένων.

316 2980 568 3039 Wst
589 2981 650 3038 δὲ
686 2981 788 3055 τὴν
813 2983 1088 3057 ἁμαρτίαν
1121 2988 1336 3057 σεμνοῖς
1367 2986 1615 3058 ὀνόμασι’
1649 2988 1837 3058 φιλάν-

249 3077 471 3147 θρωπον
506 3076 569 3130 τὸ
600 3077 794 3148 λῆμμα
839 3076 1377 3148 προσαγορεύοντες,
1420 3078 1563 3132 κατὰ
1605 3080 1835 3151 μίμησιν

260 3168 558 3240 Ἑλλήνων,
587 3166 638 3220 οἶ
668 3165 782 3238 (41)
809 3166 1069 3237 δαίμονάς
1105 3185 1258 3232 τινας
1285 3148 1703 3240 μισανθρώπους
1737 3148 1837 3224 καὶ
1863 3148 1904 3205 C

255 3261 527 3331 φονώσας,
561 3260 686 3316 ἀντὶ
709 3260 808 3332 τῆς
826 3258 1061 3330 ἀληθοῦς
1091 3259 1352 3332 κλήσεως,
1393 3261 1693 3332 Εὐμενίδας
1722 3262 1835 3333 (42)

257 3355 775 3430 προσαγορεύουσιν.
799 3353 1192 3425 Φιλάνθρωπός
1221 3371 1283 3423 γε
1309 3373 1324 3422 ;
1355 3355 1430 3409 Ού
1467 3355 1576 3426 γὰρ
1603 3357 1635 3426 ἡ
1677 3355 1836 3408 τόκου

260 3448 489 3518 είσιρορὰ
513 3448 696 3512 οἴκους
713 3445 1062 3517 ὲκτρίόουσα,
1087 3444 1347 3509 πλούτους
1369 3444 1665 3500 δαπανῶσα
1687 3446 1798 3516 (43)
1820 3485 1835 3510 ,

261 3543 383 3606 τοὺς
401 3538 461 3596 εὖ
485 3541 781 3611 γεγονότας
809 3542 991 3612 χεῖρον
1010 3539 1108 3612 ζῇν
1133 3539 1242 3593 τῶν
1267 3538 1469 3592 δούλων
1491 3539 1840 3610 παρασκευάο

259 3634 425 3698 ζουσα
444 3673 461 3698 ,
497 3633 634 3703 πρὸς
664 3632 842 3702 ὀλίγον
869 3631 1144 3703 τέρπουσα
1179 3633 1237 3684 ὲν
1263 3631 1460 3702 ἀρχαῖς
1479 3671 1492 3696 ,
1521 3632 1618 3684 καὶ
1644 3631 1840 3702 πικρὸν

256 3726 343 3778 τὸν
390 3726 451 3788 ις
479 3723 708 3796 ὕστερον
741 3723 856 3794 βίον
899 3721 1427 3795 παρασκευάζουσα;
1490 3721 1579 3786 Ὦς
1616 3721 1725 3794 γὰρ
1770 3722 1840 3776 τὰ

256 3815 445 3888 πτηνὰ
469 3814 540 3868 τὰ
563 3815 671 3886 (44)
702 3813 849 3886 παρὰ
883 3813 990 3867 τῶν
1022 3811 1348 3884 ὀρνιθευτῶν
1378 3812 1838 3883 ὲπιϐουλευόμενα

252 3909 474 3979 ἥδεται,
495 3907 816 3976 ραινομένων
837 3903 947 3958 τῶν
970 3905 1300 3978 σπερμάτων
1329 3905 1534 3969 αὐτοῖς,
1560 3905 1654 3958 καὶ
1680 3905 1839 3974 φίλην

252 4001 500 4056 ποιεῖται
533 3998 626 4052 καὶ
656 3996 857 4068 συνήθη
901 3995 1177 4068 διαγωγὴν
1224 3996 1324 4067 τὴν
1365 3997 1425 4048 ὲν
1469 3995 1696 4060 ἐκείνοις
1727 4000 1840 4060 τοῖς

253 4095 466 4156 τύποις,
497 4093 556 4144 ὲν
592 4084 670 4151 οἷς
705 4089 930 4159 δαψιλὴς
967 4089 1152 4151 αὐτοῖς
1184 4089 1218 4159 ἡ
1255 4087 1431 4159 τροφὴ
1463 4087 1708 4155 γίνεται,
1749 4105 1840 4158 μι-

256 4186 389 4256 κρδν
419 4184 480 4238 δὲ
517 4182 743 4254 ὕστερον
774 4179 1098 4252 ἐνσχεθέντα
1147 4180 1258 4243 τοῖς
1295 4177 1588 4249 θηράτροις
1636 4178 1840 4232 διόλλυο

252 4294 377 4331 ταιο
409 4276 587 4338 οὕτως
646 4277 696 4328 οἱ
727 4273 797 4328 τὰ
833 4273 1028 4327 ἐντοκα
1067 4271 1174 4325 τῶν
1206 4270 1581 4341 δανεισμάτων
1625 4271 1838 4342 λαμϐά-

253 4387 460 4434 νοντες,
494 4367 676 4437 ὀλίγον
707 4366 1114 4439 εὐπορήσαντες
1151 4363 1365 4436 χρόνον,
1400 4362 1627 4434 ὕστερον
1668 4363 1840 4434 αὐτῆς

250 4464 351 4534 τῆς
377 4460 659 4532 πατρικῆς
685 4459 871 4522 ἑστίας
903 4455 1278 4512 ἐκπίπτουσιν.
1315 4455 1503 4519 Ἔλεος
1530 4455 1588 4509 δὲ
1616 4453 1830 4520 ἐξοικεί-

252 4570 344 4608 ται
374 4553 485 4606 τῶν
511 4549 724 4622 μιαρῶν
748 4549 844 4605 καὶ
863 4548 1213 4621 φιλαργύρων
1233 4545 1422 4617 ψυχῶν
1441 4545 1573 4617 (45),
1603 4545 1699 4599 καὶ
1722 4545 1842 4615 βλέ-

257 4659 452 4708 ποντες
485 4643 658 4713 αὐτὴν
686 4641 786 4714 τὴν
818 4640 992 4695 οἰκίαν
1037 4638 1132 4693 τοῦ
1164 4637 1470 4708 ὀφείλοντος
1515 4636 1674 4690 ῶνιον
1708 4653 1842 4707 προ-

262 4735 545 4806 κειμένην,
569 4734 670 4789 ούκ
693 4732 1043 4799 ἑπικλῶνται,
1070 4730 1207 4786 ἀλλὰ
1227 4730 1324 4784 καὶ
1352 4727 1552 4800 μᾶλλον
1579 4727 1678 4799 τὴν
1700 4727 1839 4798 πρᾶ-

327 4874 353 4908 ⁹
385 4875 557 4929 Amos
588 4888 707 4939 ml,
731 4870 786 4937 4,
821 4870 876 4926 5.

339 5013 454 5082 (37)
490 5011 778 5082 Γέμοντα.
819 5007 894 5064 De
944 5006 1048 5062 hoc
1089 5003 1379 5077 participio
1437 5002 1581 5075 plur.
1638 5009 1820 5058 neutr.

258 5101 320 5142 ν.
355 5080 646 5152 Matthizeﬁ
676 5081 804 5152 Md.

337 5155 451 5228 (38)
496 5155 566 5206 ὀ
599 5143 795 5216 ἰακῶς
816 5147 1160 5216 ἀπῄτησας.
1194 5143 1342 5203 Mon.
1372 5144 1401 5196 ὁ
1433 5143 1620 5205 κακῶς
1654 5143 1844 5197 ἀποτίο

257 5243 454 5417 σαὲν)
490 5291 768 5358 Φοτρίαν.
821 5287 921 5342 Ed.
957 5286 1225 5367 φατριάν,
1243 5284 1508 5342 scribitur
1527 5292 1708 5337 autem
1742 5301 1845 5353 φα-

257 5383 330 5417 το
398 5405 414 5417 .
447 5359 845 5417 παροξυτόνως.
866 5365 1002 5412 teste
1029 5357 1286 5416 Arcadio,
1319 5371 1371 5417 p.
1409 5355 1533 5416 100,
1559 5352 1612 5407 6.
1647 5352 1845 5407 Forma

250 5383 414 5438 τρια,

1931 1897 2279 1967 subripuisti,
2321 1906 2376 1954 et
2413 1907 2595 1969 grates
2621 1914 2806 1968 agam.
2842 1897 2984 1964 Quid
3031 1897 3283 1952 utilitatis
3325 1895 3514 1959 affers.

1933 1987 2064 2042 dum
2099 1989 2303 2044 multos
2330 1989 2500 2045 eﬂicis
2538 1990 2752 2059 inopes,
2784 1999 2841 2044 et
2878 2004 3046 2044 unum
3083 1987 3423 2043 consolaris?
3457 1985 3518 2041 Si

1931 2093 2043 2133 non
2086 2087 2234 2136 esset
2270 2089 2420 2134 tanta
2463 2081 2758 2136 multitudo
2790 2080 3194 2144 usurariorum,
3228 2093 3340 2134 non
3370 2087 3518 2132 esset

1933 2177 2083 2223 tanta
2125 2169 2282 2240 copia
2311 2186 2634 2240 pauperum.
2675 2169 2924 2226 Dissolve
2962 2169 3164 2224 tribum
3209 2174 3262 2223 et
3313 2165 3518 2222 sodali-

1932 2264 2065 2317 tium
2099 2270 2273 2327 tuum,
2313 2264 2682 2334 omnibusque
2719 2270 3012 2333 suppetent
3045 2276 3133 2316 res
3159 2273 3514 2315 necessariae.

1933 2350 2137 2408 Omnes
2176 2362 2442 2408 accusant
2486 2353 2854 2418 feneratores,
2902 2367 3004 2407 nec
3041 2351 3186 2406 malo
3229 2349 3357 2402 huic
3403 2363 3512 2401 me-

1932 2442 2048 2497 deri
2094 2451 2348 2514 queunt:
2379 2445 2486 2510 lex,
2541 2445 2858 2515 prophetae,
2906 2442 3273 2513 evangelista.
3317 2440 3513 2507 Qualia

1933 2533 2155 2590 divinus
2191 2537 2359 2591 Amos
2392 2535 2604 2590 intonat
2635 2554 2648 2588 :
2677 2536 2892 2599 Audite.
2921 2535 3013 2605 qui
3047 2531 3322 2587 conteritis
3366 2545 3519 2584 mane

1933 2640 2212 2695 pauperem
2273 2636 2323 2681 et
2383 2627 2680 2697 opprimitis
2734 2643 2921 2697 egenos
2978 2636 3170 2690 terra,
3229 2623 3516 2676 dicentes:

1936 2717 2162 2783 Quando
2193 2718 2443 2774 transibit
2478 2719 2693 2779 mensis.
2723 2728 2772 2772 et
2803 2716 3218 2771 venundabintus
3244 2727 3440 2767 merces
3460 2711 3520 2762 ’?

1937 2806 2122 2878 Neque
2161 2810 2305 2864 enim
2343 2820 2525 2879 patres
2565 2818 2850 2880 tantopere
2879 2809 3134 2864 laetantur
3167 2806 3520 2880 generatione

1936 2898 2197 2962 ﬁliorum,
2235 2908 2502 2970 quantum
2538 2899 2880 2955 feneratores
2905 2901 3028 2956 .fine
3059 2900 3353 2955 mensium.

2008 2990 2150 3057 Quin
2186 2999 2239 3045 et
2282 2992 2464 3048 scelus
2510 3008 2670 3048 suum
2725 2993 2968 3062 pulchris
3021 2993 3278 3048 obvelant
3337 2995 3518 3048 nomi-

1937 3083 2472 3149 nibus,humauum
2532 3099 2761 3139 censum
2819 3099 2915 3140 seu
2979 3091 3250 3154 quastum
3291 3087 3523 3155 appelli-

1941 3183 2119 3230 tantes
2195 3175 2546 3229 Ethnicorum
2613 3175 2818 3242 instar,
2887 3175 2980 3246 qui
3051 3176 3182 3230 deas
3253 3176 3519 3245 quasdam

1939 3267 2068 3322 odio
2123 3268 2177 3321 in
2225 3275 2456 3322 cunctos
2489 3267 2854 3321 inflammatas
2881 3306 2896 3328 .
2927 3265 3320 3336 hominumque
3351 3267 3522 3319 inter-

1939 3359 2226 3420 fectrices.
2256 3373 2366 3412 non
2395 3373 2528 3412 vero
2560 3357 2653 3413 sed
2681 3357 2799 3410 miti
2831 3357 3053 3410 nomine
3087 3363 3285 3410 vocant
3320 3353 3520 3408 Eume-

1940 3450 2118 3504 nides.
2161 3447 2312 3527 itane
2347 3463 2480 3503 vero
2516 3447 2793 3501 humanus
2845 3445 3086 3501 census?
3134 3449 3213 3499 An
3250 3459 3357 3500 non
3388 3460 3521 3498 exa-

1939 3542 2052 3596 ctio
2075 3556 2257 3596 usurae
2281 3550 2388 3604 est,
2417 3555 2539 3610 qua:
2561 3541 2754 3594 domos
2778 3543 2994 3604 evertit,
3011 3537 3238 3592 divitias
3265 3535 3519 3605 dissipat,

1939 3633 2245 3703 ellicitque,
2283 3642 2342 3687 nt
2376 3632 2472 3703 qui
2511 3633 2746 3686 honesto
2770 3642 2822 3686 et
2861 3631 3030 3685 nobili
3061 3630 3183 3683 loco
3213 3628 3325 3682 nati
3360 3635 3519 3690 sunt,

1939 3725 2264 3781 deteriorem
2295 3725 2460 3780 vitam
2495 3725 2680 3780 vivant
2725 3739 2888 3794 quam
2918 3723 3092 3787 servi,
3133 3736 3258 3793 qua:
3302 3720 3520 3792 quidem

1943 3818 2101 3871 initio
2166 3817 2419 3872 nonnihil
2474 3815 2746 3880 delectat,
2809 3814 3150 3888 posteriores
3217 3828 3345 3869 vero
3403 3813 3525 3866 vitae

1942 3919 2128 3980 partes
2188 3911 2388 3965 acerbo
2455 3909 2646 3965 dolore
2705 3907 2982 3979 complet?
3048 3904 3523 3975 Quemadmodum

1912 3985 2086 4058 .enim
2125 4019 2293 4068 aves,
2323 4004 2527 4074 quibus
2563 4018 2804 4073 aucupes
2850 4001 3079 4057 insidias
3108 3999 3376 4063 tendunt,
3429 3999 3526 4052 de-

1940 4097 2212 4152 lcctantur
2246 4097 2519 4167 principio
2555 4096 2778 4166 quidem
2821 4107 3016 4164 sparsa
3048 4094 3158 4148 illis
3189 4107 3315 4149 esca
3349 4132 3366 4158 ,
3399 4091 3527 4145 illa—

1941 4203 2046 4258 que
2077 4188 2195 4242 loca
2218 4188 2592 4257 frequentant,
2621 4189 2674 4241 in
2693 4188 2892 4256 quibus
2921 4186 3142 4240 uberem
3171 4183 3524 4253 eteopiosnm

1941 4279 2128 4333 cibum
2153 4279 2477 4348 reperiunt,
2514 4277 2679 4347 paulo
2715 4283 2839 4346 post
2885 4285 3067 4328 autem
3104 4274 3315 4355 retibus
3351 4279 3527 4341 captat

1940 4370 2215 4424 intereunt
2241 4387 2256 4424 :
2287 4369 2451 4424 sic-et
2469 4368 2566 4440 qui
2589 4367 2868 4422 fenebrem
2900 4365 3185 4434 pecuniam
3216 4364 3526 4434 accipiunt,

1941 4460 2192 4530 perbrevi
2231 4459 2496 4530 temporis
2525 4457 2704 4527 spatio
2732 4455 3036 4519 abundant,
3065 4462 3251 4526 postea
3284 4467 3413 4508 vero
3441 4466 3527 4522 pa-

1949 4551 2120 4608 ternis
2162 4551 2388 4608 sedibus
2435 4549 2717 4605 excidunt.
2759 4549 3034 4606 Caeterum
3079 4547 3260 4604 omnis
3313 4541 3520 4598 miseric

1947 4643 2135 4699 cordia
2167 4643 2385 4700 exsulat
2425 4644 2494 4697 ah
2524 4643 2908 4698 usurariorum
2936 4640 3164 4714 perditis
3205 4649 3261 4696 et
3295 4637 3528 4693 scelera-

1953 4735 2026 4791 tis
2057 4736 2292 4802 animis,
2338 4750 2572 4806 cumque
2608 4735 2782 4804 ipsam
2821 4735 3088 4791 debitoris
3109 4735 3331 4789 doumm
3363 4743 3528 4784 vena-

2011 5001 2124 5069 (m
2157 4999 2526 5071 si;me
2554 4995 2840 5071 περίιθι.
2887 4995 2958 5071 aa
3013 4993 3171 5071 S_o_ph_.
3215 4995 3351 5071 (ad;
3411 4999 3525 5056 Col.

1943 5065 2033 5126 42.
2064 5081 2118 5125 et
2145 5065 2452 5141 praesertim
2468 5065 2566 5141 ο.
2598 5068 2840 5141 Mueller.
2886 5065 2955 5120 ad
3004 5065 3248 5137 Αἰκίιυί.
3302 5067 3528 5126 Eumen.

1946 5142 2051 5196 168
2087 5137 2232 5211 sqq.
2257 5141 2385 5194 culi.
2420 5137 2684 5211 Stephan.
2723 5137 2984 5211 Ίξὴρεαιιζ.
3021 5153 3066 5190 s.
3103 5153 3154 5191 v.

2016 5207 2148 5280 (45)
2172 5207 2500 5275 ’Πλούτους
2522 5207 2917 5280 Euam-(arra;
2947 5207 3356 5280 Verteratuha'c
3397 5207 3471 5280 Gr
3492 5231 3530 5253 --

1943 5275 2144 5338 tse'rus'.
2176 5281 2268 5336 sed
2298 5280 2498 5333 omissa
2527 5279 2726 5333 suntin
2761 5277 2857 5330 Ed.
2886 5275 3166 5346 Supplevit
3195 5276 3338 5331 Mon.
3358 5308 3425 5318 —
3447 5277 3530 5332 Iu-

447 5349 1002 5434 παροξυτάνως,ιεεεὲ
1029 5349 1293 5434 Arcadio,
1319 5371 1371 5423 p.
1409 5355 1533 5416 100,
1559 5352 1612 5407 6.
1638 5349 1834 5434 Forma

1947 5351 2032 5406 fra
2049 5351 2160 5434 ﬁll.
2195 5349 2414 5434 χείρων,
2435 5349 2594 5434 male.

255 5426 499 5503 a'ntiqua
528 5426 615 5503 est
649 5429 912 5503 φρατρία.
938 5427 1204 5503 Φατρίαν,
1244 5426 1334 5503 hic
1367 5439 1502 5503 cum.
1525 5431 1842 5503 contemptu

256 5491 503 5564 dictum,
531 5491 708 5557 docte.
762 5491 1005 5555 illustrat
1049 5491 1228 5568 Coray
1270 5495 1338 5550 ad
1387 5493 1668 5549 lleliodor.
1706 5491 1844 5561 t.’ll,

259 5592 321 5648 1)-
348 5573 491 5648 ,ξμς

338 5645 459 5714 (ιθ)
484 5641 831 5714 Ἀκούσατῇ
877 5637 1116 5714 Verbum
1151 5636 1441 5714 ἀκούσατε,
1477 5633 1742 5690 omissum
1787 5633 1843 5696 in

439 5706 752 5780 suppeditat
777 5709 1133 5780 Mon.Vertit
1163 5718 1342 5764 tamen
1379 5706 1702 5764 Gretserus.

346 5784 467 5860 (ιι)
503 5778 590 5837 Οἵ.
624 5784 704 5842 tta
737 5790 881 5838 recte
901 5779 1043 5838 Men.
1076 5778 1171 5837 Ed.
1198 5782 1267 5835 oi.

2016 5422 2128 5490 (Η)
2164 5413 2236 5475 TE
2269 5413 2487 5490 arma,
2524 5416 2616 5472 Sic
2649 5416 2791 5490 Mgon.
2825 5414 2924 5470 Ed.
2964 5415 3207 5468 πετεινά.
3247 5445 3316 5456 —
3354 5413 3528 5471 Paulo

1950 5502 2095 5562 post.
2113 5488 2263 5544 'Mon.
2298 5491 2442 5543 male
2467 5488 2772 5562 otayrqytbv‘.

2022 5562 2134 5628 (45)
2170 5562 2443 5624 Ἔλεος...
2475 5553 2711 5626 ψυχῶν.
2743 5556 2884 5610 Bion.
2919 5555 3081 5618 ἔλεως
3111 5554 3166 5609 δὲ
3202 5553 3402 5621 sinter
3430 5555 3530 5619 τὰς

1989 5631 2055 5685 ῶν
2089 5630 2299 5693 μιαρῶν
2328 5628 2423 5684 καὶ
2453 5626 2811 5693 φυλαργύρων
2841 5629 2966 5693 (leg.
3006 5625 3142 5693 φιλ.)
3173 5625 3370 5693 ψυχάς.
3395 5625 3530 5693 Qua:

1945 5628 2966 5769 ῗέΐῖίὲἵῗὲίῖὗικιῗὲωἷῒέῗῗρῦῗιῗῖἔτίΪἭί
3006 5627 3526 5769 Ἡέὶαῒιϊίάὲιὲιξὶἒῗ

1945 5771 2122 5832 Didot.
2160 5772 2228 5828 dc
2255 5771 2358 5826 hoc
2381 5771 2502 5828 loco
2527 5769 2647 5827 silet
2685 5783 2934 5836 prorsus.
