3896 6204
397 197 429 212 ‘-

336 295 444 362 m
1565 300 1628 357 s.
1650 296 1978 358 ansconu
2004 299 2304 358 NYSSENI
3135 261 3142 272 ’
3484 291 3608 350 us

340 418 444 470 lem
476 421 726 487 prostare
750 415 1055 486 aspiciunt,
1088 429 1199 470 non
1249 423 1539 471 moventur
1593 417 1704 472 ulla
1763 433 1912 473 com-

2040 436 2101 474 τιν
2127 417 2564 488 κατεπείγουσιν,
2596 417 2684 472 ἵνα
2709 416 2902 473 θᾶττον
2921 415 2985 471 τδ
3013 412 3237 486 χρυσίον
3264 408 3608 480 ὑποδεξάμε-

341 506 729 570 miseratione,
788 505 924 575 quin
992 505 1176 576 potius
1227 506 1594 561 venditionem
1651 506 1919 578 importu-

2040 524 2118 575 m,
2143 507 2300 562 ἀλλον
2322 505 2504 561 ἀθλιον
2528 505 2844 576 δανείσματι
2871 502 3268 573 καταδήσωσιν·
3305 498 3444 552 κατὰ
3467 497 3614 558 τοὺς

341 597 469 653 nius
502 597 682 652 adhuc
711 605 926 668 urgent,
958 605 1018 651 ut
1046 595 1212 652 citius
1233 603 1460 668 argento
1488 605 1716 668 accepto
1750 599 1921 653 alium-

2040 597 2341 660 ιπουδαίους
2383 597 2478 649 καὶ
2523 583 2834 666 ἀπλήστους
2885 592 2994 647 τῶν
3040 588 3342 663 θηρευτῶν,
3382 587 3439 640 οἴ
3480 585 3600 656 (46)

342 689 634 757 quemdam
691 689 951 744 miserum
1018 687 1228 744 fenoris
1280 688 1515 745 nexibus
1565 689 1911 758 astringant,

344 777 942 834 mure‘indefessorum
1002 785 1058 833 et
1105 778 1503 834 insatiabilium
1548 787 1872 834 venatorum
1901 818 1916 842 ,

343 868 438 937 qui
471 883 582 923 una
617 869 758 924 valle
821 871 1028 925 retibus
1084 861 1460 936 circumdata,
1503 870 1762 926 omnibus
1798 885 1920 940 qua:

346 957 405 1013 in
439 973 506 1014 eo
534 958 704 1015 latent
737 957 869 1015 feris
897 959 1109 1027 captis,
1175 957 1247 1013 ad
1296 959 1510 1015 vicinas
1557 959 1729 1015 valles
1780 961 1921 1016 retia

337 1047 722 1130 transferunt,
753 1058 809 1106 et
843 1050 914 1104 ab
945 1050 1032 1106 bis
1081 1049 1148 1104 ad
1187 1049 1328 1106 alias
1352 1087 1369 1116 ,
1413 1058 1469 1106 et
1513 1050 1597 1105 ita
1617 1050 1879 1122 deinceps
1901 1092 1918 1118 ,

225 1207 244 1224 ε
349 1140 530 1211 quoad
547 1143 731 1196 omnia
768 1142 888 1197 loca
916 1141 1208 1198 venatione
1237 1156 1338 1197 sua
1368 1144 1735 1214 peragrarint.
1771 1143 1924 1210 Qua-

350 1231 495 1288 libus
521 1246 652 1302 ergo
683 1233 857 1288 oculis
895 1239 951 1286 tu
981 1233 1074 1303 qui
1107 1232 1232 1287 talis
1269 1247 1332 1289 es
1356 1271 1390 1297 ,.
1411 1233 1468 1288 in
1500 1234 1699 1289 caelum
1743 1233 1922 1303 respi-

348 1321 472 1376 cis?
525 1321 812 1387 Quomodo
875 1323 1020 1390 petis
1084 1324 1466 1381 remissionem
1525 1328 1926 1394 peccatorum?

348 1405 490 1462 Num
551 1408 690 1464 forte
741 1409 813 1466 ob
839 1417 1123 1480 stuporem
1157 1411 1288 1466 illud
1321 1425 1543 1482 quoque
1572 1426 1702 1468 oras
1723 1453 1738 1477 ,
1775 1414 1922 1484 quod

350 1511 453 1552 nos
475 1495 724 1552 Salvator
750 1497 938 1554 docuit
962 1517 976 1554 :
997 1498 1067 1553 Et
1092 1500 1303 1555 dimitts
1330 1502 1480 1555 nobis
1502 1500 1685 1556 debita
1703 1512 1885 1556 nostra
1903 1541 1922 1568 ,

350 1589 489 1642 sicut
515 1596 566 1642 et
616 1604 710 1644 nos
749 1589 1068 1644 dimittimus
1118 1589 1441 1646 debitoribus
1480 1595 1718 1650 nostris?
1747 1594 1923 1662 Quam

352 1679 511 1734 multi
553 1679 625 1734 ob
678 1694 880 1736 usuras
936 1681 1132 1752 laqueo
1171 1695 1295 1738 sese
1344 1682 1774 1750 interemerunt,
1839 1686 1926 1740 vel

2023 689 2152 761 μίαν
2185 685 2542 750 κοιλάδαντοῖς
2563 685 2812 750 δικτύοις
2831 685 3214 746 κυκλώσαντες
3233 723 3247 745 ,
3286 681 3382 734 καὶ
3411 679 3600 730 πάντα

2019 782 2086 834 τὰ
2119 782 2177 833 ἐν
2209 780 2346 852 αὐτῇ
2377 778 2807 850 σαγηνεύσαντες
2830 776 3015 847 θηρία,
3049 774 3209 829 πάλιν
3237 773 3331 826 ἐπὶ
3359 770 3457 842 τὴν
3487 769 3603 836 γεί-

2018 889 2148 926 τονα
2179 871 2441 943 φάραγγα
2477 871 2761 942 μεθιστᾶσι
2793 868 2890 933 τὰς
2918 867 3176 930 στάλικας
3209 865 3322 936 (Π)
3363 864 3460 917 καϊ
3500 861 3602 916 ἀπ’

2019 962 2234 1034 ἐκείνης
2275 961 2368 1014 ἐπὶ
2402 961 2507 1033 τὴν
2533 960 2718 1031 ἀλλην,
2758 959 2856 1014 καὶ¹
2885 958 3048 1030 μέχρι
3079 955 3334 1010 τοσούτου
3355 995 3370 1016 ,
3406 954 3606 1024 μέχρις

2021 1053 2088 1108 ἂν
2114 1051 2184 1106 τὰ
2221 1053 2321 1124 ὅρη
2364 1053 2473 1106 τῶν
2507 1051 2866 1124 θηρευμάτων
2915 1048 3244 1103 κενώσωσιν.
3293 1045 3474 1108 Ποίοις
3504 1040 3600 1096 οὖν

2020 1142 2317 1215 ὀφθαλμοῖς
2341 1145 2369 1197 ό
2386 1142 2623 1206 τοιοῦτος
2643 1140 2970 1205 ἀναδλέπεις
2995 1140 3075 1202 είς
3099 1136 3361 1209 ούρανόν;
3391 1135 3518 1197 Πῶς
3541 1133 3600 1186 δὲ

2020 1237 2192 1299 αἰτεῖς
2221 1236 2414 1304 ἄφεσιν
2458 1233 2856 1304 ἁμαρτήματος
2875 1248 2902 1298 ;-
2923 1230 3002 1283 ’Ἡ
3035 1227 3179 1299 τάχα
3207 1227 3297 1279 ὑπ’
3343 1223 3601 1293 ἀναισθη-

2023 1328 2145 1392 σίας
2189 1327 2296 1382 καὶ·
2326 1327 2484 1381 τοῦτο
2531 1325 2713 1395 λέγεις
2765 1323 3089 1394 εύχόμενος,
3139 1321 3277 1390 ὅπερ
3305 1313 3545 1378 ἐδίδαξεν
3569 1314 3604 1366 ὅ

2023 1419 2242 1491 Σωτὴρ,
2276 1420 2454 1488 Ἄφες
2482 1416 2630 1487 ἡμῖν
2659 1415 2743 1470 τά-
2763 1411 3145 1485 ὀφειλήματα
3164 1408 3351 1480 ἡμῶν,
3385 1408 3466 1473 ὡς
3498 1405 3600 1460 καὶ

2023 1512 2194 1582 ἡμεῖς
2229 1511 2548 1582 ἀφήκαμεν
2583 1508 2707 1575 τοῖς
2761 1504 3096 1577 ὀφειλέταις
3139 1501 3341 1572 ἠμῶν;
3389 1501 3454 1552 Ὢ
3504 1499 3602 1552 πό-

2025 1622 2107 1658 σοι
2133 1603 2246 1674 (48)
2279 1602 2366 1656 διὰ
2392 1601 2552 1655 τόκον
2581 1598 2818 1670 ἀγχόνης
2847 1597 3077 1668 ἥψαντο,
3108 1594 3202 1650 καὶ
3234 1593 3470 1665 ῥεύμασι
3503 1607 3603 1643 πο-

2024 1695 2212 1766 ταμῶν
2231 1694 2457 1756 ἑαυτοὺς
2481 1692 2769 1759 ἐξέδωκαν,
2793 1690 2887 1744 καὶ
2906 1687 3232 1758 κουφότερον
3257 1685 3482 1756 ἔκριναν
3505 1681 3601 1736 τοῦ

352 1771 663 1842 praecipites
710 1771 767 1826 in
819 1769 1016 1828 fluvios
1076 1773 1434 1842 dejecerunt,
1502 1775 1928 1831 tolerabiliorem

2040 1783 2304 1838 5ανειστοῦ
2334 1782 2428 1836 τὸν
2459 1781 2709 1848 θάνατον,
2741 1779 2962 1850 ἀφῆκαν
2989 1777 3045 1831 δὲ
3073 1777 3267 1839 παῖδας
3295 1773 3602 1844 ὀρφανοὺς,

352 1863 458 1918 rati
486 1871 754 1926 mortem,
795 1878 962 1932 quam
989 1863 1396 1930 feneratorem,
1433 1865 1646 1922 relictis
1681 1866 1809 1923 [iliis
1829 1881 1922 1922 or-

355 1951 592 2023 phauis,
649 1952 852 2022 quibus
901 1960 1196 2024 paupertas
1229 1968 1466 2010 noverca
1515 1955 1656 2011 haud
1692 1956 1922 2028 benigna

354 2051 410 2098 et
437 2041 615 2098 facilis
638 2059 763 2101 esse
793 2044 982 2114 coepit.
1015 2046 1086 2098 At
1124 2060 1254 2101 vero
1285 2046 1535 2117 praeclari
1587 2047 1802 2103 scilicet
1830 2048 1932 2103 isti

355 2134 626 2199 usurarii,
672 2149 743 2190 ne
771 2135 917 2192 orba:
942 2137 1158 2208 quidem
1191 2137 1387 2194 domus
1416 2139 1746 2195 miserentur
1768 2181 1783 2206 ,
1829 2141 1924 2195 sed

356 2226 610 2289 trahunt,
650 2209 976 2297 rapiuntque
1017 2227 1516 2300 hatredes,quibus
1561 2229 1702 2286 forte
1729 2239 1926 2300 praeter

356 2316 614 2386 laqueum
669 2315 1006 2372 haereditatis
1047 2317 1183 2372 nihil
1221 2318 1454 2391 obtigit,
1491 2333 1796 2390 aurumque
1828 2335 1928 2388 po-

357 2417 519 2464 scunt
541 2423 673 2472 eos,
701 2408 797 2478 qui
841 2408 1044 2463 victum
1068 2409 1171 2465 sibi
1200 2425 1266 2464 ex
1311 2411 1545 2465 aliorum
1602 2411 1930 2466 liberalitate

357 2507 700 2571 comparant.
751 2499 891 2556 Cum
938 2509 1122 2556 autem
1157 2501 1420 2558 debitoris
1467 2518 1619 2560 mors
1663 2504 1807 2568 illis,
1867 2511 1934 2559 ut

359 2607 460 2664 par
497 2599 617 2657 est,
662 2591 1024 2662 exprobratur
1047 2631 1064 2656 ,
1095 2609 1331 2664 cumque
1366 2595 1614 2649 nonnulli
1650 2602 1708 2649 ut
1735 2595 1932 2650 erube-

360 2693 521 2739 scant
575 2684 756 2753 laquei
791 2685 1126 2739 mentionem
1163 2683 1392 2749 faciunt,
1414 2687 1566 2740 nullo
1589 2687 1806 2755 penitus
1831 2701 1942 2756 pu-e

358 2773 492 2829 dore
543 2773 614 2828 ob
671 2773 777 2829 hoc
834 2773 1052 2828 facinus
1105 2771 1452 2838 alliciuntur,
1514 2787 1692 2842 neque
1750 2773 1942 2826 animo

2020 1874 2197 1947 κακὴν
2232 1873 2501 1946 μητρυιὰν
2533 1873 2754 1942 ἔχοντας
2782 1870 2882 1942 τὴν
2913 1869 3138 1924 πενίανι
3171 1868 3233 1922 Oi
3282 1866 3337 1920 δὲ
3371 1861 3609 1935 χρηστοὶ

2021 1964 2344 2032 τοκογλύφοι
2372 1963 2493 2017 οὐδὲ
2527 1962 2650 2015 τότε
2686 1961 2787 2030 τῆς
2826 1960 3036 2030 ἐρήμου
3078 1955 3350 2026 φείδονται
3384 1951 3605 2017 οἰκίας,

2022 2057 2137 2111 ἀλλ’
2182 2054 2398 2109 ἕλκουσι
2443 2053 2571 2118 τοὺς
2604 2050 3004 2123 κληρονόμους,
3055 2047 3199 2118 τάχα
3239 2045 3338 2116 τὴν
3387 2043 3608 2112 σχοῖνον

2027 2147 2197 2219 μόνην
2235 2144 2329 2199 τοῦ
2381 2141 2576 2215 βρόχου
2629 2141 3181 2212 κληρονομήσαντας,
3236 2135 3332 2187 καὶ
3377 2131 3612 2203 χρυσίον

2024 2217 2315 2288 ἀπαιτοῦσι
2351 2231 2478 2295 τοὺς
2524 2229 2616 2282 τὸν
2665 2230 2829 2300 ἄρτον
2876 2226 2937 2292 ἐξ
2965 2226 3159 2298 ἐράνου
3193 2221 3608 2294 ποριζομένους.

2039 2322 2451 2394 Ὀνειδιζόμενοι
2480 2319 2592 2390 (49)
2619 2319 2700 2382 δὲ,
2735 2319 2809 2382 ὡς
2839 2317 3004 2382 εἰκὸς,
3036 2315 3130 2368 ἐπὶ
3158 2313 3236 2384 τῷ
3257 2309 3471 2380 θανάτῳ
3506 2305 3608 2360 τοῦ

2025 2412 2322 2486 χρεώστου,
2356 2409 2449 2464 καί
2475 2427 2636 2463 τινων
2653 2409 2790 2480 πρὸς
2815 2405 3091 2462 δυσωπίαν
3121 2401 3477 2475 μεμνημένων
3507 2396 3610 2451 τοῦ

2030 2506 2244 2577 βρόχου,
2296 2503 2425 2557 οὐδὲ.
2462 2498 2893 2570 ἐγκαλύπτονται
2942 2497 3079 2570 πρὸς
3108 2494 3171 2549 τὸ
3213 2494 3428 2564 δρᾶμα,
3477 2488 3614 2543 οὐδὲ·

2029 2594 2353 2664 πλήττονται
2373 2592 2473 2661 τὴν
2495 2591 2695 2660 ψυχήνο
2717 2588 2827 2643 ἀπὸ
2855 2587 3057 2658 πικρᾶς
3082 2584 3140 2637 δὲ
3167 2581 3392 2653 γνώμης
3413 2579 3611 2647 λόγους

2029 2685 2277 2754 λέγουσιν
2300 2681 2559 2746 ἀναιδεῖς.
2591 2681 2703 2736 Καὶ
2725 2679 2839 2752 (50)
2860 2678 3006 2749 ἠθῶν
3029 2676 3272 2746 ἀδίκημα
3297 2672 3456 2726 τοῦτο
3479 2672 3615 2741 ἡμε-

2029 2774 2226 2845 τέρων,
2261 2776 2310 2827 εἰ
2346 2776 2374 2827 ὁ
2414 2771 2760 2843 κακοδαίμων
2804 2771 2898 2824 καὶ
2929 2765 3200 2838 ἀγνώμων
3238 2767 3476 2827 ἐκεῖνος,
3512 2779 3614 2832 μο-

359 2870 766 2933 expavescunt,
818 2861 916 2918 sed
971 2857 1158 2933 potius
1212 2877 1282 2916 es
1337 2870 1558 2932 pectore
1616 2862 1937 2918 exulcerato

2040 2868 2243 2940 χθηρᾶς
2273 2865 2538 2935 γενέσεως
2569 2861 2770 2934 λαχὼν,
2794 2865 2860 2933 τῇ
2887 2861 3100 2932 ἀνάγκῃ
3132 2857 3233 2928 τῆς
3271 2853 3616 2927 εἱμαρμένης

359 2953 528 3010 verba
557 2952 796 3009 fundunt
825 2953 988 3025 plena
1015 2952 1366 3023 impudentiae
1391 2971 1406 3009 :
1443 2961 1498 3009 et
1529 2969 1657 3009 num
1689 2953 1936 3010 moribus

2040 2956 2173 3029 πρὸς
2199 2955 2291 3009 τὸν
2318 2953 2490 3025 βίαιον
2517 2951 2657 3024 ἢχθη
2692 2951 2920 3005 θάνατον
2946 2965 2962 3016 ;
2990 2950 3100 3002 Καὶ
3125 2946 3234 3017 γὰρ
3265 2943 3360 2997 καὶ
3388 2942 3613 3012 φιλοσο-

361 3044 569 3102 nostris
590 3084 606 3112 ,
658 3044 857 3112 aiunt,
894 3045 1235 3110 ascribetur,
1271 3043 1320 3102 si
1370 3046 1539 3102 miser
1568 3045 1659 3100 ille
1687 3054 1742 3101 et
1777 3046 1936 3115 inaps

2040 3046 2229 3118 φοῦσιν
2258 3047 2310 3100 οἱ
2341 3043 2666 3113 τοκογλύφοι
2687 3080 2702 3105 ,
2738 3042 2832 3096 καὶ
2873 3040 2982 3094 τῶν
3017 3034 3411 3110 μαθηματικῶν
3442 3034 3616 3102 Δίγυ-

361 3138 599 3201 mentis,
657 3137 860 3193 infelici
922 3137 1102 3193 sidere
1171 3146 1372 3205 natus,
1441 3141 1778 3194 necessitate
1836 3137 1932 3192 fati

2040 3139 2210 3192 πτίων
2240 3137 2482 3206 γίνονται
2517 3134 2797 3206 μαθηταὶ,
2828 3124 2957 3187 ὅταν
2999 3131 3167 3205 δεήσῃ
3215 3127 3355 3197 ὑπὲρ
3388 3125 3498 3179 τῶν
3525 3125 3615 3178 ἐνο

363 3229 715 3298 compulsus,
737 3229 1003 3284 violentas
1036 3244 1230 3284 manus
1275 3229 1380 3284 sibi
1419 3231 1714 3286 intulerit?
1751 3230 1936 3285 Philo-

2040 3231 2189 3301 αγῶν
2221 3229 2400 3285 αὐτῶν
2425 3227 2678 3300 πράξεων
2699 3225 2920 3281 καὶτῶν
2953 3225 3127 3294 φόνων
3151 3216 3614 3292 ἀπολογήσασθαι.

362 3324 666 3394 sophantur
694 3324 842 3380 enim
879 3325 1118 3380 usurarii
1147 3340 1368 3396 quoque
1397 3336 1454 3381 et
1507 3326 2022 3382 mathematicorum
2058 3325 2442 3399 Egyptiorum
2465 3321 2725 3393 discipuli
2762 3319 2898 3374 fiunt
2922 3357 2939 3385 ,
3011 3333 3135 3374 cum
3199 3330 3340 3387 opus
3406 3320 3493 3368 est
3558 3319 3621 3366 ut

363 3419 668 3490 apologiam
703 3419 1030 3485 instituant,
1062 3435 1160 3489 pro
1220 3422 1452 3490 piaculis
1505 3429 1560 3477 et
1605 3421 1959 3479 essecrandis
1992 3422 2327 3478 facinoribus
2357 3428 2411 3477 et
2443 3419 2755 3476 homicidiis
2786 3417 2926 3473 suis.

434 3510 587 3568 Talis
639 3512 807 3583 igitur
861 3513 966 3567 hoc
1031 3498 1284 3569 sermone
1332 3515 1746 3586 compellandus
1799 3523 1933 3573 est:

371 3603 450 3659 Tu
474 3605 565 3660 ille
591 3604 873 3661 infaustus
899 3612 1058 3660 ortus
1087 3620 1148 3661 es
1171 3645 1187 3669 ,
1226 3613 1284 3660 et
1321 3606 1416 3661 illa
1451 3605 1641 3662 infelix
1692 3607 1936 3665 siderum

367 3695 691 3751 necessitas.
752 3693 812 3749 Si
854 3695 999 3750 enim
1056 3711 1249 3776 curam.
1297 3697 1572 3764 levasses,
1622 3707 1679 3754 et
1723 3708 1971 3770 partem.

367 3785 590 3855 quidem
641 3785 814 3854 partis
862 3786 1198 3852 dimisisses,
1252 3797 1574 3860 partemque
1628 3791 1940 3860 accepisses

367 3891 496 3932 cum
529 3876 892 3943 remissione,
956 3894 1066 3934 non
1107 3880 1297 3952 utique
1342 3881 1550 3937 odisset
1587 3883 1763 3937 lucem
1817 3891 1940 3936 tan-

370 3981 534 4034 quam
591 3965 842 4024 odiosam
865 4007 882 4032 ,
935 3984 1113 4040 neque
1145 3973 1232 4026 sui
1266 3972 1442 4042 ipsius
1471 3972 1717 4028 carnifex
1765 3953 1974 4028 exsti-'

371 4056 551 4110 tisset.
581 4054 647 4109 Et
670 4056 1002 4126 quibusnam
1045 4060 1224 4114 oculis
1284 4069 1531 4131 tempore
1583 4063 1942 4118 resurrectio-

371 4150 458 4205 nis
492 4148 794 4206 intueberis
818 4149 1203 4208 interfectum?
1231 4154 1464 4211 venietis
1491 4154 1640 4210 enim
1681 4155 1843 4210 ambo
1873 4154 1942 4210 ad

371 4240 578 4296 Christi
613 4241 889 4310 tribunal,
925 4242 1018 4298 ubi
1046 4259 1158 4299 non
1209 4260 1390 4301 usurae
1437 4247 1940 4318 computabuntur,

374 4330 471 4387 sed
505 4332 627 4387 vitae
665 4321 808 4389 ratio
836 4344 957 4389 acta
981 4333 1340 4404 judicabitur.
1397 4335 1609 4408 Ecquid
1640 4337 1942 4408 responde-

375 4422 463 4478 bis
499 4434 794 4480 accusatus
851 4425 1178 4497 incorrupto
1208 4427 1417 4497 judici,
1474 4427 1697 4499 quando
1725 4427 1826 4482 tibi
1854 4427 1944 4497 di:

2103 3517 2338 3572 Λεκτέον
2361 3511 2454 3570 οὖν
2486 3514 2622 3587 πρὸς
2643 3513 2740 3567 Eva
2765 3511 2876 3567 τῶν
2903 3508 3177 3565 τοιούτων
3209 3506 3280 3559 Σὺ
3302 3507 3336 3575 ἡ
3367 3500 3626 3576 μοχθηρά

2034 3607 2284 3677 γένεσις,
2328 3607 2392 3660 σὺ
2422 3607 2456 3677 ἡ
2502 3603 2646 3676 κακὴ
2687 3603 2797 3656 τῶν
2830 3601 3074 3672 ἀστέρων
3119 3597 3354 3666 ἀνάγκη.
3406 3596 3466 3648 Et
3504 3593 3624 3663 γὰρ

2035 3699 2402 3769 ἐπεκούφισας
2443 3697 2545 3768 τὴν
2590 3694 2884 3767 φροντίδα,
2919 3693 3014 3747 καὶ
3057 3690 3223 3762 μέρος
3259 3689 3357 3758 μὲν
3395 3685 3622 3755 ἀφῆκας

2035 3789 2128 3844 τοῦ
2160 3789 2380 3861 μέρους,
2413 3788 2578 3860 μέρος
2609 3787 2668 3841 δὲ
2697 3786 2938 3856 ἐκομίσω
2969 3782 3106 3855 μετά
3126 3781 3395 3842 ἀνέσεως,
3425 3778 3523 3830 οὐκ
3549 3775 3622 3828 ἂν

2037 3882 2138 3954 τὴν
2189 3879 2484 3952 ἐπίμοχθον
2536 3878 2682 3951 ζωὴν
2730 3877 3012 3948 ἐμίσησεν,
3049 3874 3168 3928 οὐδὲ
3215 3872 3377 3934 αὐτὸς
3421 3867 3621 3922 ἐαυτοῦ

2041 3973 2256 4043 ἐγένετο
2276 3972 2484 4044 δήμιος.
2518 3965 2666 4043 *Δρα
2689 3969 2801 4040 (51)
2830 3968 3002 4032 ποίοις
3040 3965 3339 4036 ὀφθαλμοῖς
3359 3960 3499 4015 κατά
3526 3961 3626 4013 τὸν

2041 4064 2230 4135 καιρὸν
2261 4063 2360 4134 τῆς
2406 4062 2755 4124 ἀναστάσεως
2795 4058 2916 4128 ὕψει
2960 4059 3052 4112 τὸν
3101 4055 3423 4127 φονευθέντα
3463 4050 3625 4122 (59.);

2043 4154 2241 4219 ’Ήξετε
2287 4152 2396 4223 γὰρ
2427 4153 2726 4223 ἀμφότεροι
2756 4149 2892 4222 πρὸς
2922 4149 2988 4203 τὸ
3013 4147 3108 4202 τοῦ
3154 4145 3391 4219 Χριστοῦ
3433 4144 3625 4218 βῆμα.

2043 4247 2171 4301 ἔνθα
2199 4245 2261 4300 ού
2289 4244 2439 4299 τόκοι
2462 4243 2818 4315 ψηφίζονται,
2845 4241 2982 4296 ἀλλὰ
3016 4240 3120 4311 βίοι
3146 4239 3440 4311 κρίνονται.
3473 4239 3541 4292 Τί
3571 4238 3630 4292 δὲ

2045 4336 2220 4404 λέξεις
2261 4335 2660 4406 ἐγκαλούμενος
2686 4333 2766 4405 τῷ
2799 4333 3079 4403 ἀδεκάστῳ
3127 4332 3322 4402 κριτῇ,
3373 4330 3502 4383 ὃταν
3545 4345 3631 4383 σοι

2048 4429 2294 4501 λέγηται·
2318 4420 2478 4498 Εἷχες
2513 4425 2696 4496 νόμον,
2723 4424 3025 4494 προφήτας,
3051 4411 3383 4489 εὐαγγελικά
3410 4435 3636 4489 παραγ-

375 4514 525 4570 xerit
555 4533 570 4571 :
603 4513 857 4571 Habuisti
916 4516 1089 4588 legem
1115 4558 1131 4583 ,
1205 4519 1536 4589 prophetas,
1596 4518 1937 4590 evangelicae

2047 4521 2312 4592 γέλματα.
2355 4519 2577 4574 Πάντων
2629 4516 2825 4587 ἤκουες
2861 4513 2998 4585 ὁμοῦ
3047 4512 3298 4584 βοώντων
3333 4513 3434 4582 μιᾷ
3472 4514 3632 4583 φωνῇ

376 4608 793 4678 praeceptioncs.
862 4605 1069 4663 Omnes
1105 4608 1366 4666 audivisti
1400 4608 1568 4664 simul
1615 4609 1955 4681 ingeminan-

379 4704 466 4752 tes
517 4711 628 4752 una
684 4711 821 4752 voce
875 4696 1206 4752 charitatem
1262 4706 1318 4755 et
1373 4698 1810 4764 humanitatem,
1861 4699 1950 4757 his

379 4787 602 4860 quidem
632 4787 1023 4845 monentibus:
1055 4787 1243 4845 Fratri
1277 4801 1367 4846 tuo
1403 4807 1506 4846 non
1532 4790 1943 4861 feneraberis".

454 4949 500 4984 ¹⁶
521 4948 681 5007 Deut.
717 4966 878 5017 xstu,
911 4947 973 5006 11

453 5081 566 5152 (46)
600 5082 688 5136 οι.
719 5081 801 5136 lta
837 5081 984 5138 Mon.
1010 5082 1113 5140 Ed.
1165 5083 1235 5137 οί.
1275 5112 1347 5123 ——
1375 5081 1546 5146 Infra,
1581 5080 1845 5139 articulus
1887 5081 1960 5136 τὰ

379 5153 713 5228 μηδι-πάντα
731 5152 912 5228 eidem
939 5153 1254 5228 llonacensi
1285 5152 1533 5208 debetur.

455 5220 946 5294 (47)u£td.lmac.
1001 5222 1269 5294 Doricum
1296 5237 1419 5280 esse
1442 5221 1646 5294 ,στάλιε
1680 5235 1780 5292 pro
1809 5238 1956 5294 στα-

382 5291 473 5363 ὶ.ίς’
531 5291 810 5363 allirmant
849 5292 1068 5357 chica,
1120 5291 1309 5348 nescio
1362 5293 1562 5363 quibus
1609 5291 1952 5348 auctoribus.

383 5362 585 5419 Noster
613 5373 760 5418 certe
797 5361 1106 5419 Dorismum
1140 5378 1250 5418 non
1274 5361 1534 5433 aucupet.

459 5434 571 5506 (48)
603 5434 678 5506 ’ρ
705 5433 904 5506 πόσοι.
934 5433 1026 5506 §ic
1065 5434 1264 5506 scripsi
1299 5431 1496 5490 ductus
1545 5447 1575 5487 a
1609 5431 1955 5488 Monacensis

388 5495 688 5561 ἰθέιίοῇθῶ
719 5503 894 5558 πόσοι.
934 5503 1035 5558 Ed.
1072 5495 1280 5558 ὀπόσοι.

461 5572 575 5644 (49)
619 5571 1080 5644 Ὀνειδιζόμενοι.
1112 5573 1189 5628 Ita
1215 5573 1360 5644 Mon.
1394 5572 1494 5627 Ed.
1544 5568 1950 5644 ὀνειδιζόμενος.

463 5640 576 5712 (50)
600 5640 776 5696 Καὶ...
803 5640 1093 5712 adrosor.
1122 5643 1296 5700 Verba
1321 5650 1449 5697 sunt
1467 5644 1570 5712 ista
1592 5641 1954 5712 feneratorum

395 5709 517 5773 sese
533 5709 930 5770 excusantium.
961 5711 1136 5781 Iunge
1167 5713 1256 5770 καὶ
1282 5727 1405 5771 cum
1448 5711 1623 5769 τοῦτο.
1660 5709 1766 5768 Pro
1821 5711 1958 5782 ἡμε-

2057 4612 2156 4684 τὴν
2184 4610 2426 4681 ἀγάπην,
2459 4608 2559 4680 τὴν
2591 4606 3021 4678 φιλανθρωπίαν·
3054 4601 3278 4657 καὶτῶν
3313 4601 3414 4674 μὲν
3442 4602 3637 4670 λεγόν-

2055 4721 2185 4760 τωνο
2222 4704 2344 4758 Οὐκ
2362 4699 2646 4766 extortum;
2668 4697 2746 4766 τῷ
2767 4697 3006 4767 ἀδελφῷ
3029 4713 3144 4752 σου
3161 4695 3294 4767 (55)*
3323 4695 3429 4750 τῶν
3455 4693 3534 4760 δὲ,
3557 4693 3637 4748 Τὸ

2051 4792 2334 4863 ἀργύριον
2362 4792 2474 4848 οὐκ
2502 4789 2725 4845 ἔδωκεν
2749 4787 2849 4861 ἐπὶ
2878 4788 3080 4842 τόκον·
3109 4786 3308 4853 ἀλλων,
3353 4785 3495 4841 Ἐὰν
3524 4783 3636 4839 δα-

2053 5079 2229 5152 τέρων
2254 5076 2402 5152 Rion.
2431 5078 2720 5152 ἡμέτερον.

2121 5146 2234 5221 (51)
2269 5146 2578 5222 '_Apa."Ed.
2609 5146 2762 5222 ’ἀρα,
2811 5147 2956 5222 quod
3008 5147 3262 5222 correxi;
3312 5146 3501 5205 malim
3552 5155 3633 5204 ta-

2055 5218 2179 5291 men
2193 5218 2387 5291 arctoi;
2419 5219 2550 5291 ἀρα,
2569 5218 3185 5291 transpositisvocibus.

2128 5287 2240 5358 (52)
2268 5289 2380 5343 Τὸν
2409 5286 2813 5358 φονευθένιῖα,
2841 5288 3149 5358 Articulum
3185 5287 3379 5358 addidi
3411 5304 3444 5344 e
3485 5286 3626 5341 non.

2125 5356 2237 5427 (55)
2274 5361 2395 5413 Οὐκ
2413 5356 2713 5424 ήέκτοκιεῖς
2755 5357 2835 5424 τῷ
2884 5357 3126 5427 ἀδελφῷ
3171 5372 3310 5414 σου.
3356 5356 3621 5427 061118νοῖ

2050 5422 2230 5487 noin.'
2258 5443 2418 5495 mu,
2449 5427 2535 5484 l9.
2591 5422 2721 5494 Quae
2753 5422 3102 5498 sequuntur,
3127 5427 3237 5480 τῶν
3263 5428 3388 5482 δὲ...
3422 5422 3629 5550 ἀδελφῷ

2054 5499 2465 5550 σου.ι.υι)ι)1ιινίι
2488 5496 2741 5550 Monam:
2785 5498 3106 5550 exciderant
3143 5497 3364 5550 quidem
3409 5497 3468 5550 in
3503 5495 3545 5550 Ε
3587 5535 3624 5550 ..

2038 5499 2465 5582 .aou,supplevit
2488 5496 2743 5582 Monam,
2785 5495 3115 5582 e‘gcideran‘t‘
3143 5497 3364 5582 quidem
3409 5497 3468 5552 in
3503 5495 3545 5550 Ε

2037 5569 2152 5626 'sed
2187 5565 2481 5638 Gretserus
2509 5576 2772 5638 verterat.
2805 5566 3004 5638 verba,
3052 5566 3126 5620 Τὸ
3161 5565 3528 5638 'apyiiptov..._
3535 5565 3624 5618 τό-

2056 5647 2174 5768 ἔον,
2206 5636 2567 5764 ἥυηὲξδεαιω.
2599 5653 2712 5706 ιιν,
2744 5637 2815 5706 5;
2856 5637 3052 5695 Ἐὰν...
3088 5633 3455 5708 κατεπείγων,
3487 5633 3628 5691 Em-

2097 5727 2113 5766 ι
2149 5725 2218 5766 xx
2247 5724 2284 5768 ι.
2351 5729 2404 5764 o.

2097 5727 2113 5766 ι
2149 5724 2284 5776 sxu,
2311 5724 2404 5764 zo.

3843 899 3874 1092 ἃ
