3896 6204
231 246 316 304 “9
1482 247 1765 308 CONTRA
1794 247 2210 308 USURARIOS.

3368 261 3473 318 ‘50

227 363 427 429 νείσῃς
465 357 549 425 τῷ
571 355 818 426 ἀδελφῷ
848 373 988 426 σου,
1020 359 1132 414 οὐκ
1161 358 1279 430 ἔσῃ
1316 361 1506 418 αὐτὸν
1531 364 1792 419 nassae!-

1903 363 2040 420 Aliis
2060 377 2192 420 vero
2216 379 2231 417 :
2266 361 2554 418 Pecuniam
2578 378 2732 420 suam
2761 381 2865 420 non
2893 364 3039 423 dedit
3063 368 3134 423 ad
3167 386 3386 430 usuram
3405 379 3472 429 η.

222 468 342 523 των.
387 451 669 517 Ματθαίος
711 453 769 507 δὲ
821 455 881 508 ὲν
924 450 1264 525 παραϐολαῖς
1304 451 1534 523 ἔκραξεν
1591 454 1798 522 λέγων,

214 543 545 597 Δεσποτικδν
559 542 709 612 λόγον
727 543 1108 612 ἀπαγγέλλων·
1125 543 1312 598 Δοῦλε
1333 543 1576 614 πονηρὲ,
1599 545 1805 602 πᾶσαν

211 630 318 697 τὴν
362 629 622 701 ὀφειλὴν
647 631 891 699 ἐκείνην
914 629 1126 701 ἀφῆκά
1155 645 1277 693 σοι,
1315 631 1444 686 ἐπεὶ
1473 633 1802 701 παρεκάλε-

208 719 324 787 σάς
347 738 453 791 με.
482 723 603 776 οὐκ
639 721 764 776 ἔδει
801 721 903 777 καί
931 720 1008 776 σὲ
1043 721 1296 792 ἐλεῆσαι
1326 723 1434 777 τὸν
1459 723 1804 781 σύνδουλόν

202 828 358 876 σου,
404 811 486 878 ὡς
518 810 618 866 και
661 811 778 881 ἐγώ
810 826 885 867 σε
934 809 1206 880 ἡλέησα;
1247 812 1357 866 Καὶ
1413 812 1707 884 ὀργισθεὶς
1769 816 1803 868 ό

203 903 420 971 Κύριος
447 901 799 971 παρέδωκεν
837 905 1029 958 αὐτὸν
1063 903 1190 970 τοῖς
1213 904 1623 972 βασανισταῖς
1640 945 1655 969 ,
1690 904 1802 971 ἕως

204 988 275 1050 οὗ
309 992 524 1060 ἀποδῷ
560 991 688 1050 πᾶν
724 993 792 1048 τὸ
817 995 1216 1066 ὀφειλόμενον
1234 994 1414 1062 αὐτῷ.
1448 996 1583 1050 Τότε
1613 1014 1672 1050 σε
1704 1014 1802 1050 κα-

215 1085 505 1157 ταλήψεται
532 1087 566 1158 ἡ
589 1085 850 1158 ἀνόνητος
877 1086 990 1157 (ει)
1015 1086 1351 1158 μεταμέλεια
1373 1105 1388 1120 ο
1421 1090 1715 1160 στεναγμοὶ
1741 1089 1800 1143 δὲ

210 1177 620 1248 καταλήψονται
655 1177 868 1248 βαρεῖς,
897 1178 992 1232 καὶ
1021 1177 1244 1242 κόλασις
1272 1179 1664 1252 ἀπαραίτητος.
1698 1181 1802 1235 Οὐ-

211 1267 380 1338 δαμοῦ
430 1268 489 1322 δὲ
521 1267 724 1340 χρυσὸς
770 1267 1003 1339 βοηθῶν,
1044 1269 1145 1322 οὐκ
1193 1269 1435 1342 ἄργυρος
1480 1270 1795 1342 ὲπαμύνων.

214 1357 518 1429 Πικροτέρα
542 1358 598 1410 δὲ
629 1357 793 1430 χολῆς
821 1359 854 1428 ή
886 1357 996 1412 τῶν
1016 1357 1194 1413 τόκων
1219 1359 1490 1424 ἀνάδοσις.
1523 1360 1708 1415 Ταῦτα
1733 1363 1794 1416 οὐ

213 1450 431 1521 ῥήματα
459 1447 733 1518 φοϐοῦντα
755 1487 772 1512 ,
802 1448 939 1503 ἀλλά
971 1449 1275 1521 πράγματα
1303 1450 1478 1522 ἀληθῆ
1503 1491 1519 1518 ,
1563 1452 1669 1524 πρὸ
1697 1453 1798 1523 τῆς

213 1541 405 1612 πείρας
433 1539 496 1592 τὸ
534 1541 823 1612 κριτήριον
849 1539 1346 1612 διαμαρτυρόμενα,
1387 1540 1424 1595 ἃ
1456 1541 1797 1612 φυλάξασθαι

215 1631 290 1705 τῷ
319 1632 686 1705 σωφρονοῦντι
711 1630 896 1699 καλὸν,
921 1632 1013 1687 καὶ
1035 1624 1080 1702 ᾧ
1105 1631 1200 1687 τοῦ
1233 1633 1517 1706 μέλλοντος
1543 1635 1793 1708 πρόνοια.

293 1921 411 1974 Ἵνα
437 1919 493 1973 δὲ
521 1917 718 1990 μεταξὺ
743 1918 851 1972 τῶν
879 1917 972 1972 τοῦ
1010 1917 1146 1973 Θεοῦ
1177 1919 1461 1991 κριμάτων
1485 1919 1576 1974 καί
1595 1938 1646 1975 τι
1675 1920 1790 1994 (55)

222 2011 332 2067 τῶν
344 2014 397 2065 ἑν
423 2013 533 2074 τοῖς
556 2009 677 2064 καθ’
695 2011 842 2081 ἡμᾶς
863 2009 1077 2082 χρόνοις
1102 2011 1424 2081 συμϐάντων
1455 2013 1513 2066 ὲν
1533 2013 1681 2085 οίκίᾳ
1701 2030 1783 2067 το-

219 2102 483 2172 κογλύφου
506 2102 908 2172 διηγησάμενος
928 2100 1198 2172 ὠφελήσω
1218 2119 1271 2156 τι
1302 2104 1430 2168 τοὺς
1454 2104 1756 2169 ἀκούοντας
1772 2146 1788 2172 ,

216 2193 478 2250 ἀκούσατε
509 2191 604 2246 τοῦ
629 2191 814 2260 λόγου,
845 2191 942 2245 καὶ⁵
966 2193 1105 2264 τάχα
1125 2195 1175 2247 οί
1208 2193 1392 2248 πολλοὶ
1410 2194 1507 2267 τὴν
1534 2196 1795 2254 ὑπόθεσιν

213 2286 288 2350 ὡς
320 2283 595 2355 γνώριμον
624 2282 1016 2353 ἐπιγνώσεσθε.

289 2506 457 2578 ’Δνήρ
489 2521 577 2569 τις
621 2499 688 2577 ἦν
731 2503 821 2557 ἐπὶ
849 2504 1008 2577 τῆσδε
1037 2505 1138 2576 τῆς
1168 2505 1375 2571 πόλεως
1421 2505 1560 2576 (οὐκ
1595 2508 1706 2580 ἐρῶ
1733 2510 1789 2564 δὲ

210 2601 448 2669 ¹τοῦνομα
469 2638 487 2664 ,
518 2597 800 2668 κωμῳδεῖν
841 2598 1104 2668 ὀνομαστὶ
1132 2598 1223 2652 τὸν
1247 2599 1646 2672 τελευτήσαντα
1689 2619 1790 2671 φυ-

211 2690 590 2762 λαττόμενος),
623 2688 817 2760 τέχνην
840 2688 980 2760 ἔχων
1004 2688 1074 2743 τὰ
1100 2689 1450 2762 δανείσματα,
1479 2693 1574 2761 καὶ
1601 2693 1698 2765 τὴν
1724 2695 1788 2748 ἐκ

209 2783 313 2839 τῶν
349 2781 571 2855 μιαρῶν
616 2781 796 2835 τόκων
833 2781 1193 2854 ἐπικαρπίαν.
1234 2782 1326 2853 Τῷ
1358 2782 1520 2837 πάθει
1562 2783 1619 2838 δὲ
1659 2803 1787 2839 συν-

210 2877 468 2948 εχόμενος
496 2874 594 2946 τῆς
625 2872 1007 2945 φιλαργυρίας,
1034 2873 1290 2942 φειδωλὸς
1309 2871 1374 2947 ἦν
1413 2875 1508 2929 καὶ
1541 2878 1668 2950 περὶ
1691 2877 1788 2950 τὴν

215 2971 344 3024 ἰδίαν
365 2967 619 3039 δαπάνην
652 2965 920 3037 (τοιοῦτοι
954 2966 1065 3038 (56)
1089 2967 1200 3039 γὰρ
1229 2969 1278 3021 οί
1305 2967 1694 3040 φιλάργυροι),
1724 2969 1784 3022 οὐ

1903 454 2041 510 Aliis
2076 473 2091 510 :
2123 454 2188 510 Si
2223 461 2468 508 mutuum
2497 453 2704 510 dederis
2753 456 2916 526 fratri
2960 468 3052 516 tua
3074 501 3090 527 ,
3125 479 3230 517 non
3267 466 3476 538 urgebis

1904 542 2059 597 illum
2079 543 2142 596 “.
2177 543 2248 599 At
2277 542 2570 601 Mattheus
2597 546 2656 600 in
2705 549 2984 617 parabolis
3027 553 3303 622 clamans,
3366 557 3476 613 Do-

1903 633 2150 704 minique
2177 635 2494 690 mandatum
2517 640 2870 708 annuntians,
2903 644 3012 700 ait:
3041 644 3198 704 Serve
3227 666 3473 722 nequam,

1907 741 2058 779 omne
2096 725 2329 780 debitum
2360 725 2457 781 tibi
2487 729 2704 796 remisi,
2751 732 2874 800 quia
2904 739 3105 805 rogasti
3149 753 3274 794 me:
3305 759 3478 799 nonne

1904 816 2175 884 oportebat
2221 825 2271 871 et
2305 826 2352 872 te
2399 819 2637 874 misereri
2669 824 2903 878 conservi
2948 827 3056 891 tui,
3109 837 3170 882 ut
3188 839 3238 884 et
3266 847 3357 902 ego
3396 835 3476 888 tui

1904 907 2154 962 misertus
2188 909 2344 964 sum?
2371 906 2443 962 Et
2492 908 2665 966 iratus
2722 911 2981 972 Dominus
3040 919 3267 975 tradidit
3318 923 3474 978 illum

1904 997 2194 1053 tortoribus
2218 1037 2235 1065 ,
2273 1014 2542 1070 quousque
2596 1004 2903 1070 persolverit
2948 1024 3101 1064 omne
3148 1010 3382 1067 debitum
3405 1015 3472 1068 ⁸³.

1902 1086 2060 1144 Tunc
2093 1103 2216 1145 sera
2247 1097 2302 1145 et
2330 1088 2674 1148 infructuosa
2725 1096 3048 1165 poenitentia
3087 1099 3347 1168 duceris,
3384 1103 3472 1158 Iu-

1901 1186 2138 1250 ctusque
2167 1180 2529 1251 gravissimus
2559 1189 2615 1239 te
2653 1183 2912 1252 incesset,
2943 1198 2999 1245 et
3026 1205 3190 1260 paena
3241 1193 3472 1251 inevita-

1899 1265 1997 1322 bili
2022 1268 2290 1338 punieris.
2323 1269 2436 1324 Nec
2460 1271 2559 1327 tibi
2581 1271 2900 1343 adiumento
2954 1280 3060 1335 erit
3094 1294 3292 1337 aurum
3318 1324 3336 1351 ,
3373 1285 3478 1342 nec"

1899 1373 2058 1429 opem
2091 1357 2234 1416 feret
2257 1368 2568 1432 argentum.
2623 1363 2878 1422 Amarior
2926 1368 3054 1426 felle
3106 1372 3212 1427 erit
3266 1373 3474 1434 fenoris

1899 1450 2166 1520 acceptio.
2199 1448 2328 1506 Haec
2359 1466 2473 1507 non
2503 1463 2632 1509 sunt
2687 1457 2834 1514 nuda
2867 1461 3160 1518 verberum
3186 1466 3474 1523 terricula-

1898 1547 2082 1596 menta
2108 1579 2124 1605 ,
2160 1542 2261 1598 sed
2292 1542 2413 1614 ipsa
2444 1544 2523 1599 rei
2551 1548 2758 1606 veritas
2783 1589 2799 1616 ,
2838 1567 2962 1623 qua:
3007 1553 3281 1624 judicium
3321 1557 3473 1615 futu-

1898 1646 2019 1687 rum
2048 1633 2204 1705 prius
2257 1642 2530 1702 testatur,
2566 1653 2730 1709 quam
2777 1645 3112 1714 experientia
3170 1663 3472 1721 cognosca-

1825 1713 1869 1772 Β
1898 1731 1989 1779 tur
2011 1768 2026 1791 ,
2057 1726 2204 1797 quod
2233 1727 2466 1797 proinde
2483 1731 2569 1784 vir
2588 1733 2860 1802 prudens,
2893 1743 2948 1793 et
2981 1739 3073 1795 cui
3102 1713 3468 1811 cura'futuri,

1897 1817 2090 1874 sedulo
2122 1833 2318 1875 cavere
2345 1821 2606 1878 studebit.

1969 1929 2040 1988 Ut
2067 1947 2200 1990 vero
2244 1934 2500 1993 utilitatis
2562 1936 2768 2009 aliquid
2825 1941 3175 2001 audientibus
3205 1946 3470 2014 aﬂ‘eram,

1895 2024 2173 2080 narrando
2200 2027 2459 2096 quiddam
2491 2029 2638 2101 quod
2666 2046 2784 2088 aevo
2812 2042 3006 2091 nostro
3038 2021 3094 2092 in
3128 2038 3341 2096 aedibus
3367 2053 3472 2095 cu-

1890 2112 2110 2183 jusdam
2157 2114 2486 2174 feneratoris
2541 2128 2668 2178 ante
2701 2123 2834 2178 illud
2888 2125 2981 2182 Dei
3033 2126 3298 2198 iudicium
3336 2144 3472 2186 con-

1895 2207 2039 2278 tigit,
2074 2207 2378 2266 attendite:
2411 2211 2514 2267 etsi
2565 2211 2817 2271 fortassis
2855 2217 3010 2272 multi
3063 2226 3305 2274 vestrum
3373 2219 3425 2274 id
3448 2259 3470 2290 ,

1895 2296 2042 2367 quod
2097 2308 2631 2359 commemoraturus
2675 2318 2818 2370 sum,
2844 2304 2958 2376 jam
2997 2307 3339 2378 exploratum
3367 2307 3469 2364 lia-

1896 2388 2071 2445 beatis
2093 2403 2112 2442 :

1963 2520 2094 2576 Erat
2119 2521 2205 2578 vir
2226 2522 2448 2595 quidam
2495 2524 2551 2580 in
2580 2525 2801 2583 civitate
2832 2525 2898 2582 N.
2937 2528 2959 2598 (
2989 2543 3189 2586 nomen
3222 2529 3484 2599 reticebo,

1894 2626 1963 2668 ne
2027 2612 2216 2669 videar
2261 2621 2539 2670 mortuum
2567 2618 2890 2673 nominatim
2922 2620 3211 2678 traducere
3240 2623 3466 2692 velle);

1895 2700 2024 2757 huic
2079 2701 2372 2771 fenerare,
2421 2703 2668 2776 luerique
2738 2706 2946 2778 aliquid
2991 2723 3060 2764 ex
3126 2709 3469 2768 detestandis

1893 2797 2080 2854 usuris
2133 2811 2330 2869 capere
2359 2836 2374 2863 ,
2416 2800 2578 2855 unica
2611 2814 2704 2856 ars
2740 2808 2880 2856 erat.
2927 2799 3229 2874 Correptus
3282 2811 3466 2860 autem

1892 2887 1998 2944 hoc
2033 2889 2278 2945 avaritiae
2306 2890 2524 2956 morbo,
2556 2897 2719 2947 tenax
2754 2898 2809 2948 et
2838 2892 3094 2950 sordidus.
3136 2894 3191 2948 in
3225 2894 3466 2964 seipsum

1894 2996 2135 3053 suosque
2165 2980 2342 3038 evasit
2380 2983 2486 3054 (ut
2516 2982 2692 3040 solent
2730 2983 2955 3054 avari),
3007 2985 3208 3056 quippe
3255 2987 3351 3057 qui
3408 2987 3466 3042 in

210 3061 490 3134 τράπεζαν
523 3060 771 3132 αὐτάρκη
800 3059 1253 3130 παρατιθέμενος,
1286 3060 1382 3130 οὐχ
1414 3059 1642 3131 ἱματίων
1675 3077 1790 3113 συν-

1899 3087 2080 3129 mensa
2111 3087 2290 3144 neque
2320 3073 2457 3129 satis
2509 3073 2616 3129 cibi
2666 3082 2988 3146 apponeret,
3055 3091 3232 3147 neque
3284 3085 3466 3134 vestes

214 3156 391 3225 ἐχειαν
424 3153 540 3225 (57)
567 3194 582 3219 ,
630 3153 664 3225 ἢ
713 3152 856 3206 κατὰ
900 3152 1112 3224 χρείαν,
1149 3153 1414 3223 ἀμείϐων,
1464 3153 1525 3206 οὐ
1581 3152 1792 3218 τέκνοις

216 3248 468 3317 παρέχων
507 3247 608 3314 τὴν
645 3242 948 3312 ἀναγκαίαν
973 3241 1069 3297 τοῦ
1097 3241 1212 3313 βίου
1247 3243 1545 3316 διαγωγὴν,
1569 3245 1631 3297 οὐ
1669 3245 1793 3298 λου-

216 3345 355 3415 τρῶν
382 3343 595 3414 ταχέως
634 3340 1088 3412 μεταλαμϐάνων,
1123 3339 1276 3410 φόϐῳ
1311 3341 1409 3394 τοῦ
1458 3341 1651 3412 μισθοῦ
1697 3342 1792 3396 καὶ

217 3436 320 3488 τῶν
347 3435 519 3506 τριῶν
539 3432 762 3487 ὀϐολῶνο
793 3433 970 3487 πάντα
997 3432 1054 3486 δὲ
1080 3431 1279 3504 τρόπον
1303 3433 1554 3500 ἐπινοῶν,
1579 3433 1700 3488 ὃθεν
1725 3434 1791 3488 ἂν

221 3526 380 3579 πλέον
411 3527 504 3580 τὸν
535 3524 770 3597 ἀριθμὸν
815 3524 1119 3594 προαγάγοι
1147 3523 1259 3578 τῶν
1299 3525 1618 3597 χρημάτων.
1653 3525 1790 3580 οὔτε

223 3618 325 3688 μὴν
354 3615 667 3682 ἀξιόπιστόν
697 3633 816 3669 τινα
836 3616 1054 3685 φύλακα
1085 3617 1179 3670 τοῦ
1209 3617 1494 3687 βαλαντίου
1520 3617 1788 3690 ενόμιζεν,

215 3709 276 3762 οὐ
293 3710 509 3775 τέκνον,
551 3708 612 3761 οὐ
659 3706 869 3769 δοῦλον,
913 3707 973 3760 οὐ
1013 3705 1366 3780 τραπεζίτην,
1410 3709 1472 3763 οὐ
1512 3709 1680 3775 κλεῖν,
1728 3710 1789 3764 οὐ

215 3801 511 3872 σφραγῖδα,
539 3803 659 3864 ταῖς
684 3800 743 3854 δὲ
775 3799 884 3854 τῶν
915 3799 1110 3871 τοίχων
1139 3801 1302 3866 ὀπαῖς
1339 3801 1402 3855 τὺ
1433 3803 1654 3873 χρυσίον
1691 3805 1791 3874 ἐμ-

213 3892 451 3957 ϐάλλων,
480 3891 574 3944 καὶ
601 3890 690 3945 τὸν
722 3890 892 3962 πηλὸν
928 3890 1129 3956 ἔξωθεν
1159 3891 1486 3961 ἐπαλείφων,
1514 3894 1790 3963 ἄγνωστον

210 3985 383 4038 πᾶσιν
407 3977 554 4052 εἶχεν
578 3981 668 4034 τὸν
693 3981 982 4054 θησαυρὸν,
1009 3982 1206 4046 τόπους
1230 3985 1295 4037 ὲκ
1313 3982 1495 4038 τόπων
1522 3983 1787 4055 ἀμείϐων,

209 4075 304 4128 καὶ
327 4072 552 4144 ¹τοίχους
583 4071 648 4126 ἐκ
683 4071 899 4143 τοίχων,
930 4073 1026 4128 καὶ
1051 4073 1113 4128 τὸ
1139 4072 1422 4128 λανθάνειν
1459 4074 1669 4140 πάντας
1703 4092 1792 4130 σο-

211 4165 506 4236 φιζόμενος
533 4162 877 4235 εὐμηχάνως.
923 4161 1144 4236 ’Δθρόον
1177 4163 1388 4236 ἀπῆλθε
1411 4163 1504 4219 τοῦ
1529 4165 1666 4236 βίου,
1696 4166 1790 4219 οὐ·

207 4256 320 4310 ὃενὶ
348 4254 462 4309 τιῖιν
501 4252 721 4308 οίκείων
748 4251 1115 4324 ἐξαγορεύσας
1136 4291 1153 4316 ,
1185 4251 1315 4307 ἔνθα
1357 4254 1388 4306 ὁ
1423 4255 1622 4324 χρυσὸς
1658 4271 1791 4308 κατ-

208 4345 427 4416 ώρυκτο
443 4343 582 4415 (58).
606 4343 948 4415 Κατωρύχθη
982 4343 1080 4414 μὲν
1102 4340 1196 4398 οὖν
1218 4343 1468 4408 κακεῖνος
1496 4343 1557 4398 τὸ
1583 4343 1787 4417 κρύψαι

1890 3179 2134 3236 unquam
2161 3165 2270 3222 nisi
2301 3181 2514 3221 summa
2550 3168 2882 3223 necessitate
2927 3175 3159 3225 coactus
3203 3177 3463 3236 mutaret,

1889 3270 2069 3326 neque
2107 3256 2297 3312 liberis
2345 3256 2463 3312 suis
2511 3257 2824 3312 necessaria
2877 3257 2947 3312 ad
2981 3257 3183 3313 victum
3213 3258 3468 3329 suppedi-

1889 3353 2051 3410 taret,
2101 3359 2204 3400 nec
2232 3344 2446 3401 balneis
2494 3352 2743 3401 uleretur
2765 3353 2912 3401 metu
2952 3345 3216 3403 mercedis
3255 3347 3464 3403 triobo-

1889 3434 2064 3501 laris;
2109 3442 2373 3506 perpetuo
2423 3434 2481 3489 in
2523 3435 2579 3491 id
2641 3451 2808 3491 unum
2865 3435 3140 3504 intentus,
3191 3438 3466 3509 quomodo

1889 3543 2104 3600 semper
2145 3526 2320 3598 magis
2352 3534 2517 3598 atque
2553 3528 2724 3598 magis
2767 3530 3012 3599 pecuniae
3048 3545 3336 3586 numerum
3364 3547 3467 3587 au-

1888 3627 2060 3691 geret.
2099 3616 2287 3690 Neque
2317 3617 2607 3690 quemdam
2642 3620 2780 3676 satis
2827 3619 2994 3675 [ldum
3041 3635 3314 3677 crumena:
3351 3636 3466 3677 sua:

1887 3710 2168 3769 custodem
2223 3709 2611 3775 arbitrabatur,
2657 3725 2767 3766 non
2799 3709 2994 3778 filium,
3036 3725 3142 3766 non
3195 3727 3416 3767 servum
3443 3749 3462 3776 ,

1888 3792 1998 3858 n'on
2053 3802 2394 3872 trapezitam,
2451 3817 2561 3857 non
2603 3801 2850 3867 clavem,
2891 3817 3002 3858 non
3060 3803 3298 3876 sigillum
3330 3844 3347 3870 ,
3405 3806 3462 3862 in

1888 3894 2156 3966 parietum
2203 3892 2421 3964 angulis
2448 3899 2504 3948 et
2544 3893 2878 3960 recessibus,
2924 3895 3040 3950 luto
3100 3896 3412 3967 superillito
3443 3935 3462 3963 ,

1888 3985 2096 4041 invisas
2123 3983 2369 4050 divitias,
2415 3991 2471 4040 et
2503 3984 2744 4056 ignotum
2770 3986 3088 4042 asservabat
3114 3986 3462 4058 thesaurum,

1887 4075 2064 4146 deque
2095 4075 2215 4131 loco
2241 4074 2310 4130 ad
2356 4074 2538 4130 locum
2583 4084 2638 4130 et
2689 4074 2758 4131 de
2809 4078 3016 4146 pariete
3059 4077 3127 4134 ad
3162 4081 3460 4150 parietem,

1889 4168 2008 4225 sine
2064 4165 2478 4223 intermissione
2529 4165 2917 4232 transferebat,
2963 4177 3023 4222 ut
3091 4168 3196 4226 hac
3251 4172 3464 4228 ratione

1888 4273 2080 4316 omnes
2129 4258 2340 4314 lateret.
2408 4255 2580 4312 Porro
2627 4257 2920 4325 derepente
2965 4271 3031 4312 ex
3063 4258 3167 4314 hac
3215 4261 3327 4315 vita
3360 4261 3460 4318 de-

1890 4350 2092 4407 cedens
2155 4347 2511 4404 familiarium
2588 4345 2793 4402 nemini
2866 4346 3170 4415 iudicavit,
3240 4351 3459 4407 ubinam

207 4410 499 4509 κερδάνας.
538 4410 602 4489 Οἱ
639 4434 696 4488 δὲ
725 4410 914 4499 παῖϐες
936 4410 1129 4499 αθτοῦ,
1166 4436 1382 4489 πάντων
1407 4410 1633 4489 ἔσεσθαι.
1674 4410 1787 4490 τῶν

1899 4458 2086 4498 surum
2120 4439 2400 4498 defossum
2433 4447 2601 4495 esset.
2633 4437 2901 4496 Defessus
2929 4439 3097 4512 igitur
3124 4452 3208 4498 est
3237 4450 3291 4498 et
3320 4445 3458 4515 ipse.

206 4533 267 4584 εν
306 4532 377 4600 τῇ
431 4527 588 4582 πόλει
627 4527 995 4599 λαμπρότεροι
1037 4526 1128 4581 διὰ
1175 4526 1403 4580 πλοῦτον
1446 4527 1784 4594 ἐλπίσαντες,

202 4621 455 4692 ἠρεύνων
477 4617 778 4689 πανταχοῦ,
798 4619 928 4688 παρ’
949 4617 1194 4690 ἀλλήλων
1213 4617 1642 4686 διεπυνθάνοντο,
1663 4621 1790 4684 τοὺς

205 4711 424 4774 οἰκέτας
458 4710 762 4780 ἀνέκρινον,
799 4708 872 4763 τά
910 4709 1084 4781 ιδάφη
1110 4708 1220 4764 τῶν
1255 4709 1422 4764 οίκων
1457 4710 1783 4782 άνῶρυττον,

202 4804 336 4866 τοὺς
365 4801 582 4873 τοίχους
617 4801 936 4868 ὑπεκίνουν,
974 4801 1073 4867 τὰς
1104 4801 1212 4856 τῶν
1237 4801 1494 4870 γειτόνων
1527 4803 1620 4856 καὶ
1647 4819 1788 4872 γνωο

202 4894 390 4965 ρίμων
413 4891 591 4956 οἰκίας
621 4892 1164 4964 ὲπολυπραγμόνουν,
1190 4892 1369 4946 πάντα
1391 4891 1447 4945 δὲ
1473 4890 1619 4944 λίθον
1647 4891 1783 4961 (59),

191 4986 266 5041 τὸ
298 4982 400 5038 τοῦ
417 4981 597 5052 λόγου,
620 4967 962 5055 κινήσαντες,
984 4975 1143 5055 εὖρον
1161 4982 1268 5036 οὐδ’
1291 4981 1498 5038 ὀϐολόν.
1529 4984 1784 5052 Διάγουσι

270 5163 322 5198 ³³
357 5159 506 5218 Psal.
534 5176 650 5228 xiv,
681 5161 738 5218 5.
813 5161 854 5195 "
894 5159 1066 5217 Exod.
1096 5177 1235 5227 xm,
1290 5160 1382 5218 25.

264 5326 401 5398 (54)
435 5324 774 5392 ’Δνόνητος.
810 5322 902 5380 Sic
951 5328 1170 5383 correxi
1217 5325 1411 5382 vitium
1457 5326 1558 5382 Ed.
1582 5322 1792 5394 άνὼνη-

419 5465 534 5539 Kal
562 5464 748 5539 tr.__Ed
824 5465 919 5539 καὶ
947 5466 1001 5539 τὶ
1035 5480 1160 5521 cum
1215 5463 1482 5522 asterisco
1530 5470 1654 5536 post
1711 5467 1789 5531 τὸ,

205 5532 610 5605 lac'unzjignp
640 5532 792 5605 Mori.
808 5534 903 5586 καὶ
922 5535 1010 5605 τῆ.

264 5605 398 5676 (56)
420 5601 702 5676 [cicutae
744 5601 890 5676 Mori.
925 5601 1152 5658 τοιοῦτο.

268 5670 402 5749 (57)
442 5670 790 5744 Συνόχειαν.
816 5671 959 5728 κου.
991 5672 1246 5744 συνεχῶς.

1896 4537 2018 4594 hoc.
2048 4548 2216 4589 unum
2277 4532 2488 4589 scilicet
2525 4531 2810 4600 lucratus,
2851 4541 2910 4587 ut
2935 4543 2989 4589 et
3035 4533 3154 4605 ipse
3204 4535 3462 4593 defossus

1891 4625 2284 4680 occultaretur.
2323 4622 2395 4676 At
2439 4621 2593 4678 liberi
2635 4621 2811 4692 ipsius
2857 4637 2983 4679 cum
3039 4635 3360 4695 sperarent,
3399 4641 3461 4682 se

1891 4711 2138 4768 omnium
2190 4711 2394 4766 civium
2440 4708 2557 4766 fore
2607 4709 2934 4777 ditissimos,
2983 4713 3164 4768 omnia
3205 4727 3459 4784 perscru-

1892 4803 2192 4866 tabantur,
2244 4816 2313 4857 ex
2361 4799 2486 4857 aliis
2548 4800 3008 4869 sciscitabantur,
3050 4802 3282 4862 famulos
3331 4821 3464 4862 eva-

1893 4893 2194 4960 miuabant,
2232 4892 2542 4963 pavimenta
2577 4893 2776 4948 mdium
2820 4893 3080 4950 fodiendo
3113 4896 3453 4966 aperiebant,

1893 4983 2133 5052 parietes
2177 4981 2518 5038 evacuabant
2543 5022 2560 5050 ,
2615 4980 2918 5038 vicinorum
2989 4989 3046 5038 et
3111 4983 3459 5043 familiarium

1462 5159 1504 5192 ¹³
1537 5158 1727 5216 Matth.
1759 5175 1917 5226 xvm,
1945 5160 2016 5217 δε
2050 5176 2172 5232 sqq.

1965 5317 2077 5390 (58)
2111 5319 2482 5393 Κατώρυκτο.
2518 5315 2664 5372 Mon.
2694 5315 3043 5393 uartbpuxro,
3096 5318 3240 5393 inter
3265 5327 3390 5393 wet
3425 5338 3457 5393 ρ

1891 5388 2286 5460 suprascripto
2314 5406 2376 5460 ρο
2417 5405 2448 5444 a
2488 5390 2807 5460 recentiore
2861 5388 3024 5460 manu
3053 5429 3068 5454 ,
3103 5388 3363 5460 Gretseri,
3397 5388 3459 5446 u't

1890 5457 2140 5531 videtur,
2174 5457 2268 5529 qui
2293 5457 2639 5531 emendabat
2675 5459 3078 5531 κατωῴρυκτο.
3117 5458 3184 5514 At
3217 5475 3268 5514 v.
3302 5457 3458 5515 Butt-

1887 5543 2074 5599 mann.
2097 5525 2259 5599 ανξι.
2293 5525 2335 5593 1,
2360 5544 2416 5599 p.
2448 5526 2573 5589 527.
2602 5535 2712 5582 ett.
2755 5525 3048 5599 ll_,'p.'260.

1960 5597 2072 5668 (59)
2113 5597 2318 5668 Πάνζα
2342 5595 2594 5668 Quam-.3
2668 5595 3049 5668 κινήσῖαντες.
3097 5595 3458 5668 Proverbium

1891 5664 2125 5738 explicui
2155 5666 2225 5723 ad
2256 5665 2315 5722 S.
2341 5665 2507 5723 Basil.
2547 5664 2621 5720 De
2658 5665 2756 5739 leg.
2793 5668 2915 5724 libr.
2953 5665 3150 5724 Gentii.
3179 5682 3233 5740 p.
3255 5667 3325 5726 36
3359 5669 3458 5725 tiu.
