3896 6204
250 283 354 342 4»εὸ
1409 277 1502 332 DE
1553 273 1885 334 PAUPERII

1941 273 2000 330 l8
2036 272 2364 330 AMANDIS.
3414 274 3524 331 454

268 421 3490 463 W

1117 592 1345 683 ΤΟΥ
1416 592 1560 678 ΕΝ
1617 589 1982 678 ΑΓΙΟΙΣ
2051 586 2672 676 ΓΡΗΓΟΡΙΟΥ

537 836 900 955 ΠΕΡΙ
1001 828 2070 950 ΦΙΛΟΠΤΩΧΙΑΣ
2150 831 2430 944 ΚΑΙ
2513 828 3241 1021 ΕΥΠΟΙΙΑΣ

1731 1061 1950 1117 ΛΟΓΟΣ
1976 1064 2054 1149 Αἰ

1302 1385 1398 1476 S.
1486 1388 1592 1475 P.
1697 1387 1815 1475 Ν.
1900 1384 2478 1480 GREGORII

967 1625 1150 1782 DE
1229 1622 2105 1738 PAUPERIBUS
2164 1622 2815 1740 AMANDIS

1208 1850 1307 1910 ET
1351 1848 1881 1909 BENIGNITATE
1927 1847 2565 1908 COMPLECTENDIS

1659 2001 1919 2061 omne
1949 2001 1968 2057 ι
2016 2003 2114 2076 (α).

1448 2158 1591 2214 Petro
1620 2157 1882 2212 κτίτπεὶωο
1923 2156 2049 2211 lino
2085 2155 2357 2226 siuei-prae.

319 2474 388 2529 ,ο
429 2472 534 2544 τῆς
572 2468 897 2542 Eveniat“;
946 2465 1151 2537 ταύτης
1195 2466 1478 2539 πρόεδρος,
1528 2467 1624 2521 καὶ
1649 2469 1698 2521 οἱ
1732 2468 1885 2539 τῆςὲ

2009 2470 2112 2537 Qui
2148 2470 2276 2526 huic
2299 2470 2556 2526 Ecclesiae
2587 2472 2862 2541 praesidet,
2902 2481 3066 2542 atque
3121 2473 3260 2530 adeo
3301 2489 3513 2541 omnes,

238 2563 527 2628 ἀπλανοῦς
579 2559 858 2624 εὐσεϐείας
903 2560 998 2614 καὶ
1029 2559 1128 2630 τῆς
1156 2557 1276 2612 κατ’
1318 2558 1518 2630 ἀρετὴν
1556 2558 1830 2623 πολιτείας

1941 2559 2030 2629 qui
2066 2575 2127 2615 se
2149 2575 2289 2615 verae
2324 2559 2542 2630 pietatis
2577 2567 2631 2613 et
2670 2559 2790 2629 ejus
2821 2559 3036 2614 vivendi
3085 2561 3337 2626 rationis,
3392 2578 3518 2628 quae

235 2655 580 2717 διδάσκαλοι,
611 2651 812 2722 πολλὴν
858 2651 1040 2722 ἔχουσι
1075 2648 1212 2723 πρὸς
1253 2648 1379 2712 τοὺς
1409 2651 1830 2720 γραμματιστὰς

1941 2666 2001 2705 ex
2066 2653 2267 2706 virtute
2310 2660 2414 2715 est,
2463 2651 2756 2722 magistros
2808 2651 3154 2723 proﬁtentur,
3202 2653 3518 2708 hominibus

238 2748 337 2802 καὶ
357 2747 490 2810 τοὺς
515 2743 810 2806 παιδευτὰς
840 2741 950 2796 τῶν
973 2739 1203 2813 πρῶτων
1227 2741 1503 2810 στοιχείων
1518 2741 1627 2812 τὴν
1646 2742 1832 2814 eum.

1941 2742 2046 2798 illis
2082 2750 2211 2798 sunt
2238 2742 2532 2798 admodum
2559 2743 2788 2808 similes,
2829 2745 2920 2814 qui
2970 2745 3377 2813 grammaticam
3413 2745 3515 2799 do-

234 2855 406 2908 τητα.
445 2836 658 2906 Ὠσπερ
689 2833 798 2906 γὰρ
827 2835 1027 2887 ἐκεῖνοι
1072 2831 1200 2895 τοὺς
1247 2831 1475 2902 νηπίους
1519 2832 1613 2886 καὶ
1646 2833 1832 2905 ψελλι-

1941 2841 2083 2898 cent,
2119 2841 2172 2890 et
2201 2833 2376 2904 prima
2401 2833 2628 2888 tradunt
2653 2833 2924 2888 elementa
2944 2833 3270 2888 litterarum.
3302 2831 3516 2888 Etenim

239 2931 516 3003 ζομένους
545 2929 625 2982 ἔτι
675 2927 871 2991 παῖδας
919 2924 1071 2998 παρὰ
1101 2926 1209 2978 τῶν
1244 2925 1495 2996 πατέρων
1525 2924 1832 2998 δεξάμενοι,

1941 2926 2397 2997 quemadmodum
2435 2925 2488 2979 hi
2521 2938 2767 2995 puerose
2796 2935 3084 2992 parentum
3119 2925 3368 2980 manibus
3391 2939 3517 2980 sus-

236 3021 344 3074 οὐκ
375 3019 541 3083 εὐθὺς
565 3017 659 3072 ἐπὶ
674 3014 742 3070 τὰ
768 3015 1077 3087 τελειότερα
1095 3013 1204 3069 τῶν
1227 3013 1563 3087 μαθημάτων
1587 3015 1832 3087 ἄγουσιν,

1941 3028 2123 3091 neptes
2173 3018 2353 3072 adhuc
2401 3015 2639 3072 infantes
2685 3024 2740 3070 et
2769 3015 3134 3071 balbutientes
3184 3031 3293 3070 non
3347 3015 3516 3087 proti-

240 3111 383 3165 ἀλλά
414 3105 676 3180 πρότερον
701 3108 758 3161 ἐν
780 3106 860 3179 τῷ
888 3105 1044 3178 κηρῷ
1085 3106 1149 3160 τὸ
1179 3105 1323 3174 ἄλφα
1355 3105 1710 3179 χαράξαντες.
1741 3112 1836 3164 καὶ

1941 3125 2042 3166 nus
2072 3109 2273 3165 abditis
2297 3108 2711 3178 disciplinarum
2753 3107 3210 3178 praeceptionibus
3263 3115 3514 3169 onerant,

243 3202 311 3254 τὰ
353 3199 485 3269 ἑξῆς
517 3197 625 3251 τῶν
659 3197 959 3268 στοιχείων,
991 3195 1060 3250 τά
1078 3213 1137 3250 τε
1166 3195 1404 3268 ὀνόματα
1431 3196 1608 3252 αὐτῶν
1638 3197 1836 3253 εἰδέναι

1941 3201 2031 3255 sed
2067 3201 2246 3270 primo
2271 3199 2580 3254 litterarum
2616 3197 2820 3252 formas
2863 3197 3176 3268 insculpunt
3239 3197 3295 3252 in
3347 3197 3513 3262 ceris,

244 3291 579 3354 διδάσκουσι,
615 3286 842 3351 καὶτοῖς
867 3287 1061 3351 τύποις
1084 3287 1197 3351 τοῖς
1228 3287 1516 3358 γραφεῖσιν
1549 3287 1835 3343 ἐνασκοῦσι

1941 3305 2237 3362 earumque
2292 3289 2512 3344 nomina
2566 3288 2870 3349 declarant.
2917 3295 2971 3342 et
3022 3288 3262 3358 ipsorum
3317 3303 3515 3342 manus

248 3383 347 3454 τὴν
400 3383 558 3451 χεῖρα
577 3395 592 3410 ο
648 3377 788 3451 μετά
818 3377 873 3432 δὲ
905 3378 1062 3433 τοῦτο
1091 3377 1210 3443 ταῖς
1251 3379 1543 3444 συλλαϐαῖς
1570 3378 1837 3451 προδισά-

253 3472 428 3536 ζουσι,
458 3472 552 3525 καὶ
581 3471 693 3524 τῶν
724 3469 1004 3542 ὀνομάτων
1039 3468 1167 3541 ἑξῆς
1197 3467 1507 3524 παιδεύουσι
1534 3469 1630 3542 τὴν
1662 3470 1842 3540 ὲκφώ-

253 3578 446 3634 νησινο
490 3560 663 3625 οὕτως
709 3559 805 3614 καὶ
844 3560 944 3631 τῆς
976 3559 1272 3630 ἐκκλησίας
1311 3560 1686 3632 καθηγεμόνες
1727 3564 1840 3625 τοῖς

253 3653 661 3726 στοιχ[ει]ὡδεσι
703 3650 920 3724 πρῶτον
948 3649 1056 3704 τῶν
1100 3651 1440 3724 μαθημάτων
1473 3653 1841 3724 προσάγοντες

1939 3396 2036 3450 per
2084 3380 2381 3450 impressas
2442 3379 2564 3432 illos
2606 3376 2908 3431 litterarum
2965 3377 3162 3433 ductus
3223 3386 3390 3448 agunt
3459 3387 3516 3432 ιιι

1937 3475 2215 3532 exercent;
2248 3483 2370 3522 mox
2401 3479 2496 3522 eos
2525 3465 2596 3520 ob
2629 3466 2963 3537 syllabarum
2993 3465 3358 3537 cognitionem
3384 3480 3512 3536 pro-

1938 3558 2169 3623 vehunt,
2202 3565 2368 3627 atque
2407 3557 2482 3610 ita
2533 3556 2792 3626 deinceps
2838 3555 2904 3611 ad
2957 3557 3247 3612 verborum
3288 3571 3514 3626 expres-

1939 3651 2150 3707 sionem
2177 3649 2523 3721 perducunt;
2561 3649 2638 3703 sic
2673 3645 2932 3702 Ecclesia:
2953 3645 3120 3701 duces
3153 3647 3308 3702 iuitio
3340 3646 3513 3702 docn-

248 3748 337 3800 τὸν
367 3743 667 3816 ἀκροατὴν,
705 3743 1008 3815 παρέχουσι
1046 3740 1156 3796 τῶν
1187 3741 1550 3816 τελειωτέρων
1573 3744 1672 3817 τὴν
1697 3745 1842 3815 γνῶ-

1943 3750 2147 3807 menta,
2190 3757 2310 3811 quae
2339 3741 2450 3794 sint
2499 3741 2676 3794 instar
2703 3739 3119 3802 elementorum,
3170 3738 3513 3796 auditoribus

248 3853 351 3891 σιν.
552 3831 585 3866 ⁸

329 4011 562 4082 Ἐπειδὴ
588 4001 758 4064 τοίνυν
787 4011 844 4064 ὲν
877 4009 970 4064 δύο
1001 4011 1119 4073 ταῖς
1147 4008 1544 4079 προλαϐοὑσαις
1575 4009 1832 4081 ἡμέραις,

244 4104 344 4174 τῆς
379 4105 658 4173 φάρυγγος
690 4101 783 4155 καὶ
813 4100 913 4170 τῆς
943 4099 1180 4171 γαστρὸς
1219 4098 1316 4169 τὴν
1350 4099 1659 4168 φιληδονίαν
1694 4101 1833 4153 ἐσω-

247 4195 608 4266 φρονίσαμεν,
641 4194 715 4262 μὴ
749 4210 816 4263 με
850 4190 1071 4263 οίηθῆτε
1121 4192 1214 4245 καὶ
1243 4190 1481 4262 σήμερον
1526 4191 1594 4245 τὰ
1629 4190 1831 4262 συνήθη

243 4285 445 4350 λέξειν,
469 4285 546 4347 ὡς
578 4285 743 4338 καλὸν
791 4285 1199 4356 καταφρονῆσαι
1247 4282 1443 4354 κρεῶν,
1476 4281 1566 4334 καὶ
1597 4281 1832 4353 ἀποσχέο

246 4374 373 4426 σθαι
407 4372 504 4426 τοῦ
537 4373 893 4442 φιλογέλωτος
940 4372 1084 4425 οἰνου
1113 4371 1205 4425 καὶ
1237 4370 1556 4441 βακχευτοῦ·
1588 4372 1830 4442 ἐπισχεῖν

241 4464 302 4518 ὁὶ
323 4464 454 4526 τοὺς
481 4465 801 4534 μαγείρους,
836 4462 929 4514 καὶ
952 4463 1132 4515 πᾶσαν
1153 4461 1248 4515 τοῦ
1279 4462 1516 4531 οἰνοχόου
1541 4461 1640 4532 τὴν
1672 4464 1830 4534 χεῖρα

241 4557 585 4624 κάμνουσαν.
637 4555 821 4608 Ταῦτα
847 4555 955 4625 γὰρ
997 4552 1121 4626 ἐμοί
1153 4569 1213 4606 τε
1246 4553 1446 4616 ἱκανῶς
1471 4553 1704 4624 εἴρηται,
1735 4555 1830 4607 καὶ

244 4647 407 4717 ὑμεῖς
464 4647 551 4702 διὰ
605 4647 713 4700 τῶν
761 4648 1102 4720 πραγμάτων
1141 4646 1362 4717 ἐνεργὸν
1393 4646 1491 4716 τὴν
1525 4643 1833 4716 συμϐουλὴν

249 4739 616 4805 ἐπεδείξασθε.
690 4739 764 4793 Τδ
840 4737 898 4794 δὲ
954 4740 1167 4811 πρῶτον
1239 4736 1466 4809 μάθημα
1515 4737 1832 4808 ἀσκηθεῖσιν

245 4827 608 4902 [ἀσκούντων]
633 4832 781 4902 ὑμῖν,
819 4832 981 4885 καλὸν
1014 4832 1076 4884 ὲκ
1114 4829 1481 4901 προσαγωγῆς
1512 4829 1834 4900 μεταδοῦναι

238 4916 356 4970 τῶν
388 4920 647 4988 μειζόνων
675 4922 768 4974 καί
796 4919 1208 4992 ἀνδρικωτέρων
1250 4919 1435 4971 λοιπὸν
1463 4919 1826 4990 διδαγμάτων.

1871 3824 1913 3879 Β
1942 3839 2272 3903 proponunt.
2296 3830 2490 3886 deinde
2505 3829 2769 3902 gradatim
2799 3844 2883 3894 ea,
2910 3842 3031 3899 qua
3053 3828 3375 3900 perfectiora
3398 3845 3514 3885 ma-

1940 3926 2130 3996 gisque
2156 3924 2438 3979 recondita
2465 3932 2614 3988 sunt,
2655 3921 3010 3992 patefaciunt.

2010 4015 2280 4082 Quoniam
2313 4015 2480 4086 igitur
2513 4014 2730 4070 duobus
2765 4015 3144 4084 superioribus
3173 4013 3367 4072 diebus
3418 4030 3511 4071 3n-

1938 4107 2217 4178 piditatem
2249 4107 2417 4171 illam,
2467 4121 2590 4176 quae
2631 4106 2771 4177 gulae
2819 4107 3133 4173 ventrisque
3180 4109 3511 4178 voluptatem

1938 4206 2202 4260 sectatur,
2241 4197 2650 4267 castigatimus,
2699 4196 2960 4250 hodierna
3003 4198 3129 4250 item
3189 4196 3277 4251 die
3315 4197 3508 4252 iisdem
3575 4262 3590 4283 .

1937 4289 2004 4344 de
2039 4289 2202 4344 rebus
2229 4304 2313 4342 me
2339 4287 2502 4342 verba
2532 4288 2803 4342 facturum
2852 4301 2921 4340 ne
2956 4287 3304 4352 existimetis,
3363 4289 3511 4357 quod

1936 4379 2191 4433 videlicet
2219 4378 2508 4432 conveniat
2541 4385 2595 4432 et
2623 4391 2790 4430 carne
2827 4391 2935 4430 non
2983 4376 3154 4438 vesci,
3190 4385 3244 4432 et
3279 4393 3308 4430 a
3355 4379 3507 4445 vino,

1935 4468 2093 4538 cujus
2120 4466 2231 4524 fere
2260 4468 2425 4534 risus,
2456 4475 2511 4522 et
2532 4467 2744 4522 insania
2776 4467 3002 4522 comites
3031 4474 3182 4529 sunt,
3207 4467 3506 4533 abstinere.

1935 4569 1989 4616 et
2043 4561 2300 4616 cohibere
2341 4573 2643 4632 coquorum
2697 4560 2978 4627 studium;
3013 4567 3067 4613 et
3120 4559 3508 4628 pincernarum

1934 4666 2131 4706 manus
2169 4653 2468 4710 miscendis
2497 4651 2957 4724 porrigendisque
2986 4651 3198 4723 poculis
3250 4649 3510 4722 fatigatas

1935 4745 2318 4814 comprimere.
2349 4744 2423 4801 De
2452 4746 2538 4801 liis
2567 4746 2712 4802 enim
2743 4753 2797 4801 et
2845 4759 2946 4799 nos
2981 4743 3116 4799 satis
3148 4743 3311 4797 multa
3366 4743 3508 4797 dixi-

1937 4849 2081 4897 mus,
2119 4845 2172 4890 ει
2201 4851 2299 4891 vos
2345 4837 2635 4892 consilium
2671 4835 3208 4900 admonitionemque
3259 4843 3506 4889 nostram

1935 4927 2114 4996 reipsa
2151 4937 2205 4982 et
2228 4927 2386 4983 factis
2407 4927 2884 4998 romprobavistis.
2911 4925 3090 4991 Quare
3110 4926 3238 4979 dum
3271 4927 3507 4995 primum

237 5015 355 5068 hoc
401 5015 786 5070 documentum
819 5016 1095 5082 excolitis,
1148 5030 1329 5086 opera:
1374 5016 1605 5086 pretium
1652 5025 1756 5082 est,
1807 5026 1867 5073 ut
1940 5021 2009 5077 ad
2066 5039 2130 5078 ea
2181 5025 2334 5079 vobis
2394 5023 2656 5080 tradenda
2726 5040 2846 5095 qua:
2890 5024 3096 5094 majora
3149 5023 3509 5095 gravioraque

229 5113 400 5166 sunt.
435 5108 866 5177 progrediamur.

317 5199 476 5252 Ἐστι
501 5199 676 5254 τοίνυν
707 5201 800 5254 καὶ
827 5199 1120 5272 ἀσώματος
1159 5202 1402 5272 νηστεία,
1431 5201 1524 5255 καὶ
1557 5201 1716 5266 saxo;
1737 5203 1828 5271 ὲγ-
1854 5214 1885 5273 ε

2001 5200 2098 5258 Est
2130 5202 2298 5274 igitur
2321 5203 2516 5274 jejuuii
2548 5209 2601 5260 et
2659 5205 2998 5262 abstinentia!
3047 5223 3240 5277 genus,
3298 5207 3444 5278 quod
3473 5224 3506 5263 α

221 5292 474 5366 κράτεια
501 5293 533 5362 ἡ
564 5292 692 5364 περὶ
715 5292 890 5365 ψυχὴν
907 5293 1248 5366 στρεφομένη
1281 5294 1457 5365 ἀποχὴ
1486 5294 1592 5348 τῶν
1605 5294 1790 5348 κακῶν
1814 5310 1828 5324 ⁸

1941 5309 2168 5364 corpore
2210 5301 2265 5349 et
2326 5297 2555 5350 materia
2599 5296 2902 5365 sejunctqu
2944 5305 3062 5363 est;
3096 5313 3330 5366 cumque
3385 5299 3508 5352 ani-

223 5387 332 5439 καὶ
385 5384 453 5436 δι’
484 5385 700 5456 ἐκείνην
745 5386 879 5458 ἡμῖν
911 5387 1005 5439 καὶ
1030 5385 1169 5457 αὕτη
1199 5383 1560 5455 ἐνομοθετήθη
1587 5385 1620 5454 ὴ
1654 5383 1831 5455 ἀποχὴ

1941 5399 2080 5436 mam
2109 5383 2376 5437 duntaxat
2405 5386 2680 5456 respiciat,
2707 5402 2768 5440 ea
2829 5402 2888 5440 re
2919 5387 3217 5455 perhcitur.
3263 5395 3322 5440 ιιι
3352 5400 3380 5439 a
3425 5388 3508 5442 vi-

221 5476 346 5528 τῶν
385 5471 710 5546 βρωμάτων.
746 5475 1096 5548 Νηστεὺσατε
1134 5475 1313 5530 τοίνυν
1342 5473 1450 5528 ἀπὸ
1482 5474 1699 5537 κακίας·
1743 5475 1833 5542 ὲγ-

1941 5475 2029 5530 tiis
2065 5485 2462 5546 temperemus:
2489 5486 2652 5547 atque
2681 5476 2846 5547 hujus
2874 5475 3096 5547 quidem
3135 5476 3332 5547 jejunii
3380 5493 3506 5550 gra-

310 5649 791 5730 (a)_Gracce_e_dita
818 5666 900 5730 ex“
931 5663 1066 5704 mss.
1117 5648 1380 5710 Caesarea:
1411 5650 1700 5710 V'ienncus.
1747 5649 2118 5729 bibliothecae,
2181 5669 2230 5715 et
2300 5674 2362 5714 ex
2400 5656 2708 5730 apographo
2773 5671 2840 5714 ex
2889 5651 3151 5710 Vaticana
3207 5654 3504 5724 exscripta,

236 5734 373 5776 cura
396 5719 456 5775 Γ.
478 5725 598 5777 Jac.
626 5719 902 5777 Sirmo‘utli
935 5731 1204 5778 correcta.
