3896 6204
395 271 506 328 455

1629 261 1689 320 S.
1719 259 2050 318 GREGORII
2081 258 2375 318 NYSSENI

3531 263 3644 324 456

397 389 494 457 tia,
537 385 670 444 illud
713 385 980 442 indictum
1024 391 1132 452 est,
1197 392 1258 440 ut
1300 399 1332 440 a
1373 383 1513 440 cibis
1566 383 1964 444 abstineamus.

2077 381 2452 456 κρατεύσασθε
2481 381 2589 438 ἀπὸ
2609 382 2708 454 τῆς
2731 381 2839 437 τῶν
2862 378 3155 454 ἀλλοτρίων
3185 378 3492 451 ἐπιθυμίας·
3516 381 3654 434 άπόσ

397 481 556 549 Quod
576 497 698 538 cum
729 483 804 536 ita
839 481 932 548 sit,
971 495 1002 534 a
1041 479 1248 534 malitia
1276 477 1542 550 ieiunate,
1591 478 1843 535 cohibete
1885 493 1973 534 re-

396 593 522 632 rum
568 577 871 631 alienarum
920 572 1308 643 cupiditatem,
1372 585 1404 624 a
1458 569 1604 640 turpi
1652 577 1706 624 et
1767 569 1972 637 iniusto

399 673 609 738 quaestu
627 665 783 720 vobis
811 672 1128 732 temperate.
1160 660 1458 715 Avaritiam
1487 659 1808 714 Mammonm
1830 656 1974 713 fame

397 753 714 813 interficite.
762 751 908 807 Nihil
952 752 1107 807 domi
1155 749 1496 805 reconditum
1553 747 1770 812 habete,
1827 746 1974 816 quod

400 847 472 902 sit
498 862 595 916 per
621 849 730 899 vim
764 855 819 900 et
839 844 1062 914 rapinas
1084 848 1480 912 comparatum.
1513 836 1652 906 Quid
1675 840 1820 893 enim
1846 852 1975 907 pro-

399 938 540 993 derit
565 953 660 992 ore
693 950 914 991 carnem
969 950 1078 988 non
1137 933 1426 1002 attingere,
1489 931 1534 986 si
1591 929 1974 984 maledicentia

402 1030 627 1084 fratrem
664 1027 913 1083 laceras?
946 1025 1204 1093 Quaenam
1238 1025 1342 1078 erit
1372 1023 1601 1086 utilitas,
1633 1022 1701 1088 si,
1731 1021 1859 1078 dum
1883 1029 1975 1076 tua

401 1135 511 1174 non
555 1117 819 1180 comedis,
881 1131 1002 1186 quae
1057 1113 1313 1184 pauperis
1375 1123 1524 1175 sunt,
1561 1126 1659 1182 per
1715 1111 1973 1180 iniuriam

402 1207 776 1280 subripueris?
799 1206 932 1273 Qua:
953 1220 1118 1276 porro
1141 1206 1312 1276 pietas
1341 1203 1468 1268 ista,
1493 1202 1539 1259 si
1563 1215 1759 1272 aquam
1783 1199 1976 1255 bibens

401 1313 587 1359 struas
620 1301 890 1366 fraudem,
917 1313 1158 1354 consuas
1185 1298 1364 1360 dolos,
1410 1303 1465 1352 et
1510 1310 1577 1350 ex
1630 1293 1979 1364 improbitate

402 1394 723 1464 sanguinem
751 1391 945 1448 sitias?
970 1389 1154 1456 Quid?
1193 1388 1385 1444 Nonne
1416 1386 1586 1442 Iudas
1636 1385 1801 1441 etiam
1853 1398 1978 1440 cum

399 1485 656 1540 undecim
682 1481 1011 1552 ieiunabat?
1040 1489 1278 1535 attamen
1323 1479 1454 1548 quia
1500 1491 1684 1533 mores
1737 1474 1981 1530 avaritiae

399 1576 613 1631 deditos
647 1590 755 1629 non
796 1571 1113 1634 refrenavit,
1156 1569 1294 1624 nihil
1328 1569 1396 1624 ad
1427 1567 1662 1623 salutem
1709 1566 1786 1620 illi
1829 1565 1977 1635 ieiu-

402 1669 554 1724 nium
598 1667 822 1738 profuit.
857 1664 1037 1732 Quid?
1085 1660 1233 1732 quod
1263 1660 1516 1716 diabolus
1563 1674 1690 1714 cum
1751 1657 1979 1728 spiritus

2075 477 2267 548 σχέσθε
2311 477 2536 548 κέρδους
2585 476 2792 530 ἀδίκου’
2817 475 3238 546 λιμοκτονήσατε
3281 472 3374 526 τοῦ
3401 473 3652 544 Μαμωνᾶ

2072 567 2170 636 τὴν
2200 565 2584 637 φιλαργυρίαν⁸
2625 565 2790 636 μηδὲν
2827 565 2920 618 ἐπὶ
2947 565 3044 635 τῆς
3071 563 3249 626 οἰκίας
3279 562 3419 616 ἔστω
3451 563 3648 632 κειμή-

2071 659 2204 724 λιον,
2226 659 2292 712 ἐκ
2321 658 2439 729 βίας
2463 658 2558 712 καὶ⁹
2585 657 2861 728 ἁρπαγῆς.
2901 655 2967 708 Τί
3000 654 3110 726 γάρ
3138 653 3350 724 δφελος,
3385 653 3452 707 ἂν
3481 653 3648 724 κρέας

2076 749 2150 822 μὴ
2172 749 2546 823 προσενέγκῃς
2565 749 2644 820 τῷ
2669 749 2915 818 στόματι,
2934 747 3028 800 καὶ
3055 746 3255 818 δάκνῃς
3281 749 3346 816 τῇ
3369 745 3536 816 κακίᾳ
3559 744 3650 797 τὸν

2073 841 2339 911 ἀδελφόν;
2373 843 2446 895 Ἦ
2473 841 2555 905 τίς
2593 841 2778 910 ὄνησις
2807 840 2870 892 ἂν
2900 837 2969 892 τὰ
2993 838 3060 892 σὰ
3101 836 3176 910 μὴ
3207 837 3406 912 φάγῃς,
3441 838 3539 890 καὶ
3557 839 3653 890 λά-

2073 931 2176 1003 ϐῃς
2201 931 2270 986 τὰ
2292 931 2383 985 τοῦ
2413 933 2643 1004 πένητος
2666 929 2896 996 ἀδίκως;
2922 929 3017 994 Τίς
3051 929 3106 983 δὲ
3136 927 3271 1000 αὕτη
3295 927 3564 989 εὐσέϐεια,
3585 929 3651 981 ἂν

2076 1023 2218 1096 ὕδωρ
2289 1025 2478 1087 πίνων,
2516 1023 2692 1094 ράψῃς
2738 1022 2908 1094 δόλον,
2944 1021 3040 1074 καὶ
3075 1021 3304 1092 αἵματος
3332 1021 3564 1094 διψήσῃς
3586 1023 3650 1074 ἐκ

2076 1115 2380 1188 πονηρίας;
2415 1116 2734 1186 Ἐνήστευσε
2781 1114 2998 1176 πάντως
3041 1114 3179 1184 μετὰ
3211 1112 3320 1166 τῶν
3343 1113 3534 1167 ἐνδεκα
3557 1114 3651 1167 καὶ

2089 1207 2291 1272 Ἰούδας
2323 1223 2338 1236 ·
2366 1207 2504 1261 ἀλλὰ
2555 1207 2648 1261 τὸν
2695 1206 3027 1279 φιλάργυρον
3055 1206 3130 1278 μὴ
3157 1205 3403 1277 δαμάσας
3429 1206 3654 1276 τρόπον,

2076 1298 2228 1352 οὐδὲν
2269 1299 2349 1364 εἰς
2398 1298 2670 1370 σωτηρίαν
2700 1298 2955 1370 ὠφελήθη
2985 1298 3135 1366 παρὰ
3157 1297 3258 1368 τῆς
3279 1296 3514 1361 ἀσιτίας.
3543 1299 3653 1350 Καὶ

2076 1392 2106 1444 ὁ
2135 1389 2380 1454 διάϐολος
2434 1391 2533 1444 ούκ
2564 1390 2752 1445 ἐσθίει·
2781 1391 2999 1462 πνεῦμα
3021 1389 3128 1461 γάρ
3160 1391 3307 1445 ἐστιν
3335 1389 3649 1460 ἀσώματονο

2076 1483 2214 1538 ἀλλὰ
2258 1483 2348 1537 διὰ
2389 1483 2588 1537 κακίαν
2636 1483 2731 1536 τοῦ
2777 1482 2944 1553 ὕψους
2967 1482 3257 1538 ἀπέπεσεν.
3299 1482 3532 1553 ὀμοίως
3559 1482 3653 1536 καὶ

2076 1575 2185 1630 τῶν
2209 1575 2478 1646 δαιμόνων
2533 1576 2784 1639 ἕκαστος,
2816 1574 2941 1630 οὔτε
2966 1575 3072 1644 ὄψα
3104 1574 3496 1646 προσφέρεται,
3529 1573 3654 1626 οὕτε

2079 1663 2430 1732 πολυποσίας,
2461 1664 2495 1736 ἢ
2528 1665 2696 1736 μέθης
2716 1665 2928 1736 δέχεται
2950 1666 3329 1736 κατηγόρημα.
3359 1665 3528 1729 Φύσις
3549 1665 3655 1736 γὰρ

399 1763 473 1819 sit
504 1760 752 1832 corporis
778 1772 994 1829 expers,
1026 1755 1160 1811 nihil
1190 1768 1428 1824 unquam
1464 1751 1577 1808 edit
1623 1750 1868 1816 omnino,
1919 1757 1974 1806 et

2078 1757 2276 1820 αὐτοὺς
2341 1755 2443 1826 τῆς
2493 1755 2604 1810 τῶν
2660 1755 2962 1828 βρωμάτων
3029 1757 3314 1828 μετουσίας
3369 1755 3652 1827 ἐχώρισεν.

399 1860 580 1906 tamen
613 1856 833 1919 propter
859 1846 1262 1915 improbitatem
1306 1859 1339 1900 ο
1372 1842 1593 1900 sublimi
1646 1841 1743 1896 illo
1778 1839 1974 1896 cecidit

398 1941 683 2014 dignitatis
713 1937 904 2009 gradu.
933 1937 1245 2007 Eademque
1281 1935 1494 1990 ratione
1536 1933 1723 1988 nullus
1769 1933 1970 1988 damo-

400 2049 532 2089 num
572 2039 676 2092 est.
703 2031 819 2100 qui,
855 2028 999 2099 quod
1028 2035 1123 2082 aut
1147 2042 1208 2083 se
1236 2026 1483 2082 obsoniis
1519 2023 1832 2095 ingurgitct,
1880 2029 1974 2076 aut

400 2125 689 2182 immodice
742 2123 913 2188 bibat,
948 2121 1270 2178 ebriosusve
1323 2120 1416 2182 sit,
1467 2116 1718 2173 accusari
1771 2115 1969 2186 possit.

399 2214 606 2270 Natura
654 2214 798 2269 enim
843 2227 875 2266 a
930 2211 1150 2266 bibendi
1185 2210 1490 2281 edendique
1551 2214 1878 2267 necessitate
1909 2210 1975 2263 li-

400 2305 516 2362 beri
549 2313 698 2361 sunt.
726 2302 912 2372 Neque
945 2313 1126 2358 tamen
1179 2303 1384 2358 idcirco
1411 2303 1495 2359 vel
1545 2303 1654 2368 die,
1684 2303 1770 2358 vel
1813 2310 1976 2358 nocte

397 2413 498 2468 per
508 2412 632 2452 aera
650 2397 908 2452 oherrare
925 2409 1164 2464 unquam
1185 2401 1423 2460 cessant,
1445 2393 1770 2463 ﬂagitiorum
1787 2404 1977 2450 aucto-

2093 1848 2232 1902 Ἀλλ’
2265 1850 2413 1920 ὅμως
2440 1848 2536 1902 καὶ
2579 1847 2796 1920 νύκτωρ
2833 1850 2926 1903 καὶ
2959 1847 3076 1919 μεθ’
3110 1849 3217 1920 ήμέ
3224 1867 3339 1919 ραν,
3363 1847 3655 1920 ἐμπλανὼ-

2082 1957 2234 2009 μενοι
2277 1939 2356 2010 τῷ
2415 1939 2560 2011 ἀέρι,
2594 1939 2789 2004 κακίας
2821 1940 2927 1994 είσὶ
2960 1941 3179 2010 ποιηταὶ
3228 1940 3323 1994 καὶ
3361 1940 3655 2012 ὑπηρέται,

2079 2031 2172 2084 καὶ
2197 2031 2298 2094 τὰς
2331 2031 2452 2102 μεθ’
2483 2031 2642 2102 ἡμῶν
2681 2030 2972 2096 ἐπιϐουλὰς
3020 2030 3296 2104 ἐνεργοῦσι
3328 2031 3657 2097 σπουδαίως.

2079 2121 2263 2192 Φθόνῳ
2287 2121 2344 2176 δὲ
2369 2122 2462 2176 καὶ
2480 2121 2749 2194 βασκανίᾳ
2773 2124 3047 2193 τήκονται,
3063 2111 3206 2177 ακάι
3232 2123 3451 2193 φεύγειν
3469 2122 3656 2189 καλὸν,

2080 2213 2130 2266 εί
2167 2212 2454 2284 μέλλοιμεν
2504 2214 2780 2287 ἄνθρωποι
2839 2216 2975 2287 πρὸς
3015 2214 3148 2269 Θεὸν
3187 2215 3462 2283 συγγενῶς
3489 2217 3658 2287 ἔχειν,

2081 2304 2307 2359 ἐκείνων
2367 2306 2709 2363 ἐκπεσόντων
2756 2307 2859 2378 τῆς
2915 2306 3052 2380 πρὸς
3099 2307 3162 2362 τὸ
3209 2307 3410 2377 άγαθδν
3455 2309 3658 2363 οἰκειό-

2081 2413 2268 2467 τητος.

221 2461 224 2464 ’
283 2556 288 2560 _
399 2461 490 2545 res
519 2497 572 2544 ct
602 2487 857 2543 ministri.
895 2461 1064 2544 Nobis
1090 2497 1271 2542 autem
1304 2487 1452 2542 omni
1481 2461 1666 2542 studio
1721 2487 2019 2544 moliuntur
2045 2461 2300 2546 insidias.
2339 2489 2576 2566 'Quippe
2643 2491 2813 2548 livore
2879 2493 3186 2565 liqueﬁunt,
3251 2505 3307 2551 et
3369 2495 3662 2551 tabescunt

400 2582 625 2645 invidia,
661 2582 802 2652 quod
837 2581 905 2636 ad
948 2596 1067 2636 eam
1103 2596 1202 2636 nos
1234 2581 1481 2638 homines
1512 2582 1937 2640 necessitudinis
1971 2583 2416 2655 coniunctionem
2467 2601 2592 2642 cum
2628 2587 2749 2659 ipso
2808 2589 2940 2656 Deo,
2997 2597 3052 2646 et
3108 2589 3384 2648 felicitatis
3435 2605 3661 2662 posses-

401 2677 630 2740 sionem,
659 2692 689 2730 e
715 2691 820 2745 qua
849 2675 952 2744 ipsi
987 2673 1184 2743 deiecti
1227 2681 1376 2740 sunt,
1410 2675 1584 2732 simus
1635 2677 1969 2746 pervcnturi.

472 2767 728 2823 Honestis
788 2768 950 2836 igitur
1015 2781 1078 2819 ac
1139 2767 1300 2823 bonis
1373 2767 1622 2822 moribus
1674 2767 1983 2824 instruatur

399 2860 838 2916 Christianorum
864 2857 995 2910 vita.
1022 2857 1224 2911 Eorum
1268 2857 1438 2911 animi
1469 2858 1747 2914 declinent
1795 2871 1849 2916 et
1904 2860 1982 2916 fu-

399 2954 551 3024 giant
583 2951 801 3005 malitiae
838 2949 1246 3004 detrimentum.
1299 2948 1432 3003 Nam
1467 2949 1514 3004 si
1563 2952 1692 3006 vino
1724 2960 1778 3007 et
1813 2967 1981 3008 carne

401 3049 788 3114 temperantes,
819 3039 1114 3096 obstrictos
1146 3040 1296 3097 vitiis
1341 3041 1553 3096 animos
1601 3042 1975 3112 habuerimus,

2157 2771 2584 2841 Παιδαγωγείτω
2623 2753 2818 2826 ’τοίνυν
2869 2773 2961 2826 τδν
3002 2773 3116 2845 βίον
3155 2775 3264 2828 τῶν
3313 2777 3660 2848 Χριστιανῶν

2081 2863 2283 2935 τρόπος
2310 2864 2615 2934 φιλόσοφος.
2648 2865 2760 2920 Καὶ
2798 2867 2831 2937 ἡ
2862 2866 3008 2939 ψυχὴ
3047 2860 3294 2938 φευγέτω
3329 2871 3428 2941 τῆς
3460 2873 3664 2936 κακίας

2079 2954 2180 3026 τὴν
2241 2954 2461 3027 βλάϐην.
2496 2958 2592 3011 “Av
2633 2957 2743 3029 γὰρ
2781 2959 2924 3012 οίνου
2968 2958 3061 3012 καὶ
3103 2959 3280 3031 κρεῶν
3311 2961 3659 3032 ἀπεχόμενοι,

2078 3045 2192 3107 τοῖς
2219 3043 2362 3098 κατὰ
2400 3045 2658 3117 πρόθεσιν
2708 3047 3098 3121 ἁμαρτήμασιν
3139 3042 3288 3120 ὦμεν
3344 3052 3656 3120 ὑπεύθυνοι,

399 3137 535 3194 nihil
583 3135 880 3206 quidquam
937 3133 1117 3201 nobis,
1170 3148 1292 3189 cum
1349 3133 1508 3189 aliter
1565 3135 1748 3190 animo
1806 3152 1970 3206 quam

2080 3134 2350 3232 προλέγω,
2380 3137 2477 3232 καὶ
2503 3137 2989 3210 προμαρτύρομαι,
3029 3139 3105 3204 ὡς
3127 3141 3277 3197 οὐδὲν
3303 3143 3451 3214 ἡμᾶς
3475 3145 3662 3216 ὀνήσει

397 3229 741 3301 extrinsecus
767 3224 944 3282 affecti
997 3225 1192 3289 simus,
1226 3233 1321 3280 aut
1378 3239 1600 3294 aquam,
1656 3237 1750 3282 aut
1798 3229 1973 3293 olera,

399 3329 496 3376 aut
526 3334 744 3376 mensas
775 3318 896 3374 sine
921 3316 1188 3387 sanguine
1236 3326 1479 3373 structas
1511 3317 1798 3389 profutura
1847 3335 1981 3390 prte-

398 3411 526 3467 dico
570 3417 734 3480 atque
782 3405 1065 3463 testificor.
1126 3405 1357 3476 Propter
1408 3407 1733 3462 munditiam
1783 3409 1978 3463 anima:

399 3515 528 3561 sunt
568 3503 772 3558 indicta
811 3500 1042 3572 ieiunia.
1091 3498 1222 3566 Qum
1249 3501 1292 3556 si
1328 3509 1446 3556 tum
1499 3501 1800 3567 voluntate,
1859 3507 1975 3556 tum

400 3596 564 3652 factis
589 3593 1037 3665 coinquinantur,
1099 3591 1226 3660 quid
1263 3591 1491 3658 frustra,
1523 3607 1686 3663 quam
1707 3591 1973 3657 bibimus,

394 3702 596 3762 aquam
628 3684 997 3742 insumimus?
1033 3682 1143 3738 Cur
1175 3683 1368 3754 ingens
1402 3683 1503 3738 hoc
1537 3698 1779 3747 caenum,
1829 3685 1976 3754 quod

399 3780 510 3836 elui
527 3795 588 3836 ex
599 3778 929 3851 purgarique
943 3790 1052 3830 non
1071 3781 1269 3846 potest,
1287 3775 1595 3832 excolitur?
1611 3773 1748 3842 Quid
1764 3775 1978 3830 confert

395 3869 665 3938 ieiunium
705 3865 972 3935 corporis,
1001 3864 1108 3921 nisi
1143 3880 1297 3922 mens
1328 3879 1464 3936 pura
1503 3864 1817 3935 mundaque
1865 3865 1976 3920 sit?

398 3959 549 4014 Nihil
586 3960 732 4015 enim
795 3959 989 4029 prosit,
1046 3974 1268 4014 currum
1329 3957 1568 4012 validum
1623 3972 1688 4011 ac
1735 3957 1975 4015 strenuis

401 4051 682 4124 quadrigis
714 4051 1041 4107 instructum
1079 4065 1220 4117 esse,
1248 4049 1294 4105 si
1313 4049 1499 4120 auriga
1525 4048 1759 4104 insaniat
1787 4068 1800 4104 :
1824 4051 1972 4106 nulla

397 4143 506 4201 erit
537 4143 674 4198 bene
702 4141 978 4197 fabricatae
1010 4142 1164 4196 navis
1194 4140 1424 4204 utilitas,
1455 4139 1503 4195 si
1541 4139 1726 4197 ebrius
1753 4141 1825 4196 sit
1855 4141 1974 4211 ipse

280 4236 289 4251 '
399 4236 755 4307 gubernator.
793 4232 1076 4304 Ieiunium
1128 4232 1351 4290 virtutis
1391 4231 1806 4288 fundamentum
1861 4239 1968 4290 est.

399 4325 865 4394 Quemadmodum
902 4335 1080 4382 autem
1108 4326 1325 4380 navium
1384 4324 1608 4389 carinae,
1662 4333 1717 4380 et
1772 4324 1972 4380 funda-

398 4426 584 4474 menta
604 4417 799 4474 domus
825 4417 954 4474 licet
989 4417 1226 4488 ingentia
1261 4417 1550 4487 subiicias,
1583 4416 1797 4472 inutilia
1816 4431 1972 4471 vana-

2080 3223 2224 3296 ὕδωρ
2253 3226 2348 3278 καὶ
2380 3225 2590 3298 λάχανα
2624 3229 2720 3282 καὶ
2746 3229 3078 3302 ἀναίμακτος
3107 3233 3375 3304 τράπεζα,
3410 3235 3663 3308 ἀνόμοιον

2078 3313 2178 3384 τῆς
2206 3313 2406 3379 ἔξωθεν
2431 3317 2752 3386 ἐπιφανείας
2775 3319 2872 3391 τὴν
2902 3320 3113 3377 ἔνδοθεν
3149 3322 3386 3379 διάθεσιν
3405 3325 3658 3396 ἔχοντας.

2078 3404 2178 3458 Διὰ
2229 3406 2580 3479 καθαρότητα
2627 3408 2806 3480 ψυχῆς
2843 3412 3205 3486 ἐνομοθετήθη
3238 3417 3481 3487 νηστεία.
3515 3419 3579 3472 Ei
3601 3419 3666 3475 δὲ

2081 3497 2266 3568 ἐκείνη
2295 3502 2361 3572 τῇ
2391 3500 2710 3572 προαιρέσει
2738 3503 2831 3557 καὶ
2866 3507 2987 3568 ταῖς
3013 3505 3201 3570 ἄλλαις
3229 3507 3532 3580 ἐνεργείαις
3563 3529 3667 3582 μο-

2077 3589 2318 3656 λύνεται,
2338 3592 2393 3645 τί
2418 3593 2597 3665 μάτην
2623 3595 3092 3669 προσδαπανῶμεν
3105 3597 3164 3651 τὸ
3188 3601 3470 3671 πινόμενον
3491 3601 3664 3675 ὕδωρς

2077 3681 2144 3734 Τί
2175 3682 2508 3738 ἀνέκπλυτον
2544 3686 2639 3741 καὶ
2693 3687 2858 3742 πολὺν
2889 3690 3192 3762 γεωργοῦσι
3237 3691 3328 3745 τὸν
3355 3692 3618 3766 βόρϐορον
3645 3713 3663 3765 ;

2077 3773 2175 3836 Τίς
2201 3773 2386 3846 ὄνησις
2417 3776 2515 3847 τῆς
2537 3777 2855 3850 σωματικῆς
2876 3781 3149 3852 νηστείας,
3179 3783 3246 3838 ἂν
3277 3784 3350 3856 μὴ
3376 3786 3663 3860 καθαρεύῃ

2075 3865 2105 3917 ό
2155 3864 2308 3931 νοῦς;
2359 3867 2525 3921 Οὐδὲν
2563 3867 2674 3941 γὰρ
2700 3868 2910 3940 ὄφελος,
2933 3871 3028 3926 ἐὰν
3051 3872 3112 3926 τὸ
3143 3874 3406 3946 ἀργύριον
3435 3879 3664 3949 ἰσχυρὸν

2077 3955 2299 4031 ὑπάρχῃ
2326 3957 2509 4012 καὶτὸ
2545 3960 2847 4032 τέθριππον
2883 3961 3163 4030 εὔτακτον,
3203 3969 3528 4038 μαινομένου
3559 3972 3664 4025 τοῦ

2075 4047 2317 4119 ἡνιόχου.
2346 4048 2412 4102 Τί
2457 4049 2515 4103 δὲ
2561 4051 2752 4120 ὄφελος
2777 4054 2877 4125 τῆς
2903 4049 2961 4108 εὖ
2992 4056 3340 4128 ἡρμοσμένης
3376 4060 3535 4124 νεὼς,
3560 4062 3664 4116 έὰν

2079 4138 2252 4229 ύῃ
2273 4141 2447 4229 όλκυὸε
2454 4143 2681 4212 ρνήτης;
2699 4144 2784 4215 Νη
2791 4147 2942 4199 στεία
2955 4145 3012 4199 θε
3021 4147 3203 4218 μέλιος
3216 4150 3430 4222 ἀρετῆς.
3439 4152 3663 4229 Ὥσπερ

2075 4226 2133 4280 δὲ
2166 4226 2414 4298 θεμέλιος
2462 4230 2639 4294 οἰκίας
2692 4233 2786 4286 καὶ
2825 4233 3018 4306 τρόπις
3062 4235 3246 4291 πλοίου
3280 4239 3533 4310 ἄχρηστα
3564 4226 3666 4298 καὶ

2076 4316 2337 4390 ἀνόνητα,
2371 4321 2476 4374 κᾶν
2504 4322 2708 4394 σφόδρα
2740 4327 3024 4398 καρτερῶς
3051 4327 3463 4400 ὑποϐληθῶσινι
3479 4333 3547 4386 ἂν
3583 4336 3661 4407 μὴ

2076 4408 2146 4462 τὰ
2174 4409 2303 4480 ἑξῆς
2331 4411 2515 4476 αὐτοῖς
2543 4413 2649 4467 τῶν
2697 4415 3074 4487 ἐπιστημόνως
3102 4420 3498 4495 ἐποικοδομηθῇ
3522 4441 3538 4455 ⁶
3568 4427 3662 4480 οὖ-

399 4524 508 4580 que
539 4509 671 4574 sint,
701 4509 811 4565 nisi
839 4509 1078 4578 reliquas
1111 4509 1238 4563 item
1274 4515 1459 4578 partes
1484 4509 1655 4578 perite
1690 4517 1745 4563 et
1787 4507 1971 4564 scien-

2077 4518 2184 4591 τως
2211 4501 2306 4556 καὶ
2334 4501 2433 4570 τῆς
2478 4505 2804 4576 ἐγκρατείας
2829 4507 3030 4579 ταύτης
3058 4511 3211 4565 οὐδὲν
3240 4513 3450 4583 ὄφελος,
3481 4518 3550 4571 ἂν
3584 4521 3660 4591 μὴ

399 4609 486 4656 ter
513 4597 978 4657 exaedificaveris:
1041 4597 1122 4652 sic
1177 4596 1340 4653 istius
1373 4597 1715 4652 abstinentiae
1763 4598 1972 4652 nullum

399 4692 506 4749 erit
538 4691 988 4752 emolumentum,
1015 4686 1120 4743 nisi
1155 4687 1276 4742 alize
1300 4686 1526 4756 iustitia:
1560 4695 1742 4758 partes
1785 4703 1975 4746 acces-

399 4785 592 4840 serint.
622 4781 809 4836 Timor
833 4779 928 4836 Dei
961 4778 1178 4835 erudiat
1204 4778 1445 4850 linguam
1477 4794 1541 4835 ea
1570 4795 1693 4850 quae
1717 4779 1872 4835 decet
1892 4781 1976 4837 lo-

399 4874 516 4944 qui,
540 4881 721 4930 tacere
737 4870 1038 4938 contraria,
1068 4870 1333 4940 temporis
1353 4869 1699 4926 occasionem
1725 4871 1976 4926 animad-

399 4971 633 5027 vertere,
661 4961 882 5017 modum
921 4962 1252 5017 observare:
1299 4958 1401 5015 fari
1453 4961 1801 5016 necessaria:
1849 4969 1974 5032 apto

399 5053 774 5125 respondere:
817 5051 1066 5109 modeste
1098 5047 1306 5115 dicere,
1359 5066 1430 5107 ne
1469 5051 1759 5106 verborum
1804 5053 1971 5108 veluti

397 5144 662 5219 grandine
689 5143 1067 5214 colloquentes
1095 5141 1312 5197 obruat.
1372 5141 1585 5196 idcirco
1614 5141 1760 5197 enim
1807 5150 1860 5197 et
1892 5149 1974 5197 te-

399 5236 524 5292 nuis
555 5235 644 5290 illa
680 5233 1077 5300 membranula,
1118 5247 1240 5302 quae
1271 5247 1394 5286 cum
1430 5230 1548 5303 ipsa
1596 5231 1776 5303 lingua
1815 5247 1970 5287 men-

397 5337 513 5384 tum
566 5326 797 5382 inferius
841 5323 1100 5388 devincit,
1140 5322 1352 5378 frenum
1399 5321 1623 5386 dicitur,
1672 5337 1740 5377 ne
1788 5322 1969 5392 inepte

397 5416 672 5484 loquatur,
707 5419 763 5469 et
789 5412 1140 5468 inconcinne.
1171 5409 1452 5467 Laudibus
1479 5411 1664 5481 igitur,
1699 5427 1804 5466 non
1835 5427 1967 5466 con-

398 5506 554 5561 viciis
581 5513 799 5571 utatur;
844 5505 1120 5567 cantibus,
1154 5518 1262 5558 non
1316 5501 1643 5566 maledictis,
1695 5518 1972 5556 commen-

398 5593 734 5658 dationibus,
777 5609 885 5649 non
915 5591 1424 5649 obtrectationibus.
1486 5589 1676 5646 Manus
1721 5591 1972 5660 petulans

397 5679 494 5738 Dei
527 5683 790 5738 memoria
844 5690 1106 5748 tanquam
1135 5690 1326 5739 catena
1385 5679 1567 5737 vincta
1623 5681 1962 5738 cohibeatur.

2072 4590 2170 4662 τὴν
2188 4591 2354 4663 ἄλλην
2375 4592 2719 4667 δικαιοσύνην
2757 4601 3012 4671 προσφυῆ
3046 4602 3139 4655 καὶ
3172 4604 3462 4659 ἀκόλουθον
3499 4590 3658 4678 seen;

2071 4699 2181 4736 ται.
2211 4683 2378 4748 Φόϐος
2403 4685 2537 4739 Θεοῦ
2573 4687 2867 4744 διδασκέτω
2914 4692 3013 4763 τὴν
3046 4692 3289 4761 γλῶτταν
3320 4697 3657 4768 φθέγγεσθαι

2071 4771 2108 4827 ἃ
2141 4775 2430 4846 προσήκει,
2482 4777 2556 4848 μὴ
2605 4777 2784 4832 λαλεῖν
2821 4782 2887 4835 τὰ
2921 4782 3145 4852 μάταια,
3197 4787 3396 4840 εἰδέναι
3425 4795 3656 4864 καιροὺς

2071 4864 2168 4917 καὶ¹
2199 4865 2372 4937 μέτρα
2394 4869 2490 4921 καὶ
2516 4867 2672 4937 λόγον
2697 4871 3012 4939 ἀναγκαῖον,
3034 4874 3127 4927 καὶ
3153 4876 3442 4949 ἀπόκρισιν
3466 4881 3652 4936 abs-:0-

2070 4971 2164 5025 χον
2187 4971 2200 4987 ’
2231 4955 2306 5028 μὴ
2325 4957 2506 5011 λαλεῖν
2538 4960 2834 5033 ἀρρύθμως
2855 4978 2869 4993 °
2905 4963 2979 5036 μὴ
3007 4966 3275 5035 χαλαζοῦν
3305 4970 3432 5034 τοὺς
3461 4973 3648 5040 ἐντυγ-

2069 5046 2330 5116 χάνοντας
2380 5051 2442 5120 τῇ
2475 5051 2817 5124 σφοδρότητι.
2843 5055 2943 5108 Διὰ
2974 5056 3130 5110 τοῦτο
3147 5058 3253 5129 γάρ
3277 5061 3373 5114 καὶ
3406 5061 3436 5113 ό
3464 5061 3651 5115 λεπτὸο

2068 5156 2230 5204 τατος
2284 5142 2493 5206 ἐκεῖνος
2525 5143 2688 5214 ὑμὴν,
2723 5147 2753 5199 ό
2796 5146 3112 5220 ὑποδεσμῶν
3139 5152 3276 5222 αὐτῇ
3305 5151 3532 5226 γλώττῃ
3561 5155 3650 5224 τὴν

2069 5231 2219 5283 κάτω
2243 5230 2421 5298 γένυν,
2447 5232 2663 5303 χαλινὸς
2686 5235 2923 5304 λέγεται,
2953 5239 3039 5292 ἵνα
3063 5238 3137 5311 μὴ
3157 5241 3366 5295 ἄτακτα
3397 5245 3494 5296 καὶ
3510 5247 3648 5298 ἀνοι-

2072 5320 2347 5391 κονόμητα
2373 5322 2695 5393 φθέγγηται.
2729 5326 3033 5396 Εὑλογείτω
3071 5331 3164 5384 καὶ
3209 5331 3284 5403 μὴ
3318 5330 3646 5403 λοιδορείτωο

2072 5415 2324 5483 ψαλλέτω
2380 5417 2473 5471 καὶ
2525 5419 2601 5488 μὴ
2656 5419 3064 5493 βλασφημείτωο
3095 5423 3410 5494 εύφημείτω
3439 5429 3532 5480 καὶ
3573 5429 3652 5499 μὴ

2077 5507 2470 5563 καταλαλείτωσ
2506 5512 2538 5581 ὴ
2569 5513 2743 5584 χεὶρή
2789 5515 3061 5587 προπετὴς
3080 5519 3146 5588 τῇ
3172 5517 3361 5588 μνήμῃ
3393 5518 3657 5583 τοῦΘεοῢ,

2080 5599 2156 5661 ὡς
2186 5598 2372 5654 ἁλύσει
2391 5601 2714 5672 δεσμείσθω.
2763 5604 2861 5660 Διά
2888 5605 3042 5660 τοῦτο
3069 5607 3422 5678 νηστεύομεν,
3440 5613 3524 5664 ὅτι
3559 5612 3662 5666 τὸν

2077 5688 2247 5760 ἀμνὸν
2289 5691 2380 5743 τὸν
2431 5692 2717 5765 ἡμέτερον,
2756 5695 3011 5766 λοιδορίαι
3040 5699 3134 5753 καὶ⁵
3172 5700 3513 5770 ῥαπίσματα,
3549 5705 3666 5775 πρὸ
