3896 6204
169 338 266 392 ις’]

1334 329 1421 383 DE
1452 328 1888 384 PAUPERIDUS
1928 327 2246 382 AMANDIS.

3297 335 3397 391 458

169 453 265 504 τῶν
306 450 482 519 ἥλων,
504 446 858 517 καθύϐρισαν.
878 445 968 515 Μὴ
995 445 1173 499 τοίνυν
1196 446 1284 498 τὸν
1317 447 1604 500 Ἰουδαϊκὸν
1622 447 1742 516 τρό-

1853 443 1956 498 Has
1985 444 2127 498 enim
2179 444 2249 496 oh
2307 455 2502 495 causas
2551 443 2891 512 jejunatnus,
2929 445 3184 512 quoniam
3218 445 3397 516 Agnus

157 559 262 596 πον
284 540 639 612 ζηλώσωμεν,
664 539 713 590 ot
746 536 842 590 τοῦ
866 535 1101 608 Χριστοῦ
1126 535 1385 607 μαθηταί.

246 801 377 856 Ἐὰν
437 799 544 870 γὰρ
597 800 770 862 οὕτως
815 793 965 868 ὦμεν
1008 797 1371 868 διακείμενοι,
1411 797 1552 864 λέξει
1609 800 1741 867 ἡμῖν

155 894 403 956 Ἰισαΐας
435 908 448 919 ·
482 894 605 946 Ἵνα
626 892 682 944 τί
701 893 788 957 είς
814 892 1042 959 κρίσεις
1061 892 1161 945 καί
1174 890 1373 959 μάχας
1396 891 1738 958 νηστεύετε,

1847 539 2036 586 noster
2067 531 2386 600 priusquam
2430 530 2598 585 clavis
2650 531 2952 601 alligeretur
2999 534 3171 596 cruci,
3211 545 3398 588 contu-

1843 621 2020 676 meliis
2049 619 2292 685 affectus,
2326 628 2379 675 et
2405 621 2577 690 alapis
2611 637 2784 676 caesus
2815 632 2917 678 est.
2984 624 3160 680 Mores
3211 625 3399 679 Judai-

1843 727 1937 767 cos
1960 728 2066 765 non
2104 712 2401 773 imitemur,
2433 727 2533 766 nos
2557 712 2757 768 Christi
2792 713 3067 782 discipuli.

1913 804 2129 870 Alioqui
2160 803 2204 855 si
2237 817 2300 855 eo
2332 810 2489 870 pacto
2527 802 2790 857 fuerimus
2824 803 3024 866 affecti,
3063 803 3243 859 verbis
3293 805 3400 862 illis

1847 907 1947 948 nos
1992 893 2160 947 Isaias
2196 893 2531 962 increpabit:
2586 893 2694 947 Cur
2722 895 2788 947 ad
2831 895 2946 950 lites
2977 905 3024 948 et
3055 899 3403 952 contentiones

149 985 264 1038 καὶ
312 984 565 1034 τύπτετε
623 979 883 1049 πυγμαῖς
916 981 1232 1044 ταπεινόν;
1257 981 1416 1051 Παρὰ
1453 980 1548 1033 τοῦ
1577 979 1740 1034 αὐτοῦ

1853 982 2114 1050 iejunatis,
2159 991 2205 1034 et
2231 983 2417 1051 pugnis
2468 998 2742 1050 pauperem
2775 986 3090 1053 percutitis?
3142 985 3298 1041 Disce
3337 989 3404 1042 ab

153 1077 445 1145 προφήτου
490 1071 772 1142 διδάχθητι
816 1071 886 1124 τὰ
911 1072 1010 1142 τῆς
1034 1071 1220 1124 ἀδόλου
1244 1072 1337 1124 καὶ
1375 1071 1620 1142 καθαρᾶς
1651 1091 1743 1142 νη-

156 1167 351 1228 στείας
392 1167 772 1236 ἐνεργήματα·
821 1165 940 1218 Λύε
999 1163 1195 1218 πάντα
1233 1164 1582 1234 σύνδεσμον
1619 1165 1744 1219 ἀδι-

156 1261 323 1324 κίαςο
349 1258 562 1311 Διάλυε
602 1256 1008 1325 στραγγαλιὰς
1049 1256 1267 1320 βιαίων
1316 1256 1744 1325 συναλλαγμά-

158 1369 304 1404 των.
352 1350 678 1416 Διὰθρυςιτε
733 1347 1006 1400 πεινῶντι
1061 1348 1169 1400 τὸν
1224 1347 1404 1414 ἄρτον
1460 1362 1599 1410 σου,
1645 1346 1743 1400 καὶ

157 1442 442 1508 πτωχοὺς
486 1441 784 1507 ἀστέγους
827 1437 1106 1508 εἰσάγαγε
1133 1440 1223 1504 εις
1259 1439 1367 1492 τὸν
1402 1436 1568 1492 οἶκόν
1603 1453 1740 1490 σου.

159 1533 376 1600 Πολλὴν
399 1533 454 1584 δὲ
486 1534 617 1602 ἡμῖν
658 1529 920 1598 ἀφθονίαν
948 1530 1054 1582 τῶν
1087 1529 1309 1600 γυμνῶν
1339 1530 1558 1582 καὶτῶν
1587 1527 1744 1582 ἀστέ-

158 1640 299 1690 γων,
333 1623 362 1674 6
405 1619 500 1672 νῦν
525 1621 724 1688 ἡνεγκε
761 1619 971 1688 χρόνος.
1007 1618 1214 1689 Πλῆθος
1251 1619 1359 1688 γὰρ
1385 1617 1744 1690 αἰχμαλώτων

167 1713 307 1785 πρὸς
338 1716 460 1775 ταῖς
497 1711 683 1781 θύραις
726 1711 982 1768 ἑκάστου.

241 1847 363 1901 Καὶ
407 1849 438 1899 6
485 1845 626 1909 ξένος
667 1845 760 1898 καὶ
798 1845 1138 1916 μετανάστης
1165 1844 1224 1898 οὐ
1266 1844 1476 1898 λείπει·
1523 1844 1617 1898 καὶ
1645 1845 1742 1914 τὴν

169 1937 450 2008 ζητοῦσαν
495 1937 667 2006 χεῖρα,
716 1933 991 2006 πανταχοῦ
1039 1935 1338 2006 τεταμένην
1383 1935 1529 1988 ἐστιν
1594 1935 1739 1988 ἰδεῖν.

169 2026 398 2088 Τούτοις
435 2020 580 2088 οῐκος
633 2024 733 2095 μὲν
787 2023 1051 2097 ὕπαιθρος
1085 2026 1114 2078 6
1143 2026 1272 2097 ἀήρ.
1325 2024 1652 2093 Καταγώγια
1687 2024 1743 2076 δὲ

173 2117 349 2179 στοαὶ,
382 2115 477 2168 καὶ
498 2114 737 2184 ἄμφοδα,
781 2116 874 2168 καὶ
930 2114 999 2166 τὰ
1034 2115 1135 2184 τῆς
1168 2117 1372 2186 ἀγορᾶς
1411 2115 1739 2185 ἐρημότερα.

165 2207 330 2260 Κατὰ
369 2204 426 2258 δὲ
483 2206 611 2267 τοὺς
654 2205 1054 2274 νυκτικόρακας
1101 2205 1320 2267 καὶτὰς
1351 2204 1594 2273 γλαῦκας
1625 2207 1745 2267 ταῖς

160 2299 324 2361 ὀπαῖς
347 2296 781 2366 ἑμφωλεύουσιν.
815 2296 1006 2368 Ἐσθὴς
1037 2298 1219 2360 αὐτοῖς
1249 2299 1318 2350 τὰ
1357 2312 1745 2367 περικεκεντη-

168 2390 303 2458 μένα
330 2390 524 2458 ῥάκια·
546 2386 807 2456 γεωργία,
829 2387 938 2440 τῶν
954 2386 1243 2440 ἐλεούντων
1266 2386 1528 2458 ἡγνώμησ
1546 2387 1742 2458 τροφὴ,

165 2482 216 2533 εἴ
238 2498 286 2533 τι
318 2482 387 2534 ἂν
414 2481 485 2532 ἐκ
514 2478 610 2532 τοῦ
639 2479 1030 2548 προστυχόντος
1056 2477 1300 2550 ἐμπέσῃ·
1332 2479 1513 2544 ποτὸν,
1535 2478 1609 2540 ὡς
1633 2481 1746 2541 τοῖς

167 2573 382 2639 ἀλόγοις
403 2573 461 2624 αἱ
495 2572 720 2641 κρῆναι·
750 2572 1027 2640 ποτήριον,
1052 2569 1160 2622 τῶν
1186 2570 1382 2640 χειρῶν
1401 2573 1434 2640 ἡ
1462 2569 1708 2640 κοιλότης
1727 2585 1742 2601 ³

167 2668 432 2734 ταμιεῖον.
466 2667 496 2717 6
524 2664 741 2728 κόλπος,
777 2662 872 2715 καὶ
908 2654 1060 2724 οὗτος
1099 2661 1164 2715 ἂν
1199 2661 1272 2732 μὴ
1314 2662 1648 2733 διερῤυηκὼς
1685 2658 1741 2734 ᾖ,

167 2759 297 2812 ἀλλὰ
333 2757 548 2822 στέγων
576 2756 645 2810 τὰ
682 2754 1075 2825 ὲμόαλλόμεναο
1132 2754 1459 2826 τράπεζα,ή
1513 2756 1619 2808 τῶν
1656 2774 1744 2825 γοη

165 2852 336 2903 vcith
367 2848 672 2918 συνέρεισις
697 2863 710 2876 '
749 2845 924 2915 κλίνη,
982 2845 1042 2898 τὸ
1079 2845 1270 2914 ἔδαφος
1292 2863 1305 2877 ο
1354 2845 1595 2918 λουτρὸν,
1655 2864 1746 2899 πο-

168 2944 332 3010 ταμὸς
360 2943 396 3011 η
427 2941 614 3009 λίμνη,
640 2939 713 2991 ὂό
738 2939 868 3002 Θεὸς
893 2937 1068 2991 κοινὸν
1097 2939 1229 2990 πᾶσι
1255 2938 1349 2991 καὶ
1371 2939 1743 2992 ἀκατάσκευον

169 3034 384 3086 ἱδωκεν.
448 3031 728 3102 Ἀλητικὺς
790 3031 969 3092 αὐτοῖς
1025 3031 1054 3080 6
1107 3029 1217 3098 βίος
1259 3033 1352 3083 καὶ
1400 3032 1619 3102 ἄγριος,
1682 3032 1742 3083 οὐ

1843 1073 2030 1127 eodem
2051 1074 2310 1142 propheta
2335 1074 2534 1128 sinceri
2558 1076 2786 1144 purique
2807 1076 3001 1145 jejunii
3024 1092 3187 1146 opera
3212 1097 3224 1132 :
3253 1077 3404 1133 Solve

1846 1179 2048 1217 omnem
2081 1179 2270 1217 nexum
2309 1166 2624 1234 iniquitatis.
2653 1165 2889 1220 Dissolve
2921 1166 3260 1235 obligationes
3298 1171 3406 1222 rio-

1846 1255 2100 1309 lentorum
2121 1264 2500 1307 conti-actuum.
2514 1254 2721 1325 Frange
2747 1256 2998 1309 esurienti
3017 1273 3202 1324 panem
3223 1267 3365 1309 tuum
3387 1276 3406 1321 ;

1844 1357 1891 1399 et
1917 1363 2098 1416 egenos
2128 1347 2238 1399 sine
2269 1356 2397 1400 tecto
2431 1347 2587 1399 induc
2616 1347 2669 1399 in
2691 1347 2904 1400 domum
2944 1358 3112 1400 tuam.
3141 1349 3218 1416 (ιι)
3251 1349 3404 1418 [Cum

1845 1437 2034 1489 videris
2071 1436 2290 1499 nudum,
2325 1437 2469 1503 operi
2512 1451 2649 1498 eum,
2693 1445 2741 1489 et
2774 1452 2985 1489 carnem
3028 1446 3170 1489 tuam
3212 1452 3273 1489 ne
3313 1436 3405 1489 de-

1846 1527 2097 1596 spexerisl
2135 1526 2173 1576 ¹.
2210 1523 2429 1578 Multam
2480 1525 2636 1579 nobis
2669 1526 2769 1578 hoc
2803 1534 3016 1596 tempus
3049 1526 3204 1580 atl‘ert
3236 1527 3406 1580 nudo-

1848 1629 1965 1668 rum
2017 1630 2388 1685 vagorumque
2439 1616 2672 1683 copiam.
2725 1615 2917 1685 Magna
2961 1617 3105 1670 enim
3139 1617 3407 1686 cujusque

1849 1705 1992 1760 fores
2031 1704 2335 1776 frequentat
2366 1705 2700 1774 captivorum
2747 1706 3054 1761 multitudo.

1916 1837 2170 1909 Hospites
2201 1839 2524 1908 exsulesque
2584 1855 2691 1894 non
2747 1840 2964 1896 desunt.
3024 1839 3236 1911 Ubique
3285 1841 3412 1898 licet

1845 1939 2135 1995 protensas
2157 1945 2314 2000 opem
2350 1931 2753 1999 implorantium
2789 1947 2982 1987 manus
3013 1933 3277 2002 aspicere.
3315 1931 3412 1988 llis

1847 2037 1939 2077 aer
1968 2022 2072 2078 sub
2117 2021 2208 2077 dio
2263 2031 2467 2076 tectum
2499 2023 2718 2092 prmhet.
2756 2022 3007 2078 Porticus
3036 2033 3089 2079 et
3123 2025 3288 2090 bivia,
3357 2033 3412 2080 et

1846 2122 2029 2182 partes
2058 2112 2159 2166 fori
2185 2113 2358 2180 magis
2383 2112 2610 2167 desertae
2647 2120 2776 2168 sunt
2804 2113 3064 2183 hospitia.
3095 2113 3411 2185 Nycticora-

1847 2219 1970 2259 cum
2003 2214 2056 2259 et
2086 2211 2408 2258 noctuarum
2436 2219 2587 2260 more
2617 2204 2671 2258 in
2699 2206 2949 2260 cavernis
2982 2207 3220 2260 latitant.
3268 2207 3411 2260 Pan—

1847 2295 2021 2363 nosis,
2072 2295 2276 2349 attritis
2321 2302 2375 2348 et
2435 2295 2690 2349 laceratis
2743 2303 2999 2365 teguntur
3054 2297 3407 2350 indumentis.

1853 2386 2214 2456 Agriculturae
2263 2383 2474 2441 fructus
2527 2396 2611 2439 est
2672 2385 2778 2440 illis
2835 2386 3208 2440 miserantium
3244 2387 3409 2440 animi

1848 2477 2170 2548 benignitas.
2201 2476 2390 2540 Cibus,
2425 2476 2471 2530 si
2523 2476 2653 2545 quid
2684 2476 2752 2530 ah
2803 2475 3092 2530 accedente
3153 2476 3409 2546 quopiam

1847 2568 2296 2638 impetraverint;
2321 2566 2471 2636 potio
2499 2565 2710 2627 eadem,
2740 2581 2862 2635 qua:
2902 2567 3130 2621 rationis
3176 2569 3411 2636 experti-

1847 2660 1949 2715 bus
1975 2657 2364 2719 animantibus,
2397 2657 2650 2710 nimirum
2684 2655 2881 2711 fontes.
2919 2656 3119 2711 Pocula
3152 2672 3408 2711 manuum

1847 2751 1998 2804 volze.
2061 2748 2230 2812 Penu,
2281 2749 2436 2803 sinus
2497 2748 2634 2816 ipse,
2694 2747 2804 2801 nisi
2848 2748 3007 2816 plane
3044 2747 3272 2814 dillluat,
3316 2748 3409 2804 sed

1846 2843 2019 2911 possit
2052 2855 2114 2895 ea
2144 2855 2263 2909 quae
2289 2838 2608 2907 injiciuntur
2637 2837 2868 2906 operire.
2894 2837 3099 2902 Mensa,
3130 2848 3412 2896 contracta

1844 2947 2060 3002 genua;
2118 2931 2367 2995 lectulus,
2416 2929 2628 2993 solum;
2663 2929 2934 2992 balneum,
2983 2930 3034 2983 id
3086 2932 3230 3000 quod
3267 2931 3409 2988 Deus

1846 3017 2098 3072 omnibus
2135 3031 2424 3072 commune
2473 3029 2524 3071 et
2573 3019 2691 3072 sine
2731 3017 2997 3076 industria
3039 3029 3408 3076 constructum

168 3124 403 3184 τοιοῦτος
431 3121 510 3173 ῶν
538 3120 597 3185 ἐξ
625 3121 820 3191 ἀρχῆς,
839 3121 953 3176 ἀλλ’
979 3122 1040 3172 ὲκ
1067 3120 1163 3190 τῆς
1193 3123 1474 3192 συμφορᾶς
1522 3122 1614 3174 καὶ
1644 3121 1742 3190 τῆς

1853 3108 2013 3170 dedit,
2043 3107 2239 3162 flumen
2271 3116 2362 3161 aut
2395 3109 2574 3177 palus.
2600 3107 2799 3178 Vagam
2833 3119 2886 3162 et
2923 3118 3191 3180 agrestem
3222 3113 3410 3166 tradu-

170 3216 412 3283 ἀναγκης
447 3213 760 3282 γενόμενος.

239 3386 481 3447 Τούτοις,
525 3387 552 3438 ὀ
583 3385 900 3456 νηστευτὴς,
945 3385 1271 3457 ὑπάρκεσον.
1297 3387 1426 3457 Περὶ
1450 3388 1574 3449 τοὺς
1617 3388 1743 3439 ἀτυ-

163 3474 396 3543 χοῦντας
422 3473 532 3526 τῶν
570 3472 836 3542 ἀδελφῶν,
869 3473 1024 3542 γενοῦ
1075 3475 1371 3545 φιλότιμος.
1412 3477 1475 3528 Ὃ
1496 3480 1593 3544 τῆς
1644 3477 1742 3546 σῆς

165 3564 389 3632 ὑφεῖλες
410 3564 657 3634 γαστρὸς,
674 3564 752 3633 τῷ
784 3565 1034 3618 πεινῶντι
1064 3565 1316 3636 πρόσθες.
1336 3566 1575 3620 Γενέσθω
1594 3568 1622 3620 6
1651 3568 1740 3620 τοῦ

161 3654 304 3706 Θεοῦ
334 3655 496 3723 φόϐος
526 3655 732 3718 δίκαιος
761 3655 1056 3719 ὲξισωθείς.
1077 3656 1421 3728 θεράπευσον
1455 3658 1744 3728 ἐγκρατείᾳ

166 3745 407 3814 σώςρονι
426 3745 520 3796 δύο
539 3745 682 3814 πάθη
706 3745 922 3799 ἐναντία
941 3745 1187 3816 ἀλλήλοις
1204 3762 1218 3776 ⁸
1235 3747 1325 3800 τὸν
1350 3748 1437 3800 σὸν
1454 3748 1631 3818 κόρον,
1649 3749 1743 3802 καὶ

159 3837 257 3888 τοῦ
281 3835 520 3903 ἀδελφοῦ
549 3834 635 3886 τὸν
660 3835 832 3906 λιμόν.
855 3837 1010 3890 Οῦτω
1037 3836 1145 3907 γὰρ
1175 3837 1383 3891 ποιοῦσι
1417 3839 1508 3892 καὶ
1550 3839 1736 3909 ἰατροί·

159 3929 288 3991 τοὺς
338 3930 446 3998 μὲν
479 3926 727 3980 κενοῦσι·
757 3930 881 3991 τοὺς
942 3929 997 3982 δὲ
1024 3929 1310 4000 πληροῦσι,
1358 3930 1444 3982 ἵνα
1477 3933 1542 4001 τῇ
1576 3949 1743 4001 προσ·

160 4020 304 4089 θήκῃ
330 4022 434 4073 καὶ
464 4019 741 4087 ῦφαιρέσει
760 4022 792 4090 ἡ
809 4021 936 4091 περὶ
960 4020 1189 4074 ἕκαστον
1215 4021 1540 4092 οἰκονομηθῇ
1565 4023 1736 4090 ὑγεία.

161 4111 436 4179 Πείσθητε
489 4109 627 4179 καλῇ
683 4111 1017 4183 παραινέσει.
1083 4111 1368 4175 Ἀνοιξάτω
1394 4113 1422 4164 ό
1454 4111 1606 4180 λόγος
1633 4113 1742 4166 τῶν

158 4203 551 4271 εὐποῳύντων
601 4201 696 4264 τὰς
729 4200 916 4273 θύρας.
968 4202 1247 4270 Εἰσαγὲτω
1280 4205 1312 4272 ὴ
1345 4203 1618 4274 συμϐουλὴ
1650 4204 1740 4256 τὸν

155 4290 372 4360 πένητα
415 4289 555 4361 πρὸς
614 4291 705 4342 τὸν
745 4292 954 4360 ἔχοντα.
1003 4293 1120 4345 Μία
1149 4293 1206 4344 δὲ
1244 4293 1386 4357 λέξις
1431 4293 1504 4363 μὴ
1537 4294 1741 4346 πλουτι-

156 4382 312 4434 sitm
365 4384 492 4443 τοὺς
563 4382 861 4446 στένοντας.
906 4383 1052 4436 Δότω
1093 4386 1272 4448 αὐτοῖς
1304 4385 1395 4438 καὶ
1427 4385 1622 4449 οὶκίαν,
1648 4387 1741 4440 καὶ

1851 3208 1980 3253 cunt
1995 3199 2181 3260 vitam,
2203 3213 2309 3252 non
2329 3199 2471 3266 quod
2495 3198 2648 3252 initio
2669 3199 2749 3254 sic
2774 3200 3131 3264 instituerint,
3155 3202 3248 3256 sed
3267 3205 3411 3272 quod

1851 3291 1918 3344 ad
1949 3305 2067 3344 eam
2099 3290 2498 3344 calamitatibus
2531 3298 2585 3344 et
2622 3291 2947 3346 necessitate
2976 3294 3240 3362 compulsi
3283 3296 3411 3348 sint.

1920 3382 2016 3435 His
2050 3381 2355 3434 necessaria
2397 3380 2563 3434 victui
2594 3381 2878 3452 suppedita
2916 3389 2994 3447 tu,
3039 3385 3130 3452 qui
3173 3384 3411 3453 jejunas.

1849 3470 1987 3540 Erga
2012 3469 2206 3524 fratres
2224 3470 2570 3525 calamitosos
2600 3472 2864 3542 benignus
2891 3483 3028 3528 esto.
3058 3473 3211 3539 Quod
3238 3479 3409 3529 ventri

1851 3561 2147 3625 subtrahis,
2180 3561 2358 3618 tribue
2395 3561 2678 3617 esurienti.
2721 3564 2974 3633 Exmquet
3009 3567 3188 3619 omnia
3227 3566 3408 3634 justus

1853 3651 1944 3706 Dei
1964 3652 2145 3705 timor.
2166 3651 2310 3705 Duas
2337 3651 2476 3707 inter
2503 3668 2563 3708 se
2579 3654 2882 3708 contrarias
2906 3654 3240 3720 affectiones,
3266 3666 3410 3711 tuam

1848 3743 2098 3798 videlicet
2129 3743 2451 3807 satietatem,
2478 3752 2531 3798 et
2558 3743 2741 3800 fratris
2774 3743 2993 3810 famem,
3023 3748 3264 3804 modesta
3289 3766 3415 3805 cou-

1850 3835 2075 3890 tinentia
2105 3845 2345 3903 tempera
2370 3842 2532 3904 atque
2561 3837 2864 3893 moderare.
2901 3837 2992 3893 Sic
3019 3841 3162 3895 enim
3205 3842 3413 3896 faciunt

1849 3934 1902 3979 et
1927 3927 2154 3981 medici:
2183 3926 2319 3982 alios
2341 3928 2685 3992 exinaniunt,
2719 3929 2856 3984 alios
2886 3931 3118 4000 replent,
3145 3941 3203 3986 ut
3230 3948 3414 3989 acces-

1850 4017 2002 4071 sione
2032 4016 2459 4087 decessioneque
2489 4018 2918 4089 uniuscujusque
2951 4023 3158 4078 sanitas
3191 4038 3412 4078 conser-

1850 4115 2026 4162 vetur.
2058 4105 2310 4162 Honesta:
2354 4109 2709 4163 admonitioni
2759 4111 3144 4179 obtemperate.
3193 4113 3412 4183 Aperiat

1853 4199 1990 4252 ratio
2020 4199 2352 4267 pauperibus
2389 4199 2614 4252 divitum
2648 4198 2816 4254 fores.
2843 4199 3140 4254 Consilium
3167 4203 3313 4273 in0pi
3343 4205 3410 4258 ad

1852 4290 2170 4358 locupletem
2195 4289 2399 4342 aditum
2430 4287 2612 4342 faciat.
2645 4287 2874 4358 Egentes
2901 4306 2968 4346 ne
2998 4292 3286 4362 locupletet
3312 4295 3413 4348 hu~

1852 4394 2010 4433 mana
2045 4379 2412 4445 ratiocinatio,
2455 4379 2549 4433 sed
2607 4379 2714 4434 illis
2743 4388 2798 4434 et
2822 4382 3043 4436 domum
3076 4391 3130 4438 et
3187 4385 3407 4447 lectum,

148 4474 371 4542 κλίνην,
395 4474 492 4524 καὶ
518 4472 796 4542 τράπεζαν
825 4475 852 4525 6
875 4474 966 4526 τοῦ
993 4475 1127 4528 Θεοῦ
1159 4475 1313 4544 λόγος
1344 4477 1372 4527 6
1399 4476 1742 4547 πρωιώνιος.

1853 4480 1902 4525 ει
1936 4487 2178 4526 mensam
2203 4472 2404 4526 tribuat
2445 4471 2536 4526 Dei
2567 4473 2790 4526 verbum
2827 4475 3243 4545 sempiternum.
3280 4477 3410 4532 Dulo

144 4566 253 4616 Διά
307 4565 475 4629 λόγου
529 4563 801 4616 οἰκετικοῦ
831 4564 1144 4636 γεώργησον
1169 4566 1236 4619 τὰ
1269 4566 1402 4637 πρὸς
1428 4566 1526 4638 τὴν
1559 4567 1746 4638 χρείαν

139 4657 266 4716 τοῖς
309 4658 423 4716 τοῖς
453 4656 719 4722 κτήμασι.
756 4656 897 4726 Πρὸς
929 4655 1149 4719 τούτους
1177 4656 1322 4709 ἄλλοι
1358 4659 1562 4726 πτωχοὶ
1590 4657 1748 4710 ἀσθε-

1847 4563 1898 4616 ci
1933 4570 1988 4616 et
2023 4562 2257 4616 humana
2281 4563 2528 4618 oratione
2561 4564 2678 4618 usui
2705 4567 3011 4621 necessaria
3050 4582 3116 4621 ex
3173 4569 3281 4624 tuis
3332 4569 3411 4622 fa-

1847 4653 2141 4709 cultatibus
2169 4653 2543 4710 subministra.
2590 4655 2747 4726 Apud
2778 4666 2830 4712 te
2877 4658 3168 4713 multitudo
3207 4675 3410 4730 paupe-

141 4745 384 4804 -.οὖντες
439 4747 533 4797 καὶ
585 4746 986 4816 κατακείμενοι.
1016 4748 1280 4812 Ἕκαστος
1308 4748 1742 4820 περιεργαζέσθω

1853 4760 1966 4800 rum
2005 4755 2167 4816 atque
2216 4747 2589 4817 languentium
2633 4749 2734 4803 sibi
2783 4749 3090 4820 profugiam
3149 4752 3407 4805 inveniat.

137 4839 280 4897 τοὺς
325 4838 597 4900 γείτονας.
639 4836 728 4907 Μὴ
785 4838 931 4906 ἀφῇς
977 4839 1106 4908 παρ’
1133 4837 1290 4891 ἄλλου
1348 4838 1742 4913 θεραπευθῆναι

1853 4834 2090 4905 Quisque
2110 4837 2396 4907 diligenter
2419 4839 2723 4893 vicinorum
2746 4854 2932 4892 curam
2961 4847 3132 4908 gerat.
3159 4837 3408 4894 Studium

137 4929 233 4978 τόν
267 4926 451 4992 ἐγγύς
493 4943 607 4978 σου.
643 4927 734 4997 Μὴ
762 4927 903 5000 λάϐῃ
931 4928 1087 4992 ἄλλος
1119 4929 1209 4981 τὸν
1239 4928 1508 5000 θησαυρὸν
1540 4931 1630 4982 τὸν
1658 4930 1739 4982 σοὶ

143 5019 596 5090 παρακείμενον.

209 5190 576 5264 Περξπτυξαι
618 5193 705 5244 τὸν
735 5194 1071 5263 κακούμενον
1112 5194 1188 5256 ὼς
1221 5195 1436 5265 χρυσόν.
1482 5194 1743 5263 Ἐναγκά·

157 5281 281 5336 tu:
345 5281 456 5335 τὸν
504 5285 880 5353 κεκακωμένον
906 5284 980 5347 ὠς
1006 5283 1104 5353 σὴν
1134 5283 1341 5351 ὑγείαν,
1372 5285 1446 5348 ὡς
1471 5286 1742 5356 σωτηρίαν

159 5374 440 5439 γδοαιὸς,
495 5372 716 5439 τέκνων,
770 5373 1024 5440 οἰκετῶν,
1062 5375 1156 5427 καὶ
1196 5375 1375 5443 πάσης
1407 5376 1505 5443 τῆς
1547 5376 1738 5439 οἰκίας.

231 5553 246 5582 ⁸
269 5555 376 5611 ιω.
408 5567 571 5614 um,
601 5554 652 5614 ι,
684 5553 802 5606 6-7.

227 5691 506 5760 (etiincis
546 5689 751 5742 inclusa
776 5690 969 5743 desunt
996 5690 1048 5743 in
1071 5688 1256 5746 Graeco
1287 5698 1458 5746 textu.

490 5782 759 5840 Pn'nOL.
802 5783 915 5840 (in.
959 5783 1002 5840 Χ
1020 5783 1172 5844 LVI.

1847 4928 2192 4996 promerendi
2227 4929 2295 4983 de
2342 4929 2660 4998 propinquis
2694 4929 2786 4982 tibi
2827 4930 2896 4982 ab
2939 4929 3046 4982 alio
3093 4931 3304 4999 praeripi
3346 4947 3413 4984 ue

1847 5018 2147 5084 permittas.
2178 5015 2342 5080 Cave,
2381 5032 2450 5072 ne
2479 5018 2656 5087 capiat
2685 5017 2824 5073 alius
2855 5017 3166 5073 thesaurum
3207 5020 3416 5089 reposi-

1846 5113 1961 5160 tum
1994 5106 2112 5159 tibi.

1917 5197 2237 5252 Calamitate
2264 5195 2513 5252 affectum
2551 5208 2609 5252 ut
2633 5213 2827 5253 aurum
2883 5199 3264 5268 complectere.
3323 5197 3409 5252 ln-

1852 5287 2058 5342 firmam
2090 5288 2347 5358 pauperis
2377 5289 2740 5344 valetudinem
2775 5292 2848 5343 ita
2895 5290 3033 5354 fove,
3070 5299 3128 5344 ut
3154 5290 3204 5342 in
3241 5303 3302 5343 ea
3358 5296 3411 5342 et

1852 5377 2136 5432 sanitatem
2190 5387 2356 5442 luam,
2413 5387 2466 5431 et
2527 5378 2995 5445 salutcmuxoris,
3038 5387 3092 5434 et
3154 5376 3410 5444 ﬁliorum,

3013 5777 3080 5836 l5
