3896 6204
450 339 552 402 659

1656 325 1713 383 S.
1756 324 2081 383 GREGORJI
2130 323 2421 381 NYSSENI

3572 328 3686 385 460

444 463 751 512 servorum,
785 453 837 502 et
875 444 1043 499 totius
1086 441 1322 511 denique
1350 437 1566 496 familia:
1613 441 1847 510 positam
1903 456 2004 509 pu-

2115 440 2174 494 ’O
2216 440 2382 512 πένης
2442 438 2536 493 καὶ
2599 438 2875 510 ἄρρωστος
2918 438 3136 503 διπλοῦς
3179 438 3295 492 ἐστι
3349 440 3573 511 πτωχός.
3615 446 3683 497 οι

448 554 551 598 tes.
584 539 717 593 Nam
757 552 881 592 cum
914 549 1102 590 omnes
1135 546 1401 603 pauperes
1431 528 1647 585 fovendi
1693 529 2010 600 adjuvandi-

446 646 551 701 que
587 635 737 691 sunt,
771 635 885 679 tum
933 623 1013 676 illi
1071 621 1164 692 qui
1226 624 1492 691 aegrotant
1542 618 1817 689 praecipue
1881 625 2010 673 sunt

446 716 859 790 complcctendi.
893 714 996 782 Qui
1028 713 1175 769 enim
1199 726 1362 782 egens
1389 717 1444 766 et
1492 724 1633 781 aeger
1660 718 1765 774 est,
1807 709 2009 781 duplici

444 811 659 866 laborat
693 811 1031 878 paupertate.
1066 802 1260 872 Inopes
1303 800 1469 864 enim,
1516 801 1611 869 qui
1641 800 1834 854 valenti
1882 807 2010 856 sunt

445 915 694 973 corpore,
722 913 790 954 ex
823 897 926 950 hoc
956 894 1023 949 ad
1067 887 1199 947 illud
1253 889 1454 945 ostium
1506 886 1855 952 accedentes,
1913 886 2007 956 qui

445 991 652 1064 aliquid
673 992 824 1055 dent,
848 983 1145 1057 aliquando
1167 981 1386 1037 tandem
1410 979 1717 1036 inveniunt.
1738 978 2007 1034 Praeterea

445 1087 636 1142 sedent
668 1085 724 1139 in
761 1079 956 1146 triviis,
991 1085 1046 1132 et
1072 1079 1462 1145 praetereuntes
1509 1084 1699 1126 omnes
1750 1070 2008 1140 interpel-

2118 532 2214 602 μὲν
2269 533 2375 603 γάρ
2428 531 2756 601 ὑγιαίνοντες
2804 532 2996 602 ἄποροι
3024 571 3038 595 ,
3080 530 3175 584 καὶ
3211 530 3381 603 θύραν
3415 534 3478 586 ὲκ
3511 533 3682 606 θύρας

2114 622 2422 693 ἀμείϐουσι,
2455 623 2548 676 καὶ
2569 621 2840 693 βαδίζουσι
2864 622 2998 693 πρὸς
3014 624 3138 685 τοὺς
3163 623 3403 694 ἔχοντας.
3430 626 3540 678 Καὶ
3566 629 3683 690 ταῖς

2114 712 2346 785 τριόδοις
2386 713 2799 785 ὲπικαθήμενοι,
2845 713 3052 777 πάντας
3083 713 3411 768 ἀνακαλοῦσι
3451 717 3580 780 τοὺς
3606 716 3683 772 δι-

2114 803 2412 869 οδεύοντας.
2441 806 2504 859 Οί
2523 804 2580 858 δὲ
2599 804 2745 877 παρὰ
2773 804 2870 875 τῆς
2897 803 3051 858 νόσον
3075 804 3456 876 πεπεδημένοι,
3486 807 3686 877 ἐγκαθ-

2112 892 2387 964 ειργμένοι
2422 895 2539 958 τοῖς
2591 895 2793 958 στενοῖς
2826 892 3164 965 καταλύμασι
3197 895 3292 949 καὶ
3318 898 3435 959 ταῖς
3472 900 3682 962 στεναῖς

2112 983 2354 1050 γωνίαις,
2389 983 2461 1048 ὡς
2503 986 2532 1038 6
2579 985 2776 1055 Δανιὴλ
2819 985 2898 1055 τῷ
2925 983 3131 1055 λάκκῳ,
3162 986 3222 1038 σὲ
3250 985 3341 1039 τὸν
3361 986 3563 1060 εὐλαϐῆ
3592 991 3684 1044 καὶ

2114 1072 2451 1145 φιλόπτωχον
2479 1074 2555 1139 ὡς
2578 1075 2666 1129 τὸν
2706 1076 2759 1128 ‘A
2771 1074 3024 1145 μϐακοὺμ
3046 1076 3396 1147 ἀναμένουσι.

446 1176 576 1239 lunt,
618 1189 774 1244 opem
815 1170 1189 1240 implorantes.
1219 1164 1289 1217 At
1322 1163 1402 1218 illi
1438 1176 1727 1232 pauperes,
1776 1163 1868 1231 qui
1900 1162 2129 1220 adversa
2169 1167 2381 1235 praediti
2441 1169 2770 1232 valetudine,
2818 1178 3157 1239 angustoque
3199 1168 3512 1239 hospitiolo.
3577 1172 3684 1225 imo

444 1283 573 1325 vero
598 1266 847 1338 angustis
901 1259 1181 1332 hospitioli
1222 1257 1437 1328 angulis
1473 1256 1719 1311 conclusi
1752 1263 1901 1321 sunt,
1953 1257 2031 1311 uti
2069 1257 2257 1316 Daniel
2290 1261 2345 1317 in
2383 1262 2528 1329 lacu,
2570 1270 2625 1317 te
2672 1261 2967 1332 benignum
3014 1270 3069 1316 et
3130 1276 3426 1333 pauperum
3483 1265 3683 1319 studio-

442 1372 564 1412 sum
599 1362 762 1424 atque
818 1357 1113 1411 amantem,
1180 1354 1443 1415 tanquam
1503 1343 1760 1399 ﬂabacuc
1816 1354 2155 1414 exspectant.

478 1440 873 1509 Quamobrem
909 1452 1006 1507 per
1055 1436 1457 1503 eleemosynam
1503 1432 1780 1501 prOphetae
1830 1433 2016 1490 socius

2181 1437 2343 1493 Γενοῦ
2364 1439 2456 1493 τοῦ
2475 1440 2756 1512 Προφήτου
2772 1440 2838 1494 δι’
2864 1439 3224 1511 ὲλεημοσύνης
3244 1442 3455 1511 ἑταῖρος
3478 1459 3492 1474 ·
3517 1444 3683 1512 ταχὺς

443 1531 697 1597 edicere;
726 1528 979 1584 celeriter
1008 1534 1064 1581 et
1095 1524 1323 1594 impigre
1357 1521 1422 1577 ad
1472 1521 1726 1577 alendum
1768 1531 2005 1592 egentem

2112 1528 2343 1598 τροφεὺς
2391 1530 2486 1587 καὶ
2533 1530 2741 1595 ἀόκνως
2782 1530 2861 1601 τῷ
2907 1530 3146 1600 δεομένῳ
3200 1530 3531 1602 παράστηθι.
3574 1534 3683 1585 Οὐκ

444 1622 661 1677 accede.
696 1618 915 1673 Nullam
970 1616 1142 1670 facies
1200 1614 1255 1666 in
1315 1613 1677 1683 promerendo
1720 1612 2011 1680 iacturam.

2111 1617 2226 1672 ἐστι
2243 1617 2466 1691 ζημίαὴ
2500 1621 2664 1685 δόσις.
2679 1621 2771 1692 Μὴ
2810 1620 3052 1692 φοϐηθῇς
3075 1636 3088 1651 ·
3113 1620 3375 1691 πολύχους
3404 1621 3681 1692 βλαστάνει

447 1713 527 1769 Ne
555 1710 813 1767 verearis.
847 1706 1126 1776 Multiplex
1155 1705 1301 1759 enim
1350 1711 1406 1756 et
1458 1702 1715 1773 copiosus
1771 1704 2005 1775 gignitur

2112 1708 2141 1759 6
2168 1708 2265 1778 τῆς
2288 1709 2656 1781 ὲλεημοσύνης
2684 1710 2912 1781 καρπός.
2945 1712 3172 1782 Σπεϊρον
3203 1711 3395 1775 διδοὺς,
3430 1712 3525 1766 καὶ
3551 1713 3682 1784 πλη-

444 1801 657 1856 fructus
688 1814 752 1854 ex
794 1797 1158 1865 eleemosyna.
1190 1791 1322 1847 Sere
1350 1791 1694 1855 beneficium,
1723 1800 1781 1846 ut
1809 1801 2005 1849 metere

2117 1800 2311 1871 ρὼοεις
2337 1800 2447 1854 τῶν
2470 1801 2689 1870 ἀγαθῶν
2710 1801 3038 1874 δραγμάτων
3062 1803 3160 1872 τὴν
3185 1803 3381 1857 οἰκίαν.

444 1892 626 1963 possis
657 1890 984 1952 fructum,et
1010 1887 1169 1940 bonis
1195 1883 1489 1955 manipulis
1520 1882 1743 1937 domum
1772 1884 2003 1954 replere.

513 2024 585 2077 At
614 2019 828 2077 enimte
848 2029 1070 2087 quoque
1092 2028 1385 2086 pauperem
1424 2011 1595 2068 dices.
1626 2011 1736 2068 Fac
1767 2013 1882 2080 sis;
1934 2024 2010 2070 at-

442 2123 627 2169 tamen
659 2110 809 2166 dato.
878 2106 954 2161 Da
993 2104 1139 2176 quod
1168 2104 1385 2161 habes.
1412 2101 1600 2175 Neque
1648 2103 1793 2159 enim
1845 2119 2008 2174 supra

349 2227 352 2230 ’
444 2207 587 2261 vires
626 2213 750 2256 tuas
776 2197 1075 2270 quidquam
1114 2197 1211 2251 abs
1246 2202 1301 2251 te
1350 2195 1580 2266 requirit
1610 2194 1773 2251 Deus.
1823 2194 1899 2249 Da
1950 2204 2006 2265 tu

443 2312 658 2370 panem,
688 2293 779 2348 ille
809 2290 1064 2361 poculum
1094 2287 1226 2352 vini,
1257 2287 1399 2342 alius
1427 2288 1810 2343 vestimentum
1833 2286 2005 2365 dabit;

442 2362 609 2460 atque
639 2387 713 2441 ita
742 2399 810 2441 ex
844 2381 1139 2438 multorum
1175 2377 1509 2449 benignitate
1534 2377 1697 2432 unius
1721 2362 2007 2433 calamitas

441 2474 835 2534 sublevabitur.
864 2470 943 2529 Ne
973 2470 1151 2527 Moses
1180 2468 1401 2539 quidem
1433 2467 1510 2533 id,
1541 2466 1690 2537 quod
1740 2466 2007 2536 impendit

441 2572 496 2625 in
529 2566 963 2630 tabernaculum,
991 2562 1061 2619 ab
1086 2576 1196 2617 uno
1249 2567 1461 2615 tantum
1514 2558 1738 2613 homine
1771 2558 2003 2628 accepit,

439 2660 536 2718 sed
561 2661 627 2715 ab
654 2659 909 2713 universo
936 2653 1137 2726 populo
1166 2654 1210 2706 ³.
1242 2650 1349 2705 Alii
1377 2649 1524 2707 enim
1555 2662 1775 2716 aurum,
1807 2663 2004 2718 argen-

437 2761 552 2807 tum
575 2749 689 2813 alii,
712 2755 771 2802 ut
803 2744 975 2815 magis
996 2744 1247 2798 minusve
1287 2739 1492 2796 divitiis
1519 2737 1831 2804 abluebant,
1856 2738 2009 2794 obtu-

438 2842 634 2896 lerunt.
670 2839 945 2908 Pauperes
974 2849 1102 2889 vero
1133 2833 1217 2889 vel
1248 2832 1438 2902 pelles,
1474 2831 1557 2886 vel
1591 2829 1757 2885 etiam
1812 2844 2007 2900 capra-

438 2945 562 2985 rum
625 2929 786 3000 pilos,
841 2926 889 2983 si
943 2924 1068 2995 quis
1122 2923 1344 2995 gravius
1403 2920 1588 2992 inopia
1634 2920 2002 2991 premebatur.

441 3020 630 3076 Nonne
655 3018 807 3074 vides
830 3014 1089 3087 pan-peris
1113 3013 1277 3069 etiam
1307 3012 1453 3066 illius
1507 3011 1685 3066 viduae
1735 3012 2008 3081 quadran-

437 3120 544 3167 tem
573 3110 800 3167 divitunt
830 3121 1057 3164 munera
1077 3100 1401 3176 superasse?
1430 3102 1521 3156 illa
1560 3102 1706 3157 enim
1738 3101 2006 3171 quidquid

437 3202 693 3266 habebat,
716 3198 1010 3267 exhausit;
1054 3212 1178 3253 cum
1209 3210 1275 3251 ex
1314 3194 1505 3249 horum
1549 3193 1726 3264 copiis
1774 3193 1860 3248 vix
1908 3210 2008 3265 pu-

2192 2016 2329 2070 ’Δλλ’
2360 2017 2503 2088 έρεῖς
2526 2034 2541 2049 ·
2587 2019 2760 2089 Πένης
2802 2019 2975 2090 κάγώ.
3008 2022 3204 2077 Ἔστω.
3232 2021 3491 2076 Δεδόσθω.
3531 2024 3633 2087 Δὸς
3658 2028 3685 2082 δ

2107 2106 2269 2178 ἔχεις.
2294 2109 2367 2161 Ού
2393 2107 2503 2179 γάρ
2526 2108 2594 2162 τὰ
2614 2109 2754 2179 ὑπὲρ
2785 2109 3012 2182 δύναμιν
3054 2111 3251 2182 ζητεῖό
3288 2112 3441 2177 Θεός.
3475 2115 3554 2167 Σὺ
3586 2116 3687 2185 ἀρ·

2106 2215 2196 2253 τον
2213 2240 2227 2264 ,
2253 2199 2439 2271 ἕτερος
2469 2202 2726 2272 ποτήριον
2751 2200 2917 2266 οἴνου,
2940 2202 3096 2266 ἄλλος
3122 2204 3353 2276 ἱμάτιον,
3390 2207 3487 2259 καὶ
3512 2206 3687 2269 οὕτως

2106 2289 2170 2342 ἐκ
2200 2291 2555 2362 συνεισφορᾶς
2603 2292 2635 2361 ἡ
2697 2290 2791 2346 τοῦ
2823 2292 2940 2357 ένδς
2989 2292 3176 2347 λύεται
3224 2296 3498 2366 συμφορά.
3549 2297 3689 2351 Οὐδὲ

2106 2378 2309 2450 Μωσῆς
2361 2378 2461 2449 τὴν
2513 2378 2755 2449 δαπάνην
2798 2378 2899 2451 τῆς
2949 2381 3152 2452 σκηνῆς
3180 2384 3329 2454 παρὰ
3357 2383 3470 2447 ἑνὸς
3521 2384 3690 2441 ἔλαϐε

2106 2467 2442 2541 λειτουργοῦ,
2474 2468 2609 2523 ἀλλὰ
2627 2469 2721 2523 τοῦ
2743 2470 2807 2542 δή
2818 2488 2920 2542 μου
2949 2474 3168 2538 παντός.
3203 2475 3260 2529 '0
3278 2472 3385 2547 μὲν
3407 2477 3514 2550 γάρ
3549 2497 3689 2551 χρυ-

2108 2559 2198 2615 σδν
2226 2561 2454 2632 ἠνεγκεν
2484 2563 2513 2616 6
2546 2560 2790 2617 πλουτῶν
2819 2563 3030 2636 ἐκείνῳ,
3052 2565 3211 2630 ἄλλος
3239 2568 3498 2640 ἄργυρον,
3527 2573 3557 2624 6
3585 2572 3687 2625 πέ-

2105 2668 2204 2722 νης
2227 2650 2486 2723 δέρματα,
2506 2653 2534 2704 6
2550 2650 2642 2704 τοῦ
2666 2650 2896 2722 πένητος
2918 2654 3239 2725 πενέστερος
3261 2658 3475 2729 τρίχας.
3493 2659 3684 2731 Ὁρᾷς,

2104 2740 2180 2803 ὡς
2204 2740 2297 2793 καὶ
2318 2740 2347 2794 6
2376 2739 2475 2810 τῆς
2498 2741 2672 2811 χήρας
2701 2741 3018 2814 κοδράντης,
3051 2744 3353 2817 ὑπερέϐαλε
3375 2748 3484 2802 τῶν
3513 2749 3687 2803 πλου-

2107 2830 2236 2885 σίων
2279 2830 2345 2884 τά
2392 2831 2749 2903 ἀναθήματα;
2786 2834 2852 2887 Ἠ
2886 2834 2985 2906 μὲν
3039 2836 3148 2909 γάρ
3184 2837 3214 2891 6
3238 2833 3382 2909 εἶχεν
3414 2839 3533 2895 ὅλον
3557 2841 3691 2895 ἐκέ-

2104 2934 2272 2973 νωσε·
2303 2920 2413 2975 τῶν
2435 2922 2514 2984 δὲ,
2546 2922 2723 2992 ὀλίγον
2753 2923 2996 2989 ἐξέπεσε.
3026 2927 3118 2998 Μὴ
3138 2930 3554 3000 καταφρονήσῃς
3574 2930 3693 2985 τῶν

2104 3013 2369 3082 κειμένων
2396 3012 2471 3078 ὡς
2499 3014 2709 3080 οὐδενὸς
2738 3015 2926 3083 ἀξίων.
2983 3017 3233 3088 Λόγισαι,
3261 3020 3406 3084 τίνες
3433 3022 3556 3087 εἰσὶ,
3584 3024 3693 3077 καὶ

2111 3103 2362 3174 εὑρήσεις
2390 3104 2568 3159 αὐτῶν
2613 3105 2674 3160 τὸ
2715 3106 2962 3179 ἀξίωμαο
3007 3108 3099 3163 τοῦ
3153 3111 3405 3183 Σωτῆρος
3430 3112 3585 3183 ἡμῶν
3624 3114 3694 3168 τδ

2117 3194 2403 3266 πρόσωπον
2433 3195 2769 3251 ἐνεδύσαντο.
2857 3178 2866 3179 7
3292 3178 3326 3183 Π
3451 3178 3485 3183 Π
3784 3178 3795 3191 ’

435 3296 615 3351 sillum
649 3295 905 3365 quiddam
934 3290 1201 3349 exciderit
1230 3290 1272 3344 ⁸.
1298 3286 1554 3374 Jacentes
1580 3302 1846 3358 pauperes
1888 3297 2144 3358 tanquam
2185 3290 2389 3345 nullius
2443 3292 2599 3361 pretii
2668 3293 2798 3355 sint.
2863 3308 2931 3349 ne
2986 3294 3321 3366 despexeris.
3385 3300 3692 3360 Considera

437 3388 659 3458 quinam
690 3386 822 3449 sint,
858 3394 911 3440 et
940 3398 1128 3439 eorum
1158 3395 1458 3453 cognosces
1483 3380 1801 3452 dignitatem
1829 3396 1844 3434 :
1872 3378 2181 3437 Servatoris
2213 3384 2387 3438 nustri
2423 3398 2709 3452 personam
2740 3384 3055 3441 induerunt.

504 3501 784 3572 Pr0priam
810 3498 956 3553 enim
986 3496 1255 3566 benignus
1297 3494 1388 3548 ille
1452 3507 1744 3562 personam
1774 3493 1857 3547 eis
1889 3493 1998 3546 lar-

2189 3495 2245 3546 'O
2279 3496 2387 3567 γάρ
2415 3495 2788 3566 φιλάνθρωπος
2817 3496 3046 3569 ἔχρησεν
3061 3457 3244 3564 αὐτοῖς
3269 3501 3330 3555 τὸ
3360 3502 3491 3556 ἴδιον
3519 3507 3695 3575 1:963-

435 3594 581 3664 gitus
609 3600 715 3658 est,
749 3597 829 3654 ut,
865 3584 1323 3659 quemadmodum
1359 3584 1458 3649 illi,
1481 3584 1574 3654 qui
1610 3584 1872 3639 adversus
1895 3582 2003 3636 vim

437 3685 737 3740 inferentes
794 3691 1055 3749 tauquam
1102 3675 1571 3748 propugnaculum
1619 3675 1798 3743 regias
1865 3686 2003 3741 prte-

436 3776 664 3830 tendunt
696 3772 980 3843 imagines,
1005 3784 1115 3841 quo
1142 3766 1410 3839 principis
1435 3763 1637 3836 effigie,
1670 3764 1997 3820 irruentium

437 3867 675 3937 impetus
708 3863 994 3933 frangatur
1023 3869 1078 3917 et
1124 3858 1473 3924 retardetur;
1515 3858 1594 3912 sic
1624 3857 1724 3927 ipsi
1756 3871 1870 3923 eos,
1906 3855 2000 3927 qui

437 3959 586 4012 nulla
626 3962 912 4010 moventur
943 3950 1444 4014 commiseratione,
1495 3948 1699 4018 quique
1737 3962 2002 4018 pauperes

437 4049 564 4105 odio
598 4053 1029 4119 prosequuntur,
1063 4057 1159 4113 per
1191 4041 1337 4095 illam
1369 4038 1609 4103 ﬂectant,
1655 4040 1903 4109 mitigent
1947 4046 2001 4093 et

435 4146 682 4196 exorent.
736 4137 801 4194 lli
855 4138 1127 4193 bonorum
1173 4148 1297 4204 qua:
1335 4139 1390 4187 et
1443 4137 1829 4201 exspectamus
1873 4138 2000 4185 sunt

435 4230 799 4305 prouticondi.
832 4228 895 4284 Hi
923 4228 1185 4299 janitores
1208 4225 1358 4297 regni
1391 4225 1675 4287 caelorum,
1702 4223 1793 4293 qui
1822 4222 1997 4277 forum

435 4324 681 4395 aperiant
711 4320 964 4392 benignis
986 4331 1039 4375 et
1067 4319 1248 4383 bonis,
1281 4316 1575 4371 occludant
1623 4316 1782 4369 malis
1821 4323 1874 4368 et
1914 4315 2002 4367 in-

436 4415 710 4470 humanis.
742 4412 807 4466 Hi
860 4422 913 4467 et
945 4410 1292 4465 vehementes
1350 4414 1479 4462 sunt
1531 4414 1902 4469 accusatores,
1950 4413 2004 4459 et

435 4508 624 4580 Optimi
650 4503 885 4578 patroni.
916 4502 1192 4556 Accusant
1223 4507 1402 4552 autem
1429 4507 1481 4552 et
1530 4495 1848 4560 defendunt,
1889 4510 1999 4549 non

437 4600 709 4659 oratione,
738 4594 833 4650 sed
886 4599 1110 4662 aspectu
1150 4591 1290 4661 ipso,
1338 4589 1470 4643 dum
1521 4586 1939 4657 conspiciuntur
1971 4601 1999 4640 a

426 4690 633 4762 judice.
660 4685 795 4754 Quae
819 4685 964 4740 enim
1008 4684 1060 4737 in
1086 4697 1181 4738 eos
1213 4681 1367 4746 ﬁunt,
1396 4678 1538 4751 apud
1567 4694 1690 4734 eum
1713 4678 1805 4747 qui
1835 4677 2001 4732 corda

430 4786 730 4855 scrutatur,
764 4776 857 4849 qui
886 4774 1245 4845 cogitationes
1296 4770 1576 4826 hominum
1619 4783 1810 4824 omnes
1840 4777 2004 4838 atque

2105 3601 2270 3647 ωπιν,
2296 3586 2381 3639 ἵνα
2400 3585 2467 3639 δι’
2496 3586 2704 3638 ἐκείνου
2763 3586 3049 3639 δυσωπῶσι
3077 3588 3204 3652 τοὺς
3223 3589 3565 3660 ἀσυμπαθεῖς
3595 3596 3697 3647 καὶ

2109 3674 2504 3745 μισοπτώχους,
2555 3675 2741 3747 ὥσπερ
2773 3678 2822 3729 οἱ
2865 3677 2959 3740 τὰς
2991 3676 3277 3748 βασιλικάς
3302 3681 3513 3744 είκόνας
3544 3685 3700 3737 κατά

2103 3766 2212 3820 τῶν
2245 3768 2575 3838 βιαζομένων
2626 3768 2819 3830 αὐτοὺς
2866 3770 3327 3841 προϐαλλόμενοι,
3384 3773 3447 3825 ἵν’
3479 3775 3545 3826 ἐκ
3587 3776 3699 3845 τῆς

2108 3862 2320 3931 μορφῆς
2343 3859 2438 3915 τοῦ
2474 3860 2817 3931 κρατοῦντος,
2858 3862 2950 3914 τὸν
2978 3848 3398 3934 ’καταφρονητὴν
3424 3863 3703 3936 δυσωπῇ-

2106 3968 2289 4005 σωσιν.
2335 3946 2494 4005 Οὗτοί
2542 3955 2678 4005 εἰσιν
2727 3954 2776 4005 οἱ
2834 3953 3026 4023 ταμίαι
3071 3952 3178 4005 τῶν
3222 3954 3702 4025 προσδοκωμένων

2103 4040 2338 4110 ἀγαθῶν·
2381 4043 2430 4094 οἱ
2458 4041 2691 4114 θυρωροὶ
2721 4043 2817 4112 τῆς
2847 4042 3139 4113 βασιλείας,
3170 4045 3218 4097 cl
3249 4044 3552 4113 ἀνοίγοντες
3593 4051 3706 4111 τὰς

2104 4132 2274 4204 θύρας
2299 4134 2412 4197 τοῖς
2437 4135 2713 4205 χρηστοῖς,
2738 4134 2833 4187 καὶ
2863 4133 3132 4200 κλείοντες
3152 4138 3260 4199 τοῖς
3274 4135 3562 4201 δυσκόλοις
3596 4141 3702 4193 καὶ

2107 4222 2526 4294 μισανθρώποις.
2580 4218 2758 4288 Οὗτοι,
2803 4224 2897 4278 καὶ
2943 4226 3233 4298 κατήγοροι
3284 4224 3537 4298 σφοδροὶ,
3598 4230 3705 4281 καὶ

2107 4313 2392 4383 συνήγοροι
2440 4312 2652 4381 ἀγαθοί.
2701 4313 3065 4385 Συνηγοροῦσι
3105 4314 3161 4368 δὲ
3208 4314 3303 4368 καὶ
3346 4318 3705 4388 κατηγοροῦ-

2107 4420 2210 4465 σιν,
2244 4405 2303 4456 ού
2335 4402 2605 4472 λέγοντες,
2634 4404 2747 4457 ἁλλ’
2777 4404 3045 4476 ὁρώμενοι
3068 4404 3219 4478 παρά
3239 4405 3332 4459 τοῦ
3358 4407 3598 4479 Κριτοῦ.
3626 4410 3705 4463 Τὸ

2103 4494 2212 4565 γὰρ
2244 4494 2372 4565 περὶ
2404 4496 2600 4558 αὐτοὺς
2629 4496 2909 4568 γινόμενον
2960 4496 3117 4568 ἔργον
3149 4496 3299 4564 παρά
3340 4496 3421 4566 τῷ
3465 4500 3706 4572 καρδιο-

2103 4584 2320 4656 γνώστη
2364 4584 2483 4656 βοᾷ,
2511 4586 2711 4649 παντὸς
2744 4586 2981 4657 κήρυκος
3009 4585 3392 4658 εὐσημότερον.
3428 4589 3536 4643 Διά
3564 4590 3701 4644 τούς

2102 4691 2226 4739 τους
2251 4676 2381 4745 ἡμῖν
2408 4675 2502 4729 καὶ
2528 4677 2591 4729 τδ
2617 4675 2843 4748 φοϐερὸν
2873 4676 3153 4748 ἀνεγράφη
3181 4676 3272 4729 διὰ
3297 4677 3407 4731 τῶν
3432 4679 3705 4748 ἀγγέλων

2102 4766 2197 4820 τοῦ
2230 4766 2367 4821 Θεοῦ
2392 4767 2754 4840 δικαστήριον,
2782 4763 2844 4824 οὗ
2871 4768 3130 4833 πολλάκις
3155 4768 3448 4838 ἠκούσατε.

431 4871 660 4927 intimos
681 4869 848 4924 animi
869 4881 1067 4923 sensus
1100 4863 1270 4928 novit,
1308 4862 1503 4933 quovis
1533 4876 1782 4931 praecone
1832 4859 2089 4929 clarius;
2132 4862 2392 4931 apertius,
2446 4860 2844 4930 significantius
2894 4861 3263 4916 vociferantur
3316 4869 3370 4915 et
3420 4865 3694 4921 clamant.

429 4963 659 5034 Propter
691 4962 794 5018 hos
825 4961 981 5016 nobis
1009 4968 1062 5015 et
1092 4955 1496 5013 formidandum
1528 4953 1661 5009 illud
1697 4953 1989 5025 judicium,
2030 4955 2174 5023 quod
2207 4969 2349 5024 saepe
2381 4954 2689 5020 audivistis,
2726 4956 3089 5024 perscriptum
3122 4965 3228 5009 est.

324 5176 344 5197 '
426 5164 602 5230 caelis,
632 5177 729 5234 per
760 5176 886 5216 aera
917 5175 1025 5213 non
1053 5173 1214 5214 secus
1256 5168 1421 5226 atque
1452 5173 1547 5227 per
1592 5162 1796 5209 terram
1846 5155 1994 5209 ince-

499 5074 615 5128 lllic
656 5072 801 5128 enim
849 5071 1006 5126 video
1062 5068 1260 5123 Filium
1310 5065 1553 5121 hominis
1613 5065 1921 5119 venientem
1966 5080 1996 5118 e

2171 5060 2325 5119 Εἶδον
2352 5064 2459 5134 γὰρ
2485 5066 2604 5118 ἐκεῖ
2626 5064 2716 5119 τὸν
2746 5064 2874 5118 Υίὺν
2887 5060 2976 5114 τοῦ
2995 5058 3276 5136 ἀνθρώ-πού
3304 5066 3612 5140 ἐρχόμενον
3642 5072 3721 5137 ἐξ

2098 5156 2360 5227 οὐρανῶν,
2395 5156 2489 5210 καὶ
2515 5156 2605 5209 τὸν
2631 5157 2772 5227 ἀέρα
2800 5156 2874 5220 ὡς
2903 5159 3006 5227 γῆν
3040 5155 3335 5221 πεζεύοντα
3355 5200 3368 5222 ,
3423 5161 3519 5214 καὶ
3562 5165 3723 5228 ταῖς

426 5256 645 5312 dentem
676 5249 1172 5308 innumerabilibus
1206 5249 1466 5318 stipatum
1498 5246 1739 5301 millibus
1770 5244 1993 5315 angelo-

2112 5248 2318 5313 πολλαῖς
2405 5248 2628 5318 μυριάσι
2711 5248 2818 5300 τῶν
2886 5248 3132 5317 ἀγγέλων
3186 5250 3724 5321 δορυςορούμενον.

428 5360 568 5400 rum.
602 5342 805 5398 Deinde
822 5342 1008 5410 gloriae
1055 5340 1313 5395 thronum
1358 5347 1602 5394 erectum
1651 5338 1704 5392 in
1737 5337 1991 5401 sublime,

2112 5339 2334 5392 Ἔπειτα
2380 5339 2565 5410 θρόνον
2595 5339 2751 5409 δῦξης
2782 5340 3168 5412 ἀνυψούμενον,
3221 5341 3317 5394 καὶ
3354 5346 3464 5396 πᾶν
3510 5344 3733 5409 φῦλον

426 5443 589 5503 atque
621 5433 677 5487 in
704 5446 771 5487 eo
801 5431 1177 5487 considentem
1221 5431 1439 5501 Regem.
1474 5427 1629 5484 Tunc
1682 5429 1861 5483 omnis
1893 5427 1992 5480 ho-

2112 5429 2398 5501 Ξινθρὼπων
2429 5431 2549 5483 ὅσον
2579 5431 2854 5501 παρῆλθεν
2895 5432 2974 5493 είς
3001 5431 3213 5499 γένεσιν
3244 5434 3338 5485 καὶ
3379 5434 3511 5504 ἡλίῳ
3549 5453 3739 5493 κατ-

427 5524 633 5579 minum
660 5523 860 5587 tribus,
894 5538 1083 5578 omnes
1108 5531 1316 5593 gentes,
1348 5521 1601 5575 nationes
1627 5534 1838 5585 omnes,
1872 5533 1992 5586 qua

2112 5517 2374 5590 ελὰμφθη,
2403 5520 2497 5573 καὶ
2545 5521 2732 5573 τούτου
2764 5520 2856 5573 τοῦ
2899 5522 3055 5592 ἀέρος
3090 5520 3391 5575 ἀνέσπασεν
3416 5562 3429 5585 ,
3482 5525 3548 5576 ὲν
3613 5528 3740 5585 δίιο

501 5700 524 5734 ε
548 5698 717 5754 Exod.
754 5715 939 5762 xxxvi,
980 5700 1098 5754 5-7.
1172 5699 1192 5729 ³
1225 5698 1390 5752 Marc.
1428 5716 1525 5766 xu,
1556 5698 1751 5753 ιε-ιι.
