3896 6204
227 379 326 432 661

1401 378 1486 431 DE
1516 377 1955 434 PAUPEIIIBUS
1985 374 2306 430 AMANDIS.

3375 377 3477 431 4f!

228 494 459 563 μέρεσιν
492 487 938 556 ἀποκεκριμένον,
967 491 1058 540 καὶ
1085 490 1355 558 προεστὼς
1384 491 1472 542 τοῦ
1501 493 1802 563 κριτηρίου.

1921 494 1966 544 in
1998 485 2139 543 hanc
2175 490 2338 542 vitam
2373 487 2628 557 ingressm
2652 487 2784 551 sint,
2819 503 2938 556 quae
2962 488 3106 542 hunc
3133 488 3330 559 spiritu
3356 506 3478 544 aera

240 579 565 636 Ἐκαλοῦντο
595 577 649 628 δὲ
683 580 732 629 οί
771 578 869 646 μὲν
901 580 1124 649 ἁρνειοὶ,
1156 581 1267 633 ὅσοι
1313 583 1374 634 ὲκ
1418 582 1602 645 δεξιῶν
1630 601 1639 612 ·
1693 586 1805 652 ἐρί-

229 689 369 740 φους
394 670 448 722 δὲ
479 669 601 730 τοὺς
630 669 723 720 ἐπὶ
769 667 991 737 θάτερον
1025 669 1251 748 ἥκουσα,
1285 673 1346 723 ὲκ
1372 675 1467 742 τῆς
1494 673 1807 742 ὁμοιότητος

228 761 343 812 τῶν
370 761 605 828 τρόπων,
651 757 736 824 ἐφ’
773 758 997 821 ἑαυτοὺς
1029 759 1128 822 τὰς
1159 762 1522 831 προσηγορίας
1552 762 1809 816 ἑλκύσαν-

227 869 350 913 ταςο
379 852 490 904 Καὶ
522 849 784 913 διαλέξεις
813 850 930 901 ἐκεῖ
952 849 1044 902 τοῦ
1077 850 1329 903 δικαστού
1357 852 1491 921 πρὸς
1533 855 1656 915 τοὺς
1692 869 1808 922 κρι-

226 943 505 1010 νομένους,
556 941 649 991 καὶ
677 939 998 1010 ἀποκρίσεις
1021 941 1126 992 τῶν
1160 943 1525 1012 εὐθυνομένων
1559 945 1692 1015 πρὸς
1721 945 1808 998 τὸν

225 1030 477 1083 Βασιλέα.
542 1029 943 1100 Ἀπεκληροῦτο
990 1029 1046 1082 δὲ
1105 1031 1353 1096 ἑκάστοις
1394 1035 1459 1087 τὰ
1505 1036 1805 1106 πρόσφορα.

225 1123 354 1185 Τοῖς
385 1121 485 1192 μὲν
509 1120 600 1172 τὸν
633 1121 853 1190 ἄριστον
883 1121 1168 1189 βεϐιωκόσι
1197 1121 1334 1191 βίον,
1381 1124 1650 1192 βασιλείας
1680 1124 1812 1178 ἀπό-

225 1210 419 1273 λαυσις
445 1228 456 1241 ·
507 1214 620 1272 τοῖς
648 1211 703 1263 δὲ
735 1209 1140 1281 μισανθρώποις
1167 1214 1259 1265 καὶ
1294 1217 1547 1284 πονηροῖς
1575 1215 1813 1286 τιμωρία

229 1303 421 1372 πυρὲς,
451 1301 547 1354 καὶ
576 1300 714 1369 αῦτη
746 1301 1144 1364 διαιωνίζουσα.
1176 1303 1380 1374 Γράφει
1409 1305 1464 1356 δὲ
1488 1303 1663 1357 πάντα
1696 1308 1813 1357 ἐπι-

231 1391 433 1459 μελῶς,
480 1393 574 1444 καί⁸
608 1390 834 1462 ἀκριϐὲς
879 1394 1012 1462 ἡμῖν
1042 1393 1103 1446 τὸ
1129 1393 1472 1465 δικαστήριον
1501 1395 1812 1466 ἀνεζωγρα-

227 1483 373 1551 φήθη
408 1481 562 1551 παρὰ
602 1480 696 1534 τοῦ
727 1480 884 1548 λόγου
906 1523 920 1545 ,
975 1483 1073 1534 οὐκ
1106 1483 1262 1536 ἄλλου
1296 1501 1390 1536 του
1439 1484 1614 1555 χάριν,
1649 1483 1682 1555 ἢ
1717 1484 1810 1538 τοῦ

231 1573 428 1641 μαθεῖν
455 1573 601 1643 ἡμᾶς
630 1571 876 1635 εὐποιίας
905 1573 1266 1644 χρηστότητα.
1312 1573 1460 1644 Αὕτη
1493 1575 1601 1645 γάρ
1643 1576 1808 1639 ἐστιν,

227 1667 264 1732 ὴ
297 1664 390 1717 τὸν
428 1664 538 1734 βίον
573 1663 894 1734 συνέχουσα,
945 1665 1128 1734 μήτηρ
1155 1664 1265 1718 τῶν
1293 1664 1622 1735 πενομένων,
1665 1664 1811 1720 διδάο

235 1754 435 1816 σκαλος
461 1754 568 1806 τῶν
594 1753 878 1815 πλουσίων,
924 1753 1100 1825 ἀγαθὴ
1147 1755 1529 1826 κουροτρόφος,
1577 1755 1814 1826 πρεσϐυ-

1909 579 2186 644 duxerint,
2222 593 2342 647 quae
2376 578 2518 632 lianc
2564 578 2696 634 solis
2738 578 2912 633 lucem
2966 583 3302 649 aspexerint,
3341 581 3480 636 duas

1910 671 1965 725 in
1997 680 2181 740 partes
2214 678 2526 740 segregatas
2563 669 2631 723 ad
2679 668 2919 724 tribunal
2963 670 3165 739 judicis
3211 671 3472 726 astitisse.

1909 760 2087 814 Audio
2115 775 2229 824 eos,
2255 760 2345 830 qui
2371 775 2401 812 a
2431 760 2627 814 dextra
2657 767 2807 824 sunt,
2841 775 3010 831 agnos
3033 763 3215 816 vocari
3244 781 3256 814 :
3286 763 3480 818 haedos

1910 851 2002 919 qui
2032 865 2059 902 a
2096 851 2340 905 sinistra.
2367 848 2500 902 Nam
2524 865 2589 905 ex
2622 865 2836 904 morum
2869 850 3234 907 similitudine
3257 863 3480 906 sumunt

1909 942 2346 1010 appellationem.
2379 943 2553 997 Audio
2589 943 2699 998 illic
2724 958 2820 998 eos
2859 943 3286 1014 interrogantem
3338 943 3481 1016 {udi-

1911 1047 2047 1093 cem,
2081 1041 2134 1086 et
2169 1033 2404 1088 rationes
2428 1033 2826 1088 conﬁcientem.
2883 1033 3064 1088 Audio
3097 1034 3227 1103 quid
3260 1033 3361 1101 ipsi
3394 1047 3482 1085 re-

1919 1123 2224 1193 spondeant
2249 1123 2402 1192 Regi.
2435 1122 2675 1192 Denique
2713 1139 2811 1192 pro
2839 1124 2953 1179 suis
2975 1138 3244 1194 quemque
3275 1122 3482 1176 meritis

1911 1221 2164 1267 ornatum
2201 1227 2389 1268 cerno.
2425 1211 2538 1268 illis
2562 1214 2657 1283 qui
2687 1215 2816 1269 boni
2879 1213 3204 1285 benignique
3254 1213 3478 1273 fuerint,

1912 1313 2074 1374 atque
2124 1304 2327 1373 Optime
2375 1304 2543 1356 vitam
2589 1304 2818 1374 egerint,
2870 1317 3083 1358 summa
3134 1311 3188 1357 et
3220 1311 3479 1372 perpetua

1910 1395 2068 1464 quies
2103 1396 2367 1448 tribuitur
2397 1395 2452 1447 in
2487 1409 2654 1463 regno
2681 1394 2891 1449 cmlesti
2921 1412 2932 1446 :
2966 1393 3279 1447 inhumanis
3297 1401 3477 1446 autem

1911 1495 1963 1540 et
1998 1485 2265 1552 improbis
2295 1484 2438 1552 ignis
2469 1483 2820 1551 supplicium,
2864 1483 3026 1552 idque
3066 1482 3476 1551 sempiternum.

1915 1576 2042 1631 Haec
2073 1576 2259 1630 omnia
2288 1575 2361 1629 ibi
2391 1574 2698 1643 diligenter,
2733 1581 2792 1625 ut
2819 1573 2992 1635 scitis,
3037 1580 3164 1626 sunt
3193 1573 3479 1642 explicata.

1911 1664 2031 1720 Non
2063 1665 2167 1718 alia
2199 1672 2379 1718 autem
2420 1663 2487 1718 de
2513 1677 2676 1717 causa
2705 1661 2972 1730 judicium
3006 1659 3140 1714 illud
3186 1669 3293 1713 tam
3322 1674 3484 1714 accu-

1913 1765 2031 1810 rata
2067 1754 2315 1809 oratione
2373 1761 2632 1822 tanquam
2692 1750 2946 1820 penicillo
3001 1749 3270 1818 depictum
3323 1748 3482 1802 nobis

237 1845 415 1914 τέρων
445 1845 762 1914 γηροκόμος,
793 1847 1017 1915 ταμεῖον
1045 1823 1152 1898 τῶν
1178 1823 1465 1916 δεομένων,
1504 1823 1678 1909 κοινύς
1703 1847 1810 1900 τῶν

1921 1851 2046 1900 ante
2077 1845 2269 1898 oculos
2314 1843 2551 1912 positum
2582 1855 2705 1896 esse
2745 1837 3091 1898 crediderim,
3127 1837 3233 1892 nisi
3268 1844 3326 1890 ut
3361 1851 3485 1905 per-

240 1933 576 2003 ἀτυχούντων
602 1933 785 2006 λιμὴν,
842 1936 1044 1998 πάσαις
1088 1935 1324 2006 ἡλικίαις
1357 1937 1452 1989 καὶ
1507 1939 1809 2009 συμφοραῖς

240 2027 340 2094 τὴν
365 2029 456 2094 ἀφ’
481 2029 676 2096 ἑαυτῆς
706 2028 1000 2098 μερίζουσα
1037 2027 1311 2094 πρόνοιαν.

1913 1937 2194 1992 discamus
2235 1932 2682 1994 beneficentiam,
2723 1937 2777 1986 et
2809 1928 3195 1999 benignitatem
3249 1927 3486 1996 comple-

1913 2037 2146 2081 ctamur.
2197 2024 2322 2079 llaec
2353 2023 2502 2077 enim
2547 2029 2629 2076 est
2677 2035 2797 2089 quze
2835 2019 3077 2073 continet
3124 2017 3312 2070 vitam.
3357 2015 3484 2070 "me

238 2130 322 2175 est
340 2138 633 2191 pauperum
671 2136 862 2184 mater,
894 2121 1154 2191 magistra
1186 2122 1438 2185 divitum,
1462 2123 1599 2176 bona
1625 2122 1956 2194 pupillorum
1983 2121 2192 2186 nutrix,
2223 2117 2600 2172 conservatrix
2623 2127 2835 2176 senum,
2860 2113 3134 2182 egentium
3155 2123 3484 2181 penu,como

235 2213 417 2266 munis
449 2213 773 2267 miserorum
809 2222 1023 2281 portus,
1072 2214 1314 2265 omnium
1343 2223 1561 2266 :etatum
1586 2228 1772 2266 curam
1807 2226 2022 2283 gerens.
2059 2209 2314 2263 omnibus
2347 2205 2607 2262 aerumnis
2634 2213 2688 2259 et
2716 2202 3123 2257 calamitatibus
3167 2200 3481 2254 consulens.

306 2306 404 2367 Ὠς
436 2303 546 2374 γὰρ
573 2304 622 2355 οἱ
651 2302 978 2370 ἀγωνοθέται
1015 2303 1114 2370 τῆς
1141 2303 1514 2373 ματαιότητος,
1547 2303 1652 2356 ὑπὸ
1683 2303 1813 2358 σάλ-

227 2411 428 2462 πιγγος
458 2395 558 2463 τὴν
585 2394 786 2446 ἑαυτῶν
817 2392 1120 2463 φιλοτιμίαν
1149 2393 1520 2463 σημαίνοντες,
1543 2395 1676 2446 πᾶσι
1703 2397 1812 2457 τοῖς

225 2487 325 2555 τῆς
352 2483 699 2554 παλαίστρας
747 2484 843 2552 τὴν
874 2481 970 2534 τοῦ
1001 2481 1229 2535 πλούτου
1262 2482 1520 2554 διανομὴν
1548 2483 1814 2552 ἐπαγγέλ-

225 2573 410 2626 λονται
440 2588 455 2600 ·
489 2570 661 2634 οὐτως
690 2573 721 2642 ἡ
749 2571 984 2635 εὐποιία,
1012 2571 1252 2635 ἅπαντας
1276 2572 1411 2644 πρὸς
1441 2571 1638 2646 ἑαυτὴν
1658 2573 1815 2626 καλεῖ

223 2665 352 2725 τοὺς
386 2663 445 2714 ἐν
469 2661 774 2724 δυσκολίαις
806 2661 901 2714 καὶ
929 2662 1312 2731 περιστάσεσιν
1333 2703 1348 2728 ,
1393 2661 1452 2714 οὐ
1482 2662 1702 2734 πληγῶν
1734 2680 1814 2716 τι·

228 2753 335 2822 μὰς
369 2754 484 2815 τοῖς
519 2751 852 2820 προσιοῦσιν,
883 2751 1017 2806 ἀλλὰ
1045 2753 1336 2824 συμφορῶν
1378 2753 1673 2824 θεραπείας
1719 2771 1813 2825 με-

228 2842 480 2912 ρίζουσα.
512 2838 666 2892 Ἐστι
691 2839 747 2892 δὲ
772 2839 932 2911 αὕτη,
954 2841 1134 2911 πάσης
1153 2841 1544 2911 ἐπαινουμένης
1567 2841 1813 2913 πράξεως

225 2930 564 3002 ὑψηλοτέρα,
613 2930 747 2983 Θεοῦ
801 2931 1096 3001 πάρεδρος,
1148 2930 1242 2984 τοῦ
1285 2930 1487 2999 ἀγαθοῦ
1520 2931 1679 3002 φίλη,
1723 2933 1816 2987 καὶ

228 3022 437 3091 πολλὴν
469 3021 604 3092 πρὸς
629 3023 790 3074 αὐτὸν
830 3022 929 3092 τὴν
961 3022 1230 3075 οίκείωσιν
1261 3021 1477 3092 ἔχουσα.
1528 3023 1682 3076 Οὐτω
1733 3040 1813 3075 τοι

1991 2299 2456 2366 Quemadmodum
2480 2297 2622 2351 enim
2653 2295 2748 2360 illi,
2779 2293 2871 2363 qui
2908 2293 2962 2346 in
3016 2291 3272 2345 vanitatis
3312 2301 3484 2345 certa-

1920 2392 2159 2447 minibus
2218 2389 2436 2459 praemia
2495 2392 2846 2456 proponunt,
2918 2381 3044 2436 tuba
3107 2381 3482 2436 liberalitatem

1921 2499 2076 2539 suam
2103 2481 2493 2552 significantes.
2527 2476 2782 2533 omnibus
2812 2474 2866 2528 in
2903 2475 3152 2544 palaestra
3196 2472 3484 2527 decertan-

1919 2575 2066 2630 tibus
2099 2571 2346 2643 pecuniae
2372 2568 2712 2639 largitionem
2736 2565 3061 2636 pollicentur
3088 2571 3251 2633 atque
3277 2562 3486 2616 denun-

1917 2667 2095 2719 tiant:
2145 2665 2225 2718 sic
2264 2663 2380 2731 ipsa
2428 2656 2786 2714 beneﬁcentia
2828 2670 3016 2709 omnes
3063 2655 3120 2708 in
3171 2653 3407 2708 miseriis
3431 2661 3486 2708 et

1921 2753 2324 2812 calamitatibus
2353 2752 2561 2822 positos
2600 2747 2668 2802 ad
2701 2760 2763 2803 se
2808 2752 2989 2810 vocat,
3037 2759 3145 2800 non
3200 2744 3483 2799 vulnerum

1918 2856 1972 2902 et
2007 2847 2285 2918 plagarum
2311 2845 2554 2913 pramtia,
2587 2839 2684 2896 sed
2703 2851 3070 2894 terumnarum
3100 2843 3155 2892 et
3189 2837 3487 2890 incommo-

1917 2939 2110 2994 dorum
2142 2935 2383 2993 remedia
2412 2942 2467 2989 et
2496 2933 2832 2989 curationem
2866 2929 3251 2985 accedentibus
3285 2929 3487 2995 imper-

1917 3029 2081 3085 tiens.
2115 3025 2240 3081 Hzrc
2273 3033 2356 3080 est
2384 3024 2628 3079 omnium
2659 3022 3000 3076 laudatarum
3033 3020 3309 3074 actionum
3349 3033 3488 3087 piae-

229 3115 340 3184 πρὸ
377 3113 596 3165 πάντων
624 3114 719 3174 τὰς
743 3112 954 3180 ἀγαθὰς
994 3113 1087 3165 καὶ
1122 3113 1532 3185 φιλανθρώπους
1565 3113 1809 3184 πράξεις,

1921 3118 2272 3175 stantissima.
2307 3115 2431 3170 llaec
2464 3113 2669 3170 assidet
2702 3111 2832 3177 Deo,
2887 3119 2942 3165 et
2981 3124 3175 3179 magna
3230 3116 3314 3163 est
3360 3123 3484 3161 cum

231 3206 400 3266 αὐτὸς
428 3206 456 3256 ὁ
483 3203 614 3266 Θεὸς
652 3206 782 3274 ἡμῖν
809 3203 1123 3274 αὐτουργῶν
1152 3205 1505 3272 ἀναφαίνεται
1533 3222 1547 3236 ·
1585 3203 1680 3275 τὴν
1705 3204 1812 3275 γάρ

235 3295 414 3347 κτίσιν
462 3295 558 3362 τῆς
607 3295 728 3363 γῆς,
777 3295 870 3347 καὶ
897 3295 995 3366 τὴν
1025 3294 1117 3347 τοῦ
1168 3295 1396 3366 οὐρανοῦ
1434 3295 1810 3366 διακόσμησιν,

237 3389 328 3439 καὶ
379 3386 478 3455 τὴν
532 3385 791 3440 εὔτακτον
839 3387 1135 3457 ἐναλλαγὴν
1168 3387 1274 3440 τῶν
1310 3387 1486 3458 ὡρῶν,
1526 3387 1618 3440 καὶ
1662 3376 1812 3457 ἡλίου

239 3476 548 3545 θερμότητα
574 3517 587 3538 ,
646 3479 738 3528 καὶ
773 3477 1103 3548 κρυστάλλου
1138 3477 1348 3544 γένεσιν
1382 3478 1674 3547 ψύχουσαν,
1720 3477 1815 3529 καὶ

217 3571 418 3624 ,πάντα
464 3568 526 3620 τὰ
581 3569 700 3621 καθ’
735 3568 982 3632 ἕκαστον,
1032 3570 1132 3622 οὐκ
1179 3571 1340 3629 αὐτὸς
1384 3569 1560 3638 ἐαυτῷ
1613 3571 1640 3622 ὁ
1684 3567 1814 3632 Θεὸς

245 3657 567 3728 (ἀπροσδεὴς
587 3656 694 3726 γὰρ
716 3656 824 3710 τῶν
838 3657 1090 3712 τοιούτων
1109 3661 1356 3722 ἐκεῖνος),
1376 3657 1486 3709 ἀλλ’
1511 3657 1815 3729 ὑπὲρὴμῶν

243 3747 504 3817 διηνεκῶς
541 3750 781 3816 ἐνεργεῖ·
821 3748 1064 3818 γεωργὸς
1093 3750 1317 3819 ἀόρατος
1344 3750 1443 3818 τῆς
1475 3750 1581 3802 τῶν
1607 3749 1814 3821 ἀνθρὼ-

1914 3217 2035 3282 ipso
2093 3208 2495 3265 necessitudine
2560 3205 2872 3272 conjuncta.
2930 3201 3022 3256 Sic
3081 3209 3261 3255 autem
3315 3200 3485 3254 Deum

1916 3302 2092 3370 ipsum
2124 3301 2283 3354 nobis
2312 3297 2576 3362 omnium,
2613 3309 2734 3366 qum
2778 3301 2926 3349 recte
2978 3293 3315 3362 benigneque
3349 3292 3484 3345 faci-

1916 3406 2058 3452 mus,
2079 3389 2345 3459 imprimis
2371 3397 2648 3442 auctorem
2673 3386 3090 3454 eﬂ'ectoremque
3109 3398 3231 3438 esse
3252 3391 3483 3437 constat.

1915 3479 2193 3548 Siquidem
2221 3488 2274 3533 et
2308 3487 2505 3533 terram
2538 3477 2845 3546 procreavit
2876 3484 2930 3531 et
2967 3482 3219 3529 ornatum
3247 3475 3369 3527 ειειί
3403 3473 3488 3527 fa-

1918 3572 2162 3626 bricatus
2184 3580 2289 3634 est,
2323 3580 2375 3626 et
2401 3579 2704 3639 temporum
2731 3568 3140 3624 vicissitudines
3179 3567 3392 3630 statuit,
3434 3574 3488 3620 et

1917 3661 2049 3716 solis
2097 3663 2334 3716 calorem
2385 3668 2438 3716 et
2486 3660 2678 3731 glaciei
2732 3660 3146 3730 refrigerantem
3203 3662 3481 3717 natur’am.

1918 3751 2098 3806 omnia
2128 3752 2361 3822 denique
2400 3751 2544 3805 Deus
2600 3751 2737 3820 ipse,
2783 3765 2890 3803 non
2929 3749 3056 3811 sibi,
3112 3763 3236 3802 cum
3284 3746 3490 3800 nul-lius

243 3856 352 3892 πων
374 3837 616 3909 τροφῆς,
649 3840 878 3910 dmpsit;
901 3838 1152 3910 εὐκαιρος
1190 3840 1283 3892 καὶ
1311 3840 1567 3910 ὀχετηγὸς
1596 3843 1819 3910 ἐπιστή-

245 3949 373 3997 μων.
396 3921 578 3991 Οὗτος
605 3929 728 3998 γὰρ,
747 3930 883 3983 κατὰ
913 3931 1000 3984 τὸν
1030 3931 1276 3995 Ἡσαΐαν,
1306 3931 1485 3985 δίδωσι
1504 3933 1721 4002 σπέρμα
1742 3933 1818 4002 τῷ

242 4024 565 4090 σπείροντι,
621 4022 710 4074 καὶ
753 4023 810 4074 τὸ
841 4022 984 4093 ὕδωρ
1015 4024 1078 4075 ὲκ
1122 4023 1378 4092 νεφελῶν,
1424 4023 1517 4076 νῦν
1553 4025 1650 4093 μὲν
1686 4027 1817 4095 ἠρε-

241 4114 398 4178 μαῖον
452 4109 759 4181 ὲπιρῤαίνει
796 4113 861 4180 τῇ
899 4113 967 4179 γῇ
991 4150 1005 4174 ,
1060 4111 1221 4164 πάλιν
1253 4112 1310 4164 δὲ
1358 4111 1555 4182 λάϐρον
1599 4115 1821 4181 καταχεῖ

238 4201 342 4253 τῶν
372 4199 652 4252 αὐλάκων.
685 4200 854 4252 Ὅταν
879 4199 934 4253 δὲ
967 4199 1170 4271 αὐξηθῇ
1203 4200 1272 4253 τὰ
1299 4201 1424 4272 ληῖα
1454 4202 1548 4254 καὶ
1577 4202 1819 4273 παρέλθῃ

238 4293 300 4342 τὸ
327 4292 709 4361 χλοαινόμενον
729 4330 744 4354 ,
796 4289 896 4354 τὰς
945 4292 1169 4360 νεφέλας
1201 4291 1585 4355 ἁποσκεδάζων
1610 4292 1704 4344 τοῦ
1732 4294 1814 4346 οὐ·

1922 4295 2025 4350 bus
2057 4311 2204 4350 nunc
2233 4295 2432 4349 sensim
2471 4294 2696 4348 imbrem
2730 4292 2931 4348 emittit
2971 4292 3027 4346 in
3066 4298 3292 4352 terram,
3333 4300 3481 4341 nunc

233 4383 406 4452 ρανού
459 4381 690 4446 παντὸς,
745 4382 865 4434 τότε
911 4381 1366 4453 προκαλύμματος
1405 4382 1608 4452 γυμνὸν
1641 4383 1814 4446 αὐτοῖς

1924 4393 2105 4440 autem
2136 4387 2414 4441 sulcorum
2450 4385 2619 4439 latera
2670 4392 2724 4440 et
2747 4392 2900 4438 toros
2943 4381 3159 4438 abunde
3192 4377 3488 4450 perfundit.

229 4473 499 4542 ἐφίστησι
519 4471 615 4525 τὸν
646 4472 816 4542 ἥλιον,
848 4471 1056 4542 θερμὴν
1083 4474 1178 4526 καὶ
1218 4473 1461 4544 ἔμπυρον
1493 4472 1814 4528 διατείνοντα

1921 4478 1990 4530 At
2022 4478 2114 4532 ubi
2158 4485 2368 4548 segetes
2414 4476 2711 4539 creverint,
2764 4482 2818 4530 et
2872 4474 3120 4528 viriditas
3172 4472 3489 4529 accesserit.

225 4562 342 4632 τὴν
370 4563 592 4624 ἀκτῖνα,
627 4561 716 4613 ἵνα
747 4559 939 4630 ὡραῖοι
968 4560 1228 4628 γένωνται
1250 4558 1384 4632 πρὸς
1411 4559 1582 4629 τομὴν
1615 4560 1662 4610 οἱ
1695 4559 1814 4614 στά-

1921 4578 2043 4626 tunc
2071 4571 2320 4641 disjectis
2370 4570 2768 4642 dissipatisque
2822 4568 3083 4632 nubibus,
3126 4566 3194 4622 ab
3233 4563 3493 4619 omnibus

225 4669 395 4722 κυεςο
1916 4659 2308 4732 integumentis
2344 4661 2548 4716 nudum
2596 4670 2651 4717 et
2683 4670 2928 4730 apertum
2978 4658 3113 4728 ipsis
3157 4660 3393 4712 ostentat
3440 4657 3495 4706 et

228 4747 496 4801 immittit
532 4747 728 4810 solem,
762 4754 820 4799 ut
851 4745 1048 4800 calidis
1098 4753 1261 4815 atque
1331 4745 1651 4801 ardentibus
1716 4747 1886 4818 ipsius
1925 4755 2096 4813 radiis
2162 4757 2441 4827 tepefacta).
2483 4755 2799 4825 perveniant
2855 4753 2920 4806 ad
2998 4752 3388 4806 maturitatem.
3443 4755 3495 4800 et

219 4851 585 4914 opportunas
615 4841 681 4894 ad
715 4840 1026 4896 metendum
1056 4839 1236 4907 spicas
1263 4839 1580 4894 exhibeant.

313 4933 523 5002 Τρέφει
553 4932 647 4985 καὶ
663 4931 927 5002 ἄμπελον,
958 4933 1076 4995 ταῖς
1100 4929 1268 5001 ὥραις
1297 4929 1372 5000 τῷ
1395 4931 1615 5000 διψῶντι
1644 4929 1704 4984 τὸ
1727 4948 1820 4984 πο-

227 5028 331 5080 τὸν
363 5022 732 5090 εὐτρεπίζων’
775 5023 870 5075 καὶ
915 5021 1114 5089 ἀγέλας
1155 5023 1288 5090 ἡμῖν
1327 5020 1515 5090 τρέφει
1554 5021 1822 5091 διαφόρων

223 5116 443 5184 γενῶν,
471 5115 556 5166 ἵνα
588 5115 807 5187 ὑπάρχῃ
825 5116 935 5176 τοῖς
963 5111 1267 5184 ἀνθρώποις
1297 5111 1524 5181 ἄφθονον
1555 5113 1702 5182 ὄψον,
1727 5113 1823 5166 καὶ

225 5211 348 5261 τῦν
369 5209 480 5279 μὲν
509 5208 560 5260 αἱ
589 5207 760 5278 δοραὶ,
781 5206 922 5278 ἔριον
950 5204 1311 5276 γεωργούσαι,
1338 5203 1436 5273 τὴν
1458 5204 1663 5274 σκέπην
1688 5222 1822 5275 παρο

237 5304 431 5368 its-J75,
492 5299 600 5349 τῶν
644 5299 721 5361 δὲ,
766 5298 832 5350 τὰ
863 5297 1186 5366 ὐποδήματα
1223 5297 1354 5365 ἡμῖν
1388 5295 1821 5365 ἀπεργάζωνται.

251 5394 418 5462 Ὁρᾷ-ς
451 5391 539 5444 ὅτι
579 5389 791 5462 πρῶτος
836 5387 1069 5459 ἐραστὴς
1119 5387 1366 5447 εὐποιίας
1408 5385 1436 5436 ό
1477 5385 1608 5448 θεὸς
1635 5386 1826 5444 (οὕτω

257 5487 468 5552 ’τρέφων
515 5482 606 5534 τὸν
645 5482 933 5546 πεινῶντα,
971 5482 1062 5534 καὶ
1091 5481 1322 5544 ποτίζων
1350 5478 1706 5547 τὸνδιψῶντα,
1738 5477 1830 5530 καὶ

249 5575 558 5640 αρξιεννῦς
586 5573 678 5625 τὸν
709 5573 932 5643 γυμνὸν,
963 5574 1038 5634 ὡς
1071 5573 1405 5646 προείρηται.

1920 3844 2116 3897 horum
2149 3843 2406 3913 indigeat,
2441 3841 2535 3898 sed
2592 3841 2752 3896 nobis
2803 3841 3147 3895 continenter
3185 3845 3405 3908 praestat
3440 3848 3491 3890 et

1918 3940 2240 3988 conservat:
2266 3947 2389 3986 nam
2414 3931 2646 3986 mirabili
2668 3932 2902 4000 quadam
2931 3932 3142 3984 ratione
3172 3929 3486 3983 mortalium

1920 4024 2090 4078 aciem
2118 4023 2411 4093 eﬂ‘ugiente
2444 4023 2648 4092 praebet
2694 4022 3009 4076 hominibus
3062 4020 3341 4080 alimenta,
3403 4032 3491 4070 se-

1921 4115 2136 4170 minans
2165 4125 2494 4184 opportune,
2525 4123 2580 4168 et
2613 4114 2849 4168 scienter
2878 4113 3134 4180 irrigans.
3166 4108 3284 4179 Ipse
3314 4108 3488 4169 enim,

1925 4212 1985 4259 ut
2019 4204 2213 4259 scribit
2253 4205 2420 4260 Isaias
2444 4204 2485 4267 ⁵,
2518 4204 2611 4257 dat
2640 4219 2825 4258 semen
2873 4202 3098 4262 serenti,
3129 4207 3184 4253 et
3221 4214 3284 4253 ex
3334 4197 3493 4251 uubi-

1999 4929 2182 4996 Quid?
2206 4931 2349 5000 quod
2373 4933 2534 4985 vitem
2568 4931 2730 4984 etiam
2757 4929 2980 4992 enutrit,
3009 4936 3172 4998 atque
3203 4929 3273 4983 ita
3299 4930 3493 4985 idoneo

1930 5029 2172 5090 tempore
2199 5021 2510 5075 sitientibus
2546 5029 2727 5089 potum
2763 5019 2970 5072 tribuit.
3008 5019 3194 5084 Quid?
3230 5023 3373 5090 quod
3405 5037 3493 5072 va-

1930 5111 2010 5164 ria
2048 5110 2173 5164 item
2213 5111 2310 5163 alit
2355 5110 2673 5163 animalium
2712 5125 2932 5178 genera,
2975 5118 3033 5162 ut
3081 5110 3390 5164 hominibus
3439 5117 3492 5164 ct

1931 5215 2125 5255 carnes
2157 5200 2222 5253 ad
2268 5201 2612 5261 vescendum,
2643 5209 2695 5255 et
2738 5201 2923 5269 pelles.
2959 5216 3080 5269 qua:
3132 5201 3308 5253 lanam
3361 5215 3492 5268 sup-

1933 5290 2175 5361 peditant
2200 5291 2266 5344 ad
2292 5289 2703 5360 protegendum,
2723 5297 2777 5344 et
2807 5291 2872 5344 ad
2903 5299 3083 5345 vestes
3105 5287 3489 5350 conﬁciendas,

1930 5390 1984 5437 et
2030 5383 2097 5436 ad
2133 5381 2478 5437 consuendos
2512 5382 2725 5436 calceos
2775 5381 3066 5450 praebeant.
3120 5380 3312 5436 Cernis
3356 5395 3494 5449 quo-

1928 5471 2087 5527 modo
2114 5473 2323 5541 primus
2360 5471 2724 5526 beneﬁcentiae
2753 5480 2943 5526 auctor
2974 5481 3028 5527 et
3051 5474 3204 5542 origo
3234 5471 3306 5525 sit
3327 5468 3492 5533 Deus,

1928 5563 2259 5618 esurientem
2308 5562 2595 5625 nutriens,
2650 5562 2856 5617 sitienti
2914 5563 3150 5634 largiens
3190 5569 3399 5630 potum.
3439 5567 3494 5616 et

1941 5655 2146 5709 nudum
2178 5657 2451 5729 operiens,
2485 5664 2543 5709 ut
2572 5664 2695 5710 ante
2722 5655 2978 5710 diximus.

333 5767 356 5792 ⁵
383 5769 480 5824 isa.
526 5783 612 5828 LV.
650 5769 733 5822 10.
