3896 6204
427 397 533 477 ιεξδ

1648 389 1703 447 S.
1741 390 2061 446 GliEGORlI
2104 394 2388 451 ivYSSENI

3548 394 3639 449 464

501 517 558 571 Si
594 516 673 571 vis
707 527 881 569 autem
917 512 1241 586 intelligere,
1296 512 1570 584 quomodo
1599 513 1790 568 morbo
1833 514 1986 570 labo-
2016 563 2020 575 ί

2157 523 2220 576 El
2240 521 2296 575 δὲ
2317 521 2490 585 θέλεις
2515 519 2765 584 ἀκοῦσαι,
2791 516 2906 580 πῶς
2932 518 3025 569 καὶ
3049 512 3341 586 θεραπεύει
3369 512 3460 566 τὸν
3492 529 3639 565 κεκα-

432 618 638 673 rantes,
664 608 803 661 male
847 607 1090 673 allectos,
1145 614 1307 679 atque
1358 608 1586 663 aﬂlictos
1630 612 1807 673 curet,
1845 606 1991 661 audi.

434 701 569 765 Quis
597 714 753 769 apem
785 699 974 755 docuit
1006 713 1161 755 ceras
1191 708 1248 754 et
1276 700 1436 754 mella
1465 698 1775 753 coniicere?
1802 697 1938 762 Quis
1966 711 1997 751 e

434 794 586 863 pinu,
616 796 741 862 quis
785 807 816 847 e
858 782 1178 863 terebintho,
1242 793 1366 863 1uis
1399 806 1429 847 e
1467 790 1763 846 mastiches
1805 790 1999 844 arbore

436 882 666 951 pingues
693 881 816 936 illos
863 882 1056 937 resinae
1101 894 1297 936 succos
1329 879 1607 935 destillare
1653 878 1823 935 fecit?
1862 878 1998 944 Quis

438 971 693 1027 ludorum
723 972 1001 1042 regionem
1045 970 1329 1026 constituit
1378 971 1649 1025 siccorum
1701 978 1861 1040 atque
1888 968 2001 1024 fra-

437 1063 712 1130 grantium
742 1063 1043 1129 fructuum,
1078 1070 1133 1118 et
1164 1064 1393 1117 odorum
1433 1063 1679 1117 suavium
1723 1063 2001 1117 matrem?

437 1151 571 1217 Quis
595 1153 768 1207 oleam
799 1153 1048 1222 corporis
1072 1152 1354 1208 laboribus
1390 1160 1445 1206 et
1493 1152 1779 1208 doloribus
1812 1152 1999 1221 opitu-

440 1242 639 1296 lantem
671 1240 1181 1310 procreavit‘iQuis
1223 1241 1382 1297 nobis
1417 1241 1660 1297 radicum
1710 1249 1765 1296 et
1810 1241 2004 1297 herba-

439 1343 560 1382 rum
600 1329 870 1393 notitiam,
903 1330 1027 1399 quis
1059 1328 1386 1398 qualitatum
1432 1336 1486 1383 et
1523 1328 1744 1395 virium,
1794 1342 1915 1397 qua;
1947 1328 2004 1381 in

441 1418 578 1486 ipsis
608 1425 756 1484 sunt,
797 1420 1049 1489 peritiam
1085 1419 1321 1473 tribuit?
1346 1417 1481 1484 Quis
1514 1417 1842 1473 effectricem
1869 1431 2005 1472 con-

416 1512 906 1581 servatricemque
932 1511 1183 1567 sanitatis
1228 1510 1549 1566 medicinam
1595 1510 1839 1579 reperit?
1872 1509 2006 1575 Quis

441 1603 743 1658 calidarum
770 1618 1035 1674 aquarum
1063 1602 1241 1659 fontes
1269 1603 1459 1660 eduxit
1480 1610 1698 1667 eterra,
1727 1610 1786 1655 ut
1816 1616 2006 1658 earum

442 1694 495 1746 vi
548 1703 662 1747 tum
712 1694 923 1765 frigidis
955 1702 1010 1750 et
1063 1693 1335 1758 humidis,
1369 1700 1485 1747 tum
1521 1692 1690 1748 aridis
1719 1700 1775 1747 et
1798 1691 2009 1748 adustis

446 1781 828 1840 allectionibus
856 1791 912 1840 et
937 1784 1146 1840 morbis
1162 1785 1488 1841 medeamur
1505 1784 1528 1837 Ἰ
1547 1783 1736 1838 Merito
1765 1782 1928 1852 igitur
1956 1789 2010 1836 et

2096 615 2361 685 κωμένον,
2398 611 2632 683 μάνθανε
2656 627 2669 641 ·
2719 609 2816 673 Τίς
2856 607 3060 673 ἐδίδαξε
3083 607 3180 676 τὴν
3216 605 3474 676 μέλισσαν
3501 604 3643 673 ἐργά-

2097 705 2283 771 ζεσθαι
2313 706 2407 760 τὸν
2433 703 2621 776 κηρὸν,
2665 702 2759 755 καὶ
2794 701 2890 754 σὺν
2916 698 3107 768 ἐκείνῳ
3136 696 3197 750 τὸ
3221 695 3381 767 μέλι;
3427 695 3522 757 Τίς
3558 694 3645 764 τὴν

2098 798 2255 852 πίτυν
2287 797 2380 851 καὶ
2405 795 2733 867 τερέϐινθον,
2784 792 2879 847 ml
2909 791 3007 861 τῆς
3049 789 3313 861 μαστίχης
3334 788 3397 841 τὸ
3427 786 3649 856 δένδρον,

2098 894 2189 946 τὸν
2225 890 2453 959 λιπαρὸν
2484 890 2687 942 ἐκεῖνον
2714 885 2885 956 χυμὸν
2922 882 3247 947 ἀποστάζειν
3274 880 3557 952 ὲποίησεν;
3588 876 3650 930 Ἦ

2099 984 2182 1047 τίς
2224 982 2323 1054 τὴν
2367 982 2542 1035 Ἰνδῶν
2570 979 2752 1051 χώραν
2783 975 3181 1047 ἐδημιούργησε
3225 970 3404 1044 ξηρῶν
3440 969 3654 1042 καρπῶν

2102 1073 2193 1126 ml
2217 1070 2430 1125 εὐωδῶν
2456 1070 2664 1142 μητέρα
2687 1085 2701 1134 ;
2729 1068 2826 1130 Τίς
2843 1066 2940 1137 τὴν
2970 1065 3155 1118 ἐλαίαν
3181 1061 3543 1131 ἔφυσε,πόνων
3565 1076 3655 1111 σω-

2107 1164 2347 1237 ματικῶν
2397 1163 2488 1217 καὶ
2538 1161 2841 1232 ἀλγηδόνων
2910 1157 3237 1225 ἐπίκουρονς
3312 1151 3409 1215 Τίς
3469 1151 3657 1237 ἔδωκεν

2102 1261 2234 1329 ἡμῖν
2291 1255 2456 1330 ριςῶν
2499 1254 2593 1307 ml
2623 1249 2857 1323 βοτανῶν
2891 1247 3199 1317 διάγνωσιν,
3229 1243 3323 1297 ml
3352 1241 3460 1295 τῶν
3487 1242 3542 1293 ἐν
3565 1241 3656 1292 αὑ-

2104 1352 2224 1413 ταῖς
2255 1347 2551 1418 ποιοτήτων
2601 1343 2876 1415 μάθησιν;
2935 1340 3032 1401 Τίς
3084 1335 3182 1407 τὴν
3232 1332 3515 1413 ποιητικὴν
3570 1329 3659 1399 τῆς

2107 1439 2294 1508 ὑγείας
2326 1436 2570 1508 ἰατρικὴν
2593 1434 2957 1503 συνεστήσατο
2977 1446 2992 1494 ;
3028 1427 3124 1491 Τίς
3144 1426 3344 1495 ἀνῆκεν
3370 1426 3432 1476 ἐκ
3451 1423 3546 1492 τῆς
3564 1420 3661 1490 γῆς

2109 1530 2325 1602 θερμῶν
2353 1530 2556 1583 ὑδάτων
2587 1528 2787 1598 πηγὰς,
2815 1525 2913 1588 τάς
2946 1522 3045 1593 μὲν
3065 1520 3126 1573 τὸ
3151 1517 3355 1588 ψυχρὸν
3377 1516 3470 1569 ml
3507 1513 3663 1584 ὑγρόν

2108 1618 2264 1691 ἡμῶν
2311 1616 2582 1687 ίωμέναςο
2625 1614 2724 1675 τάς
2777 1611 2833 1665 δὲ
2880 1610 2943 1663 τὸ
2989 1608 3150 1678 ξηρὸν
3186 1607 3220 1676 ἦ
3255 1604 3665 1673 πεπυκνωμένον

2110 1708 2380 1773 λυούσας;
2426 1706 2536 1761 Καὶ
2569 1703 2840 1774 προσῆκεν
2873 1700 3141 1770 εὐκαίρως
3166 1698 3339 1750 εἰπεῖν
3373 1695 3471 1748 καὶ
3494 1694 3551 1746 τὸ
3574 1691 3663 1746 τοῦ

2111 1801 2324 1873 Βαρούχ
2356 1818 2368 1831 ο
2434 1795 2621 1864 Οὗτος
2650 1796 2854 1864 ἐξεῦρε
2885 1793 3091 1848 πᾶσαν
3127 1788 3272 1844 ὀδόν
3316 1786 3666 1855 ἐπιστήμης.

401 1874 407 1879 ’
444 1884 749 1946 opportune
803 1883 1046 1946 poteram
1087 1878 1249 1932 verba
1286 1876 1502 1931 Baruch
1550 1890 1855 1945 usurpare:
1907 1874 2010 1929 Hic

2130 1897 2207 1950 cal
2251 1895 2471 1948 ἔδωκεν
2507 1889 2700 1958 αὐτὴν
2747 1886 2955 1942 Ἰακὼό
2995 1882 3076 1949 τῷ
3121 1880 3286 1936 παιδὶ
3325 1877 3529 1942 αὐτοῦ,
3577 1877 3670 1930 καὶ

449 1965 713 2021 adinvem’t
740 1982 943 2021 omnem
971 1967 1104 2021 uiam
1141 1966 1457 2036 disciplima,
1488 1975 1539 2021 et
1585 1964 1814 2019 tradidit
1856 1965 2010 2019 illam

444 2056 610 2109 Iacob
647 2071 808 2124 puero
836 2073 954 2121 suo,
979 2066 1029 2111 et
1056 2055 1227 2112 Israel
1255 2057 1445 2111 dilecto
1467 2072 1560 2111 suo
1582 2056 1624 2110 ⁸.

524 2148 627 2201 Per
675 2147 820 2202 hunc
857 2154 1002 2202 artes
1041 2161 1261 2217 omnes,
1310 2161 1432 2216 qua:
1474 2146 1561 2201 vel
1599 2144 1721 2215 igne
1771 2145 1855 2200 vel
1894 2144 2015 2199 sine

448 2242 594 2310 igne,
623 2240 707 2294 vel
755 2240 813 2293 in
851 2240 1008 2310 aquis
1054 2247 1408 2304 exercentur,
1441 2239 1715 2303 inventae;
1740 2251 1836 2307 per
1864 2236 2012 2289 hunc

450 2328 693 2385 scientia:
732 2328 1164 2385 innumerabiles
1182 2328 1521 2400 excogitatae,
1548 2336 1607 2382 ut
1632 2327 1769 2382 nihil
1792 2327 2017 2382 omnino

449 2422 588 2477 desit
613 2419 951 2483 hominibus,
984 2419 1127 2490 quod
1161 2418 1231 2473 ad
1261 2418 1628 2490 transigenda;
1665 2420 1791 2474 vita:
1829 2432 2018 2472 neces-

451 2512 668 2567 sitatem
695 2519 750 2566 et
782 2511 1228 2566 commoditatem
1276 2511 1566 2581 pertineat.
1603 2509 1680 2565 Ac
1721 2510 1866 2566 Deus
1897 2511 2020 2577 qui-

450 2602 573 2657 dem
610 2603 713 2657 boc
739 2602 906 2656 modo
951 2601 1327 2657 beneﬁcentia:
1365 2608 1419 2656 et
1452 2601 1795 2657 liberalitatis
1824 2602 2016 2655 inven-

454 2705 541 2746 tor
584 2700 639 2746 et
667 2691 790 2746 fons
818 2690 1001 2746 omnia
1029 2706 1150 2760 quae
1185 2690 1345 2744 nobis
1379 2689 1691 2745 necessaria
1755 2697 1883 2745 sunt
1938 2689 2019 2744 di-

454 2780 706 2835 tissimus
736 2780 859 2848 ipse
886 2778 1121 2849 benigne
1154 2778 1557 2833 subministrat.

523 2867 634 2923 Nos
660 2875 868 2935 autem,
897 2867 988 2938 qui
1020 2867 1254 2939 singulis
1277 2866 1477 2922 divinae
1513 2867 1810 2937 Scriptura:
1839 2867 2022 2923 verbis

459 2962 524 3018 ad
557 2961 842 3016 hominum
871 2968 926 3015 et
959 2966 1362 3029 procreatorem
1398 2969 1651 3014 nostrum
1694 2959 2020 3013 imitandum

458 3060 772 3125 (quatenus
807 3052 1055 3107 mortalis
1079 3052 1297 3107 beatum
1331 3059 1385 3106 et
1410 3051 1777 3105 immortalem
1819 3050 2020 3104 imitari

2124 1984 2368 2055 Ἰσραὴλ
2398 1982 2478 2049 τῷ
2506 1979 2864 2053 ἠγαπημένῳ
2890 1978 2990 2032 ὑπ’
3024 1974 3230 2030 αὐτοῦ.

2182 2165 2280 2218 Διά
2310 2162 2464 2217 τοῦτο
2503 2161 2688 2231 τέχναι
2732 2158 3002 2228 ἕμπυροι,
3044 2155 3140 2208 ml
3173 2150 3343 2222 πυρὸς
3370 2148 3553 2219 χωρὶς,
3584 2147 3676 2199 ml

2115 2257 2270 2312 ἄλλαι
2314 2254 2554 2325 ἔνυδροι,
2590 2252 2684 2305 ml
2724 2249 2912 2321 μυρίαι
2944 2246 3051 2300 τῶν
3097 2240 3535 2313 ἐπιτηδευμάτων
3589 2238 3679 2290 εὑ-

2118 2349 2317 2421 ρέσεις,
2350 2346 2435 2400 ἵνα
2462 2345 2581 2407 ταῖς
2604 2341 2697 2396 τοῦ
2727 2340 2840 2412 βίου
2869 2338 3078 2411 χρείαις
3099 2333 3351 2400 ἀνενδεὴς
3382 2332 3416 2402 ἡ
3439 2327 3680 2421 διακονία

2116 2416 2357 2507 γένηται.
2405 2434 2570 2487 Καὶὸ
2608 2431 2706 2502 μὲν
2738 2429 2869 2492 Θεὸς
2900 2425 3092 2493 οὑτως,
3129 2424 3158 2476 ὁ
3197 2421 3410 2493 πρῶτος
3437 2417 3531 2488 τῆς
3582 2416 3676 2467 εὑ-

2119 2530 2299 2592 ποιίας
2338 2526 2561 2599 εὑρετὴς
2605 2523 2701 2578 ml
2738 2522 2845 2575 τῶν
2891 2521 3022 2591 ἡμῖν
3078 2513 3391 2585 ἀναγκαίων
3432 2511 3680 2572 πλούσιος

2119 2621 2252 2693 ὁμοῦ
2275 2622 2368 2675 ml
2398 2615 2683 2688 συμπαθὴς
2711 2612 2961 2685 χορηγός.

2202 2884 2392 2954 Ἡμεῖς
2430 2880 2488 2934 δὲ
2536 2879 2585 2932 οί
2624 2876 2744 2932 καθ’
2785 2876 3013 2929 ’ἑκαστον
3058 2869 3294 2944 γράμμα
3334 2866 3433 2937 τῆς
3468 2864 3690 2938 Γραφῆς

2124 2974 2526 3043 παιδευόμενοι,
2571 2969 2764 3040 ζηλοῦν
2807 2967 2898 3025 τὸν
2952 2964 3155 3018 ἐαυτῶν
3203 2961 3405 3032 Κύριον
3450 2958 3544 3010 ml
3586 2959 3691 3027 Δη-

2128 3065 2404 3136 μιουργδν,
2453 3061 2574 3115 καθ’
2601 3062 2723 3114 ὅσον
2747 3059 2824 3129 τῷ
2866 3055 3041 3126 θνητῷ
3079 3058 3111 3125 ἡ
3158 3053 3249 3106 τοῦ
3283 3050 3553 3121 μακαρίου
3594 3048 3693 3098 καὶ

460 3148 678 3217 potest)
709 3144 1069 3210 instituimur,
1101 3143 1169 3198 ad
1216 3143 1507 3198 utilitatem
1556 3148 1805 3199 nostram
1841 3142 2020 3196 omnia

2130 3156 2392 3212 ἀθανάτου
2424 3153 2649 3225 μίμησις
2680 3148 2894 3219 ἐφικτὴ,
2932 3147 3107 3201 πάντα
3140 3141 3529 3214 παρασύρομεν
3558 3136 3695 3206 προς

460 3238 726 3308 rapimus,
759 3236 944 3291 omnia
983 3234 1355 3304 voluptatibus
1387 3234 1593 3290 nostris
1642 3233 1921 3299 metimur,
1971 3242 2026 3288 et

460 3330 567 3384 alia
611 3327 829 3402 quidem
859 3328 982 3383 vitae
1020 3334 1224 3383 nostra;
1275 3327 1493 3382 deliciis
1545 3327 1867 3397 elargimur,
1921 3327 2027 3381 alia

454 3421 810 3483 ,recondimus
858 3420 1133 3476 haeredum
1184 3418 1451 3475 aviditati.
1502 3419 1828 3476 Miserorum
1898 3434 2028 3475 vero

464 3514 612 3567 nulla
637 3513 872 3567 habetur
904 3511 1066 3575 ratio,
1109 3510 1258 3564 nulla
1288 3524 1585 3581 pauperum
1628 3510 1823 3565 idonea
1872 3526 2027 3576 cura,

364 3657 370 3665 ,
465 3605 613 3659 nulla
641 3602 972 3659 sollicitudo.
999 3601 1044 3655 0
1075 3600 1323 3656 crudeles
1357 3602 1569 3658 animos
1597 3603 1611 3656 ί
1637 3601 1682 3657 0
1713 3610 1926 3658 mentes
1957 3602 2026 3656 ab

465 3694 614 3749 oumi
637 3693 1012 3749 misericordia
1043 3693 1250 3747 alienas
1271 3695 1284 3747 ί

541 3780 713 3835 Homo
748 3781 1023 3836 hominem
1046 3779 1193 3835 videt
1222 3788 1470 3851 egentem
1493 3795 1654 3851 pane,
1684 3796 1793 3837 non
1826 3782 2031 3837 haben-

470 3882 575 3927 tem
624 3872 880 3926 alimenta
928 3871 1051 3924 vitae
1087 3871 1438 3932 necessaria.
1489 3888 1666 3942 neque
1707 3883 1891 3929 tamen
1947 3874 2028 3927 illi

470 3968 721 4030 prompto
748 3959 1029 4029 alacrique
1052 3960 1234 4015 animo
1256 3962 1527 4026 subvenit,
1551 3971 1606 4018 et
1633 3964 1862 4019 salutem
1894 3980 2034 4034 prte-

473 4051 589 4118 bct;
619 4050 711 4106 sed
732 4050 883 4104 illum
900 4049 1156 4119 despicit,
1173 4057 1226 4104 et
1243 4059 1501 4122 tanquam
1514 4053 1777 4109 virentem
1794 4056 2033 4125 plantam

468 4157 733 4211 aquarum
775 4142 999 4211 penuria
1031 4141 1162 4197 sinit
1208 4157 1498 4199 arescere:
1552 4147 1856 4215 praesertim
1906 4161 2035 4202 cum

470 4234 721 4314 maximis
751 4233 979 4287 inundet
1006 4234 1145 4303 ipse,
1171 4242 1336 4305 atque
1367 4234 1714 4290 circumﬂuat
1747 4237 1943 4307 copiis,
1974 4244 2036 4292 ut

470 4340 535 4380 ex
564 4340 662 4380 sua
686 4323 1019 4379 abundantia
1037 4324 1197 4380 facile
1220 4326 1513 4381 multorum
1544 4327 1782 4397 inopiam
1812 4327 2037 4384 reﬁcere

470 4424 525 4471 ct
578 4430 823 4470 recreare
868 4417 1062 4483 possit.
1101 4416 1572 4481 Quemadmodum
1617 4418 1765 4473 enim
1813 4433 1877 4473 ex
1924 4433 2036 4478 uno

474 4506 619 4562 fonte
649 4506 926 4576 proﬂuens
960 4521 1101 4577 aqua
1131 4507 1329 4563 multas
1360 4522 1679 4579 camporum
1711 4509 1869 4579 longe
1902 4510 2033 4566 latc-
2069 4488 2114 4544 θ

471 4612 577 4665 que
614 4606 902 4666 protensas
932 4597 1185 4667 planities
1207 4596 1469 4653 fecundas
1487 4605 1543 4653 et
1574 4598 1771 4656 uberes
1805 4601 1986 4657 reddit
2017 4620 2033 4670 ;

470 4689 552 4743 sic
578 4687 742 4742 unius
777 4686 973 4742 domus
988 4687 1267 4757 opulentia
1297 4689 1703 4746 multitudinem
1731 4706 2035 4763 pauperum

471 4796 536 4835 ex
563 4780 821 4850 egestatis
855 4779 1124 4850 angustiis
1155 4780 1368 4850 eripere
1406 4791 1585 4851 potest
1613 4791 1667 4838 et
1698 4793 2027 4851 sustentare,

2127 3250 2226 3320 τὴν
2258 3245 2461 3302 οἰκείαν
2502 3244 2829 3298 ἀπόλαυσιν·
2864 3239 2957 3293 ml
2983 3237 3050 3291 τὰ
3085 3235 3182 3308 μὲν
3220 3237 3284 3305 τῇ
3312 3230 3519 3285 ἑαυτῶν
3561 3230 3701 3320 5—7:?-

2129 3317 2330 3411 κληροὺ
2338 3355 2436 3410 μεν
2459 3335 2594 3405 ζωῇ,
2615 3334 2682 3387 τὰ
2705 3333 2760 3386 δὲ
2780 3330 3133 3401 κληρονόμοις
3160 3343 3224 3379 τα
3235 3321 3549 3395 μιευόμεθα.
3571 3317 3701 3411 Τῶν

2127 3434 2182 3488 δὲ
2216 3410 2668 3503 δυσπραγούντων
2701 3426 2856 3494 λόγος
2884 3423 3077 3484 οὐδεὶς,
3111 3418 3231 3473 οὑδέ
3258 3416 3364 3470 τῶν
3387 3410 3703 3483 πενομένων

2130 3523 2306 3592 ἀγαθὴ
2332 3521 2588 3592 μέριμνα.
2622 3518 2686 3569 Ὢ
2712 3515 2808 3585 τῆς
2835 3509 3093 3584 ἀνηλεοὺς
3120 3506 3377 3579 γνώμηςί

2204 3780 2520 3852 Ἀνθρωπος
2564 3777 2845 3847 ἄνθρωπον
2884 3775 3005 3846 όρᾷ,
3048 3773 3210 3844 ἄρτου
3255 3769 3561 3840 πενόμενον,
3606 3766 3713 3820 καὶ

2131 3872 2229 3943 τὴν
2259 3869 2558 3939 ἀναγκαίαν
2602 3866 2915 3937 ζωπύρησιν
2953 3865 3050 3935 τῆς
3093 3864 3298 3933 τροφῆς
3340 3861 3441 3913 οὑκ
3486 3857 3711 3929 ἔχοντα·

2132 3965 2231 4017 οὑκ
2256 3963 2487 4032 ἐπαρκεῖ
2511 3960 2566 4013 δὲ
2598 3957 2911 4030 προθύμως,
2944 3955 3035 4008 ml
3064 3953 3240 4025 ὀρέγει
3270 3952 3367 4021 τὴν
3405 3950 3716 4021 σωτηρίαν,

2134 4053 2269 4109 ἀλλά
2301 4052 2551 4122 περιορᾷ,
2580 4043 2690 4103 οἷόν
2724 4066 2775 4101 τι
2804 4047 2968 4116 φυτὸν
3007 4044 3229 4106 εὐθαλὲς
3268 4042 3467 4095 ὑδάτων
3496 4041 3718 4110 ἀπορία

2136 4144 2380 4208 ἐλεεινῶς
2420 4141 2806 4214 ξηραινόμενον
2834 4156 2847 4168 ο
2898 4139 2991 4192 ml
3041 4137 3216 4190 ταῦτα
3268 4130 3720 4203 πλημμυροὺσαν

2135 4238 2272 4309 ἔχων
2298 4236 2395 4308 τὴν
2437 4233 2717 4305 ἀφθονίαν,
2764 4232 2859 4285 καὶ
2897 4228 3108 4292 πολλοῖς
3152 4223 3493 4296 ἐποχετεύειν
3546 4222 3722 4275 δυνὰο

2140 4346 2299 4401 μενος
2324 4328 2423 4399 τὴν
2452 4325 2558 4379 ἀπὸ
2578 4325 2684 4377 τῶν
2708 4322 3057 4393 ὑπαρχόντων
3081 4316 3449 4388 παραμυθίαν.
3484 4314 3579 4376 Ὣς
3608 4312 3724 4382 γὰρ

2145 4423 2271 4492 μιᾶς
2305 4419 2489 4490 πηγῆς
2523 4414 2776 4488 ἐπιρῤοὴ,
2803 4412 3001 4476 πολλὰς
3026 4410 3279 4471 πεδιάδας
3315 4406 3726 4477 ἀνηπλωμένας

2143 4512 2378 4567 πιαίνει’
2433 4509 2604 4571 οὕτως
2651 4508 2744 4561 ml
2794 4507 2921 4577 μιᾶς
2974 4504 3149 4568 οίκίας
3194 4500 3457 4571 εὐπορία,
3511 4499 3726 4575 δήμους

2143 4602 2388 4673 πενήτων
2417 4599 2637 4669 ἐξαρκεῖ
2662 4594 3051 4660 διασώσασθαι,
3088 4593 3245 4663 μόνον
3283 4591 3377 4644 ἐάν
3416 4589 3492 4658 μὴ
3525 4587 3724 4657 γνώμη

2144 4691 2398 4762 φειδωλὸς
2424 4690 2519 4743 ml
2559 4687 2940 4757 ἀκοινώνητος,
2985 4685 3059 4748 ὡς
3103 4684 3248 4747 λίθος
3295 4681 3625 4754 ἐμπεσοῦσα
3662 4682 3723 4749 τῇ

2142 4784 2376 4855 διεξόδῳ,
2403 4782 2501 4853 τὴν
2539 4779 2798 4852 ἐπιρροὴν
2830 4776 3252 4848 ἀνακρούσηται.

474 4872 632 4927 modo
664 4888 731 4928 ne
769 4887 966 4941 pauens
1000 4878 1054 4927 et
1082 4887 1279 4929 avarus
1304 4873 1520 4930 animus
1547 4876 1714 4932 veluti
1770 4879 2060 4950 prolapsus
2093 4880 2234 4952 lapis
2277 4889 2447 4932 venas
2490 4881 2545 4928 et
2619 4872 2824 4928 rivulos
2882 4884 2914 4926 e
2961 4868 3316 4940 benignitate,
3384 4872 3660 4934 tanquam
3693 4877 3723 4914 e

473 4964 624 5019 futile
678 4966 892 5034 publice
955 4965 1273 5031 delluentes,
1334 4975 1544 5024 avertat
1600 4979 1763 5039 atque
1801 4971 2133 5044 intercipiat.

546 5052 623 5110 Ne
653 5054 899 5109 vivamus
932 5055 1085 5110 carni
1115 5057 1171 5111 in
1204 5057 1367 5112 rebus
1393 5059 1648 5115 omnibus
1675 5081 1686 5115 :
1746 5062 1800 5115 in
1854 5063 2037 5132 aliqua

472 5146 720 5200 vivamus
759 5154 814 5201 et
849 5144 975 5201 Deo.
1015 5145 1230 5201 Delicias
1268 5147 1415 5203 enim
1453 5150 1757 5220 epularum,
1804 5167 1924 5222 quae
1983 5153 2037 5207 in

473 5244 719 5291 ventrem
763 5233 1168 5305 ingrediuntur,
1217 5237 1488 5293 tantulum
1544 5240 1840 5311 voluptatis
1886 5244 2038 5297 carni

474 5329 743 5384 duntaxat
771 5325 968 5383 aﬂ‘erre
1004 5335 1257 5398 possunt,
1292 5331 1613 5400 quantulum
1648 5340 1733 5387 est
1755 5332 1889 5387 illud
1917 5349 2042 5404 spa-

474 5419 634 5483 tium,
670 5432 780 5487 quo
806 5416 992 5473 fauces
1020 5418 1389 5475 continentur.
1425 5418 1559 5473 Nam
1592 5421 1755 5475 simul
1789 5436 1952 5491 atque
1979 5423 2036 5477 in

478 5517 720 5564 ventrem
749 5508 985 5577 delapsae
1007 5518 1155 5574 sunt,
1210 5518 1555 5579 putrescunt,
1588 5519 1643 5564 et
1679 5526 1776 5580 per
1811 5511 2040 5567 inferio-

480 5612 570 5653 res
582 5606 763 5668 partes
790 5599 1071 5654 secedunt.
1091 5598 1464 5655 Misericordia
1489 5614 1618 5656 vero
1649 5610 1704 5656 et
1736 5599 2041 5657 beneficen-

551 5776 571 5809 ⁸
601 5775 832 5832 Barucb.
874 5793 954 5844 ιιι,
986 5779 1073 5835 ὖἹ.

2213 5060 2304 5133 Μὴ
2329 5060 2505 5114 πάντα
2524 5060 2590 5128 τῇ
2621 5056 2813 5127 σαρκί·
2839 5053 3091 5125 ζήσωμεν
3113 5069 3165 5106 τι
3191 5051 3284 5106 ml
3310 5050 3391 5121 τῷ
3418 5049 3565 5119 Θεῷ.
3598 5049 3731 5117 τροε

2145 5152 2252 5223 φῆς
2299 5151 2398 5220 μὲν
2448 5149 2554 5218 γὰρ
2598 5146 2850 5218 αἴσθησις
2896 5145 2990 5199 ml
3045 5143 3361 5207 ἀπόλαυσις,
3389 5141 3583 5210 ὀλίγον
3628 5139 3739 5207 τῆς

2144 5242 2343 5311 σαρκὸς
2378 5240 2562 5310 μόριον
2612 5236 2918 5311 θεραπεύει,
2941 5237 3039 5307 τὴν
3089 5236 3363 5307 φάρυγγα·
3412 5236 3481 5303 τῇ
3527 5231 3754 5300 γαστρὶ

2144 5332 2199 5384 δὲ
2238 5330 2337 5395 τὰς
2382 5330 2513 5394 ὔλας
2558 5330 2866 5402 ἐνσήψασα,
2907 5329 3057 5392 τέλος
3099 5328 3211 5398 ἔχει
3263 5327 3354 5378 τὸν
3406 5323 3753 5394 ἀφεδρῶνα-

2150 5422 2334 5486 Ἔλεος
2366 5422 2423 5476 δὲ
2462 5423 2557 5476 καὶ
2585 5422 2817 5485 εὐποιία,
2851 5419 2970 5490 Θεῷ
3003 5420 3061 5472 τό
3089 5421 3194 5472 εἰσι
3228 5417 3532 5489 πράγματα
3568 5413 3760 5482 φίλας

2150 5513 2241 5565 ml
2271 5506 2424 5584 ᾧπερ
2450 5513 2516 5567 ἂν
2544 5513 2891 5583 ἐνοικήσωσιν
2932 5508 3222 5580 ἀνθρώπῳ,
3271 5509 3486 5562 θεοὺσιν
3535 5505 3765 5565 αὑτὸν,

2151 5605 2245 5656 καὶ
2300 5602 2435 5673 πρὸς
2493 5603 2723 5675 μίμησιν
2782 5602 3122 5657 ἀποτυποὺσι
3179 5599 3273 5653 τοῦ
3329 5596 3582 5668 ἀγαθοῦ,
3648 5597 3767 5650 ῖνει
