  <div class='ocr_page' id='page_1' title='image "/cluster/home/n/w/nwhite01/storage/ocr_20150623/46/hvd.32044054112198/248.png"; bbox 0 0 3896 6204; ppageno 0'>
   <div class='ocr_carea' id='block_1_1' title="bbox 321 232 420 289">
    <p class='ocr_par' dir='ltr' id='par_1_1' title="bbox 321 232 420 289">
     <span class='ocr_line' id='line_1_1' title="bbox 321 232 420 289; baseline -0.02 0"><span class='ocrx_word' id='word_1_1' title='bbox 321 232 420 289; x_wconf 64' lang='grc'><strong>885</strong></span> 
     </span>
    </p>
   </div>
   <div class='ocr_carea' id='block_1_2' title="bbox 1486 233 2404 295">
    <p class='ocr_par' dir='ltr' id='par_1_2' title="bbox 1486 233 2404 295">
     <span class='ocr_line' id='line_1_2' title="bbox 1486 233 2404 295; baseline 0.007 -6"><span class='ocrx_word' id='word_1_2' title='bbox 1486 235 1572 290; x_wconf 84' lang='lat' dir='ltr'><strong>DE</strong></span> <span class='ocrx_word' id='word_1_3' title='bbox 1607 233 2046 293; x_wconf 73' lang='lat' dir='ltr'><strong>PAUPERIBUS</strong></span> <span class='ocrx_word' id='word_1_4' title='bbox 2077 236 2404 295; x_wconf 75' lang='lat' dir='ltr'><strong>AMANMS.</strong></span> 
     </span>
    </p>
   </div>
   <div class='ocr_carea' id='block_1_3' title="bbox 3462 233 3566 291">
    <p class='ocr_par' dir='ltr' id='par_1_3' title="bbox 3462 233 3566 291">
     <span class='ocr_line' id='line_1_3' title="bbox 3462 233 3566 291; baseline -0.019 0"><span class='ocrx_word' id='word_1_5' title='bbox 3462 233 3566 291; x_wconf 65' lang='lat'><strong>466</strong></span> 
     </span>
    </p>
   </div>
   <div class='ocr_carea' id='block_1_4' title="bbox 315 349 1901 433">
    <p class='ocr_par' dir='ltr' id='par_1_4' title="bbox 315 349 1892 426">
     <span class='ocr_line' id='line_1_4' title="bbox 315 349 1892 426; baseline 0.004 -23"><span class='ocrx_word' id='word_1_6' title='bbox 315 350 536 424; x_wconf 76' lang='grc' dir='ltr'>ὑπάρχῃ</span> <span class='ocrx_word' id='word_1_7' title='bbox 580 349 743 405; x_wconf 82' lang='grc' dir='ltr'>εἰκὼν</span> <span class='ocrx_word' id='word_1_8' title='bbox 782 350 883 422; x_wconf 79' lang='grc' dir='ltr'>τῆς</span> <span class='ocrx_word' id='word_1_9' title='bbox 914 352 1138 424; x_wconf 80' lang='grc' dir='ltr'><strong>πρώτης</strong></span> <span class='ocrx_word' id='word_1_10' title='bbox 1165 355 1258 408; x_wconf 82' lang='grc' dir='ltr'>καὶ</span> <span class='ocrx_word' id='word_1_11' title='bbox 1289 354 1567 426; x_wconf 80' lang='grc' dir='ltr'><strong>ἀκηράτου</strong></span> <span class='ocrx_word' id='word_1_12' title='bbox 1592 357 1686 410; x_wconf 77' lang='grc' dir='ltr'>καὶ</span> <span class='ocrx_word' id='word_1_13' title='bbox 1715 357 1892 411; x_wconf 91' lang='grc' dir='ltr'>πάντα</span> 
     </span>
    </p>
   </div>
   <div class='ocr_carea' id='block_1_5' title="bbox 2009 349 3570 433">
    <p class='ocr_par' dir='ltr' id='par_1_5' title="bbox 2009 357 3570 433">
     <span class='ocr_line' id='line_1_5' title="bbox 2009 357 3570 433; baseline 0 -24"><span class='ocrx_word' id='word_1_14' title='bbox 2009 357 2067 410; x_wconf 89' lang='lat' dir='ltr'><strong>.ia</strong></span> <span class='ocrx_word' id='word_1_15' title='bbox 2098 358 2330 416; x_wconf 75' lang='lat' dir='ltr'><strong>virtutes</strong></span> <span class='ocrx_word' id='word_1_16' title='bbox 2368 368 2500 416; x_wconf 92' lang='lat' dir='ltr'><strong>sunt</strong></span> <span class='ocrx_word' id='word_1_17' title='bbox 2526 362 2639 417; x_wconf 89' lang='lat' dir='ltr'><strong>Deo</strong></span> <span class='ocrx_word' id='word_1_18' title='bbox 2668 360 3019 433; x_wconf 62' lang='lat' dir='ltr'><strong>gratissima):</strong></span> <span class='ocrx_word' id='word_1_19' title='bbox 3041 374 3164 432; x_wconf 62' lang='lat' dir='ltr'><strong>qua:</strong></span> <span class='ocrx_word' id='word_1_20' title='bbox 3189 358 3236 416; x_wconf 92' lang='lat' dir='ltr'><strong>si</strong></span> <span class='ocrx_word' id='word_1_21' title='bbox 3258 357 3418 428; x_wconf 81' lang='lat' dir='ltr'><strong>cujus</strong></span> <span class='ocrx_word' id='word_1_22' title='bbox 3448 357 3570 412; x_wconf 89' lang='lat' dir='ltr'><strong>ani-</strong></span> 
     </span>
    </p>
   </div>
   <div class='ocr_carea' id='block_1_6' title="bbox 307 441 1889 518">
    <p class='ocr_par' dir='ltr' id='par_1_6' title="bbox 307 441 1889 518">
     <span class='ocr_line' id='line_1_6' title="bbox 307 441 1889 518; baseline 0.003 -24"><span class='ocrx_word' id='word_1_23' title='bbox 307 443 440 496; x_wconf 78' lang='grc' dir='ltr'>νοῦν</span> <span class='ocrx_word' id='word_1_24' title='bbox 473 441 905 514; x_wconf 78' lang='grc' dir='ltr'>ὑπερϐαινούσης</span> <span class='ocrx_word' id='word_1_25' title='bbox 924 443 1130 507; x_wconf 82' lang='grc' dir='ltr'>οὐσίας.</span> <span class='ocrx_word' id='word_1_26' title='bbox 1156 446 1265 515; x_wconf 86' lang='grc' dir='ltr'><strong>Τῆς</strong></span> <span class='ocrx_word' id='word_1_27' title='bbox 1288 445 1344 499; x_wconf 81' lang='grc' dir='ltr'>δὲ</span> <span class='ocrx_word' id='word_1_28' title='bbox 1375 446 1609 517; x_wconf 82' lang='grc' dir='ltr'><strong>σπουδῆς</strong></span> <span class='ocrx_word' id='word_1_29' title='bbox 1635 446 1694 499; x_wconf 85' lang='grc' dir='ltr'>τὸ</span> <span class='ocrx_word' id='word_1_30' title='bbox 1721 446 1889 518; x_wconf 85' lang='grc' dir='ltr'>πέρας</span> 
     </span>
    </p>
   </div>
   <div class='ocr_carea' id='block_1_7' title="bbox 306 533 878 603">
    <p class='ocr_par' dir='ltr' id='par_1_7' title="bbox 306 533 878 603">
     <span class='ocr_line' id='line_1_7' title="bbox 306 533 878 603; baseline 0 -16"><span class='ocrx_word' id='word_1_31' title='bbox 306 536 504 587; x_wconf 80' lang='grc' dir='ltr'>ὁποῖον</span> <span class='ocrx_word' id='word_1_32' title='bbox 538 533 839 603; x_wconf 74' lang='grc' dir='ltr'><strong>ἐγγυῶνται</strong></span> <span class='ocrx_word' id='word_1_33' title='bbox 862 552 878 601; x_wconf 89' lang='grc'>;</span> 
     </span>
    </p>
   </div>
   <div class='ocr_carea' id='block_1_8' title="bbox 1998 451 3571 518">
    <p class='ocr_par' dir='ltr' id='par_1_8' title="bbox 1998 451 3571 518">
     <span class='ocr_line' id='line_1_8' title="bbox 1998 451 3571 518; baseline -0.003 -15"><span class='ocrx_word' id='word_1_34' title='bbox 1998 464 2146 506; x_wconf 85' lang='lat' dir='ltr'><strong>mum</strong></span> <span class='ocrx_word' id='word_1_35' title='bbox 2172 451 2519 518; x_wconf 89' lang='lat' dir='ltr'><strong>incoluerint,</strong></span> <span class='ocrx_word' id='word_1_36' title='bbox 2549 469 2672 510; x_wconf 89' lang='lat' dir='ltr'><strong>eum</strong></span> <span class='ocrx_word' id='word_1_37' title='bbox 2710 454 2954 509; x_wconf 87' lang='lat' dir='ltr'><strong>divinum</strong></span> <span class='ocrx_word' id='word_1_38' title='bbox 2989 451 3248 518; x_wconf 79' lang='lat' dir='ltr'><strong>etiiciunt,</strong></span> <span class='ocrx_word' id='word_1_39' title='bbox 3273 459 3327 505; x_wconf 81' lang='lat' dir='ltr'><strong>et</strong></span> <span class='ocrx_word' id='word_1_40' title='bbox 3355 463 3571 503; x_wconf 86' lang='lat' dir='ltr'><strong>summo</strong></span> 
     </span>
    </p>
   </div>
   <div class='ocr_carea' id='block_1_9' title="bbox 2010 536 3570 611">
    <p class='ocr_par' dir='ltr' id='par_1_9' title="bbox 2010 536 3570 611">
     <span class='ocr_line' id='line_1_9' title="bbox 2010 536 3570 611; baseline -0.001 -21"><span class='ocrx_word' id='word_1_41' title='bbox 2010 538 2088 592; x_wconf 75' lang='lat' dir='ltr'><strong>illi</strong></span> <span class='ocrx_word' id='word_1_42' title='bbox 2121 539 2264 595; x_wconf 91' lang='lat' dir='ltr'><strong>bono</strong></span> <span class='ocrx_word' id='word_1_43' title='bbox 2301 557 2465 611; x_wconf 91' lang='lat' dir='ltr'><strong>quam</strong></span> <span class='ocrx_word' id='word_1_44' title='bbox 2512 542 2850 598; x_wconf 89' lang='lat' dir='ltr'><strong>simillimum</strong></span> <span class='ocrx_word' id='word_1_45' title='bbox 2887 540 3141 605; x_wconf 84' lang='lat' dir='ltr'><strong>reddunt,</strong></span> <span class='ocrx_word' id='word_1_46' title='bbox 3178 540 3316 594; x_wconf 87' lang='lat' dir='ltr'><strong>adeo</strong></span> <span class='ocrx_word' id='word_1_47' title='bbox 3357 548 3418 591; x_wconf 92' lang='lat' dir='ltr'><strong>ut</strong></span> <span class='ocrx_word' id='word_1_48' title='bbox 3456 536 3570 605; x_wconf 83' lang='lat' dir='ltr'><strong>pri—</strong></span> 
     </span>
    </p>
   </div>
   <div class='ocr_carea' id='block_1_10' title="bbox 309 627 3573 706">
    <p class='ocr_par' dir='ltr' id='par_1_10' title="bbox 309 627 3573 706">
     <span class='ocr_line' id='line_1_10' title="bbox 309 627 3573 706; baseline 0.001 -29"><span class='ocrx_word' id='word_1_49' title='bbox 309 640 422 680; x_wconf 76' lang='lat' dir='ltr'><strong>mae</strong></span> <span class='ocrx_word' id='word_1_50' title='bbox 456 627 606 681; x_wconf 91' lang='lat' dir='ltr'><strong>illius</strong></span> <span class='ocrx_word' id='word_1_51' title='bbox 632 637 794 696; x_wconf 89' lang='lat' dir='ltr'><strong>atque</strong></span> <span class='ocrx_word' id='word_1_52' title='bbox 816 629 1147 683; x_wconf 70' lang='lat' dir='ltr'><strong>immortalis</strong></span> <span class='ocrx_word' id='word_1_53' title='bbox 1178 637 1233 684; x_wconf 91' lang='lat' dir='ltr'><strong>et</strong></span> <span class='ocrx_word' id='word_1_54' title='bbox 1268 638 1501 686; x_wconf 91' lang='lat' dir='ltr'><strong>mentem</strong></span> <span class='ocrx_word' id='word_1_55' title='bbox 1535 646 1751 686; x_wconf 90' lang='lat' dir='ltr'><strong>omnem</strong></span> <span class='ocrx_word' id='word_1_56' title='bbox 1793 632 2106 701; x_wconf 79' lang='lat' dir='ltr'><strong>superantis</strong></span> <span class='ocrx_word' id='word_1_57' title='bbox 2164 641 2371 690; x_wconf 70' lang='lat' dir='ltr'><strong>natura:</strong></span> <span class='ocrx_word' id='word_1_58' title='bbox 2404 636 2696 692; x_wconf 72' lang='lat' dir='ltr'><strong>decoretur</strong></span> <span class='ocrx_word' id='word_1_59' title='bbox 2729 636 2986 706; x_wconf 76' lang='lat' dir='ltr'><strong>imagine.</strong></span> <span class='ocrx_word' id='word_1_60' title='bbox 3044 634 3113 688; x_wconf 87' lang='lat' dir='ltr'><strong>At</strong></span> <span class='ocrx_word' id='word_1_61' title='bbox 3170 632 3389 703; x_wconf 88' lang='lat' dir='ltr'><strong>qualem</strong></span> <span class='ocrx_word' id='word_1_62' title='bbox 3454 635 3573 684; x_wconf 85' lang='lat' dir='ltr'><strong>stu-</strong></span> 
     </span>
    </p>
   </div>
   <div class='ocr_carea' id='block_1_11' title="bbox 311 716 1340 788">
    <p class='ocr_par' dir='ltr' id='par_1_11' title="bbox 311 716 1340 788">
     <span class='ocr_line' id='line_1_11' title="bbox 311 716 1340 788; baseline 0.006 -19"><span class='ocrx_word' id='word_1_63' title='bbox 311 716 395 769; x_wconf 85' lang='lat' dir='ltr'><strong>dii</strong></span> <span class='ocrx_word' id='word_1_64' title='bbox 431 718 745 788; x_wconf 80' lang='lat' dir='ltr'><strong>laborisque</strong></span> <span class='ocrx_word' id='word_1_65' title='bbox 782 718 942 774; x_wconf 77' lang='lat' dir='ltr'><strong>tinem</strong></span> <span class='ocrx_word' id='word_1_66' title='bbox 976 720 1340 788; x_wconf 72' lang='lat' dir='ltr'><strong>pollicentur?</strong></span> 
     </span>
    </p>
   </div>
   <div class='ocr_carea' id='block_1_12' title="bbox 400 808 1892 886">
    <p class='ocr_par' dir='ltr' id='par_1_12' title="bbox 400 808 1892 886">
     <span class='ocr_line' id='line_1_12' title="bbox 400 808 1892 886; baseline 0.004 -25"><span class='ocrx_word' id='word_1_67' title='bbox 400 808 664 863; x_wconf 79' lang='grc' dir='ltr'><strong>Ἐνταῦθα</strong></span> <span class='ocrx_word' id='word_1_68' title='bbox 700 810 801 881; x_wconf 69' lang='grc' dir='ltr'>μὲν</span> <span class='ocrx_word' id='word_1_69' title='bbox 844 810 1015 881; x_wconf 83' lang='grc' dir='ltr'>καλὴν</span> <span class='ocrx_word' id='word_1_70' title='bbox 1050 811 1260 877; x_wconf 80' lang='grc' dir='ltr'>ἐλπίδα,</span> <span class='ocrx_word' id='word_1_71' title='bbox 1311 815 1406 870; x_wconf 81' lang='grc' dir='ltr'>καὶ</span> <span class='ocrx_word' id='word_1_72' title='bbox 1434 813 1761 886; x_wconf 82' lang='grc' dir='ltr'><strong>προσδοκίαν</strong></span> <span class='ocrx_word' id='word_1_73' title='bbox 1800 815 1892 867; x_wconf 81' lang='grc' dir='ltr'>εὐ-</span> 
     </span>
    </p>
   </div>
   <div class='ocr_carea' id='block_1_13' title="bbox 312 900 1896 975">
    <p class='ocr_par' dir='ltr' id='par_1_13' title="bbox 312 900 1896 975">
     <span class='ocr_line' id='line_1_13' title="bbox 312 900 1896 975; baseline 0.004 -25"><span class='ocrx_word' id='word_1_74' title='bbox 312 900 647 970; x_wconf 80' lang='grc' dir='ltr'>φραίνουσαν</span> <span class='ocrx_word' id='word_1_75' title='bbox 671 915 686 929; x_wconf 89' lang='grc'><strong>·</strong></span> <span class='ocrx_word' id='word_1_76' title='bbox 739 901 797 953; x_wconf 83' lang='grc' dir='ltr'>ὲν</span> <span class='ocrx_word' id='word_1_77' title='bbox 841 900 900 954; x_wconf 80' lang='grc' dir='ltr'><strong>δὲ</strong></span> <span class='ocrx_word' id='word_1_78' title='bbox 939 902 1052 964; x_wconf 86' lang='grc' dir='ltr'>τοῖς</span> <span class='ocrx_word' id='word_1_79' title='bbox 1100 900 1318 969; x_wconf 74' lang='grc' dir='ltr'>ἔπειτα,</span> <span class='ocrx_word' id='word_1_80' title='bbox 1369 904 1495 957; x_wconf 81' lang='grc' dir='ltr'>ὅταν</span> <span class='ocrx_word' id='word_1_81' title='bbox 1537 904 1635 974; x_wconf 81' lang='grc' dir='ltr'>τὴν</span> <span class='ocrx_word' id='word_1_82' title='bbox 1670 903 1896 975; x_wconf 79' lang='grc' dir='ltr'><strong>ῥέουσαν</strong></span> 
     </span>
    </p>
   </div>
   <div class='ocr_carea' id='block_1_14' title="bbox 311 988 1896 1067">
    <p class='ocr_par' dir='ltr' id='par_1_14' title="bbox 311 988 1896 1067">
     <span class='ocr_line' id='line_1_14' title="bbox 311 988 1896 1067; baseline 0.003 -25"><span class='ocrx_word' id='word_1_83' title='bbox 311 988 518 1061; x_wconf 88' lang='grc' dir='ltr'>ταύτην</span> <span class='ocrx_word' id='word_1_84' title='bbox 542 990 1052 1061; x_wconf 85' lang='grc' dir='ltr'>ἀποσκευασάμενοι</span> <span class='ocrx_word' id='word_1_85' title='bbox 1073 991 1273 1063; x_wconf 84' lang='grc' dir='ltr'><strong>σάρκα,</strong></span> <span class='ocrx_word' id='word_1_86' title='bbox 1299 993 1396 1066; x_wconf 84' lang='grc' dir='ltr'>τὴν</span> <span class='ocrx_word' id='word_1_87' title='bbox 1426 994 1730 1067; x_wconf 80' lang='grc' dir='ltr'><strong>ἀφθαρσίαν</strong></span> <span class='ocrx_word' id='word_1_88' title='bbox 1768 1012 1896 1065; x_wconf 86' lang='grc' dir='ltr'>μετ-</span> 
     </span>
    </p>
   </div>
   <div class='ocr_carea' id='block_1_15' title="bbox 313 1076 1898 1155">
    <p class='ocr_par' dir='ltr' id='par_1_15' title="bbox 313 1076 1898 1155">
     <span class='ocr_line' id='line_1_15' title="bbox 313 1076 1898 1155; baseline 0.004 -25"><span class='ocrx_word' id='word_1_89' title='bbox 313 1076 684 1148; x_wconf 79' lang='grc' dir='ltr'>ενδυσώμεθα,</span> <span class='ocrx_word' id='word_1_90' title='bbox 730 1080 1005 1150; x_wconf 78' lang='grc' dir='ltr'><strong>μακαρίαν</strong></span> <span class='ocrx_word' id='word_1_91' title='bbox 1067 1081 1245 1152; x_wconf 79' lang='grc' dir='ltr'>ζωὴν,</span> <span class='ocrx_word' id='word_1_92' title='bbox 1288 1082 1519 1155; x_wconf 77' lang='grc' dir='ltr'>ἄληκτον</span> <span class='ocrx_word' id='word_1_93' title='bbox 1564 1085 1660 1139; x_wconf 76' lang='grc' dir='ltr'><strong>καὶ</strong></span> <span class='ocrx_word' id='word_1_94' title='bbox 1700 1084 1898 1139; x_wconf 85' lang='grc' dir='ltr'>ἀνώλε-</span> 
     </span>
    </p>
   </div>
   <div class='ocr_carea' id='block_1_16' title="bbox 312 1168 1899 1246">
    <p class='ocr_par' dir='ltr' id='par_1_16' title="bbox 312 1168 1899 1246">
     <span class='ocr_line' id='line_1_16' title="bbox 312 1168 1899 1246; baseline 0.005 -26"><span class='ocrx_word' id='word_1_95' title='bbox 312 1168 469 1239; x_wconf 80' lang='grc' dir='ltr'>θρον,</span> <span class='ocrx_word' id='word_1_96' title='bbox 505 1170 564 1221; x_wconf 85' lang='grc' dir='ltr'>ὲν</span> <span class='ocrx_word' id='word_1_97' title='bbox 608 1169 950 1241; x_wconf 82' lang='grc' dir='ltr'>θαυμασταῖς</span> <span class='ocrx_word' id='word_1_98' title='bbox 979 1188 1089 1225; x_wconf 88' lang='grc' dir='ltr'>τισι</span> <span class='ocrx_word' id='word_1_99' title='bbox 1121 1173 1216 1225; x_wconf 80' lang='grc' dir='ltr'>καὶ</span> <span class='ocrx_word' id='word_1_100' title='bbox 1257 1173 1351 1228; x_wconf 76' lang='grc' dir='ltr'>νῦν</span> <span class='ocrx_word' id='word_1_101' title='bbox 1382 1176 1442 1229; x_wconf 89' lang='grc' dir='ltr'>οὐ</span> <span class='ocrx_word' id='word_1_102' title='bbox 1469 1175 1899 1246; x_wconf 86' lang='grc' dir='ltr'>γινωσκομέναις</span> 
     </span>
    </p>
   </div>
   <div class='ocr_carea' id='block_1_17' title="bbox 315 1259 1290 1332">
    <p class='ocr_par' dir='ltr' id='par_1_17' title="bbox 315 1259 1290 1332">
     <span class='ocr_line' id='line_1_17' title="bbox 315 1259 1290 1332; baseline 0.005 -21"><span class='ocrx_word' id='word_1_103' title='bbox 315 1261 446 1329; x_wconf 75' lang='grc' dir='ltr'>ἡμῖν</span> <span class='ocrx_word' id='word_1_104' title='bbox 476 1259 795 1324; x_wconf 73' lang='grc' dir='ltr'><strong>εὐπαθείαις</strong></span> <span class='ocrx_word' id='word_1_105' title='bbox 827 1261 1290 1332; x_wconf 84' lang='grc' dir='ltr'>ηὑτρεπισμένην.</span> 
     </span>
    </p>
   </div>
   <div class='ocr_carea' id='block_1_18' title="bbox 383 1426 1896 1501">
    <p class='ocr_par' dir='ltr' id='par_1_18' title="bbox 383 1426 1896 1501">
     <span class='ocr_line' id='line_1_18' title="bbox 383 1426 1896 1501; baseline 0.001 -20"><span class='ocrx_word' id='word_1_106' title='bbox 383 1426 599 1481; x_wconf 78' lang='grc' dir='ltr'>Οὐκοῦν</span> <span class='ocrx_word' id='word_1_107' title='bbox 625 1429 673 1481; x_wconf 89' lang='grc' dir='ltr'>οί</span> <span class='ocrx_word' id='word_1_108' title='bbox 705 1428 913 1497; x_wconf 74' lang='grc' dir='ltr'>λογικοὶ</span> <span class='ocrx_word' id='word_1_109' title='bbox 944 1429 1271 1495; x_wconf 79' lang='grc' dir='ltr'><strong>κτισθέντες,</strong></span> <span class='ocrx_word' id='word_1_110' title='bbox 1299 1432 1393 1485; x_wconf 70' lang='grc' dir='ltr'>καὶ</span> <span class='ocrx_word' id='word_1_111' title='bbox 1419 1430 1510 1484; x_wconf 71' lang='grc' dir='ltr'>τὸν</span> <span class='ocrx_word' id='word_1_112' title='bbox 1531 1431 1653 1486; x_wconf 81' lang='grc' dir='ltr'>νοῦν</span> <span class='ocrx_word' id='word_1_113' title='bbox 1686 1431 1896 1501; x_wconf 78' lang='grc' dir='ltr'>ἔχοντες</span> 
     </span>
    </p>
   </div>
   <div class='ocr_carea' id='block_1_19' title="bbox 311 1516 1895 1594">
    <p class='ocr_par' dir='ltr' id='par_1_19' title="bbox 311 1516 1895 1594">
     <span class='ocr_line' id='line_1_19' title="bbox 311 1516 1895 1594; baseline 0.004 -25"><span class='ocrx_word' id='word_1_114' title='bbox 311 1516 422 1570; x_wconf 88' lang='grc' dir='ltr'><strong>τῶν</strong></span> <span class='ocrx_word' id='word_1_115' title='bbox 450 1516 613 1571; x_wconf 80' lang='grc' dir='ltr'>θείων</span> <span class='ocrx_word' id='word_1_116' title='bbox 640 1518 885 1590; x_wconf 78' lang='grc' dir='ltr'>ἑρμηνέα</span> <span class='ocrx_word' id='word_1_117' title='bbox 925 1520 1018 1573; x_wconf 78' lang='grc' dir='ltr'><strong>καὶ</strong></span> <span class='ocrx_word' id='word_1_118' title='bbox 1045 1519 1355 1591; x_wconf 81' lang='grc' dir='ltr'><strong>παιδευτὴν,</strong></span> <span class='ocrx_word' id='word_1_119' title='bbox 1392 1520 1465 1591; x_wconf 85' lang='grc' dir='ltr'>μὴ</span> <span class='ocrx_word' id='word_1_120' title='bbox 1490 1524 1602 1585; x_wconf 88' lang='grc' dir='ltr'>τοῖς</span> <span class='ocrx_word' id='word_1_121' title='bbox 1632 1523 1895 1594; x_wconf 65' lang='grc' dir='ltr'>προσκαί-</span> 
     </span>
    </p>
   </div>
   <div class='ocr_carea' id='block_1_20' title="bbox 2070 808 3568 881">
    <p class='ocr_par' dir='ltr' id='par_1_20' title="bbox 2070 808 3568 881">
     <span class='ocr_line' id='line_1_20' title="bbox 2070 808 3568 881; baseline -0.003 -17"><span class='ocrx_word' id='word_1_122' title='bbox 2070 809 2226 865; x_wconf 86' lang='lat' dir='ltr'><strong>Nunc</strong></span> <span class='ocrx_word' id='word_1_123' title='bbox 2241 811 2462 881; x_wconf 89' lang='lat' dir='ltr'><strong>quidem</strong></span> <span class='ocrx_word' id='word_1_124' title='bbox 2495 811 2813 881; x_wconf 76' lang='lat' dir='ltr'><strong>praeclaram</strong></span> <span class='ocrx_word' id='word_1_125' title='bbox 2846 825 3021 881; x_wconf 86' lang='lat' dir='ltr'><strong>spem,</strong></span> <span class='ocrx_word' id='word_1_126' title='bbox 3043 817 3097 865; x_wconf 93' lang='lat' dir='ltr'><strong>et</strong></span> <span class='ocrx_word' id='word_1_127' title='bbox 3128 808 3329 864; x_wconf 70' lang='lat' dir='ltr'><strong>laetitiae</strong></span> <span class='ocrx_word' id='word_1_128' title='bbox 3354 809 3568 878; x_wconf 83' lang='lat' dir='ltr'><strong>plenam</strong></span> 
     </span>
    </p>
   </div>
   <div class='ocr_carea' id='block_1_21' title="bbox 1998 898 3572 972">
    <p class='ocr_par' dir='ltr' id='par_1_21' title="bbox 1998 898 3572 972">
     <span class='ocr_line' id='line_1_21' title="bbox 1998 898 3572 972; baseline -0.003 -17"><span class='ocrx_word' id='word_1_129' title='bbox 1998 901 2493 971; x_wconf 74' lang='lat' dir='ltr'><strong>exspectationem;</strong></span> <span class='ocrx_word' id='word_1_130' title='bbox 2528 912 2652 971; x_wconf 91' lang='lat' dir='ltr'><strong>post</strong></span> <span class='ocrx_word' id='word_1_131' title='bbox 2684 909 2865 956; x_wconf 91' lang='lat' dir='ltr'><strong>autem</strong></span> <span class='ocrx_word' id='word_1_132' title='bbox 2902 899 3122 972; x_wconf 86' lang='lat' dir='ltr'><strong>quando</strong></span> <span class='ocrx_word' id='word_1_133' title='bbox 3159 899 3318 954; x_wconf 87' lang='lat' dir='ltr'><strong>istius</strong></span> <span class='ocrx_word' id='word_1_134' title='bbox 3349 898 3572 953; x_wconf 87' lang='lat' dir='ltr'><strong>assidue</strong></span> 
     </span>
    </p>
   </div>
   <div class='ocr_carea' id='block_1_22' title="bbox 1997 987 3572 1062">
    <p class='ocr_par' dir='ltr' id='par_1_22' title="bbox 1997 987 3572 1062">
     <span class='ocr_line' id='line_1_22' title="bbox 1997 987 3572 1062; baseline -0.002 -17"><span class='ocrx_word' id='word_1_135' title='bbox 1997 989 2218 1047; x_wconf 77' lang='lat' dir='ltr'><strong>fluentis</strong></span> <span class='ocrx_word' id='word_1_136' title='bbox 2244 992 2430 1048; x_wconf 90' lang='lat' dir='ltr'><strong>carnis</strong></span> <span class='ocrx_word' id='word_1_137' title='bbox 2469 993 2658 1062; x_wconf 88' lang='lat' dir='ltr'><strong>spoliis</strong></span> <span class='ocrx_word' id='word_1_138' title='bbox 2688 992 2836 1047; x_wconf 83' lang='lat' dir='ltr'><strong>exuti</strong></span> <span class='ocrx_word' id='word_1_139' title='bbox 2872 989 3338 1046; x_wconf 82' lang='lat' dir='ltr'><strong>immortalitatem</strong></span> <span class='ocrx_word' id='word_1_140' title='bbox 3379 987 3572 1043; x_wconf 85' lang='lat' dir='ltr'><strong>indue-</strong></span> 
     </span>
    </p>
   </div>
   <div class='ocr_carea' id='block_1_23' title="bbox 1999 1076 3569 1149">
    <p class='ocr_par' dir='ltr' id='par_1_23' title="bbox 1999 1076 3569 1149">
     <span class='ocr_line' id='line_1_23' title="bbox 1999 1076 3569 1149; baseline -0.004 -15"><span class='ocrx_word' id='word_1_141' title='bbox 1999 1082 2194 1148; x_wconf 89' lang='lat' dir='ltr'><strong>rimus,</strong></span> <span class='ocrx_word' id='word_1_142' title='bbox 2246 1082 2413 1138; x_wconf 90' lang='lat' dir='ltr'><strong>vitam</strong></span> <span class='ocrx_word' id='word_1_143' title='bbox 2459 1081 2695 1149; x_wconf 86' lang='lat' dir='ltr'><strong>beatam,</strong></span> <span class='ocrx_word' id='word_1_144' title='bbox 2755 1082 2963 1136; x_wconf 91' lang='lat' dir='ltr'><strong>nullum</strong></span> <span class='ocrx_word' id='word_1_145' title='bbox 3023 1079 3185 1135; x_wconf 84' lang='lat' dir='ltr'><strong>linem</strong></span> <span class='ocrx_word' id='word_1_146' title='bbox 3239 1076 3569 1138; x_wconf 84' lang='lat' dir='ltr'><strong>habituram,</strong></span> 
     </span>
    </p>
   </div>
   <div class='ocr_carea' id='block_1_24' title="bbox 1998 1166 3570 1238">
    <p class='ocr_par' dir='ltr' id='par_1_24' title="bbox 1998 1166 3570 1238">
     <span class='ocr_line' id='line_1_24' title="bbox 1998 1166 3570 1238; baseline -0.004 -12"><span class='ocrx_word' id='word_1_147' title='bbox 1998 1173 2166 1235; x_wconf 85' lang='lat' dir='ltr'><strong>nullis</strong></span> <span class='ocrx_word' id='word_1_148' title='bbox 2202 1173 2363 1228; x_wconf 90' lang='lat' dir='ltr'><strong>malis</strong></span> <span class='ocrx_word' id='word_1_149' title='bbox 2390 1173 2708 1238; x_wconf 76' lang='lat' dir='ltr'><strong>obnoxiam,</strong></span> <span class='ocrx_word' id='word_1_150' title='bbox 2737 1173 2794 1227; x_wconf 93' lang='lat' dir='ltr'><strong>in</strong></span> <span class='ocrx_word' id='word_1_151' title='bbox 2837 1171 3067 1227; x_wconf 90' lang='lat' dir='ltr'><strong>summis</strong></span> <span class='ocrx_word' id='word_1_152' title='bbox 3108 1179 3164 1225; x_wconf 92' lang='lat' dir='ltr'><strong>et</strong></span> <span class='ocrx_word' id='word_1_153' title='bbox 3211 1166 3570 1229; x_wconf 84' lang='lat' dir='ltr'><strong>admirandis,</strong></span> 
     </span>
    </p>
   </div>
   <div class='ocr_carea' id='block_1_25' title="bbox 1997 1258 3572 1336">
    <p class='ocr_par' dir='ltr' id='par_1_25' title="bbox 1997 1258 3572 1336">
     <span class='ocr_line' id='line_1_25' title="bbox 1997 1258 3572 1336; baseline -0.004 -19"><span class='ocrx_word' id='word_1_154' title='bbox 1997 1278 2229 1334; x_wconf 69' lang='lat' dir='ltr'><strong>quaeque</strong></span> <span class='ocrx_word' id='word_1_155' title='bbox 2260 1265 2350 1320; x_wconf 91' lang='lat' dir='ltr'><strong>hic</strong></span> <span class='ocrx_word' id='word_1_156' title='bbox 2402 1281 2432 1319; x_wconf 91' lang='lat' dir='ltr'><strong>a</strong></span> <span class='ocrx_word' id='word_1_157' title='bbox 2478 1266 2637 1320; x_wconf 90' lang='lat' dir='ltr'><strong>nobis</strong></span> <span class='ocrx_word' id='word_1_158' title='bbox 2676 1264 2989 1336; x_wconf 72' lang='lat' dir='ltr'><strong>cognitione</strong></span> <span class='ocrx_word' id='word_1_159' title='bbox 3024 1258 3410 1330; x_wconf 83' lang='lat' dir='ltr'><strong>comprehendi</strong></span> <span class='ocrx_word' id='word_1_160' title='bbox 3462 1272 3572 1311; x_wconf 82' lang='lat' dir='ltr'><strong>non</strong></span> 
     </span>
    </p>
   </div>
   <div class='ocr_carea' id='block_1_26' title="bbox 1995 1352 3354 1425">
    <p class='ocr_par' dir='ltr' id='par_1_26' title="bbox 1995 1352 3354 1425">
     <span class='ocr_line' id='line_1_26' title="bbox 1995 1352 3354 1425; baseline -0.004 -16"><span class='ocrx_word' id='word_1_161' title='bbox 1995 1362 2246 1424; x_wconf 83' lang='lat' dir='ltr'><strong>possunt,</strong></span> <span class='ocrx_word' id='word_1_162' title='bbox 2283 1365 2592 1412; x_wconf 81' lang='lat' dir='ltr'><strong>versantem</strong></span> <span class='ocrx_word' id='word_1_163' title='bbox 2625 1355 2839 1425; x_wconf 88' lang='lat' dir='ltr'><strong>gaudiis</strong></span> <span class='ocrx_word' id='word_1_164' title='bbox 2864 1361 2919 1409; x_wconf 87' lang='lat' dir='ltr'><strong>et</strong></span> <span class='ocrx_word' id='word_1_165' title='bbox 2962 1352 3354 1422; x_wconf 80' lang='lat' dir='ltr'><strong>voluptatibus.</strong></span> 
     </span>
    </p>
   </div>
   <div class='ocr_carea' id='block_1_27' title="bbox 2068 1445 3568 1518">
    <p class='ocr_par' dir='ltr' id='par_1_27' title="bbox 2068 1445 3568 1518">
     <span class='ocr_line' id='line_1_27' title="bbox 2068 1445 3568 1518; baseline -0.006 -19"><span class='ocrx_word' id='word_1_166' title='bbox 2068 1445 2179 1503; x_wconf 82' lang='lat' dir='ltr'><strong>Vos</strong></span> <span class='ocrx_word' id='word_1_167' title='bbox 2214 1447 2401 1518; x_wconf 85' lang='lat' dir='ltr'><strong>igitur,</strong></span> <span class='ocrx_word' id='word_1_168' title='bbox 2430 1448 2522 1518; x_wconf 86' lang='lat' dir='ltr'><strong>qui</strong></span> <span class='ocrx_word' id='word_1_169' title='bbox 2557 1447 2768 1502; x_wconf 89' lang='lat' dir='ltr'><strong>ratione</strong></span> <span class='ocrx_word' id='word_1_170' title='bbox 2791 1445 3026 1517; x_wconf 72' lang='lat' dir='ltr'><strong>przediti,</strong></span> <span class='ocrx_word' id='word_1_171' title='bbox 3063 1451 3117 1498; x_wconf 91' lang='lat' dir='ltr'><strong>et</strong></span> <span class='ocrx_word' id='word_1_172' title='bbox 3149 1451 3332 1498; x_wconf 83' lang='lat' dir='ltr'><strong>mente</strong></span> <span class='ocrx_word' id='word_1_173' title='bbox 3386 1456 3568 1494; x_wconf 87' lang='lat' dir='ltr'><strong>rerum</strong></span> 
     </span>
    </p>
   </div>
   <div class='ocr_carea' id='block_1_28' title="bbox 1995 1532 3574 1607">
    <p class='ocr_par' dir='ltr' id='par_1_28' title="bbox 1995 1532 3574 1607">
     <span class='ocr_line' id='line_1_28' title="bbox 1995 1532 3574 1607; baseline -0.003 -18"><span class='ocrx_word' id='word_1_174' title='bbox 1995 1534 2304 1590; x_wconf 90' lang='lat' dir='ltr'><strong>divinarum</strong></span> <span class='ocrx_word' id='word_1_175' title='bbox 2334 1537 2633 1607; x_wconf 86' lang='lat' dir='ltr'><strong>interprete</strong></span> <span class='ocrx_word' id='word_1_176' title='bbox 2659 1551 2721 1591; x_wconf 89' lang='lat' dir='ltr'><strong>ac</strong></span> <span class='ocrx_word' id='word_1_177' title='bbox 2746 1537 3007 1605; x_wconf 85' lang='lat' dir='ltr'><strong>magistra</strong></span> <span class='ocrx_word' id='word_1_178' title='bbox 3042 1533 3286 1588; x_wconf 83' lang='lat' dir='ltr'><strong>decorati</strong></span> <span class='ocrx_word' id='word_1_179' title='bbox 3315 1532 3471 1591; x_wconf 82' lang='lat' dir='ltr'><strong>estis,</strong></span> <span class='ocrx_word' id='word_1_180' title='bbox 3507 1546 3574 1584; x_wconf 91' lang='lat' dir='ltr'><strong>ne</strong></span> 
     </span>
    </p>
   </div>
   <div class='ocr_carea' id='block_1_29' title="bbox 315 1608 1901 1705">
    <p class='ocr_par' dir='ltr' id='par_1_29' title="bbox 315 1608 1893 1682">
     <span class='ocr_line' id='line_1_29' title="bbox 315 1608 1893 1682; baseline 0.003 -21"><span class='ocrx_word' id='word_1_181' title='bbox 315 1625 434 1678; x_wconf 88' lang='grc' dir='ltr'>ροις</span> <span class='ocrx_word' id='word_1_182' title='bbox 461 1608 804 1679; x_wconf 81' lang='grc' dir='ltr'>δελεασθῆτε.</span> <span class='ocrx_word' id='word_1_183' title='bbox 850 1609 1137 1680; x_wconf 84' lang='grc' dir='ltr'>Κτήσασθε</span> <span class='ocrx_word' id='word_1_184' title='bbox 1161 1610 1217 1663; x_wconf 79' lang='grc' dir='ltr'><strong>δὲ</strong></span> <span class='ocrx_word' id='word_1_185' title='bbox 1242 1610 1309 1664; x_wconf 85' lang='grc' dir='ltr'><strong>τὰ</strong></span> <span class='ocrx_word' id='word_1_186' title='bbox 1337 1611 1604 1682; x_wconf 86' lang='grc' dir='ltr'>μηδέποτε</span> <span class='ocrx_word' id='word_1_187' title='bbox 1630 1612 1893 1682; x_wconf 83' lang='grc' dir='ltr'>καταλιμ-</span> 
     </span>
    </p>
   </div>
   <div class='ocr_carea' id='block_1_30' title="bbox 2009 1608 3574 1705">
    <p class='ocr_par' dir='ltr' id='par_1_30' title="bbox 2009 1619 3574 1696">
     <span class='ocr_line' id='line_1_30' title="bbox 2009 1619 3574 1696; baseline -0.007 -15"><span class='ocrx_word' id='word_1_188' title='bbox 2009 1626 2247 1696; x_wconf 64' lang='grc' dir='ltr'><strong>ζίιυωεο)</strong></span> <span class='ocrx_word' id='word_1_189' title='bbox 2273 1642 2369 1681; x_wconf 85' lang='lat' dir='ltr'><strong>vos</strong></span> <span class='ocrx_word' id='word_1_190' title='bbox 2409 1641 2590 1681; x_wconf 89' lang='lat' dir='ltr'><strong>rerum</strong></span> <span class='ocrx_word' id='word_1_191' title='bbox 2630 1625 2900 1681; x_wconf 80' lang='lat' dir='ltr'><strong>ﬂuxarum</strong></span> <span class='ocrx_word' id='word_1_192' title='bbox 2945 1634 2999 1678; x_wconf 88' lang='lat' dir='ltr'><strong>et</strong></span> <span class='ocrx_word' id='word_1_193' title='bbox 3038 1623 3374 1677; x_wconf 86' lang='lat' dir='ltr'><strong>caducarum</strong></span> <span class='ocrx_word' id='word_1_194' title='bbox 3420 1619 3574 1672; x_wconf 90' lang='lat' dir='ltr'><strong>blan-</strong></span> 
     </span>
    </p>
   </div>
   <div class='ocr_carea' id='block_1_31' title="bbox 316 1698 1893 1774">
    <p class='ocr_par' dir='ltr' id='par_1_31' title="bbox 316 1698 1893 1774">
     <span class='ocr_line' id='line_1_31' title="bbox 316 1698 1893 1774; baseline 0.003 -23"><span class='ocrx_word' id='word_1_195' title='bbox 316 1698 563 1752; x_wconf 82' lang='grc' dir='ltr'>πάνοντα</span> <span class='ocrx_word' id='word_1_196' title='bbox 596 1698 683 1751; x_wconf 76' lang='grc' dir='ltr'>τὸν</span> <span class='ocrx_word' id='word_1_197' title='bbox 730 1700 1071 1770; x_wconf 77' lang='grc' dir='ltr'>κτησάμενον</span> <span class='ocrx_word' id='word_1_198' title='bbox 1094 1716 1106 1730; x_wconf 88' lang='grc'><strong>·</strong></span> <span class='ocrx_word' id='word_1_199' title='bbox 1154 1699 1371 1772; x_wconf 82' lang='grc' dir='ltr'>ὁρίσατέ</span> <span class='ocrx_word' id='word_1_200' title='bbox 1408 1701 1581 1773; x_wconf 86' lang='grc' dir='ltr'>μέτρα</span> <span class='ocrx_word' id='word_1_201' title='bbox 1605 1705 1670 1773; x_wconf 80' lang='grc' dir='ltr'>τῇ</span> <span class='ocrx_word' id='word_1_202' title='bbox 1702 1704 1893 1774; x_wconf 84' lang='grc' dir='ltr'>χρήσει</span> 
     </span>
    </p>
   </div>
   <div class='ocr_carea' id='block_1_32' title="bbox 316 1787 1895 1864">
    <p class='ocr_par' dir='ltr' id='par_1_32' title="bbox 316 1787 1895 1864">
     <span class='ocr_line' id='line_1_32' title="bbox 316 1787 1895 1864; baseline 0.005 -25"><span class='ocrx_word' id='word_1_203' title='bbox 316 1787 418 1841; x_wconf 73' lang='grc' dir='ltr'>τοῦ</span> <span class='ocrx_word' id='word_1_204' title='bbox 451 1787 589 1856; x_wconf 75' lang='grc' dir='ltr'>βίου.</span> <span class='ocrx_word' id='word_1_205' title='bbox 620 1788 707 1860; x_wconf 78' lang='grc' dir='ltr'><strong>Μὴ</strong></span> <span class='ocrx_word' id='word_1_206' title='bbox 748 1791 930 1844; x_wconf 87' lang='grc' dir='ltr'>πάντα</span> <span class='ocrx_word' id='word_1_207' title='bbox 964 1791 1205 1864; x_wconf 86' lang='grc' dir='ltr'>ὑμέτερα</span> <span class='ocrx_word' id='word_1_208' title='bbox 1232 1807 1247 1823; x_wconf 74' lang='grc'><strong>⁸</strong></span> <span class='ocrx_word' id='word_1_209' title='bbox 1276 1790 1411 1845; x_wconf 84' lang='grc' dir='ltr'>ἀλλὰ</span> <span class='ocrx_word' id='word_1_210' title='bbox 1442 1793 1602 1863; x_wconf 82' lang='grc' dir='ltr'>μέρος</span> <span class='ocrx_word' id='word_1_211' title='bbox 1630 1793 1769 1847; x_wconf 74' lang='grc' dir='ltr'>ἔστω</span> <span class='ocrx_word' id='word_1_212' title='bbox 1801 1795 1895 1847; x_wconf 75' lang='grc' dir='ltr'><strong>καὶ</strong></span> 
     </span>
    </p>
   </div>
   <div class='ocr_carea' id='block_1_33' title="bbox 322 1882 1894 1956">
    <p class='ocr_par' dir='ltr' id='par_1_33' title="bbox 322 1882 1894 1956">
     <span class='ocr_line' id='line_1_33' title="bbox 322 1882 1894 1956; baseline 0.004 -24"><span class='ocrx_word' id='word_1_213' title='bbox 322 1882 437 1933; x_wconf 85' lang='grc' dir='ltr'><strong>τῶν</strong></span> <span class='ocrx_word' id='word_1_214' title='bbox 486 1883 721 1953; x_wconf 76' lang='grc' dir='ltr'>πενήτων</span> <span class='ocrx_word' id='word_1_215' title='bbox 772 1882 882 1935; x_wconf 87' lang='grc' dir='ltr'><strong>τῶν</strong></span> <span class='ocrx_word' id='word_1_216' title='bbox 912 1883 1212 1951; x_wconf 80' lang='grc' dir='ltr'><strong>ἀγαπητῶν</strong></span> <span class='ocrx_word' id='word_1_217' title='bbox 1244 1882 1339 1936; x_wconf 79' lang='grc' dir='ltr'>τοῦ</span> <span class='ocrx_word' id='word_1_218' title='bbox 1374 1884 1528 1938; x_wconf 81' lang='grc' dir='ltr'>Θεοῦ.</span> <span class='ocrx_word' id='word_1_219' title='bbox 1578 1884 1763 1939; x_wconf 86' lang='grc' dir='ltr'>Πάντα</span> <span class='ocrx_word' id='word_1_220' title='bbox 1788 1885 1894 1956; x_wconf 80' lang='grc' dir='ltr'><strong>γὰρ</strong></span> 
     </span>
    </p>
   </div>
   <div class='ocr_carea' id='block_1_34' title="bbox 323 1972 1895 2046">
    <p class='ocr_par' dir='ltr' id='par_1_34' title="bbox 323 1972 1895 2046">
     <span class='ocr_line' id='line_1_34' title="bbox 323 1972 1895 2046; baseline 0.002 -21"><span class='ocrx_word' id='word_1_221' title='bbox 323 1972 419 2026; x_wconf 80' lang='grc' dir='ltr'><strong>τοῦ</strong></span> <span class='ocrx_word' id='word_1_222' title='bbox 449 1972 581 2026; x_wconf 77' lang='grc' dir='ltr'><strong>Θεοῦ</strong></span> <span class='ocrx_word' id='word_1_223' title='bbox 622 1973 713 2027; x_wconf 76' lang='grc' dir='ltr'><strong>τοῦ</strong></span> <span class='ocrx_word' id='word_1_224' title='bbox 745 1974 924 2028; x_wconf 84' lang='grc' dir='ltr'>κοινοῦ</span> <span class='ocrx_word' id='word_1_225' title='bbox 954 1975 1183 2046; x_wconf 82' lang='grc' dir='ltr'>Πατρός.</span> <span class='ocrx_word' id='word_1_226' title='bbox 1237 1975 1426 2046; x_wconf 84' lang='grc' dir='ltr'>Ἡμεῖς</span> <span class='ocrx_word' id='word_1_227' title='bbox 1459 1975 1515 2028; x_wconf 83' lang='grc' dir='ltr'><strong>δὲ</strong></span> <span class='ocrx_word' id='word_1_228' title='bbox 1563 1975 1781 2045; x_wconf 79' lang='grc' dir='ltr'>ἀδελφοὶ</span> <span class='ocrx_word' id='word_1_229' title='bbox 1820 1976 1895 2039; x_wconf 84' lang='grc' dir='ltr'>ὡς</span> 
     </span>
    </p>
   </div>
   <div class='ocr_carea' id='block_1_35' title="bbox 321 2062 1895 2138">
    <p class='ocr_par' dir='ltr' id='par_1_35' title="bbox 321 2062 1895 2138">
     <span class='ocr_line' id='line_1_35' title="bbox 321 2062 1895 2138; baseline 0.003 -24"><span class='ocrx_word' id='word_1_230' title='bbox 321 2062 598 2133; x_wconf 61' lang='grc' dir='ltr'><strong>ὁμόφυλοι⁸</strong></span> <span class='ocrx_word' id='word_1_231' title='bbox 616 2063 876 2132; x_wconf 79' lang='grc' dir='ltr'>ἀδελφοὺς</span> <span class='ocrx_word' id='word_1_232' title='bbox 895 2064 970 2130; x_wconf 87' lang='grc' dir='ltr'>δὲ,</span> <span class='ocrx_word' id='word_1_233' title='bbox 989 2064 1047 2118; x_wconf 81' lang='grc' dir='ltr'>τὸ</span> <span class='ocrx_word' id='word_1_234' title='bbox 1071 2067 1167 2135; x_wconf 80' lang='grc' dir='ltr'><strong>μὲν</strong></span> <span class='ocrx_word' id='word_1_235' title='bbox 1189 2066 1406 2136; x_wconf 80' lang='grc' dir='ltr'>ἄριστον</span> <span class='ocrx_word' id='word_1_236' title='bbox 1423 2065 1516 2119; x_wconf 74' lang='grc' dir='ltr'>καὶ</span> <span class='ocrx_word' id='word_1_237' title='bbox 1540 2066 1895 2138; x_wconf 76' lang='grc' dir='ltr'>δικαιότερον,</span> 
     </span>
    </p>
   </div>
   <div class='ocr_carea' id='block_1_36' title="bbox 322 2153 1897 2227">
    <p class='ocr_par' dir='ltr' id='par_1_36' title="bbox 322 2153 1897 2227">
     <span class='ocr_line' id='line_1_36' title="bbox 322 2153 1897 2227; baseline 0.003 -22"><span class='ocrx_word' id='word_1_238' title='bbox 322 2155 444 2207; x_wconf 84' lang='grc' dir='ltr'>κατ’</span> <span class='ocrx_word' id='word_1_239' title='bbox 479 2154 780 2224; x_wconf 72' lang='grc' dir='ltr'>ἰσομοιρίαν</span> <span class='ocrx_word' id='word_1_240' title='bbox 813 2153 1099 2224; x_wconf 80' lang='grc' dir='ltr'>λαγχάνειν</span> <span class='ocrx_word' id='word_1_241' title='bbox 1144 2155 1238 2208; x_wconf 78' lang='grc' dir='ltr'>τοῦ</span> <span class='ocrx_word' id='word_1_242' title='bbox 1274 2155 1492 2227; x_wconf 84' lang='grc' dir='ltr'><strong>κλήρου.</strong></span> <span class='ocrx_word' id='word_1_243' title='bbox 1556 2156 1642 2209; x_wconf 84' lang='grc' dir='ltr'>Ἐν</span> <span class='ocrx_word' id='word_1_244' title='bbox 1668 2156 1723 2208; x_wconf 85' lang='grc' dir='ltr'>δὲ</span> <span class='ocrx_word' id='word_1_245' title='bbox 1748 2155 1897 2220; x_wconf 82' lang='grc' dir='ltr'>τάξει</span> 
     </span>
    </p>
   </div>
   <div class='ocr_carea' id='block_1_37' title="bbox 316 2239 1893 2317">
    <p class='ocr_par' dir='ltr' id='par_1_37' title="bbox 316 2239 1893 2317">
     <span class='ocr_line' id='line_1_37' title="bbox 316 2239 1893 2317; baseline 0.003 -22"><span class='ocrx_word' id='word_1_246' title='bbox 316 2243 570 2314; x_wconf 79' lang='grc' dir='ltr'>δευτέρᾳ,</span> <span class='ocrx_word' id='word_1_247' title='bbox 617 2243 718 2297; x_wconf 78' lang='grc' dir='ltr'>κᾶν</span> <span class='ocrx_word' id='word_1_248' title='bbox 745 2244 805 2296; x_wconf 82' lang='grc' dir='ltr'>τὸ</span> <span class='ocrx_word' id='word_1_249' title='bbox 832 2245 992 2297; x_wconf 87' lang='grc' dir='ltr'>πλέον</span> <span class='ocrx_word' id='word_1_250' title='bbox 1025 2239 1160 2317; x_wconf 75' lang='grc' dir='ltr'><strong>εἷςῆ</strong></span> <span class='ocrx_word' id='word_1_251' title='bbox 1191 2244 1442 2316; x_wconf 87' lang='grc' dir='ltr'>δεύτερος</span> <span class='ocrx_word' id='word_1_252' title='bbox 1488 2246 1893 2317; x_wconf 73' lang='grc' dir='ltr'>σφετερίσηται,</span> 
     </span>
    </p>
   </div>
   <div class='ocr_carea' id='block_1_38' title="bbox 314 2331 1894 2407">
    <p class='ocr_par' dir='ltr' id='par_1_38' title="bbox 314 2331 1894 2407">
     <span class='ocr_line' id='line_1_38' title="bbox 314 2331 1894 2407; baseline 0.005 -24"><span class='ocrx_word' id='word_1_253' title='bbox 314 2332 376 2385; x_wconf 81' lang='grc' dir='ltr'>τὸ</span> <span class='ocrx_word' id='word_1_254' title='bbox 404 2331 539 2401; x_wconf 80' lang='grc' dir='ltr'>γοῦν</span> <span class='ocrx_word' id='word_1_255' title='bbox 570 2333 735 2405; x_wconf 84' lang='grc' dir='ltr'>μέρος</span> <span class='ocrx_word' id='word_1_256' title='bbox 761 2334 1165 2405; x_wconf 84' lang='grc' dir='ltr'>κερδανέτωσαν</span> <span class='ocrx_word' id='word_1_257' title='bbox 1188 2338 1236 2388; x_wconf 91' lang='grc' dir='ltr'>οί</span> <span class='ocrx_word' id='word_1_258' title='bbox 1270 2336 1599 2407; x_wconf 87' lang='grc' dir='ltr'>λειπόμενοι.</span> <span class='ocrx_word' id='word_1_259' title='bbox 1631 2336 1694 2390; x_wconf 80' lang='grc' dir='ltr'><strong>Εἰ</strong></span> <span class='ocrx_word' id='word_1_260' title='bbox 1723 2338 1781 2391; x_wconf 84' lang='grc' dir='ltr'><strong>δέ</strong></span> <span class='ocrx_word' id='word_1_261' title='bbox 1810 2355 1894 2401; x_wconf 87' lang='grc' dir='ltr'><strong>τις</strong></span> 
     </span>
    </p>
   </div>
   <div class='ocr_carea' id='block_1_39' title="bbox 312 2421 1894 2499">
    <p class='ocr_par' dir='ltr' id='par_1_39' title="bbox 312 2421 1894 2499">
     <span class='ocr_line' id='line_1_39' title="bbox 312 2421 1894 2499; baseline 0.003 -22"><span class='ocrx_word' id='word_1_262' title='bbox 312 2424 557 2478; x_wconf 81' lang='grc' dir='ltr'>καθόλου</span> <span class='ocrx_word' id='word_1_263' title='bbox 600 2425 786 2496; x_wconf 86' lang='grc' dir='ltr'>κύριος</span> <span class='ocrx_word' id='word_1_264' title='bbox 814 2421 954 2481; x_wconf 75' lang='grc' dir='ltr'>εἶναι</span> <span class='ocrx_word' id='word_1_265' title='bbox 986 2427 1094 2480; x_wconf 90' lang='grc' dir='ltr'><strong>τῶν</strong></span> <span class='ocrx_word' id='word_1_266' title='bbox 1128 2427 1344 2481; x_wconf 87' lang='grc' dir='ltr'>πάντων</span> <span class='ocrx_word' id='word_1_267' title='bbox 1374 2428 1565 2493; x_wconf 77' lang='grc' dir='ltr'>ἐθέλοι,</span> <span class='ocrx_word' id='word_1_268' title='bbox 1611 2429 1701 2482; x_wconf 76' lang='grc' dir='ltr'><strong>καὶ</strong></span> <span class='ocrx_word' id='word_1_269' title='bbox 1724 2428 1894 2499; x_wconf 82' lang='grc' dir='ltr'>αὐτῆς</span> 
     </span>
    </p>
   </div>
   <div class='ocr_carea' id='block_1_40' title="bbox 307 2516 1899 2590">
    <p class='ocr_par' dir='ltr' id='par_1_40' title="bbox 307 2516 1899 2590">
     <span class='ocr_line' id='line_1_40' title="bbox 307 2516 1899 2590; baseline -0.009 -5"><span class='ocrx_word' id='word_1_270' title='bbox 307 2516 417 2585; x_wconf 78' lang='grc' dir='ltr'><strong>τῆς</strong></span> <span class='ocrx_word' id='word_1_271' title='bbox 462 2516 717 2586; x_wconf 77' lang='grc' dir='ltr'>τρίτηςῆ</span> <span class='ocrx_word' id='word_1_272' title='bbox 754 2518 1010 2588; x_wconf 80' lang='grc' dir='ltr'>πέμπτης</span> <span class='ocrx_word' id='word_1_273' title='bbox 1055 2519 1249 2589; x_wconf 69' lang='grc' dir='ltr'>μοίρας</span> <span class='ocrx_word' id='word_1_274' title='bbox 1280 2519 1538 2590; x_wconf 75' lang='grc' dir='ltr'>ἐξείργων</span> <span class='ocrx_word' id='word_1_275' title='bbox 1581 2520 1704 2583; x_wconf 81' lang='grc' dir='ltr'>τοὺς</span> <span class='ocrx_word' id='word_1_276' title='bbox 1745 2518 1899 2572; x_wconf 88' lang='grc' dir='ltr'>ἀδελ-</span> 
     </span>
    </p>
   </div>
   <div class='ocr_carea' id='block_1_41' title="bbox 310 2599 1897 2683">
    <p class='ocr_par' dir='ltr' id='par_1_41' title="bbox 310 2599 1897 2683">
     <span class='ocr_line' id='line_1_41' title="bbox 310 2599 1897 2683; baseline 0.004 -23"><span class='ocrx_word' id='word_1_277' title='bbox 310 2608 476 2677; x_wconf 77' lang='grc' dir='ltr'>φοὺς,</span> <span class='ocrx_word' id='word_1_278' title='bbox 502 2599 656 2672; x_wconf 76' lang='grc' dir='ltr'>οὗτος</span> <span class='ocrx_word' id='word_1_279' title='bbox 686 2610 877 2680; x_wconf 79' lang='grc' dir='ltr'>πικρὸς</span> <span class='ocrx_word' id='word_1_280' title='bbox 906 2608 1187 2680; x_wconf 85' lang='grc' dir='ltr'>τύραννος,</span> <span class='ocrx_word' id='word_1_281' title='bbox 1228 2610 1499 2683; x_wconf 76' lang='grc' dir='ltr'>βάρϐαρος</span> <span class='ocrx_word' id='word_1_282' title='bbox 1528 2611 1897 2676; x_wconf 86' lang='grc' dir='ltr'>ἀδιάλλακτος,</span> 
     </span>
    </p>
   </div>
   <div class='ocr_carea' id='block_1_42' title="bbox 311 2698 1897 2775">
    <p class='ocr_par' dir='ltr' id='par_1_42' title="bbox 311 2698 1897 2775">
     <span class='ocr_line' id='line_1_42' title="bbox 311 2698 1897 2775; baseline 0.002 -23"><span class='ocrx_word' id='word_1_283' title='bbox 311 2698 509 2770; x_wconf 78' lang='grc' dir='ltr'>θηρίον</span> <span class='ocrx_word' id='word_1_284' title='bbox 536 2699 840 2771; x_wconf 73' lang='grc' dir='ltr'>ἄπληστον,</span> <span class='ocrx_word' id='word_1_285' title='bbox 878 2702 1037 2771; x_wconf 83' lang='grc' dir='ltr'>μόνον</span> <span class='ocrx_word' id='word_1_286' title='bbox 1068 2702 1240 2772; x_wconf 82' lang='grc' dir='ltr'>ἡδέως</span> <span class='ocrx_word' id='word_1_287' title='bbox 1286 2705 1598 2772; x_wconf 88' lang='grc' dir='ltr'>περιχαῖνον</span> <span class='ocrx_word' id='word_1_288' title='bbox 1627 2705 1692 2773; x_wconf 80' lang='grc' dir='ltr'>τῇ</span> <span class='ocrx_word' id='word_1_289' title='bbox 1727 2703 1897 2775; x_wconf 80' lang='grc' dir='ltr'>θοίνῃ,</span> 
     </span>
    </p>
   </div>
   <div class='ocr_carea' id='block_1_43' title="bbox 316 2790 1900 2865">
    <p class='ocr_par' dir='ltr' id='par_1_43' title="bbox 316 2790 1900 2865">
     <span class='ocr_line' id='line_1_43' title="bbox 316 2790 1900 2865; baseline 0.003 -23"><span class='ocrx_word' id='word_1_290' title='bbox 316 2790 525 2861; x_wconf 77' lang='grc' dir='ltr'>μᾶλλον</span> <span class='ocrx_word' id='word_1_291' title='bbox 550 2791 609 2844; x_wconf 82' lang='grc' dir='ltr'><strong>δὲ</strong></span> <span class='ocrx_word' id='word_1_292' title='bbox 655 2793 748 2845; x_wconf 75' lang='grc' dir='ltr'>καὶ</span> <span class='ocrx_word' id='word_1_293' title='bbox 794 2792 973 2846; x_wconf 78' lang='grc' dir='ltr'>αὐτῶν</span> <span class='ocrx_word' id='word_1_294' title='bbox 1004 2793 1335 2865; x_wconf 82' lang='grc' dir='ltr'>ἀγριώτερος</span> <span class='ocrx_word' id='word_1_295' title='bbox 1358 2795 1466 2847; x_wconf 88' lang='grc' dir='ltr'><strong>τῶν</strong></span> <span class='ocrx_word' id='word_1_296' title='bbox 1496 2794 1737 2865; x_wconf 85' lang='grc' dir='ltr'>θηρίων·</span> <span class='ocrx_word' id='word_1_297' title='bbox 1786 2795 1900 2863; x_wconf 81' lang='grc' dir='ltr'>εἴγε</span> 
     </span>
    </p>
   </div>
   <div class='ocr_carea' id='block_1_44' title="bbox 313 2882 1901 2957">
    <p class='ocr_par' dir='ltr' id='par_1_44' title="bbox 313 2882 1901 2957">
     <span class='ocr_line' id='line_1_44' title="bbox 313 2882 1901 2957; baseline 0.003 -22"><span class='ocrx_word' id='word_1_298' title='bbox 313 2882 484 2945; x_wconf 86' lang='grc' dir='ltr'>λύκος</span> <span class='ocrx_word' id='word_1_299' title='bbox 510 2883 607 2953; x_wconf 78' lang='grc' dir='ltr'><strong>μὲν</strong></span> <span class='ocrx_word' id='word_1_300' title='bbox 629 2884 720 2937; x_wconf 81' lang='grc' dir='ltr'><strong>τὸν</strong></span> <span class='ocrx_word' id='word_1_301' title='bbox 744 2883 907 2938; x_wconf 85' lang='grc' dir='ltr'>λύκον</span> <span class='ocrx_word' id='word_1_302' title='bbox 926 2886 1004 2949; x_wconf 86' lang='grc' dir='ltr'>εἰς</span> <span class='ocrx_word' id='word_1_303' title='bbox 1029 2884 1193 2957; x_wconf 79' lang='grc' dir='ltr'>βορὰν</span> <span class='ocrx_word' id='word_1_304' title='bbox 1222 2885 1604 2956; x_wconf 82' lang='grc' dir='ltr'>παραδέχεται,</span> <span class='ocrx_word' id='word_1_305' title='bbox 1630 2887 1722 2939; x_wconf 71' lang='grc' dir='ltr'><strong>καὶ</strong></span> <span class='ocrx_word' id='word_1_306' title='bbox 1742 2886 1901 2950; x_wconf 82' lang='grc' dir='ltr'>κύνες</span> 
     </span>
    </p>
   </div>
   <div class='ocr_carea' id='block_1_45' title="bbox 1992 1711 3575 1788">
    <p class='ocr_par' dir='ltr' id='par_1_45' title="bbox 1992 1711 3575 1788">
     <span class='ocr_line' id='line_1_45' title="bbox 1992 1711 3575 1788; baseline -0.004 -18"><span class='ocrx_word' id='word_1_307' title='bbox 1992 1716 2143 1773; x_wconf 88' lang='lat' dir='ltr'><strong>ditiis</strong></span> <span class='ocrx_word' id='word_1_308' title='bbox 2167 1717 2408 1782; x_wconf 87' lang='lat' dir='ltr'><strong>deliniri,</strong></span> <span class='ocrx_word' id='word_1_309' title='bbox 2435 1726 2489 1772; x_wconf 89' lang='lat' dir='ltr'><strong>et</strong></span> <span class='ocrx_word' id='word_1_310' title='bbox 2519 1723 2781 1788; x_wconf 90' lang='lat' dir='ltr'><strong>tanquam</strong></span> <span class='ocrx_word' id='word_1_311' title='bbox 2815 1730 2941 1772; x_wconf 88' lang='lat' dir='ltr'><strong>esca</strong></span> <span class='ocrx_word' id='word_1_312' title='bbox 2972 1714 3104 1768; x_wconf 91' lang='lat' dir='ltr'><strong>illici</strong></span> <span class='ocrx_word' id='word_1_313' title='bbox 3135 1723 3191 1768; x_wconf 89' lang='lat' dir='ltr'><strong>et</strong></span> <span class='ocrx_word' id='word_1_314' title='bbox 3236 1712 3359 1781; x_wconf 91' lang='lat' dir='ltr'><strong>capi</strong></span> <span class='ocrx_word' id='word_1_315' title='bbox 3398 1711 3575 1781; x_wconf 78' lang='lat' dir='ltr'><strong>patia-</strong></span> 
     </span>
    </p>
   </div>
   <div class='ocr_carea' id='block_1_46' title="bbox 1993 1801 3575 1875">
    <p class='ocr_par' dir='ltr' id='par_1_46' title="bbox 1993 1801 3575 1875">
     <span class='ocr_line' id='line_1_46' title="bbox 1993 1801 3575 1875; baseline -0.003 -17"><span class='ocrx_word' id='word_1_316' title='bbox 1993 1805 2147 1859; x_wconf 91' lang='lat' dir='ltr'><strong>mini.</strong></span> <span class='ocrx_word' id='word_1_317' title='bbox 2199 1804 2641 1875; x_wconf 84' lang='lat' dir='ltr'><strong>Complectimini</strong></span> <span class='ocrx_word' id='word_1_318' title='bbox 2689 1821 2838 1869; x_wconf 84' lang='lat' dir='ltr'><strong>cum,</strong></span> <span class='ocrx_word' id='word_1_319' title='bbox 2903 1805 2998 1874; x_wconf 89' lang='lat' dir='ltr'><strong>qui</strong></span> <span class='ocrx_word' id='word_1_320' title='bbox 3077 1801 3449 1871; x_wconf 83' lang='lat' dir='ltr'><strong>possidentem</strong></span> <span class='ocrx_word' id='word_1_321' title='bbox 3515 1814 3575 1854; x_wconf 88' lang='lat' dir='ltr'><strong>se</strong></span> 
     </span>
    </p>
   </div>
   <div class='ocr_carea' id='block_1_47' title="bbox 1994 1889 3573 1964">
    <p class='ocr_par' dir='ltr' id='par_1_47' title="bbox 1994 1889 3573 1964">
     <span class='ocr_line' id='line_1_47' title="bbox 1994 1889 3573 1964; baseline -0.005 -15"><span class='ocrx_word' id='word_1_322' title='bbox 1994 1909 2270 1964; x_wconf 90' lang='lat' dir='ltr'><strong>nunquam</strong></span> <span class='ocrx_word' id='word_1_323' title='bbox 2300 1903 2383 1950; x_wconf 91' lang='lat' dir='ltr'><strong>est</strong></span> <span class='ocrx_word' id='word_1_324' title='bbox 2427 1895 2825 1961; x_wconf 88' lang='lat' dir='ltr'><strong>derelicturus;</strong></span> <span class='ocrx_word' id='word_1_325' title='bbox 2870 1894 3001 1948; x_wconf 87' lang='lat' dir='ltr'><strong>usui</strong></span> <span class='ocrx_word' id='word_1_326' title='bbox 3037 1894 3165 1946; x_wconf 81' lang='lat' dir='ltr'><strong>vita:</strong></span> <span class='ocrx_word' id='word_1_327' title='bbox 3203 1890 3422 1945; x_wconf 89' lang='lat' dir='ltr'><strong>modum</strong></span> <span class='ocrx_word' id='word_1_328' title='bbox 3470 1889 3573 1943; x_wconf 91' lang='lat' dir='ltr'><strong>im-</strong></span> 
     </span>
    </p>
   </div>
   <div class='ocr_carea' id='block_1_48' title="bbox 1994 1980 3574 2055">
    <p class='ocr_par' dir='ltr' id='par_1_48' title="bbox 1994 1980 3574 2055">
     <span class='ocr_line' id='line_1_48' title="bbox 1994 1980 3574 2055; baseline -0.006 -15"><span class='ocrx_word' id='word_1_329' title='bbox 1994 1985 2200 2055; x_wconf 82' lang='lat' dir='ltr'><strong>ponite.</strong></span> <span class='ocrx_word' id='word_1_330' title='bbox 2234 1984 2313 2041; x_wconf 88' lang='lat' dir='ltr'><strong>Ne</strong></span> <span class='ocrx_word' id='word_1_331' title='bbox 2336 1987 2520 2040; x_wconf 89' lang='lat' dir='ltr'><strong>omnia</strong></span> <span class='ocrx_word' id='word_1_332' title='bbox 2562 1993 2745 2041; x_wconf 89' lang='lat' dir='ltr'><strong>vestra</strong></span> <span class='ocrx_word' id='word_1_333' title='bbox 2771 1984 3105 2040; x_wconf 83' lang='lat' dir='ltr'><strong>existimate.</strong></span> <span class='ocrx_word' id='word_1_334' title='bbox 3144 1981 3228 2037; x_wconf 85' lang='lat' dir='ltr'><strong>Sit</strong></span> <span class='ocrx_word' id='word_1_335' title='bbox 3259 1996 3387 2051; x_wconf 90' lang='lat' dir='ltr'><strong>pars</strong></span> <span class='ocrx_word' id='word_1_336' title='bbox 3411 1980 3574 2035; x_wconf 87' lang='lat' dir='ltr'><strong>etiam</strong></span> 
     </span>
    </p>
   </div>
   <div class='ocr_carea' id='block_1_49' title="bbox 1997 2066 3579 2147">
    <p class='ocr_par' dir='ltr' id='par_1_49' title="bbox 1997 2066 3579 2147">
     <span class='ocr_line' id='line_1_49' title="bbox 1997 2066 3579 2147; baseline -0.004 -16"><span class='ocrx_word' id='word_1_337' title='bbox 1997 2091 2318 2147; x_wconf 87' lang='lat' dir='ltr'><strong>pauperum,</strong></span> <span class='ocrx_word' id='word_1_338' title='bbox 2353 2085 2407 2131; x_wconf 91' lang='lat' dir='ltr'><strong>et</strong></span> <span class='ocrx_word' id='word_1_339' title='bbox 2440 2078 2744 2132; x_wconf 91' lang='lat' dir='ltr'><strong>amicorum</strong></span> <span class='ocrx_word' id='word_1_340' title='bbox 2782 2066 2900 2131; x_wconf 82' lang='lat' dir='ltr'><strong>Dei.</strong></span> <span class='ocrx_word' id='word_1_341' title='bbox 2933 2073 3088 2129; x_wconf 85' lang='lat' dir='ltr'><strong>lllius</strong></span> <span class='ocrx_word' id='word_1_342' title='bbox 3118 2075 3265 2129; x_wconf 90' lang='lat' dir='ltr'><strong>enim</strong></span> <span class='ocrx_word' id='word_1_343' title='bbox 3291 2086 3419 2127; x_wconf 89' lang='lat' dir='ltr'><strong>vere</strong></span> <span class='ocrx_word' id='word_1_344' title='bbox 3448 2076 3579 2126; x_wconf 89' lang='lat' dir='ltr'><strong>sunt</strong></span> 
     </span>
    </p>
   </div>
   <div class='ocr_carea' id='block_1_50' title="bbox 1994 2162 3579 2239">
    <p class='ocr_par' dir='ltr' id='par_1_50' title="bbox 1994 2162 3579 2239">
     <span class='ocr_line' id='line_1_50' title="bbox 1994 2162 3579 2239; baseline -0.006 -15"><span class='ocrx_word' id='word_1_345' title='bbox 1994 2169 2201 2235; x_wconf 86' lang='lat' dir='ltr'><strong>omnia,</strong></span> <span class='ocrx_word' id='word_1_346' title='bbox 2236 2183 2398 2239; x_wconf 88' lang='lat' dir='ltr'><strong>quem</strong></span> <span class='ocrx_word' id='word_1_347' title='bbox 2426 2168 2695 2224; x_wconf 87' lang='lat' dir='ltr'><strong>habemus</strong></span> <span class='ocrx_word' id='word_1_348' title='bbox 2726 2166 2965 2224; x_wconf 86' lang='lat' dir='ltr'><strong>Patrem.</strong></span> <span class='ocrx_word' id='word_1_349' title='bbox 2998 2165 3111 2221; x_wconf 85' lang='lat' dir='ltr'><strong>Nos</strong></span> <span class='ocrx_word' id='word_1_350' title='bbox 3145 2172 3330 2219; x_wconf 91' lang='lat' dir='ltr'><strong>autem</strong></span> <span class='ocrx_word' id='word_1_351' title='bbox 3378 2162 3579 2216; x_wconf 75' lang='lat' dir='ltr'><strong>fratres</strong></span> 
     </span>
    </p>
   </div>
   <div class='ocr_carea' id='block_1_51' title="bbox 1997 2255 3580 2330">
    <p class='ocr_par' dir='ltr' id='par_1_51' title="bbox 1997 2255 3580 2330">
     <span class='ocr_line' id='line_1_51' title="bbox 1997 2255 3580 2330; baseline -0.004 -16"><span class='ocrx_word' id='word_1_352' title='bbox 1997 2274 2207 2315; x_wconf 85' lang='lat' dir='ltr'><strong>sumus.</strong></span> <span class='ocrx_word' id='word_1_353' title='bbox 2236 2259 2583 2329; x_wconf 84' lang='lat' dir='ltr'><strong>Quapropter</strong></span> <span class='ocrx_word' id='word_1_354' title='bbox 2616 2267 2676 2315; x_wconf 93' lang='lat' dir='ltr'><strong>ut</strong></span> <span class='ocrx_word' id='word_1_355' title='bbox 2705 2274 2905 2330; x_wconf 79' lang='lat' dir='ltr'><strong>genere</strong></span> <span class='ocrx_word' id='word_1_356' title='bbox 2926 2258 3255 2327; x_wconf 87' lang='lat' dir='ltr'><strong>conjunctos</strong></span> <span class='ocrx_word' id='word_1_357' title='bbox 3286 2268 3350 2308; x_wconf 92' lang='lat' dir='ltr'><strong>ac</strong></span> <span class='ocrx_word' id='word_1_358' title='bbox 3379 2255 3580 2309; x_wconf 80' lang='lat' dir='ltr'><strong>fratres</strong></span> 
     </span>
    </p>
   </div>
   <div class='ocr_carea' id='block_1_52' title="bbox 1996 2343 3581 2420">
    <p class='ocr_par' dir='ltr' id='par_1_52' title="bbox 1996 2343 3581 2420">
     <span class='ocr_line' id='line_1_52' title="bbox 1996 2343 3581 2420; baseline -0.003 -15"><span class='ocrx_word' id='word_1_359' title='bbox 1996 2350 2197 2405; x_wconf 89' lang='lat' dir='ltr'><strong>melius</strong></span> <span class='ocrx_word' id='word_1_360' title='bbox 2256 2351 2479 2420; x_wconf 90' lang='lat' dir='ltr'><strong>quidem</strong></span> <span class='ocrx_word' id='word_1_361' title='bbox 2536 2365 2601 2405; x_wconf 89' lang='lat' dir='ltr'><strong>ac</strong></span> <span class='ocrx_word' id='word_1_362' title='bbox 2654 2349 2861 2419; x_wconf 85' lang='lat' dir='ltr'><strong>justius</strong></span> <span class='ocrx_word' id='word_1_363' title='bbox 2921 2357 3040 2405; x_wconf 91' lang='lat' dir='ltr'><strong>erat</strong></span> <span class='ocrx_word' id='word_1_364' title='bbox 3097 2347 3272 2418; x_wconf 73' lang='lat' dir='ltr'><strong>aequis</strong></span> <span class='ocrx_word' id='word_1_365' title='bbox 3326 2343 3581 2415; x_wconf 79' lang='lat' dir='ltr'><strong>partibus</strong></span> 
     </span>
    </p>
   </div>
   <div class='ocr_carea' id='block_1_53' title="bbox 1996 2435 3683 2508">
    <p class='ocr_par' dir='ltr' id='par_1_53' title="bbox 1996 2435 3683 2508">
     <span class='ocr_line' id='line_1_53' title="bbox 1996 2435 3683 2508; baseline -0.004 -15"><span class='ocrx_word' id='word_1_366' title='bbox 1996 2452 2220 2494; x_wconf 88' lang='lat' dir='ltr'><strong>cernere</strong></span> <span class='ocrx_word' id='word_1_367' title='bbox 2273 2440 2685 2495; x_wconf 77' lang='lat' dir='ltr'><strong>hzereditatem:</strong></span> <span class='ocrx_word' id='word_1_368' title='bbox 2747 2453 2935 2495; x_wconf 90' lang='lat' dir='ltr'><strong>verum</strong></span> <span class='ocrx_word' id='word_1_369' title='bbox 3001 2436 3224 2508; x_wconf 89' lang='lat' dir='ltr'><strong>quando</strong></span> <span class='ocrx_word' id='word_1_370' title='bbox 3266 2436 3317 2490; x_wconf 93' lang='lat' dir='ltr'><strong>id</strong></span> <span class='ocrx_word' id='word_1_371' title='bbox 3376 2435 3580 2488; x_wconf 84' lang='lat' dir='ltr'><strong>factum</strong></span> <span class='ocrx_word' id='word_1_372' title='bbox 3677 2442 3683 2447; x_wconf 83' lang='lat'><em>‘</em></span> 
     </span>
    </p>
   </div>
   <div class='ocr_carea' id='block_1_54' title="bbox 1998 2523 3581 2599">
    <p class='ocr_par' dir='ltr' id='par_1_54' title="bbox 1998 2523 3581 2599">
     <span class='ocr_line' id='line_1_54' title="bbox 1998 2523 3581 2599; baseline -0.005 -15"><span class='ocrx_word' id='word_1_373' title='bbox 1998 2545 2111 2585; x_wconf 89' lang='lat' dir='ltr'><strong>non</strong></span> <span class='ocrx_word' id='word_1_374' title='bbox 2143 2537 2249 2593; x_wconf 89' lang='lat' dir='ltr'><strong>est,</strong></span> <span class='ocrx_word' id='word_1_375' title='bbox 2278 2530 2373 2585; x_wconf 90' lang='lat' dir='ltr'><strong>sed</strong></span> <span class='ocrx_word' id='word_1_376' title='bbox 2406 2544 2550 2585; x_wconf 90' lang='lat' dir='ltr'><strong>unus</strong></span> <span class='ocrx_word' id='word_1_377' title='bbox 2582 2536 2677 2583; x_wconf 88' lang='lat' dir='ltr'><strong>aut</strong></span> <span class='ocrx_word' id='word_1_378' title='bbox 2706 2529 2845 2587; x_wconf 85' lang='lat' dir='ltr'><strong>alter</strong></span> <span class='ocrx_word' id='word_1_379' title='bbox 2866 2528 2991 2599; x_wconf 90' lang='lat' dir='ltr'><strong>plus</strong></span> <span class='ocrx_word' id='word_1_380' title='bbox 3016 2526 3349 2590; x_wconf 88' lang='lat' dir='ltr'><strong>intervertit,</strong></span> <span class='ocrx_word' id='word_1_381' title='bbox 3382 2523 3581 2593; x_wconf 89' lang='lat' dir='ltr'><strong>reliqui</strong></span> 
     </span>
    </p>
   </div>
   <div class='ocr_carea' id='block_1_55' title="bbox 1999 2616 3579 2691">
    <p class='ocr_par' dir='ltr' id='par_1_55' title="bbox 1999 2616 3579 2691">
     <span class='ocr_line' id='line_1_55' title="bbox 1999 2616 3579 2691; baseline -0.005 -18"><span class='ocrx_word' id='word_1_382' title='bbox 1999 2631 2205 2691; x_wconf 89' lang='lat' dir='ltr'><strong>partem</strong></span> <span class='ocrx_word' id='word_1_383' title='bbox 2244 2635 2409 2674; x_wconf 90' lang='lat' dir='ltr'><strong>unam</strong></span> <span class='ocrx_word' id='word_1_384' title='bbox 2448 2621 2640 2675; x_wconf 88' lang='lat' dir='ltr'><strong>saltem</strong></span> <span class='ocrx_word' id='word_1_385' title='bbox 2670 2619 2982 2690; x_wconf 87' lang='lat' dir='ltr'><strong>accipiant:</strong></span> <span class='ocrx_word' id='word_1_386' title='bbox 3020 2617 3167 2688; x_wconf 86' lang='lat' dir='ltr'><strong>quod</strong></span> <span class='ocrx_word' id='word_1_387' title='bbox 3210 2617 3255 2671; x_wconf 90' lang='lat' dir='ltr'><strong>si</strong></span> <span class='ocrx_word' id='word_1_388' title='bbox 3292 2616 3417 2686; x_wconf 85' lang='lat' dir='ltr'><strong>quis</strong></span> <span class='ocrx_word' id='word_1_389' title='bbox 3461 2629 3579 2668; x_wconf 86' lang='lat' dir='ltr'><strong>om-</strong></span> 
     </span>
    </p>
   </div>
   <div class='ocr_carea' id='block_1_56' title="bbox 2013 2705 3581 2781">
    <p class='ocr_par' dir='ltr' id='par_1_56' title="bbox 2013 2705 3581 2781">
     <span class='ocr_line' id='line_1_56' title="bbox 2013 2705 3581 2781; baseline -0.005 -15"><span class='ocrx_word' id='word_1_390' title='bbox 2013 2715 2165 2766; x_wconf 90' lang='lat' dir='ltr'><strong>nium</strong></span> <span class='ocrx_word' id='word_1_391' title='bbox 2196 2726 2419 2781; x_wconf 89' lang='lat' dir='ltr'><strong>prorsus</strong></span> <span class='ocrx_word' id='word_1_392' title='bbox 2446 2726 2571 2767; x_wconf 90' lang='lat' dir='ltr'><strong>esse</strong></span> <span class='ocrx_word' id='word_1_393' title='bbox 2603 2711 2861 2767; x_wconf 90' lang='lat' dir='ltr'><strong>dominus</strong></span> <span class='ocrx_word' id='word_1_394' title='bbox 2892 2716 2945 2766; x_wconf 90' lang='lat' dir='ltr'><strong>et</strong></span> <span class='ocrx_word' id='word_1_395' title='bbox 2979 2709 3291 2764; x_wconf 84' lang='lat' dir='ltr'><strong>universam</strong></span> <span class='ocrx_word' id='word_1_396' title='bbox 3320 2705 3434 2759; x_wconf 84' lang='lat' dir='ltr'><strong>vult</strong></span> <span class='ocrx_word' id='word_1_397' title='bbox 3473 2710 3581 2759; x_wconf 67' lang='lat' dir='ltr'><strong>ha:-</strong></span> 
     </span>
    </p>
   </div>
   <div class='ocr_carea' id='block_1_57' title="bbox 2000 2794 3582 2869">
    <p class='ocr_par' dir='ltr' id='par_1_57' title="bbox 2000 2794 3582 2869">
     <span class='ocr_line' id='line_1_57' title="bbox 2000 2794 3582 2869; baseline -0.006 -13"><span class='ocrx_word' id='word_1_398' title='bbox 2000 2804 2287 2859; x_wconf 85' lang='lat' dir='ltr'><strong>reditatem</strong></span> <span class='ocrx_word' id='word_1_399' title='bbox 2324 2810 2594 2867; x_wconf 89' lang='lat' dir='ltr'><strong>avertere,</strong></span> <span class='ocrx_word' id='word_1_400' title='bbox 2625 2809 2680 2857; x_wconf 91' lang='lat' dir='ltr'><strong>et</strong></span> <span class='ocrx_word' id='word_1_401' title='bbox 2721 2802 2885 2857; x_wconf 89' lang='lat' dir='ltr'><strong>tertia</strong></span> <span class='ocrx_word' id='word_1_402' title='bbox 2923 2807 3017 2854; x_wconf 90' lang='lat' dir='ltr'><strong>aut</strong></span> <span class='ocrx_word' id='word_1_403' title='bbox 3054 2800 3245 2869; x_wconf 91' lang='lat' dir='ltr'><strong>quinta</strong></span> <span class='ocrx_word' id='word_1_404' title='bbox 3278 2803 3432 2866; x_wconf 90' lang='lat' dir='ltr'><strong>parte</strong></span> <span class='ocrx_word' id='word_1_405' title='bbox 3474 2794 3582 2847; x_wconf 84' lang='lat' dir='ltr'><strong>fra-</strong></span> 
     </span>
    </p>
   </div>
   <div class='ocr_carea' id='block_1_58' title="bbox 2002 2885 3576 2956">
    <p class='ocr_par' dir='ltr' id='par_1_58' title="bbox 2002 2885 3576 2956">
     <span class='ocr_line' id='line_1_58' title="bbox 2002 2885 3576 2956; baseline -0.006 -8"><span class='ocrx_word' id='word_1_406' title='bbox 2002 2900 2112 2949; x_wconf 90' lang='lat' dir='ltr'><strong>tres</strong></span> <span class='ocrx_word' id='word_1_407' title='bbox 2161 2892 2476 2956; x_wconf 78' lang='lat' dir='ltr'><strong>exclndere,</strong></span> <span class='ocrx_word' id='word_1_408' title='bbox 2527 2885 2619 2948; x_wconf 88' lang='lat' dir='ltr'><strong>ille</strong></span> <span class='ocrx_word' id='word_1_409' title='bbox 2678 2891 2846 2947; x_wconf 77' lang='lat' dir='ltr'><strong>frater</strong></span> <span class='ocrx_word' id='word_1_410' title='bbox 2876 2906 2984 2946; x_wconf 90' lang='lat' dir='ltr'><strong>non</strong></span> <span class='ocrx_word' id='word_1_411' title='bbox 3016 2896 3122 2955; x_wconf 91' lang='lat' dir='ltr'><strong>est,</strong></span> <span class='ocrx_word' id='word_1_412' title='bbox 3187 2888 3279 2944; x_wconf 89' lang='lat' dir='ltr'><strong>sed</strong></span> <span class='ocrx_word' id='word_1_413' title='bbox 3342 2885 3576 2939; x_wconf 86' lang='lat' dir='ltr'><strong>acerbus</strong></span> 
     </span>
    </p>
   </div>
   <div class='ocr_carea' id='block_1_59' title="bbox 312 2973 1901 3055">
    <p class='ocr_par' dir='ltr' id='par_1_59' title="bbox 312 2973 1898 3047">
     <span class='ocr_line' id='line_1_59' title="bbox 312 2973 1898 3047; baseline 0.001 -20"><span class='ocrx_word' id='word_1_414' title='bbox 312 2975 377 3027; x_wconf 82' lang='grc' dir='ltr'>ὲν</span> <span class='ocrx_word' id='word_1_415' title='bbox 407 2973 590 3044; x_wconf 75' lang='grc' dir='ltr'><strong>ταύτῷ</strong></span> <span class='ocrx_word' id='word_1_416' title='bbox 626 2975 811 3029; x_wconf 55' lang='grc' dir='ltr'><strong>πολλοὶ⁵</strong></span> <span class='ocrx_word' id='word_1_417' title='bbox 842 2976 899 3028; x_wconf 80' lang='grc' dir='ltr'>ἓν</span> <span class='ocrx_word' id='word_1_418' title='bbox 931 2977 1298 3046; x_wconf 80' lang='grc' dir='ltr'>σπαράττουσι</span> <span class='ocrx_word' id='word_1_419' title='bbox 1350 2976 1507 3046; x_wconf 89' lang='grc' dir='ltr'>σῶμα</span> <span class='ocrx_word' id='word_1_420' title='bbox 1537 2994 1550 3007; x_wconf 91' lang='grc'><strong>·</strong></span> <span class='ocrx_word' id='word_1_421' title='bbox 1587 2979 1614 3029; x_wconf 84' lang='grc' dir='ltr'>ὁ</span> <span class='ocrx_word' id='word_1_422' title='bbox 1641 2977 1699 3030; x_wconf 82' lang='grc' dir='ltr'>δὲ</span> <span class='ocrx_word' id='word_1_423' title='bbox 1727 2976 1898 3047; x_wconf 80' lang='grc' dir='ltr'>ἄπλη-</span> 
     </span>
    </p>
   </div>
   <div class='ocr_carea' id='block_1_60' title="bbox 2009 2973 3576 3055">
    <p class='ocr_par' dir='ltr' id='par_1_60' title="bbox 2009 2976 3576 3055">
     <span class='ocr_line' id='line_1_60' title="bbox 2009 2976 3576 3055; baseline -0.004 -17"><span class='ocrx_word' id='word_1_424' title='bbox 2009 2994 2294 3055; x_wconf 84' lang='lat' dir='ltr'><strong>lyrannus,</strong></span> <span class='ocrx_word' id='word_1_425' title='bbox 2323 2984 2552 3039; x_wconf 90' lang='lat' dir='ltr'><strong>immitis</strong></span> <span class='ocrx_word' id='word_1_426' title='bbox 2580 2984 2871 3046; x_wconf 86' lang='lat' dir='ltr'><strong>barbarus,</strong></span> <span class='ocrx_word' id='word_1_427' title='bbox 2908 2983 3018 3037; x_wconf 90' lang='lat' dir='ltr'><strong>imo</strong></span> <span class='ocrx_word' id='word_1_428' title='bbox 3055 2994 3185 3036; x_wconf 89' lang='lat' dir='ltr'><strong>vero</strong></span> <span class='ocrx_word' id='word_1_429' title='bbox 3232 2976 3576 3046; x_wconf 78' lang='lat' dir='ltr'><strong>inexplebilis</strong></span> 
     </span>
    </p>
   </div>
   <div class='ocr_carea' id='block_1_61' title="bbox 319 3065 1905 3139">
    <p class='ocr_par' dir='ltr' id='par_1_61' title="bbox 319 3065 1905 3139">
     <span class='ocr_line' id='line_1_61' title="bbox 319 3065 1905 3139; baseline 0.002 -20"><span class='ocrx_word' id='word_1_430' title='bbox 319 3082 450 3128; x_wconf 81' lang='grc' dir='ltr'>στος</span> <span class='ocrx_word' id='word_1_431' title='bbox 478 3065 667 3120; x_wconf 82' lang='grc' dir='ltr'>ούδένα</span> <span class='ocrx_word' id='word_1_432' title='bbox 699 3068 806 3120; x_wconf 86' lang='grc' dir='ltr'><strong>τῶν</strong></span> <span class='ocrx_word' id='word_1_433' title='bbox 829 3067 1112 3138; x_wconf 75' lang='grc' dir='ltr'>ὁμοφύλων</span> <span class='ocrx_word' id='word_1_434' title='bbox 1170 3068 1251 3131; x_wconf 84' lang='grc' dir='ltr'><strong>είς</strong></span> <span class='ocrx_word' id='word_1_435' title='bbox 1277 3068 1376 3137; x_wconf 81' lang='grc' dir='ltr'>τὴν</span> <span class='ocrx_word' id='word_1_436' title='bbox 1410 3068 1698 3137; x_wconf 82' lang='grc' dir='ltr'>μετουσίαν</span> <span class='ocrx_word' id='word_1_437' title='bbox 1725 3086 1905 3139; x_wconf 87' lang='grc' dir='ltr'>παρα-</span> 
     </span>
    </p>
   </div>
   <div class='ocr_carea' id='block_1_62' title="bbox 315 3144 1903 3231">
    <p class='ocr_par' dir='ltr' id='par_1_62' title="bbox 315 3144 1903 3231">
     <span class='ocr_line' id='line_1_62' title="bbox 315 3144 1903 3231; baseline 0.001 -19"><span class='ocrx_word' id='word_1_438' title='bbox 315 3158 593 3229; x_wconf 75' lang='grc' dir='ltr'>λαμϐάνει</span> <span class='ocrx_word' id='word_1_439' title='bbox 627 3159 719 3213; x_wconf 83' lang='grc' dir='ltr'>τοῦ</span> <span class='ocrx_word' id='word_1_440' title='bbox 748 3160 996 3214; x_wconf 88' lang='grc' dir='ltr'>πλούτου.</span> <span class='ocrx_word' id='word_1_441' title='bbox 1044 3160 1229 3228; x_wconf 80' lang='grc' dir='ltr'>Ἀρκεῖ</span> <span class='ocrx_word' id='word_1_442' title='bbox 1257 3144 1339 3211; x_wconf 76' lang='grc' dir='ltr'><strong>σοι</strong></span> <span class='ocrx_word' id='word_1_443' title='bbox 1368 3159 1402 3228; x_wconf 84' lang='grc' dir='ltr'>ὴ</span> <span class='ocrx_word' id='word_1_444' title='bbox 1435 3157 1744 3230; x_wconf 87' lang='grc' dir='ltr'>σύμμετρος</span> <span class='ocrx_word' id='word_1_445' title='bbox 1771 3160 1903 3231; x_wconf 89' lang='grc' dir='ltr'>τρά-</span> 
     </span>
    </p>
   </div>
   <div class='ocr_carea' id='block_1_63' title="bbox 319 3248 1901 3324">
    <p class='ocr_par' dir='ltr' id='par_1_63' title="bbox 319 3248 1901 3324">
     <span class='ocr_line' id='line_1_63' title="bbox 319 3248 1901 3324; baseline -0.001 -19"><span class='ocrx_word' id='word_1_446' title='bbox 319 3253 489 3317; x_wconf 78' lang='grc' dir='ltr'>πεζα.</span> <span class='ocrx_word' id='word_1_447' title='bbox 524 3252 615 3323; x_wconf 80' lang='grc' dir='ltr'><strong>Μὴ</strong></span> <span class='ocrx_word' id='word_1_448' title='bbox 651 3252 786 3324; x_wconf 85' lang='grc' dir='ltr'>πρὸς</span> <span class='ocrx_word' id='word_1_449' title='bbox 812 3252 872 3305; x_wconf 74' lang='grc' dir='ltr'>τὸ</span> <span class='ocrx_word' id='word_1_450' title='bbox 917 3251 1152 3319; x_wconf 87' lang='grc' dir='ltr'>πέλαγος</span> <span class='ocrx_word' id='word_1_451' title='bbox 1195 3250 1295 3319; x_wconf 82' lang='grc' dir='ltr'>τῆς</span> <span class='ocrx_word' id='word_1_452' title='bbox 1346 3248 1645 3302; x_wconf 88' lang='grc' dir='ltr'>ἀκολάστου</span> <span class='ocrx_word' id='word_1_453' title='bbox 1676 3249 1901 3303; x_wconf 84' lang='grc' dir='ltr'>πανδαι-</span> 
     </span>
    </p>
   </div>
   <div class='ocr_carea' id='block_1_64' title="bbox 325 3341 1895 3417">
    <p class='ocr_par' dir='ltr' id='par_1_64' title="bbox 325 3341 1895 3417">
     <span class='ocr_line' id='line_1_64' title="bbox 325 3341 1895 3417; baseline -0.003 -18"><span class='ocrx_word' id='word_1_454' title='bbox 325 3346 448 3408; x_wconf 86' lang='grc' dir='ltr'>σίας</span> <span class='ocrx_word' id='word_1_455' title='bbox 478 3345 737 3417; x_wconf 75' lang='grc' dir='ltr'>ὲκπέσῃς.</span> <span class='ocrx_word' id='word_1_456' title='bbox 767 3344 1014 3398; x_wconf 71' lang='grc' dir='ltr'>Χαλεπὸν</span> <span class='ocrx_word' id='word_1_457' title='bbox 1042 3344 1149 3413; x_wconf 76' lang='grc' dir='ltr'><strong>γάρ</strong></span> <span class='ocrx_word' id='word_1_458' title='bbox 1169 3342 1226 3396; x_wconf 76' lang='grc' dir='ltr'>τὸ</span> <span class='ocrx_word' id='word_1_459' title='bbox 1252 3341 1595 3411; x_wconf 74' lang='grc' dir='ltr'>ἐπικείμενον</span> <span class='ocrx_word' id='word_1_460' title='bbox 1617 3344 1895 3410; x_wconf 84' lang='grc' dir='ltr'>ναυάγιον,</span> 
     </span>
    </p>
   </div>
   <div class='ocr_carea' id='block_1_65' title="bbox 324 3432 1907 3507">
    <p class='ocr_par' dir='ltr' id='par_1_65' title="bbox 324 3432 1907 3507">
     <span class='ocr_line' id='line_1_65' title="bbox 324 3432 1907 3507; baseline -0.001 -18"><span class='ocrx_word' id='word_1_461' title='bbox 324 3436 389 3489; x_wconf 75' lang='grc' dir='ltr'>οὐ</span> <span class='ocrx_word' id='word_1_462' title='bbox 415 3436 642 3506; x_wconf 77' lang='grc' dir='ltr'>πέτραις</span> <span class='ocrx_word' id='word_1_463' title='bbox 670 3435 1065 3507; x_wconf 73' lang='grc' dir='ltr'><strong>¹ιτεριρῤηγνύον</strong></span> <span class='ocrx_word' id='word_1_464' title='bbox 1097 3434 1337 3502; x_wconf 79' lang='grc' dir='ltr'>ὑφάλοις,</span> <span class='ocrx_word' id='word_1_465' title='bbox 1374 3432 1489 3485; x_wconf 86' lang='grc' dir='ltr'>ἀλλ’</span> <span class='ocrx_word' id='word_1_466' title='bbox 1518 3433 1598 3495; x_wconf 88' lang='grc' dir='ltr'><strong>είς</strong></span> <span class='ocrx_word' id='word_1_467' title='bbox 1630 3432 1690 3485; x_wconf 80' lang='grc' dir='ltr'>τὸ</span> <span class='ocrx_word' id='word_1_468' title='bbox 1718 3434 1907 3497; x_wconf 81' lang='grc' dir='ltr'>σκότος</span> 
     </span>
    </p>
   </div>
   <div class='ocr_carea' id='block_1_66' title="bbox 329 3522 1907 3595">
    <p class='ocr_par' dir='ltr' id='par_1_66' title="bbox 329 3522 1907 3595">
     <span class='ocr_line' id='line_1_66' title="bbox 329 3522 1907 3595; baseline -0.001 -15"><span class='ocrx_word' id='word_1_469' title='bbox 329 3524 560 3591; x_wconf 76' lang='grc' dir='ltr'>ὲξωθοῦν</span> <span class='ocrx_word' id='word_1_470' title='bbox 606 3526 667 3579; x_wconf 83' lang='grc' dir='ltr'><strong>τὸ</strong></span> <span class='ocrx_word' id='word_1_471' title='bbox 711 3525 1028 3595; x_wconf 83' lang='grc' dir='ltr'>βαθύτατον,</span> <span class='ocrx_word' id='word_1_472' title='bbox 1064 3523 1185 3578; x_wconf 85' lang='grc' dir='ltr'>ὅθεν</span> <span class='ocrx_word' id='word_1_473' title='bbox 1216 3522 1409 3576; x_wconf 76' lang='grc' dir='ltr'>οὔποτε</span> <span class='ocrx_word' id='word_1_474' title='bbox 1457 3523 1486 3575; x_wconf 88' lang='grc' dir='ltr'>ὁ</span> <span class='ocrx_word' id='word_1_475' title='bbox 1531 3523 1784 3592; x_wconf 76' lang='grc' dir='ltr'>ἐμπεσὼν</span> <span class='ocrx_word' id='word_1_476' title='bbox 1816 3527 1907 3579; x_wconf 79' lang='grc' dir='ltr'><strong>ἐκ·</strong></span> 
     </span>
    </p>
   </div>
   <div class='ocr_carea' id='block_1_67' title="bbox 328 3617 579 3688">
    <p class='ocr_par' dir='ltr' id='par_1_67' title="bbox 328 3617 579 3688">
     <span class='ocr_line' id='line_1_67' title="bbox 328 3617 579 3688; baseline 0.004 -19"><span class='ocrx_word' id='word_1_477' title='bbox 328 3617 579 3688; x_wconf 73' lang='grc' dir='ltr'>ϐήσεται.</span> 
     </span>
    </p>
   </div>
   <div class='ocr_carea' id='block_1_68' title="bbox 2007 3066 3576 3145">
    <p class='ocr_par' dir='ltr' id='par_1_68' title="bbox 2007 3066 3576 3145">
     <span class='ocr_line' id='line_1_68' title="bbox 2007 3066 3576 3145; baseline -0.008 -14"><span class='ocrx_word' id='word_1_478' title='bbox 2007 3074 2139 3140; x_wconf 89' lang='lat' dir='ltr'><strong>fera,</strong></span> <span class='ocrx_word' id='word_1_479' title='bbox 2173 3090 2294 3145; x_wconf 69' lang='lat' dir='ltr'><strong>qua:</strong></span> <span class='ocrx_word' id='word_1_480' title='bbox 2319 3074 2491 3129; x_wconf 88' lang='lat' dir='ltr'><strong>hianti</strong></span> <span class='ocrx_word' id='word_1_481' title='bbox 2520 3089 2616 3129; x_wconf 90' lang='lat' dir='ltr'><strong>ore</strong></span> <span class='ocrx_word' id='word_1_482' title='bbox 2649 3074 2767 3130; x_wconf 91' lang='lat' dir='ltr'><strong>sola</strong></span> <span class='ocrx_word' id='word_1_483' title='bbox 2796 3088 2997 3129; x_wconf 89' lang='lat' dir='ltr'><strong>suaves</strong></span> <span class='ocrx_word' id='word_1_484' title='bbox 3021 3071 3248 3127; x_wconf 88' lang='lat' dir='ltr'><strong>devoret</strong></span> <span class='ocrx_word' id='word_1_485' title='bbox 3273 3067 3463 3137; x_wconf 88' lang='lat' dir='ltr'><strong>dapes,</strong></span> <span class='ocrx_word' id='word_1_486' title='bbox 3488 3066 3576 3120; x_wconf 89' lang='lat' dir='ltr'><strong>vel</strong></span> 
     </span>
    </p>
   </div>
   <div class='ocr_carea' id='block_1_69' title="bbox 2008 3156 3585 3238">
    <p class='ocr_par' dir='ltr' id='par_1_69' title="bbox 2008 3156 3585 3238">
     <span class='ocr_line' id='line_1_69' title="bbox 2008 3156 3585 3238; baseline -0.007 -16"><span class='ocrx_word' id='word_1_487' title='bbox 2008 3169 2189 3238; x_wconf 85' lang='lat' dir='ltr'><strong>potius</strong></span> <span class='ocrx_word' id='word_1_488' title='bbox 2214 3167 2348 3237; x_wconf 87' lang='lat' dir='ltr'><strong>ipsis</strong></span> <span class='ocrx_word' id='word_1_489' title='bbox 2374 3168 2539 3222; x_wconf 90' lang='lat' dir='ltr'><strong>etiam</strong></span> <span class='ocrx_word' id='word_1_490' title='bbox 2575 3165 2712 3220; x_wconf 82' lang='lat' dir='ltr'><strong>feris</strong></span> <span class='ocrx_word' id='word_1_491' title='bbox 2742 3165 2938 3221; x_wconf 72' lang='lat' dir='ltr'><strong>saevior</strong></span> <span class='ocrx_word' id='word_1_492' title='bbox 2966 3172 3022 3221; x_wconf 89' lang='lat' dir='ltr'><strong>et</strong></span> <span class='ocrx_word' id='word_1_493' title='bbox 3064 3160 3376 3233; x_wconf 85' lang='lat' dir='ltr'><strong>agrestior;</strong></span> <span class='ocrx_word' id='word_1_494' title='bbox 3408 3156 3585 3227; x_wconf 89' lang='lat' dir='ltr'><strong>siqui-</strong></span> 
     </span>
    </p>
   </div>
   <div class='ocr_carea' id='block_1_70' title="bbox 2009 3245 3585 3327">
    <p class='ocr_par' dir='ltr' id='par_1_70' title="bbox 2009 3245 3585 3327">
     <span class='ocr_line' id='line_1_70' title="bbox 2009 3245 3585 3327; baseline -0.009 -13"><span class='ocrx_word' id='word_1_495' title='bbox 2009 3260 2130 3314; x_wconf 90' lang='lat' dir='ltr'><strong>dem</strong></span> <span class='ocrx_word' id='word_1_496' title='bbox 2159 3266 2214 3314; x_wconf 89' lang='lat' dir='ltr'><strong>et</strong></span> <span class='ocrx_word' id='word_1_497' title='bbox 2255 3258 2417 3327; x_wconf 89' lang='lat' dir='ltr'><strong>lupus</strong></span> <span class='ocrx_word' id='word_1_498' title='bbox 2452 3257 2519 3312; x_wconf 87' lang='lat' dir='ltr'><strong>ad</strong></span> <span class='ocrx_word' id='word_1_499' title='bbox 2565 3254 2935 3311; x_wconf 88' lang='lat' dir='ltr'><strong>devorandam</strong></span> <span class='ocrx_word' id='word_1_500' title='bbox 2979 3252 3218 3324; x_wconf 67' lang='lat' dir='ltr'><strong>praedam</strong></span> <span class='ocrx_word' id='word_1_501' title='bbox 3252 3250 3441 3318; x_wconf 90' lang='lat' dir='ltr'><strong>lupum</strong></span> <span class='ocrx_word' id='word_1_502' title='bbox 3479 3245 3585 3301; x_wconf 89' lang='lat' dir='ltr'><strong>sibi</strong></span> 
     </span>
    </p>
   </div>
   <div class='ocr_carea' id='block_1_71' title="bbox 2012 3336 3587 3418">
    <p class='ocr_par' dir='ltr' id='par_1_71' title="bbox 2012 3336 3587 3418">
     <span class='ocr_line' id='line_1_71' title="bbox 2012 3336 3587 3418; baseline -0.008 -13"><span class='ocrx_word' id='word_1_503' title='bbox 2012 3349 2221 3406; x_wconf 88' lang='lat' dir='ltr'><strong>socium</strong></span> <span class='ocrx_word' id='word_1_504' title='bbox 2245 3348 2512 3418; x_wconf 85' lang='lat' dir='ltr'><strong>adjungit,</strong></span> <span class='ocrx_word' id='word_1_505' title='bbox 2544 3355 2599 3402; x_wconf 88' lang='lat' dir='ltr'><strong>et</strong></span> <span class='ocrx_word' id='word_1_506' title='bbox 2614 3360 2783 3401; x_wconf 89' lang='lat' dir='ltr'><strong>canes</strong></span> <span class='ocrx_word' id='word_1_507' title='bbox 2804 3344 2963 3399; x_wconf 91' lang='lat' dir='ltr'><strong>multi</strong></span> <span class='ocrx_word' id='word_1_508' title='bbox 2993 3353 3389 3409; x_wconf 88' lang='lat' dir='ltr'><strong>nonnunquam</strong></span> <span class='ocrx_word' id='word_1_509' title='bbox 3422 3336 3587 3393; x_wconf 86' lang='lat' dir='ltr'><strong>simul</strong></span> 
     </span>
    </p>
   </div>
   <div class='ocr_carea' id='block_1_72' title="bbox 2012 3432 3586 3507">
    <p class='ocr_par' dir='ltr' id='par_1_72' title="bbox 2012 3432 3586 3507">
     <span class='ocr_line' id='line_1_72' title="bbox 2012 3432 3586 3507; baseline -0.007 -15"><span class='ocrx_word' id='word_1_510' title='bbox 2012 3439 2154 3495; x_wconf 90' lang='lat' dir='ltr'><strong>idem</strong></span> <span class='ocrx_word' id='word_1_511' title='bbox 2190 3438 2457 3493; x_wconf 90' lang='lat' dir='ltr'><strong>dilaniant</strong></span> <span class='ocrx_word' id='word_1_512' title='bbox 2486 3452 2708 3507; x_wconf 89' lang='lat' dir='ltr'><strong>corpus.</strong></span> <span class='ocrx_word' id='word_1_513' title='bbox 2748 3436 2819 3490; x_wconf 80' lang='lat' dir='ltr'><strong>At</strong></span> <span class='ocrx_word' id='word_1_514' title='bbox 2865 3435 2971 3489; x_wconf 91' lang='lat' dir='ltr'><strong>iste</strong></span> <span class='ocrx_word' id='word_1_515' title='bbox 3003 3432 3321 3488; x_wconf 89' lang='lat' dir='ltr'><strong>divitiarum</strong></span> <span class='ocrx_word' id='word_1_516' title='bbox 3362 3442 3586 3484; x_wconf 89' lang='lat' dir='ltr'><strong>suarum</strong></span> 
     </span>
    </p>
   </div>
   <div class='ocr_carea' id='block_1_73' title="bbox 2012 3518 3585 3599">
    <p class='ocr_par' dir='ltr' id='par_1_73' title="bbox 2012 3518 3585 3599">
     <span class='ocr_line' id='line_1_73' title="bbox 2012 3518 3585 3599; baseline -0.007 -17"><span class='ocrx_word' id='word_1_517' title='bbox 2012 3528 2220 3582; x_wconf 93' lang='lat' dir='ltr'><strong>nullum</strong></span> <span class='ocrx_word' id='word_1_518' title='bbox 2250 3527 2498 3599; x_wconf 85' lang='lat' dir='ltr'><strong>ejusdem</strong></span> <span class='ocrx_word' id='word_1_519' title='bbox 2518 3526 2737 3598; x_wconf 85' lang='lat' dir='ltr'><strong>generis</strong></span> <span class='ocrx_word' id='word_1_520' title='bbox 2762 3525 3042 3581; x_wconf 87' lang='lat' dir='ltr'><strong>hominem</strong></span> <span class='ocrx_word' id='word_1_521' title='bbox 3075 3520 3399 3594; x_wconf 88' lang='lat' dir='ltr'><strong>participem</strong></span> <span class='ocrx_word' id='word_1_522' title='bbox 3435 3518 3585 3573; x_wconf 89' lang='lat' dir='ltr'><strong>facit.</strong></span> 
     </span>
    </p>
   </div>
   <div class='ocr_carea' id='block_1_74' title="bbox 2014 3610 3587 3675">
    <p class='ocr_par' dir='ltr' id='par_1_74' title="bbox 2014 3610 3587 3675">
     <span class='ocr_line' id='line_1_74' title="bbox 2014 3610 3587 3675; baseline -0.007 -2"><span class='ocrx_word' id='word_1_523' title='bbox 2014 3619 2288 3674; x_wconf 86' lang='lat' dir='ltr'><strong>Moderata</strong></span> <span class='ocrx_word' id='word_1_524' title='bbox 2328 3634 2518 3674; x_wconf 89' lang='lat' dir='ltr'><strong>mensa</strong></span> <span class='ocrx_word' id='word_1_525' title='bbox 2547 3617 2757 3675; x_wconf 80' lang='lat' dir='ltr'><strong>sufficit</strong></span> <span class='ocrx_word' id='word_1_526' title='bbox 2795 3617 2917 3673; x_wconf 88' lang='lat' dir='ltr'><strong>tibi.</strong></span> <span class='ocrx_word' id='word_1_527' title='bbox 2949 3614 3032 3671; x_wconf 86' lang='lat' dir='ltr'><strong>Ne</strong></span> <span class='ocrx_word' id='word_1_528' title='bbox 3070 3624 3123 3670; x_wconf 91' lang='lat' dir='ltr'><strong>te</strong></span> <span class='ocrx_word' id='word_1_529' title='bbox 3151 3613 3208 3668; x_wconf 91' lang='lat' dir='ltr'><strong>in</strong></span> <span class='ocrx_word' id='word_1_530' title='bbox 3258 3610 3390 3666; x_wconf 89' lang='lat' dir='ltr'><strong>illud</strong></span> <span class='ocrx_word' id='word_1_531' title='bbox 3429 3610 3587 3664; x_wconf 79' lang='lat' dir='ltr'><strong>luxu-</strong></span> 
     </span>
    </p>
   </div>
   <div class='ocr_carea' id='block_1_75' title="bbox 324 3701 3589 3782">
    <p class='ocr_par' dir='ltr' id='par_1_75' title="bbox 324 3701 3589 3782">
     <span class='ocr_line' id='line_1_75' title="bbox 324 3701 3589 3782; baseline -0.004 -15"><span class='ocrx_word' id='word_1_532' title='bbox 324 3713 423 3767; x_wconf 78' lang='lat' dir='ltr'><strong>riae</strong></span> <span class='ocrx_word' id='word_1_533' title='bbox 453 3713 679 3782; x_wconf 77' lang='lat' dir='ltr'><strong>pelagus</strong></span> <span class='ocrx_word' id='word_1_534' title='bbox 730 3711 1024 3778; x_wconf 85' lang='lat' dir='ltr'><strong>demittas,</strong></span> <span class='ocrx_word' id='word_1_535' title='bbox 1061 3717 1122 3765; x_wconf 91' lang='lat' dir='ltr'><strong>ut</strong></span> <span class='ocrx_word' id='word_1_536' title='bbox 1175 3710 1423 3765; x_wconf 86' lang='lat' dir='ltr'><strong>convivia</strong></span> <span class='ocrx_word' id='word_1_537' title='bbox 1477 3711 1626 3765; x_wconf 92' lang='lat' dir='ltr'><strong>omni</strong></span> <span class='ocrx_word' id='word_1_538' title='bbox 1691 3726 1888 3780; x_wconf 79' lang='lat' dir='ltr'><strong>genere</strong></span> <span class='ocrx_word' id='word_1_539' title='bbox 1924 3713 2174 3771; x_wconf 90' lang='lat' dir='ltr'><strong>ciborum</strong></span> <span class='ocrx_word' id='word_1_540' title='bbox 2207 3716 2476 3771; x_wconf 90' lang='lat' dir='ltr'><strong>instructa</strong></span> <span class='ocrx_word' id='word_1_541' title='bbox 2533 3713 2691 3770; x_wconf 84' lang='lat' dir='ltr'><strong>velis.</strong></span> <span class='ocrx_word' id='word_1_542' title='bbox 2756 3711 2874 3767; x_wconf 91' lang='lat' dir='ltr'><strong>lllie</strong></span> <span class='ocrx_word' id='word_1_543' title='bbox 2941 3708 3089 3765; x_wconf 89' lang='lat' dir='ltr'><strong>enim</strong></span> <span class='ocrx_word' id='word_1_544' title='bbox 3144 3719 3308 3777; x_wconf 89' lang='lat' dir='ltr'><strong>grave</strong></span> <span class='ocrx_word' id='word_1_545' title='bbox 3366 3701 3589 3758; x_wconf 84' lang='lat' dir='ltr'><strong>naufra-</strong></span> 
     </span>
    </p>
   </div>
   <div class='ocr_carea' id='block_1_76' title="bbox 321 3797 3588 3873">
    <p class='ocr_par' dir='ltr' id='par_1_76' title="bbox 321 3797 3588 3873">
     <span class='ocr_line' id='line_1_76' title="bbox 321 3797 3588 3873; baseline -0.003 -17"><span class='ocrx_word' id='word_1_546' title='bbox 321 3803 480 3873; x_wconf 89' lang='lat' dir='ltr'><strong>gium</strong></span> <span class='ocrx_word' id='word_1_547' title='bbox 514 3802 591 3863; x_wconf 84' lang='lat' dir='ltr'><strong>lit,</strong></span> <span class='ocrx_word' id='word_1_548' title='bbox 621 3816 729 3871; x_wconf 86' lang='lat' dir='ltr'><strong>quo</strong></span> <span class='ocrx_word' id='word_1_549' title='bbox 767 3815 875 3855; x_wconf 92' lang='lat' dir='ltr'><strong>non</strong></span> <span class='ocrx_word' id='word_1_550' title='bbox 903 3798 1140 3867; x_wconf 89' lang='lat' dir='ltr'><strong>scopulis</strong></span> <span class='ocrx_word' id='word_1_551' title='bbox 1164 3799 1264 3854; x_wconf 91' lang='lat' dir='ltr'><strong>sub</strong></span> <span class='ocrx_word' id='word_1_552' title='bbox 1303 3799 1418 3853; x_wconf 89' lang='lat' dir='ltr'><strong>salo</strong></span> <span class='ocrx_word' id='word_1_553' title='bbox 1450 3799 1742 3855; x_wconf 90' lang='lat' dir='ltr'><strong>latentibus</strong></span> <span class='ocrx_word' id='word_1_554' title='bbox 1771 3801 2070 3870; x_wconf 89' lang='lat' dir='ltr'><strong>collideris,</strong></span> <span class='ocrx_word' id='word_1_555' title='bbox 2143 3802 2237 3861; x_wconf 73' lang='lat' dir='ltr'><strong>s&#39;ed</strong></span> <span class='ocrx_word' id='word_1_556' title='bbox 2302 3804 2359 3859; x_wconf 92' lang='lat' dir='ltr'><strong>in</strong></span> <span class='ocrx_word' id='word_1_557' title='bbox 2410 3804 2737 3861; x_wconf 86' lang='lat' dir='ltr'><strong>altissimam</strong></span> <span class='ocrx_word' id='word_1_558' title='bbox 2785 3809 2839 3857; x_wconf 89' lang='lat' dir='ltr'><strong>et</strong></span> <span class='ocrx_word' id='word_1_559' title='bbox 2907 3797 3357 3857; x_wconf 88' lang='lat' dir='ltr'><strong>obscurissimam</strong></span> <span class='ocrx_word' id='word_1_560' title='bbox 3429 3806 3588 3847; x_wconf 82' lang='lat' dir='ltr'><strong>vora-</strong></span> 
     </span>
    </p>
   </div>
   <div class='ocr_carea' id='block_1_77' title="bbox 320 3890 2323 3968">
    <p class='ocr_par' dir='ltr' id='par_1_77' title="bbox 320 3890 2323 3968">
     <span class='ocr_line' id='line_1_77' title="bbox 320 3890 2323 3968; baseline 0.001 -21"><span class='ocrx_word' id='word_1_561' title='bbox 320 3894 518 3965; x_wconf 87' lang='lat' dir='ltr'><strong>ginem</strong></span> <span class='ocrx_word' id='word_1_562' title='bbox 546 3891 868 3952; x_wconf 87' lang='lat' dir='ltr'><strong>detruderis,</strong></span> <span class='ocrx_word' id='word_1_563' title='bbox 900 3892 955 3944; x_wconf 89' lang='lat' dir='ltr'><strong>in</strong></span> <span class='ocrx_word' id='word_1_564' title='bbox 989 3905 1151 3960; x_wconf 87' lang='lat' dir='ltr'><strong>quam</strong></span> <span class='ocrx_word' id='word_1_565' title='bbox 1177 3892 1267 3959; x_wconf 91' lang='lat' dir='ltr'><strong>qui</strong></span> <span class='ocrx_word' id='word_1_566' title='bbox 1305 3890 1473 3944; x_wconf 90' lang='lat' dir='ltr'><strong>semel</strong></span> <span class='ocrx_word' id='word_1_567' title='bbox 1509 3891 1720 3955; x_wconf 89' lang='lat' dir='ltr'><strong>incidit,</strong></span> <span class='ocrx_word' id='word_1_568' title='bbox 1752 3908 2032 3963; x_wconf 82' lang='lat' dir='ltr'><strong>nunquam</strong></span> <span class='ocrx_word' id='word_1_569' title='bbox 2061 3906 2323 3968; x_wconf 84' lang='lat' dir='ltr'><strong>emerget.</strong></span> 
     </span>
    </p>
   </div>
   <div class='ocr_carea' id='block_1_78' title="bbox 403 3981 1903 4056">
    <p class='ocr_par' dir='ltr' id='par_1_78' title="bbox 403 3981 1903 4056">
     <span class='ocr_line' id='line_1_78' title="bbox 403 3981 1903 4056; baseline -0.001 -19"><span class='ocrx_word' id='word_1_570' title='bbox 403 3982 644 4054; x_wconf 77' lang='grc' dir='ltr'>Χρῆσαι,</span> <span class='ocrx_word' id='word_1_571' title='bbox 676 3983 746 4053; x_wconf 81' lang='grc' dir='ltr'><strong>μὴ</strong></span> <span class='ocrx_word' id='word_1_572' title='bbox 777 3983 1109 4056; x_wconf 79' lang='grc' dir='ltr'>παραχρήσῃ</span> <span class='ocrx_word' id='word_1_573' title='bbox 1133 4001 1147 4014; x_wconf 73' lang='grc' dir='ltr'><strong>ο</strong></span> <span class='ocrx_word' id='word_1_574' title='bbox 1196 3981 1351 4035; x_wconf 77' lang='grc' dir='ltr'>τοῦτο</span> <span class='ocrx_word' id='word_1_575' title='bbox 1382 3981 1490 4053; x_wconf 89' lang='grc' dir='ltr'><strong>γάρ</strong></span> <span class='ocrx_word' id='word_1_576' title='bbox 1520 3998 1577 4033; x_wconf 88' lang='grc' dir='ltr'><strong>σε</strong></span> <span class='ocrx_word' id='word_1_577' title='bbox 1624 3983 1714 4034; x_wconf 74' lang='grc' dir='ltr'>καὶ</span> <span class='ocrx_word' id='word_1_578' title='bbox 1751 3982 1903 4035; x_wconf 80' lang='grc' dir='ltr'><strong>Παῦ-</strong></span> 
     </span>
    </p>
   </div>
   <div class='ocr_carea' id='block_1_79' title="bbox 322 4070 1904 4145">
    <p class='ocr_par' dir='ltr' id='par_1_79' title="bbox 322 4070 1904 4145">
     <span class='ocr_line' id='line_1_79' title="bbox 322 4070 1904 4145; baseline -0.001 -16"><span class='ocrx_word' id='word_1_579' title='bbox 322 4077 422 4137; x_wconf 81' lang='grc' dir='ltr'><strong>λος</strong></span> <span class='ocrx_word' id='word_1_580' title='bbox 455 4071 708 4138; x_wconf 73' lang='grc' dir='ltr'>ἐδίδαξεν.</span> <span class='ocrx_word' id='word_1_581' title='bbox 744 4073 902 4135; x_wconf 79' lang='grc' dir='ltr'>Ἀνες</span> <span class='ocrx_word' id='word_1_582' title='bbox 945 4072 1136 4129; x_wconf 82' lang='grc' dir='ltr'>σαυτὸν</span> <span class='ocrx_word' id='word_1_583' title='bbox 1165 4070 1461 4125; x_wconf 82' lang='grc' dir='ltr'>ἀπολαύσει</span> <span class='ocrx_word' id='word_1_584' title='bbox 1496 4072 1904 4145; x_wconf 84' lang='grc' dir='ltr'>μεμετρημένῃ.</span> 
     </span>
    </p>
   </div>
   <div class='ocr_carea' id='block_1_80' title="bbox 322 4162 1906 4235">
    <p class='ocr_par' dir='ltr' id='par_1_80' title="bbox 322 4162 1906 4235">
     <span class='ocr_line' id='line_1_80' title="bbox 322 4162 1906 4235; baseline -0.003 -15"><span class='ocrx_word' id='word_1_585' title='bbox 322 4166 422 4235; x_wconf 79' lang='grc' dir='ltr'><strong>Μὴ</strong></span> <span class='ocrx_word' id='word_1_586' title='bbox 453 4163 760 4235; x_wconf 78' lang='grc' dir='ltr'>βακχεύσῃς</span> <span class='ocrx_word' id='word_1_587' title='bbox 788 4165 906 4226; x_wconf 87' lang='grc' dir='ltr'>ταῖς</span> <span class='ocrx_word' id='word_1_588' title='bbox 933 4163 1161 4233; x_wconf 75' lang='grc' dir='ltr'>ἡδοναῖς.</span> <span class='ocrx_word' id='word_1_589' title='bbox 1193 4162 1283 4233; x_wconf 81' lang='grc' dir='ltr'><strong>Μὴ</strong></span> <span class='ocrx_word' id='word_1_590' title='bbox 1309 4163 1522 4217; x_wconf 86' lang='grc' dir='ltr'>πάντων</span> <span class='ocrx_word' id='word_1_591' title='bbox 1549 4162 1733 4226; x_wconf 82' lang='grc' dir='ltr'>ἁπλῶς</span> <span class='ocrx_word' id='word_1_592' title='bbox 1754 4162 1906 4227; x_wconf 81' lang='grc' dir='ltr'>ζώων</span> 
     </span>
    </p>
   </div>
   <div class='ocr_carea' id='block_1_81' title="bbox 322 4252 1906 4325">
    <p class='ocr_par' dir='ltr' id='par_1_81' title="bbox 322 4252 1906 4325">
     <span class='ocr_line' id='line_1_81' title="bbox 322 4252 1906 4325; baseline -0.002 -17"><span class='ocrx_word' id='word_1_593' title='bbox 322 4254 551 4325; x_wconf 69' lang='grc' dir='ltr'>ὄλεθρος</span> <span class='ocrx_word' id='word_1_594' title='bbox 597 4252 710 4315; x_wconf 81' lang='grc' dir='ltr'>ἔσο,</span> <span class='ocrx_word' id='word_1_595' title='bbox 755 4252 1123 4323; x_wconf 80' lang='grc' dir='ltr'>τετραπόδων,</span> <span class='ocrx_word' id='word_1_596' title='bbox 1174 4252 1443 4322; x_wconf 85' lang='grc' dir='ltr'>μεγάλων,</span> <span class='ocrx_word' id='word_1_597' title='bbox 1495 4252 1724 4324; x_wconf 82' lang='grc' dir='ltr'>μικρῶν,</span> <span class='ocrx_word' id='word_1_598' title='bbox 1761 4253 1906 4324; x_wconf 89' lang='grc' dir='ltr'>ὀρνί-</span> 
     </span>
    </p>
   </div>
   <div class='ocr_carea' id='block_1_82' title="bbox 2082 3978 3589 4061">
    <p class='ocr_par' dir='ltr' id='par_1_82' title="bbox 2082 3978 3589 4061">
     <span class='ocr_line' id='line_1_82' title="bbox 2082 3978 3589 4061; baseline -0.007 -18"><span class='ocrx_word' id='word_1_599' title='bbox 2082 3987 2247 4044; x_wconf 86' lang='lat' dir='ltr'><strong>Utere</strong></span> <span class='ocrx_word' id='word_1_600' title='bbox 2280 3990 2465 4061; x_wconf 89' lang='lat' dir='ltr'><strong>igitur,</strong></span> <span class='ocrx_word' id='word_1_601' title='bbox 2492 3995 2666 4051; x_wconf 87' lang='lat' dir='ltr'><strong>utere,</strong></span> <span class='ocrx_word' id='word_1_602' title='bbox 2698 4001 2769 4042; x_wconf 90' lang='lat' dir='ltr'><strong>ne</strong></span> <span class='ocrx_word' id='word_1_603' title='bbox 2794 3985 3041 4041; x_wconf 83' lang='lat' dir='ltr'><strong>abutaris</strong></span> <span class='ocrx_word' id='word_1_604' title='bbox 3072 4002 3086 4039; x_wconf 89' lang='lat'><strong>:</strong></span> <span class='ocrx_word' id='word_1_605' title='bbox 3113 3983 3195 4040; x_wconf 91' lang='lat' dir='ltr'><strong>sic</strong></span> <span class='ocrx_word' id='word_1_606' title='bbox 3219 3983 3363 4039; x_wconf 90' lang='lat' dir='ltr'><strong>enim</strong></span> <span class='ocrx_word' id='word_1_607' title='bbox 3386 3978 3589 4034; x_wconf 88' lang='lat' dir='ltr'><strong>Paulus</strong></span> 
     </span>
    </p>
   </div>
   <div class='ocr_carea' id='block_1_83' title="bbox 2009 4076 3585 4136">
    <p class='ocr_par' dir='ltr' id='par_1_83' title="bbox 2009 4076 3585 4136">
     <span class='ocr_line' id='line_1_83' title="bbox 2009 4076 3585 4136; baseline -0.009 0"><span class='ocrx_word' id='word_1_608' title='bbox 2009 4080 2174 4136; x_wconf 88' lang='lat' dir='ltr'><strong>etiam</strong></span> <span class='ocrx_word' id='word_1_609' title='bbox 2222 4081 2445 4136; x_wconf 88' lang='lat' dir='ltr'><strong>edocuit</strong></span> <span class='ocrx_word' id='word_1_610' title='bbox 2468 4081 2508 4134; x_wconf 77' lang='lat'><strong>°.</strong></span> <span class='ocrx_word' id='word_1_611' title='bbox 2561 4077 2804 4135; x_wconf 85' lang='lat' dir='ltr'><strong>Modesta</strong></span> <span class='ocrx_word' id='word_1_612' title='bbox 2853 4076 3219 4134; x_wconf 88' lang='lat' dir='ltr'><strong>oblectatione</strong></span> <span class='ocrx_word' id='word_1_613' title='bbox 3268 4081 3323 4128; x_wconf 91' lang='lat' dir='ltr'><strong>te</strong></span> <span class='ocrx_word' id='word_1_614' title='bbox 3376 4085 3585 4126; x_wconf 86' lang='lat' dir='ltr'><strong>recrea.</strong></span> 
     </span>
    </p>
   </div>
   <div class='ocr_carea' id='block_1_84' title="bbox 2010 4162 3590 4243">
    <p class='ocr_par' dir='ltr' id='par_1_84' title="bbox 2010 4162 3590 4243">
     <span class='ocr_line' id='line_1_84' title="bbox 2010 4162 3590 4243; baseline -0.007 -17"><span class='ocrx_word' id='word_1_615' title='bbox 2010 4171 2401 4243; x_wconf 89' lang='lat' dir='ltr'><strong>Temperanter</strong></span> <span class='ocrx_word' id='word_1_616' title='bbox 2450 4172 2693 4227; x_wconf 89' lang='lat' dir='ltr'><strong>animum</strong></span> <span class='ocrx_word' id='word_1_617' title='bbox 2734 4170 2937 4225; x_wconf 81' lang='lat' dir='ltr'><strong>relaxa.</strong></span> <span class='ocrx_word' id='word_1_618' title='bbox 2998 4167 3080 4223; x_wconf 86' lang='lat' dir='ltr'><strong>Ne</strong></span> <span class='ocrx_word' id='word_1_619' title='bbox 3135 4175 3190 4222; x_wconf 87' lang='lat' dir='ltr'><strong>te</strong></span> <span class='ocrx_word' id='word_1_620' title='bbox 3242 4164 3454 4219; x_wconf 85' lang='lat' dir='ltr'><strong>deliciae</strong></span> <span class='ocrx_word' id='word_1_621' title='bbox 3508 4162 3590 4217; x_wconf 87' lang='lat' dir='ltr'><strong>sic</strong></span> 
     </span>
    </p>
   </div>
   <div class='ocr_carea' id='block_1_85' title="bbox 2009 4250 3587 4327">
    <p class='ocr_par' dir='ltr' id='par_1_85' title="bbox 2009 4250 3587 4327">
     <span class='ocr_line' id='line_1_85' title="bbox 2009 4250 3587 4327; baseline -0.011 -9"><span class='ocrx_word' id='word_1_622' title='bbox 2009 4263 2265 4326; x_wconf 88' lang='lat' dir='ltr'><strong>obruant,</strong></span> <span class='ocrx_word' id='word_1_623' title='bbox 2314 4269 2374 4318; x_wconf 93' lang='lat' dir='ltr'><strong>ut</strong></span> <span class='ocrx_word' id='word_1_624' title='bbox 2410 4261 2577 4315; x_wconf 90' lang='lat' dir='ltr'><strong>nimia</strong></span> <span class='ocrx_word' id='word_1_625' title='bbox 2608 4258 2791 4313; x_wconf 66' lang='lat' dir='ltr'><strong>laetitia</strong></span> <span class='ocrx_word' id='word_1_626' title='bbox 2824 4256 3050 4327; x_wconf 90' lang='lat' dir='ltr'><strong>gestias,</strong></span> <span class='ocrx_word' id='word_1_627' title='bbox 3099 4262 3153 4308; x_wconf 89' lang='lat' dir='ltr'><strong>et</strong></span> <span class='ocrx_word' id='word_1_628' title='bbox 3196 4252 3408 4306; x_wconf 87' lang='lat' dir='ltr'><strong>insanis</strong></span> <span class='ocrx_word' id='word_1_629' title='bbox 3434 4250 3587 4306; x_wconf 81' lang='lat' dir='ltr'><strong>volu-</strong></span> 
     </span>
    </p>
   </div>
   <div class='ocr_carea' id='block_1_86' title="bbox 324 4341 1901 4455">
    <p class='ocr_par' dir='ltr' id='par_1_86' title="bbox 324 4342 1901 4455">
     <span class='ocr_line' id='line_1_86' title="bbox 324 4342 1901 4414; baseline -0.002 -15"><span class='ocrx_word' id='word_1_630' title='bbox 324 4345 458 4408; x_wconf 83' lang='grc' dir='ltr'>θων,</span> <span class='ocrx_word' id='word_1_631' title='bbox 490 4342 709 4413; x_wconf 77' lang='grc' dir='ltr'>ἰχθύων,</span> <span class='ocrx_word' id='word_1_632' title='bbox 731 4342 840 4396; x_wconf 84' lang='grc' dir='ltr'><strong>τῶν</strong></span> <span class='ocrx_word' id='word_1_633' title='bbox 868 4343 1225 4414; x_wconf 77' lang='grc' dir='ltr'>εὐπορίστων,</span> <span class='ocrx_word' id='word_1_634' title='bbox 1256 4342 1362 4396; x_wconf 87' lang='grc' dir='ltr'><strong>τῶν</strong></span> <span class='ocrx_word' id='word_1_635' title='bbox 1393 4342 1653 4407; x_wconf 85' lang='grc' dir='ltr'>σπανίων,</span> <span class='ocrx_word' id='word_1_636' title='bbox 1684 4342 1793 4396; x_wconf 86' lang='grc' dir='ltr'><strong>τῶν</strong></span> <span class='ocrx_word' id='word_1_637' title='bbox 1819 4344 1901 4396; x_wconf 82' lang='grc' dir='ltr'>εὑ-</span> 
     </span>
     <span class='ocr_line' id='line_1_87' title="bbox 330 4433 1888 4455; baseline 0 0"><span class='ocrx_word' id='word_1_638' title='bbox 330 4434 402 4455; x_wconf 39' lang='lat'><strong>1-.</strong></span> <span class='ocrx_word' id='word_1_639' title='bbox 440 4452 484 4455; x_wconf 43' lang='grc' dir='ltr'><strong>η,</strong></span> <span class='ocrx_word' id='word_1_640' title='bbox 541 4434 649 4455; x_wconf 47' lang='grc'><strong>-3.-</strong></span> <span class='ocrx_word' id='word_1_641' title='bbox 684 4433 988 4455; x_wconf 32' lang='lat' dir='ltr'><strong>__\__-P_--A_.</strong></span> <span class='ocrx_word' id='word_1_642' title='bbox 1046 4434 1131 4455; x_wconf 61' lang='lat' dir='ltr'><strong>‘IL</strong></span> <span class='ocrx_word' id='word_1_643' title='bbox 1175 4433 1380 4455; x_wconf 66' lang='lat'><strong>_-\\.&quot;--</strong></span> <span class='ocrx_word' id='word_1_644' title='bbox 1412 4433 1687 4455; x_wconf 41' lang='lat' dir='ltr'><strong>IL---.._.&quot;__</strong></span> <span class='ocrx_word' id='word_1_645' title='bbox 1734 4435 1888 4455; x_wconf 59' lang='grc' dir='ltr'>ιιι-·ε-</span> 
     </span>
    </p>
   </div>
   <div class='ocr_carea' id='block_1_87' title="bbox 2009 4341 3589 4455">
    <p class='ocr_par' dir='ltr' id='par_1_87' title="bbox 2016 4341 3589 4425">
     <span class='ocr_line' id='line_1_88' title="bbox 2016 4341 3589 4425; baseline -0.008 -17"><span class='ocrx_word' id='word_1_646' title='bbox 2016 4354 2260 4425; x_wconf 89' lang='lat' dir='ltr'><strong>ptatibus</strong></span> <span class='ocrx_word' id='word_1_647' title='bbox 2318 4351 2692 4408; x_wconf 89' lang='lat' dir='ltr'><strong>debaccheris.</strong></span> <span class='ocrx_word' id='word_1_648' title='bbox 2760 4346 2841 4403; x_wconf 86' lang='lat' dir='ltr'><strong>Ne</strong></span> <span class='ocrx_word' id='word_1_649' title='bbox 2891 4347 2970 4402; x_wconf 88' lang='lat' dir='ltr'><strong>sis</strong></span> <span class='ocrx_word' id='word_1_650' title='bbox 3041 4343 3361 4400; x_wconf 88' lang='lat' dir='ltr'><strong>animalium</strong></span> <span class='ocrx_word' id='word_1_651' title='bbox 3431 4341 3589 4411; x_wconf 89' lang='lat' dir='ltr'><strong>plane</strong></span> 
     </span>
    </p>
   </div>
   <div class='ocr_carea' id='block_1_88' title="bbox 321 4433 1901 4515">
    <p class='ocr_par' dir='ltr' id='par_1_88' title="bbox 321 4433 1901 4505">
     <span class='ocr_line' id='line_1_89' title="bbox 321 4433 1901 4505; baseline -0.002 -17"><span class='ocrx_word' id='word_1_652' title='bbox 321 4434 507 4497; x_wconf 84' lang='grc' dir='ltr'>ὠνων,</span> <span class='ocrx_word' id='word_1_653' title='bbox 538 4434 650 4488; x_wconf 85' lang='grc' dir='ltr'><strong>τῶν</strong></span> <span class='ocrx_word' id='word_1_654' title='bbox 679 4433 1009 4504; x_wconf 84' lang='grc' dir='ltr'>πολυτίμων.</span> <span class='ocrx_word' id='word_1_655' title='bbox 1046 4434 1137 4502; x_wconf 80' lang='grc' dir='ltr'><strong>Μὴ</strong></span> <span class='ocrx_word' id='word_1_656' title='bbox 1172 4433 1380 4487; x_wconf 79' lang='grc' dir='ltr'>πολλῶν</span> <span class='ocrx_word' id='word_1_657' title='bbox 1412 4433 1688 4504; x_wconf 84' lang='grc' dir='ltr'>θηρευτῶν</span> <span class='ocrx_word' id='word_1_658' title='bbox 1734 4435 1901 4505; x_wconf 87' lang='grc' dir='ltr'>ἱδρῶτι</span> 
     </span>
    </p>
   </div>
   <div class='ocr_carea' id='block_1_89' title="bbox 2009 4433 3590 4515">
    <p class='ocr_par' dir='ltr' id='par_1_89' title="bbox 2020 4434 3590 4515">
     <span class='ocr_line' id='line_1_90' title="bbox 2020 4434 3590 4515; baseline -0.011 -13"><span class='ocrx_word' id='word_1_659' title='bbox 2020 4447 2261 4502; x_wconf 89' lang='lat' dir='ltr'><strong>omnium</strong></span> <span class='ocrx_word' id='word_1_660' title='bbox 2286 4445 2576 4515; x_wconf 87' lang='lat' dir='ltr'><strong>pernicies,</strong></span> <span class='ocrx_word' id='word_1_661' title='bbox 2616 4441 2942 4513; x_wconf 88' lang='lat' dir='ltr'><strong>ingentium,</strong></span> <span class='ocrx_word' id='word_1_662' title='bbox 2971 4436 3360 4500; x_wconf 89' lang='lat' dir='ltr'><strong>mediocrium,</strong></span> <span class='ocrx_word' id='word_1_663' title='bbox 3408 4434 3590 4488; x_wconf 36' lang='lat' dir='ltr'><strong>minus</strong></span> 
     </span>
    </p>
   </div>
   <div class='ocr_carea' id='block_1_90' title="bbox 323 4524 1913 4597">
    <p class='ocr_par' dir='ltr' id='par_1_90' title="bbox 323 4524 1913 4597">
     <span class='ocr_line' id='line_1_91' title="bbox 323 4524 1913 4597; baseline 0.001 -19"><span class='ocrx_word' id='word_1_664' title='bbox 323 4526 463 4597; x_wconf 76' lang='grc' dir='ltr'>μίαν</span> <span class='ocrx_word' id='word_1_665' title='bbox 496 4524 703 4595; x_wconf 80' lang='grc' dir='ltr'>πλήρου</span> <span class='ocrx_word' id='word_1_666' title='bbox 744 4525 985 4596; x_wconf 87' lang='grc' dir='ltr'>γαστέρα</span> <span class='ocrx_word' id='word_1_667' title='bbox 1009 4565 1023 4589; x_wconf 92' lang='grc'><strong>,</strong></span> <span class='ocrx_word' id='word_1_668' title='bbox 1072 4524 1261 4595; x_wconf 84' lang='grc' dir='ltr'>ὥσπερ</span> <span class='ocrx_word' id='word_1_669' title='bbox 1311 4541 1365 4577; x_wconf 91' lang='grc' dir='ltr'><strong>τι</strong></span> <span class='ocrx_word' id='word_1_670' title='bbox 1407 4524 1581 4596; x_wconf 84' lang='grc' dir='ltr'>φρέαρ</span> <span class='ocrx_word' id='word_1_671' title='bbox 1617 4524 1913 4595; x_wconf 84' lang='grc' dir='ltr'>βαθύτατον</span> 
     </span>
    </p>
   </div>
   <div class='ocr_carea' id='block_1_91' title="bbox 322 4615 1912 4687">
    <p class='ocr_par' dir='ltr' id='par_1_91' title="bbox 322 4615 1912 4687">
     <span class='ocr_line' id='line_1_92' title="bbox 322 4615 1912 4687; baseline 0 -17"><span class='ocrx_word' id='word_1_672' title='bbox 322 4616 649 4687; x_wconf 64' lang='grc' dir='ltr'>πολυχειρίᾳ</span> <span class='ocrx_word' id='word_1_673' title='bbox 672 4616 781 4668; x_wconf 86' lang='grc' dir='ltr'><strong>τῶν</strong></span> <span class='ocrx_word' id='word_1_674' title='bbox 804 4615 1114 4687; x_wconf 84' lang='grc' dir='ltr'>χωννύντων</span> <span class='ocrx_word' id='word_1_675' title='bbox 1148 4616 1222 4687; x_wconf 82' lang='grc' dir='ltr'>μὴ</span> <span class='ocrx_word' id='word_1_676' title='bbox 1250 4632 1311 4684; x_wconf 89' lang='grc' dir='ltr'><strong>γε</strong></span> <span class='ocrx_word' id='word_1_677' title='bbox 1320 4615 1629 4686; x_wconf 75' lang='grc' dir='ltr'>μιξόμενον.</span> <span class='ocrx_word' id='word_1_678' title='bbox 1659 4617 1756 4670; x_wconf 87' lang='grc' dir='ltr'>Διά</span> <span class='ocrx_word' id='word_1_679' title='bbox 1785 4618 1912 4681; x_wconf 79' lang='grc' dir='ltr'>τοὺς</span> 
     </span>
    </p>
   </div>
   <div class='ocr_carea' id='block_1_92' title="bbox 322 4706 1912 4779">
    <p class='ocr_par' dir='ltr' id='par_1_92' title="bbox 322 4706 1912 4779">
     <span class='ocr_line' id='line_1_93' title="bbox 322 4706 1912 4779; baseline 0 -18"><span class='ocrx_word' id='word_1_680' title='bbox 322 4708 655 4779; x_wconf 74' lang='grc' dir='ltr'>τρυφῶντας</span> <span class='ocrx_word' id='word_1_681' title='bbox 686 4708 808 4761; x_wconf 76' lang='grc' dir='ltr'>οὐδὲ</span> <span class='ocrx_word' id='word_1_682' title='bbox 840 4711 869 4761; x_wconf 84' lang='grc' dir='ltr'>ὁ</span> <span class='ocrx_word' id='word_1_683' title='bbox 913 4708 1070 4778; x_wconf 73' lang='grc' dir='ltr'>βυθὸς</span> <span class='ocrx_word' id='word_1_684' title='bbox 1101 4710 1199 4779; x_wconf 80' lang='grc' dir='ltr'>τῆς</span> <span class='ocrx_word' id='word_1_685' title='bbox 1229 4706 1503 4778; x_wconf 83' lang='grc' dir='ltr'>θαλάσσης</span> <span class='ocrx_word' id='word_1_686' title='bbox 1561 4707 1912 4777; x_wconf 87' lang='grc' dir='ltr'>ἀνενόχλητος</span> 
     </span>
    </p>
   </div>
   <div class='ocr_carea' id='block_1_93' title="bbox 328 4798 1910 4872">
    <p class='ocr_par' dir='ltr' id='par_1_93' title="bbox 328 4798 1910 4872">
     <span class='ocr_line' id='line_1_94' title="bbox 328 4798 1910 4872; baseline -0.001 -18"><span class='ocrx_word' id='word_1_687' title='bbox 328 4801 508 4871; x_wconf 79' lang='grc' dir='ltr'>μένει.</span> <span class='ocrx_word' id='word_1_688' title='bbox 525 4801 660 4856; x_wconf 80' lang='grc' dir='ltr'><strong>Οὐδὲ</strong></span> <span class='ocrx_word' id='word_1_689' title='bbox 683 4801 761 4872; x_wconf 82' lang='grc' dir='ltr'>τῷ</span> <span class='ocrx_word' id='word_1_690' title='bbox 790 4800 941 4855; x_wconf 79' lang='grc' dir='ltr'>ὕδατι</span> <span class='ocrx_word' id='word_1_691' title='bbox 958 4800 1245 4870; x_wconf 80' lang='grc' dir='ltr'>νηχόμενοι</span> <span class='ocrx_word' id='word_1_692' title='bbox 1264 4798 1463 4869; x_wconf 83' lang='grc' dir='ltr'>ἰχθύες,</span> <span class='ocrx_word' id='word_1_693' title='bbox 1486 4798 1635 4868; x_wconf 85' lang='grc' dir='ltr'>μόνοι</span> <span class='ocrx_word' id='word_1_694' title='bbox 1656 4798 1910 4870; x_wconf 88' lang='grc' dir='ltr'>ἀγρεύον-</span> 
     </span>
    </p>
   </div>
   <div class='ocr_carea' id='block_1_94' title="bbox 252 4890 1913 4964">
    <p class='ocr_par' dir='ltr' id='par_1_94' title="bbox 252 4890 1913 4964">
     <span class='ocr_line' id='line_1_95' title="bbox 252 4890 1913 4964; baseline -0.001 -18"><span class='ocrx_word' id='word_1_695' title='bbox 252 4946 263 4957; x_wconf 81' lang='grc'><strong>,</strong></span> <span class='ocrx_word' id='word_1_696' title='bbox 324 4910 441 4956; x_wconf 83' lang='grc' dir='ltr'>ται,</span> <span class='ocrx_word' id='word_1_697' title='bbox 489 4893 629 4948; x_wconf 82' lang='grc' dir='ltr'><strong>ἀλλά</strong></span> <span class='ocrx_word' id='word_1_698' title='bbox 675 4895 767 4947; x_wconf 78' lang='grc' dir='ltr'><strong>καὶ</strong></span> <span class='ocrx_word' id='word_1_699' title='bbox 808 4894 909 4947; x_wconf 84' lang='grc' dir='ltr'>ὅσα</span> <span class='ocrx_word' id='word_1_700' title='bbox 949 4892 1108 4946; x_wconf 77' lang='grc' dir='ltr'>ἄθλια</span> <span class='ocrx_word' id='word_1_701' title='bbox 1154 4890 1268 4955; x_wconf 79' lang='grc' dir='ltr'>ζῶα</span> <span class='ocrx_word' id='word_1_702' title='bbox 1316 4894 1378 4961; x_wconf 76' lang='grc' dir='ltr'><strong>τῇ</strong></span> <span class='ocrx_word' id='word_1_703' title='bbox 1436 4891 1763 4964; x_wconf 81' lang='grc' dir='ltr'>ὑποστάθμῃ</span> <span class='ocrx_word' id='word_1_704' title='bbox 1804 4891 1913 4945; x_wconf 89' lang='grc' dir='ltr'><strong>τῶν</strong></span> 
     </span>
    </p>
   </div>
   <div class='ocr_carea' id='block_1_95' title="bbox 326 4981 1914 5057">
    <p class='ocr_par' dir='ltr' id='par_1_95' title="bbox 326 4981 1914 5057">
     <span class='ocr_line' id='line_1_96' title="bbox 326 4981 1914 5057; baseline -0.002 -18"><span class='ocrx_word' id='word_1_705' title='bbox 326 4985 541 5039; x_wconf 74' lang='grc' dir='ltr'>ὑδάτων</span> <span class='ocrx_word' id='word_1_706' title='bbox 568 4986 891 5057; x_wconf 74' lang='grc' dir='ltr'>ιμφέρεται,</span> <span class='ocrx_word' id='word_1_707' title='bbox 940 4985 1034 5039; x_wconf 79' lang='grc' dir='ltr'>καὶ</span> <span class='ocrx_word' id='word_1_708' title='bbox 1078 4982 1249 5037; x_wconf 80' lang='grc' dir='ltr'>ταῦτα</span> <span class='ocrx_word' id='word_1_709' title='bbox 1282 4982 1418 5053; x_wconf 81' lang='grc' dir='ltr'>πρὸς</span> <span class='ocrx_word' id='word_1_710' title='bbox 1438 4981 1536 5053; x_wconf 81' lang='grc' dir='ltr'><strong>τὴν</strong></span> <span class='ocrx_word' id='word_1_711' title='bbox 1567 4983 1792 5053; x_wconf 73' lang='grc' dir='ltr'>ἧπειρον</span> <span class='ocrx_word' id='word_1_712' title='bbox 1819 4983 1914 5037; x_wconf 78' lang='grc' dir='ltr'><strong>καὶ</strong></span> 
     </span>
    </p>
   </div>
   <div class='ocr_carea' id='block_1_96' title="bbox 322 5071 1913 5145">
    <p class='ocr_par' dir='ltr' id='par_1_96' title="bbox 322 5071 1913 5145">
     <span class='ocr_line' id='line_1_97' title="bbox 322 5071 1913 5145; baseline -0.001 -17"><span class='ocrx_word' id='word_1_713' title='bbox 322 5074 428 5128; x_wconf 72' lang='grc' dir='ltr'><strong>τὸν</strong></span> <span class='ocrx_word' id='word_1_714' title='bbox 471 5074 611 5145; x_wconf 76' lang='grc' dir='ltr'>ἀέρα</span> <span class='ocrx_word' id='word_1_715' title='bbox 657 5075 844 5129; x_wconf 79' lang='grc' dir='ltr'>τοῦτον</span> <span class='ocrx_word' id='word_1_716' title='bbox 901 5073 1199 5139; x_wconf 76' lang='grc' dir='ltr'>ὲξέλκεται.</span> <span class='ocrx_word' id='word_1_717' title='bbox 1259 5072 1443 5136; x_wconf 81' lang='grc' dir='ltr'>Οὕτως</span> <span class='ocrx_word' id='word_1_718' title='bbox 1505 5071 1575 5125; x_wconf 88' lang='grc' dir='ltr'><strong>τά</strong></span> <span class='ocrx_word' id='word_1_719' title='bbox 1626 5072 1756 5143; x_wconf 88' lang='grc' dir='ltr'>γένη</span> <span class='ocrx_word' id='word_1_720' title='bbox 1802 5072 1913 5127; x_wconf 90' lang='grc' dir='ltr'><strong>τῶν</strong></span> 
     </span>
    </p>
   </div>
   <div class='ocr_carea' id='block_1_97' title="bbox 319 5162 1911 5235">
    <p class='ocr_par' dir='ltr' id='par_1_97' title="bbox 319 5162 1911 5235">
     <span class='ocr_line' id='line_1_98' title="bbox 319 5162 1911 5235; baseline -0.005 -14"><span class='ocrx_word' id='word_1_721' title='bbox 319 5164 569 5235; x_wconf 66' lang='grc' dir='ltr'>ὀστρέων</span> <span class='ocrx_word' id='word_1_722' title='bbox 617 5166 718 5219; x_wconf 77' lang='grc' dir='ltr'><strong>οὐκ</strong></span> <span class='ocrx_word' id='word_1_723' title='bbox 764 5165 941 5229; x_wconf 76' lang='grc' dir='ltr'>ἔλαθε,</span> <span class='ocrx_word' id='word_1_724' title='bbox 976 5165 1071 5218; x_wconf 74' lang='grc' dir='ltr'>καὶ</span> <span class='ocrx_word' id='word_1_725' title='bbox 1100 5164 1129 5215; x_wconf 90' lang='grc' dir='ltr'>ὁ</span> <span class='ocrx_word' id='word_1_726' title='bbox 1166 5164 1341 5233; x_wconf 78' lang='grc' dir='ltr'>ἐχῖνος</span> <span class='ocrx_word' id='word_1_727' title='bbox 1400 5162 1715 5231; x_wconf 88' lang='grc' dir='ltr'>ἀγρεύεται,</span> <span class='ocrx_word' id='word_1_728' title='bbox 1751 5162 1845 5215; x_wconf 74' lang='grc' dir='ltr'><strong>καὶ</strong></span> <span class='ocrx_word' id='word_1_729' title='bbox 1876 5163 1911 5233; x_wconf 83' lang='grc' dir='ltr'>ἠ</span> 
     </span>
    </p>
   </div>
   <div class='ocr_carea' id='block_1_98' title="bbox 320 5250 1906 5324">
    <p class='ocr_par' dir='ltr' id='par_1_98' title="bbox 320 5250 1906 5324">
     <span class='ocr_line' id='line_1_99' title="bbox 320 5250 1906 5324; baseline 0 -20"><span class='ocrx_word' id='word_1_730' title='bbox 320 5252 507 5323; x_wconf 81' lang='grc' dir='ltr'>σηπία</span> <span class='ocrx_word' id='word_1_731' title='bbox 549 5254 792 5323; x_wconf 73' lang='grc' dir='ltr'>ἕρπουσα</span> <span class='ocrx_word' id='word_1_732' title='bbox 837 5252 1215 5324; x_wconf 88' lang='grc' dir='ltr'>σαγηνεύεται,</span> <span class='ocrx_word' id='word_1_733' title='bbox 1267 5252 1361 5306; x_wconf 74' lang='grc' dir='ltr'><strong>καὶ</strong></span> <span class='ocrx_word' id='word_1_734' title='bbox 1392 5252 1420 5305; x_wconf 84' lang='grc' dir='ltr'><strong>ὁ</strong></span> <span class='ocrx_word' id='word_1_735' title='bbox 1465 5250 1737 5314; x_wconf 85' lang='grc' dir='ltr'>πολύπους</span> <span class='ocrx_word' id='word_1_736' title='bbox 1785 5255 1906 5316; x_wconf 86' lang='grc' dir='ltr'>ταῖς</span> 
     </span>
    </p>
   </div>
   <div class='ocr_carea' id='block_1_99' title="bbox 314 5343 1905 5414">
    <p class='ocr_par' dir='ltr' id='par_1_99' title="bbox 314 5343 1905 5414">
     <span class='ocr_line' id='line_1_100' title="bbox 314 5343 1905 5414; baseline -0.001 -17"><span class='ocrx_word' id='word_1_737' title='bbox 314 5344 561 5413; x_wconf 65' lang='grc' dir='ltr'><strong>⁶πέτραις</strong></span> <span class='ocrx_word' id='word_1_738' title='bbox 584 5344 982 5414; x_wconf 63' lang='grc' dir='ltr'>προσπεφυκὼς</span> <span class='ocrx_word' id='word_1_739' title='bbox 1003 5346 1335 5409; x_wconf 78' lang='grc' dir='ltr'>ἀποσπᾶται,</span> <span class='ocrx_word' id='word_1_740' title='bbox 1372 5346 1463 5398; x_wconf 73' lang='grc' dir='ltr'>καὶ</span> <span class='ocrx_word' id='word_1_741' title='bbox 1491 5345 1540 5397; x_wconf 81' lang='lat' dir='ltr'><strong>oi</strong></span> <span class='ocrx_word' id='word_1_742' title='bbox 1569 5343 1775 5414; x_wconf 83' lang='grc' dir='ltr'>κοχλίαι</span> <span class='ocrx_word' id='word_1_743' title='bbox 1797 5344 1905 5396; x_wconf 89' lang='grc' dir='ltr'><strong>τῶν</strong></span> 
     </span>
    </p>
   </div>
   <div class='ocr_carea' id='block_1_100' title="bbox 313 5436 1909 5509">
    <p class='ocr_par' dir='ltr' id='par_1_100' title="bbox 313 5436 1909 5509">
     <span class='ocr_line' id='line_1_101' title="bbox 313 5436 1909 5509; baseline -0.003 -16"><span class='ocrx_word' id='word_1_744' title='bbox 313 5437 664 5493; x_wconf 65' lang='grc' dir='ltr'>κατωτάτων</span> <span class='ocrx_word' id='word_1_745' title='bbox 715 5436 893 5506; x_wconf 81' lang='grc' dir='ltr'>βυθῶν</span> <span class='ocrx_word' id='word_1_746' title='bbox 938 5437 1335 5509; x_wconf 85' lang='grc' dir='ltr'>ἁποσύρονται·</span> <span class='ocrx_word' id='word_1_747' title='bbox 1390 5438 1482 5491; x_wconf 76' lang='grc' dir='ltr'><strong>καὶ</strong></span> <span class='ocrx_word' id='word_1_748' title='bbox 1548 5437 1723 5491; x_wconf 86' lang='grc' dir='ltr'>πάντα</span> <span class='ocrx_word' id='word_1_749' title='bbox 1776 5436 1909 5506; x_wconf 86' lang='grc' dir='ltr'>γένη</span> 
     </span>
    </p>
   </div>
   <div class='ocr_carea' id='block_1_101' title="bbox 418 5619 881 5684">
    <p class='ocr_par' dir='ltr' id='par_1_101' title="bbox 418 5619 881 5684">
     <span class='ocr_line' id='line_1_102' title="bbox 418 5619 881 5684; baseline 0.002 -11"><span class='ocrx_word' id='word_1_750' title='bbox 418 5623 439 5651; x_wconf 87' lang='grc'><strong><em>⁶</em></strong></span> <span class='ocrx_word' id='word_1_751' title='bbox 469 5619 488 5673; x_wconf 90' lang='grc' dir='ltr'><strong>ι</strong></span> <span class='ocrx_word' id='word_1_752' title='bbox 521 5619 650 5674; x_wconf 87' lang='lat' dir='ltr'><strong>Cor.</strong></span> <span class='ocrx_word' id='word_1_753' title='bbox 696 5635 791 5684; x_wconf 80' lang='lat' dir='ltr'><strong>vn,</strong></span> <span class='ocrx_word' id='word_1_754' title='bbox 824 5620 881 5674; x_wconf 77' lang='lat'><strong>5.</strong></span> 
     </span>
    </p>
   </div>
   <div class='ocr_carea' id='block_1_102' title="bbox 2020 4522 3592 4605">
    <p class='ocr_par' dir='ltr' id='par_1_102' title="bbox 2020 4522 3592 4605">
     <span class='ocr_line' id='line_1_103' title="bbox 2020 4522 3592 4605; baseline -0.011 -12"><span class='ocrx_word' id='word_1_755' title='bbox 2020 4547 2219 4603; x_wconf 88' lang='lat' dir='ltr'><strong>torum,</strong></span> <span class='ocrx_word' id='word_1_756' title='bbox 2271 4533 2659 4605; x_wconf 85' lang='lat' dir='ltr'><strong>gradientium,</strong></span> <span class='ocrx_word' id='word_1_757' title='bbox 2716 4530 3041 4592; x_wconf 90' lang='lat' dir='ltr'><strong>volantium,</strong></span> <span class='ocrx_word' id='word_1_758' title='bbox 3090 4524 3424 4586; x_wconf 87' lang='lat' dir='ltr'><strong>natantium,</strong></span> <span class='ocrx_word' id='word_1_759' title='bbox 3477 4522 3592 4575; x_wconf 85' lang='lat' dir='ltr'><strong>sive</strong></span> 
     </span>
    </p>
   </div>
   <div class='ocr_carea' id='block_1_103' title="bbox 2018 4619 3591 4689">
    <p class='ocr_par' dir='ltr' id='par_1_103' title="bbox 2018 4619 3591 4689">
     <span class='ocr_line' id='line_1_104' title="bbox 2018 4619 3591 4689; baseline -0.008 -11"><span class='ocrx_word' id='word_1_760' title='bbox 2018 4627 2240 4681; x_wconf 83' lang='lat' dir='ltr'><strong>inventu</strong></span> <span class='ocrx_word' id='word_1_761' title='bbox 2279 4623 2483 4689; x_wconf 89' lang='lat' dir='ltr'><strong>facilia,</strong></span> <span class='ocrx_word' id='word_1_762' title='bbox 2517 4623 2634 4678; x_wconf 91' lang='lat' dir='ltr'><strong>sive</strong></span> <span class='ocrx_word' id='word_1_763' title='bbox 2671 4619 2911 4678; x_wconf 82' lang='lat' dir='ltr'><strong>dilIicilia</strong></span> <span class='ocrx_word' id='word_1_764' title='bbox 2946 4620 3078 4683; x_wconf 90' lang='lat' dir='ltr'><strong>sint,</strong></span> <span class='ocrx_word' id='word_1_765' title='bbox 3111 4630 3208 4673; x_wconf 90' lang='lat' dir='ltr'><strong>seu</strong></span> <span class='ocrx_word' id='word_1_766' title='bbox 3259 4626 3457 4684; x_wconf 86' lang='lat' dir='ltr'><strong>magno</strong></span> <span class='ocrx_word' id='word_1_767' title='bbox 3493 4626 3591 4666; x_wconf 89' lang='lat' dir='ltr'><strong>seu</strong></span> 
     </span>
    </p>
   </div>
   <div class='ocr_carea' id='block_1_104' title="bbox 2020 4702 3592 4785">
    <p class='ocr_par' dir='ltr' id='par_1_104' title="bbox 2020 4702 3592 4785">
     <span class='ocr_line' id='line_1_105' title="bbox 2020 4702 3592 4785; baseline -0.008 -15"><span class='ocrx_word' id='word_1_768' title='bbox 2020 4716 2113 4771; x_wconf 91' lang='lat' dir='ltr'><strong>vili</strong></span> <span class='ocrx_word' id='word_1_769' title='bbox 2160 4715 2337 4785; x_wconf 89' lang='lat' dir='ltr'><strong>pretio</strong></span> <span class='ocrx_word' id='word_1_770' title='bbox 2382 4719 2636 4769; x_wconf 89' lang='lat' dir='ltr'><strong>veneant.</strong></span> <span class='ocrx_word' id='word_1_771' title='bbox 2684 4711 2981 4767; x_wconf 82' lang='lat' dir='ltr'><strong>Multorum</strong></span> <span class='ocrx_word' id='word_1_772' title='bbox 3034 4706 3348 4764; x_wconf 88' lang='lat' dir='ltr'><strong>venantium</strong></span> <span class='ocrx_word' id='word_1_773' title='bbox 3391 4702 3592 4759; x_wconf 86' lang='lat' dir='ltr'><strong>sudore</strong></span> 
     </span>
    </p>
   </div>
   <div class='ocr_carea' id='block_1_105' title="bbox 2017 4799 3585 4874">
    <p class='ocr_par' dir='ltr' id='par_1_105' title="bbox 2017 4799 3585 4874">
     <span class='ocr_line' id='line_1_106' title="bbox 2017 4799 3585 4874; baseline -0.009 -14"><span class='ocrx_word' id='word_1_774' title='bbox 2017 4814 2260 4860; x_wconf 86' lang='lat' dir='ltr'><strong>ventrem</strong></span> <span class='ocrx_word' id='word_1_775' title='bbox 2293 4821 2460 4860; x_wconf 88' lang='lat' dir='ltr'><strong>unum</strong></span> <span class='ocrx_word' id='word_1_776' title='bbox 2490 4820 2559 4858; x_wconf 93' lang='lat' dir='ltr'><strong>ne</strong></span> <span class='ocrx_word' id='word_1_777' title='bbox 2596 4804 2830 4874; x_wconf 89' lang='lat' dir='ltr'><strong>repleas.</strong></span> <span class='ocrx_word' id='word_1_778' title='bbox 2869 4800 2949 4856; x_wconf 83' lang='lat' dir='ltr'><strong>Ne</strong></span> <span class='ocrx_word' id='word_1_779' title='bbox 2986 4801 3097 4855; x_wconf 92' lang='lat' dir='ltr'><strong>sint</strong></span> <span class='ocrx_word' id='word_1_780' title='bbox 3129 4799 3317 4852; x_wconf 83' lang='lat' dir='ltr'><strong>fauces</strong></span> <span class='ocrx_word' id='word_1_781' title='bbox 3344 4802 3451 4849; x_wconf 70' lang='lat' dir='ltr'><strong>tum</strong></span> <span class='ocrx_word' id='word_1_782' title='bbox 3490 4807 3585 4847; x_wconf 88' lang='lat' dir='ltr'><strong>ve-</strong></span> 
     </span>
    </p>
   </div>
   <div class='ocr_carea' id='block_1_106' title="bbox 2014 4887 3590 4966">
    <p class='ocr_par' dir='ltr' id='par_1_106' title="bbox 2014 4887 3590 4966">
     <span class='ocr_line' id='line_1_107' title="bbox 2014 4887 3590 4966; baseline -0.009 -15"><span class='ocrx_word' id='word_1_783' title='bbox 2014 4897 2113 4951; x_wconf 92' lang='lat' dir='ltr'><strong>luti</strong></span> <span class='ocrx_word' id='word_1_784' title='bbox 2159 4910 2399 4966; x_wconf 84' lang='lat' dir='ltr'><strong>vorago,</strong></span> <span class='ocrx_word' id='word_1_785' title='bbox 2439 4903 2533 4948; x_wconf 90' lang='lat' dir='ltr'><strong>aut</strong></span> <span class='ocrx_word' id='word_1_786' title='bbox 2571 4908 2792 4965; x_wconf 87' lang='lat' dir='ltr'><strong>gurges,</strong></span> <span class='ocrx_word' id='word_1_787' title='bbox 2843 4898 2937 4946; x_wconf 90' lang='lat' dir='ltr'><strong>aut</strong></span> <span class='ocrx_word' id='word_1_788' title='bbox 2978 4887 3329 4945; x_wconf 87' lang='lat' dir='ltr'><strong>vastissimus</strong></span> <span class='ocrx_word' id='word_1_789' title='bbox 3374 4898 3437 4938; x_wconf 91' lang='lat' dir='ltr'><strong>ac</strong></span> <span class='ocrx_word' id='word_1_790' title='bbox 3465 4897 3590 4954; x_wconf 87' lang='lat' dir='ltr'><strong>pro-</strong></span> 
     </span>
    </p>
   </div>
   <div class='ocr_carea' id='block_1_107' title="bbox 2011 4974 3591 5061">
    <p class='ocr_par' dir='ltr' id='par_1_107' title="bbox 2011 4974 3591 5061">
     <span class='ocr_line' id='line_1_108' title="bbox 2011 4974 3591 5061; baseline -0.009 -21"><span class='ocrx_word' id='word_1_791' title='bbox 2011 4986 2375 5042; x_wconf 88' lang='lat' dir='ltr'><strong>fundissimus</strong></span> <span class='ocrx_word' id='word_1_792' title='bbox 2423 4994 2644 5061; x_wconf 78' lang='lat' dir='ltr'><strong>puteus,</strong></span> <span class='ocrx_word' id='word_1_793' title='bbox 2692 4983 2761 5037; x_wconf 92' lang='lat' dir='ltr'><strong>ad</strong></span> <span class='ocrx_word' id='word_1_794' title='bbox 2808 4994 2969 5051; x_wconf 89' lang='lat' dir='ltr'><strong>quem</strong></span> <span class='ocrx_word' id='word_1_795' title='bbox 3003 4976 3344 5034; x_wconf 90' lang='lat' dir='ltr'><strong>obruendum</strong></span> <span class='ocrx_word' id='word_1_796' title='bbox 3391 4974 3591 5028; x_wconf 88' lang='lat' dir='ltr'><strong>multo-</strong></span> 
     </span>
    </p>
   </div>
   <div class='ocr_carea' id='block_1_108' title="bbox 2007 5062 3586 5143">
    <p class='ocr_par' dir='ltr' id='par_1_108' title="bbox 2007 5062 3586 5143">
     <span class='ocr_line' id='line_1_109' title="bbox 2007 5062 3586 5143; baseline -0.011 -10"><span class='ocrx_word' id='word_1_797' title='bbox 2007 5093 2130 5133; x_wconf 86' lang='lat' dir='ltr'><strong>rum</strong></span> <span class='ocrx_word' id='word_1_798' title='bbox 2166 5076 2415 5131; x_wconf 87' lang='lat' dir='ltr'><strong>laborent</strong></span> <span class='ocrx_word' id='word_1_799' title='bbox 2445 5090 2662 5130; x_wconf 89' lang='lat' dir='ltr'><strong>manus.</strong></span> <span class='ocrx_word' id='word_1_800' title='bbox 2715 5072 2945 5143; x_wconf 83' lang='lat' dir='ltr'><strong>PrOpter</strong></span> <span class='ocrx_word' id='word_1_801' title='bbox 2986 5070 3268 5125; x_wconf 87' lang='lat' dir='ltr'><strong>hominum</strong></span> <span class='ocrx_word' id='word_1_802' title='bbox 3312 5062 3586 5121; x_wconf 81' lang='lat' dir='ltr'><strong>luxuriam</strong></span> 
     </span>
    </p>
   </div>
   <div class='ocr_carea' id='block_1_109' title="bbox 2008 5154 3585 5241">
    <p class='ocr_par' dir='ltr' id='par_1_109' title="bbox 2008 5154 3585 5241">
     <span class='ocr_line' id='line_1_110' title="bbox 2008 5154 3585 5241; baseline -0.01 -18"><span class='ocrx_word' id='word_1_803' title='bbox 2008 5179 2172 5241; x_wconf 90' lang='lat' dir='ltr'><strong>atque</strong></span> <span class='ocrx_word' id='word_1_804' title='bbox 2207 5167 2454 5230; x_wconf 87' lang='lat' dir='ltr'><strong>delicias,</strong></span> <span class='ocrx_word' id='word_1_805' title='bbox 2491 5182 2602 5221; x_wconf 92' lang='lat' dir='ltr'><strong>non</strong></span> <span class='ocrx_word' id='word_1_806' title='bbox 2642 5165 2806 5220; x_wconf 89' lang='lat' dir='ltr'><strong>modo</strong></span> <span class='ocrx_word' id='word_1_807' title='bbox 2841 5178 2991 5218; x_wconf 89' lang='lat' dir='ltr'><strong>mare</strong></span> <span class='ocrx_word' id='word_1_808' title='bbox 3030 5158 3364 5232; x_wconf 86' lang='lat' dir='ltr'><strong>profundum</strong></span> <span class='ocrx_word' id='word_1_809' title='bbox 3396 5154 3585 5209; x_wconf 86' lang='lat' dir='ltr'><strong>turba-</strong></span> 
     </span>
    </p>
   </div>
   <div class='ocr_carea' id='block_1_110' title="bbox 2013 5246 3591 5326">
    <p class='ocr_par' dir='ltr' id='par_1_110' title="bbox 2013 5246 3591 5326">
     <span class='ocr_line' id='line_1_111' title="bbox 2013 5246 3591 5326; baseline -0.008 -13"><span class='ocrx_word' id='word_1_810' title='bbox 2013 5267 2136 5324; x_wconf 87' lang='lat' dir='ltr'><strong>tur;</strong></span> <span class='ocrx_word' id='word_1_811' title='bbox 2169 5273 2279 5313; x_wconf 91' lang='lat' dir='ltr'><strong>non</strong></span> <span class='ocrx_word' id='word_1_812' title='bbox 2303 5257 2464 5326; x_wconf 88' lang='lat' dir='ltr'><strong>aquis</strong></span> <span class='ocrx_word' id='word_1_813' title='bbox 2492 5258 2669 5313; x_wconf 90' lang='lat' dir='ltr'><strong>solum</strong></span> <span class='ocrx_word' id='word_1_814' title='bbox 2705 5257 3016 5311; x_wconf 89' lang='lat' dir='ltr'><strong>innatantes</strong></span> <span class='ocrx_word' id='word_1_815' title='bbox 3042 5252 3336 5321; x_wconf 90' lang='lat' dir='ltr'><strong>capiuntur</strong></span> <span class='ocrx_word' id='word_1_816' title='bbox 3360 5246 3540 5318; x_wconf 85' lang='lat' dir='ltr'><strong>pisces</strong></span> <span class='ocrx_word' id='word_1_817' title='bbox 3565 5262 3591 5310; x_wconf 65' lang='grc' dir='ltr'><strong>ί</strong></span> 
     </span>
    </p>
   </div>
   <div class='ocr_carea' id='block_1_111' title="bbox 2017 5338 3591 5419">
    <p class='ocr_par' dir='ltr' id='par_1_111' title="bbox 2017 5338 3591 5419">
     <span class='ocr_line' id='line_1_112' title="bbox 2017 5338 3591 5419; baseline -0.004 -14"><span class='ocrx_word' id='word_1_818' title='bbox 2017 5352 2111 5405; x_wconf 87' lang='lat' dir='ltr'><strong>sed</strong></span> <span class='ocrx_word' id='word_1_819' title='bbox 2165 5349 2291 5413; x_wconf 92' lang='lat' dir='ltr'><strong>alia,</strong></span> <span class='ocrx_word' id='word_1_820' title='bbox 2348 5362 2692 5419; x_wconf 74' lang='lat' dir='ltr'><strong>quaecunque</strong></span> <span class='ocrx_word' id='word_1_821' title='bbox 2740 5346 2995 5401; x_wconf 90' lang='lat' dir='ltr'><strong>animalia</strong></span> <span class='ocrx_word' id='word_1_822' title='bbox 3042 5344 3099 5399; x_wconf 91' lang='lat' dir='ltr'><strong>in</strong></span> <span class='ocrx_word' id='word_1_823' title='bbox 3149 5340 3308 5411; x_wconf 90' lang='lat' dir='ltr'><strong>aquis</strong></span> <span class='ocrx_word' id='word_1_824' title='bbox 3361 5338 3591 5409; x_wconf 65' lang='lat' dir='ltr'><strong>degunt.</strong></span> 
     </span>
    </p>
   </div>
   <div class='ocr_carea' id='block_1_112' title="bbox 2019 5425 3588 5494">
    <p class='ocr_par' dir='ltr' id='par_1_112' title="bbox 2019 5425 3588 5494">
     <span class='ocr_line' id='line_1_113' title="bbox 2019 5425 3588 5494; baseline -0.008 0"><span class='ocrx_word' id='word_1_825' title='bbox 2019 5438 2145 5494; x_wconf 91' lang='lat' dir='ltr'><strong>inde</strong></span> <span class='ocrx_word' id='word_1_826' title='bbox 2187 5439 2242 5493; x_wconf 91' lang='lat' dir='ltr'><strong>in</strong></span> <span class='ocrx_word' id='word_1_827' title='bbox 2308 5446 2510 5493; x_wconf 89' lang='lat' dir='ltr'><strong>terram</strong></span> <span class='ocrx_word' id='word_1_828' title='bbox 2572 5445 2627 5493; x_wconf 89' lang='lat' dir='ltr'><strong>et</strong></span> <span class='ocrx_word' id='word_1_829' title='bbox 2663 5438 2862 5493; x_wconf 73' lang='lat' dir='ltr'><strong>omium</strong></span> <span class='ocrx_word' id='word_1_830' title='bbox 2902 5436 3006 5492; x_wconf 89' lang='lat' dir='ltr'><strong>hoc</strong></span> <span class='ocrx_word' id='word_1_831' title='bbox 3060 5430 3446 5491; x_wconf 80' lang='lat' dir='ltr'><strong>extrahuntur.</strong></span> <span class='ocrx_word' id='word_1_832' title='bbox 3496 5425 3588 5482; x_wconf 79' lang='lat' dir='ltr'><strong>Sic</strong></span> 
     </span>
    </p>
   </div>
  </div>
