3896 6204
260 252 263 255 ·
310 226 405 282 At?
1546 245 1603 307 S.
1644 243 1973 301 GREGORII
2029 247 2320 303 NYSSENI

3428 288 3431 289 ν
3455 261 3552 317 668

309 360 618 410 ostreorum
654 371 850 426 genera
895 373 1002 413 non
1038 360 1344 432 latuerunt;
1386 365 1467 420 sic
1504 373 1696 435 captus
1728 366 1880 421 echi-

1993 366 2154 430 ξώων,
2180 368 2282 422 ὅσα
2320 371 2431 432 τοῖς
2464 370 2561 439 τῆς
2605 371 2918 439 ἐπιφανείας
2945 369 3184 442 κύμασιν
3233 374 3556 446 ἐπινήχεται,

312 459 445 510 nus;
480 445 560 499 sic
591 456 872 516 serpentes
906 449 1129 504 irretita:
1158 460 1287 505 sunt
1312 455 1510 523 sepiae;
1544 456 1625 508 sic
1650 456 1881 526 polypus

309 532 459 588 saxis
478 535 679 604 quibus
711 537 1009 594 inhatrebat
1037 542 1284 608 avulsus;
1308 542 1391 599 sic
1423 559 1486 598 ex
1509 543 1644 598 locis
1675 544 1881 600 altissi—

309 623 415 679 mis
450 635 692 680 extracta
722 629 1034 701 conchylia.
1062 630 1278 687 Nullum
1301 633 1536 703 denique
1565 642 1647 688 est
1674 634 1884 689 anima-

309 714 444 775 lium
488 731 683 785 genus,
709 719 858 773 a-tod
909 721 993 774 vel
1029 736 1293 787 sutmnas,
1322 725 1407 779 vel
1453 724 1671 779 infimas
1701 734 1884 793 partes

1988 460 2082 511 καὶ
2105 460 2204 512 ὅσα
2228 460 2318 512 τὸν
2358 461 2623 531 πυθμένα
2649 464 2749 533 τῆς
2780 462 3056 535 θαλάσσης
3084 464 3242 535 ἔλαχε
3273 472 3559 533 κατοικεῖν,

1988 552 2125 624 πρὸς
2150 551 2240 605 τὸν
2271 553 2408 622 ἀέρα
2436 552 2623 606 τοῦτον
2654 556 2966 623 ἐκφέρεται,
3001 556 3101 627 τῆς
3127 556 3237 609 τῶν
3272 557 3563 628 φιληδόνων

1992 641 2243 712 μηχανῆς
2293 641 2511 695 ποικίλα
2558 645 2677 696 κατ’
2709 642 2932 697 ἐκείνων
2963 645 3326 716 σοφιζομένης
3369 647 3438 700 τὰ
3472 647 3563 717 δή..

1994 746 2187 804 ρατρα.

308 807 479 898 maris
506 808 732 875 incom,
796 814 944 882 quod
992 829 1098 870 non
1170 816 1406 871 humana
1451 818 1604 873 fraus
1638 819 1950 889 deceptum,
1991 826 2057 878 ad
2106 826 2247 882 hanc
2280 829 2402 883 ραιιί
2454 830 2631 883 lucem
2678 828 3050 898 aspiciendam
3094 830 3373 885 eduxerit.
3420 832 3567 886 Adeo

308 897 593 990 hominum
637 904 948 976 voluptates
997 908 1238 979 undique
1284 911 1623 979 captantium
1672 913 1889 981 ingenia
1923 915 1989 969 ad
2018 918 2198 975 varias
2222 920 2452 975 insidias
2479 928 2533 974 et
2562 920 2718 976 dolos
2747 897 3134 990 ireperiendos
3192 922 3563 977 elaborarunt.

381 986 488 1045 Sed
514 992 827 1061 qualisnam
870 996 1096 1054 delicias
1125 998 1395 1066 ejusmodi
1429 1002 1885 1071 consequuntur?

307 1077 546 1137 Necesse
592 1091 676 1138 est
723 1093 781 1139 ut
824 1086 1063 1154 luxuria,
1102 1089 1191 1143 ubi
1220 1090 1386 1145 semel
1433 1089 1647 1147 radices
1684 1093 1879 1162 egerit,

2050 1003 2152 1063 Οἷα
2179 1007 2236 1063 δὲ
2276 1011 2366 1063 καὶ
2393 1010 2461 1065 τά
2508 1009 2636 1081 ἑξῆς
2666 1009 2775 1062 τῶν
2808 1009 3141 1082 τρυφώντων
3168 1028 3184 1077 ;
3231 1010 3567 1082 Ἐπάναγκες

1979 1100 2086 1170 γάρ
2111 1100 2212 1171 τὴν
2240 1100 2459 1163 κακίαν,
2488 1100 2622 1153 ὅπου
2655 1102 2773 1153 ποτ’
2810 1100 2876 1155 ἂν
2910 1102 2943 1171 ἡ
2984 1101 3139 1163 νόσος
3166 1102 3434 1175 imae“,
3470 1105 3565 1166 τὰς

309 1178 365 1226 et
411 1174 697 1241 coaluerit,
748 1177 1018 1248 reliquam
1072 1194 1257 1235 secum
1302 1182 1559 1252 nequitiae
1594 1185 1882 1239 materiam

1993 1191 2304 1256 ὶκολούθους
2350 1192 2482 1256 ὐλας
2531 1191 2879 1262 ἐφέλκεσθαι.
2937 1193 3029 1246 Διὸ
3056 1195 3151 1246 καὶ
3179 1195 3229 1247 ot
3263 1193 3361 1265 τὴν
3399 1195 3564 1267 ἁϐρο·

310 1263 512 1318 trahat.
538 1265 927 1334 Quamobrem,
962 1270 1055 1339 qui
1084 1270 1328 1326 molliter
1351 1278 1405 1326 et
1443 1271 1678 1329 delicate
1700 1273 1883 1330 vivere

1993 1281 2174 1334 Ξίαιτον
2228 1283 2321 1335 καὶ
2372 1280 2738 1351 Συϐαριτικὴν
2783 1281 3209 1353 παρατιθέμενοι
3258 1263 3563 1354 τράπεζαν,

310 1353 688 1421 instituerunt,
732 1363 1046 1415 necessario
1085 1361 1149 1415 ad
1191 1362 1585 1432 excogitandos
1629 1364 1880 1435 magniﬁ-

310 1458 406 1498 cos
435 1445 791 1502 aedificiorum
820 1458 1117 1519 apparatus
1153 1451 1492 1506 alliciuntur.
1525 1450 1580 1507 In
1621 1452 1709 1508 his
1745 1467 1880 1506 con-

1986 1372 2234 1425 ἐλκονται
2265 1372 2401 1442 πρὸς
2442 1372 2690 1439 ἀνάγκην
2720 1372 2800 1433 είς
2836 1372 3180 1435 κατασκευάς
3215 1373 3566 1443 μεγαλοφυῶν

1985 1460 2450 1531 οἰκοδομημάτων,
2480 1461 2575 1512 καὶ
2607 1459 2705 1530 τὴν
2748 1459 2946 1529 πολλὴν
2973 1460 3231 1532 εὐπορίαν
3259 1461 3567 1516 δαπανῶσιν

311 1536 591 1592 struendis
639 1545 693 1592 et
739 1540 1070 1596 exornandis
1111 1541 1348 1596 maxima
1399 1542 1484 1596 vis
1522 1543 1877 1610 pecuniarum

1993 1551 2065 1614 είς
2096 1550 2322 1620 μέγεθος
2356 1553 2519 1603 οίκων
2549 1551 2640 1604 καὶ⁸
2679 1550 2882 1620 κόσμον
2924 1552 3237 1622 περίεργον.
3292 1554 3414 1606 Ἐπὶ
3446 1552 3568 1606 τούο

310 1623 685 1694 prol‘unditur.
716 1627 798 1681 Ad
824 1629 938 1684 haec
969 1638 1144 1685 t-tetus
1175 1631 1457 1686 hominum
1490 1632 1725 1688 libenter
1750 1648 1884 1699 con-

309 1723 528 1781 vocant,
564 1726 618 1771 et
665 1719 917 1785 invitant,
967 1722 1305 1789 splendidam
1340 1731 1541 1779 vestem
1579 1734 1634 1779 et
1676 1724 1886 1779 variam

308 1807 698 1874 supellectilem
745 1810 990 1868 studiose
1029 1824 1370 1882 comparant.
1408 1812 1627 1869 Mensas
1673 1815 1880 1885 pretio-

309 1896 560 1953 sissimas
589 1913 654 1954 ex
686 1903 1266 1972 argento‘conllandas
1299 1912 1517 1968 curant,
1560 1905 1694 1960 alias
1740 1906 1886 1960 laevi-

311 1994 420 2041 tate
472 1989 796 2057 politissime
861 2002 1191 2062 exaequatas,
1257 1995 1393 2050 alias
1455 2011 1587 2051 vero
1651 1995 1886 2050 artiﬁcio

310 2076 561 2146 sculptas
588 2086 641 2134 et
678 2078 1028 2148 fabrel‘actas,
1073 2092 1131 2137 ut
1160 2085 1319 2139 liceat
1349 2085 1597 2139 convivis
1627 2085 1791 2140 simul
1832 2092 1885 2140 et

309 2169 491 2236 gulam
521 2171 696 2239 epulis
727 2172 978 2242 delinire,
1010 2185 1063 2229 et
1092 2176 1283 2231 oculos
1311 2176 1587 2231 intuendis
1624 2185 1680 2231 et
1707 2177 1886 2246 legen-

308 2257 396 2314 dis
443 2259 688 2318 historiis
748 2264 1044 2320 oblectare.
1106 2265 1207 2321 llic
1265 2268 1401 2321 mihi
1459 2268 1720 2338 deinceps
1770 2275 1888 2323 tute

307 2350 519 2420 reliqua
563 2354 872 2419 considera,
908 2365 1173 2422 crateras,
1211 2357 1479 2427 tripodas,
1523 2359 1712 2419 cados,
1756 2366 1883 2428 gut-

310 2443 515 2508 turnia,
573 2446 782 2513 lances,
823 2448 1247 2504 innumerabilia
1294 2449 1616 2519 poculorum
1665 2466 1885 2521 genera,

309 2548 554 2599 scurras,
574 2538 792 2605 mimos,
808 2539 1145 2602 citharistas,
1166 2547 1378 2610 poetas,
1399 2549 1671 2606 oratores,
1698 2551 1888 2595 canto-

308 2642 420 2694 res,
443 2628 793 2694 cantatrices,
823 2630 1135 2693 saltatores,
1166 2630 1500 2695 saltatrices,
1529 2639 1701 2686 totum
1732 2630 1889 2685 deni-

309 2735 417 2789 que
459 2720 774 2791 petulantia!
807 2721 1032 2789 ludum;
1064 2737 1265 2792 pueros
1304 2726 1481 2779 comis
1520 2723 1884 2787 eﬂ'eminatos,

310 2811 523 2883 puellas
538 2813 959 2878 inverecundas,
973 2829 1110 2884 quas
1126 2822 1346 2885 propter
1359 2814 1762 2889 immodestiam
1782 2830 1890 2869 me-

1985 1655 2117 1705 τοις,
2150 1641 2243 1702 τάς
2276 1640 2488 1703 κλισίας
2517 1638 2917 1708 φιλοκαλοῦσιν,
2962 1641 3193 1713 ἐσθῆτος
3221 1643 3441 1713 ἀνθινῆς
3473 1644 3568 1696 καὶ

1987 1730 2165 1800 πάσης
2209 1728 2634 1799 πεποικιλμένης
2677 1728 3024 1799 πληροῦντες.
3065 1730 3352 1802 Τραπέξας
3400 1732 3565 1784 πολυ-

1986 1821 2281 1883 ταλάντους
2324 1820 2564 1891 ἀργύρου
2613 1820 2986 1891 χαλκεύονται,
3035 1820 3137 1884 τὰς
3181 1822 3278 1893 μὲν
3307 1824 3385 1885 είς
3427 1822 3568 1875 λειόο

1985 1926 2154 1981 τητας
2206 1909 2580 1980 ἐληλαμένας·
2635 1909 2732 1973 τὰς
2759 1910 2818 1963 δὲ
2866 1910 3290 1981 πεποικιλμένας
3337 1914 3401 1982 τῇ
3433 1911 3568 1978 γλυ-

1988 1999 2178 2068 πτικῇ,
2225 1997 2301 2060 ὡς
2344 1995 2542 2060 ἐξεῖναι
2597 1997 2733 2066 ὁμοῦ
2776 2000 2841 2068 τῇ
2876 1998 3114 2068 φάρυγγι
3186 2001 3279 2054 καὶ
3310 2001 3404 2070 τὴν
3445 2000 3568 2069 ὄψιν

1987 2087 2306 2158 εὐωχεῖσθαι
2336 2090 2457 2151 ταῖς
2487 2088 2770 2160 ἱστορίαις.
2810 2090 3148 2159 Ἐπιλόγισαί
3194 2108 3285 2159 μοι
3322 2092 3389 2144 τὰ
3417 2093 3567 2162 ἑξῆς,

1988 2180 2295 2253 κρατῆρας,
2344 2180 2627 2252 τρίποδας,
2659 2182 2873 2247 κάδους,
2920 2183 2993 2235 τὰ
3026 2184 3232 2254 πρόχοα
3262 2185 3450 2254 σκεύη,
3495 2187 3566 2237 τὰ

1987 2271 2265 2342 ὀψοφόρα,
2322 2274 2666 2344 ἐκπωμάτων
2713 2273 2844 2344 γένη
2904 2275 3106 2345 μυρία,
3154 2274 3564 2342 γελωτοποιοὺς,

1993 2362 2211 2434 μίμους,
2240 2362 2579 2435 κιθαριστὰς,
2609 2363 2802 2435 ᾠδοὺς,
2835 2363 3221 2434 κομψολόγους,
3252 2366 3560 2434 μουσικοὺς,

1994 2449 2278 2517 μουσικὰς,
2312 2450 2689 2522 ὀρχηστρίδας,
2721 2451 2899 2505 πάντα
2924 2452 3025 2520 τῆς
3054 2452 3341 2520 ἀσελγείας
3361 2454 3450 2506 τὸν
3473 2456 3563 2525 όρς

1994 2539 2191 2609 μαθὸν,
2244 2541 2437 2606 παῖδας
2490 2542 2883 2613 θηλυνομένους
2945 2545 3062 2605 ταῖς
3118 2543 3346 2613 κόμαις,
3401 2544 3565 2614 κόρας

1990 2630 2256 2694 ἀναιδεῖς,
2315 2631 2550 2701 ἀδελφάς
2607 2632 2706 2704 τῆς
2767 2631 3089 2703 Ἡρωδιάδος
3143 2633 3223 2696 είς
3276 2634 3565 2703 ἀκοσμίαν,

1992 2721 2322 2793 ἀναιρούσας
2358 2722 2634 2792 Ἰωάννην,
2672 2723 2766 2776 τὸν
2799 2724 2857 2776 ἐν
2886 2724 3098 2795 ἑκάστῳ
3124 2723 3331 2793 θεοειδῆ
3359 2725 3454 2778 καὶ
3480 2741 3565 2795 φι-

1990 2811 2217 2881 λόσοφον
2248 2811 2390 2867 νοῦν.

310 2906 419 2960 rito
457 2920 676 2961 sorores
717 2904 1043 2962 llerodiadis
1082 2907 1349 2977 appelles,
1383 2905 1676 2971 Joannem,
1748 2908 1798 2960 id
1867 2915 1952 2962 est
1991 2906 2240 2960 divinum
2292 2907 2347 2960 in
2393 2921 2757 2979 unoquoque,
2819 2908 3207 2977 sapientiaque
3258 2907 3567 2963 studiosum

314 3003 555 3057 animum
597 3014 628 3055 e
658 2998 836 3053 medio
876 2998 1147 3053 tollentes.

383 3092 561 3161 Atque
595 3088 724 3145 dum
766 3089 880 3146 haec
910 3088 1056 3144 intus
1082 3097 1367 3159 geruntur,
1410 3087 1654 3145 assident
1689 3088 1755 3143 ad
1792 3103 1883 3142 ve-

2058 3082 2275 3137 Τούτων
2298 3084 2516 3138 πάντων
2558 3084 2654 3138 ἐπὶ
2690 3084 2784 3155 τῆς
2813 3086 2989 3151 οἰκίας
3014 3088 3368 3159 τελουμένων,
3411 3107 3578 3163 προσ-

312 3182 501 3237 stibuli
539 3178 681 3236 fores
722 3179 1153 3235 innumerabiles
1199 3178 1415 3244 Lazari,
1448 3179 1647 3250 partim
1687 3180 1887 3233 ulceri-

311 3268 417 3324 bus
462 3267 630 3338 pleni,
679 3268 875 3337 partim
929 3266 1107 3322 oculis
1158 3268 1359 3333 orbati,
1406 3268 1602 3336 partim
1659 3267 1890 3337 pedibus

314 3358 515 3413 mutili.
563 3357 798 3425 Quidam
854 3358 1120 3428 ipsorum,
1168 3359 1420 3429 quamvis
1479 3359 1590 3416 sint
1627 3359 1888 3413 omnibus

310 3448 428 3508 {ere
480 3450 744 3506 membris
799 3450 1042 3521 spoliati,
1082 3465 1302 3520 serpere
1343 3459 1524 3505 tamen
1561 3450 1787 3514 audent,
1835 3458 1889 3504 et

310 3549 593 3613 utcunque
636 3543 1079 3614 progrediuntur.
1129 3540 1489 3596 Conclamant
1525 3548 1728 3607 autem,
1792 3556 1891 3596 nec

311 3642 496 3690 tamen
532 3632 919 3689 exaudiuntur.
953 3631 1185 3703 Impedit
1216 3632 1362 3687 enim
1392 3631 1653 3685 tibiarum
1690 3632 1889 3701 strepi-

316 3735 403 3780 tus
431 3732 485 3778 et
522 3725 795 3790 carmina,
825 3739 946 3794 qua:
980 3723 1047 3779 ab
1078 3723 1213 3793 ipsis
1235 3723 1558 3778 cantoribus
1589 3724 1891 3778 concinun-

312 3824 424 3879 tur,
459 3823 513 3872 et
547 3816 725 3871 solute
757 3815 1051 3870 ridentium
1082 3815 1451 3869 cachinnatio.
1497 3813 1653 3881 Quod
1677 3815 1723 3870 si
1755 3829 1891 3885 pau-

313 3923 474 3978 peres
508 3907 672 3977 paulo
712 3905 1092 3962 vehementius
1131 3904 1280 3961 fores
1316 3906 1675 3976 pulsaverint,
1709 3908 1889 3961 immi-

314 3999 386 4053 tis
436 4013 499 4051 ac
553 4012 731 4053 saevus
780 3997 1037 4053 alicunde
1081 3998 1371 4067 prosiliens
1415 3997 1626 4052 domini
1661 3999 1887 4067 janitor,

314 4104 411 4145 eos
439 4088 638 4143 baculo
667 4088 943 4159 propellit,
977 4095 1032 4144 et
1055 4104 1221 4166 canes
1248 4088 1550 4160 appellans,
1568 4089 1891 4145 verberibus

314 4182 503 4250 plagas
550 4178 745 4250 inﬂigit
793 4186 849 4235 et
908 4181 1157 4237 vulnera.
1213 4181 1429 4236 Abeunt
1477 4180 1643 4252 igitur
1686 4180 1890 4239 Christi

315 4271 499 4336 amici,
532 4273 588 4325 in
618 4272 817 4343 quibus
843 4274 948 4329 sita
979 4280 1066 4330 est
1089 4273 1471 4330 mandatorum
1496 4290 1732 4339 summa,
1765 4289 1888 4329 cum

314 4377 417 4418 nec
445 4362 605 4432 panis
635 4363 896 4431 frustum,
943 4380 1044 4420 nec
1078 4365 1300 4438 obsonii
1328 4366 1627 4436 quidquam
1671 4380 1893 4434 accepe-

313 4453 458 4519 rint;
515 4450 611 4508 sed
655 4455 841 4523 potius
894 4456 1260 4510 contumelias
1316 4463 1372 4509 ct
1424 4455 1649 4510 verbera
1696 4455 1891 4508 lucrati

314 4541 447 4597 sint.
478 4539 626 4597 Intus
657 4554 840 4598 autem
886 4544 940 4597 in
976 4544 1191 4599 omcina
1226 4545 1569 4610 Mammomr,
1608 4545 1722 4607 alii,
1773 4555 1892 4599 tan-

314 4648 478 4705 quam
507 4636 671 4692 nimis
700 4643 903 4691 onusta
953 4636 1190 4706 navigia,
1223 4643 1512 4690 revomunt
1540 4635 1745 4699 cibum,
1776 4636 1892 4700 alii,

313 4728 680 4796 praesentibus
729 4727 961 4797 poculis,
1019 4727 1361 4782 indormiunt
1409 4741 1627 4782 mensas.
1685 4726 1891 4796 Duplex

316 4827 496 4874 autem
542 4821 597 4874 in
626 4821 771 4890 turpi
817 4819 984 4874 domo
1026 4827 1315 4875 exercetur
1357 4827 1634 4888 peccatum
1669 4837 1682 4873 :
1722 4834 1892 4872 unum

315 4918 537 4979 propter
574 4912 852 4966 ebriorum
890 4910 1226 4975 satietatem,
1273 4910 1501 4966 alterum
1533 4919 1754 4980 propter
1795 4925 1891 4965 ex-

316 5000 601 5069 pulsorum
634 5017 932 5071 pauperum
966 5002 1186 5057 famem.

390 5087 445 5143 Si
497 5089 640 5145 Deus
684 5091 799 5146 haec
857 5092 1077 5162 aspicit,
1131 5092 1210 5146 uti
1246 5091 1408 5162 plane
1459 5091 1676 5163 aspicit,
1725 5107 1887 5162 quam

318 5181 442 5235 vita
487 5181 995 5247 commutationem,
1030 5198 1191 5252 quem
1247 5182 1455 5237 exitum
1488 5181 1605 5238 fore
1638 5184 1890 5253 cogitatis

316 5287 416 5328 vos
473 5288 778 5345 pauperum
835 5275 1093 5330 inimici?
1132 5272 1325 5340 Dicite,
1379 5290 1585 5346 quaeso,
1636 5291 1755 5340 vos,
1819 5288 1889 5328 an

320 5368 566 5431 nescitis,
598 5367 794 5422 horum
837 5382 1005 5423 causa
1048 5366 1104 5421 in
1150 5382 1310 5445 sacro
1342 5367 1635 5439 Evangelia
1662 5368 1791 5437 poni
1837 5378 1891 5422 et

319 5459 735 5512 commemorari
799 5459 1046 5529 exempla
1080 5459 1264 5515 omnia
1313 5459 1589 5515 horrenda
1634 5468 1688 5514 et
1723 5459 1885 5514 terri-

319 5546 490 5601 bilia?
543 5547 735 5606 Nonne
782 5567 974 5622 graves
1025 5552 1170 5608 illius
1215 5553 1496 5609 cruciatus
1540 5561 1593 5607 et
1648 5553 1883 5621 gemitus

322 5649 701 5710 recensentur,
744 5643 925 5715 quiin
976 5644 1147 5716 bysso
1191 5644 1368 5701 fuerat
1400 5645 1695 5711 enutritus,
1727 5652 1780 5697 et
1830 5645 1882 5697 in

1990 3174 2265 3246 εδρεύουσι
2294 3175 2373 3245 τῷ
2404 3176 2608 3230 πυλῶνι
2644 3177 2826 3247 μυρίοι
2860 3179 3096 3251 Λάζαροι
3127 3197 3142 3211 ·
3164 3182 3214 3234 οἱ
3250 3181 3351 3252 μὲν
3385 3182 3568 3254 ἡλκω-

1993 3268 2143 3338 μένοι
2191 3266 2460 3338 χαλεπῶς,
2494 3268 2642 3323 ἄλλοι
2685 3270 2777 3323 τὸν
2827 3270 3103 3342 ὀφθαλμὸν
3151 3275 3569 3346 ἐκκεκομμένοι.

1989 3359 2164 3429 ἕτεροι
2209 3357 2387 3429 λώϐην
2422 3360 2696 3425 στένοντες
2738 3362 2847 3415 τῶν
2897 3364 3092 3417 ποδῶν·
3138 3366 3281 3430 τινὲς
3309 3366 3367 3420 δὲ
3395 3369 3571 3423 αὐτῶν

1990 3448 2248 3518 ἓρποντες
2275 3450 2571 3513 παντελῶς,
2597 3452 2690 3504 καὶ
2720 3452 2935 3506 πάντων
2966 3453 3074 3507 τῶν
3106 3455 3283 3525 μελῶν
3318 3458 3571 3526 στέρησιν

1992 3539 2399 3606 ὑπομείναντες.
2425 3537 2662 3602 Βοῶντες
2686 3541 2742 3593 δὲ
2767 3541 2867 3593 οὐκ
2887 3542 3195 3599 ἀκούονται.
3222 3545 3434 3598 Κωλύει
3465 3547 3575 3616 γὰρ

1991 3627 2169 3681 αὐλῶν
2193 3630 2227 3699 ἡ
2256 3630 2491 3698 ὴχὴ,καὶ
2515 3629 2584 3682 τὰ
2618 3630 2753 3700 μέλη
2780 3632 2890 3686 τῶν
2918 3634 3243 3704 αὐτομάτων
3271 3637 3442 3707 ᾠδῶν.
3472 3640 3570 3690 καὶ

1990 3719 2019 3771 ό
2045 3717 2142 3771 τοῦ
2175 3718 2407 3780 πλατέος
2440 3719 2671 3786 γέλωτος
2722 3723 3058 3792 καγχασμός.
3094 3724 3190 3776 “Av
3240 3724 3296 3776 δέ
3345 3742 3444 3778 που
3476 3726 3570 3777 καὶ

1992 3811 2246 3864 ἐπιπλέον
2274 3810 2593 3881 διοχλήσωσι
2638 3814 2735 3875 τὰς
2782 3812 2971 3884 θύρας,
3024 3815 3377 3887 ἀναπηδήσας
3409 3816 3570 3870 ποθὲν

1992 3900 2251 3972 άνηλεοῦς
2299 3902 2560 3956 δεσπότου
2610 3902 2813 3973 θρασὺς
2863 3905 3111 3975 πυλωρὸς
3151 3908 3442 3961 ἀπελαύνει
3470 3910 3568 3979 ρά-

1992 3993 2158 4057 6δοις,
2210 3993 2445 4057 ἀναιδεῖς
2477 3993 2644 4057 κύνας
2676 3996 2992 4059 ἀποκαλῶν,
3031 3999 3123 4052 καὶ
3160 3999 3405 4068 μάστιξιν
3448 4002 3572 4054 ἐπι-

1992 4084 2187 4151 ξαίνων
2213 4084 2282 4139 τὰ
2305 4084 2615 4158 τραύματα.
2663 4085 3018 4157 Ἀπέρχονται
3052 4088 3109 4142 δὲ
3134 4092 3183 4142 οἱ
3216 4090 3308 4143 τοῦ
3334 4090 3574 4161 Χριστοῦ

1992 4176 2166 4245 φίλοι,
2210 4177 2319 4230 τῶν
2347 4176 2575 4230 ἐντολῶν
2605 4177 2667 4231 τὸ
2695 4178 2986 4247 κεφάλαιον
3011 4219 3025 4243 ,
3079 4181 3181 4235 οὐκ
3227 4182 3386 4252 ἄρτου
3437 4182 3565 4253 βρα-

1993 4268 2133 4339 χέος,
2167 4269 2267 4322 οὐκ
2311 4268 2439 4338 ὕψου
2472 4269 2850 4339 μετασχόντες,
2887 4269 3074 4341 ὕϐρεις
3118 4272 3175 4329 δὲ
3220 4274 3312 4327 καὶ
3357 4273 3577 4345 πληγάς

1994 4360 2510 4431 προσκερδάναντες.
2551 4361 2737 4415 Ἔνδον
2778 4361 2834 4415 δὲ
2878 4363 2937 4414 ἐν
2962 4362 3038 4433 τῷ
3085 4364 3432 4436 ἐργαστηρίῳ
3477 4366 3573 4420 τού

1927 4422 1972 4479 D
1994 4422 2290 4524 Μαμμωνᾶ
2316 4492 2331 4517 ,
2381 4453 2431 4507 oi
2469 4422 2568 4523 μὲν
2592 4452 2670 4516 ὡς
2700 4422 3023 4525 ὑπέραντλα
3042 4422 3203 4508 aricia
3237 4422 3343 4527 siqv-
3366 4422 3574 4527 τροφὴν

1994 4542 2406 4608 ἀποϐλύζουσιν·
2445 4542 2594 4599 ἄλλοι
2618 4546 2684 4615 τῇ
2710 4544 2956 4616 τραπέζῃ
2987 4544 3400 4600 ὲπικαθεύδουσι
3424 4565 3572 4619 παρ-

1994 4636 2242 4691 εστώτων
2292 4636 2400 4691 τῶν
2445 4636 2807 4709 ἐκπωμάτων.
2854 4636 3025 4708 Διπλῆ
3053 4638 3113 4691 δὲ
3157 4639 3405 4711 ἁμαρτία
3433 4642 3577 4694 κατὰ

1992 4730 2092 4799 τὴν
2128 4729 2413 4800 ἀσχήμονα
2450 4729 2626 4783 οὶκίαν
2656 4729 3071 4800 ἐμπολιτεύεται
3095 4746 3109 4760 ·
3156 4731 3189 4801 ἡ
3225 4731 3343 4797 μὲν,
3374 4732 3466 4786 ἐπὶ
3494 4731 3577 4801 τῷ

1996 4821 2142 4891 κόρῳ
2171 4822 2279 4874 τῶν
2313 4820 2637 4890 μεθυόντων,
2674 4821 2708 4892 ὴ
2736 4820 2793 4874 δέ
2822 4821 2913 4874 ἐπὶ
2939 4820 3018 4893 τῷ
3046 4820 3189 4892 λιμῷ
3217 4821 3325 4875 τῶν
3353 4823 3576 4877 ἐλαθέν-

1996 4930 2102 4966 των
2137 4912 2383 4983 πτωχῶν.

2068 5092 2253 5145 Ταῦτα
2295 5094 2342 5145 εἱ
2377 5092 2668 5145 ἐποπτεύει
2701 5092 2853 5157 Θεὸς,
2897 5090 3086 5163 ὥσπερ
3108 5087 3202 5146 οὖν
3230 5093 3422 5162 ἐφορᾷ,
3451 5092 3577 5145 τίκα

1948 5250 1959 5255 1
1996 5184 2088 5238 τοῦ
2138 5184 2252 5255 βίου
2279 5184 2661 5256 καταστροφὴν
2689 5185 2943 5250 ἐννοεῖτε,
2975 5186 3025 5238 οἱ
3061 5183 3432 5254 μισόπτωχοι;
3483 5182 3578 5236 Et-

1996 5292 2154 5337 πατε,
2180 5269 2216 5345 ἦ
2241 5274 2340 5328 οὐκ
2368 5274 2501 5338 ίστε,
2544 5276 2625 5328 ὅτι
2658 5275 2837 5329 πάντα
2862 5275 2931 5328 τὰ
2962 5273 3206 5345 φρικώδη
3237 5274 3330 5327 καὶ
3364 5273 3579 5343 φοϐερὰ

1997 5366 2364 5437 ὑποδείγματα
2403 5368 2511 5420 τῶν
2551 5367 2804 5421 τοιούτων
2848 5368 3010 5437 χάριν
3055 5367 3116 5419 τὸ
3153 5366 3291 5436 ἱερὸν
3326 5364 3577 5432 Εὐαγγέ-

1995 5460 2104 5511 λιον
2133 5458 2300 5530 ἐκϐοᾷ
2324 5458 2418 5512 καὶ
2450 5458 2784 5529 μαρτύρεται
2808 5477 2821 5526 ;
2852 5460 2959 5512 Καὶ
2985 5459 3396 5528 ἀναγέγραπται
3447 5455 3573 5526 μὲν,

1996 5552 2165 5621 βαρέα
2191 5550 2516 5621 βρυχόμενος
2545 5553 2635 5603 κα)⁵
2657 5550 2856 5604 στένων
2881 5552 2909 5603 ό
2934 5552 2991 5603 ἐν
3018 5552 3083 5620 τῇ
3114 5549 3294 5619 βύσσῳ
3317 5546 3571 5618 τραφεὶς,

1993 5644 2087 5697 καὶ
2120 5643 2175 5695 ἐν
2220 5644 2285 5713 τῇ
2327 5642 2546 5714 etiam,
2579 5644 2685 5696 τῶν
2737 5642 2920 5696 κακῶν
2973 5639 3358 5712 συνεχόμενος·
3407 5637 3572 5699 ἄλλος
