3896 6204
227 179 317 237 ιω

217 385 622 455 ἀπροσδόκητον
644 424 659 449 ,
704 385 763 437 ὲν
807 387 873 456 τῇ
925 384 1134 455 ἑσπέρᾳ
1179 385 1278 455 τὴν
1327 383 1554 455 ἑωθινὴν
1596 385 1799 456 τροφὴν

210 478 629 548 βουλευόμενος,
673 478 766 530 καὶ
808 476 903 529 τοῦ
951 476 1150 546 ὄρθρου
1206 475 1281 546 μὴ
1335 475 1655 530 καταλαϐὼν
1699 475 1798 546 τὴν

207 569 434 621 ἀκτῖνα.
487 567 578 637 Μὴ
622 566 807 637 θνητοὶ
857 566 956 635 τὴν
995 565 1211 627 πίστιν,
1261 565 1356 618 καὶ
1403 566 1656 619 ἀθάνατοι
1699 568 1798 637 τὴν

202 658 534 711 ἀπόλαυσιν.
571 656 758 721 Οὕτως
788 657 898 728 γὰρ
929 656 1125 727 ἔχομεν
1154 656 1397 728 γνώμης,
1429 659 1480 710 οί
1523 658 1592 711 τὰ
1621 658 1797 712 πάντα

201 749 462 813 θέλοντες
503 751 568 819 τῇ
616 749 717 819 τῆς
771 748 968 819 σαρκὸς
1014 749 1271 820 κολακείᾳ
1322 748 1675 821 χαρίζεσθαι,
1720 750 1798 814 ὡς

203 841 483 911 ἀδιὰδοχοι
525 839 923 902 οἰκοδεσπόται,
967 839 1045 903 ὡς
1087 840 1353 911 διηνεκεῖς
1400 840 1507 893 τῶν
1554 840 1647 893 ἐπὶ
1692 841 1797 910 γῆς

204 933 412 1004 κύριοι,
449 933 509 984 ἐν
535 930 617 1000 τῷ
641 930 791 1003 θέρει
813 930 912 999 τὴν
947 928 1155 1001 σπορὰν
1185 929 1574 1001 μεριμνῶντες,
1617 930 1710 982 καὶ¹
1739 932 1796 982 ἐν

206 1025 272 1094 τῇ
326 1023 513 1093 σπορᾷ
553 1021 656 1094 τὴν
704 1020 799 1076 τοῦ
850 1020 1113 1093 θερισμοῦ
1145 1020 1409 1091 θυμηδίαν
1442 1019 1752 1085 ἐλπίζοντες
1777 1038 1790 1051 ·

205 1110 539 1181 φυτεύοντες
583 1111 684 1180 τὴν
720 1110 988 1163 πλάτανον
1006 1150 1023 1174 ,
1067 1109 1163 1163 καὶ
1204 1109 1297 1162 τοῦ
1341 1107 1545 1178 ὑψηλοῦ
1577 1108 1793 1180 δένδρου

207 1201 310 1274 τὴν
360 1202 519 1256 σκιὰν
581 1201 909 1266 ἐλπίζοντες·
958 1198 1406 1268 καταπηγνύντες
1445 1197 1536 1252 τὸν
1578 1198 1795 1269 πυρῆνα

206 1294 299 1348 τοῦ
329 1293 606 1362 φοίνικος,
657 1292 752 1345 καὶ
787 1291 889 1363 τὴν
915 1290 1230 1360 γλυκύτητα
1254 1288 1362 1343 τῶν
1404 1287 1632 1358 καρπῶν
1665 1288 1796 1340 ἀνα·

210 1382 486 1451 μένοντες.
540 1381 653 1435 Καὶ
694 1380 868 1434 ταῦτα
899 1378 1160 1442 πολλάκις
1201 1380 1259 1431 ἐν
1289 1376 1470 1448 πολιᾷ,
1499 1377 1587 1430 ὅτε
1628 1377 1794 1444 ἐγγὺς

206 1470 300 1524 τοῦ
335 1471 574 1525 θανάτου
607 1469 833 1541 χειμῶν’
871 1470 1116 1523 λείπουσι
1154 1469 1211 1523 δὲ
1237 1472 1301 1538 τῇ
1332 1470 1465 1539 ζωῇ,
1501 1469 1561 1521 οὐ
1596 1466 1793 1531 κύκλος

206 1560 497 1627 ἐνιαυτῶν,
527 1561 664 1614 ἀλλὰ
690 1562 838 1631 τρεῖς
863 1560 896 1630 ἢ
930 1559 1188 1629 τέτταρες
1210 1558 1438 1629 ἡμέραι.

1385 170 1474 225 DE
1501 169 1936 229 PAUI’EBIBUS
1968 169 2294 227 AIANDIS.

220 295 268 349 et
312 292 486 347 πάλιν
529 292 834 363 ὁμότροπος
887 289 1107 356 τούτου,
1159 289 1519 362 κατεδικάσθη
1570 291 1789 345 θάνατον

1902 290 2167 345 malorum
2235 292 2436 365 abysso
2507 293 2840 351 describitur
2907 299 3238 355 coerceri’?
3297 300 3472 369 Quid?
3580 294 3591 306 ’

3362 187 3473 243 ΠΟ

1904 379 2043 436 Huic
2074 382 2211 438 alter
2240 383 2331 441 ille
2372 386 2592 451 similis,
2626 402 2809 443 nonne
2836 404 2961 443 cum
2991 391 3205 461 vesperi
3254 392 3322 449 de
3356 408 3472 448 ma-

1903 470 2093 526 tutinis
2123 470 2335 529 deliciis
2379 475 2671 546 cogitaret,
2707 483 2818 531 tam
2850 478 3246 550 inexspectata,
3284 489 3337 536 et
3380 498 3469 539 re-

1902 562 2130 630 pentina
2171 564 2462 621 damnatus
2494 574 2578 622 est
2625 576 2825 633 morte,
2882 578 2942 624 ut
2978 585 3046 625 ne
3092 573 3321 629 orientis
3347 576 3464 643 qui-

1899 652 2023 707 dem
2061 655 2198 709 solis
2229 656 2443 711 radium
2486 661 2724 727 potuerit
2760 660 3035 715 intueri"!
3061 660 3299 720 Proinde
3342 680 3468 719 cum

1900 745 2162 801 mortales
2207 747 2404 815 simus,
2438 748 2594 804 [idem
2629 766 2701 807 ne
2748 752 3095 822 abjiciamus,
3144 770 3279 811 neve
3314 756 3467 812 frua-

1900 849 2024 888 mur
2068 837 2440 906 voluptatibus
2487 847 2549 895 ut
2599 840 2958 899 immortales.
3018 843 3109 901 Sic
3161 845 3306 901 enim
3356 846 3469 902 fere

1903 923 2083 979 atl‘ecti
2124 941 2336 993 sumus,
2372 929 2684 1000 quicunque
2711 933 2873 1002 genio
2900 934 3206 1004 indulgere,
3235 945 3290 990 et
3315 938 3464 993 carni

1897 1012 1953 1069 iu
1984 1016 2242 1073 omnibus
2284 1019 2514 1090 obsequi
2558 1022 2830 1078 volumus.
2881 1022 3162 1095 Tanquam
3198 1026 3465 1096 patresia-

1895 1105 2078 1161 milias
2118 1121 2495 1166 successorem
2527 1126 2810 1183 nunquam
2845 1114 3106 1180 habituri,
3140 1124 3195 1172 et
3223 1119 3466 1189 perpetui

1894 1212 2078 1253 rerum
2139 1198 2501 1256 humanarum
2552 1203 2782 1269 domini,
2833 1206 3030 1263 messis
3073 1214 3320 1278 tempore
3375 1223 3468 1265 se-

1894 1298 2134 1345 mentem
2192 1289 2446 1359 facimus,
2507 1300 2563 1349 et
2634 1294 2856 1364 quando
2917 1296 3301 1353 seminandum
3356 1304 3465 1365 est,

1895 1392 2185 1448 speramus
2230 1380 2475 1437 laetitiam
2509 1384 2729 1441 messis.
2766 1383 3051 1442 Platanum
3107 1389 3368 1454 serimus,
3409 1397 3468 1445 et

1895 1482 2140 1537 procera:
2176 1471 2389 1527 arboris
2424 1472 2672 1527 umbram
2700 1490 3008 1544 speramus.
3049 1476 3250 1534 Palma:
3279 1494 3468 1536 semen

1895 1568 2055 1616 terra;
2084 1562 2500 1630 committimus,
2529 1571 2583 1619 et
2605 1562 2882 1622 fructuum
2905 1568 3251 1626 dulcedinem
3273 1587 3467 1643 exspe-

208 1664 453 1708 ctamus.
486 1652 613 1707 llaec
646 1661 827 1706 autem
865 1650 979 1706 fere
1019 1651 1073 1705 in
1113 1650 1232 1719 ipsa
1284 1656 1589 1711 senectute,
1639 1647 1863 1718 quando
1895 1650 2008 1720 jam
2049 1652 2203 1707 adest
2247 1653 2426 1709 aetatis
2475 1662 2792 1723 autumnus,
2831 1668 2886 1713 et
2929 1662 3123 1717 tnortis
3163 1662 3338 1719 hiems
3368 1663 3466 1722 ad-

209 1751 426 1805 ventat,
462 1750 518 1797 et
565 1743 682 1797 vitae
723 1740 1007 1796 residuum
1064 1750 1281 1810 tempus
1329 1747 1411 1794 est
1462 1754 1570 1792 non
1617 1740 1790 1794 series
1826 1753 2119 1805 annorum,
2162 1741 2259 1797 sed
2298 1751 2411 1800 tres
2444 1753 2538 1800 aut
2570 1756 2806 1815 quatuor
2839 1748 2977 1804 dies.

289 1836 639 1906 Λογισώμεθα
685 1836 864 1889 τοίνυν
905 1835 982 1898 ὡς
1011 1834 1253 1904 λογικοὶ,
1295 1836 1378 1887 ὅτι
1428 1834 1719 1906 παροδικὸς
1764 1837 1789 1887 ὁ

1962 1835 2279 1907 Cogitemus
2301 1838 2466 1910 igitur
2499 1855 2624 1906 nos,
2655 1842 2749 1912 qui
2775 1843 2986 1899 ratione
3012 1846 3223 1915 prmditi
3252 1863 3463 1915 sumus,

216 1929 331 1995 βίος
357 1927 533 1997 ἡμῶν,
570 1928 664 1981 καὶ.
699 1928 837 1998 ῥέων
860 1930 888 1981 δ
918 1927 1128 1997 χρόνος,
1160 1925 1387 1989 ἄστατός
1414 1943 1475 1978 τε
1500 1926 1595 1979 καὶ
1626 1925 1788 1997 ἄσχε-

213 2037 324 2083 τος,
363 2018 553 2089 ὥσπερ
577 2034 633 2072 τι
663 2018 841 2088 ῥεῦμα
874 2017 1143 2087 ποταμοῦ,
1177 2017 1285 2069 πᾶν
1322 2016 1383 2069 τὸ
1409 2018 1466 2069 ἐν
1485 2015 1634 2086 αύτῷ
1658 2032 1788 2084 τυγ-

204 2111 365 2181 χάνον
397 2110 635 2164 ἐλαύνων
675 2110 812 2181 πρὸς
836 2109 896 2162 τὸ
941 2110 1040 2180 τῆς
1067 2109 1272 2179 φθορᾶς
1298 2107 1449 2170 τέλος
1470 2122 1489 2138 ο
1534 2108 1627 2160 καὶ
1653 2107 1786 2173 είθε,

202 2205 411 2274 βραχὺς
439 2202 517 2256 ῶν
544 2204 640 2256 καὶ
668 2202 951 2273 ἐπίκηρος,
982 2202 1224 2272 ὑπῆρχεν
1253 2199 1572 2263 ἀνεύθυνοςῑ
1619 2198 1789 2252 Τοῦτο

199 2296 259 2349 δέ
288 2298 405 2349 ἐστι
443 2296 510 2349 τὸ
552 2295 908 2359 ἐπικίνδυνον,
956 2294 1015 2347 τὸ
1057 2294 1297 2363 ἑκάστης
1341 2292 1510 2362 ὥρας,
1565 2292 1625 2344 οὐ
1681 2290 1787 2362 μὴν

200 2387 334 2440 ἀλλὰ
362 2388 465 2441 καὶ
497 2387 607 2439 τῶν
658 2385 850 2454 λόγων,
893 2379 970 2438 ὧν
998 2383 1373 2454 φθεγγόμεθα,
1405 2380 1484 2451 τῷ
1507 2381 1787 2452 essum,

198 2479 543 2549 δικαστηρίῳ
571 2477 669 2549 τὴν
697 2476 990 2545 ἀπολογίαν
1013 2475 1267 2545 ὀφείλειν.
1300 2474 1392 2527 Διὸ
1428 2474 1523 2527 καὶ
1549 2475 1578 2526 ὁ
1612 2472 1788 2543 μακά-

202 2586 314 2641 pro;
348 2568 688 2639 Ψαλμῳδὸς,
716 2568 854 2640 πρὸς
879 2567 1073 2637 ὁμοίαν
1097 2566 1213 2619 τῶν
1238 2565 1332 2619 νῦν
1357 2562 1666 2634 λεγομένων
1699 2561 1786 2615 εν.

201 2680 350 2715 νοιαν
381 2662 578 2716 ἐαυτὸν
622 2662 934 2733 ἀναφέρων,
975 2658 1239 2731 ἐπιθυμεῖ
1284 2657 1487 2727 γνῶναι
1509 2655 1604 2709 τοῦ
1657 2654 1785 2709 ίδίου

196 2753 390 2816 τέλους
414 2752 516 2822 τὴν
550 2752 908 2823 προθεσμίαν.
956 2751 1270 2817 Ἐκλιπαρεῖ
1309 2749 1367 2802 δὲ
1398 2747 1488 2802 τὸν
1516 2746 1648 2803 Θεὸν
1679 2744 1789 2799 τῶν

201 2844 504 2897 ἐπιλοίπων
528 2843 751 2915 ἡμερῶν
773 2841 1088 2913 διδαχθῆναι
1111 2841 1203 2894 τὸν
1233 2828 1489 2911 ἀριθμὸν,
1530 2838 1618 2892 ἴνα
1650 2837 1787 2909 προς

197 2936 262 2989 τὰ
292 2936 437 3007 ἔργα
467 2935 567 3005 τῆς
599 2933 780 3001 ἐξόδου
803 2932 1310 3006 παρασκευάσηται.
1341 2930 1434 3000 Μὴ
1461 2928 1706 3001 ταραχθῇ
1729 2928 1787 2981 δὲ

198 3028 415 3099 ἀθρόως
443 3027 520 3090 ὡς
542 3028 823 3098 ἀνέτοιμος
866 3025 1143 3099 ὁδοιπόρος
1179 3022 1381 3096 μεταξὺ
1411 3020 1664 3093 βαδίζων,
1692 3019 1788 3073 καὶ

198 3120 265 3173 τὰ
318 3121 601 3187 ἀναγκαῖα
645 3117 755 3170 τῶν
800 3117 1028 3186 ἐφοδίων
1077 3114 1408 3187 περιζητῶν.
1446 3114 1614 3184 Φησὶν
1657 3105 1751 3166 οὖν
1772 3126 1785 3140 ’

201 3179 518 3281 Γνώρισον
535 3228 659 3281 μοι,
686 3179 879 3278 Κύριέ,
911 3210 978 3263 τὸ
1005 3179 1191 3277 πέρα),-
1217 3179 1357 3277 pou,
1394 3206 1493 3260 καί
1513 3179 1632 3259 τὸν
1663 3204 1787 3273 ἀρι-
1812 3179 1857 3238 (ἶ

201 3304 355 3372 Oper
397 3301 517 3356 τῶν
559 3299 798 3369 ἡμερῶν
817 3316 955 3369 μου,
994 3299 1088 3364 τίς
1124 3299 1297 3351 ἐστιν
1315 3313 1335 3331 ο
1382 3297 1483 3350 ἵνα
1529 3294 1650 3365 γνῶ
1670 3334 1686 3360 ,
1728 3295 1787 3349 τί

201 3393 432 3461 ὑστερῶ
465 3391 601 3463 ἐγώ.
650 3390 806 3445 Ἰδοὺ
844 3390 1185 3456 παλαιστὰς
1220 3389 1364 3444 ἔθου
1413 3387 1521 3453 τὰς
1558 3385 1785 3455 ἡμέρας

200 3501 341 3551 μου.
387 3483 486 3537 καί
517 3486 558 3551 ὴ
593 3482 934 3547 ὑπόστασις
968 3498 1089 3550 μου
1128 3479 1272 3534 ὡσεὶ
1307 3478 1488 3534 οὐδὲν
1528 3476 1786 3531 ἐπάκτιον

199 3590 338 3631 σου.
390 3575 565 3628 Βλέπε
599 3574 780 3644 ψυχῆς
812 3572 1037 3643 συνιτῆς
1086 3572 1355 3644 μέριμναν
1399 3568 1641 3638 ἀγαθὴν,
1692 3569 1786 3622 καὶ

198 3667 376 3721 ταῦτα
406 3668 468 3719 ἐν
494 3665 758 3736 βασιλικῷ
785 3664 1075 3735 ἀξιώματι.
1118 3660 1523 3733 Ἐνοπτρίζεται
1562 3658 1672 3730 γὰρ
1695 3659 1787 3713 τὸν

197 3757 444 3811 Βασιλέα
476 3756 583 3808 τῶν
611 3754 870 3827 βασιλέων
902 3756 997 3809 καὶ
1037 3753 1129 3807 τὸν
1173 3751 1379 3825 Κριτὴν
1422 3751 1532 3804 τῶν
1561 3749 1783 3824 κριτῶν·

195 3852 292 3905 καὶ
339 3850 527 3919 ζητεῖ,
568 3849 655 3901 τὸν
681 3849 884 3902 τέλειον
912 3848 1116 3918 κόσμον
1155 3845 1262 3899 τῶν
1300 3843 1530 3898 ἐντολῶν
1555 3842 1773 3913 κομισάι

193 3961 388 4014 μενος,
424 3940 676 3996 ἀπελθεῖν
696 3940 880 4013 ἄρτιος
911 3940 1011 4011 τῆς
1039 3939 1185 4009 ζωῆς
1203 3938 1303 4007 τῆς
1328 3938 1506 3990 ἐκεῖσε
1540 3934 1783 4005 πολίτης·

189 4032 260 4106 ἧς
288 4034 513 4102 γένοιτο
540 4031 747 4096 πάντας
770 4033 916 4102 ἡμᾶς
946 4031 1224 4099 ἐπιτυχεῖν
1265 4026 1449 4102 χάριτι
1476 4025 1568 4077 καὶ
1596 4022 1785 4092 φιλαν-

189 4127 420 4199 θρωπίᾳ
444 4124 541 4180 τοῦ
568 4124 774 4197 Κυρίου
804 4122 960 4195 ἡμῶν
999 4120 1173 4193 Ἰησοῦ
1200 4118 1459 4191 Χριστοῦ,
1500 4110 1546 4185 ᾧ
1579 4118 1613 4187 ἡ
1653 4113 1779 4179 δόξα

191 4223 273 4284 είς
291 4221 427 4283 τοὺς
461 4217 667 4282 αἰῶνας
693 4218 804 4271 τῶν
828 4216 1059 4271 αἰώνων.
1105 4214 1298 4285 Ἀμήν.

1888 1939 2052 1997 quam
2089 1926 2298 1999 fragilis
2338 1928 2596 2000 ﬂuxaque
2637 1932 2708 1987 sit
2739 1934 2847 1987 vita
2884 1941 3096 1998 nostra,
3124 1951 3286 2007 quam
3322 1939 3469 1994 velo-

1889 2014 2027 2070 citer
2050 2015 2267 2070 labatur
2293 2026 2524 2088 tempus,
2563 2025 2627 2072 ut
2652 2020 2785 2075 sisti.
2813 2021 3173 2092 cohiberique
3199 2038 3311 2078 non
3341 2038 3469 2095 pos-

1890 2106 1984 2169 sit,
2046 2116 2106 2162 ut
2160 2108 2402 2164 ﬂuminis
2455 2125 2658 2167 cursus
2710 2111 2895 2167 omnia
2933 2098 3345 2181 quae'metitur,
3399 2113 3469 2168 ad

1889 2200 2168 2255 interitum
2231 2201 2399 2255 ducat
2453 2209 2507 2257 et
2564 2203 2767 2256 trahat.
2812 2202 2992 2272 Atque
3035 2203 3245 2259 utinam
3302 2204 3469 2259 breve

1889 2298 2105 2345 tantum
2156 2299 2307 2347 esset
2354 2278 2591 2362 spatium
2634 2295 2778 2358 vitae,
2825 2292 2988 2348 modo
3034 2291 3324 2349 reddendae
3372 2308 3468 2346 ra-

1891 2380 2023 2435 tioni
2080 2396 2187 2435 non
2258 2396 2506 2438 essemus
2560 2383 2804 2439 obnoxii.
2869 2382 3029 2439 Nunc
3093 2393 3277 2439 autem
3333 2385 3467 2440 illud

1890 2472 2086 2526 merito
2117 2480 2375 2542 torquere
2414 2488 2516 2529 nos
2545 2474 2724 2538 debet,
2766 2475 2914 2545 quod
2958 2482 3012 2532 et
3050 2476 3282 2546 singulis
3316 2476 3467 2533 boris

1889 2561 2063 2618 instat
2106 2562 2438 2633 periculum,
2497 2571 2554 2620 et
2614 2564 2971 2637 incorruptus
3024 2573 3190 2636 atque
3255 2568 3466 2637 integer

1886 2652 2175 2710 adeundus
2239 2664 2325 2710 est
2393 2653 2604 2725 judes,
2678 2656 2825 2726 apud
2885 2672 3049 2727 quem
3113 2672 3225 2712 non
3287 2659 3467 2713 solum

1894 2760 2109 2810 eorum,
2140 2762 2261 2816 quae
2293 2747 2545 2812 fecimus,
2582 2748 2678 2803 sed
2717 2748 2984 2814 omnium,
3036 2764 3160 2819 qua:
3202 2749 3465 2824 diximus,

1890 2835 2166 2892 reddenda
2196 2838 2358 2895 nobis
2392 2840 2554 2894 ratio.
2589 2838 2956 2907 Quamobrem
2980 2840 3098 2897 haec
3127 2854 3313 2897 secum
3348 2841 3467 2911 ipse

1888 2933 2078 2989 animo
2121 2934 2346 2990 volvens
2391 2934 2588 2991 beatus
2647 2933 2739 2990 ille
2785 2941 2940 2990 vates
2994 2943 3115 2991 avet
3164 2934 3469 3005 intelligere

1889 3023 2219 3095 praeﬁnitum
2248 3025 2546 3081 terminum
2577 3025 2721 3080 vitae.
2766 3022 2954 3095 Itaque
2983 3011 3154 3081 Deum
3189 3032 3466 3094 precatur,

1890 3123 1951 3170 ut
1998 3117 2104 3172 sibi
2154 3130 2447 3173 numerum
2497 3117 2734 3182 dierum,
2787 3118 2879 3185 qui
2930 3117 3125 3187 reliqui
3163 3125 3314 3182 sunt,
3368 3132 3469 3174 an-

1888 3206 2132 3272 nuntiet,
2162 3221 2275 3277 quo
2315 3207 2564 3277 accingat
2596 3221 2720 3262 sese
2766 3207 2831 3261 ad
2871 3221 2958 3272 ea,
2989 3221 3113 3276 qua
3160 3206 3228 3262 ad
3259 3208 3465 3262 exitum

1887 3299 2192 3369 pertinent,
2248 3312 2320 3353 ne
2376 3306 2634 3367 tanquam
2689 3296 2868 3351 viator
2923 3297 3287 3368 improvidus,
3334 3298 3464 3354 dum

1895 3391 2002 3446 iter
2048 3391 2200 3451 facit.
2247 3397 2303 3445 et
2358 3389 2617 3444 viaticum
2668 3390 3043 3446 necessarium
3100 3391 3316 3460 quaerit,
3372 3405 3462 3446 rc-

1885 3490 2050 3555 pente
2090 3484 2358 3538 turbetur.
2395 3482 2488 3537 Sic
2517 3482 2686 3552 igitur
2718 3482 2896 3553 inquit
2921 3500 2935 3537 :
2964 3481 3167 3537 Notum
3193 3482 3281 3552 fac
3310 3483 3461 3547 mihi,

1885 3574 2130 3640 Domine,
2161 3574 2320 3643 ﬁnem
2352 3589 2543 3638 meum,
2570 3582 2623 3628 et
2648 3590 2922 3629 nuntertnn
2964 3573 3173 3629 dierum
3203 3588 3461 3640 meorum,

1890 3665 2011 3736 quis
2033 3674 2134 3728 est,
2173 3672 2231 3719 ut
2270 3665 2438 3719 sciam
2462 3663 2591 3735 quid
2615 3666 2750 3721 desit
2781 3665 2927 3719 mihi.
2966 3663 3102 3720 Ecce
3137 3665 3464 3719 mensurabi-

1888 3755 1964 3809 ιω
1999 3755 2226 3823 posuisti
2267 3754 2378 3808 dies
2415 3770 2579 3820 meos,
2625 3763 2677 3811 et
2706 3754 3011 3810 substantia
3057 3770 3174 3809 mea
3211 3763 3464 3825 tauquam

1889 3845 2115 3899 nihilum
2163 3854 2286 3900 ante
2316 3852 2366 3899 te
2386 3845 2430 3901 ’.
2466 3844 2665 3901 Cernis
2712 3846 2912 3903 anima:
2942 3847 3099 3903 bona:
3136 3846 3462 3917 prudentem

1889 3936 2340 3999 sollicitudinem,
2375 3935 2540 4007 idque
2578 3940 2634 3991 in
2661 3937 2889 3995 homine
2932 3940 2988 3994 in
3016 3939 3165 4011 regia
3197 3939 3464 4012 dignitate

1887 4028 2213 4083 constituto.
2255 4026 2368 4083 Nec
2399 4028 2601 4083 mirum
2628 4047 2643 4084 :
2669 4028 2917 4085 intuetur
2958 4030 3105 4085 enim
3142 4029 3342 4101 Regem
3377 4043 3464 4084 re-

1857 4131 2040 4186 gum.
2081 4126 2138 4172 et
2174 4117 2423 4187 iudicum
2463 4115 2731 4173 Iudicem.
2782 4118 2922 4175 Illud
2955 4128 3138 4175 autem
3184 4121 3460 4183 obsecrat,

1887 4216 1947 4262 ut
2006 4208 2256 4263 absoluta
2318 4208 2701 4264 mandatorum
2755 4209 3110 4266 observantia
3168 4209 3463 4266 decoratus

187 4313 450 4368 discedat
491 4311 704 4379 integer
736 4319 792 4364 et
823 4309 1097 4379 perfectus
1133 4304 1373 4361 caelestis
1437 4302 1585 4359 illius
1653 4302 1844 4373 patriae
1881 4299 2043 4364 civis,
2090 4313 2256 4370 quam
2312 4312 2417 4355 nos
2466 4297 2599 4354 item
2659 4312 2853 4358 omnes
2891 4307 2953 4355 ut
2997 4314 3362 4371 assequamur
3402 4309 3465 4357 et

181 4414 327 4476 opto
355 4412 411 4460 et
433 4417 619 4475 spero,
658 4416 754 4473 per
779 4400 1009 4472 gratiam
1040 4409 1094 4456 et
1124 4397 1517 4469 benignitatem
1551 4395 1767 4450 Domini
1802 4393 1980 4449 nostri
2006 4390 2136 4448 Jesu
2163 4390 2393 4459 Christi,
2431 4391 2522 4447 cui
2563 4392 2740 4465 gloria
2807 4395 2866 4451 in
2902 4401 3190 4451 aeternum.
3258 4391 3459 4449 Amen.

260 4590 283 4620 '
328 4588 466 4645 Luc.
495 4606 618 4654 ινι,
656 4588 721 4643 l9
768 4602 889 4657 sqq.
964 4585 986 4617 ⁸
1014 4583 1150 4639 Luc.
1185 4596 1287 4645 ιιι,
1314 4579 1407 4635 20.
1483 4578 1671 4635 ’Psal.
1710 4592 1789 4669 sx;

1891 4591 1940 4643 ll,
1974 4574 2028 4638 5,
2061 4571 2116 4628 6.
