3896 6204
468 275 562 328 ,τι
1660 244 1716 297 s.
1763 240 2085 298 enEGonu

1001 397 3531 434 ww

2144 235 2434 292 NYSSENI
3568 227 3680 280 671’-

1412 583 1636 671 ΤΟΥ
1674 578 2044 666 ΑΥΤΟΥ
2112 571 2722 662 ΓΡΗΓΟΡΙΟΥ

1194 795 1603 910 ΠΕΡΙ
1713 782 2943 907 ΦΙΛΟΠΤΩΧΙΑΣ

1890 1019 2104 1074 ΛΟΓΟΣ
2141 1015 2213 1068 B‘.

1374 1369 1906 1458 EJUSDEM
2009 1368 2098 1453 S.

931 1604 1128 1717 DE
1269 1596 2310 1716 PAUPERIBUS

2188 1359 2763 1454 GREGORII

2448 1591 3186 1708 AMANDlS

1902 1829 2152 1888 ORATIO
2187 1829 2247 1883 11.

1702 2017 1964 2068 Francisco
1991 2019 2112 2067 lino
2153 2013 2424 2078 interprete.

2015 2215 2084 2226 ...ο

452 2365 514 2422 ιη
540 2383 602 2421 ea
624 2362 897 2435 Evangelii
922 2363 1073 2418 verba
1097 2378 1113 2416 :
1134 2362 1413 2428 Quatenus
1446 2341 1538 2417 uni
1559 2379 1622 2418 ex
1650 2363 1732 2419 his
1746 2362 2022 2420 feelstis“:

2130 2360 2318 2428 Λόγος
2365 2359 2451 2435 εἰς
2486 2357 2552 2435 τὸ
2580 2356 2770 2435 ρητςὸγ
2819 2355 2926 2435 τοῦ
2975 2356 3376 2435 Εὐαπγενμοιέχ
3425 2356 3703 2425 Ἐφ’δςον

971 2443 1021 2488 et
1060 2450 1175 2502 qua:
1205 2443 1513 2502 sequuntur.

518 2547 708 2602 Adhuc
733 2546 788 2600 in
819 2545 1155 2600 formidolosi
1185 2547 1363 2615 magni
1399 2546 1547 2602 illius
1580 2547 1723 2616 regis
1755 2546 2019 2603 adventus

452 2639 612 2693 nobis
647 2639 724 2692 ab
758 2637 1047 2709 Evangelio
1079 2636 1338 2705 descripti
1393 2637 1850 2706 contemplatione
1880 2638 2018 2692 deti-

452 2745 603 2784 neor.
645 2729 835 2783 Adhuc
863 2736 1071 2782 attente
1098 2727 1468 2780 consideranti
1501 2735 1904 2796 metum,quem
1938 2729 2020 2781 in-

451 2821 568 2888 jicit
607 2833 670 2872 ea
722 2817 1189 2881 commemoratio,
1219 2817 1412 2885 refugit
1462 2817 1753 2886 horretque
1783 2818 2016 2873 animus.

451 2909 584 2963 Nam
624 2910 898 2964 caelestem
931 2909 1104 2978 ipsum
1137 2924 1318 2978 regem
1371 2911 1424 2961 in
1465 2909 1664 2961 throno
1695 2909 2016 2978 maiestatis,

453 3006 510 3050 ut
529 2998 600 3051 ibi
632 2997 985 3060 describitur,
1013 2995 1243 3050 terribili
1273 2996 1505 3065 quodam
1534 2997 1695 3051 modo
1727 2999 2020 3068 praesiden-

452 3099 560 3142 tem
583 3087 715 3140 mihi
748 3087 932 3140 videor
958 3087 1177 3141 intueri.
1195 3085 1537 3157 Magnificum
1562 3087 1711 3142 illum
1741 3089 2018 3153 thronum,

452 3180 762 3249 quicunque
787 3177 1017 3232 thronus
1048 3177 1139 3232 ille
1159 3178 1251 3243 sit,
1284 3192 1408 3231 eum
1437 3177 1527 3246 qui
1564 3178 1714 3232 nullo
1739 3187 2022 3233 coercetur

454 3275 595 3338 loco,
625 3271 994 3326 continentem
1031 3285 1214 3324 cerno.
1250 3269 1673 3325 Innumerabilia
1704 3272 2021 3341 angelorum

455 3378 633 3432 regem
665 3361 1089 3431 eonstipantium
1142 3361 1309 3414 millia
1362 3361 1536 3416 video.
1590 3362 1842 3433 Magnum
1889 3365 2023 3435 quin

454 3454 617 3509 etiam
673 3453 849 3523 ipsum
897 3466 961 3506 ac
1009 3451 1409 3506 formidandum
1454 3468 1636 3522 regem
1681 3455 1908 3525 aspicio,
1956 3473 2022 3510 ex

456 3546 721 3599 immensa
745 3542 918 3612 gloria
939 3543 994 3596 in
1013 3547 1267 3595 naturam
1292 3543 1584 3597 humanam
1613 3545 2021 3615 despicientem,

457 3641 511 3686 et
538 3632 790 3686 universa
809 3645 1006 3701 genera
1043 3631 1343 3695 hominum,
1363 3634 1676 3704 quicunque
1711 3651 1773 3691 ex
1796 3651 1861 3691 eo
1887 3647 2024 3691 tem-

457 3734 608 3790 pore,
639 3735 748 3788 quo
806 3720 1040 3788 primum
1096 3721 1341 3789 generari
1409 3721 1655 3779 homines
1715 3734 2020 3796 cmperunt,

458 3825 632 3879 usque
676 3811 743 3865 ad
772 3813 1046 3881 metuendi
1076 3814 1222 3872 illius
1259 3815 1521 3872 adventus
1567 3817 1708 3872 diem
1753 3820 2026 3886 reperian-

459 3909 569 3964 tur,
594 3901 662 3954 ad
709 3916 768 3956 se
805 3915 1246 3972 congregantem,
1291 3907 1627 3977 singulisque
1661 3924 1728 3962 ex
1761 3910 2027 3964 institutae

459 4001 512 4046 et
534 4000 794 4047 anteactae
822 3994 943 4047 vita:
969 3997 1176 4050 ratione
1205 4009 1258 4050 et
1293 3999 1520 4063 meritis,
1538 4001 1621 4054 vel
1648 4001 1864 4069 praemia
1894 4001 2028 4054 dan-

463 4090 591 4144 tem,
628 4083 710 4138 vel
738 4084 1067 4153 irrogantem
1115 4087 1403 4155 supplicia,
1444 4088 1550 4144 illis
1583 4090 1674 4158 qui
1715 4102 1860 4144 recte
1897 4105 2026 4144 san-

461 4183 657 4243 cteque
709 4175 959 4241 vixerint,
1002 4175 1071 4229 ad
1115 4176 1394 4232 dexteram
1443 4187 1673 4248 partem,
1711 4187 1770 4233 ut
1819 4181 2024 4235 dictum

461 4273 562 4326 est,
590 4265 910 4320 collocatis:
940 4267 1033 4336 qui
1087 4282 1216 4322 vero
1253 4267 1519 4338 ﬂagitiose
1567 4278 1620 4324 et
1656 4269 1927 4340 improbe,
1959 4269 2027 4324 ad

463 4357 742 4411 sinistram
775 4357 988 4426 positis,
1019 4365 1072 4412 et
1103 4360 1498 4414 condemnatis.
1538 4357 1810 4429 Utrosque
1847 4371 2025 4414 autem

464 4442 678 4498 diversa
736 4450 918 4498 tamen
973 4445 1185 4499 ratione
1229 4446 1586 4515 appellantem
1645 4447 1826 4502 audio.
1878 4447 2028 4502 Alios

463 4535 605 4588 cnim
645 4535 980 4588 dulcissimis
1013 4534 1121 4589 illis
1161 4549 1225 4589 ae
1272 4535 1624 4591 faustissimis
1674 4535 1854 4590 verbis
1893 4537 2028 4591 allo-

464 4625 676 4695 quitur:
701 4621 900 4686 Venite,
936 4624 1189 4678 benedicti
1234 4625 1414 4679 Patris
1445 4627 1545 4678 mei
1573 4641 1593 4688 ;
1619 4627 1756 4681 alios
1783 4627 2028 4680 horribili

461 4729 527 4768 ac
568 4714 855 4769 metuenda
888 4714 978 4768 illa
1006 4715 1426 4768 comminatione
1465 4734 1477 4767 :
1517 4713 1620 4779 Ite,
1655 4715 1940 4780 maledicti,
1974 4717 2030 4768 in

463 4806 632 4872 ignem
663 4814 934 4861 aeternum.
962 4803 1053 4858 Sic
1077 4814 1255 4860 autem
1287 4806 1416 4859 mihi
1449 4807 1563 4860 hate
1588 4807 1782 4878 legenti
1821 4814 1868 4861 et
1899 4821 2030 4860 eon-

474 4897 730 4952 sideranti
776 4896 1004 4952 allectus
1026 4904 1079 4951 et
1109 4897 1530 4967 perterrefactus
1578 4906 1661 4953 est
1695 4898 1928 4962 animus,
1972 4904 2030 4951 ut

474 4991 489 5059 ι’
517 5002 578 5039 ea
627 5002 734 5040 non
767 4987 888 5057 legi,
923 4987 1019 5042 sed
1055 4988 1193 5052 ﬁeri,
1245 5004 1354 5043 non
1409 4989 1768 5058 pronuntiari,
1804 4988 1896 5042 scd
1944 4989 2029 5058 agi

2365 2427 2655 2496 ἐποιήσατε
2681 2428 2761 2480 ἑνὶ
2793 2427 3014 2491 τούτων,
3043 2427 3141 2481 καὶ
3170 2427 3241 2480 τὰ
3269 2425 3431 2494 ἑξῆς.

2193 2545 2312 2597 Ἔτι
2355 2541 2491 2614 πρὸς
2524 2540 2604 2611 τῷ
2636 2540 2867 2612 θεάματι
2909 2540 3006 2610 τῆς
3036 2538 3270 2609 φοϐερᾶς
3295 2538 3386 2592 τοῦ
3429 2536 3698 2607 βασιλέως

2121 2634 2437 2703 ἐπιφανείας
2466 2633 2602 2704 είμὶ,
2635 2633 2700 2704 ἢν
2746 2632 3048 2703 ὑπογράφει
3076 2630 3137 2683 τὸ
3179 2629 3528 2697 Εὑαγγέλιον.
3567 2628 3700 2682 Ἔτι

2124 2727 2466 2797 κατέπτηχεν
2511 2727 2543 2796 ἡ
2589 2725 2756 2795 ψυχὴ,
2797 2724 2931 2794 πρὸς
2955 2723 3043 2776 τὸν
3068 2722 3227 2790 φόϐον
3255 2722 3364 2774 τῶν
3387 2722 3702 2792 εἰρημένων

2121 2816 2529 2880 ὲνατενίζουσα·
2569 2816 2644 2878 ὼς
2688 2814 2975 2886 καθορῶσα
3012 2815 3212 2884 τρόπον
3261 2815 3383 2868 τινὰ
3432 2815 3588 2868 αὐτόν
3635 2833 3703 2868 τε

2120 2910 2210 2963 τὸν
2246 2908 2488 2978 οὐρανῶν
2533 2893 2778 2978 βασιλέα,
2809 2904 2988 2968 καθώς
3018 2922 3178 2974 φησιν
3208 2908 3236 2958 6
3279 2905 3454 2972 λόγος,
3481 2906 3568 2958 ἐπὶ
3595 2907 3702 2959 τοῦ

2123 3001 2311 3072 θρόνον
2351 2999 2451 3069 τῆς
2497 2998 2654 3069 δόξης
2691 2997 2933 3068 φοϐερῶς
2975 2997 3421 3068 προκαθήμενον·
3470 2999 3562 3051 καὶ
3599 3005 3705 3050 τόν

2127 3087 2518 3160 μεγαλοπρεπῆ
2548 3087 2736 3158 θρόνον
2768 3087 2970 3139 ἐκεῖνον
2993 3101 3006 3114 ·
3048 3086 3194 3149 ὅστις
3221 3084 3349 3138 ποτὲ
3387 3087 3482 3138 καὶ
3509 3087 3537 3138 ὁ
3566 3086 3704 3156 θρό-

2123 3196 2210 3243 νος
2239 3181 2383 3232 ὲστὶν
2411 3180 2439 3232 6
2485 3177 2676 3248 χωρῶν
2722 3178 2777 3230 ὲν
2821 3175 2998 3246 ἑαυτῷ
3037 3175 3129 3228 τὸν
3154 3176 3464 3247 άχώρητον’
3505 3178 3601 3239 τάς
3638 3196 3704 3231 τε

2123 3269 2380 3339 ἀπείρους
2406 3269 2516 3322 τῶν
2546 3267 2793 3336 ἀγγέλων
2824 3265 3089 3336 μυριάδας
3126 3267 3357 3332 ὲκείνας,
3403 3269 3461 3320 ὲν
3511 3268 3710 3337 κύκλῳ

2123 3360 2213 3414 τδν
2258 3360 2478 3430 βασιλέα
2524 3357 2918 3430 περιεστώσας·
2962 3359 3121 3412 αὐτόν
3157 3376 3214 3412 τε
3254 3359 3344 3411 τὸν
3392 3359 3564 3429 μέγαν
3600 3364 3713 3413 καὶ

2126 3452 2352 3522 φοϐερὸν
2399 3449 2642 3521 βασιλέα,
2698 3451 2762 3502 ὲκ
2813 3450 2912 3520 τῆς
2964 3451 3242 3522 ἁφράστου
3281 3449 3436 3515 δόξης
3471 3451 3565 3502 ἐπὶ
3596 3453 3712 3520 τὴν

2125 3543 2469 3615 ἀνθρωπίνην
2529 3541 2946 3596 κατακύπτοντα
2997 3541 3189 3610 φύσιν,
3235 3540 3328 3594 καὶ
3384 3543 3491 3594 πᾶν
3540 3542 3713 3608 γένος

2126 3634 2424 3706 ἀνθρώπων
2467 3634 2574 3687 τῶν
2613 3633 2706 3701 ἀφ’
2736 3625 2797 3685 οὗ
2830 3632 3112 3701 γεγόνασιν
3150 3631 3433 3702 ἄνθρωποι,
3467 3632 3563 3685 καὶ
3597 3635 3715 3701 μέ-

2128 3745 2219 3798 χρι
2248 3727 2346 3796 τῆς
2391 3723 2626 3796 φοϐερᾶς
2674 3723 2974 3793 ἐμφανείας
3017 3723 3228 3793 ἐκείνης
3272 3723 3713 3793 εὑρισκομένων,

2128 3816 2447 3889 άθροίζοντά
2473 3833 2532 3870 τε
2567 3815 2701 3886 πρὸς
2736 3815 2946 3879 ἑαυτὸν,
2977 3815 3071 3867 καὶ
3108 3813 3250 3867 κατὰ
3280 3814 3378 3884 τὴν
3407 3813 3557 3877 ἀξίαν
3580 3813 3714 3867 τῶν

2131 3907 2472 3976 βεϐιωμένων
2521 3903 2734 3973 ἑκάστῳ
2759 3902 2857 3973 τὴν
2891 3902 3068 3974 κρίσιν
3118 3903 3408 3970 ἐπάγοντα,
3445 3904 3552 3965 τοῖς
3592 3903 3714 3971 μὲν

2127 3995 2274 4068 δεξιᾷ
2304 3999 2368 4067 τῇ
2405 3994 2720 4067 προαιρέσει
2759 3994 3020 4064 συζήσασι
3052 3995 3121 4047 τὰ
3163 3993 3332 4059 δεξιὰ,
3377 3994 3560 4057 καθὼς
3627 3999 3712 4050 εῐ-

2133 4106 2311 4160 ρηται,
2351 4085 2728 4156 χαριζόμενον,
2759 4087 2870 4148 τοῖς
2895 4084 2952 4138 δὲ
2986 4086 3193 4149 σκαιοῖς
3233 4101 3294 4136 τε
3332 4085 3426 4136 καὶ
3456 4085 3712 4157 ἀποϐλή-

2128 4194 2258 4241 τοις,
2293 4175 2389 4247 τὴν
2415 4175 2747 4245 κατάλληλον
2771 4175 2880 4236 τοῖς
2909 4173 3257 4244 βεϐιωμένοις
3281 4174 3715 4245 άποκληροῦντα

2127 4265 2307 4337 ψῆφον
2327 4281 2340 4294 ·
2375 4265 2692 4334 ἐπιλέγοντα
2726 4264 3026 4335 ἑκατέροις,
3054 4266 3166 4327 τοῖς
3195 4263 3292 4333 μὲν
3322 4263 3420 4334 τὴν
3442 4265 3716 4332 γλυκεῖαν

2129 4359 2224 4412 καὶ
2269 4357 2476 4429 ἀγαθὴν
2505 4357 2718 4426 ἐκείνην
2753 4357 2969 4426 φωνὴν,
3006 4355 3089 4408 ὄτι
3120 4355 3314 4418 Δεῦτε,
3351 4359 3406 4409 οι
3448 4358 3718 4426 εὐλογη-

2125 4443 2295 4513 μένοι
2338 4444 2444 4497 τοῦ
2496 4445 2726 4512 Πατρός
2749 4459 2898 4513 μου⁵
2943 4445 3052 4506 τοῖς
3097 4442 3153 4496 δὲ
3189 4443 3286 4514 τὴν
3324 4445 3569 4516 φρικώδη
3615 4452 3717 4504 καὶ

2131 4533 2370 4605 φοϐερὰν
2419 4536 2666 4606 ἀπειλὴν,
2701 4536 2780 4588 ὅτι
2814 4535 3162 4602 Πορεύεσθε,
3196 4538 3248 4588 οι
3280 4537 3712 4606 κατηραμένοι.

2131 4624 2286 4679 Οὕτω
2317 4625 2374 4678 δέ
2407 4643 2496 4696 μοι
2521 4627 2617 4696 τῆς
2643 4625 2821 4696 ψυχῆς
2849 4625 2986 4696 πρὸς
3016 4625 3108 4680 τὸν
3136 4625 3245 4680 τῶν
3275 4627 3716 4694 ἀνεγνωσμένων

2132 4716 2291 4784 φόϐον
2321 4715 2675 4786 διατεθείσης,
2716 4717 2791 4779 ὡς
2813 4721 2832 4737 “’
2857 4719 2873 4735 ⁶
2901 4718 2921 4739 ⁶
2971 4717 3110 4787 πρὸς
3145 4718 3326 4780 αὐτοῖς
3354 4717 3532 4768 δοκεῖν
3564 4715 3714 4773 εἶναι

2130 4810 2241 4868 τοῖς
2276 4806 2585 4878 πράγμασι.
2635 4807 2745 4860 Καὶ⁸
2799 4806 2906 4859 τῶν
2946 4806 3226 4877 παρόντων
3275 4808 3713 4863 ἑπαισθάνεσθαι

2135 4898 2380 4968 μηδενὸς,
2415 4897 2669 4968 οὐδεμίαν
2716 4899 2746 4950 6
2789 4897 2910 4961 νοῦς
2971 4898 3094 4966 ἄγει
3138 4897 3348 4969 σχολὴν,
3402 4899 3539 4970 πρὸς
3582 4901 3709 4953 ἄλλο

2057 5028 2100 5086 C
2132 5007 2185 5041 τι
2237 4989 2453 5058 βλέπειν
2497 4988 2604 5041 τῶν
2654 4989 3024 5059 προκειμένων
3069 4991 3149 5052 είς
3205 4989 3448 5063 ἐξέτασίν
3497 5009 3558 5043 τε
3619 4995 3704 5045 καὶ

463 5077 862 5146 quodammodo
907 5079 1242 5146 existimem,
1269 5081 1488 5150 jamque
1517 5095 1626 5135 non
1655 5080 1860 5145 audire,
1897 5079 2024 5150 sed]

2133 5079 2366 5149 θεωρίαν
2392 5079 2470 5150 τῷ
2524 5079 2697 5149 λόγῳ’
2727 5081 2902 5133 καίτοι
2934 5097 2996 5147 γε
3031 5081 3091 5133 οὑ
3125 5083 3294 5152 μικρὰ
3325 5081 3502 5134 ταῦτὰ
3536 5085 3704 5144 ἐστιν,

464 5169 622 5238 plane
646 5167 810 5222 rebus
837 5169 970 5238 ipsis
991 5169 1255 5226 interesse
1284 5171 1416 5224 mihi
1449 5170 1656 5225 videor.
1678 5173 1866 5239 Itaque
1891 5185 2028 5239 prze-

441 5257 697 5332 ,sentium
726 5257 859 5310 nihil
878 5258 1114 5327 amplius
1132 5261 1328 5324 sentio,
1360 5275 1460 5316 nec
1491 5259 1654 5314 menti
1683 5268 1840 5313 vacat
1861 5260 2030 5328 respi-

465 5364 589 5402 cere
646 5348 713 5401 ad
765 5349 914 5401 aliud
972 5347 1266 5417 quidquam
1331 5366 1556 5416 eorum,
1599 5366 1718 5420 qum
1780 5351 1910 5406 mihi
1961 5351 2024 5404 ad

466 5437 854 5506 explorandum
896 5445 950 5493 et
1002 5440 1475 5510 contemplandum
1532 5442 1804 5511 proposita
1862 5450 2026 5502 sunt,

544 5609 585 5638 δ”
624 5609 809 5667 Matth.
875 5628 998 5678 xxv,
1029 5613 1094 5667 40
1136 5631 1255 5684 sqq.

2132 5172 2252 5224 οὐδὲ
2289 5172 2474 5241 ὀλίγης
2505 5171 2782 5240 ζητήσεως
2811 5170 2954 5236 ἄξια,
3002 5172 3063 5224 τὸ
3099 5172 3299 5239 γνῶναι
3331 5173 3446 5236 πῶς
3487 5175 3706 5242 ἔρχεται

2132 5263 2159 5312 6
2206 5263 2290 5314 ἀεὶ
2342 5263 2551 5334 παρών.
2635 5263 2778 5317 Ἰδοὺ
2825 5263 2953 5334 γὰρ,
2994 5265 3147 5334 φησὶ,
3192 5265 3320 5332 μεθ’
3364 5263 3539 5333 ὑμῶν
3589 5267 3710 5333 ειμι

2134 5352 2332 5416 πάσας
2377 5354 2484 5417 τὰς
2530 5354 2782 5422 ἡμέραςθ
2834 5355 2925 5407 καὶ
2960 5355 3007 5406 εξ
3055 5353 3172 5422 μεθ’
3220 5355 3376 5424 ἡμῶν
3413 5351 3554 5408 εἶναι
3609 5374 3714 5409 περ

2141 5444 2437 5509 alata-ant,
2477 5447 2590 5509 πῶς
2613 5447 2759 5514 ἥξειν
2782 5447 2853 5510 ὡς
2875 5447 2934 5498 οὐ
2973 5447 3159 5514 παρὼν
3191 5446 3621 5514 ὲπαγγέλλεταις
3657 5449 3716 5499 ει
