3896 6204
293 199 384 258 475

1419 195 1508 252 DE
1548 192 1986 252 PAUPERIBUS
2013 193 2334 250 AMANDIS.

3423 208 3526 267 476

284 311 390 380 γὰρ
426 309 499 362 ἐν
530 305 689 372 αὐτῷ
719 305 906 376 ζῶμέν
932 322 996 360 τε
1034 306 1133 360 καί
1169 307 1488 376 κινούμεθα
1518 308 1618 362 και
1644 307 1842 378 ἐσμὲν,

1955 307 2203 376 quamvis
2229 322 2291 362 ea
2323 307 2568 376 profecto
2606 323 2704 362 nec
2743 323 2907 378 parva
2947 310 3079 377 sint,
3126 327 3226 367 nec
3276 331 3523 385 exnguam

277 397 468 462 καθώς
517 413 678 466 φησιν
723 398 752 449 ὁ
815 396 1134 459 Ἀπόστολος
1155 437 1168 460 ,
1221 396 1445 467 οὐδεμία
1503 399 1716 469 μηχανὴ
1761 397 1854 451 τοῦ

272 487 778 558 περιδεδραγμένου
811 487 921 540 τῶν
969 487 1184 540 πάντων
1215 487 1340 550 τοὺς
1371 489 1428 540 ὲν
1456 488 1604 558 αὐτῷ
1630 505 1856 558 κατεχοι-

276 581 485 642 μένους
514 577 743 639 τοπικῶς
769 577 1100 648 ἀποστήσειθ
1134 577 1274 630 ὥστε
1305 579 1337 648 ἢ
1366 577 1461 631 νῦν
1494 578 1567 648 μὴ
1605 582 1855 647 παρεῖναι

273 671 399 732 τοῖς
425 668 908 738 ἐμπεριεχομένοις
929 707 944 731 ,
977 666 1009 736 ἢ
1039 667 1250 739 χρόνοις
1277 665 1501 740 ὕστερον
1524 668 1856 738 παρέσεσθαι

277 775 415 812 ποτε
442 760 833 833 προσδοκῆσαι.
869 758 962 820 Τίς
988 757 1044 810 δὲ
1086 761 1180 812 καὶ
1207 760 1240 829 ἡ
1271 757 1366 812 τοῦ
1394 759 1686 829 ἀσωμάτου
1720 759 1855 811 καθ-

279 850 444 921 έδρα;
493 850 587 904 καὶ⁵
648 851 682 920 ὴ
733 849 826 901 τοῦ
888 848 1120 918 ἀοράτου
1183 849 1485 918 ὲμφάνειας
1539 849 1630 902 καὶ
1682 850 1715 919 ἡ
1761 847 1854 901 τοῦ

278 942 688 1010 ἀσχηματίστου
740 943 955 1012 μορφής
1011 942 1104 994 καὶ
1151 943 1183 1012 ἡ
1231 941 1324 995 τοῦ
1369 942 1651 1012 ἀχωρήτου
1689 943 1746 994 ὲν
1778 941 1855 1011 τῷ

277 1030 455 1100 θρόνῳ
493 1032 846 1102 πριγραφής
903 1031 996 1082 καὶ
1031 1030 1206 1083 πάντα
1245 1031 1310 1083 τὰ
1341 1029 1582 1096 τοιαῦτα,
1630 1031 1704 1093 ὡς
1737 1032 1854 1098 μείο

277 1122 408 1186 ζονα
459 1121 494 1190 ἢ
541 1120 684 1174 κατὰ
735 1121 826 1173 τὸν
891 1120 1130 1192 παρόντα
1184 1120 1393 1188 καιρὸν,
1454 1119 1850 1191 ὑπερθήσομαι.

279 1213 470 1274 Ὅπως
493 1211 536 1263 δ’
564 1211 631 1264 ἂν
666 1210 739 1280 μὴ
771 1212 849 1273 είς
875 1210 972 1280 τὴν
995 1209 1104 1263 τῶν
1128 1209 1444 1280 ἀποϐλήτων
1469 1210 1855 1280 ἀπωσθείημεν

273 1303 448 1367 τάξιν,
487 1303 622 1373 πρὸς
667 1300 843 1364 τοῦτο,
895 1300 1076 1364 καθὼς
1121 1301 1188 1354 ἂν
1233 1295 1345 1364 οἷός
1395 1318 1454 1353 τε
1500 1295 1563 1366 ὦ,
1611 1303 1746 1370 πρὸς
1793 1301 1854 1353 τὸ

276 1395 454 1447 κοινὸν
479 1394 669 1464 κέρδος
693 1393 877 1464 τρέψω
905 1393 996 1445 τὸν
1023 1392 1196 1460 λόγον.
1223 1391 1432 1465 Σφόδρα
1457 1392 1584 1463 γὰρ,
1610 1393 1849 1460 ἀδελφοὶ,

275 1485 488 1555 σφόδρα
539 1483 678 1553 πρὸς
722 1485 822 1553 τὴν
870 1483 1097 1553 ἀπειλὴν
1149 1484 1561 1553 κατεπτόημαιο
1611 1483 1706 1536 καὶ
1754 1485 1853 1537 οὐκ

273 1573 548 1644 ἀρνοῦμαι
594 1575 694 1643 τῆς
744 1573 924 1645 ψυχῆς
963 1589 1062 1644 μου
1097 1573 1157 1624 τὸ
1202 1573 1391 1635 πάθος.
1440 1573 1768 1644 Ἐϐουλόμην
1807 1575 1850 1626 δ’

1955 397 2356 466 iudagationem
2390 397 2672 467 requirant
2703 417 2716 466 ;
2748 401 3022 469 quomodo
3053 403 3305 459 videlicet
3343 408 3524 462 venire

1955 487 2312 556 intelligatur,
2338 488 2431 556 qui
2461 504 2676 558 semper
2707 490 2884 555 adest,
2911 495 3211 562 praesertim
3243 510 3366 550 cum
3411 497 3526 566 ipse

1954 576 2097 631 dicat
2132 597 2144 631 :
2174 581 2308 631 Ecce
2336 577 2599 631 vobiscum
2626 596 2740 631 sum
2767 581 3005 662 omnibus
3029 583 3208 638 diebus
3240 583 3427 656 [usque
3455 587 3525 639 ad

1953 669 2452 721 consummationem
2485 669 2666 722 swculi
2702 669 2774 741 ⁸⁸]
2807 688 2824 736 ;
2858 681 2912 726 et
2960 673 3006 726 si
3059 674 3340 730 nobiscum
3402 690 3524 730 esse

1955 758 2196 812 creditur
2219 797 2234 821 ,
2265 757 2538 827 quomodo
2572 769 2836 815 venturus
2858 801 2874 828 ,
2910 770 3167 832 tanquam
3216 781 3323 819 non
3357 767 3519 828 adsit,

1951 847 2344 902 existimetur?
2387 847 2440 901 Si
2481 848 2626 902 enim
2670 851 2724 902 in
2761 851 2874 917 ipso
2898 853 2980 918 (ut
3008 855 3183 923 inquit
3209 857 3520 926 Apostolus)

1953 935 2203 999 vivimus,
2235 951 2537 999 movemur,
2570 946 2622 990 et
2671 955 2851 992 sumus
2883 941 2948 1004 “,
2983 943 3134 996 nullo
3187 945 3349 999 modo
3406 947 3520 1000 fieri

1951 1034 2151 1096 potest,
2190 1035 2246 1082 ut
2286 1028 2354 1081 ab
2384 1027 2498 1089 illo,
2530 1030 2623 1098 qui
2655 1032 3036 1101 complectitur
3059 1035 3262 1098 omnia,
3291 1037 3349 1100 ii,
3382 1053 3521 1107 quos

1954 1117 2073 1202 ipse
2102 1119 2536 1187 comprehendit,
2587 1121 2709 1175 loco
2754 1123 3158 1188 discludantur,
3204 1129 3275 1182 ita
3318 1137 3376 1182 ut
3430 1139 3523 1183 aut

1951 1223 2099 1261 nunc
2144 1210 2368 1263 minime
2408 1211 2553 1265 adsit
2595 1211 2679 1267 his
2731 1215 2822 1282 qui
2859 1216 2928 1269 ab
2976 1217 3096 1285 ipso
3151 1221 3520 1284 continentur,

1952 1309 2046 1352 aut
2094 1308 2214 1368 post
2270 1301 2488 1367 aliquod
2540 1309 2752 1372 tempus
2806 1305 3102 1361 adfuturus
3155 1318 3514 1377 exspectetur.

1952 1389 2238 1454 Praeterea,
2257 1408 2377 1461 qua:
2402 1394 2576 1461 possit
2603 1409 2724 1450 esse
2753 1396 2900 1452 illius
2928 1408 3020 1452 aut
3048 1399 3224 1462 sedes,
3254 1410 3345 1453 aut
3382 1417 3522 1470 prae-

1954 1481 2148 1544 sentia,
2184 1491 2277 1534 aut
2326 1482 2497 1535 forma
2523 1521 2538 1546 ,
2570 1493 2662 1537 aut
2706 1489 2758 1539 in
2815 1489 3016 1543 throno
3056 1491 3520 1560 circumscriptio,

1955 1571 2046 1640 qui
2077 1581 2129 1626 et
2155 1588 2386 1642 corpore
2413 1582 2584 1638 caret,
2621 1585 2674 1630 et
2724 1577 2894 1631 videri
2936 1597 3043 1633 non
3087 1589 3284 1649 potest,
3319 1593 3372 1636 et
3415 1583 3525 1635 for-

275 1665 344 1718 ἂν
380 1665 477 1716 καὶ
516 1665 654 1733 ὑμᾶς
688 1665 760 1734 μὴ
791 1663 1272 1734 καταφρονητικῶς
1318 1663 1460 1732 ἐχειν
1497 1663 1604 1718 τῶν
1649 1664 1842 1732 φόϐων.

1954 1678 2094 1716 mam
2121 1664 2322 1718 nullam
2356 1665 2536 1731 habet,
2555 1678 2607 1722 et
2635 1669 2836 1738 ubique
2862 1671 2941 1724 sic
2970 1672 3144 1731 adest.
3169 1681 3229 1725 ut
3256 1688 3524 1741 nusquam

276 1756 571 1826 Μακάριος
602 1755 704 1825 γὰρ
730 1754 788 1818 ὅς
831 1756 1202 1825 καταπτήσσει
1235 1754 1410 1807 πάντα
1441 1753 1508 1806 δι’
1548 1755 1848 1809 εὐλάϐειαν.

292 1846 353 1898 '0
411 1846 466 1897 δὲ
525 1844 872 1914 καταφρονῶν
921 1845 1264 1914 πράγματος,
1313 1846 1852 1916 καταφρονηθήσεται

280 1939 371 1989 ὐπ’
409 1937 589 1999 αὐτοῦ,
635 1935 766 2006 φησί
820 1953 923 1988 που
967 1936 1066 2006 τῆς
1121 1937 1311 2006 σοφίας
1343 1938 1372 1988 ὁ
1413 1937 1586 2005 λόγος.
1647 1937 1853 1990 Οὐκοῦν

275 2028 382 2098 πρδ
408 2031 508 2095 τῆς
539 2027 688 2098 ῶρας
718 2027 824 2079 τῶν
856 2027 1060 2091 κακῶν,
1096 2028 1156 2080 τὸ
1192 2027 1266 2097 μὴ
1293 2028 1350 2079 ὲν
1384 2027 1549 2100 πείρᾳ
1582 2028 1687 2080 τῶν
1720 2045 1852 2080 σκυ-

271 2119 505 2189 θρωπῶν
532 2118 786 2186 γενέσθαι
829 2119 1219 2188 φροντίσωμεν.
1255 2119 1349 2182 Τίς
1376 2119 1432 2172 δὲ
1481 2122 1513 2188 ή
1556 2119 1841 2191 ἀπαλλαγὴ

263 2211 374 2262 τῶν
403 2209 685 2282 φοϐερῶν;
721 2210 794 2263 Τὸ
824 2210 1027 2279 ταύτην
1053 2211 1147 2263 τοῦ
1185 2211 1298 2280 βίου
1327 2209 1425 2281 τὴν
1456 2210 1572 2264 ὁδὸν
1606 2210 1839 2273 ἑλέσθαι,

259 2303 328 2371 ἢν
363 2302 461 2354 νῦν
494 2301 769 2366 ὑπέδειξεν
798 2304 931 2372 ἡμῖν
959 2304 986 2355 ὁ
1015 2301 1190 2370 λόγος,
1219 2301 1317 2372 τὴν
1345 2300 1651 2371 πρόσφατον
1675 2300 1839 2362 ὄντως

258 2394 355 2446 καὶ
382 2392 592 2456 ζῶσαν.

1949 1755 2203 1808 concludi
2243 1757 2520 1812 secludive
2551 1761 2740 1826 possit.
2781 1760 2903 1814 llaec
2941 1761 3105 1832 igitur
3144 1775 3196 1816 et
3230 1772 3422 1817 caatera
3470 1763 3524 1816 id

1948 1861 2120 1915 genus
2153 1855 2410 1916 tanquam
2447 1851 2676 1918 majora,
2727 1867 2888 1920 quam
2922 1863 2977 1906 ut
3012 1869 3040 1906 a
3081 1855 3238 1909 nobis
3283 1855 3336 1907 in
3386 1869 3521 1923 prae-

1950 1940 2126 1993 sentia
2158 1941 2420 2009 explicari
2461 1943 2694 2006 valeant,
2728 1943 3063 2008 omittemus,
3103 1954 3158 1999 et
3215 1947 3524 2000 communis

1950 2030 2202 2085 utilitatis
2231 2033 2401 2102 gratia
2448 2034 2576 2088 illuc
2608 2035 2910 2090 orationem
2963 2046 3207 2093 nostram
3241 2047 3523 2092 converte-

1949 2135 2092 2182 mus,
2135 2131 2214 2184 ut,
2243 2139 2352 2192 quo
2409 2135 2565 2193 pacto
2616 2125 2730 2180 fieri
2775 2129 2968 2197 possit,
3008 2147 3076 2184 ne
3123 2131 3434 2200 redigamur
3469 2131 3522 2184 in

1946 2211 2306 2278 reprohorum
2377 2215 2660 2279 ordinem,
2721 2232 2820 2286 pro
2877 2220 3086 2274 viribus
3145 2222 3520 2275 ostendamus.

1944 2299 2227 2370 Equidem,
2261 2312 2318 2358 ut
2351 2305 2582 2376 ingenue
2635 2307 2804 2362 fatear
2843 2312 3304 2379 perturbationem
3355 2311 3523 2364 animi

1941 2394 2070 2457 mei,
2115 2399 2484 2462 vehementer,
2518 2416 2551 2454 ο
2588 2401 2820 2466 fratres,
2856 2403 3200 2456 vehementer
3252 2403 3341 2456 illa
3372 2417 3522 2456 eom-

256 2487 568 2544 minatione
631 2484 957 2540 conterritus
1005 2499 1147 2539 sum.
1193 2482 1308 2538 Hoc
1363 2491 1542 2538 autem
1596 2483 1790 2536 timore
1847 2497 1944 2538 vos
1998 2487 2122 2540 item
2175 2487 2310 2542 allici
2360 2491 2517 2545 velim
2579 2509 2754 2562 neque
2817 2509 2940 2547 eum
3001 2495 3107 2547 ulla
3158 2495 3368 2548 ratione
3425 2495 3522 2549 dc-

255 2579 497 2648 spicere.
542 2577 742 2633 Beatus
792 2578 938 2632 enim
990 2577 1075 2630 vir
1123 2577 1215 2646 qui
1267 2583 1485 2631 veretur
1535 2575 1718 2629 omnia
1756 2589 1852 2643 per
1907 2585 2148 2640 metum,
2189 2590 2249 2632 ut
2295 2582 2530 2649 quodam
2581 2585 2702 2638 loco
2758 2585 2930 2654 inquit
2979 2585 3204 2653 Sapiens
3271 2585 3348 2651 5';

3427 2586 3518 2654 qui

255 2682 444 2726 autem
473 2671 777 2725 contemnit
803 2685 943 2734 rem,
975 2679 1353 2726 contemnetur
1397 2671 1464 2724 ab
1514 2685 1598 2726 ea.
1649 2667 1974 2741 Priusquam
2002 2674 2166 2743 igitur
2188 2675 2403 2732 irruant
2457 2679 2634 2742 mala,
2687 2679 2877 2735 demus
2934 2695 3151 2750 operam
3212 2679 3521 2750 diligeMcr,

257 2783 328 2821 ne
378 2767 537 2821 nobis
581 2767 696 2820 hate
751 2766 926 2819 tristia
972 2780 1198 2820 necesse
1249 2765 1321 2820 sit
1349 2765 1606 2835 experiri.
1643 2764 1838 2819 Verum
1877 2783 2112 2835 quonam
2156 2771 2316 2825 modo
2350 2787 2412 2826 ea
2465 2771 2908 2828 declinahimus?
2944 2775 3046 2827 hoc
3116 2775 3392 2838 nimirum,
3462 2782 3520 2828 tit

254 2871 380 2910 eam
411 2855 630 2910 vivendi
683 2854 954 2908 rationem
988 2863 1044 2910 et
1072 2853 1237 2920 viam,
1268 2870 1430 2924 quam
1460 2855 1514 2908 in
1543 2855 1830 2923 praesentia
1875 2855 2162 2928 Scriptura
2210 2862 2372 2916 nobis
2400 2863 2661 2927 ostendit,
2695 2880 2814 2933 qum
2845 2880 2989 2920 nunc
3023 2867 3198 2935 viget,
3271 2875 3323 2920 et
3400 2880 3522 2922 vero

253 2947 416 3010 vivit,
445 2947 841 3018 ingrediamur.

327 3041 428 3103 Τίς
448 3041 504 3093 δὲ
532 3043 558 3110 ἡ
585 3041 700 3104 ὁδός
721 3057 734 3105 ;
754 3041 1056 3105 Ἐπείνων,
1078 3039 1322 3106 ἐδίψων,
1348 3037 1715 3106 ξένοςῆμην,
1736 3037 1828 3091 καὶ

2007 3040 2264 3104 Quaenam
2295 3048 2379 3096 est
2420 3041 2534 3095 haec
2560 3043 2699 3096 ratio
2727 3043 2750 3095 ?
2776 3058 3024 3112 quamam
3060 3044 3170 3098 hac
3217 3045 3302 3098 via
3328 3045 3351 3098 ?
3379 3044 3520 3099 Esn-

256 3133 488 3202 γυμνὸς
517 3132 615 3184 καὶ
661 3132 947 3197 ἀσθενὴς,
989 3131 1085 3183 καὶ
1117 3131 1189 3182 ἐν
1219 3128 1484 3197 φυλακῇ.
1538 3129 1660 3196 Ἐφ’
1691 3127 1842 3180 ὅσον

265 3223 592 3288 sacriﬁcate
609 3222 696 3275 ἐνὶ
716 3223 941 3275 τούτων
965 3221 1084 3274 τῶν
1110 3220 1466 3287 ἐλαχίστων,
1482 3218 1611 3287 ἐμοὶ
1639 3217 1842 3286 ἐποιή-

263 3327 430 3364 cars.
469 3310 577 3363 Καὶ
613 3310 702 3362 διὰ
740 3309 916 3371 τοῦτο,
953 3309 1104 3378 φησὶ,
1136 3307 1338 3372 Δεῦτε,
1367 3311 1419 3361 οι
1448 3306 1840 3376 εὐλογημένοι

267 3403 370 3457 τοῦ
413 3404 643 3469 Πατρός
674 3419 813 3469 μου.
856 3400 1035 3453 Τίδιά
1072 3400 1274 3454 τούτων
1309 3401 1682 3471 μανθάνομενς
1717 3401 1840 3453 Ὅτι

266 3493 478 3560 εὐλογία
512 3493 610 3563 μέν
643 3493 811 3555 ἐστιν,
841 3492 873 3561 ἡ
921 3491 1028 3544 τῶν
1076 3492 1300 3545 ἐντολῶν
1335 3491 1652 3562 ἐπιμέλειαο
1711 3509 1840 3544 κατ-ο

262 3586 372 3654 ἄρα
403 3585 480 3645 δὲ,
514 3586 548 3654 ἠ
583 3584 710 3654 περὶ
752 3584 850 3646 τὰς
879 3583 1098 3647 ἐντολὰς
1135 3583 1397 3654 ῥᾳθυμία.
1442 3583 1838 3653 Ἀγαπήσωμεν

263 3674 359 3742 τὴν
393 3672 662 3740 εὐλογίαν,
698 3673 792 3726 καὶ
825 3673 1082 3743 φύγωμεν
1123 3676 1220 3745 τὴν
1255 3675 1516 3744 κατάραν.
1564 3673 1678 3742 Ἐφ’
1708 3676 1838 3744 ἡμῖν

259 3765 370 3834 γάρ
403 3767 551 3816 ἔστιν
578 3762 788 3816 ἑλέσθαι
818 3764 850 3834 ἢ
884 3764 958 3835 μὴ
1007 3765 1215 3818 ἑλέσθαι
1260 3767 1378 3818 κατ’
1420 3764 1661 3828 ἐξουσίαν
1706 3765 1836 3818 ἑκά-

253 3871 425 3924 τερον
453 3853 616 3922 ’πρὸς
661 3855 688 3906 ὅ
720 3872 773 3908 τι
806 3857 914 3925 γὰρ
958 3855 1022 3908 ἂν
1066 3860 1131 3927 τῇ
1161 3857 1435 3927 προθυμίᾳ
1475 3857 1746 3926 ρέψωμεν,
1781 3859 1838 3910 ὲν

253 3946 465 4014 ἐκείνῳ
490 3946 732 4015 ἐσόμεθα.
764 3947 973 4000 Οὐκοῦν
998 3948 1404 4017 οἱκειωσώμεθα
1432 3948 1521 4000 τὸν
1559 3948 1660 4018 τῆς
1687 3948 1838 4000 εὐλο-

254 4037 384 4102 γίας
432 4036 654 4107 Κύριον,
700 4039 792 4090 τὸν
843 4038 1018 4109 ἑαυτῷ
1059 4041 1156 4110 τὴν
1203 4039 1328 4108 περὶ
1378 4041 1502 4101 τοὺς
1549 4037 1836 4107 δεομένους

257 4127 500 4198 σπουδὴν
517 4127 890 4198 ολογιζόμενον
910 4144 925 4161 ’
983 4130 1076 4183 καὶ
1113 4129 1345 4199 μάλιστα
1374 4129 1487 4192 νῦν,
1518 4130 1606 4182 ὅτε
1638 4129 1837 4200 πολλὴν

253 4218 368 4286 εχει
421 4218 565 4270 κατὰ
606 4221 696 4272 τὸν
745 4220 986 4292 παρόντα
1039 4221 1152 4290 βίον
1199 4221 1331 4288 ὓλην
1381 4222 1414 4291 ἡ
1467 4221 1672 4290 ἐντολή.
1727 4222 1835 4274 Καὶ

253 4308 443 4361 πολλοὶ
479 4309 577 4378 μὲν
619 4311 669 4363 οί
701 4311 808 4364 τῶν
839 4312 1144 4380 ἀναγκαίων
1173 4311 1404 4374 ὲνδεεῖς’
1436 4311 1619 4364 πολλοὶ
1648 4311 1704 4364 δὲ
1743 4312 1836 4364 καὶ

248 4399 419 4452 αὐτοῦ
450 4399 542 4452 τοῦ
585 4400 832 4470 σώματος
876 4402 1088 4472 ἔχουσιν
1132 4401 1342 4464 ἐνδεῶς,
1374 4403 1438 4454 ὲκ
1463 4402 1562 4471 τῆς
1595 4404 1835 4473 πονηρᾶς

247 4491 568 4561 ἀῤῥωττίας
595 4491 1010 4562 δαπανηθέντες.
1034 4492 1241 4546 Οὐκοῦν
1271 4494 1328 4544 ἐν
1366 4495 1430 4562 τῇ
1465 4493 1590 4562 περὶ
1615 4492 1835 4556 τούτους

255 4582 486 4651 σπουδῇ,
535 4582 632 4652 τὴν
677 4582 888 4653 ἀγαθὴν
928 4583 1256 4652 ἐπαγγελίαν
1301 4584 1510 4644 ἑαυτοῖς
1554 4581 1830 4652 κατορθώ-

255 4691 441 4742 σωμεν
462 4691 476 4703 ⁸
513 4674 655 4742 λέγω
694 4675 748 4728 δὲ
780 4675 964 4743 σαφῶς
991 4676 1188 4728 οὑτωσὶ
1213 4677 1340 4745 περὶ
1369 4674 1474 4728 τῶν
1506 4674 1570 4726 ὲκ
1602 4673 1702 4742 τῆς
1736 4690 1834 4742 χα-

251 4766 426 4837 λεπῆς
473 4768 627 4820 νόσου
668 4767 1126 4838 διαλωϐηθέντων.
1161 4768 1310 4832 Ὅσῳ
1341 4766 1449 4837 γὰρ
1481 4763 1682 4836 μείζων
1716 4764 1833 4817 ἐστὶ

247 4857 463 4910 τούτων
504 4859 537 4928 ὴ
565 4857 842 4928 ἀρρωστία
866 4899 880 4922 ,
911 4857 1150 4929 τοσούτῳ
1178 4857 1416 4928 δηλονότι
1439 4857 1532 4910 καὶ
1568 4855 1768 4908 πλείων
1800 4857 1834 4925 ἡ

244 4946 476 5015 εὐλογία
507 4952 618 5012 τοῖς
643 4949 704 5001 τὸ
736 4949 989 5002 ἐπίπονον
1031 4949 1130 5018 τῆς
1175 4949 1392 5020 ἐντολῆς
1434 4946 1830 5018 κατορθώσασι.

237 5040 320 5090 Τί
369 5036 464 5092 οὖν
511 5040 614 5112 χρὴ
661 5043 953 5113 πράττεινς
1007 5041 1098 5110 Μὴ
1138 5041 1463 5094 ἀντιϐαίνειν
1496 5043 1562 5112 τῇ
1594 5039 1833 5102 διατάξει

229 5127 349 5181 τοῦ
382 5129 713 5199 Πνεύματος.
763 5130 911 5201 Αὕτη
941 5131 997 5184 δέ
1037 5132 1171 5192 ἐστι,
1221 5132 1283 5184 τὸ
1315 5131 1388 5201 μὴ
1421 5129 1832 5200 ἀλλοτριοῦσθαι

225 5219 364 5273 τῶν
396 5222 792 5276 κοινωνούντων
821 5224 917 5292 τῆς
953 5222 1195 5292 φύσεως·
1225 5223 1357 5293 μηδὲ
1395 5222 1672 5292 μιμεῖσθαι
1705 5222 1832 5282 τοὺς

223 5315 304 5366 ιν
361 5313 440 5380 τῷ
507 5315 823 5385 Εὐαγγελίῳ
889 5314 1366 5386 κατηγορηθέντας
1417 5312 1688 5374 ἐκείνους,
1740 5311 1832 5364 τὸν

234 5406 294 5456 ιε
306 5403 410 5474 ρέα
483 5405 623 5472 λέγω
655 5405 746 5458 καὶ
780 5405 872 5457 τὸν
901 5407 1154 5474 Λευῖτην,
1189 5403 1527 5475 ἀσυμπαθῶς
1554 5401 1834 5473 παραδρα-

317 5583 367 5614 ¹⁸
413 5581 597 5635 Matth.
643 5600 831 5644 xxvm.
871 5584 958 5638 20.
1037 5588 1080 5616 "
1119 5587 1235 5645 Act.
1284 5601 1414 5649 xvii,
1455 5582 1543 5636 28.

1944 3131 2062 3193 rivi,
2095 3133 2256 3197 sitivi,
2288 3138 2471 3198 hospes
2493 3150 2660 3198 eram,
2687 3144 2736 3188 et
2761 3135 2955 3197 nudus,
2988 3145 3036 3188 et
3088 3137 3355 3205 inﬁrmus,
3379 3148 3428 3191 et
3465 3140 3519 3192 in

1941 3236 2165 3274 carcere.
2186 3224 2455 3288 Quatenus
2478 3223 2571 3275 uni
2583 3237 2762 3276 eorum
2782 3221 3000 3289 fecistis,
3023 3225 3148 3298 mihi
3192 3226 3406 3293 fecistis.
3427 3226 3518 3282 ld—

1941 3311 2104 3372 circo,
2123 3311 2518 3380 Venite,inquit,
2547 3311 2798 3364 benedicti
2831 3311 3008 3367 Patris
3039 3315 3159 3368 mei.
3175 3313 3314 3381 Quid
3334 3331 3397 3370 ex
3435 3317 3519 3372 his

1939 3399 2695 3456 discimus?Benedictiouem
2723 3419 2785 3455 ac
2817 3419 3089 3458 summum
3123 3406 3323 3461 bonum
3359 3409 3411 3462 in
3435 3409 3519 3463 di-

1941 3490 2157 3559 ligentia
2177 3529 2192 3551 ,
2216 3469 2271 3543 οἰ
2293 3490 2641 3544 observantia
2671 3491 3048 3546 mandatorum
3079 3495 3312 3560 positum
3345 3510 3468 3550 esse
3493 3513 3507 3562 ;

1940 3578 2373 3634 maledictionem
2411 3589 2465 3633 et
2522 3583 2784 3634 malorum
2834 3591 3135 3637 extremum
3192 3600 3257 3638 ex
3309 3585 3516 3641 desidia

1940 3669 2428 3740 mandatorumque
2473 3671 2829 3742 despicientia
2865 3671 3161 3741 proficisci.
3225 3671 3374 3728 Illam
3412 3675 3514 3746 igi-

1938 3767 2029 3814 tur
2063 3761 2479 3829 amplectamur,
2503 3762 2641 3816 hanc
2673 3762 2959 3833 fugiamus,
2983 3763 3203 3833 quando
3237 3765 3290 3817 in
3328 3775 3513 3820 nostra

1937 3864 2098 3903 manu
2129 3849 2293 3903 situm
2337 3859 2440 3915 est,
2473 3859 2552 3915 ut,
2587 3861 2763 3906 utram
2801 3852 3085 3919 volumus,
3120 3855 3508 3924 adipiscamur.

1935 3939 2016 3992 Ad
2046 3941 2191 4010 quod
2233 3944 2378 3996 enim
2417 3944 2632 4014 egregia
2683 3943 2851 3997 animi
2888 3945 3169 4000 alacritate
3210 3949 3514 4017 propende-

1937 4030 2128 4097 rimus,
2183 4033 2236 4086 in
2295 4048 2360 4088 eo
2416 4033 2586 4088 futuri
2618 4049 2830 4088 sumus.
2886 4035 3066 4101 Quare
3111 4037 3508 4094 benedictionis

1938 4120 2247 4187 Dominum,
2284 4125 2375 4192 qui
2416 4124 2640 4193 perinde
2676 4125 2832 4179 nobis
2867 4136 3149 4195 acceptum
3181 4127 3393 4181 laturus
3425 4138 3509 4182 est

1937 4215 2198 4284 quidquid
2230 4215 2393 4269 studii
2423 4224 2477 4269 et
2507 4213 2666 4268 ollicii
2706 4216 2760 4268 in
2784 4229 3052 4285 pauperes
3083 4218 3505 4283 contulerimus,

1939 4320 2003 4359 ac
2043 4306 2087 4360 si
2120 4305 2172 4358 in
2203 4304 2380 4374 ipsum
2405 4306 2852 4371 contulissemus,
2884 4306 3237 4362 conciliemus
3265 4309 3423 4363 nobis
3454 4316 3508 4362 et

1939 4398 2364 4468 obstringamus,
2408 4398 2710 4467 praesertim
2745 4397 2848 4451 hoc
2887 4407 3148 4468 tempore,
3190 4415 3298 4468 quo
3325 4400 3503 4464 nobis,

1937 4489 2066 4543 dum
2105 4489 2360 4554 vivimus,
2389 4503 2581 4558 magna
2610 4489 2944 4559 exsequendi
2991 4490 3231 4545 mandati
3274 4491 3506 4546 facultas

1938 4582 2226 4650 pra‘hetur,
2273 4581 2536 4651 multique
2586 4589 2735 4645 sunt,
2788 4582 2878 4651 qui
2932 4582 3094 4637 rebus
3142 4581 3506 4644 necessariis,

1937 4673 2113 4734 multi,
2165 4673 2256 4743 qui
2298 4681 2353 4726 ct
2406 4673 2526 4743 ipso
2575 4689 2805 4743 corpore
2849 4674 3145 4743 indigeant,
3193 4673 3263 4727 ab
3295 4673 3410 4741 ipsa
3453 4675 3505 4725 vi

1937 4765 2113 4819 morbi
2149 4764 2380 4820 confecti
2421 4773 2584 4833 atque
2621 4765 2951 4834 consumpti.
2985 4763 3076 4818 Sic
3121 4765 3285 4832 igitur
3316 4777 3416 4816 nos
3449 4761 3503 4816 in

1935 4855 2035 4910 hac
2087 4872 2165 4921 re,
2221 4856 2322 4910 hoc
2367 4863 2471 4920 est,
2536 4862 2594 4908 ut
2645 4855 2862 4924 planius
2913 4855 3124 4922 loquat,
3188 4857 3242 4908 in
3299 4852 3365 4908 iis
3408 4852 3502 4923 qui

1933 4948 2125 5004 morbo
2169 4946 2496 5015 gravissimo
2539 4945 2772 4999 mutilati
2820 4952 2969 5010 sunt,
3017 4943 3265 5001 fovendis
3303 4939 3503 4999 curan-

1932 5038 2126 5108 disque
2155 5038 2404 5092 studiose
2433 5038 2830 5107 diligenterque
2866 5051 3138 5106 geramus,
3182 5045 3240 5089 ut
3270 5036 3496 5107 praecla-

1931 5145 2052 5182 rum
2090 5129 2220 5182 illud
2274 5129 2604 5197 promissum
2637 5128 2919 5198 prazmium
2960 5142 3336 5196 assequamur.
3377 5124 3502 5191 Quo

1929 5219 2074 5274 enim
2125 5221 2342 5287 gravior
2393 5220 2446 5273 in
2499 5221 2586 5276 his
2625 5219 2848 5273 morbus
2896 5221 3186 5287 reperitur,
3226 5233 3290 5272 eo
3323 5214 3499 5286 majus

1931 5311 2211 5380 praunium
2242 5312 2580 5365 laboriosum
2623 5313 2753 5366 illud
2782 5311 3020 5366 mandati
3059 5324 3262 5364 munns
3288 5310 3498 5362 obeun-

1929 5411 2011 5456 tes
2046 5409 2246 5458 manet.
2281 5403 2422 5468 Quid
2449 5403 2617 5474 igitur
2650 5402 2958 5457 faciendum
2992 5401 3116 5458 est?
3147 5398 3283 5455 illud
3310 5401 3497 5469 utique

1657 5584 1700 5614 ⁵⁷
1738 5582 1894 5637 Prov.
1925 5595 2113 5648 xxviii,
2145 5582 2230 5635 ixi.
