3896 6204
357 235 461 290 ἇῖῖὶ

1577 222 1632 276 S.
1674 220 2000 276 GREGORII
2057 220 2350 278 NYSSENI

3493 229 3602 283 47ίί

365 354 422 396 ut
445 343 617 397 sancti
651 341 889 411 Spiritus
921 339 1184 396 voluntati
1227 353 1293 394 ne
1335 339 1683 403 resistamus;
1722 351 1784 390 ea
1823 351 1920 389 au-

2051 337 2224 402 ιόντας
2253 339 2343 392 τὸν
2391 338 2538 392 ἐλέου
2573 339 2827 409 δεόμενον
2873 340 3100 405 ἐκεῖνον,
3139 339 3198 393 ὃν
3243 356 3374 408 φησι
3419 341 3479 393 τὸ
3517 341 3602 396 δι-

365 446 471 488 tem
519 443 623 496 est,
659 446 719 488 ut
756 451 868 498 eos,
910 435 1001 503 qui
1051 434 1239 490 eadem
1288 441 1480 487 natura
1520 430 1730 501 praediti
1775 437 1924 494 sunt,

364 539 620 594 tanquam
676 527 886 580 alienos
931 541 1039 579 non
1098 517 1390 589 evitemus,
1435 538 1611 592 neque
1657 522 1929 576 imitemur

366 619 725 686 reprehensos
760 617 880 670 illos
922 619 977 670 in
1009 616 1320 686 Evangelio,
1355 615 1692 670 sacerdotem
1724 622 1776 667 et
1801 614 1932 668 levi-

365 715 473 760 tam
507 707 648 770 dico,
678 707 769 776 qui
797 688 1162 761 miserabilem
1220 706 1393 766 illum,
1435 719 1593 774 quem
1635 704 1862 758 historia
1901 719 1932 757 a

366 797 669 850 latronibus
731 797 1145 851 semimortuam
1204 797 1456 850 relietutn
1522 794 1722 859 tradit,
1783 794 1932 847 nulla

365 889 624 941 commoti
674 889 1152 943 commiseratione
1203 885 1667 956 prmten'ierunt“.
1717 884 1846 938 Nam
1887 886 1932 940 si

366 985 741 1047 eoarguuntur
777 978 852 1031 illi
895 979 1042 1048 quod
1091 977 1156 1030 ad
1210 978 1398 1047 plagas
1441 977 1493 1030 in
1529 977 1676 1030 nudo
1706 992 1936 1046 corpore

368 1069 796 1124 intumescentes
825 1085 933 1123 non
978 1069 1318 1140 respexerint
1339 1110 1353 1133 ,
1383 1070 1657 1138 quomodo
1692 1083 1811 1135 nos,
1841 1069 1932 1139 qui

369 1174 493 1214 reos
535 1160 657 1214 illos
690 1159 988 1221 imitamur,
1027 1176 1132 1213 non
1170 1160 1223 1212 in
1274 1161 1520 1232 eamdem
1552 1161 1938 1229 reprehensio-

368 1267 490 1306 nem
527 1251 908 1304 incurremus?
953 1265 1126 1320 neque
1159 1250 1302 1304 enim
1347 1250 1596 1320 profecto
1624 1258 1732 1304 tam
1775 1251 1939 1306 mise-

371 1342 600 1396 randum
637 1342 1006 1410 spectaculum
1050 1342 1280 1412 praebuit
1311 1342 1422 1404 ille,
1455 1342 1550 1412 qui
1591 1343 1646 1396 in
1696 1343 1938 1398 latrones

373 1434 654 1498 inciderat,
710 1443 768 1486 ut
816 1433 1057 1502 praebent
1103 1434 1180 1497 hi,
1235 1434 1327 1501 qui
1367 1434 1636 1502 ejusmodi
1688 1435 1937 1504 oppressi

371 1531 497 1576 sunt
549 1523 878 1577 calamitate.
911 1523 1072 1577 Vides
1137 1524 1411 1578 hominem
1465 1539 1532 1578 ex
1594 1525 1940 1594 improbitate

371 1612 544 1664 morbi
610 1612 664 1664 in
717 1613 1088 1681 quadrupedis
1146 1611 1373 1665 formam
1424 1621 1836 1673 commutatum,
1885 1619 1940 1666 et

372 1703 588 1770 ungula:
609 1711 771 1771 atque
795 1703 1054 1772 unguium
1082 1703 1198 1756 loco
1220 1703 1361 1770 ligna
1391 1702 1645 1755 manibus
1674 1702 1934 1766 induisse,

372 1800 533 1861 atque
579 1795 649 1846 ita
704 1809 901 1846 novum
951 1793 1164 1862 vcstigii
1217 1807 1386 1860 genus
1428 1793 1680 1847 humanis
1726 1793 1937 1847 semitis

372 1881 791 1948 imprimentem.
838 1880 971 1946 Quis
1002 1896 1064 1932 ex
1104 1897 1165 1934 ea
1199 1880 1371 1934 forma
1421 1887 1587 1949 queat
1623 1896 1935 1951 agnoscere,

373 1970 613 2023 hominis
643 1985 832 2039 gressu
859 1970 1129 2038 ejusmodi
1163 1985 1285 2024 esse
1307 1969 1448 2024 facta
1477 1970 1738 2041 vestigia?
1767 1970 1938 2024 llomo

372 2073 438 2112 eo
460 2060 708 2127 corporis
734 2059 922 2113 habitu
959 2069 1010 2114 et
1041 2061 1209 2128 ﬁgura
1242 2060 1532 2126 formatus,
1568 2071 1626 2115 ut
1666 2071 1849 2116 rectus
1885 2061 1938 2114 in

349 2152 572 2222 ccelum
603 2153 854 2222 aspiciat,
887 2153 970 2205 cui
1008 2168 1264 2206 manuum
1299 2154 1724 2209 instrumentum
1759 2153 1822 2206 ad
1854 2168 1942 2207 res

377 2242 612 2308 agendas
661 2251 852 2296 natura
901 2245 1070 2308 dedit,
1132 2247 1451 2298 incnrvatur
1505 2245 1558 2297 in
1613 2252 1835 2308 terram,
1888 2251 1943 2298 et

379 2330 689 2400 quadrupes
754 2332 858 2397 fit,
922 2343 975 2385 et
1041 2349 1227 2402 parum
1296 2332 1448 2387 abest
1516 2331 1647 2401 quin
1714 2331 1942 2385 rationis

378 2437 575 2490 expers
603 2436 726 2475 esse
754 2423 1020 2476 videatur.
1055 2421 1189 2475 Cum
1219 2422 1532 2476 difﬁcultate
1559 2423 1808 2490 spiritum
1835 2430 1946 2474 tra-

379 2511 484 2575 hit,
527 2512 867 2576 irraucescit,
909 2519 963 2564 et
995 2527 1060 2565 ex
1099 2512 1308 2565 intitnis
1340 2512 1648 2567 visceribus
1698 2511 1944 2566 fremitus

379 2601 548 2666 elicit,
597 2601 732 2670 ipsis
779 2603 940 2656 etiam
990 2602 1223 2657 rationis
1267 2603 1581 2672 expertibus
1620 2603 1946 2657 animalibus

381 2689 606 2746 eii‘ectus
646 2691 829 2761 (liceat
879 2691 1138 2746 audacter
1173 2692 1226 2744 id
1273 2691 1477 2761 dicere)
1525 2691 1943 2746 calamitosior:

385 2783 651 2852 siquidem
687 2785 797 2844 illa,
833 2799 996 2852 quam
1039 2785 1107 2838 ab
1138 2784 1255 2854 ipso
1291 2791 1414 2836 ortu
1452 2783 1684 2837 formam
1724 2797 1946 2851 accepe-

386 2883 534 2936 runt,
573 2889 690 2926 eam
723 2874 786 2928 ad
827 2873 985 2928 finem
1029 2890 1201 2944 usque
1233 2882 1594 2940 conservant;
1637 2889 1736 2928 nec
1777 2873 1945 2927 ullum

387 2979 453 3018 ex
505 2964 572 3020 iis
613 2972 833 3034 propter
877 2965 1112 3033 aliquem
1155 2967 1408 3020 morbum
1454 2981 1519 3020 ex
1560 2980 1622 3021 ea
1677 2967 1847 3020 forma
1893 2966 1947 3018 in

388 3054 550 3107 aliam
599 3054 955 3108 convertitur.
1015 3053 1115 3107 llic
1160 3065 1367 3115 autem,
1415 3063 1670 3123 tanquam
1715 3069 1956 3108 commu-

389 3151 502 3196 tata
547 3152 765 3206 natura,
801 3158 908 3197 non
952 3143 1003 3196 id
1043 3147 1298 3214 amplius,
1327 3147 1473 3216 quod
1501 3157 1641 3210 erat,
1679 3146 1772 3202 sed
1808 3147 1954 3200 aliud

390 3235 661 3305 quoddam
699 3236 897 3288 animal
949 3236 1168 3291 videtur
1198 3253 1340 3292 esse.
1375 3237 1577 3292 Pedum
1623 3239 1698 3292 illi
1733 3252 1958 3293 munere

392 3325 693 3394 funguntur
715 3326 946 3393 manus;
975 3342 1145 3396 genua
1175 3328 1416 3396 praebent
1439 3330 1746 3398 plantarum
1773 3344 1952 3384 usum.

391 3417 524 3470 Nam
553 3418 680 3487 ipsa?
716 3419 917 3488 plantae
940 3419 1240 3483 naturales,
1269 3430 1321 3473 et
1352 3422 1465 3482 tali,
1501 3430 1595 3474 aut
1637 3423 1794 3490 plane
1827 3422 1959 3476 defi-

391 3508 560 3569 ciunt,
603 3517 697 3560 aut
731 3508 899 3561 veluti
941 3508 1156 3577 scapha:
1202 3510 1448 3578 quaedam
1493 3501 1839 3566 extrin'sccus
1875 3522 1955 3568 te-

393 3611 540 3649 mere
592 3596 820 3651 navibus
853 3597 1105 3661 admotae,
1165 3599 1388 3652 fortuito
1435 3601 1745 3656 trahuntur.
1779 3602 1836 3656 ln
1876 3604 1959 3658 his

391 3694 451 3741 tu
496 3688 766 3741 hominem
815 3689 1015 3753 cernis,
1051 3706 1149 3743 nec
1194 3691 1476 3760 sanguinis
1518 3694 1959 3763 conjunctionem

393 3779 702 3832 revereris?
742 3793 841 3833 nec
875 3781 1156 3836 miseraris
1209 3783 1615 3853 propinquutn?
1663 3787 1754 3842 sed
1807 3803 1962 3842 aver-

393 3868 537 3922 saris
567 3868 952 3930 calamitatem,
995 3878 1045 3922 et
1082 3869 1209 3922 odio
1240 3873 1539 3940 supplicem
1567 3875 1964 3943 prosequeris?

394 3957 644 4012 Hominis
670 3961 948 4012 actessuut
981 3968 1237 4029 tanquam
1277 3963 1402 4017 ferat
1431 3965 1664 4032 alicujus
1703 3967 1962 4035 impetum

393 4047 685 4101 declinas?
712 4048 900 4116 Atqui,
935 4064 1003 4102 ne
1036 4049 1087 4101 id
1131 4048 1361 4114 faceres,
1387 4051 1621 4109 debebas
1668 4055 1750 4106 vel
1781 4069 1843 4108 ea
1871 4069 1966 4107 co—

395 4139 660 4208 gitatione
718 4139 996 4207 prohiberi
1037 4159 1050 4194 :
1087 4155 1279 4209 nempe
1334 4143 1584 4212 angelum
1645 4158 1674 4196 a
1737 4159 1967 4213 corpore

399 4229 736 4298 materiaque
771 4229 1025 4290 liberum.
1066 4237 1139 4290 te,
1181 4233 1431 4299 quamvis
1464 4233 1541 4287 sis
1571 4233 1754 4298 homo,
1787 4244 1966 4288 tamen

401 4322 690 4391 attingere,
740 4335 841 4374 nec
895 4336 1060 4376 carne
1103 4330 1158 4377 et
1205 4324 1468 4394 sanguine
1526 4325 1746 4379 niistum
1803 4332 1965 4394 atque

397 4421 712 4464 concretum
764 4414 1070 4481 aspernari.
1121 4413 1261 4479 Quid
1308 4423 1488 4469 autem
1539 4415 1764 4485 angelos
1807 4415 1965 4470 dico?

399 4517 525 4554 cum
557 4502 670 4570 ipse
704 4501 969 4558 Dominus
998 4505 1336 4574 angelorum,
1369 4507 1486 4575 ipse
1523 4507 1761 4562 caelestis
1792 4508 1964 4562 beati-

401 4591 611 4648 tudinis
641 4609 734 4648 rex
760 4603 981 4662 propter
1011 4603 1062 4648 te
1103 4594 1276 4649 factus
1305 4595 1372 4650 sit
1402 4597 1584 4660 homo,
1625 4607 1676 4652 et
1713 4597 1965 4652 sordidas

403 4682 538 4737 istas
575 4683 926 4752 abjectasque
949 4685 1133 4739 carnis
1165 4686 1446 4740 cxuviolas
1472 4703 1577 4740 una
1609 4703 1730 4741 eum
1761 4688 1962 4752 anima,

401 4786 524 4840 quae
562 4772 699 4842 ipsis
727 4780 846 4828 erat
881 4773 1090 4840 induta,
1121 4775 1222 4828 sibi
1259 4778 1703 4844 circumdederit,
1730 4787 1787 4833 ut
1821 4786 1964 4833 atta-

401 4871 496 4916 ctu
545 4878 644 4918 suo
689 4865 798 4919 tuis
841 4866 1258 4935 mgritudinibus
1308 4868 1653 4924 mederetur?
1696 4870 1773 4923 Tu
1815 4887 1966 4935 vero,

403 4954 497 5022 qui
533 4963 729 5009 natura
758 4956 898 5011 idem
931 4973 989 5013 es
1037 4974 1158 5012 cum
1189 4959 1504 5028 a‘grotante,
1545 4960 1685 5030 fugis
1723 4962 1969 5030 ejusdem

405 5047 626 5114 generis
656 5046 949 5103 hominem.
974 5049 1050 5105 Ne
1080 5052 1198 5114 tibi,
1233 5051 1417 5118 frater,
1453 5069 1542 5118 ne,
1580 5054 1972 5124 obsecro,'pla-

2031 428 2220 497 ήγημα
2265 428 2369 480 ὑπὸ
2408 429 2515 482 τῶν
2543 428 2753 499 λῃστῶν
2799 427 3034 498 ἡμιθανῆ
3071 428 3340 495 γενέσθαι.
3394 429 3455 480 Εἰ
3495 432 3600 502 γὰρ

2036 521 2230 572 ἐκεῖνοι
2253 520 2508 583 ὑπαίτιοι,
2542 521 2616 590 μὴ
2645 519 3068 589 ἐπιστραφέντες
3097 517 3233 587 πρὸς
3259 517 3358 580 τάς
3391 518 3602 588 πληγάς

2031 612 2087 664 ὲν
2120 610 2311 682 γυμνῷ
2341 611 2420 680 τῷ
2462 610 2676 680 σώματι
2725 609 3057 672 διοιδούσας·
3091 607 3206 670 πῶς
3249 609 3408 678 ἡμεῖς
3448 608 3605 660 ἀνεύ-

2032 699 2198 764 θυνοι,
2229 701 2353 763 τοὺς
2389 701 2669 762 ὑπαιτίους
2705 698 3060 769 μιμούμενοις
3096 696 3273 750 καίτοι
3310 697 3362 748 τί
3412 697 3605 750 τοσοῦ-

2032 807 2124 843 τον
2176 787 2245 860 ἦν
2279 791 2371 842 ἐπὶ
2413 791 2507 842 τοῦ
2550 793 2660 852 τοῖς
2689 790 2910 862 λῃσταῖς
2952 791 3448 860 παραπεπτωκότος
3481 789 3605 844 θεάς

2035 881 2252 945 σασθαι,
2298 875 2409 934 οἷόν
2459 883 2606 934 ἐστιν
2637 882 2729 934 ἐπὶ
2767 881 2876 934 τῶν
2903 881 3218 935 ἑαλωκότων
3244 881 3320 952 τῷ
3349 882 3508 936 πάθει
3545 883 3608 936 τὸ

2035 972 2247 1042 θέαμας
2314 973 2474 1042 Ὁρᾷς
2519 972 2822 1042 ἄνθρωπον,
2861 971 2949 1024 διὰ
2991 972 3090 1042 τῆς
3143 974 3384 1042 πονηρᾶς
3420 974 3604 1043 ἀρῤω-

2037 1062 2187 1125 στίας
2216 1062 2295 1124 είς
2337 1062 2665 1132 τετραπόδου
2697 1065 2882 1132 σχῆμα
2917 1061 3444 1132 μεταπλασσόμενον,
3487 1064 3607 1117 ἀντὶ

2035 1151 2206 1223 ὁπλῆς
2232 1151 2327 1205 καὶ
2353 1151 2578 1222 ὀνύχων,
2610 1151 2742 1218 ξύλα
2773 1154 2891 1214 ταῖς
2921 1152 3198 1222 παλάμαις
3231 1151 3606 1222 ὑπολαμϐανό-

2041 1259 2217 1312 μενον,
2265 1243 2450 1296 καινὸν
2485 1243 2628 1313 ῖχνος
2661 1244 2781 1305 ταῖς
2823 1241 3188 1314 ἀνθρωπίναις
3213 1243 3353 1304 ὁδοῖς
3385 1242 3609 1295 ἐπιϐάλ-

2038 1332 2196 1387 λοντα
2215 1349 2229 1363 ⁸
2263 1333 2346 1396 τίς
2374 1333 2439 1386 ἂν
2482 1335 2545 1386 ὲκ
2576 1333 2669 1385 τοῦ
2701 1332 2878 1403 ἴχνους
2908 1333 3177 1404 ὲπιγνοίη.
3206 1333 3288 1386 ὅτι
3323 1332 3608 1404 ἄνθρωπος

2037 1424 2163 1485 τοὺς
2191 1422 2462 1486 τοιούτους
2493 1423 2694 1485 τύπους
2720 1425 2875 1492 ὲνεση
2886 1424 3089 1492 μήνατο
3115 1424 3181 1492 τῇ
3217 1422 3407 1492 πορείᾳ
3430 1439 3444 1485 ;
3477 1424 3608 1475 Ἀν-

2042 1514 2274 1584 θρωπος,
2298 1517 2326 1566 6
2353 1514 2430 1584 τῷ
2455 1515 2689 1584 σχήματι
2717 1514 2917 1586 ὄρθιος,
2950 1515 2978 1566 6
3009 1514 3087 1576 είς
3116 1513 3343 1584 οὐρανὸν
3369 1512 3605 1581 βλέπων,

2031 1606 2068 1663 ,ὁ
2107 1605 2205 1668 τὰς
2240 1608 2423 1675 χεῖρας
2469 1605 2603 1674 πρὸς
2632 1604 2876 1680 τὴν-τῶν
2903 1604 3076 1675 ἔργων
3114 1603 3413 1674 ὑπηρεσίαν
3460 1601 3610 1670 παρά

2042 1696 2138 1763 τῆς
2173 1694 2385 1764 φύσεως
2431 1695 2588 1765 ἔχων,
2635 1688 2789 1758 οὗτος
2823 1697 2902 1757 εἰς
2941 1695 3038 1764 τὴν
3069 1694 3172 1762 γῆν
3217 1693 3473 1753 κλίνεται,
3515 1693 3611 1744 καὶ

2043 1787 2366 1857 τετράποδον
2413 1787 2638 1854 γίνεται,
2688 1787 2781 1839 καὶ
2815 1786 3007 1856 μικρὸν
3051 1785 3239 1838 ἀποδεῖ
3279 1782 3370 1835 τοῦ
3418 1783 3612 1850 ἄλογος

2045 1874 2202 1932 εἶναι.
2249 1879 2336 1930 Ἐν
2366 1877 2516 1931 δασεῖ
2547 1877 2639 1930 καὶ
2675 1877 2977 1948 βραγχῶντι
3025 1875 3102 1946 τῷ
3133 1874 3386 1944 ἄσθματι,
3424 1863 3613 1943 βιαίως

2046 1969 2254 2023 ἔνδοθεν
2285 1970 2392 2023 ἀπὸ
2419 1971 2527 2023 τῶν
2558 1968 2876 2039 σπλάγχνων
2907 1967 3342 2038 ὑποϐρυχόμενος
3363 1983 3375 1995 ·
3411 1965 3615 2034 μᾶλλον

2046 2063 2123 2124 δὲ,
2161 2065 2208 2116 εί
2236 2063 2340 2133 χρὴ
2374 2063 2714 2134 τολμήσαντα
2750 2063 2942 2118 εἰπεῖν.
2966 2062 3060 2113 xui.
3089 2059 3195 2111 τῶν
3222 2059 3428 2126 ἀλόγων
3465 2057 3612 2125 γινόι

2052 2172 2208 2225 μενος
2255 2153 2598 2225 ἀθλιώτερος.
2647 2153 2728 2206 Τὰ
2783 2153 2880 2223 μὲν
2922 2153 3030 2223 γάρ
3073 2151 3163 2204 τὸν
3210 2151 3316 2203 ἀπὸ
3346 2150 3615 2218 γενέσεως

2048 2247 2368 2317 χαρακτῆρα
2410 2246 2567 2316 μέχρι
2614 2245 2810 2307 παντὸς
2865 2246 2940 2307 ὡς
2980 2243 3049 2296 τά
3091 2242 3259 2295 πολλά
3285 2239 3612 2294 διεσώσατο*

2051 2338 2143 2389 καὶ
2171 2336 2321 2389 οὐδὲν
2351 2336 2553 2389 τούτων
2604 2334 2667 2388 ἐκ
2715 2352 2858 2399 τινος
2899 2335 3178 2404 συμφορᾶς
3225 2333 3494 2400 τοιαύτης,
3533 2332 3614 2394 είς

2050 2426 2136 2479 ἓτε
2147 2425 2234 2496 ρόν
2253 2443 2372 2478 τινα
2396 2425 2717 2494 χαρακτῆρα
2743 2424 3086 2495 μετεκινήθη.
3115 2424 3307 2476 Οὑτοσὶ
3331 2423 3406 2482 δὲ,
3431 2421 3614 2490 ὥσπερ

2051 2515 2405 2585 ἀλλαχθείσης
2435 2517 2531 2585 τῆς
2565 2515 2796 2583 φύσεως,
2833 2515 2960 2568 ἄλλο
3006 2532 3058 2567 τι
3109 2513 3376 2582 φαίνεται,
3421 2512 3515 2566 καὶ
3554 2512 3616 2564 ού

2053 2603 2112 2655 τὸ
2149 2601 2375 2671 σύνηθες
2426 2603 2595 2665 ζῶονο
2635 2605 2691 2655 αί
2742 2604 2920 2672 χεῖρες
2961 2600 3110 2670 αύτῷ
3153 2601 3253 2670 τὴν
3294 2601 3402 2653 τῶν
3445 2598 3622 2651 ποδῶν

2055 2693 2248 2764 χρῆσιν
2287 2693 2794 2762 καταλαμϐάνουσιο
2828 2692 2896 2745 τὰ
2927 2693 3126 2760 γόνατα
3171 2691 3325 2762 βάσις
3360 2691 3621 2759 γίνονται,

2054 2787 2110 2838 ai
2143 2785 2200 2838 δὲ
2233 2783 2374 2838 κατὰ
2399 2782 2557 2852 φύσιν
2579 2783 2780 2852 βάσεις,
2812 2784 2906 2837 καὶ
2946 2783 3016 2836 τὰ
3047 2783 3249 2854 σφυρὰ,
3285 2782 3318 2852 ἢ
3347 2780 3624 2843 παντελῶς

2057 2875 2437 2947 ἀπορρέουσιν,
2485 2875 2518 2945 ἢ
2574 2874 2648 2937 ὣς
2699 2893 2750 2928 τι
2802 2875 2907 2928 τῶν
2959 2874 3156 2939 ἔξωθεν
3192 2873 3455 2942 ὲφολκίων
3499 2870 3622 2938 εἱκῆ

2058 2963 2629 3037 παρηρτημένα,κατά
2655 2963 2715 3016 τὸ
2743 2963 2952 3034 συμϐὰν
2969 2961 3298 3033 ὲπισύρεται.
3335 2961 3422 3012 Ἐν
3449 2958 3626 3011 τοιού-

2063 3075 2177 3120 τοις
2226 3057 2402 3110 τοίνυν
2450 3055 2659 3125 βλέπων
2709 3055 2798 3108 τὸν
2845 3054 3162 3125 ἄνθρωπον,
3213 3052 3312 3105 οὐκ
3357 3051 3479 3120 αίδῇ
3528 3049 3626 3118 τὴν

2064 3149 2419 3216 συγγένειαν;
2464 3147 2563 3200 οὐκ
2608 3147 2777 3212 ἐλεεῖς
2821 3145 2913 3198 τὸν
2975 3142 3274 3213 ὁμόφυλον;
3328 3140 3464 3194 ἀλλά
3513 3139 3629 3209 βδε-

2060 3238 2234 3311 λύσσῃ
2261 3238 2359 3308 τὴν
2395 3238 2698 3308 συμφορὰν,
2731 3235 2824 3288 καὶ
2864 3235 3038 3304 μισεῖς
3083 3233 3173 3287 τὸν
3203 3232 3408 3300 ἱκέτην,
3442 3229 3630 3297 ὥσπερ

2057 3333 2246 3403 θηρίου
2295 3332 2436 3395 τινὸς
2471 3331 2772 3402 προσϐολὴν
2815 3331 2905 3383 τὸν
2954 3328 3353 3399 προσεγγισμὸν
3383 3327 3620 3393 ἀποφεύ-

2057 3441 2203 3492 γων;
2262 3423 2451 3476 Καίτοι
2504 3422 2610 3475 ἔδει
2657 3419 3010 3489 εὐγνωμόνως
3063 3416 3508 3484 ἀναλογίζεσθαι,
3549 3415 3632 3467 ὅτι

2061 3512 2155 3566 σοῦ
2184 3512 2278 3564 τοῦ
2324 3511 2604 3583 ἀνθρώπου
2635 3509 2860 3577 ἄγγελος
2907 3509 3156 3569 ἅπτεται,
3205 3505 3299 3558 καὶ
3345 3505 3633 3574 ἀσώματος

2062 3621 2120 3656 τε
2155 3604 2247 3656 καὶ
2289 3603 2447 3664 ἄῡλος
2496 3601 2590 3666 ὢν,
2622 3601 2712 3653 τὸν
2753 3600 2914 3670 σαρκὶ
2941 3601 3032 3652 καὶ
3070 3599 3261 3668 αἵματι
3295 3596 3636 3666 ἐγκεκραμέ-

2061 3710 2148 3746 νον
2177 3694 2276 3745 ούκ
2320 3692 2656 3755 ὲϐδελύξατο.
2697 3691 2760 3744 Τί
2802 3691 2857 3744 δὲ
2899 3689 3160 3758 ἀγγέλους
3185 3688 3360 3755 λέγως
3406 3686 3559 3747 αὐτὸς
3600 3687 3635 3738 6

2060 3783 2167 3836 τῶν
2209 3783 2452 3851 ἀγγέλων
2486 3782 2706 3854 Κύριος.
2748 3783 2774 3833 6
2813 3783 2912 3852 τῆς
2943 3781 3198 3852 οὐρανίας
3239 3778 3637 3849 μακαριότητος

2065 3874 2312 3945 βασιλεὺς
2345 3875 2430 3926 διὰ
2477 3874 2535 3926 σὲ
2566 3873 2848 3944 ἄνθρωπος
2896 3872 3106 3940 γέγονε,
3155 3871 3249 3924 καλ⁴
3295 3871 3356 3922 τὸ
3404 3869 3635 3930 δυσῶδες

2061 3965 2218 4018 τοῦτο
2248 3965 2340 4017 καὶ
2372 3965 2614 4034 ῥυπαρὸν
2643 3964 2885 4034 σαρκίον,
2915 3963 3051 4033 μετά
3079 3962 3178 4032 τῆς
3207 3960 3551 4030 ὲνδεδεμένης
3575 3960 3641 4010 ὲν

2064 4053 2210 4125 αὐτῷ
2235 4053 2436 4125 ψυχῆς,
2469 4052 2645 4122 ἑαυτῷ
2675 4052 3022 4123 περιέθηκεν,
3056 4051 3144 4104 ἵνα
3172 4051 3238 4103 τὰ
3267 4048 3330 4102 σά
3357 4048 3498 4116 πάοη
3541 4046 3640 4098 διὰ

2064 4148 2162 4216 τῆς
2201 4147 2333 4208 ἰδίας
2367 4144 2579 4212 ἐπαφῆς
2616 4143 2930 4212 ὲξιάσηται;
2962 4141 3032 4194 Σὺ
3061 4141 3118 4194 δὲ
3145 4141 3172 4193 6
3206 4137 3460 4201 a616ca'bv
3489 4136 3647 4190 κατὰ.

2067 4241 2164 4310 τὴν
2182 4238 2339 4307 φύσιν
2356 4237 2432 4307 τῷ
2455 4235 2887 4307 ἀρρωστήσαντι,
2903 4231 3120 4300 φεύγεις
3135 4230 3224 4283 τὸν
3245 4229 3499 4299 ὁμογενῆ.
3518 4227 3641 4298 Μὴ,

1996 4352 2038 4406 D
2068 4330 2279 4397 ἀδελφὲ,
2302 4327 2374 4399 μὴ
2394 4326 2644 4399 ἀρεσάτω
2661 4341 2741 4377 σοι
2765 4326 2797 4394 ἡ
2831 4321 2988 4392 βουλὴ
3013 4323 3046 4391 ἡ
3065 4320 3226 4389 κακή.
3247 4317 3418 4371 Γνῶθι
3441 4318 3524 4379 τίς
3541 4317 3643 4381 ὢν,

2069 4419 2196 4489 περ)⁹
2229 4417 2385 4470 τίνων
2421 4413 2675 4486 βουλεύῃ·
2716 4413 2799 4465 ὅτι
2836 4411 2963 4481 περὶ
2987 4407 3308 4478 ἀνθρώπων,
3334 4407 3647 4478 ἄνθρωπος,

2066 4507 2217 4561 οὐδὲν
2247 4505 2443 4570 ἰδιάζον
2472 4507 2530 4558 ὲν
2548 4501 2754 4574 σεαυτῷ
2786 4501 2938 4573 παρά
2964 4501 3062 4570 τὴν
3087 4498 3271 4569 κοινὴν
3301 4495 3644 4566 κεκτημένος

2068 4599 2248 4669 φύσιν.
2276 4598 2369 4668 Μὴ
2401 4595 2807 4668 προαποφαίνου
2851 4593 2946 4646 τοῦ
2997 4590 3303 4663 μέλλοντος.
3343 4589 3431 4641 Ἐν
3466 4582 3510 4654 ᾧ
3535 4586 3656 4656 γὰρ

2068 4689 2419 4761 καταψηφίζῃ
2465 4686 2559 4741 τοῦ
2601 4685 2827 4750 πάθους,
2862 4684 2998 4754 τέως
3027 4685 3085 4736 έν
3125 4681 3389 4751 ἀλλοτρίῳ
3431 4678 3654 4747 σώματι

2073 4782 2435 4852 φαινομένου,
2468 4779 2713 4850 ἀόριστον
2755 4777 2894 4830 κατὰ
2939 4776 3118 4844 πάσης
3158 4772 3255 4842 τῆς
3303 4771 3516 4841 φύσεως
3566 4772 3660 4822 ὲκ-

2075 4875 2260 4945 φέρεις
2307 4872 2616 4942 ἀπόφασιν·
2658 4870 2900 4942 μετέχεις
2947 4868 3004 4921 δὲ
3051 4866 3146 4920 καὶ
3193 4865 3258 4918 σὺ
3300 4865 3397 4934 τῆς
3434 4862 3658 4932 φύσεως

2051 4980 2053 4983 ·
2077 4963 2471 5036 παραπλησίως
2496 4964 2607 5026 τοῖς
2637 4964 2822 5016 πᾶσιν.
2853 4957 3060 5016 Οὐκοῦν
3081 4957 3157 5021 ὡς
3178 4955 3317 5027 ὑπὲρ
3345 4953 3528 5008 κοινοῦ
3559 4954 3655 5007 τοῦ

2078 5057 2400 5128 πράγματος
2431 5058 2459 5109 6
2482 5055 2638 5124 λόγος
2663 5053 2818 5106 ἔστω.

407 5143 531 5214 ceat
561 5137 653 5191 tibi
689 5138 976 5194 consilium
1027 5155 1273 5211 pravum.
1305 5140 1409 5207 Qui
1454 5142 1553 5206 sis,
1588 5150 1642 5197 et
1677 5142 1743 5197 de
1769 5146 1969 5214 quibus
2008 5146 2288 5205 consulas,
2344 5144 2629 5198 considera
2663 5160 2678 5196 :
2709 5143 2872 5196 homo
2940 5139 3220 5199 nimirum,
3299 5134 3366 5190 de
3415 5134 3655 5189 homini-

409 5213 534 5293 bus,
578 5232 671 5301 qui
720 5233 854 5287 nihil
895 5235 950 5288 in
995 5243 1046 5289 te
1078 5236 1377 5305 proprium,
1413 5245 1465 5292 et
1516 5253 1545 5291 a
1593 5213 1801 5293 natura
1823 5243 2098 5296 communi
2127 5243 2436 5311 sejunclttm
2469 5237 2706 5291 obtines.
2745 5235 2967 5289 Futuris
3019 5232 3086 5287 de
3147 5231 3309 5286 rebus
3372 5245 3442 5282 ne
3514 5239 3646 5293 prae-

407 5322 671 5396 iudicium
718 5324 910 5381 facias.
963 5327 1094 5382 Dum
1127 5330 1269 5382 enim
1307 5328 1649 5386 affectionem
1735 5332 1786 5385 in
1835 5333 2013 5388 alieno
2087 5349 2314 5403 corpore
2369 5331 2720 5399 conspicuam
2787 5327 3036 5388 damnas,
3091 5323 3356 5378 incertam
3421 5319 3490 5371 de
3545 5325 3650 5369 tota

412 5420 608 5465 natura
639 5416 968 5469 sententiam
997 5419 1339 5486 pronuntias.
1371 5418 1507 5490 Ejus
1547 5429 1728 5474 autem
1765 5428 1948 5476 natura

2051 5438 2068 5476 ι
2103 5437 2322 5493 quoque
2345 5420 2618 5491 particeps
2653 5432 2735 5484 es,
2773 5425 2832 5470 ut
2857 5414 3054 5484 reliqui
3126 5426 3336 5469 omnes.
3403 5407 3652 5476 Quapro-

416 5515 535 5573 pter
566 5516 821 5578 tanquam
857 5512 1130 5566 eomtnuni
1169 5512 1236 5567 de
1268 5529 1324 5567 re
1349 5517 1688 5571 consulatur.

484 5617 527 5647 ⁶⁶
569 5616 677 5672 an
720 5635 774 5684 ι,
799 5619 867 5673 50
888 5637 1006 5690 sqq.
