3896 6204
196 253 283 310 477

1335 256 1419 310 DE
1457 253 1891 312 PAUPERIBUS
1918 257 2240 314 AMANDIS.

3310 264 3410 316 478

240 368 324 420 Διά
369 367 424 420 τί
459 367 638 422 τοίνυν
684 368 860 432 οὐδείς
897 385 977 422 σοι
1020 369 1127 422 τῶν
1176 372 1509 442 φαινομένων
1540 369 1717 435 οἶκτος

1913 375 2023 429 Cur
2049 377 2231 445 igitur,
2269 390 2388 446 qua:
2419 375 2471 428 in
2508 375 2629 430 aliis
2663 374 2812 431 vides
2843 376 3039 432 misera
3083 384 3138 430 et
3179 375 3405 431 calami-

182 459 512 528 εἰσέοχεται;
552 460 708 530 ὐρᾷς
760 459 1076 529 ἀνθρώπους
1122 461 1357 531 νομάδας
1391 462 1630 534 ὡσπερεὶ
1672 463 1742 516 τά

177 552 496 620 βοσκήματα
534 551 666 621 πρὸς
703 552 802 622 τὴν
831 552 930 620 τῆς
956 553 1158 622 τροφῆς
1198 552 1384 621 χρείαν
1411 553 1739 622 ἐσκεδασμέ-

172 659 268 702 νους
299 658 319 674 ο
335 642 510 713 ρακία
532 643 989 712 περικεκτημένα,
1009 642 1164 696 τοῦτο
1189 643 1220 712 ἡ
1249 643 1411 712 ἐσθής
1429 660 1442 674 ·
1476 644 1740 714 βακτηρία

168 736 212 785 ἐν
239 735 374 795 ταῖς
402 734 574 802 χερσὶ,
604 732 762 786 τοῦτο
789 733 970 793 ὅπλον,
1002 731 1158 786 τοῦτο
1189 731 1403 804 ὄχημα·
1434 734 1554 786 οὐδὲ
1597 736 1737 804 αὐτὴ

161 822 447 886 δικτύλοις
494 823 850 893 κατεχομένη,
897 823 1033 878 ἀλλά
1061 842 1201 878 τισιν
1242 826 1454 894 ὀχάνοις
1480 826 1615 896 πρὸς
1638 827 1736 888 τὰς

163 909 416 981 παλάμας
467 911 820 981 συνδεδεμένη
847 928 859 941 °
910 914 1059 984 πήρα
1105 914 1384 983 ῥωγαλέα,
1431 915 1539 967 καῖ’
1567 913 1734 984 ἀρτου

156 1002 390 1071 τρύφοςο
427 1003 625 1075 εὐρῶτι
655 1005 750 1057 καὶ
772 1005 1021 1074 σηπεδόνι
1055 1005 1442 1077 διεφθαρμένον
1461 1023 1476 1038 ι
1500 1007 1533 1078 ἡ
1561 1007 1732 1070 ἐστία,

154 1098 181 1146 ό
214 1089 388 1158 οἶκος,
421 1097 456 1164 ὴ
506 1094 713 1158 στιϐὰς,
745 1095 779 1164 ή
810 1096 984 1165 κλίνη,
1011 1096 1073 1148 τὸ
1101 1100 1361 1168 ταμιεῖον,
1391 1099 1423 1168 ή
1466 1097 1729 1167 τράπεζα,

156 1189 298 1239 πᾶσα
326 1188 364 1257 ὴ
391 1184 488 1238 τοῦ
517 1186 631 1256 βίου
666 1188 1009 1258 παρασκευὴ,
1041 1189 1074 1257 ἡ
1115 1191 1266 1258 πήρα
1292 1189 1457 1242 ἐστίν.
1490 1185 1644 1253 Εἶτα,
1669 1189 1731 1242 ού

153 1267 363 1349 λογίζῃ,
382 1278 465 1341 τίς
487 1279 516 1330 ό
540 1279 599 1331 ἐν
624 1278 835 1342 τούτοις
868 1277 978 1343 ὥν;
1004 1281 1125 1332 Ὅτι
1141 1279 1444 1351 ἄνθρωπος,
1469 1281 1497 1332 ό
1524 1283 1640 1334 κατ’
1663 1282 1733 1334 ei-

156 1367 279 1420 κόνα
304 1367 442 1421 Θεοῦ
471 1367 732 1436 γεγονὼς,
766 1369 794 1420 ὁ
817 1368 1090 1438 κυριεύειν
1116 1369 1215 1438 τῆς
1237 1369 1339 1439 γῆς
1379 1370 1728 1439 τεταγμένος,

150 1457 506 1527 ὁύποχιίριον
535 1457 636 1528 τὴν
673 1457 784 1511 τῶν
809 1457 1016 1525 ἀλόγων
1029 1459 1332 1528 ὑπηρεσίαν
1369 1459 1506 1528 ἔχων
1526 1475 1538 1488 ·
1577 1451 1732 1523 οὗτος

152 1549 228 1609 εἰς
259 1545 419 1600 τοῦτο
470 1547 754 1616 συμφορᾶς
794 1547 887 1598 καὶ
928 1547 1226 1618 μεταϐολῆς
1261 1549 1549 1620 προῆλθεν,
1590 1549 1730 1604 ὥστε

154 1637 455 1706 ἀμφίϐολον
492 1636 553 1690 τδ
591 1638 914 1706 φαινόμενον
963 1633 1125 1704 εἶναι,
1163 1640 1285 1693 οὔτε
1316 1640 1602 1713 ἀνθρώπου
1636 1659 1730 1696 κα-

1845 475 1987 530 tosa,
2012 485 2117 522 non
2147 484 2209 523 ea
2236 479 2286 523 te
2308 483 2461 538 teque
2489 469 2554 521 ad
2577 470 3068 524 commiserandum
3099 471 3404 536 adducunt,

1846 573 1908 612 ac
1931 560 1976 613 si
2017 560 2070 612 in
2102 567 2154 613 te
2199 559 2317 629 ipso
2363 560 2748 628 conspiceres?
2795 559 2957 616 Vides
3008 562 3254 618 homines
3304 578 3406 616 no-

1845 649 2032 704 mades
2073 659 2126 704 et
2157 664 2344 719 vagos,
2394 657 2650 718 tanquam
2683 665 2879 720 pecora
2926 652 2990 704 ad
3037 653 3404 722 comparanda

1845 741 2048 796 cibaria
2093 742 2412 812 dissipatos.
2452 741 2550 794 His
2595 740 2918 797 v'cstimenta
2970 750 3097 796 sunt
3142 745 3401 809 lacerata,

1845 847 1910 887 ex
1939 832 2144 886 auritis
2171 832 2499 887 centonibus
2523 841 2774 893 consula.
2802 833 2856 888 in
2879 833 3128 887 manibus
3156 834 3404 898 baculus,

1841 935 1951 975 non
1979 921 2047 974 ab
2082 921 2215 990 ipsis
2253 921 2436 992 digitis
2481 922 2932 991 comprehensus.
2976 922 3068 976 sed
3112 923 3244 977 loris
3272 925 3399 993 qui-

1841 1008 2071 1064 busdam
2111 1010 2179 1064 ad
2225 1011 2433 1079 palmas
2477 1011 2747 1080 alligatus.
2795 1011 2907 1066 lloc
2942 1013 3016 1066 illi
3052 1028 3152 1081 pro
3198 1014 3399 1084 gladio,

1841 1098 1945 1152 hoc
1981 1113 2079 1167 pro
2114 1098 2363 1153 vehiculo
2393 1107 2623 1153 utuntur
2655 1117 2668 1153 :
2705 1101 2956 1156 sacculus
2985 1103 3160 1164 adest,
3190 1112 3244 1157 et
3287 1102 3398 1156 fru-

1841 1197 1985 1243 stum
2021 1190 2178 1259 panis
2211 1190 2318 1244 situ
2357 1191 2610 1260 carieque
2641 1190 2974 1247 confectum.
2995 1193 3130 1247 Pera
3157 1195 3398 1259 rimosa;

1841 1277 1894 1330 in
1934 1278 2036 1331 hac
2082 1278 2192 1332 illis
2223 1288 2278 1333 et
2315 1278 2490 1339 locus.
2526 1285 2580 1333 et
2625 1279 2842 1344 domus,
2888 1291 2943 1336 et
2982 1283 3305 1358 stragulum,
3348 1292 3403 1338 et

1840 1369 2091 1433 lectulus,
2143 1377 2196 1424 et
2231 1385 2393 1438 penu,
2445 1378 2500 1424 et
2547 1385 2756 1436 mensa,
2792 1373 2970 1426 omnis
2999 1373 3231 1442 denique
3269 1389 3402 1442 sup-

1839 1460 2016 1528 pellex
2049 1460 2171 1513 vitae
2203 1461 2256 1514 in
2291 1461 2395 1515 hac
2435 1477 2561 1529 pera
2593 1464 2864 1517 consistit.
2903 1465 2974 1518 At
3007 1475 3059 1518 tu
3109 1466 3222 1520 haec
3257 1469 3400 1534 aspi-

1837 1551 1942 1613 cis,
1976 1553 2182 1620 etquis
2219 1553 2273 1607 in
2310 1554 2417 1610 illis
2447 1555 2540 1617 sit,
2576 1555 2797 1610 minime
2827 1557 3054 1625 cogitas.
3097 1554 3192 1610 llic
3231 1557 3396 1618 enim,

1839 1639 1885 1694 si
1910 1641 2109 1702 neseis,
2143 1649 2228 1696 est
2260 1642 2444 1706 homo,
2470 1643 2646 1698 factus
2679 1643 2744 1696 ad
2780 1645 3065 1714 imaginem
3102 1643 3216 1698 Dei.
3239 1642 3394 1707 lluic,

156 1727 359 1798 θαρῶς,
394 1727 523 1782 οὔτε
568 1729 708 1792 τινὸς
745 1728 905 1782 ἄλλου
949 1729 1058 1784 τῶν
1105 1730 1260 1794 ζώων
1308 1734 1507 1804 ἐναργῆ
1553 1733 1726 1804 φέρων

1836 1738 1895 1785 ιιι
1919 1738 2082 1786 terra:
2120 1733 2434 1788 dominetur
2477 1748 2796 1790 concessum
2831 1744 2958 1797 est;
2997 1734 3124 1787 huic
3164 1734 3217 1787 in
3262 1735 3394 1788 reli-

156 1819 242 1884 ἐφ’
297 1818 494 1871 ἐαυτοῦ
543 1818 610 1870 τά
651 1820 1024 1889 γνωρίσματα.
1097 1821 1222 1874 Ἐἀν
1272 1822 1406 1893 πρὸς
1447 1823 1730 1895 ἄνθρωπον

158 1909 409 1980 εἰκάσῃς,
461 1909 695 1978 ἀρνεῖται
728 1910 830 1980 τὴν
860 1911 1138 1982 ἀμορφίαν
1182 1913 1211 1964 ὁ
1251 1915 1537 1984 χαρακτὴρ
1581 1915 1608 1966 ὁ
1637 1916 1732 1969 ἀν⁸

157 1997 463 2066 θρώπινοςο
513 1999 607 2052 ἐάν
656 1999 794 2069 πρὸς
846 2001 914 2054 τά
963 2002 1130 2069 ἄλογα
1180 2003 1386 2075 τρέψῃς
1436 2005 1535 2074 τὴν
1581 2007 1730 2058 είκα-

160 2088 317 2150 σίαν,
362 2087 482 2142 ούδέ
537 2091 720 2142 ἐκεῖνα
770 2089 869 2160 τὴν
923 2092 1212 2163 ὁμοιότητα
1263 2092 1357 2148 τοῦ
1405 2095 1727 2164 φαινομένου

155 2178 460 2248 προσίεται.
490 2181 658 2233 Μόνοι
687 2181 916 2235 τοιοῦτοι
951 2184 1086 2256 πρὸς
1128 2186 1323 2254 μόνους
1356 2186 1579 2248 ἑαυτοὺς
1615 2185 1731 2254 βλέ-

151 2287 364 2334 ποντες,
422 2271 521 2323 καὶ
576 2273 694 2341 μετ’
745 2272 990 2344 ἀλλήλων
1039 2273 1444 2344 ἀγελαξόμενοι,
1492 2275 1581 2328 διὰ
1630 2275 1730 2345 τὴν

149 2361 539 2432 ὁμοιοτροπίαν
581 2362 676 2416 τοῦ
721 2363 955 2428 πάθους·
996 2366 1048 2418 οἱ
1097 2367 1211 2430 τοῖς
1252 2367 1348 2436 μὲν
1391 2365 1572 2428 ἀλλοις
1618 2365 1731 2434 βδε-

151 2451 329 2505 λυκτοὶ
358 2452 666 2522 γινόμενοι,
716 2451 974 2523 ἀλλήλους
1005 2454 1063 2507 δὲ
1097 2454 1186 2508 ὑπ’
1233 2454 1478 2523 ἀνάγκης
1509 2454 1570 2506 ού
1605 2452 1726 2522 βδε-

152 2542 496 2612 λυσσόμενοι.
574 2543 912 2614 Πανταχόθεν
979 2545 1086 2616 γὰρ
1140 2544 1542 2616 ἐξειργόμενοι,
1600 2543 1729 2607 ἴδιος

151 2633 354 2699 γίνεται
400 2632 612 2703 δῆμος,
669 2635 805 2705 πρὸς
852 2635 1112 2706 ἀλλήλους
1167 2635 1506 2707 συρρέοντες.
1565 2633 1728 2705 Ὀρᾷς

152 2725 266 2786 τοὺς
312 2725 580 2794 ἀτερπεῖς
625 2725 909 2796 χορευτὰς,
951 2725 1042 2779 τὸν
1088 2725 1276 2796 γοερὸν
1324 2726 1416 2779 καὶ
1462 2742 1727 2780 κατεστυ-

149 2813 453 2884 γνσσμένον
500 2814 689 2869 τοῦτον
738 2816 932 2887 χορόν;
990 2814 1116 2878 Πῶς
1156 2814 1571 2886 ἐμπομπεύουσι
1615 2816 1726 2877 τοῖς

152 2905 352 2958 ἑαυτῶν
395 2905 807 2978 δυστυχήμασις
861 2906 986 2970 Πῶς
1033 2905 1405 2979 θεατρίζουσιν
1442 2907 1501 2960 ἐν
1544 2906 1726 2968 αὐτοῖς

151 2997 562 3068 ἀσχημονοῦσαν
620 2997 720 3069 τὴν
754 2998 952 3066 φύσιν,
1007 2997 1194 3070 ὥσπερ
1245 2998 1390 3062 τινὲς
1449 2997 1726 3068 θαυματο-

1831 1835 1937 1892 qua
1973 1822 2229 1877 animalia
2275 1823 2458 1878 datum
2496 1825 2806 1894 imperium.
2843 1827 2918 1878 Eo
2947 1833 3123 1879 tamen
3173 1825 3398 1878 calami-

1833 1921 1942 1968 tate
1982 1914 2238 1970 redactus
2266 1898 2566 1983 est,-atque
2606 1915 2688 1968 sic
2713 1915 2963 1970 inversus
2993 1924 3096 1977 est,
3121 1923 3200 1975 ιιι,
3232 1916 3395 1984 quid-

1829 2019 1952 2059 nam
2006 2005 2099 2069 sit,
2153 2005 2479 2074 ambigatur.
2532 2003 2664 2058 Nam
2717 2020 2892 2074 neque
2933 2005 3171 2059 hominis
3217 2004 3395 2073 plane,

1829 2111 2008 2165 neque
2046 2096 2275 2149 aliorum
2313 2095 2672 2150 animantium
2703 2096 3027 2166 cujusquam
3064 2095 3263 2149 indicia
3288 2110 3397 2164 prae

1829 2203 1888 2243 se
1918 2187 2044 2242 l‘ert.
2087 2185 2144 2240 Si
2175 2201 2299 2240 cum
2338 2187 2555 2241 homine
2597 2185 2869 2249 conferas,
2906 2185 3107 2254 elligies
3157 2185 3394 2239 humana

1827 2275 2034 2344 respuit
2063 2289 2181 2328 eam
2213 2272 2642 2340 deformitatem;
2675 2272 2720 2326 si
2769 2286 2894 2326 cum
2942 2270 3174 2325 rationis
3200 2283 3398 2339 exper-

1828 2366 1978 2421 tibus
2009 2365 2360 2425 animalibus.
2415 2379 2479 2419 ea
2525 2378 2743 2434 quoque
2773 2361 3184 2416 similitudinem
3239 2360 3395 2428 ejus-

1827 2455 1976 2509 modi
2019 2469 2124 2509 non
2159 2453 2476 2509 admittunt.
2509 2454 2624 2508 Soli
2667 2454 2834 2523 igitur
2866 2453 2932 2506 ad
2979 2467 3038 2506 se
3069 2452 3214 2519 ipsos
3246 2451 3394 2505 solos

1826 2547 2150 2617 respiciunt,
2202 2555 2256 2600 et
2303 2545 2536 2600 miseria:
2583 2543 2940 2598 similitudine
2982 2543 3124 2596 inter
3169 2557 3229 2597 se
3261 2556 3394 2595 con-

1825 2643 2139 2707 gregantur.
2167 2635 2270 2702 Qui
2312 2635 2382 2690 ab
2417 2635 2540 2689 aliis
2589 2633 2988 2703 despiciuntur,
3038 2646 3115 2688 se-
3149 2632 3252 2702 ipsi
3281 2646 3396 2701 pra:

1826 2723 2156 2780 necessitate
2193 2738 2304 2778 non
2339 2723 2672 2794 despiciunt.
2715 2721 2969 2792 Undique
3011 2722 3224 2792 expulsi
3257 2735 3391 2776 con-

1825 2817 2000 2871 ﬂuunt
2027 2831 2195 2871 unum
2239 2817 2296 2870 in
2323 2816 2527 2879 locum,
2571 2824 2625 2870 et
2668 2813 2944 2886 proprium
2977 2811 3261 2883 quemdam
3291 2826 3394 2882 po-

1824 2909 2010 2978 pulum
2050 2906 2365 2962 conliciunt.
2411 2902 2578 2961 Vides
2626 2905 2876 2960 homines
2920 2902 3249 2973 injucundos
3299 2900 3396 2957 tle-

1825 3000 1989 3054 bilem
2041 2999 2365 3066 tristemque
2406 2995 2632 3050 chorum
2680 2993 2997 3050 eﬂicientes.
3041 2995 3111 3048 At
3157 3007 3286 3048 vero
3335 3001 3397 3048 ut

155 3093 285 3142 mi
340 3090 442 3149 τὰς
499 3090 866 3162 πολυτρόπους
919 3090 1227 3162 ἀρρωστίας
1281 3091 1392 3153 τοῖς
1451 3088 1724 3142 συνιοῦσιν

1829 3091 1964 3162 ipsis
1997 3105 2118 3144 sese
2145 3087 2550 3158 quodammodo
2567 3085 2823 3156 iactitant
2855 3084 3294 3141 calamitatibus?
3326 3082 3396 3141 Ut

150 3180 609 3250 ὶπιδεικνύμενοι;
633 3182 859 3250 Ποιηταὶ
880 3180 1086 3254 γοερῶν
1117 3179 1544 3250 μελῳδημάτων,
1573 3179 1726 3250 μελο-

152 3273 287 3324 ποιοὶ
308 3272 420 3325 τῶν
476 3273 726 3342 πονηρῶν
764 3272 985 3326 ἐκείνων
1019 3273 1276 3342 ᾀσμάτων
1294 3287 1318 3350 ο.
1333 3272 1600 3341 τραγῳδοὶ
1627 3272 1724 3342 τῆς

148 3363 303 3432 κενῆς
317 3362 524 3431 ταύτης
537 3365 632 3416 καὶ
645 3364 706 3417 δυ
715 3361 940 3432 στδχοῦς
970 3361 1294 3431 τραγῳδίας,
1309 3361 1406 3414 οὐκ
1422 3361 1723 3432 ἀλλοτρίοις

146 3452 540 3522 τραγῳδήμασι
571 3451 707 3522 πρὸς
732 3451 800 3504 τά
831 3451 975 3521 πάθη
1003 3449 1305 3521 χρώμενοι·
1329 3451 1463 3504 ἀλλά
1491 3451 1580 3503 διά
1608 3449 1719 3502 τῶν

146 3541 364 3591 οἰκείων
385 3540 571 3593 κακῶν
608 3541 706 3610 τὴν
737 3539 940 3610 σκηνὴν
980 3539 1330 3611 πληροῦντες.
1363 3533 1465 3593 Οἷα
1496 3540 1565 3592 τὰ
1581 3540 1716 3610 σχή-

149 3632 328 3698 ματαῐ
357 3625 445 3684 οἶα
469 3631 536 3684 τὰ
567 3631 913 3700 διηγήματαῑ
948 3630 1011 3682 Τί
1037 3629 1091 3682 δὲ
1116 3629 1379 3697 λεγόντων
1413 3628 1717 3700 ἀκούομεν;

147 3721 277 3784 Πῶς
299 3722 450 3792 παρά
490 3721 598 3773 τῶν
617 3720 1033 3790 γεννησαμένων
1063 3719 1393 3790 ἀπώσθησαν
1421 3721 1510 3773 ἐπ’
1543 3720 1721 3774 οὐδενὶ

144 3813 452 3881 ἀδικήματι
471 3826 488 3870 ;
508 3809 629 3872 Πῶς
651 3809 1042 3863 ἀπελαύνονται
1076 3811 1345 3879 συλλόγων
1375 3810 1723 3882 κοινῶν,ἐορ-

145 3903 251 3954 τῶν
285 3919 346 3955 τε
390 3900 490 3953 καὶ
515 3901 884 3971 πανηγύρεων,
920 3900 1108 3972 ῶσπερ
1141 3901 1454 3972 ἀνδροφόνοι
1486 3903 1648 3968 τινὲς,
1685 3902 1719 3974 ἢ

140 3993 504 4063 τεατραλοίαι,
528 3993 594 4061 τῇ
622 3991 872 4062 ἀειφυγίᾳ
894 3993 1208 4062 κατάκριτοι
1227 4032 1242 4056 ,
1283 3993 1480 4064 μᾶλλον
1522 3993 1581 4046 δὲ
1629 3994 1724 4046 κά-

141 4085 339 4137 κείνων
372 4081 663 4152 παραπολὺ
694 4083 1102 4153 δυστυχέστεροι
1126 4101 1140 4114 ο
1175 4085 1288 4152 ετγε
1321 4087 1435 4147 τοῖς
1465 4083 1722 4153 ἀνδροφό-

137 4195 253 4240 νοις
284 4177 386 4246 μὲν
418 4175 651 4242 ἔξεστιν,
697 4174 930 4244 ἀλλαχοῦ
964 4176 1294 4244 μεταστᾶσιν
1329 4177 1465 4246 μετά
1513 4174 1720 4245 ἀνθρώ-

139 4287 262 4322 πων
297 4268 426 4339 ζῆν’
463 4260 610 4321 οὗτοι
640 4267 698 4320 δὲ
750 4266 898 4339 μόνοι
936 4265 1045 4320 τῶν
1089 4267 1304 4322 πάντων
1351 4267 1721 4336 ἁπανταχόθεν

131 4359 534 4430 ἀπείργονται,
576 4357 652 4420 ὡς
695 4356 861 4409 κοινοί
905 4373 1046 4419 τινες
1083 4355 1520 4426 ἀποδεδειγμένοι
1563 4356 1719 4411 πολέ-

130 4462 256 4514 μιοι
279 4463 294 4475 ·
329 4446 392 4498 ού
433 4445 634 4514 στέγης
675 4445 823 4514 μιᾶς,
853 4445 914 4498 ού
941 4444 1218 4516 τραπέζης
1251 4446 1454 4514 κοινῆς,
1493 4445 1553 4499 ού
1598 4447 1723 4516 χρή·

127 4553 279 4599 seu;
322 4536 532 4589 σκευῶν
581 4535 905 4606 ἀξιούμενοι.
958 4537 1066 4590 Καὶ
1117 4535 1268 4590 οῡπω
1314 4536 1472 4590 τοῦτο
1517 4537 1717 4590 δεινόν’

117 4629 251 4682 ἀλλ’
296 4627 418 4680 οὐδὲ
450 4629 625 4696 πηγαὶ
656 4627 878 4697 βρύουσι
911 4625 1119 4690 τούτοις
1163 4627 1298 4698 πρὸς
1346 4629 1472 4692 τοὺς
1513 4627 1723 4696 ἀνθρὼ-

121 4731 283 4776 ma;
321 4715 520 4777 κοιναὶ,
553 4715 674 4768 οὐδὲ
727 4717 961 4785 ποταμοὶ
1007 4716 1351 4770 πιστεύονται
1381 4717 1534 4770 οὐδὲν
1565 4718 1723 4787 ἐφέλ-

117 4806 345 4859 κεσθαι
377 4806 470 4859 τοῦ
503 4807 604 4875 τῆς
645 4807 953 4878 ἀρρωστίας
1007 4808 1364 4878 μολύσματος.
1418 4808 1536 4862 Κᾶν
1577 4809 1723 4863 κύων

113 4897 293 4969 λάβῃ
329 4896 419 4948 τοῦ
446 4897 638 4960 ὓδατος
670 4899 736 4968 τῇ
762 4897 1042 4968 αίμοὸόρῳ
1073 4898 1310 4972 γλώσσῃ,
1337 4901 1435 4953 οὐκ
1464 4900 1720 4970 ἐνομίσθη

113 4987 434 5054 ξόδελυκτδν
468 4986 552 5039 διὰ
598 4987 657 5039 τὸ
688 4988 874 5057 θηρίον
924 4989 985 5041 τὸ
1033 4987 1175 5060 ὕδωρ
1197 5005 1210 5018 ·
1239 4989 1333 5042 ἐὰν
1365 4992 1393 5042 ό
1444 4991 1722 5061 ἄρρωστος

117 5075 490 5146 προσεγγίσῃ
539 5075 616 5146 τῷ
664 5075 854 5140 ὕδατι,
908 5075 1069 5137 εὐθὺς
1114 5077 1471 5148 ἀπεκηρύχθη
1526 5081 1618 5132 καὶ
1663 5081 1724 5133 τὸ

119 5169 288 5239 ir?on
320 5166 414 5219 διὰ
438 5166 528 5219 τὸν
572 5166 878 5240 ἄνθρωπον.
913 5167 1097 5222 Ταῦτα
1119 5167 1503 5240 διεξέρχονται,
1551 5170 1724 5224 ταῦτα

123 5263 431 5331 ΰιύρονται
451 5274 465 5287 ·
504 5258 594 5312 διὰ
633 5257 790 5311 τοῦτο
821 5258 1102 5329 ῥίπτουσιν
1135 5261 1357 5324 ἐαυτοὺς
1410 5262 1532 5314 κατ’
1554 5263 1723 5330 ἀνάγ-

127 5369 222 5422 κτμ
261 5349 420 5421 πρὸς
463 5349 569 5401 τῶν
623 5349 924 5420 ἀνθρώπων
953 5352 1004 5402 οἱ
1031 5350 1272 5412 δείλαιοι,
1320 5352 1494 5404 ἱκέται
1526 5353 1724 5417 παντὸς

130 5443 215 5494 τ·ιό
274 5441 801 5510 παρατυγχάνοντος
862 5442 1155 5512 γινόμενοι.
1213 5441 1480 5506 Πολλάκις
1527 5445 1724 5498 ἐπεδά-

137 5550 317 5594 κριτα
353 5532 432 5602 τῷ
459 5533 765 5606 σκυθρωπῷ
802 5533 975 5604 τούτῳ
1009 5533 1262 5605 θεάματι,
1305 5535 1561 5598 πολλάκις
1590 5535 1726 5606 πρὸς

133 5629 308 5696 αᾲτὴοι
359 5626 462 5694 τὴν
506 5624 666 5692 φύσιν
717 5625 1167 5696 ἁπεδυσπέτησα’
1224 5627 1318 5682 καὶ
1358 5625 1452 5682 νῦν
1492 5625 1626 5697 πρὸς
1658 5629 1724 5696 τῇ

1827 3183 1882 3236 ἱιι
1949 3197 2009 3237 se
2061 3181 2197 3250 ipsis
2253 3187 2509 3233 naturam
2563 3184 2842 3231 ostentant
2885 3175 3270 3246 deturpatam?
3326 3174 3396 3232 Ut

1825 3275 2008 3330 varios
2040 3269 2493 3328 convenientibus
2521 3275 2780 3335 tanquam
2805 3266 3228 3334 praestigiatores
3268 3265 3395 3335 qui-

1823 3366 1948 3420 dam
2000 3363 2221 3417 morbos
2267 3356 2686 3414 demonstrant?
2724 3354 2905 3410 Poeta:
2949 3357 3253 3410 carminum
3307 3355 3393 3411 lu-

1823 3464 2163 3517 ctuosorum,
2193 3450 2431 3504 tristium
2477 3436 2856 3524 narrationum
2891 3447 3226 3509 inventores,
3259 3459 3386 3510 gra-

1823 3545 1973 3599 vium
2036 3543 2253 3597 illarum
2311 3539 2676 3593 modulatores
2743 3537 3079 3601 cantionum,
3137 3545 3393 3592 auctores

1822 3651 1978 3690 nova:
2013 3634 2173 3688 istius
2219 3629 2540 3699 miseraque
2590 3627 2887 3700 tragmdiae,
2945 3627 3001 3680 in
3035 3640 3142 3697 qua
3180 3641 3288 3681 non
3323 3640 3392 3683 ex

1823 3728 2039 3789 alienis,
2066 3724 2161 3779 sed
2192 3738 2258 3778 ex
2291 3720 2530 3791 propriis
2561 3718 2966 3773 calamitatibus
3011 3717 3260 3786 exempla
3293 3732 3393 3773 su-

1823 3827 1979 3872 munt
2023 3817 2090 3870 ad
2125 3811 2521 3885 permovendos
2550 3810 2787 3873 animos,
2839 3816 3002 3879 atque
3038 3810 3113 3862 ita
3155 3807 3260 3865 sibi
3290 3823 3393 3863 au-

1822 3909 2082 3966 dientiam
2117 3907 2328 3961 faciunt
2363 3903 2449 3959 :0
2493 3918 2614 3974 quat
2649 3903 2852 3975 ﬁgura,
2881 3903 3023 3958 bone
3063 3901 3228 3965 Deus,
3270 3917 3398 3974 qum

1822 4001 2192 4057 narrationes!
2244 3998 2373 4068 quid
2426 3997 2576 4067 ipsos
2621 3995 2866 4051 dicentes
2909 3994 3206 4051 audimus?
3247 3994 3393 4061 Quo-

1823 4093 1985 4148 modo
2030 4091 2100 4146 ab
2147 4091 2272 4153 illis,
2317 4088 2411 4158 qui
2468 4089 2615 4156 ipsos
2658 4095 3039 4157 procrearunt,
3097 4083 3249 4140 nulla
3291 4099 3392 4140 sua

1821 4180 1979 4250 culpa
2031 4179 2219 4248 rejecti
2259 4177 2427 4232 sunt?
2482 4174 2768 4242 Quomodo
2815 4175 3164 4244 expelluntur
3194 4188 3226 4228 e
3251 4171 3392 4227 civi-

1819 4270 2062 4324 tatibus?
2113 4266 2396 4333 Quomodo
2453 4279 2521 4318 ex
2562 4262 2849 4331 colloquiis
2895 4260 3298 4326 communibus,
3321 4275 3391 4315 ex

1823 4360 2061 4432 publicis
2105 4358 2366 4428 festisque
2418 4353 2776 4411 conventibus
2823 4349 3210 4415 extruduntur,
3262 4357 3390 4406 tan--

1824 4469 1986 4525 quam
2015 4451 2324 4512 homicidas,
2353 4457 2613 4519 tanquam
2644 4444 2935 4516 parricidae
2966 4443 3160 4500 exsilio
3195 4457 3391 4513 perpe-

1825 4555 1920 4601 tuo
1971 4541 2248 4607 mulctati,
2310 4541 2422 4595 imo
2473 4553 2637 4610 quam
2690 4539 2770 4592 illi
2824 4538 2979 4609 longe
3031 4535 3390 4592 infeliciorest

1825 4635 2107 4706 Siquidem
2149 4630 2440 4687 homicidis
2489 4631 2666 4686 solum
2701 4628 3042 4685 vertentibus
3084 4627 3213 4682 licet
3260 4627 3389 4682 alibi

1822 4742 1947 4780 cum
1985 4723 2302 4778 hominibus
2337 4723 2538 4777 vivere.
2597 4721 2667 4774 At
2720 4719 2809 4776 isti
2843 4718 3086 4774 omnium
3132 4717 3234 4773 soli
3278 4725 3392 4770 tan-

1823 4832 1984 4887 quam
2026 4829 2346 4870 communes
2383 4812 2647 4872 declarati
2696 4811 2883 4866 hostes
2928 4810 3166 4877 undique
3202 4816 3390 4862 extur-

1823 4909 2025 4963 bantur
2058 4914 2118 4961 ut
2143 4921 2330 4961 canes.
2359 4903 2541 4970 Quid?
2573 4902 2719 4974 quod
2759 4901 2948 4990 eodem
2997 4908 3162 4962 tecto,
3197 4900 3392 4954 eadem

1825 5013 2035 5062 mensa,
2089 4997 2278 5052 eodem
2329 5010 2586 5050 vasorum
2651 5009 2752 5050 usu
2789 4991 3110 5064 judicantur
3151 4992 3398 5063 indigni?

1825 5089 2002 5156 Quid?
2033 5089 2177 5158 quod
2200 5089 2361 5160 quasi
2392 5088 2505 5142 haec
2530 5089 2663 5142 satis
2691 5085 2877 5156 gravia
2910 5098 3015 5138 non
3045 5083 3176 5146 sint,
3202 5099 3391 5140 arcen-

1824 5189 1914 5235 tur
1949 5195 1978 5234 a
2010 5180 2272 5243 fontibus,
2309 5179 2401 5248 qui
2448 5177 2675 5247 reliquis
2717 5175 3028 5230 hominibus
3077 5183 3204 5230 sunt
3242 5190 3395 5231 com-

1825 5271 2044 5326 munes?
2074 5269 2192 5339 Ipsa
2224 5269 2355 5339 quin
2380 5269 2546 5323 etiam
2577 5267 2798 5321 ﬂumina
2827 5265 3121 5321 creduntur
3148 5267 3388 5335 ipsorum

1825 5361 2146 5432 (egritudine
2192 5357 2557 5428 coinquinari.
2605 5354 2665 5409 Si
2718 5355 2898 5424 lingua
2959 5360 3183 5408 cruenta
3238 5350 3394 5407 canis

1827 5468 2022 5523 aquam
2055 5449 2329 5515 lamberit,
2371 5462 2479 5502 non
2526 5461 2646 5502 eam
2687 5445 2894 5500 idcirco
2921 5452 3188 5514 respuunt
3221 5441 3396 5496 hom!-

1828 5561 1924 5601 nes
1952 5563 1965 5598 :
1995 5550 2050 5596 at
2080 5543 2126 5597 si
2155 5541 2224 5596 ad
2259 5541 2406 5594 illam
2434 5553 2577 5610 aeger
2623 5536 2943 5600 accesserit,
2969 5534 3236 5589 continuo
3265 5546 3396 5602 pro-

1828 5645 1948 5698 pter
1978 5636 2252 5691 hominem
2286 5632 2405 5703 ipsa
2439 5645 2656 5702 quoque
2684 5642 2838 5706 aqua
2882 5624 3226 5702 detestabilis
3260 5639 3399 5696 prai-
