3896 6204
481 240 585 297 ιπν

1714 240 1772 295 S.
1813 237 2140 294 GREGORII
2189 239 2484 295 NYSSENI

3610 239 3717 292 480

481 352 716 408 dicatur.
750 352 873 408 llaec
897 359 1179 418 enarrant,
1211 351 1327 407 hanc
1353 351 1636 422 deplorant
1665 372 1678 408 :
1711 354 1780 408 ob
1809 354 1926 409 haec
1949 369 2043 410 ne-

2157 357 2333 425 avr'jpn
2367 352 2688 423 συγχέομαι.
2721 346 2870 405 Εἶδον
2900 350 3067 414 πάθος
3096 349 3345 412 ἐλεεινὸν,
3373 343 3502 400 eiﬁov
3525 347 3718 417 θέαμα

480 446 722 500 cessarit)
755 461 813 499 se
840 445 905 498 ad
949 445 1224 498 hominum
1264 443 1428 512 pedes
1456 444 1721 514 abjiciuut
1751 446 1956 509 miseri,
1989 455 2044 501 et

483 539 739 592 omnibus
763 537 1179 591 occurrentibus
1206 537 1531 605 supplicant.
1567 535 1718 605 διξερε
1742 538 1886 591 tristi
1921 553 2042 606 spe-

482 627 1101 697 ctaculoillacrymavi;
1157 643 1299 696 saape
1357 627 1425 681 de
1481 635 1674 680 natura
1713 636 2044 697 conquestus

485 733 630 782 sum,
659 728 711 773 et
739 733 802 772 ea
832 734 917 773 me
949 719 1256 772 recordatio
1295 718 1667 787 memoriaque
1694 734 1840 773 nunc
1879 720 2042 774 etiam

486 818 666 863 movet
716 817 879 878 atque
927 810 1225 879 perturbat.
1281 808 1404 862 Vidi
1451 811 1826 879 mgritudinem
1881 811 2044 865 mise-

486 901 743 968 randam;
797 902 904 955 vidi
950 903 1318 971 spectaculum
1380 901 1596 970 plenum
1636 903 2042 972 lacrymarum;

482 986 638 1055 juxta
672 988 791 1042 vias
823 989 1084 1048 celebres,
1135 994 1187 1041 et
1221 1001 1250 1039 a
1295 986 1749 1056 praetereuntibus
1793 989 2046 1056 frequen-

488 1085 632 1133 tatas
653 1079 838 1147 jacent
865 1079 1132 1142 homines,
1167 1079 1276 1132 imo
1311 1093 1379 1132 ne
1411 1079 1655 1134 homines
1679 1079 1921 1148 quidem,
1950 1079 2046 1133 sed

486 1166 736 1222 infelices
783 1169 1060 1222 hominum
1099 1169 1356 1236 reliquiae,
1399 1169 1571 1236 signis
1601 1177 1654 1222 et
1699 1169 1917 1224 indiciis
1947 1170 2044 1222 ali-

487 1257 688 1325 quibus
740 1256 1061 1326 indigentes,
1099 1265 1155 1310 ut
1208 1273 1266 1312 se
1313 1257 1560 1312 homines
1598 1273 1720 1312 esse
1761 1257 1916 1312 [idem
1969 1259 2048 1312 fa-

488 1347 654 1401 ciant.
699 1346 882 1418 Neque
911 1349 1055 1402 enim
1091 1365 1158 1403 ex
1204 1358 1414 1402 naturae
1462 1350 1605 1404 notis
1631 1349 1925 1418 quidquam
1966 1360 2049 1405 est

488 1437 783 1504 reliquum,
816 1447 875 1491 ut
909 1439 1132 1508 agnosci
1164 1441 1396 1507 possint.
1446 1438 1507 1492 Hi
1551 1441 1651 1494 soli
1695 1457 1758 1494 ex
1797 1442 2049 1495 omnibus

490 1543 547 1581 se
589 1527 736 1596 ipsos
779 1528 1035 1592 oderunt,
1091 1531 1191 1583 soli
1246 1530 1388 1583 diem
1418 1545 1575 1584 suum
1625 1532 1855 1584 natalem
1898 1546 2046 1585 exse-

489 1626 732 1678 crantur,
786 1632 849 1671 ac
885 1619 1011 1687 jure
1049 1618 1266 1688 quidem
1308 1619 1652 1674 detestantur
1698 1621 1847 1673 illum
1883 1622 2046 1684 diem,

2143 443 2390 515 δακρύων
2431 443 2672 512 ιπλῆρεςο
2727 441 3038 510 πρόκεινται
3081 438 3222 492 κατὰ
3265 438 3363 500 τὰς
3403 437 3548 500 ὀδοὺς
3596 437 3719 490 τῶν

2145 534 2445 603 παριόντων
2495 533 2804 602 ἄνθρωπον
2853 531 3050 600 μᾶλλον
3085 529 3142 583 δὲ
3186 529 3369 582 οὐκέτι
3414 527 3714 596 ἄνθρωποι,

2145 624 2279 677 ἀλλὰ
2304 624 2412 676 τῶν
2439 641 2568 676 ποτε
2597 622 2895 692 ἀνθρώπων
2931 622 3088 677 ἄθλια
3119 621 3378 690 λείψανα,
3424 621 3716 689 συμϐόλων

2144 716 2302 769 τινῶν
2333 717 2426 768 καὶ
2455 715 2846 784 γνωρισμάτων
2879 717 2958 777 εἰς
2983 714 3042 767 τὸ
3073 714 3422 780 πιστευθῆναι
3447 711 3715 782 δεόμενοι.

2145 810 2218 861 Οὐ
2265 807 2374 879 γὰρ
2404 807 2616 876 ἔχουσιν
2663 807 2768 859 ἀπὸ
2813 806 2921 860 τῶν
2959 807 3057 875 τῆς
3093 805 3305 872 φύσεως
3351 807 3718 877 χαρακτήρων

2145 895 2599 968 ἐπιγίνώσκεσθαι
2646 898 2919 966 ἄνθρωποι
2945 937 2960 961 ,
3017 897 3166 966 μόνοι
3191 896 3298 950 τῶν
3338 897 3555 950 πάντων
3583 899 3715 948 ἑαυ-

2145 992 2270 1053 τοὺς
2329 989 2643 1059 μισοῦντες,
2701 989 2852 1058 μόνοι
2903 989 3001 1058 τὴν
3047 987 3316 1055 γενέθλιον
3371 987 3583 1057 ἡμέραν
3626 986 3719 1038 διά

2146 1079 2387 1149 κατάρας
2417 1079 2640 1146 ἄγοντες
2661 1117 2676 1141 ,
2715 1076 2928 1147 μισοῦσι
2960 1076 3069 1147 γὰρ
3105 1075 3328 1136 εἰκότως
3369 1074 3468 1144 τὴν
3497 1074 3716 1143 ἡμέραν

2147 1173 2382 1242 ἐκείνην,
2429 1170 2527 1241 τὴν
2571 1170 2811 1240 ἄρξασαν
2859 1171 3040 1232 αὐτοῖς
3080 1172 3180 1239 τῆς
3241 1167 3493 1237 τοιαύτης
3542 1166 3712 1234 ζωῆς.

2151 1264 2479 1333 Ἄνθρωποι,
2513 1263 2562 1315 οἳ
2599 1264 2692 1316 καὶ
2731 1261 3016 1331 ὀνομάζειν
3052 1260 3278 1321 ἑαυτοὺς
3311 1259 3417 1312 ἀπὸ
3461 1259 3560 1328 τῆς
3608 1274 3717 1310 κοι-

2148 1358 2243 1426 νῆς
2271 1354 2637 1428 προσηγορίας
2665 1352 3040 1423 αἰσχύνονται·
3071 1353 3144 1414 ὼς
3173 1350 3236 1403 ἂν
3264 1349 3338 1420 μὴ
3363 1352 3427 1419 τῇ
3459 1349 3717 1420 κοινωνία

2148 1449 2242 1501 τοῦ
2285 1448 2544 1516 ὀνόματος
2581 1447 2680 1516 τὴν
2719 1445 2902 1515 κοινὴν
2940 1444 3101 1512 φύσιν
3133 1444 3196 1495 δι’
3223 1441 3430 1495 ἑαυτῶν
3462 1441 3716 1509 καθυϐρί-

2151 1557 2298 1591 σειαν
2319 1558 2332 1568 ·
2367 1541 2631 1608 οτμωγαίς
2671 1537 2759 1590 del.
2805 1537 3091 1600 συζῶντες,
3130 1536 3404 1589 ἄπαυστον
3437 1535 3546 1586 τῶν
3580 1533 3716 1604 θρή-

2150 1646 2254 1680 νων
2299 1626 2395 1697 τὴν
2445 1625 2700 1678 ὑπόθεσιν
2754 1626 2986 1696 ἔχοντες.
3045 1626 3188 1687 Ἕως
3223 1624 3331 1695 γὰρ
3377 1625 3443 1678 ἂν
3489 1624 3716 1686 ἑαυτοὺς

489 1707 582 1774 qui
639 1706 760 1759 talis
808 1708 933 1761 vita:
993 1707 1317 1776 principium
1373 1707 1491 1760 fuit.
1545 1705 1800 1760 Homines
1855 1708 1947 1775 qui
1991 1723 2050 1762 se

2157 1688 2441 1788 βλέπωσιν,
2490 1718 2576 1769 ἀεὶ
2618 1716 2716 1780 τὰς
2911 1716 3125 1786 θρηνεῖν
3175 1688 3384 1784 ἔχουσιν
3424 1715 3717 1785 ἀφορμάςο

490 1797 763 1849 communi
797 1798 1157 1866 appellatione
1187 1798 1468 1852 nominare
1491 1797 1842 1862 erubescunt,
1879 1813 1947 1852 ne
1983 1813 2051 1852 ex

491 1888 610 1957 ipsa
674 1888 910 1942 nominis
963 1890 1347 1943 communione
1413 1899 1660 1944 naturam
1709 1905 2051 1944 communem

489 1977 837 2032 dedecorem.
869 1977 1092 2048 Semper
1123 1980 1176 2033 in
1211 1981 1448 2035 miseriis
1473 1981 1635 2034 vitam
1663 1981 1898 2051 degunt;
1931 1995 2054 2049 per—

491 2075 706 2137 petuam
749 2070 928 2123 luctus
963 2071 1243 2124 materiam
1275 2072 1494 2126 habent.
1530 2072 1779 2138 Quandiu
1816 2073 1958 2127 enim
1995 2087 2054 2128 se

491 2157 642 2225 ipsos
676 2159 968 2227 aspiciunt,
1000 2160 1186 2238 tandiu
1218 2162 1433 2231 lugendi
1464 2164 1660 2217 habent
1687 2165 2049 2219 occasionem.

491 2248 748 2304 Dubitant
819 2261 996 2305 autem
1049 2267 1185 2320 quas
1243 2254 1417 2323 magis
1473 2254 1754 2323 deplorent
1809 2257 2054 2325 corporis

491 2350 692 2411 partes,
725 2359 911 2405 easne,
944 2359 1066 2413 quae
1121 2360 1231 2398 non
1275 2345 1473 2400 adsunt
1510 2348 1765 2416 amplius,
1801 2363 1870 2402 an
1910 2349 2052 2414 illas,

492 2447 612 2500 qum
657 2442 970 2503 supersunt.
1016 2433 1163 2500 Quas
1198 2439 1421 2490 morbus
1467 2437 1788 2507 absumpsit,
1838 2453 1905 2492 an
1936 2455 2055 2510 qua:

491 2526 682 2577 morbo
706 2525 910 2579 relictae
933 2534 1061 2580 sunt
1091 2526 1458 2582 absumendre.
1491 2526 1860 2584 Dolendumne
1885 2532 2055 2599 magis

491 2613 583 2676 sit,
621 2613 764 2680 quod
795 2615 848 2666 in
888 2629 946 2668 se
970 2615 1106 2683 ipsis
1132 2630 1226 2670 eas
1250 2617 1500 2670 miserias
1539 2624 1784 2677 cernant,
1820 2632 1887 2670 an
1911 2618 2055 2686 quod

491 2718 587 2758 cas
631 2703 880 2772 adempta
931 2704 1094 2757 etiam
1147 2706 1337 2759 morbo
1375 2707 1589 2762 videndi
1641 2706 1918 2769 facultate,
1970 2708 2055 2760 in-

493 2795 628 2846 tueri
662 2811 768 2848 non
795 2795 1028 2862 possint.
1059 2795 1214 2860 Quod
1241 2797 1370 2851 talia
1397 2798 1464 2851 de
1495 2815 1553 2852 se
1583 2813 1807 2853 narrare
1831 2808 2053 2867 queant,

464 2873 725 2950 ’anquod
759 2883 860 2938 sibi
896 2885 962 2936 ab
996 2885 1113 2954 ipso
1145 2887 1334 2939 morbo
1365 2897 1548 2954 erepta
1585 2891 1748 2942 etiam
1785 2906 1934 2954 voce,
1987 2907 2054 2945 ne

2151 1807 2499 1879 ἀποροῦντες,
2541 1808 2639 1859 ὅτι
2674 1807 2765 1858 καὶ
2816 1806 3012 1875 μᾶλλον
3059 1805 3356 1875 ὀδύρονται,
3402 1805 3473 1857 τὰ
3521 1803 3718 1874 μηκέτι

2151 1898 2278 1950 ὄντα
2306 1896 2396 1949 τοῦ
2425 1895 2693 1966 σώματος,
2725 1895 2759 1965 ἢ
2787 1894 2856 1947 τὰ
2888 1894 3214 1964 λειπόμενα*
3267 1895 3367 1947 ὅσα
3407 1893 3722 1962 προανήλω-

2153 2007 2243 2042 σεν
2277 1991 2310 2058 ἡ
2361 1991 2531 2050 νόσος,
2570 1987 2602 2057 ἢ
2640 1987 2738 2039 ὅσα
2787 1987 2853 2055 τῇ
2893 1985 3030 2054 νόσῳ
3066 1984 3338 2036 λείπεται*
3381 1983 3462 2035 ὅτι
3499 1981 3723 2050 βλέπου-

2154 2098 2236 2133 σιν
2267 2081 2351 2148 ἐφ’
2378 2078 2581 2130 ἑαυτῶν
2611 2076 2678 2129 τά
2696 2074 2935 2138 τοιαῦτα,
2964 2075 2998 2144 ἢ
3024 2075 3106 2126 ὅτι
3129 2073 3247 2126 οὐδὲ
3273 2073 3482 2143 βλέπειν
3514 2071 3727 2143 ἰσχύου-

2156 2186 2257 2230 σιν,
2297 2165 2714 2238 άμαυρωθείσης
2768 2168 2824 2218 ὲν
2873 2163 2951 2233 τῷ
2997 2163 3155 2217 πάθει
3221 2164 3320 2232 τῆς
3378 2163 3585 2231 ὅψεως·
3633 2164 3722 2214 ὅτι

2153 2258 2376 2312 τοιαῦτα
2412 2258 2591 2328 έχουσι
2636 2257 2760 2327 περὶ
2794 2253 3002 2309 ἑαυτῶν
3041 2253 3362 2324 διηγεῖσθαι,
3409 2253 3442 2322 ἢ
3487 2254 3569 2305 ὅτι
3600 2253 3729 2305 οὐδὲ

2153 2351 2453 2423 διηγεῖσθαι
2478 2351 2547 2404 τά
2585 2349 2730 2419 πάθη
2774 2349 3043 2410 δύνανται,
3073 2347 3172 2416 τὴν
3202 2344 3382 2416 φωνὴν
3408 2347 3470 2398 ἐκ
3495 2344 3589 2397 τοῦ
3619 2345 3731 2398 πάν

2157 2444 2281 2505 θους
2314 2440 2680 2514 ἀφῃρημένοι·
2749 2440 2829 2490 ὅτι
2861 2437 3083 2508 τοιαύτῃ
3133 2437 3368 2505 χρῶνται
3425 2436 3631 2502 τροφῇ,
3692 2435 3727 2502 ἦ

2155 2535 2237 2586 ὅτι
2286 2533 2405 2585 οὐδὲ
2452 2531 2664 2601 ἐκείνην
2708 2529 2942 2592 εὐκόλως
2968 2530 3000 2598 ἡ
3029 2530 3182 2590 νόσος
3211 2529 3277 2596 τῇ
3324 2525 3582 2594 διαφθορᾷ
3609 2524 3731 2575 τῶν

2156 2627 2284 2695 περὶ
2319 2624 2381 2675 τὸ
2422 2623 2592 2692 στόμα
2637 2621 2836 2693 μορίων
2870 2617 3262 2688 ἐμποδιζούσης
3287 2617 3383 2686 τῆς
3406 2613 3726 2686 βρώσεως⁶“

2154 2718 2234 2770 ὅτι
2278 2719 2332 2768 έν
2377 2715 2622 2784 αἰσθήσει
2679 2713 2746 2765 τὰ
2790 2711 2897 2764 τῶν
2925 2709 3132 2779 νεκρῶν
3170 2705 3601 2778 δυστυχοῦσιν,ῆ
3642 2705 3733 2758 ὅτι

2159 2808 2252 2859 καὶ
2292 2805 2401 2857 τῶν
2432 2804 2732 2872 αἰσθήσεων
2758 2801 2936 2854 αὐτῶν
2967 2797 3433 2870 προσαφῄρηνται.
3477 2795 3586 2848 [Ιοῦ
3610 2795 3733 2865 γάρ

2162 2898 2288 2966 παρ’
2330 2895 2611 2963 έκείνοιςή
2653 2895 2867 2964 ὄρασις;
2911 2891 3020 2944 Ποῦ
3046 2892 3078 2959 ἡ
3107 2889 3408 2960 ὅσφρησιςς
3460 2885 3568 2939 Ποῦ
3594 2887 3657 2938 δὲ
3693 2890 3730 2956 ἡ

494 2968 583 3022 illa
613 2971 832 3038 quidem
865 2973 1076 3026 valeant
1110 2975 1406 3043 explicare.
1442 2975 1596 3040 Quod
1625 2980 1718 3032 tali
1761 2991 2052 3034 vescantur

2160 2989 2303 3059 ἁφής
2333 2987 2442 3040 Ποῦ
2469 2987 2523 3039 δὲ
2559 2986 2626 3037 τὰ
2651 2985 2814 3037 λοιπὰ
2839 2984 2945 3038 τῶν
2975 2981 3364 3054 αἰσθητηρίων,
3396 2979 3431 3034 ἃ.
3462 2981 3578 3031 κατ’
3611 2979 3734 3030 ὀλί-

492 3062 635 3125 ciho,
669 3077 735 3116 an
765 3063 908 3132 quod
945 3080 1012 3118 ne
1059 3064 1148 3118 illo
1175 3065 1393 3133 quidem
1427 3069 1710 3122 commode
1737 3071 1883 3124 vesci
1926 3086 2056 3140 pos-

493 3150 639 3213 sint,
695 3152 951 3220 impedita
1003 3162 1223 3224 prepter
1275 3156 1388 3210 oris
1441 3167 1727 3226 corruptas
1785 3175 1814 3213 a
1869 3163 2056 3216 morbo

494 3241 790 3310 particulas
814 3243 1006 3298 edendi
1031 3252 1326 3312 potestate.
1354 3245 1510 3314 Quod
1540 3249 1826 3306 sentiendo
1849 3266 1912 3306 ea
1938 3267 2058 3322 quae

493 3339 835 3385 mortuorum
890 3341 1018 3387 sunt
1070 3337 1309 3405 propria,
1358 3338 1747 3408 perpetiantur,
1793 3356 1860 3394 an
1913 3343 2056 3411 quod

493 3421 630 3490 ipsis
679 3423 842 3477 etiam
898 3426 1157 3480 sensibus
1197 3427 1410 3496 spoliati
1457 3430 1583 3484 sint.
1617 3429 1718 3485 Ubi
1757 3433 1900 3486 enim
1953 3433 2058 3488 illis

495 3520 590 3564 aut
639 3512 876 3577 videndi,
916 3522 1008 3566 aut
1041 3514 1326 3579 odorandi,
1377 3527 1470 3572 aut
1517 3522 1767 3590 tangendi
1812 3522 1925 3578 vis?
1960 3522 2057 3578 Ubi

507 3605 839 3673 reliquorum
887 3621 1145 3660 sensuum
1192 3609 1370 3673 sedes,
1414 3626 1550 3679 quas
1596 3614 1857 3680 paulatim
1893 3615 2058 3685 depa-

497 3709 684 3750 scente
733 3697 926 3751 morbo
963 3699 1120 3754 ulcus
1151 3701 1394 3756 arrodit?
1433 3702 1535 3756 Per
1567 3705 1746 3758 omnia
1771 3707 1935 3774 igitur
1971 3723 2060 3761 va-

493 3797 695 3858 gantur
737 3790 876 3856 loca,
933 3791 999 3843 ad
1053 3789 1360 3845 uberiorem
1413 3800 1650 3861 pastum,
1707 3804 1763 3848 ut
1803 3795 2058 3851 animalia

493 3880 722 3936 rationis
773 3882 1034 3952 expertia,
1079 3882 1368 3938 identidem
1411 3899 1470 3938 se
1501 3885 1913 3943 transferentes.
1949 3887 2056 3943 0c-

495 3970 770 4024 casionem
804 3971 869 4024 ad
917 3973 1300 4040 negotiandum
1333 3978 1809 4046 comparandaque
1852 3979 2059 4035 cibaria

497 4060 892 4117 circumferunt
933 4064 1322 4130 calamitatem,
1379 4075 1433 4121 et
1476 4069 1891 4136 supplicationis
1942 4072 2060 4126 loco

496 4151 745 4204 morbum
775 4152 1027 4209 omnibus
1063 4155 1383 4210 ostendunt.
1424 4157 1652 4227 Propter
1683 4162 2058 4230 zegritudinem

494 4250 676 4295 autem
719 4243 983 4299 ministris
1029 4255 1206 4315 egent,
1259 4262 1288 4300 a
1329 4249 1528 4317 quibus
1573 4266 1732 4305 manu
1765 4252 2054 4319 ducantur,

2159 3098 2253 3148 γον
2281 3078 2579 3148 νεμομένου
2623 3076 2716 3130 τοῦ
2758 3076 2961 3140 πάθους
2994 3079 3027 3147 ἡ
3060 3073 3300 3144 σηπεδὼν
3344 3071 3736 3132 ὲπιϐόσκεταις

2158 3171 2257 3223 Διὰ
2284 3168 2455 3222 ταῦτα
2482 3168 2620 3222 κατὰ
2648 3169 2852 3231 πάντας
2883 3167 3114 3221 ἀλῶνται
3153 3167 3277 3228 τοὺς
3302 3164 3518 3228 τόπους,
3554 3161 3738 3214 καθάι

2162 3278 2264 3332 περ
2289 3261 2357 3313 τὰ
2401 3259 2566 3327 ἄλογα
2611 3259 2743 3329 πρὸς
2801 3259 2897 3329 τὴν
2935 3255 3311 3327 ἀφθονωτέραν
3339 3254 3504 3324 νομὴν
3538 3252 3741 3322 μετεξ-

2159 3351 2503 3423 ανιστάμενοι
2527 3365 2542 3380 ’
2569 3342 2775 3417 ἑφόδιον
2795 3350 2893 3418 τῆς
2926 3347 3065 3400 κατά
3085 3347 3183 3414 τὴν
3209 3345 3415 3415 τροφὴν
3436 3341 3738 3411 ἐμπορίας.

2159 3443 2258 3512 τὴν
2289 3441 2570 3511 συμφορὰν
2600 3439 3000 3509 περιφέροντες,
3018 3439 3110 3490 καὶ
3141 3438 3274 3489 πᾶσι
3305 3435 3401 3504 τὴν
3431 3433 3580 3484 νόσον
3608 3431 3742 3482 ἀνθ’

2163 3531 2441 3602 ἱκετηρίας
2493 3529 2878 3599 προτείνοντες.
2940 3527 3047 3578 Καὶ
3092 3525 3200 3578 τῶν
3247 3518 3746 3594 χειραγωγούντων

2159 3621 2224 3674 δι’
2258 3620 2565 3694 ἀρρωστίαν
2614 3618 2874 3688 δεόμενοι,
2923 3618 3018 3669 καὶ
3048 3614 3309 3685 ἀλλήλους
3351 3612 3435 3664 διὰ
3465 3609 3561 3678 τὴν
3593 3608 3749 3661 ἀπο-

2165 3713 2284 3783 ρίαν
2314 3709 2781 3779 ὑποστηρίζοντες.
2816 3707 2949 3760 Καθ’
2977 3705 3166 3760 ἑαυτὸν
3188 3704 3294 3771 γὰρ
3315 3703 3533 3760 ἕκαστος
3565 3699 3748 3750 ἀσθε-

2160 3801 2406 3864 νοῦντες,
2464 3801 2690 3871 ἔρεισμα
2723 3798 2799 3867 τῷ
2843 3796 3011 3866 ἑτέρῳ
3054 3794 3292 3862 γίνονται
3339 3794 3447 3852 τοῖς
3486 3786 3752 3855 ἀλλήλων

2166 3893 2378 3964 μέλεσιν
2409 3891 2526 3944 ἀντὶ
2553 3890 2659 3941 τῶν
2691 3887 2983 3940 λειπόντων
3012 3882 3301 3956 χρώμενοι.
3365 3881 3437 3932 Ού
3463 3877 3566 3947 γὰρ
3604 3877 3752 3929 καθ’

2161 3986 2256 4038 ἕνα
2291 3982 2568 4051 φαίνονται
2594 3997 2606 4010 ·
2647 3979 2780 4032 ἀλλά
2799 3996 2849 4030 τι
2879 3977 2990 4047 ἔχει
3020 3976 3114 4029 καὶ
3141 3978 3172 4044 ὴ
3198 3971 3534 4038 ταλαιπωρία
3565 3968 3756 4037 σοφὸν

2161 4078 2241 4137 εἰς
2272 4073 2368 4144 τὴν
2405 4071 2498 4124 τοῦ
2546 4071 2657 4139 βίον
2699 4069 2959 4133 ἐπίνοιαν,
3013 4065 3074 4118 τὸ
3123 4063 3236 4136 μετ’
3264 4061 3499 4130 ἀλλήλων
3530 4059 3757 4121 αὐτοὺς

2163 4168 2332 4222 θέλειν
2352 4166 2596 4237 ὁρᾶσθαι.
2630 4167 2818 4225 ὀντες
2845 4162 2954 4232 γὰρ
2984 4161 3077 4212 καὶ
3105 4158 3225 4211 καθ’
3256 4156 3471 4215 ἑαυτοὺς
3496 4153 3756 4216 ’ἕκαστος

2163 4258 2403 4320 ἐλεεινοὶ,
2434 4257 2508 4319 ὡς
2535 4255 2600 4308 ἂν
2628 4255 2826 4325 μᾶλλον
2858 4251 3330 4322 συμπαθεστέρους
3364 4246 3488 4308 τοὺς
3519 4244 3758 4314 ἀνθρώ-

498 4334 590 4388 sed
629 4334 699 4388 ob
728 4335 966 4405 inopiam
997 4353 1118 4394 sese
1149 4340 1389 4395 vicissim
1421 4341 1768 4398 confirmant.
1799 4344 1888 4399 Sic
1916 4347 2052 4401 enim

2167 4367 2300 4412 πους
2334 4349 2633 4418 ποιήσειαν,
2678 4345 2962 4415 προσθήκη
2999 4341 3094 4395 τοῦ
3122 4341 3323 4403 πάθους
3353 4336 3606 4406 ἀλλήλοις
3657 4338 3758 4404 γε-

496 4425 634 4480 alter
664 4427 892 4484 alterius
926 4431 1098 4484 utitur
1143 4433 1403 4488 membris
1433 4450 1530 4502 pro
1573 4435 1640 4490 iis
1677 4453 1796 4505 qua:
1825 4439 1927 4491 sibi
1963 4439 2058 4493 de-

497 4524 646 4581 sunt,
678 4525 757 4584 ut,
798 4521 889 4588 qui
928 4537 1023 4589 per
1069 4539 1126 4577 se
1153 4524 1350 4596 singuli
1400 4535 1526 4594 sunt
1561 4529 1836 4592 imbecilli,
1873 4539 2060 4586 mutua

494 4608 587 4662 illa
619 4612 934 4666 accessione
963 4613 1276 4671 fulciantur.
1307 4619 1493 4689 Itaque
1524 4622 1575 4674 in
1608 4621 1888 4675 hominum
1921 4639 2057 4678 con-

495 4711 742 4770 spectum
778 4703 1054 4773 sigillatim
1087 4725 1196 4763 non
1245 4712 1488 4775 veniunt,
1528 4711 1622 4765 sed
1659 4713 1815 4774 (adeo
1845 4723 2059 4783 egestas

495 4793 658 4846 etiam
687 4794 753 4847 ad
802 4795 1100 4864 parandum
1137 4799 1340 4853 victum
1382 4801 1696 4870 ingeniosos
1729 4810 1784 4856 et
1825 4803 2057 4858 solertes

495 4881 650 4954 facit)
696 4886 937 4941 universi
985 4899 1146 4970 atque
1196 4890 1341 4945 inter
1371 4908 1432 4946 se
1461 4893 1774 4962 congregati
1813 4895 2058 4964 conspici

494 4971 704 5026 volunt.
739 4973 866 5030 Inde
911 4976 983 5043 fit,
1029 4989 1108 5043 ut,
1135 4995 1258 5033 cum
1315 4980 1513 5050 singuli
1551 4981 1889 5036 miserabiles
1922 4983 2054 5046 sint,

2166 4455 2365 4502 νονται,
2397 4438 2486 4489 τὸν
2517 4436 2747 4506 πονηρὸν
2779 4433 2856 4504 τῷ
2879 4432 3040 4502 κοινῷ
3064 4431 3498 4498 συνεισφέροντες
3520 4424 3753 4495 ἔρανον,

2165 4529 2321 4590 ἄλλος
2353 4529 2417 4579 δι’
2449 4527 2611 4596 ἄλλης
2642 4527 2781 4588 τινὸς
2821 4526 3103 4594 συμφορᾶς
3151 4523 3296 4574 ἔλεον
3329 4520 3535 4579 ἑαυτοῖς
3564 4518 3756 4585 ἐρανί-

2165 4617 2370 4683 ζοντες.
2433 4619 2490 4670 'O
2518 4619 2612 4688 μὲν
2646 4620 2832 4688 χεῖρας
2862 4612 3386 4686 ἠκρωτηριασμένας
3412 4608 3750 4678 προτείνων.

2166 4710 2321 4773 ἄλλος
2344 4707 2584 4777 γαστέρα
2600 4705 2961 4777 προδεικνύων
2983 4704 3436 4774 φλεγμαίνουσαν,
3451 4699 3547 4751 καὶ
3570 4699 3750 4767 πρόσ-

2164 4817 2311 4854 ωπον
2333 4798 2697 4871 ήχρειωμένον
2727 4797 2926 4866 ἕτερος,
2969 4797 3061 4849 καὶ
3099 4795 3258 4856 ἄλλος
3285 4792 3345 4844 τὸ
3377 4788 3563 4851 σκέλος
3598 4789 3746 4840 ἁπο-

2165 4890 2467 4961 σηπὸμενον
2492 4905 2505 4919 ·
2543 4890 2572 4941 ό
2615 4887 2672 4941 δὲ
2699 4889 2726 4940 ὃ
2752 4888 2817 4941 ἂν
2841 4887 2991 4957 τύχοι
3017 4885 3109 4940 τοῦ
3141 4884 3388 4955 σώματος
3415 4877 3740 4948 ἀπογυμνώ-

2164 4999 2282 5046 σας,
2318 4983 2376 5035 ὲν
2405 4981 2596 5050 ἐκείνῳ
2635 4979 2696 5032 τὸ
2724 4980 2892 5043 πάθος
2924 4977 3140 5044 ἔδειξεν.

494 5059 807 5118 hominibus
851 5067 926 5120 ita
968 5069 1246 5137 conjuncti
1279 5070 1452 5139 magis
1499 5070 1793 5125 miserandi
1866 5071 2338 5142 coadjuvandique
2405 5071 2713 5125 vidcantur.
2781 5067 3000 5138 Aliquid
3056 5067 3200 5122 enim
3235 5063 3463 5134 quisque
3495 5061 3552 5114 in
3587 5073 3736 5114 com-

494 5171 656 5210 mune
701 5156 935 5221 confert,
978 5167 1032 5214 et
1066 5161 1206 5215 alius
1274 5177 1340 5215 ex
1389 5162 1492 5216 alia
1556 5164 1863 5218 calamitate
1905 5163 2333 5218 misericordiam
2386 5169 2690 5232 comparat.
2741 5160 2841 5216 Hic
2913 5157 3203 5230 praetendit
3250 5157 3536 5210 mutilatas
3616 5168 3734 5205 ma-

492 5265 643 5317 nus;
697 5250 785 5306 ille
817 5251 1084 5306 tumidum
1141 5261 1385 5308 ventrem
1441 5254 1701 5319 ostendit,
1733 5255 1872 5310 alius
1916 5254 2230 5309 dilaniatam
2262 5253 2490 5309 faciem:
2525 5269 2655 5310 crus
2715 5263 3033 5323 putresccns
3093 5249 3254 5303 alius.
3320 5245 3438 5311 Qua
3498 5243 3742 5311 denique

493 5340 725 5409 quisque
751 5347 978 5409 aegrotat
1022 5342 1266 5409 corporis
1311 5350 1483 5411 parte,
1527 5359 1645 5398 eam
1681 5341 1940 5408 denudat,
1985 5351 2040 5396 et
2077 5358 2233 5400 suam
2271 5343 2552 5398 miseriam
2583 5350 2844 5397 ostentat.

562 5431 705 5496 Quid
737 5448 866 5504 ergo
903 5432 1208 5488 faciendum
1254 5442 1336 5488 cst
1366 5434 1544 5498 nobis,
1577 5445 1637 5489 ut
1670 5436 1810 5490 nihil
1853 5436 1907 5489 in
1952 5449 2053 5488 na-

493 5532 627 5577 turae
665 5525 833 5595 legem
866 5541 1120 5595 peccasse
1159 5526 1476 5580 videamur?
1505 5527 1710 5581 satisne
1741 5528 1831 5589 sit,
1865 5541 2056 5580 eorum

498 5611 808 5668 affectiones
833 5615 1115 5685 deplorare
1134 5655 1148 5681 ,
1175 5626 1226 5672 ct
1249 5615 1493 5671 oratione
1520 5616 1766 5670 morbum
1799 5616 2057 5689 extollere

2227 5433 2292 5486 Τί
2308 5429 2437 5501 οὖν;
2472 5429 2582 5504 ἆρα
2606 5432 2825 5503 ἐξαρκεῖ
2846 5430 3096 5484 τοσοῦτον
3117 5430 3250 5499 πρὸς
3271 5427 3330 5480 τὸ
3351 5425 3516 5496 μηδὲν
3545 5426 3618 5486 si;
3639 5423 3750 5474 τὸν

2160 5525 2260 5595 τῆς
2280 5525 2489 5594 φύσεως
2503 5525 2662 5596 νόμον
2682 5526 3025 5596 ἐξαμαρτεῖν,
3042 5521 3174 5576 αὐτὸ
3189 5521 3339 5574 τοῦτο
3358 5520 3419 5572 τὸ
3438 5514 3760 5589 τραγῳδεῖν

2163 5617 2229 5671 τά
2253 5617 2396 5688 πάθη
2414 5617 2510 5687 τῆς
2532 5617 2763 5686 φύσεως,
2783 5617 2874 5671 καὶ
2894 5616 3034 5687 λόγῳ
3053 5612 3424 5676 διασκευάζειν
3445 5611 3541 5681 τὴν
3555 5607 3770 5674 νόσον,
