3896 6204
234 281 314 335 ιει
1437 274 1525 332 DE
1562 273 1998 333 PAUPEBIBUS
2036 273 2357 330 AMANDIS.
3378 275 3481 329 ιςε

231 388 316 442 ut
341 385 488 457 πρὸς
502 384 599 455 τὴν
625 383 842 455 μνήμην
874 382 1258 451 παθαίνεσθαι;
1282 385 1355 439 Ἥ
1376 402 1520 450 τινος
1551 390 1680 458 ἡμῖν
1713 405 1769 439 κα

1942 392 2067 455 tque
2093 387 2208 456 ipsa
2229 384 2748 441 commemoratione
2769 382 3145 438 commoveri?
3164 397 3233 437 an
3254 396 3480 439 necesse

224 479 395 551 ἔργου
427 476 589 547 χρεία
620 475 711 528 τοῦ
754 474 1197 546 ἐπιδεικνυμένου
1228 477 1361 547 πρὸς
1386 481 1512 542 τοὺς
1534 479 1762 532 τοιούτοι

1946 484 2009 541 st,
2050 486 2110 530 ut
2147 476 2286 531 facto
2327 477 2490 531 etiam
2530 476 2715 544 aliquo
2753 474 3184 529 misericordiam
3231 481 3285 528 ct
3317 473 3484 528 bene-

219 566 276 620 τὺ
301 565 599 637 συμπαθὲς
623 565 714 616 καὶ
747 563 1066 633 φιλάλληλον
1086 581 1101 629 ;
1124 566 1187 618 ’⁸0
1201 566 1307 636 γάρ
1326 568 1463 620 εἰσιν
1478 568 1535 620 αἱ
1552 583 1757 636 σκιογρι

1944 569 2197 623 olentiam
2241 581 2367 638 erga
2404 567 2527 620 illos
2572 574 2816 620 nostram
2855 564 3234 620 declaremus?
3267 563 3360 618 Sic
3398 573 3482 620 est

219 657 353 727 φίαι
383 657 519 725 πρὸς
545 655 611 709 τά
630 654 795 718 ὅντως
825 655 1144 726 πράγματα.
1172 657 1329 710 τοῦτο
1351 660 1399 711 οἱ
1432 658 1576 727 λόγοι
1604 657 1757 721 διεζει

1947 659 2175 714 rofecto.
2204 656 2338 711 Nam
2370 673 2490 727 qum
2531 658 2810 728 proportio
2839 665 2922 712 est
2952 657 3095 711 inter
3123 671 3210 712 res
3248 671 3404 712 veras
3430 667 3485 710 et

215 748 424 818 γμένοι
466 746 576 800 τῶν
634 747 831 819 ἔργων.
884 748 960 801 Uti
1002 749 1110 819 γάρ
1142 751 1202 804 ἐν
1249 749 1328 821 τῷ
1377 750 1556 820 λέγειν
1584 751 1748 821 φησὶν

1943 748 2259 803 dumbratas
2292 749 2570 817 picturas,
2610 748 2856 802 eamdem
2902 747 3149 802 obtinent
3199 747 3396 809 verba,
3432 747 3477 802 si

220 837 438 904 Κύριος
485 834 626 889 είναι
659 836 758 907 τὴν
789 838 1064 909 σωτηρίαν
1089 854 1104 869 ο
1137 839 1253 892 ἀλλ’
1275 841 1334 894 ὲν
1382 841 1459 911 τῷ
1517 845 1691 894 ποιεῖν
1741 859 1758 893 Ἰ

1946 837 1977 890 b
2026 836 2283 905 operibus
2330 835 2707 905 sejungantur.
2753 835 2869 891 Non
2910 837 3053 890 enim
3089 835 3143 888 in
3191 834 3371 889 verbis
3402 850 3484 889 sa-

222 924 370 993 εργα
399 929 502 995 τῆς
538 924 831 995 σωτηρίας.
860 914 1070 980 Οὐκοῦν
1106 928 1457 999 ἀντιληπτέον
1478 931 1610 1000 ἡμῖν
1629 933 1758 983 αὐτο

1948 933 2077 979 item
2130 925 2432 980 consistere
2485 926 2621 979 dicit
2686 924 2969 991 Dominus,
3030 924 3122 979 sed
3182 924 3237 977 in
3295 922 3486 978 salutis

224 1016 326 1086 τῆς
379 1015 521 1086 ὑπὲρ
549 1006 730 1069 αὐτῶν
776 1017 1013 1087 ἐντολῆς.
1062 1018 1153 1088 Μὴ
1182 1021 1290 1089 γάρ
1314 1020 1378 1090 δὴ
1422 1019 1579 1074 τοῦτο
1608 1021 1762 1090 λεγέτ

1948 1017 2169 1088 peribus
2215 1016 2476 1071 faciendis
2531 1018 2597 1069 ”.
2663 1016 3069 1082 Quamobrem,
3126 1013 3272 1084 quod
3328 1012 3485 1067 nobis

226 1125 336 1170 τις,
371 1107 448 1169 ὡς
490 1106 674 1160 ἱκανόν
706 1108 822 1160 ἐστι
858 1108 1045 1179 πόρρω
1077 1126 1178 1161 που
1217 1112 1315 1179 τῆς
1345 1111 1617 1182 ἡμετέρας
1646 1111 1764 1180 ζωή

1951 1125 2155 1180 asorum
2188 1122 2355 1164 causa
2385 1106 2697 1162 mandatum
2726 1116 2829 1172 est,
2856 1107 2911 1161 id
2941 1113 3157 1176 oportet
3182 1114 3239 1159 ut
3268 1104 3489 1175 ipsimet

230 1197 328 1249 ὲπί
354 1213 499 1259 τινος
521 1197 778 1266 ἐσχατιᾶς
805 1197 1169 1251 ἀποικισθεῖσι
1191 1197 1289 1269 τὴν
1307 1199 1511 1270 τροφὴν
1540 1202 1768 1270 χορηγεῖτ

1951 1215 2301 1270 xsequamur.
2337 1198 2522 1268 Neque
2569 1198 2714 1253 enim
2768 1198 2899 1251 illud
2947 1196 3176 1250 omnino
3217 1195 3489 1264 quispiam

244 1288 313 1341 Ἦ
344 1289 455 1359 γὰρ
481 1288 706 1359 τοιαύτη
739 1288 957 1360 γνώμη,
988 1290 1108 1360 οὐχὶ
1138 1290 1288 1344 ἐλέου
1311 1292 1456 1355 τινὸς
1487 1291 1579 1345 καὶ
1608 1308 1782 1361 συμπο

1954 1293 2093 1357 icat,
2134 1306 2256 1347 esse
2299 1291 2431 1346 satis
2456 1328 2470 1352 ,
2504 1291 2548 1345 si
2591 1287 2777 1357 procul
2814 1301 2842 1339 a
2894 1287 3049 1341 nobis
3095 1286 3149 1338 in
3195 1292 3491 1338 extremam

235 1379 388 1442 θείας
408 1378 683 1443 ἀπόδειξιν
706 1377 839 1449 ἔχει’
873 1379 1008 1433 ἀλλά
1026 1397 1107 1443 τις
1139 1381 1495 1452 εὐπρόσωπός
1523 1382 1670 1434 ἐστιν
1699 1383 1769 1433 ὲπ

1954 1384 2153 1453 liquam
2187 1389 2389 1436 nostrae
2415 1379 2651 1451 regionis
2678 1385 2922 1447 partem,
2960 1385 3218 1444 tanquam
3261 1375 3314 1427 in
3342 1374 3491 1426 colo-

236 1486 385 1534 νοια,
430 1468 527 1521 τοῦ
572 1470 851 1533 παντελῶς
893 1470 1018 1534 τοὺς
1061 1470 1377 1542 ἀνθρώπους
1403 1473 1501 1542 τῆς
1548 1472 1774 1543 ἡμετέρα

1959 1472 2065 1525 iam
2097 1470 2346 1525 deductis
2380 1470 2634 1523 alimenta
2669 1466 3101 1536 suppeditentur.
3145 1463 3220 1517 Ea
3261 1476 3495 1530 namque

238 1560 583 1631 ἐξορισθῆναι
628 1560 796 1631 ζωῆς.
836 1557 968 1613 Εἶτα
1005 1560 1105 1613 οὐκ
1146 1561 1512 1634 αἰσχυνόμεθα
1546 1563 1635 1616 τὸν
1664 1560 1776 1632 ήμᾶ

1957 1560 2189 1616 entcutia
2222 1560 2424 1613 nullam
2450 1574 2591 1613 vera:
2626 1556 2925 1612 clementia:
2960 1566 3013 1610 et
3058 1554 3495 1609 commiseratio-

242 1651 423 1704 αὒτῶν
462 1651 595 1721 βίον,
622 1652 668 1704 εἰ
689 1651 926 1723 χοίρους,
958 1654 1052 1706 καὶ
1080 1651 1243 1715 κύνας
1267 1655 1606 1723 ὁμωροφίους
1635 1651 1780 1708 ποιού

1958 1652 2014 1707 iis
2045 1650 2497 1721 signiﬁcationem
2528 1648 2720 1712 habet,
2754 1648 2851 1704 sed
2881 1647 2983 1703 sub
3013 1661 3075 1701 ea
3105 1642 3496 1700 misericordiae

252 1743 431 1812 μεθα;
473 1742 604 1795 Οὐδὲ
628 1741 723 1811 τῆς
754 1742 943 1812 κοίτης
983 1742 1176 1797 ἑαυτοῦ
1223 1742 1480 1807 πολλάκις
1512 1744 1767 1813 ἀπείργει

1960 1741 2109 1811 pecie
2138 1738 2273 1794 illud
2306 1738 2599 1793 consilium
2632 1739 2783 1801 latet,
2826 1747 2883 1792 ut
2915 1735 3165 1791 homines
3197 1750 3228 1789 e
3264 1735 3373 1787 vita
3406 1748 3498 1788 no-

252 1832 559 1904 κυνηγέτης
599 1832 685 1886 τὸν
713 1833 979 1887 σκύλακα.
1014 1828 1137 1886 Οἵδε
1175 1834 1269 1886 καὶ
1303 1834 1564 1904 φιλήματι
1593 1833 1682 1886 τδν
1723 1832 1790 1903 μό

1961 1838 2040 1886 tra
2074 1845 2303 1900 prorsus
2329 1830 2777 1884 exterminentur.
2813 1827 3016 1882 Deinde
3064 1835 3266 1881 nostra:
3294 1841 3393 1881 nos
3420 1825 3499 1880 vi-

256 1940 383 1992 σχον
407 1924 436 1974 ό
472 1922 708 1993 γεωργὸς
736 1920 1117 1989 δεξιώσασθαι.
1148 1924 1259 1976 Καὶ
1289 1922 1441 1977 οὔπω
1471 1925 1630 1978 τοῦτο
1664 1923 1794 1978 πολύ

1965 1918 2525 1975 endiconsuetudinis
2554 1932 2662 1972 non
2688 1917 2894 1987 pudet?
2926 1917 3020 1987 qui
3052 1930 3180 1971 sues
3200 1955 3214 1980 ,
3246 1924 3300 1970 et
3339 1929 3503 1968 canes

253 2012 389 2065 ἀλλά
418 2015 536 2075 ταῖς
566 2012 722 2076 ἰδίαις
744 2014 902 2083 χερσὶ
945 2012 1124 2066 νίπτει
1153 2014 1279 2077 τοὺς
1324 2013 1490 2078 πόδας
1520 2013 1613 2067 τοῦ
1650 2014 1770 2067 ὄνου

1964 2012 2346 2067 ontubernales
2395 2010 2730 2071 habeamus,
2780 2008 2917 2063 adeo
2956 2015 3015 2062 ut
3049 2023 3117 2062 ne
3142 2023 3252 2071 suo
3285 2004 3502 2075 quidem

250 2104 543 2174 ὀδοιπόρος,
569 2104 662 2156 καὶ
688 2103 870 2173 βάλλει
898 2104 996 2174 τὴν
1027 2106 1205 2174 χεῖρα,
1234 2105 1329 2157 καὶ
1348 2104 1702 2175 ὑποκαθαίρει
1725 2105 1788 2176 τὴ

1966 2102 2126 2157 ιιιιιιιο
2158 2109 2383 2157 venator
2415 2102 2657 2153 catulum
2696 2104 2898 2164 arceat,
2926 2104 2981 2151 et
3007 2097 3242 2167 agricola
3272 2093 3504 2149 vitulum

248 2196 470 2266 κόπρον,
506 2195 602 2247 καὶ
646 2195 747 2265 τῆς
790 2194 950 2264 εὐνῆς
985 2196 1341 2265 ὲπιμελεῖται’
1382 2197 1474 2250 τὸν
1504 2197 1561 2250 δὲ
1592 2200 1786 2268 όμογεν

1965 2194 2276 2248 xosculetur
2298 2210 2313 2247 :
2338 2202 2391 2247 et
2416 2191 2649 2261 propriis
2682 2189 2935 2243 manibus
2965 2188 3143 2241 viator
3166 2186 3305 2240 asini
3338 2184 3503 2255 pedes

245 2288 340 2339 καὶ
378 2285 651 2356 ὁμόφυλον
671 2326 687 2351 ,
743 2285 1062 2357 ἀτιμότερον
1102 2288 1198 2341 καὶ
1241 2287 1349 2341 τῶν
1393 2287 1600 2356 ἀλόγων
1649 2288 1783 2341 αὑτᾶ

1967 2293 2185 2349 rvet,.et
2217 2284 2476 2339 curandis
2503 2281 2817 2336 vulneribus
2851 2277 3094 2334 medicas
3125 2291 3320 2331 manus
3349 2275 3505 2329 adhi-

244 2376 629 2447 ποιησόμεθα;
656 2376 744 2447 Μὴ
780 2374 970 2443 ταῦτα,
1008 2377 1105 2448 μὴ,
1137 2377 1386 2447 ἀδελφοί·
1422 2378 1497 2449 μὴ
1528 2379 1781 2450 κυρωθήτ

1969 2380 2074 2437 eat,
2110 2381 2427 2441 stercusque
2462 2371 2696 2428 auferat,
2736 2374 2791 2424 et
2831 2368 3008 2422 cubile
3035 2366 3381 2429 substernat,
3411 2378 3507 2419 eos

243 2467 389 2537 αὔτη
417 2467 563 2520 κατὰ
583 2466 691 2519 τῶν
716 2466 1014 2539 ἀνθρώπων
1036 2471 1069 2540 ἡ
1088 2468 1285 2538 ψῆφος.
1317 2469 1632 2540 Μνησθῆναι
1662 2487 1781 2539 προ‹

1967 2476 2144 2523 utem.
2185 2463 2278 2533 qui
2311 2461 2525 2531 generis
2565 2458 2971 2516 necessitudine
3011 2457 3171 2512 nobis
3218 2454 3502 2524 conjuncti

242 2560 393 2630 ήκει,
428 2558 575 2621 τίνες
605 2557 754 2621 ὄντες
780 2558 908 2629 περὶ
943 2558 1102 2612 τίνων
1148 2559 1513 2629 βουλευόμεθα
1533 2576 1545 2589 ·
1583 2561 1665 2612 ὅτι
1697 2576 1780 2630 πει

1968 2567 2091 2621 ιιιιι,
2144 2555 2277 2625 ipsis
2326 2554 2489 2608 etiam
2540 2553 2769 2607 rationis
2807 2550 3123 2621 expertibus
3178 2546 3506 2602 animalibus

244 2649 575 2721 ἀνθρώπων,
605 2650 903 2721 ἄνθρωποι,
934 2650 1082 2704 οὐδὲν
1111 2650 1310 2715 ἰδιάζον
1338 2651 1489 2724 παρά
1519 2652 1617 2724 τὴν
1646 2651 1782 2705 κοινεὶ

1972 2645 2363 2716 ostponamns?
2420 2643 2495 2699 Ne
2537 2643 2666 2696 ﬂant
2714 2643 2870 2706 bmc,
2925 2656 3132 2710 qumso,
3175 2654 3243 2693 ne
3282 2637 3443 2702 (lant,
3476 2651 3510 2691 o

244 2745 414 2811 φύσιν
445 2744 529 2811 ἐφ’
558 2742 764 2796 ἑαυτῶν
788 2741 1022 2813 ἔλοντες.
1057 2743 1175 2797 Μία
1202 2741 1392 2798 πᾶσιν
1412 2743 1512 2797 ἐπὶ
1547 2743 1653 2797 τὸν
1685 2744 1782 2808 ﬁla

1962 2747 2151 2793 ratres.
2181 2736 2253 2790 Ea
2284 2734 2551 2790 sententia
2579 2734 2842 2788 adversus
2876 2732 3125 2785 homines
3157 2737 3274 2783 rata
3306 2744 3375 2783 ne
3400 2727 3500 2781 ha-

245 2840 286 2905 ἠ
314 2836 580 2902 εἷσοὸυςο
606 2830 688 2898 εἷς
711 2837 740 2888 ό
761 2835 859 2905 τῆς
888 2834 1032 2904 ζωῆς
1057 2834 1226 2887 ἅπασι
1260 2834 1477 2905 τρόπος,
1510 2834 1710 2905 βρῶσις
1738 2852 1783 2886 κ‹

1972 2839 2143 2884 eatur.
2180 2826 2369 2896 Operae
2396 2825 2627 2897 pretium
2660 2830 2743 2879 est
2774 2820 3116 2885 meminisse,
3149 2817 3242 2889 qui
3278 2832 3470 2873 sumus
3493 2855 3510 2882 .

247 2927 431 2989 πόσις·
459 2927 493 2995 ἠ
523 2924 618 2977 τοῦ
641 2924 743 2994 ζῇν
776 2923 1023 2994 ἐνέργεια
1048 2923 1397 2993 ὁμοιότροπος
1418 2938 1432 2952 ·
1459 2925 1493 2993 ἡ
1523 2940 1785 2976 κατασκευ

1976 2938 2001 2976 e
2038 2922 2238 2991 quibus
2276 2919 2564 2974 consilium
2600 2916 2904 2985 capiamus.
2946 2911 3147 2981 Nempe
3181 2910 3248 2964 de
3272 2907 3514 2962 homini-

248 3017 363 3070 τῶν
390 3016 658 3085 σωμάτων
692 3014 813 3084 μία,
850 3014 945 3069 καὶ
970 3017 1003 3085 ὴ
1035 3013 1382 3084 καταστροφὴ
1414 3012 1506 3066 τοῦ
1539 3014 1654 3084 βίου
1688 3015 1786 3067 ἀπε

1975 3027 2049 3066 us-
2065 3011 2331 3071 homines,
2365 3011 2459 3079 qui
2486 3006 2619 3061 nihil
2652 3004 2954 3074 proprium,
2988 3007 3042 3056 et
3072 3014 3102 3053 a
3128 3008 3325 3052 natura
3361 3010 3513 3050 com-

259 3058 358 3070 ’ψ’
391 3058 653 3085 *”Γ“”“””
692 3058 813 3084 r'""
851 3058 944 3069 ""'
976 3058 1003 3085 Ἰ
1038 3058 1382 3084 ·”’“’*”ι”⁷’γ”ι
1423 3058 1505 3066 ’⁷⁷
1539 3058 1652 3084 1⁷⁷⁷⁷
1689 3058 1789 3067 ""'

251 3111 311 3161 τὸ
342 3107 597 3161 σύνθετον
617 3108 696 3170 είς
717 3107 961 3160 διάλυσιν
986 3107 1222 3176 ἔρχεται.
1250 3106 1412 3161 Οὐδὲν
1434 3106 1540 3160 τῶν
1568 3107 1789 3161 συνεστιί

1976 3058 2036 3066 —-
2065 3058 2331 3071 --ν--------.
2369 3058 2459 3079 γη
2486 3058 2519 3061 --
2550 3058 2557 3059 κ
2588 3058 2591 3059 ν
2652 3058 2668 3074 .
2756 3058 2771 3073 .
2942 3058 2952 3066 .

1976 3105 2085 3158 Iuni
2118 3103 2425 3172 sejunctum
2454 3097 2818 3168 possidemus.
2859 3091 3004 3146 Unus
3030 3089 3270 3144 omnibus
3294 3088 3349 3140 in
3378 3086 3514 3140 hanc

252 3216 364 3251 των
414 3197 618 3265 παγίαν
646 3197 759 3267 ἔχει
805 3197 903 3267 τὴν
960 3196 1238 3250 σύστασιν·
1288 3197 1635 3266 πομφόλυγος
1681 3197 1790 3251 δίκτ

1975 3196 2099 3248 itam
2144 3193 2409 3253 introitus,
2444 3189 2584 3264 idem
2621 3186 2876 3241 omnibus
2922 3185 3042 3250 vitae
3074 3181 3267 3235 modus
3294 3178 3513 3242 edendi,

259 3291 343 3343 ἐπ’
388 3290 571 3357 ὀλίγου
605 3289 762 3359 ἡμῶν
793 3289 870 3359 τῷ
904 3288 1171 3357 πνεύματι
1209 3288 1580 3358 περιτεθέντος
1607 3288 1702 3341 τοῦ
1732 3289 1797 3342 oti

1977 3286 2192 3351 ibendi,
2238 3282 2451 3339 vivendi
2508 3279 2705 3336 similis
2758 3278 2928 3342 ratio,
2981 3274 3168 3329 eadem
3219 3287 3513 3342 corporum

268 3401 450 3454 ματος
478 3378 596 3437 εἶτα
630 3383 968 3452 άπέσθημεν,
1003 3381 1153 3434 οὐδὲν
1204 3381 1348 3450 ἴχνος
1377 3380 1469 3434 τοῦ
1505 3380 1805 3450 προσκαίρο

1977 3376 2299 3437 onstructio,
2329 3375 2464 3427 idem
2486 3388 2513 3426 ε
2534 3372 2637 3425 vita
2668 3371 2842 3423 exitus
2864 3368 2932 3419 τ’.
2958 3365 3150 3419 Omnia
3189 3363 3335 3419 enim
3367 3378 3515 3417 com-

264 3472 452 3524 τούτου
485 3472 804 3541 φυσήματος
834 3469 1218 3531 καταλιπόντες
1245 3466 1322 3537 τῷ
1350 3466 1469 3538 βίῳ.
1507 3468 1595 3520 Ἐν
1621 3468 1802 3538 στήλαι

1967 3470 2119 3526 posita
2142 3468 2537 3529 dissolvuntur,
2578 3471 2633 3519 et
2665 3461 2730 3516 ad
2764 3461 3042 3516 interitum
3080 3456 3324 3513 veniunt.
3360 3455 3505 3509 Nihil

268 3561 359 3614 καὶ
387 3560 557 3624 λίθοις
601 3561 695 3614 καὶ
734 3561 1065 3631 ἐπιγραφαῖς
1097 3560 1165 3612 τά
1213 3559 1550 3629 μνημόσυνα’
1592 3560 1684 3613 καὶ
1722 3559 1806 3612 οὐδ

1977 3578 2130 3618 οι·ιιιιι
2156 3574 2277 3631 qua:
2310 3560 2470 3614 mista
2502 3562 2866 3623 concretaque
2900 3557 3049 3614 sunt,
3086 3563 3299 3618 semper
3328 3545 3515 3602 eodem

265 3654 436 3705 ταῦτα
468 3652 639 3704 εἰσαεὶ
678 3650 1023 3723 διαρκοῦντα.
1066 3650 1253 3705 Ταῦτα
1283 3651 1463 3704 τοίνυν
1495 3652 1587 3705 ἐπὶ
1615 3669 1803 3706 σεαυτο

1980 3660 2091 3707 tatu
2142 3656 2342 3705 manet.
2377 3648 2644 3718 Exiguum
2684 3645 2749 3699 ad
2790 3653 3006 3713 tempus
3035 3641 3306 3695 bullarutn
3345 3639 3518 3693 instar

263 3742 633 3812 λογιζόμενος,
662 3742 754 3810 Μὴ
784 3744 1213 3810 ὐψηλοφρόνει,
1239 3741 1418 3804 καθώς
1441 3760 1605 3813 φησιν
1634 3745 1664 3795 ό
1694 3743 1801 3796 ‘Am

1977 3742 2157 3814 piritui
2186 3747 2376 3795 nostro
2396 3738 2803 3805 circumjectum
2833 3742 2917 3788 est
2943 3746 3163 3801 corpus.
3192 3728 3311 3783 Mox
3338 3736 3515 3783 autem

264 3835 486 3895 στόλος,
511 3832 665 3886 ἀλλὰ
685 3832 868 3900 φοϐοῦ
889 3849 902 3862 ·
934 3831 1123 3901 ἄδηλον
1149 3833 1196 3885 εί
1229 3831 1303 3903 μὴ
1331 3833 1510 3902 σαυτῷ
1539 3832 1802 3903 νομοθετεῖ

1982 3832 2363 3901 xstinguimur,
2398 3828 2549 3881 nullo
2596 3826 2760 3894 hujus
2801 3823 3031 3877 tumoris
3072 3822 3127 3876 in
3169 3820 3278 3873 vita
3326 3820 3520 3875 relicto

260 3924 368 3994 τὴν
401 3924 683 3992 ἀπήνειαν.
707 3923 951 3991 Φεύγεις,
986 3922 1104 3975 είπὲ
1133 3940 1244 3993 μοι,
1273 3923 1362 3976 τὸν
1384 3924 1798 3995 ἀῤῥωστήσαντο

1982 3922 2197 3993 estigio,
2238 3921 2293 3974 in
2319 3919 2608 3981 columnis,
2637 3926 2691 3971 et
2718 3914 3011 3986 lapidibus,
3037 3925 3091 3969 et
3124 3913 3293 3967 titulis
3326 3928 3519 3966 monu-

261 4015 333 4070 Τί
355 4013 613 4082 ἐγκαλεῖν
634 4013 787 4083 Exora;
816 4016 937 4066 Ὅτι
956 4014 1272 4085 διέφθαρται
1294 4014 1355 4067 τὸ
1375 4016 1538 4085 ὑγρὸν
1555 4018 1611 4068 ὲν
1633 4016 1799 4085 εκείνη

1986 4022 2163 4078 tenta,
2199 4027 2262 4066 ac
2293 4027 2360 4066 ne
2405 4011 2493 4065 illa
2534 4008 2753 4078 quidem
2794 4008 3144 4075 sempiterna.
3197 4004 3321 4058 Haec
3359 4005 3524 4073 igitur

264 4107 363 4160 καί
388 4122 478 4167 τις
507 4104 878 4175 σηπεδονὼδης
909 4106 1079 4175 χυμὸς
1100 4106 1484 4177 ἐγκατεσπάρη
1516 4106 1594 4177 τῷ
1630 4108 1802 4177 αἰματ

1984 4120 2128 4161 acum
2178 4106 2293 4173 ipse
2332 4110 2631 4171 reputans,
2674 4098 2803 4153 Noli
2842 4099 3015 4151 altum
3056 4111 3272 4163 sapere,
3305 4095 3522 4161 scripsit

265 4198 367 4262 τῆς
408 4196 673 4267 μελαίνης
706 4196 867 4265 χολῆς
901 4195 979 4265 τῷ
1002 4195 1154 4266 ὑγρῴ
1185 4196 1803 4268 παρεγχεθείσης;Ταῦτ

1983 4196 2260 4270 ιροειοιιιε,
2292 4192 2381 4246 sed
2417 4193 2539 4245 time
2560 4191 2625 4242 ⁷⁸.
2660 4188 2927 4241 Incertum
2949 4195 3061 4250 est,
3089 4200 3155 4238 an
3188 4187 3240 4238 in
3264 4193 3315 4238 te
3346 4185 3521 4253 ipsum

269 4296 380 4359 γὰρ
420 4290 565 4344 ἔστιν
595 4287 791 4358 ἰατρῶν
821 4286 1065 4352 ἀκούειν,
1097 4287 1553 4357 φυσιολογούντων
1581 4288 1651 4342 τὰ
1677 4289 1807 4343 πάθει

1984 4296 2161 4343 tatuas
2188 4286 2407 4342 saevitia:
2445 4284 2638 4351 legem.
2675 4278 3127 4347 lEgrotantemne
3191 4276 3367 4346 fugis?
3406 4274 3522 4337 Die,

267 4380 335 4432 τί
366 4375 463 4433 οὖν
512 4379 685 4431 ἀδικεῖ
723 4380 752 4430 ό
783 4378 1085 4449 ἄνθρωπος,
1119 4380 1168 4430 εί
1214 4378 1412 4449 ῥευστὴ
1451 4378 1608 4431 οὐσία
1638 4374 1772 4432 οὖσα

1990 4379 2169 4439 mabo,
2200 4373 2391 4445 ecquid
2422 4380 2747 4443 praetexens,
2780 4367 2834 4421 id
2884 4364 3056 4419 facis?
3080 4364 3158 4417 An
3193 4365 3320 4434 quia
3351 4363 3403 4416 in
3431 4362 3524 4417 illo

266 4473 433 4541 φύσις
458 4470 554 4523 καὶ
586 4467 832 4532 ἀστατος,
865 4469 956 4521 ἐπὶ
978 4468 1040 4521 τὸ
1066 4464 1204 4531 εἶδος
1229 4468 1384 4521 τοῦτο
1412 4469 1511 4539 τῆς
1539 4471 1804 4541 ἀρρωστία

1986 4477 2244 4538 orruptus
2270 4472 2355 4520 est
2382 4465 2597 4527 humor,
2641 4468 2695 4517 et
2734 4455 2990 4529 putridus
3031 4453 3251 4525 quidam
3294 4468 3524 4517 succus,

270 4558 688 4631 παρωλίσθησεν
709 4574 724 4619 ;
757 4559 827 4610 Σὺ
856 4557 911 4609 δὲ
933 4558 1032 4627 οὐχ
1058 4558 1190 4628 ὁρᾷς
1216 4558 1309 4610 καὶ
1329 4559 1420 4610 ἐπὶ
1446 4558 1554 4610 τῶν
1584 4558 1808 4625 ύγιαινόγ

1988 4571 2067 4616 tra
2096 4560 2199 4614 bile
2224 4573 2348 4613 cum
2377 4558 2496 4624 ipso
2528 4554 2757 4608 humore
2786 4547 3047 4613 confusa,
3097 4545 3415 4614 Sanguinem
3444 4543 3526 4596 in-

270 4666 381 4703 των
410 4648 700 4719 σωμάτων,
735 4650 815 4702 ὅτι
842 4648 1009 4702 τᾶλλα
1041 4665 1123 4710 τις
1147 4646 1418 4711 εὐπαθῶν,
1452 4648 1696 4717 φλυκτίδι
1725 4649 1808 4702 πο]

1987 4649 2118 4705 scit?
2146 4647 2254 4701 Has
2285 4646 2429 4701 enim
2457 4656 2654 4697 causas
2679 4638 2899 4702 medici,
2934 4651 3056 4689 cum
3088 4635 3155 4688 de
3180 4633 3381 4687 morbis
3413 4632 3525 4685 dis—

271 4741 432 4803 ‘Aixt;
458 4740 492 4810 ἦ
526 4737 829 4810 ἀνθρανίῳ,
874 4738 909 4808 ἢ
946 4754 1053 4791 τινι
1078 4736 1302 4807 τοιούτῳ
1333 4736 1631 4806 συνηνέχθη
1666 4736 1803 4790 πάθε

1988 4749 2163 4803 erunt,
2210 4736 2409 4791 afferre
2438 4734 2637 4789 solent.
2666 4728 2952 4795 Quodnam
2985 4726 3150 4797 igitur
3178 4731 3264 4779 est
3291 4722 3526 4777 hominis

274 4831 741 4901 ἑκθερμανθείσης
771 4828 913 4900 πέρα
938 4827 1030 4882 τοῦ
1062 4829 1267 4892 δέοντος
1300 4828 1429 4899 περὶ
1466 4829 1525 4881 τὸ
1561 4829 1726 4899 μέρος
1752 4830 1812 4899 τῆ

1976 4835 2202 4892 :rimen,
2254 4829 2299 4884 si
2338 4836 2546 4881 natura:
2589 4821 2814 4875 materia
2847 4817 3063 4871 mobilis
3100 4824 3152 4869 et
3197 4814 3514 4868 inconstans

274 4925 566 4995 ὑγρασίας,
610 4925 705 4979 καὶ
744 4924 834 4978 διὰ
862 4922 1016 4976 τοῦτο
1063 4922 1370 4993 φλεγμονὴν
1407 4940 1466 4975 τε
1507 4925 1600 4977 καὶ
1635 4923 1812 4995 ἕρευθι

1987 4924 2023 4978 ὁ
2061 4920 2193 4976 illud
2232 4915 2572 4988 aegritudinis
2617 4925 2789 4982 genus
2837 4906 3105 4962 deﬂuxit?
3139 4903 3220 4959 Tn
3251 4920 3381 4960 vero
3419 4920 3525 4957 non

270 5018 376 5072 καί
403 5035 520 5072 τινα
548 5016 800 5089 πυαλώδη
834 5016 1130 5085 διαφθοράν
1165 5014 1476 5086 παθούσης;
1508 5015 1572 5067 Τί
1598 5012 1726 5079 οὖνς
1762 5016 1808 5068 Μ

1991 5014 2139 5071 eruis
2185 5012 2240 5064 in
2289 5008 2422 5078 ipsis
2464 5006 2626 5061 etiam
2671 5000 2971 5057 valentium
3019 4998 3343 5067 corporibus
3388 5010 3529 5063 saepe

270 5107 622 5178 πολεμοῦμεν
646 5107 725 5178 τῷ
755 5087 1168 5178 ἀρρωστήσαντι
1186 5106 1287 5176 τῆς
1320 5107 1521 5178 σαρκὸς
1555 5107 1710 5177 μέρει
1736 5123 1749 5169 ;
1781 5107 1808 5158 ’1

1988 5103 2293 5171 :ontingere,
2319 5109 2376 5151 ut
2404 5096 2495 5165 qui
2521 5105 2715 5149 caetera
2748 5105 2915 5146 sanus
2939 5097 3044 5153 est,
3077 5087 3526 5150 inﬂammatione,

264 5197 523 5252 ἐναντίον
552 5197 651 5267 μὲν
678 5194 790 5260 οὖν,
815 5198 959 5251 ἆπαν
978 5198 1038 5250 τὸ
1062 5198 1302 5266 ὑγιαῖνον
1318 5197 1417 5250 -τοῦ
1442 5198 1692 5267 σώματος
1719 5198 1802 5268 πρὲ

1995 5201 2053 5246 ιιι
2074 5188 2424 5250 carbunculo,
2447 5194 2539 5238 aut
2557 5181 2824 5253 ejusmodi
2847 5181 3029 5249 aliquo
3060 5178 3245 5231 morbo
3264 5174 3528 5244 corripia-

260 5287 381 5355 τὴν
412 5285 505 5338 τοῦ
529 5261 874 5359 θενοσηκὸτος
900 5261 1173 5359 τρέπομεν
1213 5261 1798 5359 θεραπείαν.-Οὑκοῦν’‹

1990 5298 2072 5347 ur,
2095 5281 2318 5334 incensa
2352 5290 2517 5340 supra
2555 5287 2719 5343 quam
2753 5285 2891 5339 opus
2922 5269 3011 5334 sit,
3039 5267 3186 5321 circa
3226 5261 3528 5318 membrum

262 5353 342 5434 νδ
370 5376 542 5441 πάθος
572 5353 873 5448 βδελυκτόν.
903 5353 977 5433 Ἦ
1009 5353 1117 5451 γάρ
1146 5378 1211 5433 ἂν
1234 5353 1329 5432 καὶ
1357 5380 1439 5447 ἐφ’
1467 5378 1626 5448 ἡμῶν
1652 5379 1800 5431 αύτῶ

1990 5381 2058 5427 int
2091 5378 2298 5441 partem
2341 5367 2577 5435 aliquam
2614 5362 2837 5417 materia
2880 5360 3098 5415 humida
3144 5364 3198 5412 et
3242 5355 3444 5410 idcirco
3474 5353 3528 5407 in

265 5468 377 5526 τοῦ
404 5445 602 5541 μέρους
631 5471 974 5535 τεο-θέσαντος,
1009 5445 1340 5542 τδύγιαῖνον
1377 5445 1722 5541 ἠλλοτριοῦτο
1755 5471 1803 5523 τί

1990 5477 2272 5524 umorem,
2313 5466 2367 5513 et
2406 5456 2660 5510 ruborem
2685 5490 2699 5515 ,
2743 5459 2796 5506 ct
2838 5451 3106 5520 putridam
3157 5445 3363 5503 saniem
3396 5458 3525 5498 con:

351 5645 401 5679 ‘9
430 5643 688 5713 Μειιιωι,
721 5645 825 5713 2‘2;
870 5646 1001 5702 Luc.
1043 5664 1114 5716 vn,
1151 5648 1240 5705 46.
1283 5664 1403 5720 sqq.
1482 5651 1528 5682 ⁷⁸
1571 5647 1699 5718 Sap.
1743 5663 1836 5704 vu.
1884 5659 1889 5693 ι

988 5688 1001 5702 .
1043 5664 1114 5716 γι,
1151 5648 1240 5705 46.
1283 5664 1403 5720 sqq.
1482 5651 1528 5682 ⁷⁸
1571 5647 1699 5718 Sap.
1743 5663 1836 5704 vu.
1884 5649 1939 5704 θ.
2038 5644 2081 5677 τ¹
2127 5642 2284 5697 Rom.
2317 5653 2392 5702 xu,
2431 5636 2518 5693 το.
