3896 6204
296 214 395 269 £85

1427 217 1514 275 DE
1554 219 1988 283 PAUPERIBUS
2015 228 2334 288 AMANDIS.

3432 249 3541 303 48ίῖ

287 325 385 395 τὴς
427 325 634 390 ἐκεῖνος
675 326 947 393 πλούσιος
979 304 1097 384 m’
1118 333 1268 402 ἠξίου
1309 338 1558 405 γενέσθαι
1599 343 1748 413 αὐτῷ
1784 346 1851 398 τις

1978 356 2082 403 tem
2114 351 2196 405 vel
2239 352 2365 408 inde
2406 353 2684 425 conjicito,
2716 356 2861 426 quod
2909 371 3029 427 post
3062 358 3202 415 hanc
3236 361 3398 416 vitam
3428 380 3537 419 non

284 433 421 469 ποτε
447 414 759 489 διεφθορότα
782 419 877 472 τοῦ
903 421 1117 492 πτωχοῦ
1138 423 1418 490 δάκτυλον,
1438 431 1536 501 τῆς
1558 433 1648 485 τοῦ
1675 432 1865 498 ὓδατος

282 509 553 576 σταγόνος
590 508 860 564 διάκονον·
904 512 1186 582 ἐπιθυμῶν
1219 518 1355 588 αὐτῇ
1401 522 1468 590 τῇ
1510 520 1730 597 γλώσσῃ
1767 525 1865 596 τὴν

284 599 419 668 περὶ
462 598 552 653 τὸν
593 598 852 653 δάκτυλον
894 602 1094 671 ἰκμάδα
1141 606 1233 659 τοῦ
1267 610 1483 680 πτωχοῦ
1539 613 1856 684 περιλάψαι·

282 690 387 743 οὐκ
420 690 487 744 ἄν
527 690 685 745 τοῦτο
737 691 1112 764 ἐπιθυμήσας,
1156 698 1204 749 εί
1252 698 1349 770 τὴν
1376 703 1440 754 ἐκ
1484 702 1577 756 τοῦ
1615 704 1865 776 σώματος

282 781 476 851 ἀηδίαν
506 781 584 853 τῷ
613 786 919 856 χαρακτῆρι
954 786 1057 856 τῆς
1081 787 1260 859 ψυχῆς
1292 791 1516 863 ἐνεώρα.
1555 796 1689 850 Ὅσα
1720 798 1864 863 εἰκὸς

281 869 348 944 ῆν
382 875 562 943 μάτην
598 874 913 950 παλινῳδεῖν
957 878 1016 930 ὲν
1052 881 1116 950 τῇ
1170 883 1436 955 μεταϐολῇ
1483 886 1575 940 τοῦ
1627 886 1741 957 βίου
1774 890 1865 943 τὸν

280 962 557 1016 πλούσιον·
596 962 735 1016 πόσα
767 966 1089 1036 μακαρίζειν
1109 970 1205 1039 τῆς
1221 972 1279 1023 ὲν
1302 974 1366 1043 τῇ
1402 972 1516 1047 ζωῇ
1547 977 1716 1051 ταύτῃ
1738 980 1862 1033 δυσ-

279 1053 511 1124 κληρίας
534 1055 626 1109 τὸν
654 1055 859 1125 πένητα
884 1074 898 1088 ·
931 1057 1071 1110 πόσα
1121 1063 1569 1134 καταμέμφεσθαι
1600 1068 1698 1140 τὴν
1740 1073 1863 1124 ἐαυ-

273 1143 372 1195 τοῦ
401 1143 577 1212 λῆξιν,
613 1144 690 1208 ὡς
719 1146 812 1198 ἐπὶ
850 1146 1004 1218 κακῷ
1030 1150 1127 1220 τῆς
1172 1150 1352 1223 ψυχῆς
1382 1156 1861 1230 ἀποκληρωθεῖσαν

272 1235 355 1305 τῷ
388 1235 604 1306 πλούτῳ
629 1253 644 1267 ·
674 1239 723 1290 εί
760 1237 819 1292 δὲ
860 1240 923 1310 δὴ
953 1242 1045 1295 καὶ
1091 1243 1384 1300 ἀναϐιῶναι
1424 1250 1584 1303 πάλιν
1614 1251 1758 1324 ἐξῆν,
1804 1256 1860 1308 ὲν

270 1328 415 1380 τίσιν
450 1328 516 1382 ἂν
547 1327 766 1393 ἐδέξατο
794 1331 953 1386 πάλιν
981 1334 1268 1402 γενέσθαι;
1309 1333 1434 1411 Ἆρ’
1475 1344 1533 1395 ὲν
1574 1346 1685 1407 τοῖς
1720 1347 1860 1401 κατὰ

272 1418 365 1470 τον
391 1418 507 1486 βίον
528 1417 715 1472 τοῦτον
739 1420 1165 1491 εὐδαιμονοῦσιν,
1194 1423 1226 1493 ἦ
1251 1424 1678 1499 δυσκληροῦσιῊ
1718 1432 1858 1487 Ἀλλ’

270 1509 376 1562 οὒκ
409 1510 605 1579 ἄδηλον
632 1511 713 1564 ὅτι
754 1512 1089 1583 προετίμησε
1139 1514 1248 1568 τῶν
1288 1516 1735 1592 δυσημερούντων
1767 1523 1857 1579 τὸν

1968 439 2216 509 despexit
2262 446 2515 514 pauperis
2574 461 2793 501 manum
2838 450 3174 519 voluptarius
3227 453 3316 508 ille
3363 453 3532 519 dives,

1965 533 2099 601 quin
2146 534 2307 588 etiam
2356 538 2594 606 optavit,
2641 546 2721 603 ut,
2758 539 2849 609 qui
2882 541 3007 595 olim
3054 554 3346 615 corruptus
3396 555 3533 610 eral,

1968 625 2221 692 pauperis
2278 625 2513 696 digitus,
2567 629 2669 683 sibi
2718 645 2871 700 aquae
2917 641 3123 713 guttam
3177 638 3531 705 ministraret,

1969 714 2197 782 cupiens
2240 716 2355 785 ipsa
2392 716 2575 788 lingua
2620 719 2913 774 stillantem
2948 723 3114 792 ipsius
3163 726 3379 796 'ligitum
3425 729 3534 783 cir-

1969 802 2422 867 cumlamberc",
2465 804 2520 858 id
2554 807 2868 877 neutiquam
2902 809 3331 879 desideraturus,
3374 816 3419 869 si
3464 833 3528 872 ex

1965 905 2197 960 corpore
2236 893 2640 963 provenientem
2683 898 2891 953 tristem
2946 900 3091 954 illam
3139 905 3530 973 turpitudinem

1967 984 2021 1036 in
2050 986 2243 1040 animae
2275 1001 2490 1055 quoque
2517 987 2688 1041 forma
2722 992 3116 1060 conspexisset.
3142 993 3313 1059 Quam
3365 998 3533 1054 multa

1962 1076 2017 1130 in
2049 1093 2110 1131 ea
2140 1077 2263 1132 vitae
2295 1080 2722 1135 commutatione
2760 1083 3053 1138 verisimile
3077 1092 3159 1138 cst
3199 1087 3413 1142 divitem
3450 1104 3531 1144 rec

1963 1170 2255 1224 cantasse?
2296 1169 2468 1234 Quam
2518 1171 2705 1226 multis
2749 1174 3057 1227 nominibus
3086 1176 3301 1231 beatum
3341 1180 3531 1235 existi-

1962 1274 2143 1313 masse
2176 1275 2463 1329 pauperem
2513 1261 2664 1314 illum
2702 1272 2921 1333 propter
2979 1269 3278 1337 angustias,
3329 1271 3526 1338 quibu.

1958 1364 2256 1418 oppressus
2287 1348 2459 1405 fuerat
2485 1350 2536 1404 in
2568 1351 2669 1406 hac
2704 1354 3018 1420 vita?Quot
3046 1357 3223 1412 modis
3252 1358 3529 1416 fortunam

1958 1456 2134 1505 suam,
2172 1441 2261 1495 cui
2305 1441 2360 1495 in
2394 1442 2688 1511 perniciem
2722 1446 2916 1500 animae
2961 1447 3166 1503 divitiae
3226 1451 3364 1505 datae
3408 1451 3524 1509 fue—

1957 1539 2102 1594 rant,
2152 1532 2497 1590 incusasse?
2568 1535 2723 1601 Quod
2779 1538 2823 1592 si
2879 1540 3206 1597 reviviscere
3253 1542 3523 1608 licuisset,

274 1601 498 1671 κλῆρον.
558 1602 722 1666 ’Ᾱξιοῖ
765 1604 871 1675 γὰρ
905 1604 1152 1672 γενέσθαι
1188 1609 1429 1681 μηνυτὴν
1467 1615 1579 1676 τοῖς
1611 1615 1851 1684 ἀδελφοῖς

1959 1624 2218 1695 quidnam
2249 1626 2371 1680 data
2402 1628 2621 1697 optione
2646 1627 2818 1684 fuisse
2839 1630 3065 1686 creditis
3088 1633 3428 1688 clecturum?
3463 1636 3523 1691 lu

277 1690 344 1743 ὲκ
378 1690 491 1743 τῶν
521 1692 723 1763 νεκρῶν
760 1694 901 1747 τινά’
935 1695 1011 1758 ὡς
1038 1695 1104 1749 ἂν
1150 1698 1225 1769 μὴ
1264 1701 1504 1756 κάκεῖνοι
1542 1707 1607 1776 τῇ
1652 1706 1851 1779 ὑπερη-

1959 1728 2223 1770 eorumne
2263 1730 2384 1771 esse
2424 1731 2672 1781 numero,
2715 1718 2805 1787 qui
2848 1718 2903 1772 in
2940 1719 3041 1774 bac
3084 1722 3188 1774 vita
3223 1722 3366 1777 beati
3397 1740 3527 1779 cen-

282 1782 454 1853 φανῐᾳ
489 1783 580 1836 τοῦ
616 1784 842 1838 πλούτου
872 1786 1175 1856 βλαϐέντες,
1218 1792 1276 1844 ἐν
1299 1795 1365 1865 τῇ
1392 1798 1568 1868 τρυφῇ
1598 1799 1696 1869 τῆς
1718 1799 1853 1873 σάρ..

282 1871 375 1934 κὸς
400 1873 489 1925 ἐπὶ
512 1873 568 1925 τὸ
591 1875 721 1927 αὐτὸ
741 1875 926 1945 χάσμα
950 1878 1042 1931 τοῦ
1073 1879 1198 1951 ᾅδου
1227 1885 1608 1956 κατενεχθῶσι,
1638 1887 1725 1942 διὰ
1756 1871 1851 1944 τοῦ

278 1962 420 2016 λείου
461 1965 557 2035 τῆς
587 1967 779 2036 ἡδονῆς
815 1967 1220 2041 ὀλισθήσαντες.
1261 1974 1327 2027 Τί
1372 1971 1465 2030 οὖν
1494 1978 1555 2031 ού
1589 1997 1856 2053 σωφρονι-

276 2054 479 2122 ζόμεθα
506 2060 617 2121 τοῖς
633 2058 895 2123 τοιούτοις
922 2061 1029 2115 τῶν
1048 2062 1399 2135 διηγημάτων
1424 2087 1438 2134 ;
1463 2071 1528 2124 Τί
1553 2072 1653 2126 οὐκ
1682 2074 1855 2144 ἐμπο-

272 2146 541 2217 ρευόμεθα
561 2148 660 2219 τὴν
674 2150 843 2220 καλὴν
866 2153 1153 2223 ἐμπορίαν,
1181 2157 1247 2227 ἣν
1277 2158 1631 2229 συμϐουλεύει
1657 2166 1685 2217 ὁ
1710 2164 1850 2231 θεῖος

280 2236 632 2302 ⁹Δπόστολος;
669 2240 737 2294 Ti)
778 2241 944 2310 ὑμῶν
978 2246 1389 2318 περίσσευμα,
1435 2254 1620 2323 φησὶν,
1647 2257 1735 2322 εἰς
1782 2256 1849 2311 τὸ

260 2328 523 2383 ἐκείνων
542 2331 849 2401 ὑστέρημα
872 2350 885 2363 ·
919 2334 999 2399 ὡς
1031 2335 1108 2389 ἂν
1139 2336 1207 2390 τὸ
1242 2343 1541 2407 περισσὸν
1565 2345 1675 2413 τῆς
1699 2345 1851 2401 ἐκει-

260 2436 393 2472 νων
442 2420 726 2486 ἀνέσεως,
778 2424 848 2477 ἐν
894 2424 973 2490 τῷ
1013 2428 1162 2494 μετὰ
1187 2430 1373 2484 ταῦτα
1412 2434 1532 2497 ,ϐίῳ
1569 2437 1665 2490 καὶ
1706 2439 1850 2508 ὑμῖν

260 2510 419 2577 πρὸς
440 2513 744 2579 σωτηρίαν
772 2513 1104 2581 ἀρκέσειεν.
1136 2518 1199 2571 El
1229 2519 1406 2574 τοίνυν
1427 2521 1728 2595 βουλόμεθα
1747 2527 1847 2582 λα-

260 2600 382 2654 ϐεῖν
437 2618 492 2655 τι
534 2603 787 2674 χρηστὸν,
837 2606 1194 2675 προλαϐόντες
1233 2611 1625 2685 παράσχωμεν·
1660 2619 1706 2670 ει
1752 2620 1847 2672 ἀν-

258 2692 456 2763 εθῆναι
491 2694 630 2764 μετὰ
670 2696 875 2760 ταῦτα,
909 2699 1004 2753 νῦν
1033 2701 1462 2774 ἀναπαύσωμεν·
1503 2708 1551 2760 εί
1588 2706 1845 2784 δεχθῆναι

259 2785 398 2855 παρ’
430 2785 613 2840 αὐτῶν
644 2790 724 2851 είς
762 2788 859 2852 τὰς
885 2791 1135 2855 αἰωνίους
1188 2795 1412 2866 σκηνὰς,
1443 2798 1538 2853 νῦν
1563 2801 1760 2868 αὐτοὺς
1787 2805 1847 2860 ἐν

257 2880 382 2940 sui;
415 2878 712 2951 ἡμετέραις
740 2880 1190 2952 καταδεξὼμεθα’
1223 2886 1272 2938 εί
1302 2886 1703 2962 θεραπευθῆναι
1739 2896 1846 2950 τῶν

260 2967 552 3040 ἁμαρτιῶν
584 2969 651 3023 τὰ
675 2971 981 3050 τραύματα,
1009 2974 1167 3029 τοῦτο
1192 2978 1285 3031 καὶ
1311 2980 1461 3035 αὐτοὶ
1491 2986 1603 3047 τοῖς
1631 2984 1845 3057 σώμασι

257 3056 374 3109 τῶν
396 3060 796 3129 κεκακωμένων
820 3063 1150 3133 ποιήσωμεν.
1173 3068 1461 3138 Μακάριοι
1480 3072 1587 3145 γὰρ
1607 3077 1661 3129 οι
1685 3056 1849 3148 ἐλεή-

257 3164 481 3218 μονες,
520 3148 609 3203 ὅτι
634 3151 804 3205 αὐτοὶ
832 3152 1283 3222 ἐλεηθήσονται.

262 3256 505 3300 atrorum
535 3246 759 3301 vulnera
793 3250 1014 3316 curari,
1068 3252 1281 3308 illorum
1331 3272 1622 3330 corporum
1665 3268 1838 3341 plagis

268 3336 368 3403 ipsi
395 3336 815 3391 miseriwrdiam
837 3346 1288 3410 consequentur".

352 3431 485 3483 ’Ᾱλλ’
518 3432 650 3495 ι’σως
679 3434 796 3503 ὲρεῖ
824 3451 928 3498 τις.
968 3436 1175 3509 ἀγαθὴν
1209 3441 1309 3511 μὲν
1341 3445 1422 3507 είς
1454 3445 1676 3519 ὕστερον
1708 3448 1847 3507 εἷναι

268 3522 367 3592 τὴν
393 3524 613 3595 ἐντολήν
635 3540 649 3555 ·
690 3525 810 3578 νυνὶ
839 3525 896 3579 δὲ
937 3529 1218 3599 μετάδοσίν
1262 3550 1384 3590 τινα
1427 3539 1520 3593 καὶ
1565 3545 1848 3600 κοινωνίαν

268 3609 360 3663 τοῦ
388 3611 592 3676 πάθους
612 3612 971 3669 διευλαϐεῖται
993 3633 1007 3648 ⁸
1040 3620 1133 3672 καὶ
1158 3621 1247 3675 διά
1272 3624 1335 3677 τὸ
1357 3628 1431 3697 μὴ
1459 3629 1652 3685 παθεῖν
1669 3651 1719 3687 τι
1741 3635 1849 3689 τῶν

266 3700 601 3770 ἀϐουλήτων,
641 3703 859 3773 φεύγειν
888 3707 1054 3761 οῐεται
1089 3710 1283 3781 χρῆναι
1326 3716 1416 3770 τὸν
1448 3726 1848 3794 προσεγγισμδν

259 3791 377 3844 τῶν
408 3792 675 3846 τοιούτων.
702 3796 864 3865 Λόγοι
896 3798 1088 3866 ταῦτα,
1115 3803 1210 3855 καὶ
1240 3809 1558 3877 προφάσεις,
1591 3791 1684 3867 καὶ
1714 3791 1853 3871 πλά-

263 3897 462 3950 σματα
480 3920 495 3941 .
527 3882 736 3954 καὶτῆς
775 3887 903 3957 περὶ⁵
934 3890 1032 3952 τὰς
1056 3884 1274 3957 ἐντολὰς
1298 3895 1391 3948 τοῦ
1419 3897 1551 3953 Θεοῦ
1583 3903 1849 3974 ῥᾳθυμίας

261 3971 602 4042 εὖπρόσωπά
641 3991 758 4029 τινα
797 3980 1255 4050 προκαλύμματα.
1295 3984 1369 4038 Τὸ
1416 3986 1461 4039 δ’
1492 3971 1849 4065 ἀληθὲςῂύχ

258 4063 442 4127 οὕτως
468 4064 598 4134 ἔχει.
631 4067 818 4132 Οὐδεὶς
847 4070 954 4140 γὰρ
987 4069 1178 4126 ὕπεστι
1207 4075 1369 4144 φόϐος
1407 4082 1474 4149 τῇ
1503 4081 1603 4150 τῆς
1631 4063 1849 4155 ἐντολῆς

261 4156 519 4227 ἐργασία.
551 4158 753 4227 Μηδεὶς
788 4160 941 4230 κακῷ
963 4162 1022 4215 τὸ
1049 4163 1215 4218 κακον
1237 4165 1602 4238 θεραπευέτω.
1640 4174 1848 4239 Πόσους

262 4246 372 4317 γὰρ
399 4246 551 4299 εστιν
576 4248 704 4301 ἰδεῖν
732 4250 793 4303 ὲκ
820 4251 1067 4322 νεότητος
1089 4256 1183 4308 καὶ
1208 4256 1368 4328 μέχρι
1396 4260 1579 4331 γήρως
1607 4266 1726 4328 ταῖς
1758 4264 1846 4317 θεο

262 4338 524 4407 ραπείαις
572 4339 775 4393 τούτων
802 4341 1273 4413 ἁποσχολάζοντας
1297 4389 1313 4411 ,
1344 4351 1439 4403 καὶ
1477 4352 1629 4408 οὐδέν
1667 4372 1720 4409 τι
1747 4357 1845 4427 τῆς

1956 1816 2164 1869 sentur,
2198 1822 2264 1861 an
2301 1807 2356 1861 in
2385 1822 2572 1862 eorum
2605 1810 2806 1879 potius,
2838 1811 2932 1881 qui
2964 1811 3147 1867 miseri
3179 1813 3530 1883 iudicantur?

1953 1896 2071 1952 Non
2106 1906 2190 1955 est
2223 1898 2471 1964 dubium,
2506 1901 2637 1970 quin
2666 1901 2964 1957 infelicium
3000 1904 3373 1960 conditionem
3415 1907 3530 1963 fue-

1954 1994 2026 2043 rit
2054 1998 2414 2061 accepturus;
2446 2002 2565 2045 orat
2593 1993 2759 2055 enim,
2788 1999 2847 2046 ut
2874 1992 2940 2047 ad
2980 1993 3177 2051 fratres
3206 1997 3430 2052 nuntius
3459 2014 3528 2054 ex

1953 2082 2186 2136 mortuis
2219 2082 2465 2135 mittatur
2484 2082 2704 2151 aliquis,
2742 2099 2808 2137 ne
2843 2084 2945 2153 ipsi
2980 2101 3195 2156 quoque
3215 2088 3527 2144 divitiarum

1953 2173 2242 2242 splendore
2276 2175 2402 2228 elati
2438 2190 2501 2229 ac
2534 2176 2749 2238 tumidi,
2787 2185 2839 2229 et
2872 2184 3096 2247 propter
3128 2180 3395 2233 lubricum
3437 2197 3530 2235 vo-

1951 2261 2175 2332 luptatis
2203 2264 2465 2333 prolapsi,
2507 2264 2560 2318 in
2603 2265 2853 2319 eumdem
2890 2265 3085 2321 inferni
3120 2268 3327 2321 hiatum
3362 2278 3528 2339 atque

1950 2352 2263 2422 voraginem
2291 2352 2671 2408 detrudantur.
2711 2354 2823 2409 Cur
2848 2356 3014 2426 igitur
3042 2357 3313 2425 ejusmodi
3347 2375 3527 2413 exem-

1949 2440 2056 2510 plis
2079 2440 2340 2495 admoniti
2372 2442 2610 2497 nondum
2638 2444 3050 2513 resipiscimus?
3074 2446 3183 2500 Cur
3205 2448 3525 2516 praeclarum

1949 2530 2083 2585 illud
2108 2533 2488 2602 negotiationis
2508 2549 2701 2604 genus,
2727 2543 2787 2588 ut
2810 2536 3049 2590 consulit
3076 2538 3390 2607 Apostolus,
3417 2553 3523 2594 non

1948 2623 2308 2679 exercemus?
2358 2622 2568 2690 Vestra,
2595 2625 2854 2695 inquit",
2887 2627 3039 2694 copia
3072 2643 3252 2681 eorum
3290 2629 3524 2697 inopiam
3623 2678 3627 2682 .

1948 2724 2218 2781 διιειεηιει,
2241 2725 2299 2769 ut
2329 2732 2509 2770 eorum
2544 2731 2662 2784 opes
2697 2717 2750 2770 in
2774 2734 2837 2771 ea
2871 2735 2989 2788 qua:
3028 2731 3143 2787 ροει
3171 2729 3418 2773 secutura
3448 2730 3525 2775 εει

1947 2810 2077 2874 vita,
2108 2808 2250 2864 vobis
2301 2807 2370 2862 ad
2420 2809 2648 2863 salutem
2700 2809 3040 2877 opitulentur.
3084 2810 3139 2865 Si
3189 2810 3317 2880 quid
3364 2812 3520 2882 igitur

1946 2902 2298 2973 benignitatis
2346 2901 2628 2971 percipere
2665 2899 2937 2963 volumus,
2971 2899 3108 2955 bene
3141 2901 3399 2955 merendo
3431 2917 3530 2955 an-

1875 3019 1918 3077 c
1950 3003 2322 3058 tevertamus;
2353 2993 2399 3046 si
2428 2991 2669 3063 posthaec
2702 2991 2874 3054 relici,
2904 3006 2998 3047 eos
3035 2992 3089 3046 in
3117 2992 3407 3062 praesentia
3439 3007 3527 3046 re-

1956 3102 2236 3152 creemus;
2271 3084 2317 3140 si
2344 3083 2540 3139 abillis
2571 3083 2624 3136 in
2664 3088 2866 3136 aeterna
2896 3083 3065 3152 recipi
3097 3082 3528 3141 tabernacula".

1954 3195 2099 3234 nunc
2119 3194 2215 3234 eos
2254 3178 2306 3230 in
2346 3183 2532 3230 nostra
2572 3173 2944 3242 recipiamus;
2986 3173 3031 3227 si
3063 3182 3409 3242 peccatorum
3438 3189 3528 3227 no-

1876 3275 2019 3331 idem
2050 3284 2390 3343 praestemus.
2422 3267 2577 3322 Beati
2642 3267 2788 3322 enim
2832 3264 3218 3329 misericordes,
3282 3266 3526 3336 quoniam

2024 3451 2090 3502 At
2132 3446 2329 3516 aliquis
2368 3443 2603 3498 fortasse
2653 3442 2818 3504 dicet,
2856 3439 2987 3494 utile
3012 3439 3229 3510 quidem
3262 3443 3315 3497 in
3346 3453 3532 3513 poste-

1955 3554 2074 3594 rum
2103 3552 2227 3593 esse
2258 3534 2570 3589 mandatum
2607 3551 2627 3588 :
2659 3531 2755 3587 sed
2790 3530 2895 3595 hoc
2946 3537 3189 3600 tempore
3229 3532 3332 3587 sibi
3377 3535 3527 3589 adhi—

1956 3629 2186 3685 bendam
2219 3642 2341 3682 esse
2371 3625 2703 3690 cautionem,
2745 3637 2815 3678 ne
2856 3621 3101 3692 ejusdem
3134 3623 3308 3678 morbi
3341 3634 3530 3680 conta-

1956 3723 2116 3791 gione
2148 3720 2573 3775 contaminetur.
2596 3715 2773 3785 Atque
2793 3714 2867 3769 ita
2893 3729 2961 3768 ne
2989 3714 3311 3769 temeritatis
3339 3731 3530 3785 pmnas

1957 3814 2068 3877 det,
2102 3820 2156 3867 et
2178 3811 2385 3882 aliquid
2420 3823 2630 3873 eorum,
2666 3822 2785 3877 quae
2808 3807 2999 3871 nollet,
3035 3809 3385 3878 perpetiatur,
3423 3809 3525 3863 sibi

1950 3918 2139 3957 eorum
2172 3914 2528 3970 congressum
2552 3912 2615 3952 ac
2643 3897 3095 3953 consuetudinem
3129 3897 3403 3951 vitandam
3428 3914 3528 3968 pu-

1951 4002 2049 4048 tat.
2081 3991 2247 4063 Nugae
2273 3997 2400 4047 sunt
2434 3990 2536 4055 hac,
2584 3998 2637 4043 et
2661 3989 3047 4044 excusationes
3088 3987 3226 4043 ﬁctae
3271 4004 3333 4042 ac
3377 4005 3529 4043 com-

1951 4084 2252 4144 mentitiae,
2306 4082 2508 4152 quibus
2550 4080 2719 4134 veluti
2768 4078 3093 4148 quibusdam
3143 4080 3527 4148 integumentis

1949 4176 2145 4232 inertia
2175 4175 2241 4228 ad
2272 4170 2611 4227 conficienda
2643 4173 2899 4223 mandata
2934 4168 3025 4222 Dei
3064 4168 3382 4237 protegitur.
3410 4168 3529 4224 Non

1951 4275 2129 4321 autem
2163 4265 2237 4318 ita
2264 4278 2323 4318 se
2362 4278 2451 4316 res
2479 4260 2663 4315 habet.
2694 4257 2886 4312 Nullus
2910 4260 3056 4313 enim
3094 4258 3147 4312 in
3178 4259 3531 4329 exsequendo

1951 4354 2207 4410 mandato
2228 4352 2389 4406 timor
2413 4351 2576 4404 iueSt.
2602 4346 2772 4403 Nemo
2796 4346 2939 4402 malo
2962 4346 3163 4401 malum
3191 4356 3365 4401 curet.
3384 4346 3527 4414 Quot

261 4430 406 4483 κατᾶ
453 4430 614 4498 φύσιν
657 4432 872 4497 εὐεξίας
914 4434 1008 4488 τοῦ
1046 4435 1298 4507 σώματος
1323 4440 1411 4495 διὰ
1450 4445 1548 4515 τῆς
1593 4447 1848 4519 τοιαύτης

1956 4447 2093 4502 enim
2121 4443 2370 4499 homines
2406 4440 2531 4494 licet
2553 4439 2759 4504 videre,
2790 4438 2887 4509 qui
2930 4438 3040 4508 jam
3071 4437 3198 4492 inde
3229 4453 3258 4491 a
3296 4439 3527 4501 pueritia

260 4519 507 4591 σπουδῆς
540 4519 1010 4593 ἁμανρώσανταςς
1059 4525 1194 4580 Οὐδὲ
1227 4527 1335 4599 γὰρ
1362 4531 1506 4594 εἰκός
1543 4534 1658 4587 ἐστι
1691 4536 1845 4603 γενέ-

266 4610 395 4663 σθαι
428 4610 621 4667 ταῦτα.
662 4613 800 4666 Ἀλλ’
838 4616 1025 4686 ἐπειδή
1061 4634 1183 4672 τινα
1222 4619 1330 4673 τῶν
1365 4624 1708 4694 νοσημάτων,
1737 4622 1848 4681 οἷον

265 4703 324 4754 αί
348 4700 634 4772 Improbat;
683 4705 962 4777 ἐπιφοραὶ,
996 4708 1090 4760 καὶ
1117 4708 1219 4763 ὅσα
1249 4710 1473 4765 τοιαῦτα
1506 4715 1606 4786 τῆς
1652 4715 1849 4781 ἔξωθεν

266 4794 449 4856 αξτίας
473 4795 777 4867 ἠρτημένα,
815 4798 943 4851 ὅταν
980 4799 1044 4852 ἐκ
1080 4800 1374 4873 διαφθορᾶς
1401 4805 1561 4876 ἀέρος
1592 4806 1624 4878 ἢ
1658 4807 1850 4875 ὕδατος

263 4884 507 4955 γίνηται,
534 4884 750 4941 ὕποπτα
778 4892 891 4952 τοῖς
930 4890 1142 4956 πολλοῖς
1179 4895 1345 4957 ἐστιν,
1382 4895 1457 4960 ὡς
1488 4898 1551 4949 ὲκ
1573 4897 1684 4951 τῶν
1717 4916 1850 4971 προ-

257 4974 586 5031 εαλωκότων
604 4980 699 5031 καὶ
718 4980 854 5051 πρὸς
866 4982 990 5045 τοὺς
1011 4985 1469 5055 προσεγγίζοντας
1485 4987 1848 5058 διαϐαίνοντα,

255 5067 391 5120 om
430 5068 545 5121 ἐκεῖ
572 5070 668 5122 τοῦ
701 5071 927 5135 πάθους,
960 5072 1036 5136 ὡς
1083 5070 1267 5146 οἶμαι,
1300 5076 1378 5148 τῷ
1418 5078 1714 5147 ὑγιαίνοντι
1750 5081 1850 5153 τὴν

250 5159 581 5231 ἀρρωστίαν
617 5164 682 5215 ἐκ
717 5163 1005 5227 διαδόσεως
1036 5165 1413 5235 ἐμποιοῦντος·
1444 5170 1577 5223 ἀλλὰ
1609 5171 1709 5242 τῆς
1736 5188 1851 5225 κοι-

246 5252 362 5319 νῆς
402 5252 670 5323 ἐπιφορᾶς
696 5254 793 5324 τὴν
820 5256 1112 5325 ὁμοιότητα
1151 5257 1244 5311 τοῦ
1282 5260 1715 5333 ἀρῤωστήματος
1751 5265 1848 5315 ἐπ-

244 5340 530 5412 αγούσης,
564 5343 719 5414 εσχεν
743 5345 921 5399 αἰτίαν
965 5347 999 5417 ὴ
1031 5347 1184 5411 νόσος
1214 5349 1278 5401 ἐκ
1300 5349 1409 5403 τῶν
1433 5352 1849 5421 προεαλωκότων

245 5433 358 5487 καὶ
400 5435 484 5496 εἰς
508 5435 635 5497 τοὺς
666 5435 883 5501 λοιποὺς
908 5437 1275 5496 διαϐαίνουσα.
1323 5441 1585 5496 Ἐνταῦοα
1617 5444 1674 5497 δὲ
1708 5443 1851 5497 ἐνδο-

1946 4537 2014 4594 ad
2038 4538 2212 4608 ipsam
2246 4549 2424 4606 usque
2469 4539 2810 4590 senectutem
2840 4545 2996 4586 suam
3039 4530 3092 4583 in
3133 4528 3401 4599 ejusmodi
3433 4544 3528 4583 cu-

1945 4629 2156 4684 ratione
2180 4642 2400 4697 operam
2432 4625 2793 4687 collocarunt,
2824 4638 3000 4693 neque
3033 4629 3211 4675 tamen
3244 4620 3312 4675 ob
3346 4620 3397 4674 id
3420 4629 3533 4675 stu-

1948 4718 2097 4773 dium
2138 4718 2280 4773 bona
2319 4718 2566 4787 ipsorum
2615 4713 2878 4769 habitudo
2920 4727 3210 4782 corporum
3256 4711 3523 4767 naturalis

1949 4820 2034 4865 est
2066 4787 2177 4864 ullo
2205 4808 2364 4863 modo
2392 4807 2536 4861 facta
2570 4804 2849 4861 deterior?
2890 4803 3077 4872 Neque
3106 4818 3236 4858 vero
3263 4803 3371 4857 ulla
3404 4817 3530 4873 pro-

1953 4903 2119 4958 babili
2166 4902 2380 4955 ratione
2422 4899 2477 4954 id
2534 4898 2649 4953 ﬁeri
2692 4886 2907 4968 potest...
2944 4894 3210 4951 Caeterum
3267 4894 3526 4966 quoniam

1953 4989 2247 5060 aliquando
2277 4988 2505 5043 saeviunt
2544 4987 2792 5058 quaedam
2847 4984 3161 5039 morborum
3206 4998 3425 5056 genera,
3469 4989 3525 5036 ut

1952 5075 2297 5145 pestilentiae,
2328 5082 2382 5130 et
2410 5075 2515 5128 alia
2555 5072 2848 5144 ejusmodi,
2882 5088 3004 5143 quae
3035 5089 3101 5127 ex
3132 5072 3313 5126 causis
3341 5077 3513 5125 exter-

1952 5172 2040 5225 nis
2079 5170 2335 5240 peudent,
2370 5183 2491 5239 quae
2533 5169 2790 5224 videlicet
2833 5182 2959 5222 aere
3009 5180 3216 5237 aquave
3269 5172 3529 5232 corrupta

1954 5268 2316 5331 generantur;
2360 5260 2474 5314 haec
2498 5268 2678 5315 autem
2712 5269 2970 5330 tauquam
2994 5260 3063 5315 ab
3098 5258 3224 5323 illis,
3256 5255 3347 5326 qui
3377 5255 3529 5325 prius

1957 5351 2191 5421 correpti
2225 5360 2374 5415 sunt,
2399 5366 2493 5406 eos
2527 5352 2620 5422 qui
2658 5350 3117 5421 appropinquent,
3147 5347 3408 5402 invadant
3439 5357 3527 5400 at-

1958 5457 2063 5513 que
2092 5442 2469 5512 coinquinent,
2504 5442 2690 5497 multis
2728 5451 2985 5511 suspecta
3026 5448 3152 5497 sunt
3177 5456 3191 5495 :
3214 5451 3527 5509 quanquam

336 5613 385 5643 "
451 5609 584 5667 Luc.
646 5628 755 5673 ni.
818 5614 879 5667 l9
917 5629 1036 5686 sqq.
1114 5618 1159 5649 "
1203 5618 1238 5672 ll
1289 5618 1415 5676 Cor.
1467 5633 1585 5684 vui,
1647 5620 1730 5675 Η.
1786 5622 1829 5654 "
1906 5620 2037 5676 Luc.
2095 5637 2205 5687 nt,
2242 5622 2298 5676 9.
2375 5623 2421 5655 ’⁸
2479 5622 2668 5677 Matth.
2735 5636 2789 5682 ν.
2845 5620 2888 5674 'c',
