3896 6204
272 279 371 334 487
1453 287 1513 341 S.
1565 281 1888 339 GREGORII
1943 281 2233 338 NYSSLNI
3393 284 3506 346 488

267 407 392 449 meo
417 392 636 465 quidem
666 393 875 465 judicio
924 410 1097 467 neque
1126 394 1339 453 ali‘ectio
1380 397 1469 453 illa
1510 413 1579 451 ex
1619 412 1841 452 succes-

1956 394 2034 447 iev
2082 394 2476 463 συνισταμένης
2522 391 2620 464 τῆς
2660 391 2750 445 τοῦ
2797 391 3036 445 τοιούτου
3080 392 3282 456 πάθους
3334 412 3508 451 κατα-

270 486 425 541 sione
480 485 630 540 sanis
680 488 932 541 morbum
987 488 1336 559 dispertitur,
1395 487 1488 543 sed
1535 487 1842 540 communis

1945 485 2167 555 σκευῆς,
2201 484 2291 538 καί
2319 502 2438 539 τινα
2476 484 2570 537 τοῦ
2600 484 2831 554 αἵματος
2872 486 2934 536 ἐκ
2980 484 3077 554 τῆς
3122 485 3511 559 παρεγχύσεως

272 575 593 644 pestilentiae
639 576 844 629 saavitia
903 578 1078 630 morbi
1128 577 1537 632 similitudinem
1586 573 1845 629 aﬂ‘erente

1956 577 2048 630 τῶν
2081 576 2414 649 φθοροποιῶν
2455 574 2645 645 χυμῶν
2688 574 2981 644 διαφθορὰν
3024 575 3413 646 ὑπομένοντος,
3450 581 3507 633 ἐν

271 668 493 722 morbus
524 667 650 722 inde
690 678 983 738 generatus
1026 678 1132 731 est,
1165 678 1220 723 et
1270 669 1337 723 ab
1382 667 1490 721 illis
1537 665 1629 736 qui
1664 664 1843 736 _primi

271 757 504 824 correpti
545 764 675 811 sunt
706 757 774 811 ad
808 758 1050 829 reliquos
1087 757 1307 827 serpsit.
1353 755 1424 809 At
1459 755 1547 809 hic
1585 754 1844 825 quoniam

275 846 579 902 affectionis
611 849 693 904 vis
735 849 881 903 intus
919 850 1258 904 contrahitur
1290 855 1344 902 et
1378 846 1657 911 consistit,
1694 854 1749 902 et
1779 861 1844 903 ex

274 937 609 992 tabiﬂcorum
667 940 955 994 humorum
1032 940 1385 1010 perinistione
1445 937 1846 1009 quodammodo

278 1028 505 1096 sanguis
545 1032 930 1100 corrumpitur,
960 1030 1012 1084 in
1054 1037 1353 1100 aegrotante
1394 1031 1569 1085 solum
1597 1029 1763 1083 haeret
1793 1034 1849 1082 et

282 1121 748 1176 circumscribitur
777 1121 1007 1175 aliectio.
1070 1121 1184 1175 Hoc
1210 1128 1390 1177 autem
1420 1122 1499 1176 sic
1530 1121 1750 1181 habere,
1780 1119 1846 1173 il-

280 1206 373 1261 lud
410 1207 670 1263 indicium
722 1212 813 1265 sit.
875 1210 977 1276 Qui
1027 1212 1220 1266 morbo
1267 1211 1538 1274 laborant,
1572 1209 1852 1279 aliquidue

281 1300 522 1355 melioris
559 1302 892 1357 habitudinis
926 1302 1217 1372 acquirunt
1263 1317 1328 1357 ex
1370 1300 1772 1357 consuetudine
1796 1308 1851 1355 et

283 1390 648 1446 familiaritate
685 1408 899 1457 eorum,
935 1395 1027 1464 qui
1061 1393 1344 1449 commoda
1370 1394 1622 1450 feruntur
1650 1392 1853 1446 valetu-

278 1479 425 1545 dine,
460 1485 709 1552 quamvis
739 1494 1001 1541 curentur
1032 1487 1102 1541 ab
1122 1487 1203 1541 eis
1225 1484 1679 1554 diligentissime?
1706 1481 1852 1537 Nihil

277 1574 523 1628 Omnino.
582 1572 673 1629 Sic
720 1575 886 1646 igitur
917 1592 949 1632 e
997 1576 1276 1631 contrario
1326 1574 1442 1628 ﬁeri
1483 1589 1583 1643 par
1634 1582 1751 1634 est,
1793 1577 1852 1625 ut

281 1664 415 1717 nihil
445 1680 509 1719 ex
539 1667 932 1736 aegrotantibus
965 1666 1032 1722 ad
1065 1674 1212 1722 recte
1249 1665 1492 1721 valentes
1520 1661 1853 1717 incommodi

1945 667 2020 737 τῷ
2048 668 2305 738 κάμνοντι
2346 666 2407 718 τὸ
2438 665 2606 729 πάθος
2656 662 3055 736 περιορίζεταιο
3096 666 3190 719 καὶ
3231 668 3311 721 ὅτι
3343 668 3517 723 ταῦτα

1945 758 2116 821 οὓτως
2150 757 2285 828 ἔχει,
2316 757 2547 827 πάρεστι
2590 756 2683 809 καὶ
2718 757 2825 809 ἀπὸ
2853 758 3041 812 τούτου
3076 759 3282 832 μαθεῖν.
3309 763 3401 832 Μή
3431 778 3521 825 τις

1946 851 2053 906 ἀπὸ
2084 850 2191 904 τῶν
2230 847 2588 902 εὐεκτούντων
2623 849 2736 911 τοῖς
2766 849 3104 920 ἀρρωστοῦσι
3140 852 3394 905 κοινωνία
3418 852 3523 923 τῆς

1947 939 2253 1012 κρείττονος
2290 937 2455 1003 ἕξεως
2499 936 2736 1005 γίνεται,
2780 938 2883 992 κᾶν
2930 940 3136 1012 σφόδρα
3173 942 3419 1013 λιπαρῶς
3447 944 3522 1015 τῇ

1948 1030 2211 1101 θεραπείᾳ
2240 1028 2649 1099 προσμένωσινς
2684 1028 2798 1082 Οὐκ
2828 1028 2943 1083 ἔστι
2983 1032 3173 1086 ταῦτα.
3209 1034 3395 1096 Οὕτως
3421 1030 3525 1088 οὖν

1948 1120 2093 1183 εἰκὸς
2122 1118 2217 1173 καὶ
2261 1118 2321 1170 τὸ
2368 1117 2620 1187 ἔμπαλιν,
2671 1119 2805 1188 μηδέ
2849 1119 2956 1173 ἀπὸ
3000 1120 3109 1175 τῶν
3151 1122 3523 1177 ἀσθενούντων

1950 1209 2084 1280 πρὸς
2136 1209 2261 1273 τοὺς
2307 1209 2661 1272 εὐεκτοῦντας
2708 1210 3047 1279 μεταϐαίνειν
3097 1212 3159 1266 τὸ
3209 1213 3399 1279 πάθος.
3454 1215 3527 1268 El

1948 1300 2126 1353 τοίνυν
2172 1299 2233 1352 τὸ
2283 1298 2383 1370 μὲν
2422 1299 2610 1371 κέρδος
2651 1299 2749 1370 τῆς
2795 1301 3014 1372 ἐντολῆς
3054 1305 3325 1369 τοσοῦτον,
3374 1303 3523 1358 ὥστε

1953 1389 2229 1460 βασιλείαν
2258 1389 2501 1461 οὐρανῶν
2526 1391 2593 1444 δι’
2622 1393 2789 1463 αὐτῆς
2820 1393 3199 1465 ἑτοιμάζεσθαι
3222 1436 3238 1460 ,
3268 1394 3443 1466 ζημία
3462 1394 3526 1449 δὲ

1953 1479 2240 1548 πρόσεστιν
2268 1480 2450 1544 αὐτοῖς
2469 1481 2694 1552 οὐδεμία
2725 1483 2803 1555 τῷ
2829 1483 3039 1555 σώματι
3062 1485 3153 1538 τοῦ
3184 1485 3523 1557 θεραπεύον-

1951 1586 2043 1632 τος
2061 1584 2072 1597 ·
2105 1569 2158 1622 τί
2181 1568 2242 1622 τὸ
2271 1569 2478 1624 κωλύον
2505 1572 2622 1625 ἐστὶ
2649 1572 2853 1638 λοιπὸν,
2883 1574 3105 1645 ἐνεργὸν
3129 1570 3268 1629 εἶναι
3298 1575 3400 1649 τὴν
3439 1578 3529 1630 ἐνο

1952 1661 2110 1732 τολὴν
2137 1660 2237 1731 τῆς
2261 1662 2511 1733 ἀγάπης;

281 1756 579 1823 perveniat.
628 1754 828 1822 Quare,
865 1773 989 1812 cum
1029 1765 1179 1811 tanta
1208 1756 1450 1812 mandati
1501 1755 1713 1809 utilitas
1754 1751 1843 1815 sit,
1886 1758 1947 1806 ut
1978 1752 2105 1807 inde
2125 1767 2351 1821 regnum
2386 1752 2649 1808 caelorum
2679 1763 3062 1825 comparetur;
3097 1755 3151 1809 in
3211 1771 3276 1811 eo
3340 1766 3530 1812 autem

279 1848 586 1902 exercendo
609 1850 817 1911 rutilum
850 1850 1179 1920 periculum,
1211 1859 1270 1903 ut
1295 1862 1497 1918 corpus
1530 1844 1843 1903 detrimenti
1881 1844 2176 1915 quidquam
2210 1843 2464 1916 accipiat,
2506 1844 2638 1915 quid
2696 1845 3089 1915 impedimento
3130 1853 3236 1911 est,
3306 1847 3533 1918 quomio

281 1952 386 1991 nus
428 1938 604 2007 ipsum
634 1938 916 1995 cltaritatis
955 1940 1269 1994 mandatum
1292 1938 1609 1995 excolatur?

352 2028 597 2093 Difﬁcile,
631 2038 685 2085 et
718 2033 897 2101 magni
934 2033 1137 2088 laboris
1163 2041 1267 2097 est,
1311 2032 1548 2102 inquies,
1579 2038 1638 2086 ut
1670 2029 1846 2085 homio
1878 2029 1925 2090 Β

281 2131 379 2172 nes
419 2117 487 2171 ad
533 2118 667 2181 haec,
716 2134 746 2172 a
786 2121 984 2189 quibus
1040 2122 1361 2176 naturaliter
1406 2130 1461 2177 et
1501 2119 1849 2176 instinctione

283 2209 513 2276 quadam
560 2211 728 2264 animi
768 2211 1078 2277 abhorrent,
1108 2211 1483 2281 amplectenda
1526 2210 1851 2281 pertrahan-

282 2307 392 2352 tur.
427 2297 591 2363 Belle,
643 2300 905 2356 rationem
955 2301 1206 2365 admitto,
1241 2310 1296 2357 et
1348 2303 1685 2359 laboriosum
1726 2315 1852 2356 esse

283 2389 566 2446 conﬁteor.
601 2388 803 2447 Verum
854 2392 1113 2462 quidnam
1143 2407 1332 2448 eorum
1366 2408 1487 2463 quae
1541 2409 1608 2448 ex
1644 2393 1849 2447 virtute

285 2482 663 2552 perﬁciuntur,
716 2498 749 2537 a
781 2483 966 2538 labore
1001 2498 1236 2538 vacuum
1271 2482 1567 2539 ostendes?
1611 2481 1851 2537 Sudores

282 2579 339 2627 et
363 2572 578 2628 labores
610 2573 811 2629 multos
839 2589 1021 2630 rerum
1056 2573 1359 2630 cmlestium
1397 2574 1511 2644 spei
1554 2573 1639 2628 lex
1671 2571 1854 2628 divina

287 2665 612 2734 proposuit,
662 2665 999 2735 arduamque
1044 2664 1112 2719 ad
1168 2665 1332 2720 vitam
1372 2664 1662 2719 ducentem
1710 2663 1853 2717 viam

288 2755 599 2809 hominibus
628 2755 1044 2821 demonstravit,
1070 2770 1298 2826 eamque
1320 2754 1768 2810 laboriosissimis
1788 2768 1851 2806 ac

288 2840 618 2896 diiﬁcillimis
659 2843 967 2912 quibusque
1010 2844 1354 2899 documentis
1385 2849 1715 2914 peranguste
1766 2857 1852 2897 re-

289 2927 521 2983 ferciens
547 2930 786 3000 undique
814 2931 1131 2987 coarctavit.
1154 2935 1391 3002 Angusta
1416 2932 1553 2985 enim
1572 2942 1650 2985 est
1675 2941 1850 2999 porta,

288 3027 340 3073 et
365 3028 535 3084 arcta,
569 3019 784 3090 inquit,
812 3032 889 3076 est
923 3023 1007 3075 via
1039 3039 1154 3093 qua:
1180 3022 1323 3076 ducit
1347 3023 1415 3076 ad
1439 3023 1675 3076 vitam".
1712 3020 1854 3088 Quid

287 3111 452 3182 ergo?
480 3110 704 3166 Illamne
732 3114 928 3167 summi
960 3114 1086 3169 boni
1116 3130 1267 3185 spem
1309 3114 1513 3169 idcirco
1539 3122 1855 3169 contemne-

289 3219 433 3267 ntus,
464 3202 609 3272 quod
638 3204 704 3258 ad
728 3203 858 3258 illud
892 3204 1101 3275 ignavis
1120 3217 1175 3261 et
1194 3206 1462 3261 inertibus
1484 3206 1726 3276 aspirare
1746 3219 1855 3258 non

288 3295 450 3349 licet?
480 3297 879 3365 lnterrogcmus
903 3296 1298 3363 adolescentes,
1324 3306 1504 3352 utrum
1526 3296 1854 3352 laboriosius

290 3386 383 3450 sit,
426 3386 628 3451 sobrie,
669 3394 819 3441 caste
860 3399 917 3444 et
984 3390 1327 3446 continenter
1383 3389 1585 3457 vivere,
1638 3405 1708 3445 an
1764 3405 1853 3446 re-

289 3474 473 3529 laxare
502 3474 741 3532 habenas
787 3477 1095 3546 cupiditati,
1123 3487 1176 3533 et
1209 3480 1388 3535 solute
1427 3494 1491 3534 ac
1523 3480 1693 3535 libere
1722 3494 1857 3535 con-

290 3569 508 3638 quisitis
536 3568 775 3639 undique
812 3569 1189 3638 voluptatibus
1222 3569 1365 3638 frui;
1409 3579 1464 3626 et
1510 3572 1625 3627 haec
1655 3587 1725 3626 an
1762 3572 1857 3626 illa

290 3659 504 3713 vivendi
542 3660 683 3713 ratio
728 3660 967 3724 suavior,
1004 3670 1059 3714 et
1097 3661 1270 3732 magis
1310 3661 1549 3732 Optanda
1588 3661 1853 3719 videatur.

291 3745 431 3814 Quid
463 3749 563 3818 ipsi
602 3751 712 3804 sint
741 3751 1061 3820 responsuri
1104 3751 1311 3805 nemini
1354 3750 1578 3806 dubium
1608 3760 1711 3807 est.
1746 3751 1856 3807 Nos

292 3852 420 3907 ergo
463 3849 745 3907 propterea
786 3841 837 3893 id
863 3878 877 3903 ,
926 3840 1072 3910 quod
1118 3840 1421 3910 jucundum
1472 3849 1527 3896 et
1573 3841 1734 3897 facile
1772 3850 1857 3898 est

292 3930 752 3996 complectentur;
803 3931 1002 3985 virtute
1026 3939 1230 3995 autem,
1262 3931 1409 4001 quod
1434 3932 1666 3988 dilIicilis
1704 3933 1857 3988 labo-

294 4017 549 4086 riosaquc
583 4020 683 4081 sit,
731 4036 826 4090 per
866 4022 1135 4091 ignaviam
1172 4022 1537 4079 deiiciemus?
1580 4023 1746 4094 Atqui
1781 4024 1859 4078 illi

292 4108 384 4179 qui
426 4110 550 4164 vita:
580 4111 723 4180 leges
774 4112 915 4177 tulit,
961 4113 1062 4168 ista
1112 4127 1219 4167 non
1263 4113 1582 4183 probantur.
1626 4114 1860 4172 Proinde

293 4203 536 4271 spatiosa"
578 4204 667 4256 illa
699 4203 953 4260 deorsum
990 4207 1057 4261 ad
1087 4208 1379 4276 perniciem
1415 4208 1671 4263 tendente
1700 4209 1857 4265 nobis

293 4292 581 4347 interdicta
616 4295 722 4347 via.
774 4294 996 4361 Intrate,
1035 4298 1231 4369 inquit,
1260 4315 1352 4368 per
1380 4310 1658 4370 angustam
1694 4310 1743 4355 et
1768 4317 1860 4355 ar-

298 4391 432 4436 ctam
458 4393 685 4452 portam.
732 4387 910 4442 Unum
954 4389 1119 4459 igitur
1160 4406 1224 4445 ex
1274 4391 1379 4446 illis
1418 4391 1705 4459 institutis,
1740 4408 1859 4462 quae

293 4482 443 4528 recte
474 4490 569 4544 per
612 4476 851 4531 laborem
875 4489 1218 4546 exercentur,
1245 4489 1298 4534 et
1335 4482 1438 4536 hoc
1461 4482 1854 4549 existimemus,

294 4574 353 4620 ut
387 4564 647 4634 rejectum
697 4582 727 4622 e
756 4569 863 4621 vita
906 4577 1068 4638 atque
1117 4572 1387 4626 exoletum
1437 4574 1748 4628 mandatum
1803 4576 1857 4630 in

292 4656 742 4711 consuetudinem
785 4660 1121 4723 inducamus,
1167 4669 1221 4716 et
1265 4663 1567 4717 naturalem
1602 4664 1858 4719 oli'ensio-

290 4761 437 4810 nem,
476 4755 638 4817 atque
670 4746 946 4803 fastidium
987 4751 1174 4816 animi,
1218 4768 1326 4821 quo
1362 4752 1429 4806 ab
1471 4752 1562 4808 illo
1590 4755 1857 4810 abhorre-

291 4854 433 4905 mus,
467 4840 873 4897 exercitationis
904 4842 1223 4900 assiduitate
1265 4845 1555 4909 leniamus,
1585 4854 1639 4901 et
1666 4862 1855 4903 emen-

291 4927 504 4983 demus.
541 4929 731 4999 Magna
757 4933 905 4986 enim
932 4942 1016 4989 est
1037 4936 1450 4991 consuetudinis
1481 4937 1582 5001 vis,
1610 4946 1663 4992 et
1695 4940 1858 4994 rebus

290 5019 452 5073 etiam
505 5019 900 5078 dillicilioribus
969 5026 1106 5080 solet
1166 5026 1500 5095 voluptatem
1564 5029 1855 5097 quamdam

291 5124 599 5182 aspergere.
631 5111 990 5178 Quamobrem
1022 5132 1090 5171 ne
1119 5118 1243 5187 quis
1274 5119 1508 5188 amplius
1541 5120 1854 5176 mandatum

288 5217 412 5260 esse
441 5202 653 5259 diﬂicile
701 5219 765 5259 ac
821 5206 1151 5261 laboriosum
1203 5208 1472 5276 objiciat;
1532 5224 1624 5266 seu
1676 5213 1856 5282 potius

290 5308 480 5351 omnes
516 5297 647 5350 utile
681 5312 745 5352 ac
785 5295 1121 5353 fructuosum
1166 5299 1298 5355 illud
1347 5309 1495 5357 recte
1524 5304 1854 5361 oi-euntibus

291 5382 581 5439 lateantur.
629 5385 693 5439 Et
743 5388 998 5456 quoniam
1054 5400 1277 5460 apparet
1324 5393 1462 5447 lucri
1511 5393 1850 5462 magnitudo,

294 5473 446 5531 labor
468 5463 645 5534 omnis
672 5479 925 5535 alacriter
956 5483 1306 5553 suscipiatur.
1348 5482 1480 5538 Nam
1510 5499 1581 5552 qu
1601 5483 1653 5539 )d
1702 5487 1852 5554 prin-

363 5648 407 5679 "
452 5653 642 5711 Matth.
675 5673 772 5725 vn,
821 5657 884 5712 Η
916 5676 1046 5749 sqq.

2036 2025 2173 2078 Ἀλλ’
2205 2023 2456 2078 ἐπίπονον
2486 2024 2663 2094 λέγεις
2699 2019 2836 2079 εἶναι
2866 2025 2926 2078 τὸ
2953 2024 3241 2095 βιάσασθαι
3278 2033 3532 2097 φυσικῶς

1948 2116 2018 2171 τὰ
2049 2114 2275 2171 τοιαῦτα
2303 2116 2710 2187 μυσαττομένην
2734 2116 2842 2170 τῶν
2873 2116 3081 2171 πολλῶν
3110 2118 3207 2189 τὴν
3236 2119 3378 2186 ἐξινς
3417 2124 3534 2177 Κα-

1949 2208 2087 2271 λῶς·
2123 2206 2439 2278 συντίθεμαι
2480 2207 2559 2278 τῷ
2588 2207 2750 2279 λόγῳ,
2782 2208 2864 2262 ὅτι
2898 2208 3171 2263 ἐπίπονον.
3217 2212 3281 2265 Τί
3308 2212 3365 2265 δὲ
3393 2213 3534 2268 ἄλλο

1948 2298 2057 2350 τῶν
2086 2298 2204 2351 κατ’
2237 2297 2437 2368 ἀρετὴν
2462 2296 2793 2368 τελουμένων
2816 2297 3013 2351 ἄπονον
3038 2296 3266 2364 δείξεις;
3297 2300 3533 2365 πολλοὺς

1953 2387 2180 2460 ἱδρῶτας
2199 2388 2289 2443 καὶ
2307 2388 2497 2452 πόνους
2530 2386 2640 2443 τῶν
2667 2389 2932 2461 οὐρανίων
2964 2389 3192 2445 ἐλπίδων
3227 2392 3529 2461 προσέταξε

1953 2480 2133 2551 νόμος,
2163 2480 2259 2531 καὶ
2289 2477 2654 2549 δυσπόρευτον
2693 2478 2789 2549 τὴν
2828 2480 2919 2532 ἐπὶ
2956 2480 3054 2550 τὴν
3089 2478 3232 2553 ζωὴν
3265 2480 3379 2534 ὁδὸν
3408 2485 3529 2544 τοῖς

1951 2569 2258 2642 ἀνθρώποις
2300 2569 2566 2634 ὑπέδειξε,
2607 2571 2718 2632 τοῖς
2751 2570 3026 2631 ἐπιπόνοις
3054 2572 3148 2624 καὶ
3171 2572 3530 2643 τραχυτέροις

1951 2660 2056 2717 τῶν
2071 2658 2512 2731 ἐπιτηδευμάτων
2527 2658 2896 2729 ἁπανταχόθεν
2915 2659 3315 2725 ἀποστενώσας.
3333 2663 3529 2730 Στενὴ

1950 2750 2062 2819 γὰρ
2079 2750 2179 2804 καὶ
2201 2748 2578 2817 τεθλιμμένη,
2618 2749 2800 2818 φησὶν,
2821 2750 2861 2817 ἠ
2885 2750 3022 2815 ὁδὸς
3044 2753 3083 2820 ἠ
3102 2751 3421 2823 ἀπάγουσα
3438 2755 3533 2819 είς

1951 2841 2067 2910 τὴν
2112 2839 2283 2907 ζωήν.
2330 2840 2396 2893 Τί
2436 2834 2557 2905 οὗν;
2590 2839 2689 2895 Διά
2729 2841 2883 2895 τοῦτο
2927 2844 3025 2914 τῆς
3062 2844 3272 2907 ἐλπίδος
3311 2846 3532 2916 ἐκείνης

1951 2932 2060 2985 τῶν
2101 2931 2323 3001 ἀγαθῶν
2367 2931 2748 3003 ἀμελήσωμεν,
2792 2933 2875 2988 ὅτι
2924 2935 2998 3005 μὴ
3055 2936 3191 3005 μετά
3247 2939 3534 3009 ῥᾳστώνης

1955 3023 2128 3088 ἔξεστι
2152 3022 2452 3095 κτήσασθαι
2478 3038 2492 3087 ;
2540 3021 2932 3094 Ἑρωτήσωμεν
2962 3024 3059 3096 τὴν
3102 3027 3347 3096 νεότητα,
3375 3030 3423 3080 εἱ
3451 3028 3531 3098 μὴ

1954 3119 2206 3183 ἐπίπονος
2232 3119 2265 3189 ἡ
2308 3116 2625 3190 σωφροσύνη
2654 3117 2820 3179 δοκεῖ,
2853 3118 2886 3187 ἢ
2914 3117 2974 3169 τὸ
3000 3116 3223 3186 ἀναίδην
3258 3121 3378 3180 ταῖς
3406 3119 3532 3171 ἐπι-

1955 3207 2175 3279 θυμίαις
2203 3208 2522 3279 κεχρῆσθαι,
2544 3207 2643 3277 τῆς
2664 3205 2963 3278 ἐγκρατοῦς
2986 3205 3263 3275 διαγωγῆς
3289 3206 3362 3276 μὴ
3392 3204 3531 3258 πολὺ

1956 3297 2346 3368 ποθεινότερον.
2389 3291 2516 3367 ’Ἆρ’
2549 3292 2640 3349 οὖν
2676 3295 2765 3349 διὰ
2797 3293 2953 3348 τοῦτο
2982 3294 3043 3347 τὸ
3092 3294 3190 3364 μὲν
3220 3294 3317 3363 ἡδύ
3345 3311 3404 3346 τε
3435 3295 3540 3347 καὶ

1956 3389 2181 3452 εὐπετὲς
2211 3386 2575 3457 ὰνθεξόμεθα,
2605 3386 2741 3458 πρὸς
2773 3385 2830 3439 δέ
2875 3385 2936 3438 τὸ
2979 3387 3153 3456 τραχὺ
3197 3385 3297 3455 τῆς
3330 3384 3538 3455 ἀρετῆς

1957 3482 2373 3552 ἀποκνήσομεν;
2404 3480 2480 3533 Οὐ
2505 3478 2674 3533 ταῦτα
2686 3478 2834 3532 δοκεῖ
2852 3476 2930 3548 τῷ
2950 3477 3048 3546 τῆς
3075 3476 3221 3546 ζωῆς
3239 3474 3534 3546 νομοθέτῃ,

1954 3571 2033 3643 τῷ
2061 3572 2163 3643 τὴν
2193 3572 2449 3626 πλατεῖαν
2479 3573 2573 3625 καὶ⁸
2604 3571 2894 3640 κατωφερῆ
2937 3568 3032 3622 καὶ
3064 3566 3375 3639 εὐρύχωρον
3413 3566 3539 3619 ὁδὸν

1956 3665 2096 3719 κατά
2132 3664 2222 3718 τὸν
2254 3663 2367 3734 βίον
2394 3661 2714 3718 κωλύσαντι.
2746 3662 3060 3716 Είσέλθετε
3084 3659 3213 3728 γάρ,
3246 3658 3395 3728 φησὶ,
3430 3657 3540 3712 διὰ

1957 3758 2068 3828 τῆς
2091 3756 2314 3826 στενῆς
2345 3757 2441 3811 καί
2481 3752 2892 3824 τεθλιμμένης.
2929 3750 3137 3805 υύκοῦν
3169 3749 3265 3803 καὶ
3295 3744 3538 3801 ἐνταῦθα.

1958 3850 2015 3904 ἓν
2041 3851 2150 3906 τῶν
2183 3849 2269 3903 διά
2308 3848 2468 3903 πόνου
2507 3844 2953 3917 κατορθουμένων
2980 3842 3075 3897 καὶ
3105 3839 3264 3894 τοῦτο
3298 3839 3540 3909 νομίσω-

1961 3960 2081 4013 μεν,
2131 3942 2192 3995 τὸ
2232 3941 2460 4008 ἀγαγεῖν
2511 3940 2591 4001 είς
2634 3934 2923 4006 συνήθειαν
2961 3930 3397 4001 άποξενουμένην
3430 3923 3537 3981 τοῦ

1961 4034 2076 4104 βίου
2107 4032 2203 4103 τὴν
2233 4028 2470 4101 ἐντολὴν,
2514 4028 2609 4081 καλ⁵
2635 4027 2733 4098 τὴν
2767 4026 3002 4097 φυσικὴν
3038 4024 3146 4077 τῶν
3177 4021 3539 4091 ὑγιαινόντων

1958 4120 2303 4193 ἀποστροφὴν
2330 4122 2396 4191 τῇ
2427 4120 2660 4189 ἐπιμονῇ
2705 4114 2799 4170 τοῦ
2829 4116 3149 4187 πράγματος
3173 4108 3538 4181 θεραπεύσω.

1964 4230 2081 4284 μεν.
2116 4211 2272 4281 Δεινὴ
2304 4210 2414 4281 γάρ
2446 4210 2593 4262 ἐστιν
2637 4209 2671 4277 ἡ
2705 4206 2960 4276 συνήθεια
2993 4204 3084 4256 καὶ
3114 4204 3219 4264 τοῖς
3252 4198 3538 4252 δυσκολω‹⁵

1958 4304 2135 4375 τέροις
2164 4295 2301 4354 εἶναι
2343 4297 2587 4353 δοκοῦσιν
2612 4296 2803 4367 ἡδονήν
2849 4311 2969 4347 τινα
3015 4291 3102 4345 διὰ
3127 4293 3222 4361 τῆς
3264 4289 3538 4359 ἐπιμονῆς

1961 4389 2375 4463 ἐνεργάσασθαι.
2410 4388 2501 4458 Μὴ
2541 4386 2717 4439 τοίνυν
2762 4383 2968 4452 λεγέτω
3000 4399 3102 4445 τις,
3141 4380 3216 4443 ὡς
3249 4378 3535 4440 ἐπίπονον,

1961 4483 2074 4536 ἀλλ’
2107 4484 2187 4535 ὅτι
2229 4479 2503 4548 ἐπωφελὲς
2534 4478 2643 4541 τοῖς
2685 4474 2928 4548 μετιοῦσι
2973 4474 3034 4527 τὸ
3075 4469 3536 4542 κατορθούμενον.

1960 4572 2070 4625 Καὶ
2108 4570 2292 4640 ἐπειδὴ
2328 4568 2467 4639 μέγα
2509 4567 2568 4620 τὸ
2599 4565 2815 4637 κέρδος,
2856 4563 3188 4635 ύπεροπτέον
3214 4560 3308 4614 τοῦ
3336 4560 3536 4621 πόνου,

1959 4662 2046 4716 διά
2107 4662 2168 4714 τὸ
2217 4659 2425 4729 κέρδος.
2475 4657 2602 4710 Ἡδὺ
2652 4654 2711 4710 δὲ
2770 4653 2849 4725 τῷ
2909 4653 3083 4726 χρόνῳ
3120 4652 3180 4705 τὸ
3231 4649 3365 4713 τέως
3406 4648 3536 4699 ἐπί-

1960 4769 2119 4807 πονον
2157 4749 2244 4803 διὰ
2275 4749 2372 4819 τῆς
2421 4744 2705 4817 συνηθείας
2743 4746 3053 4817 γενήσεται.
3101 4744 3163 4797 Et
3212 4742 3268 4794 δὲ
3316 4742 3396 4794 δεῖ
3438 4741 3539 4794 καὶ

1960 4844 2117 4897 τοῦτο
2148 4840 2461 4914 προσθεῖναι
2486 4840 2597 4901 τοῖς
2623 4835 2950 4908 είρημένοις,
2976 4836 3058 4888 ὅτι
3088 4836 3183 4888 καὶ
3206 4835 3339 4903 παρ’
3369 4832 3537 4884 αὐτὸν

1958 4935 2145 4990 τοῦτον
2190 4933 2280 4987 τὸν
2332 4932 2442 5003 βίον
2474 4930 2760 5000 ἐπωφελής
2809 4928 2923 4980 ἐστι
2968 4928 3081 4990 τοῖς
3130 4923 3459 4992 ὑγιαίνουσιν
3497 4923 3534 4991 η

1961 5024 2098 5098 πρὸς
2143 5023 2474 5094 ἀτυχοῦντας
2520 5021 2833 5091 συμπάθεια
2857 5036 2868 5050 ·
2904 5017 3069 5081 καλὸς
3100 5016 3209 5087 γάρ
3251 5015 3370 5066 ἐστι
3417 5014 3534 5076 τοῖς

1960 5120 2083 5174 νοῦν
2124 5118 2333 5189 ἔχουσιν
2373 5115 2563 5187 ἔρανος
2591 5113 2737 5167 ἐλέου
2756 5152 2771 5176 ,
2800 5113 2858 5164 ὲν
2901 5113 3019 5172 ταῖς
3051 5108 3252 5181 ἐτέρων
3282 5105 3530 5174 δυσπρα-

1960 5212 2106 5280 γίαις
2146 5192 2628 5279 προαποκείμενος.
2674 5200 2890 5269 Ἐπειδὴ
2930 5201 3039 5269 γὰρ
3070 5200 3167 5269 μιᾷ
3200 5196 3358 5265 φύσει
3394 5194 3528 5247 διοιο

1962 5305 2135 5357 κεῖται
2168 5301 2274 5353 πᾶν
2299 5298 2360 5352 τὸ
2396 5294 2751 5365 ἀνθρώπινον,
2784 5292 2879 5345 καὶ
2909 5290 3057 5344 οὐδὲν
3087 5290 3201 5360 ἔχει
3225 5287 3404 5350 οὐδεὶς
3431 5285 3525 5353 τῆς

1960 5388 2239 5461 διηνεκοῦς
2273 5385 2576 5457 εὐπραγίας
2610 5381 2826 5453 βέϐαιόν
2862 5398 2914 5434 τι
2945 5380 3072 5452 παρ’
3103 5378 3280 5448 ἐαυτῷ
3322 5376 3384 5430 τὸ
3417 5372 3526 5427 ἐνέν

1960 5496 2146 5553 χυροψ
2177 5477 2263 5531 διὰ
2307 5476 2504 5540 παντὸς
2533 5474 2797 5544 προσήκει
2826 5471 3131 5543 μεμνῆσθαι
3170 5467 3266 5523 τοῦ
3296 5468 3523 5535 εὐαγγε-

3857 5630 3896 5753 ἐξ
