3896 6204
319 171 417 227 ιεη
1518 155 1575 209 s.
1611 151 1938 208 GllEGORII
1975 148 2270 202 nussum
3455 150 3580 208 492

319 288 375 343 in
436 290 542 341 tme
567 284 731 340 etiam
767 280 972 337 addens
997 278 1232 334 militare
1262 281 1589 348 praeceptum
1624 287 1637 322 :
1672 268 1857 339 Fugite

2037 264 2310 328 ιαύνουσα,
2337 261 2430 316 καὶ
2448 261 2513 335 δὴ
2539 263 2634 316 καὶ
2663 260 3050 332 στρατιωτικὸν
3078 262 3136 314 ὲν
3161 257 3239 332 τῷ
3265 260 3404 315 τέλει
3425 280 3575 334 παρα

321 378 519 448 inquit,
567 374 990 446 fornicati-onem.
1033 369 1200 427 Omne
1230 375 1532 438 peccatum,
1571 359 1708 432 quod
1764 359 1859 430 fect

2042 356 2242 427 γγελμα
2280 353 2701 427 [στρατιωτικὴν
2735 351 2978 425 πρδςτῷ
3000 351 3144 406 τέλει
3178 354 3580 427 παραγγελίαν]

317 473 388 524 rit
440 469 631 531 homo,
697 475 776 520 est
825 474 978 519 extra
1030 462 1290 532 corpu“.
1341 455 1693 514 Sensibilium
1747 451 1855 507 euil

2040 448 2362 518 ροστιθεῖσα.
2399 448 2652 516 Φεύγετιε
2705 444 2837 516 γὰρ,
2889 445 3060 516 φησι,
3107 445 3223 512 τὴν
3267 449 3578 514 πορνείαν.

319 563 584 618 bellorum
625 558 848 624 milites,
894 570 1040 611 nunc
1073 553 1292 625 quidem
1322 550 1570 606 adversis
1618 544 1857 602 frontibu

2049 540 2121 594 ᾶν
2140 539 2470 610 ἁμάρτημα,
2495 539 2525 591 ὂ
2546 538 2654 591 ἐὰν
2671 537 2895 606 ποιήσῃ
2913 537 3245 606 ἅνθρωπος,
3273 537 3443 604 ἐκτὸς
3465 537 3587 593 τοῦ

319 667 556 724 pugnam
610 658 956 718 capessentes
985 687 1000 710 ,
1033 660 1181 700 nunc
1226 651 1408 697 autem
1447 639 1576 710 fuga
1631 646 1848 693 utentes

2046 630 2262 700 ὤματός
2286 631 2473 685 ἐστιν.
2503 630 2565 682 Οἱ
2589 628 2682 682 καὶ
2701 626 2858 700 [γὰρ]
2873 627 2979 680 τῶν
3001 627 3272 698 αἰσθητῶν
3308 628 3584 699 στρατιῶ-

319 717 465 802 acies
498 717 794 798 instruunt.
833 739 928 795 Est
956 741 1118 794 etiam
1150 736 1456 790 animarum
1495 733 1716 796 bellum,
1746 745 1856 801 quo

2050 741 2082 776 ιι
2119 722 2406 793 πολέμων,
2437 720 2532 775 νῦν
2583 721 2678 791 μὲν
2729 717 3128 791 ἀντιπροσώπῳ
3165 719 3431 790 συμϐολῇ,
3485 719 3588 775 νῦν

317 847 370 895 et
412 837 718 893 resistendo
775 843 830 890 et
874 829 1130 902 fugiendo
1187 827 1483 896 prudenter
1518 826 1746 896 geritur.
1777 821 1855 878 llo

2044 836 2049 866 :
2112 816 2260 887 φυγῇ
2310 813 2661 885 κεχρημένοι,
2717 813 2816 878 τὰς
2867 812 3201 884 παρατάξεις
3242 814 3582 882 σοφίζονται.

317 931 496 986 sciens
528 929 752 992 Paulus,
779 927 871 996 qui
910 940 1006 994 per
1037 929 1324 988 utramque
1371 915 1707 975 instruendae
1751 916 1855 972 acit

2021 909 2151 962 Εστι
2173 907 2266 960 καὶ
2293 905 2526 975 πόλεμος
2559 904 2759 975 ψυχῆς,
2787 904 3105 958 ἀντιστάσει
3129 903 3225 958 καὶ
3253 908 3398 975 φυγῇ
3431 921 3559 973 σοφι

317 1024 668 1078 artiﬁciosam
704 1020 971 1074 rationem
1019 1013 1172 1070 ducit
1216 1011 1518 1068 exercitum
1541 1053 1556 1076 ,
1589 1025 1738 1066 nunc
1765 1008 1855 1079 qui

2051 1020 2239 1074 ιμενος.
2275 1001 2445 1055 Τοῦτο
2469 1003 2498 1054 ὁ
2524 1000 2735 1062 Παῦλος
2765 999 2941 1066 εἰδὼς,
2969 1001 2998 1052 ὁ
3023 1000 3125 1071 τῆς
3165 1000 3450 1064 εὐσεϐείας
3493 1017 3589 1053 τα-

317 1114 438 1168 dem
482 1109 726 1181 praecipit
765 1116 825 1166 ut
871 1108 936 1162 ad
976 1121 1210 1175 pugnam
1251 1102 1695 1160 committendam
1748 1109 1855 1156 stem

2050 1094 2194 1150 rixth
2224 1094 2304 1148 δι’
2348 1093 2662 1165 ἀμφοτέρας
2699 1093 2848 1160 ἄγων
2879 1091 2969 1146 τὸν
3012 1090 3240 1164 στρατὸν
3304 1092 3588 1162 ὲντεχνίας

318 1204 554 1258 fortiter.
590 1198 738 1254 State
766 1197 989 1251 accincti
1032 1195 1234 1249 lumbos
1286 1202 1481 1248 vestros
1510 1194 1564 1246 in
1598 1192 1852 1247 veritate’

2050 1184 2343 1258 ύτεχνίας].
2375 1184 2469 1240 νῦν
2496 1184 2594 1256 μὲν
2621 1185 2720 1255 τὴν
2740 1182 2901 1255 [πρὸς
2937 1183 3059 1254 τὴνὶ
3095 1183 3276 1254 μάχην
3313 1183 3587 1252 ἐπιμονὴν

318 1307 466 1350 nunc
515 1301 691 1345 autem
733 1288 856 1357 fuga
897 1286 1138 1342 consulit
1169 1285 1419 1354 decipere
1463 1283 1746 1346 inimicos,
1779 1279 1856 1334 Fu

2048 1277 2396 1350 ιραγγέλλεν
2429 1275 2641 1345 Στῆτε,
2674 1272 3136 1345 περιζωσάμενοι
3193 1275 3309 1342 τὴν
3377 1274 3586 1342 ὀσφὺν

317 1385 463 1452 gite,
520 1377 794 1447 inquiens,
850 1374 1278 1444 fornicationem.
1335 1370 1394 1424 Si
1453 1371 1627 1442 irruat
1689 1367 1855 1422 bellut

2049 1370 2160 1424 [ιῶν
2183 1370 2253 1424 ἐν
2273 1369 2522 1435 ἀληθείᾳ
2545 1383 2558 1396 ·
2600 1367 2694 1420 νῦν
2720 1366 2776 1420 δὲ
2811 1369 2958 1437 φυγῇ
2989 1365 3303 1434 σοφίζεσθαι
3329 1366 3392 1419 τδ
3423 1365 3587 1418 πολε-

316 1471 751 1530 incredulitatis,
806 1469 940 1522 utile
991 1475 1074 1522 est
1122 1466 1198 1519 illi
1240 1463 1514 1519 resistere.
1549 1459 1658 1516 Sed
1691 1460 1736 1515 si
1765 1459 1854 1514 dol

2047 1464 2131 1518 οὖν
2165 1461 2544 1533 συμϐουλεύειο
2569 1461 2821 1530 Φεύγετε
2844 1459 2959 1527 τὴν
2980 1460 3285 1529 πορνείαν.
3320 1459 3386 1513 Et
3421 1459 3585 1513 πόλε-

316 1564 476 1618 nobis
533 1562 771 1616 minetur
809 1559 992 1621 acies,
1029 1564 1222 1612 contra
1251 1555 1354 1612 bos
1390 1552 1734 1610 adversarios
1774 1551 1854 1621 put

2050 1572 2098 1618 9;
2127 1554 2387 1618 ἀπιστίας
2431 1552 2712 1624 προσϐάλῃ
2731 1593 2745 1614 ,
2781 1554 3052 1624 χρήσιμος
3085 1553 3220 1623 πρὸς
3247 1553 3461 1605 ἐκεῖνον
3485 1554 3588 1609 ἀν-

317 1656 509 1710 cbrum
535 1665 615 1709 est
644 1654 823 1708 locare
847 1649 1094 1706 insidias.

2046 1649 2260 1710 ζστασις.
2286 1647 2349 1699 Εἰ
2391 1645 2448 1698 δὲ
2476 1644 2668 1716 δολερά
2700 1643 2788 1716 [ἂν
2828 1643 3017 1716 δόλων]
3050 1644 3356 1697 ἀπειλεῖται
3395 1645 3584 1713 παρά-

1993 1738 2168 1802 ταξις,
2207 1736 2346 1808 καλὴ
2382 1739 2415 1808 ὴ
2447 1736 2582 1805 πρὸς
2619 1735 2843 1799 τούτους
2870 1734 3277 1804 ἀνταγωνιστὰς
3304 1735 3589 1807 προσέδρι

1998 1825 2365 1900 [προσεδρεία]
2379 1872 2395 1888 ,

388 1913 654 1968 Tenditur
675 1927 836 1967 arcus
857 1912 1175 1966 calumniae:
1203 1911 1333 1965 utile
1356 1918 1440 1964 est
1462 1906 1692 1962 adversa
1715 1905 1893 1960 fronte

2071 1923 2168 1975 “Av
2210 1916 2303 1975 οὖν
2350 1919 2720 1988 συκοφαντιῶν
2770 1919 3092 1991 ἐπιφέρεται
3139 1916 3320 1986 τόξον,
3360 1918 3590 1971 λυσιτε-

317 2007 572 2077 congredi
603 2021 724 2060 cum
761 2005 1062 2060 mendacio.
1095 2002 1324 2070 Quando
1353 2009 1534 2056 autem
1562 1999 1695 2071 jacit
1728 2000 1855 2054 telut

2056 2016 2076 2066 ἴ
2138 2015 2173 2084 ἡ
2241 2012 2653 2085 ἀντιπρόσωπος
2723 2010 2964 2081 συμϐολὴ
3031 2009 3166 2079 πρὸς
3232 2008 3296 2062 τὸ
3357 2008 3590 2078 ψεῦδος.

319 2097 492 2153 forma
528 2098 855 2159 meretricia,
901 2096 1186 2152 honestum
1225 2104 1310 2152 est
1337 2103 1548 2165 tergum
1580 2101 1809 2156 vertere,
1839 2109 1857 2144 ε

2054 2110 2166 2160 ιταν
2197 2104 2254 2158 δὲ
2297 2103 2477 2175 μορφὴ
2505 2102 2735 2175 πορνικὴ
2769 2101 3000 2173 τοξεύῃ,
3053 2100 3200 2156 νῶτα
3244 2100 3451 2154 διδόναι
3491 2102 3592 2156 καὶ

316 2195 603 2251 adversum
629 2192 832 2245 vultum
861 2189 1078 2262 fugere.
1097 2187 1156 2243 In
1179 2189 1370 2245 oculos
1389 2188 1534 2243 enim
1567 2188 1732 2242 telum
1761 2186 1854 2242 diri

2053 2213 2093 2268 ιν
2139 2196 2552 2267 ἀντιπρόσωπον
2593 2195 2833 2264 φεύγειν.
2893 2192 3256 2258 Κατατοξεύει
3302 2193 3416 2264 γὰρ
3459 2194 3591 2248 κατ’

315 2289 393 2358 git
420 2284 706 2341 t‘ornicatio
731 2301 744 2337 :
771 2291 832 2350 et,
847 2289 1062 2352 oportet
1096 2281 1408 2336 meminisse
1439 2283 1694 2352 praecepti
1719 2278 1853 2348 impc

2059 2287 2288 2358 »θαλμῶν
2317 2290 2350 2358 ἠ
2374 2286 2598 2356 πορνεία
2622 2301 2634 2315 ·
2660 2286 2740 2339 διὸ
2773 2283 3078 2356 μεμνῆσθαι
3106 2285 3188 2338 δεῖ
3215 2283 3597 2355 τοῦ-στρατη-

314 2377 555 2433 ratoris:
596 2375 785 2445 Fugite
816 2374 1242 2447 fornicationem.
1289 2371 1462 2428 liabet
1499 2372 1645 2427 enim
1688 2372 1852 2443 aliqui

2057 2379 2093 2432 ηὗ
2135 2377 2596 2450 παραγγέλλοντος
2619 2394 2632 2410 ·
2663 2378 3249 2448 Φεύγετεηπορνείαν.
3282 2376 3438 2430 Ἐστι
3471 2379 3595 2448 γάρ

315 2470 490 2539 magis
511 2466 829 2531 timendum,
848 2481 1011 2536 quam
1030 2466 1134 2520 alia
1150 2465 1377 2521 scelera.
1396 2462 1529 2519 Nam
1547 2464 1652 2519 alia
1671 2464 1853 2536 quidet

2085 2471 2194 2526 τῶν
2234 2470 2408 2526 ἄλλων
2455 2470 2888 2543 πονηρευμάτων
2921 2467 3294 2540 φοϐερώτερον
3323 2467 3597 2539 [φευκτό-

315 2567 536 2631 peccata
576 2557 829 2612 videntur
855 2557 1130 2612 abstinere
1159 2573 1188 2610 a
1225 2571 1392 2613 carne
1423 2571 1613 2612 eorum
1647 2557 1742 2626 qui
1777 2557 1853 2624 ips

2059 2563 2196 2637 ρον].
2227 2563 2307 2617 Τά
2339 2564 2440 2635 μὲν
2471 2562 2579 2634 γὰρ
2611 2563 2746 2618 ἀλλα
2778 2563 2880 2634 τῆς
2907 2561 3183 2634 ἁμαρτίας
3226 2561 3369 2615 κακά
3404 2561 3595 2630 φείδε-

317 2651 650 2708 admittunt;
695 2659 750 2704 et
777 2651 922 2723 quod
957 2656 1137 2704 actum
1167 2655 1272 2712 est,
1308 2649 1364 2703 in
1394 2663 1459 2704 eo
1492 2648 1610 2703 solo
1643 2663 1702 2702 se
1724 2647 1855 2703 sistit

2064 2674 2122 2711 αι
2183 2657 2329 2710 δοκεῖ
2369 2657 2468 2727 τῆς
2521 2654 2632 2708 τῶν
2703 2653 3051 2726 πραττόντων
3095 2653 3335 2725 σαρκὸς,
3371 2655 3474 2707 καὶ
3529 2653 3596 2706 τὺ

317 2742 465 2812 quod
515 2739 746 2810 suscipit
772 2739 1042 2794 actionem
1086 2757 1100 2793 :
1133 2747 1193 2792 ut
1227 2740 1282 2793 in
1323 2739 1550 2808 rapinis,
1587 2752 1776 2794 eorum
1809 2753 1855 2794 et

2063 2747 2237 2819 ιαχθὲν
2271 2748 2350 2811 είς
2381 2745 2542 2816 μόνον
2562 2745 2656 2800 τὸν
2684 2745 2784 2816 τὴν
2821 2746 3018 2817 πρᾶξιν
3053 2743 3402 2814 ἐνδεχόμενον
3432 2741 3601 2815 ἵστη.

320 2836 496 2890 solum
553 2833 811 2887 damnum
837 2870 852 2897 ,
897 2832 1108 2903 quibus
1142 2839 1228 2886 est
1251 2824 1495 2901 raptum.
1531 2829 1587 2884 ln
1633 2829 1765 2885 vitio
1802 2830 1858 2884 in

2061 2857 2100 2894 ν’
2128 2834 2238 2894 οἷον
2259 2840 2318 2894 ὲν
2342 2839 2636 2911 ἁρπαγαῖς,
2664 2838 2774 2891 τῶν
2802 2835 3190 2908 ἀρπασθέντων
3221 2834 3286 2889 τὸ
3313 2833 3599 2906 ζημίωμα

318 2928 494 2992 vidiae,
538 2926 592 2981 id
630 2926 865 2996 erumpit
897 2923 952 2977 in
1004 2938 1099 2977 eos
1147 2923 1323 2976 solum
1363 2921 1562 2992 quibus
1596 2920 1856 2976 invidetur

2059 2933 2193 2986 ivov°
2237 2933 2296 2985 ὲν
2346 2933 2413 3003 τῇ
2465 2930 2575 2986 τῶν
2622 2929 3002 3000 φθονουμένων
3059 2927 3222 2998 ἰσχύϊ,
3265 2928 3396 2998 περὶ
3456 2929 3597 2990 τοὺς

317 3017 376 3071 1η
417 3015 787 3087 syc0phantiis
824 3022 880 3070 et
931 3013 1245 3078 calumniis,
1295 3013 1341 3068 si
1389 3013 1472 3067 eis
1509 3010 1641 3067 ﬁdes
1684 3011 1855 3066 habea

2062 3020 2391 3092 ιονουμένους
2430 3020 2494 3073 τὸ
2539 3019 2710 3083 πάθος
2740 3018 3072 3090 ἐκρήγνυται
3096 3033 3110 3046 ο
3153 3019 3211 3070 ὲν
3251 3018 3372 3079 ταῖς
3425 3032 3600 3068 συκο-

317 3119 427 3178 tur,
479 3108 526 3164 is
565 3110 714 3179 solus
750 3116 978 3161 vocatur
1025 3106 1078 3160 in
1121 3105 1418 3174 periculum
1441 3145 1456 3168 ,
1490 3104 1584 3175 qui
1615 3103 1696 3159 eis
1729 3118 1855 3174 appc

2061 3107 2265 3174 ιντίαις,
2301 3108 2431 3163 ὅταν
2454 3107 2658 3179 τύχωσι
2682 3107 2939 3169 πίστεως,
2973 3106 3132 3177 μόνος
3166 3105 3396 3178 [μόνων]
3420 3102 3599 3171 αὖθις

318 3202 468 3256 titur.
533 3201 590 3254 lu
645 3201 712 3254 iis
747 3213 964 3269 quoilue
1020 3197 1314 3260 similiter,
1367 3196 1462 3266 qui
1511 3195 1714 3250 caedem
1752 3195 1856 3250 fece

2066 3201 2087 3254 5
2121 3200 2623 3271 συκοφαντουμένου
2659 3198 2789 3270 [τῶν
2819 3196 3369 3269 συκοφαντουμένων]
3409 3199 3439 3250 δ
3471 3198 3604 3250 κίν-

315 3299 465 3356 runt,
515 3290 633 3360 ejus
673 3300 775 3354 est,
809 3288 863 3342 in
892 3303 1052 3359 quem
1078 3287 1219 3341 facta
1259 3293 1364 3350 est,
1401 3284 1781 3341 infortunium.
1835 3285 1853 3338 ξ

2069 3311 2181 3359 νος’
2229 3294 2288 3348 ὲν
2331 3293 2388 3355 δὲ
2418 3291 2691 3364 φονεῦσι,
2733 3289 2827 3344 τοῦ
2876 3288 3220 3358 φονευθέντος
3247 3287 3308 3342 τὸ
3339 3288 3607 3361 δυσπερά-

316 3386 442 3454 quis
505 3383 840 3436 nefariorum
881 3380 1153 3434 factorum
1195 3387 1556 3448 persequatur
1604 3379 1848 3434 actiones

2073 3401 2181 3457 μα’
2229 3384 2322 3438 καὶ
2366 3365 2548 3439 πᾶσαν
2595 3383 2703 3436 τῶν
2746 3380 2923 3452 ἔργων
2965 3380 3165 3434 ἀδίκων
3211 3380 3607 3450 ἐπερχόμενος

315 3476 556 3532 inveniet
597 3489 784 3529 eorum
816 3470 1058 3542 quidem,
1087 3471 1180 3540 qui
1209 3470 1416 3524 faciunt
1461 3470 1740 3540 injuriam,
1765 3484 1853 3540 par

2065 3478 2224 3543 νᾶξιν,
2267 3478 2487 3549 εὑρήσει
2513 3493 2596 3539 τις
2627 3474 2714 3547 [ἄν
2745 3473 2851 3546 τις]
2897 3475 3023 3537 τοὺς
3082 3473 3181 3543 μὲν
3230 3471 3603 3540 ἀδικοῦντας,

318 3577 423 3623 tem
461 3565 699 3631 lucrari;
730 3578 919 3619 eorum
962 3569 1165 3626 autem,
1200 3563 1400 3631 quibus
1441 3561 1498 3615 ﬁt
1531 3562 1754 3632 injuria,
1790 3566 1854 3616 da

2066 3570 2388 3644 ρδαίνοντας,
2438 3565 2835 3638 ζημιουμένους
2888 3564 2944 3618 δὲ
2997 3564 3121 3627 τοὺς
3168 3563 3604 3634 ἀδικουμένους.

315 3671 502 3710 mnum
555 3656 822 3726 accipere.
862 3651 1178 3708 Fornicatio
1233 3662 1414 3708 autem
1474 3667 1585 3707 non
1661 3654 1853 3722 suscipi

2066 3661 2226 3734 ιρνεία
2272 3659 2331 3712 δὲ
2386 3658 2485 3729 τὴν
2521 3656 2777 3727 τοιαύτην
2821 3657 2920 3708 οὐκ
2969 3651 3074 3708 οἶδε
3125 3654 3424 3726 διαίρεσινο
3455 3656 3604 3709 οὐδὲ

317 3746 585 3817 ejusmodi
635 3746 958 3800 divisionem
987 3763 1005 3800 :
1034 3760 1134 3799 nec
1174 3745 1330 3811 ejus,
1365 3744 1458 3814 qui
1513 3743 1843 3814 passus'est

2066 3752 2216 3824 ιρίζει
2249 3752 2351 3823 τὴν
2393 3749 2491 3803 τοῦ
2513 3749 2783 3814 ¹παθόντος
2809 3749 2873 3802 ἐκ
2903 3747 2994 3800 τοῦ
3016 3747 3310 3818 δράσαντος
3346 3746 3604 3818 πρᾶξιν,

319 3839 587 3894 actionem
623 3846 840 3907 separat
889 3837 957 3890 ab
1007 3851 1072 3890 eo
1123 3836 1214 3905 qui
1255 3836 1400 3904 egit,
1458 3836 1554 3892 sed
1599 3848 1857 3907 utrumqu

2070 3844 2126 3898 λά
2179 3841 2649 3913 συγκαταστρέφει
2707 3841 2805 3911 μὲν
2861 3839 2996 3911 πρὸς
3041 3837 3240 3909 ζημίαν
3309 3840 3608 3911 ὲπικοίνῳ

317 3933 482 3988 simul
511 3931 724 3994 evertit,
779 3937 832 3985 et
875 3930 1094 4001 colligat
1132 3932 1410 3984 communi
1459 3930 1680 3985 vinculo
1714 3931 1855 4000 pollu

2067 3936 2336 3989 νάπτουσα
2359 3934 2669 4006 [ἐπίκοινοψ
2701 3932 2958 3985 συνάπτει
2979 3930 3058 4003 δὲ]
3089 3929 3265 4000 δεσμῷ
3291 3931 3605 4002 μολυσμοῦ

316 4026 500 4082 tionis.
556 4023 791 4078 Possunt
852 4024 1038 4088 avari,
1099 4037 1223 4076 cum
1278 4023 1446 4076 alium
1507 4023 1708 4078 damno
1764 4023 1854 4078 am

2065 4027 2293 4099 tmipvov
2315 4029 2408 4081 καὶ
2432 4027 2529 4098 τὴν
2556 4024 2890 4098 πόρνην,κα“ι
2909 4022 3267 4092 καταισχύνας
3294 4021 3356 4074 τὸ
3385 4023 3603 4094 σῶμα,

313 4119 509 4181 cerint,
580 4116 684 4186 ipsi
781 4116 931 4170 nullo
999 4115 1204 4170 damno
1287 4113 1444 4170 allici.
1508 4113 1851 4171 Fornicatorc

2095 4118 2541 4187 καταισχυνθέντι
2570 4118 3124 4189 συγκαταισχύνεταιο
3157 4117 3279 4178 τοὺς
3310 4119 3610 4185 φονεύον-

313 4218 493 4265 autem
527 4223 635 4262 non
666 4216 899 4277 possunt
941 4221 1141 4274 corpus
1175 4205 1376 4275 probro
1412 4215 1464 4261 et
1491 4207 1756 4272 dedecore
1778 4207 1851 4261 at!

2072 4229 2124 4274 ;,
2157 4211 2214 4263 ὲν
2267 4209 2356 4280 τῷ·
2375 4210 2606 4264 κτείνειν
2629 4249 2643 4273 ,
2677 4210 2949 4279 ἐνδέχεται
2996 4209 3069 4280 μὴ
3111 4207 3610 4280 συναποθνήσκειν

313 4313 436 4353 cere
467 4337 480 4360 ,
525 4297 654 4367 quin
691 4297 853 4350 etiam
909 4295 1070 4349 simul
1130 4310 1252 4348 cum
1299 4311 1364 4351 eo
1429 4298 1522 4366 qui
1570 4298 1770 4367 probro
1804 4316 1851 4355 ct

2071 4304 2107 4365 ῖς
2161 4301 2528 4374 φονευθεῖσινο
2569 4302 2598 4354 ὁ
2628 4301 2682 4355 δὲ
2716 4301 2948 4371 μολύνας
2976 4301 3074 4372 τὴν
3108 4301 3306 4371 σάρκα,
3352 4317 3609 4358 συναπο-

313 4388 558 4450 aﬂ'ectus,
603 4384 705 4454 ipsi
741 4398 957 4454 quoque
986 4383 1185 4452 probro
1212 4385 1532 4440 adiciantur.
1567 4386 1628 4458 [Ii
1661 4391 1752 4458 qui
1788 4405 1851 4446 oc

1052 4383 1185 4436 obro
1212 4385 1532 4440 adiciantur.
1567 4386 1628 4458 [li
1661 4391 1752 4458 qui
1788 4405 1886 4446 oc-
1995 4393 2147 4447 λαύει
2169 4391 2262 4445 τοῦ
2293 4391 2589 4462 μολυσμοῦ.

311 4483 520 4546 cidunt,
555 4482 758 4534 caedem
792 4479 1073 4542 facientes,
1105 4479 1216 4532 ﬁeri
1246 4488 1443 4548 potest,
1468 4489 1528 4534 ut
1561 4498 1668 4537 non
1709 4486 1874 4542 simul
1913 4488 2236 4544 occidantur
2264 4501 2387 4541 cum
2420 4487 2486 4540 iis
2509 4487 2601 4556 qui
2629 4493 2758 4542 sunt
2782 4485 3096 4552 interfecti]
3125 4484 3608 4547 Fornicaloribus

311 4590 514 4641 autem,
551 4579 594 4633 si
629 4591 847 4632 carnem
876 4575 1301 4646 iuquinaverint,
1323 4591 1428 4632 non
1447 4577 1570 4633 licet
1599 4594 1722 4638 esse
1750 4584 1973 4640 mundis
1995 4583 2064 4638 ab
2090 4581 2520 4652 inquinamento.

383 4768 679 4824 Considera
715 4779 893 4822 autem
929 4765 1061 4820 mihi
1108 4765 1211 4820 bac
1257 4765 1313 4820 in
1363 4782 1422 4822 re
1460 4766 1614 4824 Pauli
1667 4773 1885 4829 subtili-

2065 4776 2177 4830 Καὶ⁸
2207 4774 2397 4829 σκόπει
2448 4789 2537 4838 μοι
2575 4771 2672 4842 τὴν
2702 4773 2780 4832 εὶς
2823 4769 2978 4822 τοῦτο
3015 4768 3107 4821 τοῦ
3137 4767 3349 4820 Παύλου
3383 4768 3601 4824 λεπτο-

311 4865 498 4913 tatem.
558 4857 771 4929 Fugite,
815 4857 1010 4928 inquit,
1067 4856 1492 4925 fornicationem.
1541 4859 1654 4915 Cur
1695 4862 1849 4933 ?quo

2059 4867 2198 4936 γίαν.
2233 4868 2517 4936 Φεύγετε,
2548 4863 2701 4933 φησι,
2742 4861 2858 4928 τὴν
2886 4860 3190 4928 πορνείαν.
3221 4858 3321 4912 Διά
3372 4860 3428 4912 τί
3456 4878 3476 4926 ;
3515 4862 3597 4914 ὅτι

310 4952 457 5004 niam
497 4967 650 5004 omne
681 4960 971 5016 peccatum,
1016 4947 1154 5018 quod
1188 4948 1368 5016 fecerit
1418 4947 1592 5019 ltomo,
1623 4963 1699 5006 est
1728 4964 1846 5009 extr

2060 4959 2128 5015 ἄν
2139 4958 2469 5030 ἁμάρτημα,
2495 4957 2525 5010 ὃ
2541 4958 2650 5012 ἐὰν
2675 4956 2900 5022 ποιήσῃ
2927 4951 3456 5020 ᾶνθρωπος.ὲκτὸς
3485 4953 3598 5007 τοῦ

309 5058 498 5114 corpus
524 5040 542 5112 (
568 5056 759 5111 nempe
792 5040 1035 5108 corporis
1062 5053 1170 5093 non
1206 5053 1564 5110 corrumpens
1604 5052 1847 5100 naturam

2062 5048 2269 5115 ἶιματός
2307 5047 2438 5101 ἐστι
2479 5049 2565 5118 (τῇ
2615 5046 2710 5100 τοῦ
2758 5046 3009 5116 σώματος
3058 5041 3132 5114 μὴ
3180 5041 3600 5112 λυμαινόμενον

307 5146 368 5214 ει⁸
401 5150 508 5189 non
563 5133 871 5188 consistens
903 5131 971 5187 ad
1003 5131 1373 5186 membrorum
1420 5133 1798 5203 ignominiam,
1831 5154 1845 5192 ί

2061 5142 2157 5197 iam
2175 5159 2190 5174 ν
2207 5140 2336 5196 ἀλλ’
2359 5143 2464 5208 ἔξω
2499 5139 2596 5196 τοῦ
2618 5140 2720 5212 τὴν
2754 5127 2958 5212 βλάϐην
2978 5131 3280 5206 πράξαντος
3322 5134 3599 5203 σώματος

308 5240 416 5281 non
458 5225 785 5296 completum
833 5221 1244 5294 inquinamento
1289 5225 1557 5294 corporis,
1619 5227 1716 5283 sed
1764 5228 1846 5284 etii

2064 5232 2344 5305 εργεῐται)·
2377 5234 2406 5284 ό
2428 5231 2486 5284 δὲ
2515 5230 2815 5306 πορνεύων,
2838 5231 2917 5293 εις
2945 5227 3010 5281 τὸ
3043 5225 3172 5279 ῐόιον
3199 5224 3363 5295 σῶμα
3393 5226 3602 5297 ἀμαρ-

307 5327 454 5371 ctum
486 5325 639 5372 extra
682 5314 941 5370 damnum
985 5317 1256 5386 corporis,
1293 5317 1437 5387 quod
1488 5317 1539 5374 id
1570 5319 1682 5390 egit
1711 5321 1760 5389 );
1790 5339 1845 5392 qt

2071 5337 2146 5376 νει
2181 5338 2195 5353 ⁸
2229 5321 2328 5392 οὐχ
2373 5319 2560 5394 ὥσπερ
2586 5324 2616 5375 ό
2647 5321 2840 5392 φονεὺς
2869 5319 2950 5383 εἰς
2993 5315 3298 5379 ἀλλότριον,
3331 5312 3609 5384 ἄτρωτον

309 5418 491 5462 autem
520 5409 847 5476 fornicatur,
891 5407 945 5463 in
981 5409 1262 5480 proprium
1299 5425 1500 5481 corpus
1533 5425 1743 5483 peccat,
1772 5426 1847 5486 ῐψ

2075 5414 2190 5470 »τοῦ
2225 5414 2382 5486 σῶμα
2406 5414 2714 5486 συντηρῶν·
2748 5414 2846 5486 οὺχ
2872 5413 3060 5482 ὥσπερ
3088 5409 3117 5462 ὁ
3144 5403 3476 5477 πλεονέκτης
3501 5407 3613 5476 εἰς

375 5587 396 5622 ⁸
426 5587 598 5645 ιοοτ.
630 5607 701 5658 vr,
748 5591 830 5646 18.
908 5593 927 5623 ¹
957 5589 1155 5662 Eplies.
1196 5608 1276 5656 v1,
1301 5592 1385 5647 ιι.
