3896 6204
274 223 383 283 ιοε

1515 219 1571 290 s,
1604 212 1935 275 cneoonu
1967 210 2250 270 NYSSENI

3419 214 3554 274 496

271 343 410 400 derii
447 342 641 414 mugiit
676 341 906 409 famem;
951 342 1046 397 sed
1087 340 1269 414 pudici
1307 338 1482 411 magis
1527 336 1836 393 obstruebal

1950 334 2237 408 δεσποίνης
2287 335 2320 405 ἡ
2380 334 2531 407 φωνὴ
2595 334 2919 408 κελευούσης
2963 352 2977 369 ·
3024 335 3346 407 Κοιμήθητι
3392 339 3548 405 μετ’

270 449 432 489 aures
449 431 575 505 (ΞΜ
604 431 737 487 Nam
767 432 855 485 illa
884 432 1104 503 quidem
1135 431 1373 497 dicebat,
1406 427 1592 482 Donni
1611 441 1851 490 mecum;

1957 426 2125 496 ἐμοῦ.

270 528 598 586 adolescenti
637 537 817 583 autem
849 538 1038 583 contra
1079 525 1454 598 proclamabat
1490 520 1886 592 temperantia:
1911 520 2086 592 Vigila
2124 537 2375 578 mecum:
2411 532 2468 580 et
2518 523 2700 595 reipsa
2740 523 2982 579 ostendit
3008 523 3367 595 vigilantiam.
3406 525 3542 580 Non

268 620 414 676 enim
462 618 744 672 blanditiis
795 617 1021 687 cedens,
1054 617 1370 673 dormitavit
1404 613 1574 669 robur
1607 612 1956 667 constantiae.
2003 611 2122 668 Non
2152 612 2255 668 fuit
2290 629 2447 670 mens
2489 616 2664 686 sopita
2703 614 3203 681 incantationibus;
3262 632 3372 671 non
3426 617 3544 672 fuit

269 728 464 771 somno
498 726 761 784 oppressa
790 711 1165 781 temperantia:
1196 708 1497 773 sobrietas;
1531 720 1640 761 non
1671 704 1740 760 iis
1770 719 1892 774 qua:
1916 705 2255 777 implicatum
2288 706 2548 762 tenebant
2571 707 2939 765 incommodis
2971 706 3073 764 fuit
3102 707 3389 777 dissoluta,
3424 726 3545 764 non

266 802 534 873 elegantis
579 800 767 855 forma
811 806 970 869 capta
1002 805 1087 855 est
1127 796 1433 863 illecebris;
1466 808 1577 849 non
1608 794 2002 850 amatoriorum
2028 796 2319 851 verborum
2359 795 2534 853 fracta
2566 797 2670 853 fuit
2708 798 3030 857 blanditiis:
3065 802 3160 858 sed
3186 804 3335 858 omni
3374 808 3552 861 calu-

264 898 414 956 mnia
444 896 547 969 ipsi
574 902 694 951 erat
727 893 982 950 acerbior
1008 909 1112 948 vox
1150 891 1387 950 domina:
1410 889 1746 947 blandientis
1778 897 1834 946 et
1859 889 2127 947 dicentis:
2151 891 2339 946 Dormi
2368 907 2590 947 mecum.

335 1036 574 1092 Paratus
604 1036 787 1093 stabat
837 1034 1087 1090 diabolus
1117 1031 1373 1088 adulterii
1426 1030 1729 1102 pronubus,
1792 1038 1847 1085 et

265 1130 429 1185 simul
465 1144 592 1184 cum
634 1124 1304 1192 fornicatricestringebat
1322 1132 1549 1189 vestem,
1583 1130 1639 1180 et
1656 1122 1845 1180 socius

263 1227 384 1274 erat
424 1234 685 1275 ansarum
734 1233 874 1288 quas
906 1216 1024 1287 ipsa
1073 1215 1553 1287 apprehendebat;
1596 1214 1692 1270 sed
1744 1229 1844 1270 ne-

268 1310 496 1375 sciebat,
519 1326 578 1366 se
608 1308 802 1365 luctari
842 1324 969 1364 cum
999 1316 1260 1365 veterano
1290 1307 1497 1362 athleta
1548 1306 1845 1377 pudicitiae,

265 1408 322 1456 et
352 1400 447 1470 qui
499 1400 569 1455 ab
611 1399 758 1455 illius
798 1399 950 1455 ansis
1002 1413 1063 1454 se
1110 1397 1271 1453 facile
1310 1397 1566 1454 exuebat.
1620 1394 1836 1450 Relictis

263 1493 432 1559 enim,
458 1491 655 1562 inquit,
691 1491 802 1545 suis
842 1490 1063 1545 vestibus
1084 1491 1139 1544 in
1163 1488 1404 1544 manibus
1425 1488 1564 1558 ejus,
1593 1487 1750 1557 fugit,
1785 1495 1837 1542 et

2016 1029 2273 1101 ’Έτοιμος
2306 1033 2552 1103 εἱστήκει
2583 1033 2681 1104 τῆς
2711 1034 2957 1105 μοιχείας
2980 1033 3342 1105 νυμφαγωγὸς
3361 1035 3398 1087 ὁ
3429 1034 3553 1090 διά-

1943 1120 2133 1187 ϐολος,
2173 1122 2271 1177 καὶ
2320 1126 2649 1193 συνέσφιγγε
2680 1126 2782 1196 τὴν
2832 1126 3035 1197 ἐσθῆτα
3082 1129 3151 1197 τῇ
3205 1126 3405 1197 πόρνῃ.
3444 1129 3550 1180 καὶ⁵

1942 1212 2053 1267 τῶν
2104 1215 2235 1285 παρ’
2269 1215 2483 1286 ἐκείνης
2535 1215 2907 1271 συνεκοινώνει
2936 1216 3147 1270 λαϐὦν·
3195 1216 3294 1269 οὐκ
3322 1217 3457 1288 ᾔδει
3487 1218 3549 1271 δὲ

1941 1305 2162 1380 τεχνίτῃ
2192 1306 2438 1363 παλαίων
2465 1308 2670 1383 ἀθλητῇ
2703 1309 3079 1383 σωφροσύνης,
3097 1310 3190 1363 καὶ
3221 1309 3411 1373 καλῶς
3440 1310 3551 1373 τὰς

1943 1398 2161 1471 ἐκείνης
2190 1399 2581 1471 ἀπεκδυομὲνῳ
2615 1401 2804 1465 λαϐάς.
2826 1401 3181 1456 Καταλιπὼν
3206 1400 3333 1473 γὰρ,
3366 1402 3547 1472 φησι.

1942 1488 2017 1543 τὰ
2041 1488 2239 1559 ἱμάτια
2266 1492 2455 1547 αὑτοῦ
2478 1495 2568 1558 εις
2596 1493 2704 1560 τὰς
2731 1492 2933 1563 χεῖρας
2953 1492 3162 1563 αὐτῆς,
3193 1493 3403 1563 ἔφυτε,
3435 1495 3550 1547 καί
3578 1498 3583 1505 ’

262 1586 414 1654 [oras
444 1584 625 1639 exivit.
671 1580 716 1638 0
746 1582 965 1637 nudatis
1000 1582 1246 1637 sanctior
1278 1579 1647 1634 indumentis!
1696 1577 1836 1644 Quid

1941 1579 2202 1647 ἐξῆλθεν
2230 1581 2368 1647 ἔξω.
2413 1583 2478 1636 Ὦ
2517 1585 2792 1654 γυμνότης
2843 1582 3178 1656 [ἀγιωτέρα]
3212 1583 3550 1656 δικαιοτέρα

261 1673 433 1744 igitur
459 1671 801 1743 Egyptiacte
845 1669 1201 1741 impudicitia:
1255 1667 1479 1725 rabies?
1530 1683 1629 1723 sua
1660 1668 1835 1739 ipsius

261 1764 404 1818 mala
439 1763 494 1817 in
522 1760 816 1833 Josephum
858 1760 1092 1816 confert.
1128 1760 1195 1814 Et
1224 1758 1292 1813 ad
1334 1758 1591 1813 maritum
1646 1772 1842 1813 accur-

260 1869 414 1918 rens,
444 1852 655 1923 inquit:
690 1850 979 1906 Adduxisti
1021 1851 1170 1906 nobis
1199 1865 1420 1920 puerum
1452 1849 1756 1916 Hebreum,
1780 1858 1840 1904 ut

260 1944 411 2001 uobis
430 1943 697 2009 illuderet,
747 1953 799 1998 et
849 1942 988 1998 dixit
1028 1944 1185 1998 uxori
1234 1952 1361 2007 tum,
1408 1959 1525 2013 qua:
1574 1943 1840 2015 hucusque

260 2037 449 2107 pudice
503 2036 832 2091 conseruauit
875 2044 1023 2089 tuum
1057 2036 1232 2091 cubile
1268 2051 1287 2090 :
1322 2035 1598 2090 Dormiam
1646 2046 1837 2093 tecum.

265 2128 559 2198 Postquam
581 2138 756 2184 autem
782 2128 977 2183 sustuli
1000 2142 1193 2193 vocem,
1221 2137 1271 2183 et
1292 2128 1611 2188 exclamavi.
1637 2130 1839 2186 dimisit

262 2221 403 2288 apud
434 2237 516 2275 me
544 2230 708 2275 vestes
739 2237 890 2286 suas,
923 2221 1157 2291 fugitque
1183 2228 1232 2275 et
1257 2236 1496 2291 egressus
1528 2230 1606 2277 est
1635 2223 1806 2292 foras.

333 2311 547 2368 Rursus
571 2311 770 2384 .loseph
820 2326 919 2382 per
977 2320 1185 2369 vestem
1225 2312 1502 2385 appetitur
1537 2316 1834 2373 calumnia.

263 2402 487 2458 Fratres
516 2403 670 2474 prius
704 2394 926 2473 accepta
955 2401 1077 2472 ejus
1099 2412 1271 2468 veste,
1294 2418 1393 2474 per
1420 2403 1569 2459 illam
1593 2404 1839 2474 improbe

261 2493 953 2559 calumniabantur,‘fuisse
969 2509 1091 2551 eum
1116 2509 1147 2549 a
1178 2492 1293 2549 fera
1316 2495 1633 2551 devoratum
1656 2514 1670 2551 :
1692 2510 1839 2553 nunc

261 2597 444 2644 autem
472 2588 592 2658 ipsa
631 2588 816 2643 tunica
852 2585 975 2657 ejus
1026 2595 1248 2656 accepta
1298 2595 1525 2642 accusat
1575 2595 1836 2659 tanquam

260 2679 671 2736 fornicatorem.
699 2678 941 2749 Josepho
973 2678 1232 2733 convenit
1258 2692 1361 2732 vox
1404 2676 1641 2745 Domini,
1684 2678 1859 2733 Divi-ﬂ.

260 2781 441 2823 serunt
474 2769 579 2823 sibi
608 2770 918 2824 uestimenta
956 2784 1094 2831 mea,
1132 2777 1182 2823 et
1227 2784 1392 2839 supra
1420 2779 1611 2825 vestem
1663 2787 1835 2825 meum

259 2859 898 2915 miserunt'meudacium
929 2857 972 2912 ³.
1009 2857 1337 2913 Pudicorum
1375 2861 1641 2915 exercitui
1676 2861 1838 2919 dulce

258 2960 346 3007 est
372 2951 426 3007 id
463 2951 611 3021 quod
642 2950 845 3006 dicitur
871 2965 903 3005 a
938 2950 1239 3021 pudicitia;
1274 2951 1371 3007 sed
1398 2952 1452 3007 id
1474 2948 1835 3010 imbecillitati
1862 2922 1909 2988 ο

259 3043 446 3099 carnis
474 3043 671 3098 durum
704 3050 790 3099 est
818 3050 873 3098 et
919 3040 1276 3099 laboriosum.
1308 3040 1354 3097 Ο
1406 3041 1638 3112 justam,
1671 3059 1835 3116 quam

260 3132 406 3188 Deus
436 3129 663 3205 Iosephi
694 3147 884 3187 curam
917 3130 1090 3203 gessit
1114 3131 1129 3186 l
1157 3132 1300 3188 Ante
1325 3133 1654 3189 tentationes
1680 3133 1837 3190 Jose-

259 3222 426 3293 phum
457 3237 567 3277 non
608 3220 922 3287 honoravit,
965 3220 1061 3277 sed
1084 3235 1183 3291 per
1204 3220 1419 3276 somnia
1464 3221 1705 3277 ostendit
1748 3221 1838 3277 l’u-

257 3323 468 3382 turum,
500 3314 705 3370 docens
760 3313 907 3386 quod
954 3315 1117 3385 longo
1177 3319 1305 3369 ante
1369 3319 1614 3385 tempore
1666 3314 1836 3386 justis

257 3407 472 3479 paravit
497 3406 722 3478 gloriam
747 3424 760 3461 :
790 3405 1038 3476 permisit
1075 3413 1258 3460 autem
1294 3405 1693 3462 tentationibus
1714 3421 1838 3475 pro-

258 3498 394 3555 bare
421 3496 845 3561 adolescentem,
875 3509 1036 3549 aures
1068 3494 1363 3549 occludens
1411 3495 1480 3550 iis
1524 3494 1619 3566 qui
1682 3494 1836 3553 dele-

258 3596 481 3643 ctantur
509 3587 728 3660 probris
755 3602 818 3642 ac
843 3585 1168 3641 maledictis.
1193 3584 1250 3641 Si
1276 3587 1420 3642 enim
1456 3603 1565 3642 non
1595 3587 1837 3645 dedisset

256 3678 498 3748 Josepho
540 3677 945 3749 probationem,
994 3674 1266 3730 dixissent
1297 3676 1573 3743 maledici,
1608 3692 1641 3731 a
1689 3692 1833 3735 caeca

260 3772 375 3824 haec
409 3770 522 3824 fieri
552 3769 791 3823 fortuna.
839 3766 984 3822 Inter
1027 3764 1314 3838 Egyptios
1360 3775 1553 3840 regnat
1605 3767 1831 3842 Joseph,

258 3859 513 3916 barbaris
593 3858 907 3913 dominatur
968 3857 1435 3913 adolescentulus.
1526 3856 1834 3926 Quamnam

174 3950 189 3965 ’
257 3948 501 4006 ostendit
573 3948 887 4003 virtutem?
971 3945 1080 4002 Pro
1154 3962 1392 4018 quanam
1460 3958 1548 4005 cst
1630 3953 1835 4011 virtute

259 4044 363 4097 hoc
415 4039 741 4096 assecutus?
794 4036 874 4093 Ne
933 4054 1064 4109 ergo
1127 4040 1241 4094 haec
1280 4040 1348 4095 de
1399 4038 1641 4113 Josepho
1680 4044 1833 4100 dice—

256 4139 470 4199 rentur,
518 4130 574 4185 in
624 4144 748 4184 eum
792 4128 1057 4199 permittit
1111 4128 1459 4196 tentationes,
1490 4138 1648 4185 utea:
1680 4131 1834 4202 justo

1943 1671 2247 1735 ὲνδύσεωςῐ
2281 1674 2348 1727 Τί
2393 1674 2525 1743 γοῦν
2573 1674 2673 1746 τῆς
2728 1675 3103 1745 Αἰγυπτιακῆς
3151 1674 3463 1738 ἀκολασίας
3511 1676 3548 1745 ἡ

1940 1760 2149 1831 λύσσας
2171 1762 2252 1817 Τά
2286 1764 2483 1832 ἑαυτῆς
2512 1765 2658 1819 κακὰ
2693 1765 2770 1836 τῷ
2809 1765 3006 1837 Ἰωσὴφ
3040 1764 3373 1837 παρατίθησι
3397 1781 3415 1794 ο
3440 1767 3549 1819 καὶ

1938 1852 2221 1924 δραμοῦσα
2257 1854 2395 1926 πρὸς
2430 1856 2522 1909 τὸν
2560 1855 2749 1928 ἄνδρα,
2794 1855 2963 1927 φησί’
2996 1856 3327 1931 Είσήταγες
3378 1856 3550 1925 ἡμῖν

1940 1944 2125 2000 παῖδα
2172 1944 2443 2015 Ἑϐραῖον
2486 1945 2788 2017 ἐμπαίζειν
2823 1946 2969 2016 ἡμῖν
2993 1964 3008 1979 ·
3035 1947 3166 2002 εἶπέ
3218 1965 3316 2017 μοι
3359 1947 3499 2017 γάρ
3528 1966 3544 1979 ·

1940 2036 2388 2107 Κοιμηθήσομαι
2428 2037 2579 2107 μετὰ
2608 2037 2745 2092 σοῦ.
2798 2037 2895 2104 Ὠς
2920 2037 2989 2091 δὲ
3016 2038 3234 2107 Wa
3263 2036 3382 2105 τὴν
3410 2056 3551 2107 φω-

1938 2127 2059 2196 νὴν
2092 2128 2192 2182 καί
2222 2129 2525 2198 ἁνεϐόησα
2545 2167 2560 2191 ,
2597 2127 2793 2199 ἀφῆκε
2840 2130 2914 2185 τὰ
2955 2130 3151 2200 ἱμάτια
3201 2131 3336 2199 παρ’
3359 2131 3541 2200 ἐμοὶ,

1938 2218 2036 2272 καί
2055 2218 2262 2289 ἔφυγε.

2012 2308 2182 2362 Πάλιν
2220 2310 2418 2381 Ἰωσὴφ
2448 2310 2516 2364 δι’
2545 2311 2770 2384 ἐσθῆτος
2802 2314 3233 2382 συκοφαντεῖται.
3272 2311 3541 2382 ’Δδελφοὶ

1939 2401 2205 2474 πρότερον
2241 2402 2409 2457 αὐτοῦ
2438 2404 2529 2457 τὸν
2580 2404 2782 2475 χιτῶνα
2825 2404 3079 2469 λαϐόντες
3106 2404 3183 2468 ὡς
3212 2403 3535 2476 θηριόϐρω-

1936 2509 2030 2545 τον
2060 2493 2224 2548 αὑτὸν
2264 2494 2332 2548 δι’
2362 2494 2571 2549 ἐκείνου
2601 2495 2999 2565 ἐσυκοφάντουν
3024 2494 3343 2568 κακούργως
3366 2510 3382 2523 ·
3424 2495 3536 2549 νῦν

1937 2583 2101 2637 αὑτὸν
2131 2584 2224 2639 τὸν
2256 2585 2457 2657 χιτῶνα
2492 2584 2729 2640 λαϐοῦσα
2759 2586 3032 2640 διαϐάλλει
3063 2585 3331 2657 πορνείας.
3369 2585 3537 2657 [lpi-

1938 2692 2117 2731 πουσα
2135 2676 2214 2749 τῷ
2238 2677 2433 2748 Ἰωσὴφ
2455 2679 2489 2749 ἡ
2507 2677 2601 2731 τοῦ
2623 2678 2892 2733 Δεσπότου
2916 2677 3542 2750 φωνὴ,Διεμερίσαντο

1938 2768 2012 2822 τὰ
2056 2764 2254 2837 ίμάτιά
2274 2785 2395 2837 μου
2438 2764 2661 2839 ἑαυτῆς
2690 2768 2997 2843 [ἐαυτοῖςῙ.
3057 2769 3194 2823 Ἀλλ’
3223 2768 3268 2822 ὣ
3296 2766 3408 2838 τῆς
3447 2768 3540 2821 δι-

1938 2859 2100 2924 καίας
2127 2858 2219 2913 ἐπὶ
2251 2858 2329 2931 τῷ
2382 2860 2579 2931 Ἰωσὴφ
2621 2861 2773 2932 παρὰ
2821 2861 2954 2915 θεοῦ
3004 2860 3366 2934 προστασίαςί
3413 2860 3541 2933 Πρὸ

1940 2947 2048 3020 γάρ
2099 2944 2210 3003 τῶν
2251 2949 2571 3020 πειρασμῶν
2605 2949 2698 3004 τὸν
2738 2952 2934 3022 Ἰωσὴφ
2961 2952 3061 3005 οὐκ
3092 2950 3370 3023 ἐτίμησεν,
3407 2951 3539 3004 ἀλλ’

1941 3038 2108 3106 ἔδειξε
2137 3039 2203 3093 δι’
2226 3041 2518 3112 ὀνειράτων
2548 3043 2611 3097 τὸ
2646 3043 2856 3114 μέλλον,
2878 3044 3143 3099 διδάσκων
3174 3046 3253 3098 ὅτι
3291 3044 3536 3117 πόρρω⁴

1942 3126 2034 3184 θεν
2074 3129 2302 3197 δικαίοις
2336 3132 2436 3203 τὴν
2478 3132 2633 3199 δόξαν
2669 3136 2967 3207 ηὐτρέπισε
3010 3152 3025 3168 ο
3074 3134 3425 3208 συνεχώρησε
3468 3134 3533 3188 δι

1938 3219 2034 3276 τοῦ
2075 3223 2383 3295 πειρασμοῦ
2420 3224 2711 3298 δοκιμάσαι
2738 3227 2828 3282 τὸν
2867 3228 3006 3293 νέον,
3037 3228 3136 3293 τὰς
3159 3228 3267 3281 τῶν
3290 3226 3535 3297 (90046-

1938 3330 2053 3382 γων
2101 3315 2406 3371 ἀποκλείων
2448 3319 2651 3387 φωνάς.
2692 3319 2930 3392 Δοκιμὴν
2970 3320 3077 3392 γὰρ
3122 3322 3198 3393 μὴ
3224 3321 3538 3391 δεδωκότος

1936 3401 2032 3457 τοῦ
2071 3405 2291 3479 Ἰωσὴφ,
2328 3409 2378 3462 οί
2410 3408 2688 3479 φιλόψογοι
2716 3411 2781 3465 ἂν
2811 3410 3018 3480 ἔλεγον,
3051 3413 3332 3483 συντυχίας
3376 3411 3541 3471 εἶναι

1936 3496 2141 3567 τυφλῆς
2162 3497 2231 3551 τὰ
2259 3500 2560 3570 πράγματα
2596 3502 2929 3571 Δίγυπτίων.
2976 3503 3172 3574 Ἰωσὴφ
3215 3504 3536 3575 βασιλεύει,

1937 3589 2033 3641 καὶ
2064 3588 2356 3662 βαρϐάρων
2400 3591 2648 3658 δεσπόςει
2678 3592 2983 3661 παιδάριον.
3015 3595 3180 3649 Ποίαν
3201 3594 3401 3667 ἀρετὴν
3436 3599 3540 3651 ὲν-

1934 3679 2288 3751 δειξάμενον;
2350 3682 2491 3755 ὑπὲρ
2550 3684 2709 3748 ποίας
2776 3684 2965 3739 τούτου
3028 3686 3218 3757 ἔτυχεν
3272 3688 3533 3759 ἀρετῆςς

1938 3769 2055 3822 Ἵνα
2091 3765 2184 3823 οὖν
2213 3770 2383 3825 ταῦτα
2429 3772 2557 3843 περὶ
2602 3772 2697 3825 τοῦ
2744 3773 2952 3827 δικαίου
2988 3776 3063 3845 μὴ
3094 3776 3348 3846 λέγηται,
3378 3795 3533 3849 προ-

1936 3857 2232 3930 λαμϐάνων
2258 3861 2288 3913 ὁ
2319 3860 2454 3925 Θεὸς
2482 3862 2612 3927 τοὺς
2658 3863 2748 3916 ἐπ’
2786 3863 2951 3919 αὑτὸν
3002 3867 3338 3937 πειρασμους
3378 3883 3530 3935 συγ-

1935 3952 2123 4021 χωρεῖ,
2149 3950 2292 4005 ὥστε
2331 3950 2430 4023 τὴν
2462 3951 2550 4005 ἐπ’
2596 3952 2792 4023 ἐκείνῳ
2836 3952 2916 4025 τῷ
2966 3953 3159 4027 δικαίῳ
3207 3956 3532 4028 μαρτυρίαν

1932 4040 2187 4109 γενέσθαι
2219 4083 2235 4108 ,
2266 4042 2359 4097 καὶ
2407 4042 2575 4114 ῥάψαι
2626 4042 2734 4097 τῶν
2767 4043 3073 4115 φιλοψόγων
3124 4046 3193 4102 τά
3238 4047 3528 4117 στόματα.

1945 4133 2441 4206 ’Δποστρεψώμεθα
2494 4136 2674 4191 τοίνυν
2718 4139 2817 4203 τὰς
2872 4139 2938 4191 ἐκ
2980 4138 3190 4210 μορφῆς
3239 4141 3530 4211 πορνικῆς

254 4226 375 4281 viro
404 4224 610 4278 ferrent
640 4221 1037 4288 testimonium,
1064 4228 1122 4277 et
1141 4221 1491 4278 obstruerent
1520 4236 1619 4278 ora
1661 4224 1833 4280 male-

1941 4223 2306 4296 ὲπερχομένας
2328 4225 2508 4295 βολάς.
2528 4227 2810 4299 κλείωμεν
2828 4229 3164 4300 ἁσελγήμασι
3182 4226 3241 4281 τὸ
3260 4226 3499 4299 βλέμμα
3511 4273 3530 4294 ,

256 4315 530 4371 uicorum.
570 4312 903 4368 Aversemur
932 4324 1082 4379 ergo,
1124 4326 1248 4382 quae
1278 4325 1310 4366 a
1358 4309 1539 4367 forma
1578 4314 1831 4369 meretri-

256 4407 343 4469 cia
378 4407 433 4460 in
464 4421 568 4461 nos
593 4404 879 4475 jaciuntur
898 4401 1105 4470 iacula.
1152 4402 1487 4460 Claudamus
1515 4404 1710 4461 oculos
1761 4406 1838 4461 la-

256 4495 463 4559 sciviae,
493 4509 523 4549 a
557 4494 717 4549 nobis
777 4493 1063 4548 rideantur
1112 4492 1426 4563 voluptates
1479 4492 1831 4563 inordinate,

257 4602 483 4643 carnem
510 4586 785 4644 custodiat
810 4583 1191 4655 temperantia,
1217 4585 1271 4638 in
1306 4583 1568 4641 membris
1614 4583 1834 4642 inhabi-

258 4690 335 4736 tet
365 4681 598 4752 puritas.
654 4675 951 4733 Versemur
988 4677 1044 4731 in
1074 4675 1500 4747 cogitationibus
1556 4676 1828 4746 honestis,

255 4769 521 4827 bonorum
544 4783 771 4841 operum
800 4765 1187 4839 splendeamus
1216 4765 1559 4837 fulgoribus:
1611 4783 1830 4839 expur-

1936 4317 2350 4389 φρουραρχείτω
2399 4318 2499 4384 τὴν
2548 4319 2727 4391 σάρκα
2783 4320 3144 4393 σωφροσύνη,
3200 4318 3537 4390 καθαρότης

1932 4406 2209 4460 ἐνοικείτω
2247 4410 2360 4473 τοῖς
2395 4406 2756 4479 μέλεσιν,-ἴνα
2797 4409 2971 4474 οὕτως
3015 4412 3103 4483 εἴη
3126 4411 3185 4464 τὸ
3230 4409 3387 4481 σῶμα
3413 4411 3534 4464 τοῦ

1931 4495 2245 4568 Πνεύματος
2274 4501 2617 4571 οἰκητήριονο
2653 4500 3047 4573 ἐπιγράψωμεν
3084 4500 3216 4556 αὐτὸ
3239 4500 3536 4572 ἐπίγραμ-

1930 4605 2009 4659 μα
2028 4586 2481 4663 [ἐπιγράμματα.
2506 4591 2605 4663 τὴν
2632 4591 2868 4663 φοϐερὰν
2889 4596 3001 4658 τοῖς
3030 4592 3347 4653 ἀκολάστοις
3364 4607 3530 4662 παρ-

1929 4680 2193 4751 αγγελίαν
2218 4682 2355 4753 βοιῖιν
2387 4682 2630 4757 [βοῶντι]
2649 4700 2662 4714 ’
2691 4684 2767 4738 El
2789 4702 2880 4754 τις
2906 4686 3014 4740 τὸν
3041 4684 3194 4740 ναὸν
3217 4684 3324 4739 τοῦ
3357 4685 3533 4740 Θεοῦ

1933 4773 2181 4842 φθείρει,
2206 4774 2414 4844 φθερεῖ
2448 4776 2668 4831 τοῦτον
2714 4779 2748 4831 ὀ
2789 4778 2954 4843 Θεός.

252 4874 378 4937 gata
408 4865 518 4919 vita
549 4863 893 4929 eniteamus;
928 4875 1315 4917 conservemus
1350 4860 1609 4916 mundum
1645 4876 1848 4933 corpus
1883 4863 2208 4923 habitationi
2246 4869 2421 4925 sancti
2456 4868 2718 4940 Spiritus,
2746 4870 2798 4929 ei
2834 4871 3183 4928 ascribamus
3224 4871 3329 4927 hoc
3380 4887 3527 4941 pra:-

253 4967 470 5029 ceptum
512 4953 860 5011 formidabile
896 4953 966 5010 iis
998 4953 1092 5025 qui
1140 4960 1269 5010 sunt
1310 4953 1612 5023 impudici:
1645 4951 1706 5009 Si
1742 4956 1860 5026 quis
1900 4956 2150 5028 templum
2194 4959 2293 5015 Dei
2331 4961 2525 5031 perdit,
2565 4962 2745 5031 perdet
2799 4979 2922 5019 eum
2953 4963 3094 5019 Deus
3117 4962 3160 5019 ⁸.
3202 4962 3429 5036 [Verum
3494 4984 3535 5020 ιι

252 5052 412 5107 nobis
451 5065 518 5105 ne
549 5049 820 5103 tantillum
850 5049 1070 5120 quidem
1096 5049 1309 5121 scjungi
1339 5049 1477 5104 vult.
1521 5048 1665 5116 Quid
1719 5052 1869 5108 enim
1944 5057 2087 5127 patri
2144 5065 2230 5114 est
2278 5058 2601 5128 jucundius,
2656 5074 2821 5131 quam
2879 5062 3086 5116 versari
3137 5074 3262 5115 cum
3327 5060 3532 5119 charis

254 5141 414 5199 liliis?
447 5138 553 5195 Sed
586 5140 847 5210 quoniam
911 5155 1013 5195 nos
1080 5149 1239 5195 vocat
1296 5139 1534 5196 Verbum
1589 5143 1655 5197 ad
1714 5147 2017 5203 certamina
2077 5149 2318 5221 pietatis,
2381 5161 2595 5223 oportet
2634 5168 2736 5209 nos
2766 5166 2991 5207 currere
3023 5151 3092 5208 ad
3130 5159 3282 5222 septa
3336 5152 3531 5208 Eccle-

253 5241 371 5303 siae,
396 5237 589 5292 ascitis
612 5249 842 5307 precum
876 5234 1113 5289 auxiliis.
1143 5233 1411 5288 Caeterum
1443 5236 1577 5292 illud
1610 5246 1846 5295 vestram
1882 5241 2146 5298 adhortor
2185 5244 2531 5311 charitatem,
2605 5244 3041 5300 ecclesiasticum
3101 5243 3347 5299 ordinem
3393 5260 3524 5298 con-

252 5341 486 5398 servate,
522 5338 574 5386 et
608 5329 653 5385 si
681 5328 848 5401 aliqui
879 5327 1091 5383 irruant
1135 5327 1421 5393 tumultus.
1450 5346 1544 5387 cos
1605 5335 1863 5403 patientia
1906 5336 2125 5406 vincite,
2159 5348 2213 5396 et
2249 5341 2488 5397 lenitate.
2559 5337 2825 5396 Futurum
2894 5340 3042 5395 enim
3107 5348 3215 5404 est,
3284 5349 3343 5394 ut
3391 5355 3517 5412 pro-

323 5483 345 5514 ³
372 5481 530 5539 Joan.
564 5498 683 5550 xtx,
705 5483 797 5540 ει.
867 5482 892 5515 ⁸
924 5480 947 5538 ι
979 5482 1109 5540 Cor.
1142 5500 1218 5549 ιιι,
1255 5482 1341 5541 17.

323 5614 403 5681 (2)
439 5615 612 5677 Uncis
642 5616 853 5674 inclusa
887 5632 996 5675 non
1027 5628 1158 5676 sunt
1186 5620 1237 5674 in
1264 5618 1452 5677 Graeco
1478 5618 1602 5676 cod.
1636 5617 1830 5678 Vienn.
