  <div class='ocr_page' id='page_1' title='image "/cluster/home/n/w/nwhite01/storage/ocr_20150623/46/hvd.32044054112198/264.png"; bbox 0 0 3896 6204; ppageno 0'>
   <div class='ocr_carea' id='block_1_1' title="bbox 282 320 393 376">
    <p class='ocr_par' dir='ltr' id='par_1_1' title="bbox 282 320 393 376">
     <span class='ocr_line' id='line_1_1' title="bbox 282 320 393 376; baseline -0.018 0"><span class='ocrx_word' id='word_1_1' title='bbox 282 320 393 376; x_wconf 70' lang='grc'><strong>497</strong></span> 
     </span>
    </p>
   </div>
   <div class='ocr_carea' id='block_1_2' title="bbox 272 535 1094 613">
    <p class='ocr_par' dir='ltr' id='par_1_2' title="bbox 272 535 1094 613">
     <span class='ocr_line' id='line_1_2' title="bbox 272 535 1094 613; baseline 0.019 -25"><span class='ocrx_word' id='word_1_2' title='bbox 272 535 386 605; x_wconf 85' lang='lat' dir='ltr'><strong>qui</strong></span> <span class='ocrx_word' id='word_1_3' title='bbox 420 551 614 594; x_wconf 85' lang='lat' dir='ltr'><strong>sumus</strong></span> <span class='ocrx_word' id='word_1_4' title='bbox 642 539 696 593; x_wconf 88' lang='lat' dir='ltr'><strong>in</strong></span> <span class='ocrx_word' id='word_1_5' title='bbox 726 540 811 595; x_wconf 82' lang='lat' dir='ltr'><strong>via</strong></span> <span class='ocrx_word' id='word_1_6' title='bbox 837 544 1094 613; x_wconf 82' lang='lat' dir='ltr'><strong>comites,</strong></span> 
     </span>
    </p>
   </div>
   <div class='ocr_carea' id='block_1_3' title="bbox 1698 344 2159 411">
    <p class='ocr_par' dir='ltr' id='par_1_3' title="bbox 1698 344 2159 411">
     <span class='ocr_line' id='line_1_3' title="bbox 1698 344 2159 411; baseline 0.02 -11"><span class='ocrx_word' id='word_1_7' title='bbox 1698 344 1789 402; x_wconf 85' lang='lat' dir='ltr'><strong>DE</strong></span> <span class='ocrx_word' id='word_1_8' title='bbox 1832 347 2159 411; x_wconf 73' lang='lat' dir='ltr'><strong>MORTUIS.</strong></span> 
     </span>
    </p>
   </div>
   <div class='ocr_carea' id='block_1_4' title="bbox 275 438 3054 553">
    <p class='ocr_par' dir='ltr' id='par_1_4' title="bbox 275 438 3054 553">
     <span class='ocr_line' id='line_1_4' title="bbox 275 438 3054 553; baseline 0.019 -64"><span class='ocrx_word' id='word_1_9' title='bbox 275 438 887 553; x_wconf 41' lang='lat' dir='ltr'><strong>pedietncorrigantur</strong></span> <span class='ocrx_word' id='word_1_10' title='bbox 953 447 1074 553; x_wconf 67' lang='lat' dir='ltr'><strong>ista:</strong></span> <span class='ocrx_word' id='word_1_11' title='bbox 1142 453 1336 512; x_wconf 80' lang='lat' dir='ltr'><strong>turbae.</strong></span> <span class='ocrx_word' id='word_1_12' title='bbox 1390 456 1571 516; x_wconf 85' lang='lat' dir='ltr'><strong>Nolite</strong></span> <span class='ocrx_word' id='word_1_13' title='bbox 1633 467 1944 535; x_wconf 88' lang='lat' dir='ltr'><strong>perturbari</strong></span> <span class='ocrx_word' id='word_1_14' title='bbox 1982 470 2320 543; x_wconf 83' lang='lat' dir='ltr'><strong>rumoribus,</strong></span> <span class='ocrx_word' id='word_1_15' title='bbox 2378 478 2538 551; x_wconf 80' lang='lat' dir='ltr'><strong>nugis</strong></span> <span class='ocrx_word' id='word_1_16' title='bbox 2587 497 2656 537; x_wconf 91' lang='lat' dir='ltr'><strong>ne</strong></span> <span class='ocrx_word' id='word_1_17' title='bbox 2706 487 3054 553; x_wconf 78' lang='lat' dir='ltr'><strong>moveamini,</strong></span> 
     </span>
    </p>
   </div>
   <div class='ocr_carea' id='block_1_5' title="bbox 3455 383 3562 440">
    <p class='ocr_par' dir='ltr' id='par_1_5' title="bbox 3455 383 3562 440">
     <span class='ocr_line' id='line_1_5' title="bbox 3455 383 3562 440; baseline 0.019 -2"><span class='ocrx_word' id='word_1_18' title='bbox 3455 383 3562 440; x_wconf 62' lang='lat'><strong>‘98</strong></span> 
     </span>
    </p>
   </div>
   <div class='ocr_carea' id='block_1_6' title="bbox 3106 490 3560 561">
    <p class='ocr_par' dir='ltr' id='par_1_6' title="bbox 3106 490 3560 561">
     <span class='ocr_line' id='line_1_6' title="bbox 3106 490 3560 561; baseline 0.011 -16"><span class='ocrx_word' id='word_1_19' title='bbox 3106 490 3204 546; x_wconf 82' lang='lat' dir='ltr'><strong>sed</strong></span> <span class='ocrx_word' id='word_1_20' title='bbox 3248 491 3560 561; x_wconf 78' lang='lat' dir='ltr'><strong>nobiseum,</strong></span> 
     </span>
    </p>
   </div>
   <div class='ocr_carea' id='block_1_7' title="bbox 1134 553 3560 647">
    <p class='ocr_par' dir='ltr' id='par_1_7' title="bbox 1134 553 3560 647">
     <span class='ocr_line' id='line_1_7' title="bbox 1134 553 3560 647; baseline 0.017 -45"><span class='ocrx_word' id='word_1_21' title='bbox 1134 564 1329 647; x_wconf 75' lang='lat' dir='ltr'><strong>preces</strong></span> <span class='ocrx_word' id='word_1_22' title='bbox 1351 553 1417 610; x_wconf 92' lang='lat' dir='ltr'><strong>ad</strong></span> <span class='ocrx_word' id='word_1_23' title='bbox 1446 554 1615 612; x_wconf 90' lang='lat' dir='ltr'><strong>Deum</strong></span> <span class='ocrx_word' id='word_1_24' title='bbox 1647 561 1900 627; x_wconf 86' lang='lat' dir='ltr'><strong>emittite.</strong></span> <span class='ocrx_word' id='word_1_25' title='bbox 1942 572 2002 620; x_wconf 90' lang='lat' dir='ltr'><strong>ut</strong></span> <span class='ocrx_word' id='word_1_26' title='bbox 2036 571 2235 627; x_wconf 81' lang='lat' dir='ltr'><strong>vestris</strong></span> <span class='ocrx_word' id='word_1_27' title='bbox 2280 573 2585 631; x_wconf 83' lang='lat' dir='ltr'><strong>conﬁrmati</strong></span> <span class='ocrx_word' id='word_1_28' title='bbox 2628 579 2916 647; x_wconf 84' lang='lat' dir='ltr'><strong>precibus,</strong></span> <span class='ocrx_word' id='word_1_29' title='bbox 2955 581 3205 640; x_wconf 75' lang='lat' dir='ltr'><strong>dicamus</strong></span> <span class='ocrx_word' id='word_1_30' title='bbox 3242 587 3390 641; x_wconf 88' lang='lat' dir='ltr'><strong>omni</strong></span> <span class='ocrx_word' id='word_1_31' title='bbox 3428 553 3560 643; x_wconf 54' lang='lat' dir='ltr'><strong>tem;</strong></span> 
     </span>
    </p>
   </div>
   <div class='ocr_carea' id='block_1_8' title="bbox 272 628 3561 744">
    <p class='ocr_par' dir='ltr' id='par_1_8' title="bbox 272 628 3561 744">
     <span class='ocr_line' id='line_1_8' title="bbox 272 628 3561 744; baseline 0.017 -64"><span class='ocrx_word' id='word_1_32' title='bbox 272 628 874 744; x_wconf 18' lang='lat' dir='ltr'><strong>pia-reldir‘inis‘al‘ljuti</strong></span> <span class='ocrx_word' id='word_1_33' title='bbox 904 638 1116 700; x_wconf 83' lang='lat' dir='ltr'><strong>viribus</strong></span> <span class='ocrx_word' id='word_1_34' title='bbox 1152 661 1168 700; x_wconf 90' lang='lat'><strong>:</strong></span> <span class='ocrx_word' id='word_1_35' title='bbox 1205 643 1400 703; x_wconf 80' lang='lat' dir='ltr'><strong><em>Omnia</em></strong></span> <span class='ocrx_word' id='word_1_36' title='bbox 1426 664 1645 718; x_wconf 77' lang='lat' dir='ltr'><strong>possunt</strong></span> <span class='ocrx_word' id='word_1_37' title='bbox 1683 654 1738 709; x_wconf 82' lang='lat' dir='ltr'><strong>in</strong></span> <span class='ocrx_word' id='word_1_38' title='bbox 1772 653 2005 729; x_wconf 78' lang='lat' dir='ltr'><strong>Christo,</strong></span> <span class='ocrx_word' id='word_1_39' title='bbox 2045 663 2137 733; x_wconf 83' lang='lat' dir='ltr'><strong>qui</strong></span> <span class='ocrx_word' id='word_1_40' title='bbox 2181 680 2263 721; x_wconf 85' lang='lat' dir='ltr'><strong>me</strong></span> <span class='ocrx_word' id='word_1_41' title='bbox 2293 628 2604 726; x_wconf 64' lang='lat' dir='ltr'><strong>corroboret</strong></span> <span class='ocrx_word' id='word_1_42' title='bbox 2628 628 3561 744; x_wconf 53' lang='grc' dir='ltr'><strong>ἶβῖἶῖῖὲυῶῗᾏέἑίί</strong></span> 
     </span>
    </p>
   </div>
   <div class='ocr_carea' id='block_1_9' title="bbox 275 719 759 801">
    <p class='ocr_par' dir='ltr' id='par_1_9' title="bbox 275 719 759 801">
     <span class='ocr_line' id='line_1_9' title="bbox 275 719 759 801; baseline 0.012 -27"><span class='ocrx_word' id='word_1_43' title='bbox 275 719 493 777; x_wconf 89' lang='lat' dir='ltr'><strong>lorum.</strong></span> <span class='ocrx_word' id='word_1_44' title='bbox 532 724 759 801; x_wconf 75' lang='lat' dir='ltr'><strong>Amen.)</strong></span> 
     </span>
    </p>
   </div>
   <div class='ocr_carea' id='block_1_10' title="bbox 354 884 934 977">
    <p class='ocr_par' dir='ltr' id='par_1_10' title="bbox 354 884 934 977">
     <span class='ocr_line' id='line_1_10' title="bbox 354 884 934 977; baseline 0.012 -17"><span class='ocrx_word' id='word_1_45' title='bbox 354 904 377 935; x_wconf 83' lang='grc' dir='ltr'><strong>ι</strong></span> <span class='ocrx_word' id='word_1_46' title='bbox 403 901 610 977; x_wconf 82' lang='lat' dir='ltr'><strong>Philip.</strong></span> <span class='ocrx_word' id='word_1_47' title='bbox 647 920 727 976; x_wconf 78' lang='grc' dir='ltr'><strong>ιν,</strong></span> <span class='ocrx_word' id='word_1_48' title='bbox 762 908 854 967; x_wconf 73' lang='grc' dir='ltr'><strong>ιε.</strong></span> <span class='ocrx_word' id='word_1_49' title='bbox 928 884 934 891; x_wconf 72' lang='grc'><strong>’</strong></span> 
     </span>
    </p>
   </div>
   <div class='ocr_carea' id='block_1_11' title="bbox 301 1093 3549 1170">
    <p class='ocr_par' dir='ltr' id='par_1_11' title="bbox 301 1093 3549 1170">
     <span class='ocr_line' id='line_1_11' title="bbox 301 1093 3549 1170; baseline 0.01 -37"><span class='ocrx_word' id='word_1_50' title='bbox 301 1093 3549 1170; x_wconf 45' lang='lat' dir='ltr'><strong>M&#39;P—mm</strong></span> 
     </span>
    </p>
   </div>
   <div class='ocr_carea' id='block_1_12' title="bbox 1380 1254 2491 1372">
    <p class='ocr_par' dir='ltr' id='par_1_12' title="bbox 1380 1254 2491 1372">
     <span class='ocr_line' id='line_1_12' title="bbox 1380 1254 2491 1372; baseline 0.014 -16"><span class='ocrx_word' id='word_1_51' title='bbox 1380 1270 1611 1361; x_wconf 81' lang='grc' dir='ltr'><strong>ΤΟΥ</strong></span> <span class='ocrx_word' id='word_1_52' title='bbox 1696 1254 2073 1367; x_wconf 78' lang='grc' dir='ltr'>ΑΥΤΟΥ</span> <span class='ocrx_word' id='word_1_53' title='bbox 2125 1280 2491 1372; x_wconf 89' lang='grc' dir='ltr'><strong>ΛΟΓΟΣ</strong></span> 
     </span>
    </p>
   </div>
   <div class='ocr_carea' id='block_1_13' title="bbox 390 1441 3455 1532">
    <p class='ocr_par' dir='ltr' id='par_1_13' title="bbox 390 1441 3455 1532">
     <span class='ocr_line' id='line_1_13' title="bbox 390 1441 3455 1532; baseline 0.011 -35"><span class='ocrx_word' id='word_1_54' title='bbox 390 1441 596 1497; x_wconf 81' lang='grc' dir='ltr'><strong>ΠΡΟΣ</strong></span> <span class='ocrx_word' id='word_1_55' title='bbox 643 1441 834 1498; x_wconf 79' lang='grc' dir='ltr'><em>ΤΟΥΣ</em></span> <span class='ocrx_word' id='word_1_56' title='bbox 871 1445 1357 1506; x_wconf 79' lang='grc' dir='ltr'><strong>ΠΕΝΘΟΥΝΤΔΣ</strong></span> <span class='ocrx_word' id='word_1_57' title='bbox 1408 1450 1538 1508; x_wconf 74' lang='grc' dir='ltr'><strong>ΕΠ]</strong></span> <span class='ocrx_word' id='word_1_58' title='bbox 1578 1456 1744 1512; x_wconf 83' lang='grc' dir='ltr'><strong>ΤΟΙΣ</strong></span> <span class='ocrx_word' id='word_1_59' title='bbox 1779 1460 1928 1513; x_wconf 81' lang='grc' dir='ltr'><strong>ΑΠΟ</strong></span> <span class='ocrx_word' id='word_1_60' title='bbox 1980 1458 2125 1515; x_wconf 82' lang='grc' dir='ltr'><strong>ΤΟΥ</strong></span> <span class='ocrx_word' id='word_1_61' title='bbox 2161 1464 2539 1520; x_wconf 82' lang='grc' dir='ltr'><strong>ΠΑΡΟΝΤΟΣ</strong></span> <span class='ocrx_word' id='word_1_62' title='bbox 2578 1468 2741 1523; x_wconf 76' lang='grc' dir='ltr'>Βιογ</span> <span class='ocrx_word' id='word_1_63' title='bbox 2774 1471 2970 1527; x_wconf 69' lang='grc' dir='ltr'>ιηιοε</span> <span class='ocrx_word' id='word_1_64' title='bbox 3029 1475 3171 1531; x_wconf 80' lang='grc' dir='ltr'><strong>ΤΟΝ</strong></span> <span class='ocrx_word' id='word_1_65' title='bbox 3208 1475 3455 1532; x_wconf 74' lang='grc' dir='ltr'><strong>ΜΔΙΟΝ</strong></span> 
     </span>
    </p>
   </div>
   <div class='ocr_carea' id='block_1_14' title="bbox 1609 1573 2228 1632">
    <p class='ocr_par' dir='ltr' id='par_1_14' title="bbox 1609 1573 2228 1632">
     <span class='ocr_line' id='line_1_14' title="bbox 1609 1573 2228 1632; baseline 0.008 -5"><span class='ocrx_word' id='word_1_66' title='bbox 1609 1573 2228 1632; x_wconf 75' lang='grc' dir='ltr'><strong>ΜΕΘΙΣΤΔΜΕΝΟΙΣ.</strong></span> 
     </span>
    </p>
   </div>
   <div class='ocr_carea' id='block_1_15' title="bbox 1383 1908 2432 2008">
    <p class='ocr_par' dir='ltr' id='par_1_15' title="bbox 1383 1908 2432 2008">
     <span class='ocr_line' id='line_1_15' title="bbox 1383 1908 2432 2008; baseline 0.011 -11"><span class='ocrx_word' id='word_1_67' title='bbox 1383 1908 1925 2002; x_wconf 86' lang='lat' dir='ltr'><strong>EJUSDEM</strong></span> <span class='ocrx_word' id='word_1_68' title='bbox 1970 1910 2432 2008; x_wconf 82' lang='lat' dir='ltr'><strong>ORATIO</strong></span> 
     </span>
    </p>
   </div>
   <div class='ocr_carea' id='block_1_16' title="bbox 362 2045 1867 2176">
    <p class='ocr_par' dir='ltr' id='par_1_16' title="bbox 362 2088 1865 2160">
     <span class='ocr_line' id='line_1_16' title="bbox 362 2088 1865 2160; baseline 0.009 -13"><span class='ocrx_word' id='word_1_69' title='bbox 362 2090 504 2159; x_wconf 74' lang='lat' dir='ltr'><strong>00A</strong></span> <span class='ocrx_word' id='word_1_70' title='bbox 557 2088 821 2160; x_wconf 80' lang='lat' dir='ltr'><strong>DOCET,</strong></span> <span class='ocrx_word' id='word_1_71' title='bbox 893 2090 1058 2151; x_wconf 82' lang='lat' dir='ltr'><strong>NON</strong></span> <span class='ocrx_word' id='word_1_72' title='bbox 1111 2092 1298 2153; x_wconf 80' lang='lat' dir='ltr'><strong>ESSE</strong></span> <span class='ocrx_word' id='word_1_73' title='bbox 1346 2094 1770 2157; x_wconf 72' lang='grc' dir='ltr'>υοιεινυωι</span> <span class='ocrx_word' id='word_1_74' title='bbox 1819 2100 1865 2160; x_wconf 89' lang='lat'><em>0</em></span> 
     </span>
    </p>
   </div>
   <div class='ocr_carea' id='block_1_17' title="bbox 1969 2045 3479 2176">
    <p class='ocr_par' dir='ltr' id='par_1_17' title="bbox 1969 2101 3479 2176">
     <span class='ocr_line' id='line_1_17' title="bbox 1969 2101 3479 2176; baseline 0.007 -17"><span class='ocrx_word' id='word_1_75' title='bbox 1969 2101 2223 2162; x_wconf 78' lang='lat' dir='ltr'><strong>EORUM</strong></span> <span class='ocrx_word' id='word_1_76' title='bbox 2279 2104 2569 2164; x_wconf 81' lang='lat' dir='ltr'><strong>OBITUM</strong></span> <span class='ocrx_word' id='word_1_77' title='bbox 2627 2105 2765 2176; x_wconf 84' lang='lat' dir='ltr'><strong>QUI</strong></span> <span class='ocrx_word' id='word_1_78' title='bbox 2813 2104 2905 2163; x_wconf 74' lang='lat' dir='ltr'><strong>IN</strong></span> <span class='ocrx_word' id='word_1_79' title='bbox 2972 2106 3161 2165; x_wconf 80' lang='lat' dir='ltr'><strong>FIDE</strong></span> <span class='ocrx_word' id='word_1_80' title='bbox 3203 2108 3479 2171; x_wconf 79' lang='lat' dir='ltr'><strong>OBDOR-</strong></span> 
     </span>
    </p>
   </div>
   <div class='ocr_carea' id='block_1_18' title="bbox 1724 2214 2102 2278">
    <p class='ocr_par' dir='ltr' id='par_1_18' title="bbox 1724 2214 2102 2278">
     <span class='ocr_line' id='line_1_18' title="bbox 1724 2214 2102 2278; baseline 0.008 -4"><span class='ocrx_word' id='word_1_81' title='bbox 1724 2214 2102 2278; x_wconf 72' lang='lat' dir='ltr'><strong>MIERUNT.</strong></span> 
     </span>
    </p>
   </div>
   <div class='ocr_carea' id='block_1_19' title="bbox 1483 2368 2360 2439">
    <p class='ocr_par' dir='ltr' id='par_1_19' title="bbox 1483 2368 2360 2439">
     <span class='ocr_line' id='line_1_19' title="bbox 1483 2368 2360 2439; baseline 0.005 -16"><span class='ocrx_word' id='word_1_82' title='bbox 1483 2369 1637 2424; x_wconf 79' lang='lat' dir='ltr'><strong>Petro</strong></span> <span class='ocrx_word' id='word_1_83' title='bbox 1658 2368 1924 2425; x_wconf 79' lang='lat' dir='ltr'><strong>Francisco</strong></span> <span class='ocrx_word' id='word_1_84' title='bbox 1943 2374 1983 2422; x_wconf 87' lang='grc' dir='ltr'><strong><em>Ζ</em></strong></span> <span class='ocrx_word' id='word_1_85' title='bbox 1987 2370 2066 2428; x_wconf 82' lang='lat' dir='ltr'><strong>ina</strong></span> <span class='ocrx_word' id='word_1_86' title='bbox 2087 2372 2360 2439; x_wconf 70' lang='lat' dir='ltr'><strong>interprete.</strong></span> 
     </span>
    </p>
   </div>
   <div class='ocr_carea' id='block_1_20' title="bbox 349 2664 1867 2739">
    <p class='ocr_par' dir='ltr' id='par_1_20' title="bbox 349 2664 1867 2739">
     <span class='ocr_line' id='line_1_20' title="bbox 349 2664 1867 2739; baseline 0.002 -18"><span class='ocrx_word' id='word_1_87' title='bbox 349 2666 418 2721; x_wconf 82' lang='grc' dir='ltr'><strong>οἱ</strong></span> <span class='ocrx_word' id='word_1_88' title='bbox 442 2665 540 2737; x_wconf 78' lang='grc' dir='ltr'>τὴν</span> <span class='ocrx_word' id='word_1_89' title='bbox 558 2664 864 2735; x_wconf 75' lang='grc' dir='ltr'><strong>ἀναγκαίαν</strong></span> <span class='ocrx_word' id='word_1_90' title='bbox 896 2665 996 2738; x_wconf 84' lang='grc' dir='ltr'><strong>τῆς</strong></span> <span class='ocrx_word' id='word_1_91' title='bbox 1028 2665 1243 2737; x_wconf 79' lang='grc' dir='ltr'>φύσεως</span> <span class='ocrx_word' id='word_1_92' title='bbox 1268 2664 1429 2739; x_wconf 76' lang='grc' dir='ltr'>ἡμῶν</span> <span class='ocrx_word' id='word_1_93' title='bbox 1454 2666 1779 2728; x_wconf 73' lang='grc' dir='ltr'><strong>ἀκολουθίαν</strong></span> <span class='ocrx_word' id='word_1_94' title='bbox 1810 2667 1867 2724; x_wconf 87' lang='grc' dir='ltr'><strong>ἐν</strong></span> 
     </span>
    </p>
   </div>
   <div class='ocr_carea' id='block_1_21' title="bbox 1969 2664 3549 2739">
    <p class='ocr_par' dir='ltr' id='par_1_21' title="bbox 2041 2665 3549 2736">
     <span class='ocr_line' id='line_1_21' title="bbox 2041 2665 3549 2736; baseline 0.001 -13"><span class='ocrx_word' id='word_1_95' title='bbox 2041 2666 2146 2736; x_wconf 82' lang='lat' dir='ltr'><strong>Qui</strong></span> <span class='ocrx_word' id='word_1_96' title='bbox 2179 2665 2552 2724; x_wconf 87' lang='lat' dir='ltr'><strong>necessarium</strong></span> <span class='ocrx_word' id='word_1_97' title='bbox 2596 2672 2809 2722; x_wconf 70' lang='lat' dir='ltr'><strong>natura:</strong></span> <span class='ocrx_word' id='word_1_98' title='bbox 2837 2673 3041 2722; x_wconf 63' lang='lat' dir='ltr'><strong>nostra</strong></span> <span class='ocrx_word' id='word_1_99' title='bbox 3095 2665 3351 2723; x_wconf 84' lang='lat' dir='ltr'><strong>ordinem</strong></span> <span class='ocrx_word' id='word_1_100' title='bbox 3385 2666 3441 2722; x_wconf 88' lang='lat' dir='ltr'><strong>in</strong></span> <span class='ocrx_word' id='word_1_101' title='bbox 3475 2665 3549 2724; x_wconf 87' lang='lat' dir='ltr'><strong>iis</strong></span> 
     </span>
    </p>
   </div>
   <div class='ocr_carea' id='block_1_22' title="bbox 269 2756 1863 2831">
    <p class='ocr_par' dir='ltr' id='par_1_22' title="bbox 269 2756 1863 2831">
     <span class='ocr_line' id='line_1_22' title="bbox 269 2756 1863 2831; baseline 0 -18"><span class='ocrx_word' id='word_1_102' title='bbox 269 2761 398 2823; x_wconf 73' lang='grc' dir='ltr'>τοῖς</span> <span class='ocrx_word' id='word_1_103' title='bbox 424 2757 660 2824; x_wconf 81' lang='grc' dir='ltr'>ἐξιοῦσιν</span> <span class='ocrx_word' id='word_1_104' title='bbox 692 2758 799 2812; x_wconf 76' lang='grc' dir='ltr'>ἀπὸ</span> <span class='ocrx_word' id='word_1_105' title='bbox 818 2756 912 2812; x_wconf 81' lang='grc' dir='ltr'><strong>τοῦ</strong></span> <span class='ocrx_word' id='word_1_106' title='bbox 944 2757 1059 2828; x_wconf 84' lang='grc' dir='ltr'>βίου</span> <span class='ocrx_word' id='word_1_107' title='bbox 1091 2759 1380 2831; x_wconf 81' lang='grc' dir='ltr'>συμφορὰν</span> <span class='ocrx_word' id='word_1_108' title='bbox 1401 2757 1735 2830; x_wconf 80' lang='grc' dir='ltr'><strong>ποιούμενοι,</strong></span> <span class='ocrx_word' id='word_1_109' title='bbox 1767 2759 1863 2813; x_wconf 75' lang='grc' dir='ltr'><strong>καὶ</strong></span> 
     </span>
    </p>
   </div>
   <div class='ocr_carea' id='block_1_23' title="bbox 272 2846 1863 2921">
    <p class='ocr_par' dir='ltr' id='par_1_23' title="bbox 272 2846 1863 2921">
     <span class='ocr_line' id='line_1_23' title="bbox 272 2846 1863 2921; baseline 0.001 -20"><span class='ocrx_word' id='word_1_110' title='bbox 272 2846 752 2919; x_wconf 80' lang='grc' dir='ltr'>βαρυπενθυῦντες</span> <span class='ocrx_word' id='word_1_111' title='bbox 776 2847 869 2900; x_wconf 79' lang='grc' dir='ltr'>ἐπὶ</span> <span class='ocrx_word' id='word_1_112' title='bbox 889 2849 1004 2911; x_wconf 80' lang='grc' dir='ltr'>τοῖς</span> <span class='ocrx_word' id='word_1_113' title='bbox 1031 2846 1447 2919; x_wconf 79' lang='grc' dir='ltr'><strong>μεθισταμένοις</strong></span> <span class='ocrx_word' id='word_1_114' title='bbox 1479 2847 1590 2903; x_wconf 81' lang='grc' dir='ltr'>ἀπὸ</span> <span class='ocrx_word' id='word_1_115' title='bbox 1614 2847 1708 2902; x_wconf 82' lang='grc' dir='ltr'><strong>τοῦ</strong></span> <span class='ocrx_word' id='word_1_116' title='bbox 1734 2849 1863 2921; x_wconf 78' lang='grc' dir='ltr'>τῇδε</span> 
     </span>
    </p>
   </div>
   <div class='ocr_carea' id='block_1_24' title="bbox 272 2937 1863 3011">
    <p class='ocr_par' dir='ltr' id='par_1_24' title="bbox 272 2937 1863 3011">
     <span class='ocr_line' id='line_1_24' title="bbox 272 2937 1863 3011; baseline 0.002 -18"><span class='ocrx_word' id='word_1_117' title='bbox 272 2940 404 3011; x_wconf 83' lang='grc' dir='ltr'>βίου</span> <span class='ocrx_word' id='word_1_118' title='bbox 432 2938 570 3011; x_wconf 77' lang='grc' dir='ltr'>πρὸς</span> <span class='ocrx_word' id='word_1_119' title='bbox 597 2939 689 2992; x_wconf 77' lang='grc' dir='ltr'>τὸν</span> <span class='ocrx_word' id='word_1_120' title='bbox 721 2937 905 3008; x_wconf 78' lang='grc' dir='ltr'>νοερὸν</span> <span class='ocrx_word' id='word_1_121' title='bbox 929 2939 1026 2993; x_wconf 74' lang='grc' dir='ltr'>καὶ</span> <span class='ocrx_word' id='word_1_122' title='bbox 1057 2937 1370 3009; x_wconf 83' lang='grc' dir='ltr'>ἀσώματον,</span> <span class='ocrx_word' id='word_1_123' title='bbox 1394 2937 1456 2993; x_wconf 76' lang='grc' dir='ltr'>οὔ</span> <span class='ocrx_word' id='word_1_124' title='bbox 1498 2956 1590 3010; x_wconf 87' lang='grc' dir='ltr'><strong>μοι</strong></span> <span class='ocrx_word' id='word_1_125' title='bbox 1615 2940 1863 2996; x_wconf 80' lang='grc' dir='ltr'>δοκοῦσιν</span> 
     </span>
    </p>
   </div>
   <div class='ocr_carea' id='block_1_25' title="bbox 272 3028 1863 3101">
    <p class='ocr_par' dir='ltr' id='par_1_25' title="bbox 272 3028 1863 3101">
     <span class='ocr_line' id='line_1_25' title="bbox 272 3028 1863 3101; baseline -0.001 -15"><span class='ocrx_word' id='word_1_126' title='bbox 272 3030 625 3101; x_wconf 67' lang='grc' dir='ltr'><strong>ἐπεσκέφθαι</strong></span> <span class='ocrx_word' id='word_1_127' title='bbox 652 3028 755 3101; x_wconf 75' lang='grc' dir='ltr'><strong>τὴν</strong></span> <span class='ocrx_word' id='word_1_128' title='bbox 782 3028 927 3101; x_wconf 77' lang='grc' dir='ltr'>ζωὴν</span> <span class='ocrx_word' id='word_1_129' title='bbox 956 3029 1112 3101; x_wconf 76' lang='grc' dir='ltr'>ἡμῶν</span> <span class='ocrx_word' id='word_1_130' title='bbox 1136 3030 1258 3101; x_wconf 77' lang='grc' dir='ltr'>ἥτις</span> <span class='ocrx_word' id='word_1_131' title='bbox 1285 3030 1453 3096; x_wconf 77' lang='grc' dir='ltr'>ἐστὶν,</span> <span class='ocrx_word' id='word_1_132' title='bbox 1485 3030 1621 3085; x_wconf 89' lang='grc' dir='ltr'><strong>ἀλλά</strong></span> <span class='ocrx_word' id='word_1_133' title='bbox 1654 3031 1716 3085; x_wconf 83' lang='grc' dir='ltr'>τὸ</span> <span class='ocrx_word' id='word_1_134' title='bbox 1753 3030 1863 3085; x_wconf 82' lang='grc' dir='ltr'><strong>τῶν</strong></span> 
     </span>
    </p>
   </div>
   <div class='ocr_carea' id='block_1_26' title="bbox 272 3120 1865 3194">
    <p class='ocr_par' dir='ltr' id='par_1_26' title="bbox 272 3120 1865 3194">
     <span class='ocr_line' id='line_1_26' title="bbox 272 3120 1865 3194; baseline 0 -17"><span class='ocrx_word' id='word_1_135' title='bbox 272 3121 498 3177; x_wconf 74' lang='grc' dir='ltr'>πολλῶν</span> <span class='ocrx_word' id='word_1_136' title='bbox 542 3122 797 3193; x_wconf 79' lang='grc' dir='ltr'>πάσχειν,</span> <span class='ocrx_word' id='word_1_137' title='bbox 821 3122 872 3175; x_wconf 78' lang='grc' dir='ltr'>οἳ</span> <span class='ocrx_word' id='word_1_138' title='bbox 921 3120 1012 3176; x_wconf 53' lang='lat' dir='ltr'><strong>eis</strong></span> <span class='ocrx_word' id='word_1_139' title='bbox 1044 3139 1189 3186; x_wconf 91' lang='grc' dir='ltr'>τινος</span> <span class='ocrx_word' id='word_1_140' title='bbox 1232 3121 1428 3192; x_wconf 84' lang='grc' dir='ltr'>ἀλόγου</span> <span class='ocrx_word' id='word_1_141' title='bbox 1478 3123 1761 3194; x_wconf 80' lang='grc' dir='ltr'>συνηθείας</span> <span class='ocrx_word' id='word_1_142' title='bbox 1801 3124 1865 3178; x_wconf 80' lang='grc' dir='ltr'>τὸ</span> 
     </span>
    </p>
   </div>
   <div class='ocr_carea' id='block_1_27' title="bbox 274 3209 1863 3287">
    <p class='ocr_par' dir='ltr' id='par_1_27' title="bbox 274 3209 1863 3287">
     <span class='ocr_line' id='line_1_27' title="bbox 274 3209 1863 3287; baseline 0 -18"><span class='ocrx_word' id='word_1_143' title='bbox 274 3214 462 3287; x_wconf 74' lang='grc' dir='ltr'>παρὸν</span> <span class='ocrx_word' id='word_1_144' title='bbox 486 3214 669 3279; x_wconf 76' lang='grc' dir='ltr'>αὐτοῖς</span> <span class='ocrx_word' id='word_1_145' title='bbox 695 3212 770 3277; x_wconf 84' lang='grc' dir='ltr'><strong>ὡς</strong></span> <span class='ocrx_word' id='word_1_146' title='bbox 786 3213 951 3268; x_wconf 77' lang='grc' dir='ltr'>καλὸν</span> <span class='ocrx_word' id='word_1_147' title='bbox 965 3213 1274 3283; x_wconf 77' lang='grc' dir='ltr'>ἀγαπῶσιν,</span> <span class='ocrx_word' id='word_1_148' title='bbox 1306 3209 1419 3267; x_wconf 76' lang='grc' dir='ltr'>οἷον</span> <span class='ocrx_word' id='word_1_149' title='bbox 1441 3213 1487 3268; x_wconf 77' lang='grc' dir='ltr'>δ’</span> <span class='ocrx_word' id='word_1_150' title='bbox 1510 3213 1576 3268; x_wconf 79' lang='grc' dir='ltr'>ἂν</span> <span class='ocrx_word' id='word_1_151' title='bbox 1594 3215 1701 3285; x_wconf 72' lang='grc' dir='ltr'>εἴη.</span> <span class='ocrx_word' id='word_1_152' title='bbox 1730 3213 1863 3269; x_wconf 80' lang='grc' dir='ltr'>Καί-</span> 
     </span>
    </p>
   </div>
   <div class='ocr_carea' id='block_1_28' title="bbox 200 3296 1863 3380">
    <p class='ocr_par' dir='ltr' id='par_1_28' title="bbox 200 3296 1863 3380">
     <span class='ocr_line' id='line_1_28' title="bbox 200 3296 1863 3380; baseline -0.002 -18"><span class='ocrx_word' id='word_1_153' title='bbox 200 3296 209 3303; x_wconf 64' lang='grc'><strong>’</strong></span> <span class='ocrx_word' id='word_1_154' title='bbox 275 3325 365 3362; x_wconf 77' lang='grc' dir='ltr'><strong>τοι</strong></span> <span class='ocrx_word' id='word_1_155' title='bbox 392 3325 460 3377; x_wconf 88' lang='grc' dir='ltr'><strong>γε</strong></span> <span class='ocrx_word' id='word_1_156' title='bbox 482 3308 573 3362; x_wconf 77' lang='grc' dir='ltr'>τὸν</span> <span class='ocrx_word' id='word_1_157' title='bbox 597 3307 741 3377; x_wconf 83' lang='grc' dir='ltr'>λόγῳ</span> <span class='ocrx_word' id='word_1_158' title='bbox 769 3308 864 3362; x_wconf 78' lang='grc' dir='ltr'>καὶ</span> <span class='ocrx_word' id='word_1_159' title='bbox 894 3306 1103 3379; x_wconf 79' lang='grc' dir='ltr'>διανοίᾳ</span> <span class='ocrx_word' id='word_1_160' title='bbox 1132 3307 1234 3379; x_wconf 84' lang='grc' dir='ltr'><strong>τῆς</strong></span> <span class='ocrx_word' id='word_1_161' title='bbox 1259 3306 1454 3376; x_wconf 79' lang='grc' dir='ltr'>ἀλόγου</span> <span class='ocrx_word' id='word_1_162' title='bbox 1494 3306 1707 3376; x_wconf 80' lang='grc' dir='ltr'>φύσεως</span> <span class='ocrx_word' id='word_1_163' title='bbox 1729 3323 1863 3380; x_wconf 86' lang='grc' dir='ltr'>προ-</span> 
     </span>
    </p>
   </div>
   <div class='ocr_carea' id='block_1_29' title="bbox 280 3398 1862 3471">
    <p class='ocr_par' dir='ltr' id='par_1_29' title="bbox 280 3398 1862 3471">
     <span class='ocr_line' id='line_1_29' title="bbox 280 3398 1862 3471; baseline -0.002 -16"><span class='ocrx_word' id='word_1_164' title='bbox 280 3399 637 3471; x_wconf 71' lang='grc' dir='ltr'>τεταγμένον,</span> <span class='ocrx_word' id='word_1_165' title='bbox 669 3398 808 3471; x_wconf 81' lang='grc' dir='ltr'>πρὸς</span> <span class='ocrx_word' id='word_1_166' title='bbox 826 3398 983 3453; x_wconf 79' lang='grc' dir='ltr'>τοῦτο</span> <span class='ocrx_word' id='word_1_167' title='bbox 1006 3398 1165 3467; x_wconf 88' lang='grc' dir='ltr'>μόνον</span> <span class='ocrx_word' id='word_1_168' title='bbox 1188 3398 1291 3471; x_wconf 77' lang='grc' dir='ltr'>τὴν</span> <span class='ocrx_word' id='word_1_169' title='bbox 1319 3399 1491 3470; x_wconf 77' lang='grc' dir='ltr'>ῥοπὴν</span> <span class='ocrx_word' id='word_1_170' title='bbox 1519 3398 1663 3469; x_wconf 79' lang='grc' dir='ltr'>ἔχειν</span> <span class='ocrx_word' id='word_1_171' title='bbox 1690 3415 1862 3471; x_wconf 81' lang='grc' dir='ltr'>προσ-</span> 
     </span>
    </p>
   </div>
   <div class='ocr_carea' id='block_1_30' title="bbox 285 3489 1863 3563">
    <p class='ocr_par' dir='ltr' id='par_1_30' title="bbox 285 3489 1863 3563">
     <span class='ocr_line' id='line_1_30' title="bbox 285 3489 1863 3563; baseline 0 -18"><span class='ocrx_word' id='word_1_172' title='bbox 285 3490 451 3562; x_wconf 82' lang='grc' dir='ltr'>ῆκεν,</span> <span class='ocrx_word' id='word_1_173' title='bbox 473 3491 541 3544; x_wconf 74' lang='grc' dir='ltr'><strong>ἶν’</strong></span> <span class='ocrx_word' id='word_1_174' title='bbox 566 3491 597 3545; x_wconf 85' lang='grc' dir='ltr'><strong>δ</strong></span> <span class='ocrx_word' id='word_1_175' title='bbox 621 3492 690 3563; x_wconf 75' lang='grc' dir='ltr'>τῇ</span> <span class='ocrx_word' id='word_1_176' title='bbox 718 3489 812 3545; x_wconf 81' lang='grc' dir='ltr'><strong>τοῦ</strong></span> <span class='ocrx_word' id='word_1_177' title='bbox 852 3489 1010 3560; x_wconf 88' lang='grc' dir='ltr'>λόγου</span> <span class='ocrx_word' id='word_1_178' title='bbox 1035 3489 1214 3562; x_wconf 87' lang='grc' dir='ltr'>κρίσει</span> <span class='ocrx_word' id='word_1_179' title='bbox 1252 3489 1419 3543; x_wconf 86' lang='grc' dir='ltr'>καλόν</span> <span class='ocrx_word' id='word_1_180' title='bbox 1437 3507 1498 3543; x_wconf 90' lang='grc' dir='ltr'><strong>τε</strong></span> <span class='ocrx_word' id='word_1_181' title='bbox 1527 3490 1619 3544; x_wconf 71' lang='grc' dir='ltr'>καὶ</span> <span class='ocrx_word' id='word_1_182' title='bbox 1647 3490 1863 3562; x_wconf 74' lang='grc' dir='ltr'>αἱρετὸν</span> 
     </span>
    </p>
   </div>
   <div class='ocr_carea' id='block_1_31' title="bbox 284 3581 1864 3655">
    <p class='ocr_par' dir='ltr' id='par_1_31' title="bbox 284 3581 1864 3655">
     <span class='ocr_line' id='line_1_31' title="bbox 284 3581 1864 3655; baseline -0.001 -16"><span class='ocrx_word' id='word_1_183' title='bbox 284 3584 662 3655; x_wconf 77' lang='grc' dir='ltr'>ἀναφαίνεται,</span> <span class='ocrx_word' id='word_1_184' title='bbox 697 3583 794 3639; x_wconf 77' lang='grc' dir='ltr'>καὶ</span> <span class='ocrx_word' id='word_1_185' title='bbox 840 3582 918 3655; x_wconf 81' lang='grc' dir='ltr'>μὴ</span> <span class='ocrx_word' id='word_1_186' title='bbox 945 3581 1103 3637; x_wconf 81' lang='grc' dir='ltr'>τοῦτο</span> <span class='ocrx_word' id='word_1_187' title='bbox 1144 3582 1362 3646; x_wconf 79' lang='grc' dir='ltr'>πάντως</span> <span class='ocrx_word' id='word_1_188' title='bbox 1405 3582 1694 3655; x_wconf 77' lang='grc' dir='ltr'>αἱρεῖσθαι,</span> <span class='ocrx_word' id='word_1_189' title='bbox 1725 3584 1864 3655; x_wconf 80' lang='grc' dir='ltr'>ὅπερ</span> 
     </span>
    </p>
   </div>
   <div class='ocr_carea' id='block_1_32' title="bbox 282 3674 1862 3748">
    <p class='ocr_par' dir='ltr' id='par_1_32' title="bbox 282 3674 1862 3748">
     <span class='ocr_line' id='line_1_32' title="bbox 282 3674 1862 3748; baseline -0.001 -17"><span class='ocrx_word' id='word_1_190' title='bbox 282 3677 353 3731; x_wconf 72' lang='grc' dir='ltr'>ἂν</span> <span class='ocrx_word' id='word_1_191' title='bbox 390 3678 577 3741; x_wconf 79' lang='grc' dir='ltr'>αὐτοῖς</span> <span class='ocrx_word' id='word_1_192' title='bbox 608 3677 674 3730; x_wconf 78' lang='grc' dir='ltr'><strong>ἐκ</strong></span> <span class='ocrx_word' id='word_1_193' title='bbox 711 3674 998 3747; x_wconf 76' lang='grc' dir='ltr'>συνηθείας</span> <span class='ocrx_word' id='word_1_194' title='bbox 1038 3674 1183 3739; x_wconf 82' lang='grc' dir='ltr'>τινὸς</span> <span class='ocrx_word' id='word_1_195' title='bbox 1228 3674 1324 3729; x_wconf 74' lang='grc' dir='ltr'>καὶ</span> <span class='ocrx_word' id='word_1_196' title='bbox 1358 3674 1581 3748; x_wconf 78' lang='grc' dir='ltr'>ἀκρίτου</span> <span class='ocrx_word' id='word_1_197' title='bbox 1609 3691 1862 3747; x_wconf 84' lang='grc' dir='ltr'>προσπα-</span> 
     </span>
    </p>
   </div>
   <div class='ocr_carea' id='block_1_33' title="bbox 280 3766 1865 3839">
    <p class='ocr_par' dir='ltr' id='par_1_33' title="bbox 280 3766 1865 3839">
     <span class='ocr_line' id='line_1_33' title="bbox 280 3766 1865 3839; baseline -0.002 -16"><span class='ocrx_word' id='word_1_198' title='bbox 280 3768 439 3833; x_wconf 78' lang='grc' dir='ltr'>θείας</span> <span class='ocrx_word' id='word_1_199' title='bbox 468 3769 567 3839; x_wconf 76' lang='grc' dir='ltr'><strong>ἡδύ</strong></span> <span class='ocrx_word' id='word_1_200' title='bbox 598 3785 659 3822; x_wconf 84' lang='grc' dir='ltr'><strong>τε</strong></span> <span class='ocrx_word' id='word_1_201' title='bbox 690 3767 783 3822; x_wconf 83' lang='grc' dir='ltr'>καὶ</span> <span class='ocrx_word' id='word_1_202' title='bbox 820 3766 1158 3838; x_wconf 83' lang='grc' dir='ltr'>καταθύμιον</span> <span class='ocrx_word' id='word_1_203' title='bbox 1185 3766 1455 3836; x_wconf 79' lang='grc' dir='ltr'>φαίνεται.</span> <span class='ocrx_word' id='word_1_204' title='bbox 1485 3766 1576 3821; x_wconf 92' lang='grc' dir='ltr'>Διό</span> <span class='ocrx_word' id='word_1_205' title='bbox 1608 3783 1698 3838; x_wconf 78' lang='grc' dir='ltr'><strong>μοι</strong></span> <span class='ocrx_word' id='word_1_206' title='bbox 1717 3766 1865 3821; x_wconf 74' lang='grc' dir='ltr'>δοκεῖ</span> 
     </span>
    </p>
   </div>
   <div class='ocr_carea' id='block_1_34' title="bbox 276 3857 1865 3930">
    <p class='ocr_par' dir='ltr' id='par_1_34' title="bbox 276 3857 1865 3930">
     <span class='ocr_line' id='line_1_34' title="bbox 276 3857 1865 3930; baseline -0.002 -15"><span class='ocrx_word' id='word_1_207' title='bbox 276 3859 475 3923; x_wconf 74' lang='grc' dir='ltr'>καλῶς</span> <span class='ocrx_word' id='word_1_208' title='bbox 500 3859 643 3930; x_wconf 71' lang='grc' dir='ltr'>ἐχειν</span> <span class='ocrx_word' id='word_1_209' title='bbox 673 3858 880 3930; x_wconf 78' lang='grc' dir='ltr'>ἐπινοίᾳ</span> <span class='ocrx_word' id='word_1_210' title='bbox 914 3859 1020 3913; x_wconf 72' lang='grc' dir='ltr'>τινὶ</span> <span class='ocrx_word' id='word_1_211' title='bbox 1039 3857 1141 3929; x_wconf 86' lang='grc' dir='ltr'><strong>τῆς</strong></span> <span class='ocrx_word' id='word_1_212' title='bbox 1167 3857 1303 3929; x_wconf 82' lang='grc' dir='ltr'>πρὸς</span> <span class='ocrx_word' id='word_1_213' title='bbox 1326 3857 1387 3912; x_wconf 79' lang='grc' dir='ltr'>τὸ</span> <span class='ocrx_word' id='word_1_214' title='bbox 1413 3857 1641 3929; x_wconf 81' lang='grc' dir='ltr'>σύνηθες</span> <span class='ocrx_word' id='word_1_215' title='bbox 1664 3858 1865 3923; x_wconf 81' lang='grc' dir='ltr'>αὐτοὺς</span> 
     </span>
    </p>
   </div>
   <div class='ocr_carea' id='block_1_35' title="bbox 269 3949 1864 4023">
    <p class='ocr_par' dir='ltr' id='par_1_35' title="bbox 269 3949 1864 4023">
     <span class='ocr_line' id='line_1_35' title="bbox 269 3949 1864 4023; baseline -0.001 -17"><span class='ocrx_word' id='word_1_216' title='bbox 269 3951 586 4014; x_wconf 76' lang='grc' dir='ltr'>διαθέσεως</span> <span class='ocrx_word' id='word_1_217' title='bbox 615 3952 1039 4023; x_wconf 74' lang='grc' dir='ltr'>ἀποστήσαντας,</span> <span class='ocrx_word' id='word_1_218' title='bbox 1074 3952 1425 4022; x_wconf 82' lang='grc' dir='ltr'>μεταγαγεῖν,</span> <span class='ocrx_word' id='word_1_219' title='bbox 1452 3949 1529 4013; x_wconf 86' lang='grc' dir='ltr'>ὼς</span> <span class='ocrx_word' id='word_1_220' title='bbox 1560 3950 1674 4003; x_wconf 76' lang='grc' dir='ltr'>ἔστι</span> <span class='ocrx_word' id='word_1_221' title='bbox 1702 3950 1864 4004; x_wconf 84' lang='grc' dir='ltr'>δυνα-</span> 
     </span>
    </p>
   </div>
   <div class='ocr_carea' id='block_1_36' title="bbox 1970 2758 3549 2831">
    <p class='ocr_par' dir='ltr' id='par_1_36' title="bbox 1970 2758 3549 2831">
     <span class='ocr_line' id='line_1_36' title="bbox 1970 2758 3549 2831; baseline 0.001 -16"><span class='ocrx_word' id='word_1_222' title='bbox 1970 2760 2065 2831; x_wconf 89' lang='lat' dir='ltr'><strong>qui</strong></span> <span class='ocrx_word' id='word_1_223' title='bbox 2092 2775 2125 2816; x_wconf 81' lang='grc' dir='ltr'><strong>ο</strong></span> <span class='ocrx_word' id='word_1_224' title='bbox 2184 2760 2299 2816; x_wconf 74' lang='lat' dir='ltr'><strong>vita</strong></span> <span class='ocrx_word' id='word_1_225' title='bbox 2326 2758 2637 2821; x_wconf 86' lang='lat' dir='ltr'><strong>discedunt,</strong></span> <span class='ocrx_word' id='word_1_226' title='bbox 2688 2758 3052 2815; x_wconf 73' lang='lat' dir='ltr'><strong>calamitatem</strong></span> <span class='ocrx_word' id='word_1_227' title='bbox 3103 2758 3445 2825; x_wconf 82' lang='lat' dir='ltr'><strong>existimant,</strong></span> <span class='ocrx_word' id='word_1_228' title='bbox 3492 2768 3549 2816; x_wconf 88' lang='lat' dir='ltr'><strong>et</strong></span> 
     </span>
    </p>
   </div>
   <div class='ocr_carea' id='block_1_37' title="bbox 1968 2848 3546 2922">
    <p class='ocr_par' dir='ltr' id='par_1_37' title="bbox 1968 2848 3546 2922">
     <span class='ocr_line' id='line_1_37' title="bbox 1968 2848 3546 2922; baseline -0.003 -14"><span class='ocrx_word' id='word_1_229' title='bbox 1968 2866 2063 2908; x_wconf 89' lang='lat' dir='ltr'><strong>eos</strong></span> <span class='ocrx_word' id='word_1_230' title='bbox 2082 2851 2176 2922; x_wconf 87' lang='lat' dir='ltr'><strong>qui</strong></span> <span class='ocrx_word' id='word_1_231' title='bbox 2200 2865 2265 2906; x_wconf 81' lang='lat' dir='ltr'><strong>ex</strong></span> <span class='ocrx_word' id='word_1_232' title='bbox 2288 2849 2394 2906; x_wconf 86' lang='lat' dir='ltr'><strong>hoc</strong></span> <span class='ocrx_word' id='word_1_233' title='bbox 2424 2848 2630 2905; x_wconf 91' lang='lat' dir='ltr'><strong>mundo</strong></span> <span class='ocrx_word' id='word_1_234' title='bbox 2649 2849 2884 2919; x_wconf 76' lang='lat' dir='ltr'><strong>migrant</strong></span> <span class='ocrx_word' id='word_1_235' title='bbox 2905 2849 2972 2905; x_wconf 90' lang='lat' dir='ltr'><strong>ad</strong></span> <span class='ocrx_word' id='word_1_236' title='bbox 2995 2848 3271 2906; x_wconf 67' lang='lat' dir='ltr'><strong>caelestem</strong></span> <span class='ocrx_word' id='word_1_237' title='bbox 3291 2849 3546 2920; x_wconf 82' lang='lat' dir='ltr'><strong>patriam,</strong></span> 
     </span>
    </p>
   </div>
   <div class='ocr_carea' id='block_1_38' title="bbox 1969 2939 3550 3012">
    <p class='ocr_par' dir='ltr' id='par_1_38' title="bbox 1969 2939 3550 3012">
     <span class='ocr_line' id='line_1_38' title="bbox 1969 2939 3550 3012; baseline -0.001 -15"><span class='ocrx_word' id='word_1_238' title='bbox 1969 2941 2159 2998; x_wconf 88' lang='lat' dir='ltr'><strong>dolore</strong></span> <span class='ocrx_word' id='word_1_239' title='bbox 2213 2948 2270 2995; x_wconf 87' lang='lat' dir='ltr'><strong>et</strong></span> <span class='ocrx_word' id='word_1_240' title='bbox 2320 2939 2582 3012; x_wconf 82' lang='lat' dir='ltr'><strong>lacrymis</strong></span> <span class='ocrx_word' id='word_1_241' title='bbox 2639 2949 3048 3012; x_wconf 88' lang='lat' dir='ltr'><strong>prosequuntur</strong></span> <span class='ocrx_word' id='word_1_242' title='bbox 3070 2981 3087 3008; x_wconf 90' lang='lat'><strong>,</strong></span> <span class='ocrx_word' id='word_1_243' title='bbox 3126 2956 3240 2996; x_wconf 87' lang='lat' dir='ltr'><strong>non</strong></span> <span class='ocrx_word' id='word_1_244' title='bbox 3293 2939 3550 2997; x_wconf 81' lang='lat' dir='ltr'><strong>videntur</strong></span> 
     </span>
    </p>
   </div>
   <div class='ocr_carea' id='block_1_39' title="bbox 1969 3032 3548 3103">
    <p class='ocr_par' dir='ltr' id='par_1_39' title="bbox 1969 3032 3548 3103">
     <span class='ocr_line' id='line_1_39' title="bbox 1969 3032 3548 3103; baseline 0.001 -15"><span class='ocrx_word' id='word_1_245' title='bbox 1969 3033 2104 3089; x_wconf 73' lang='lat' dir='ltr'><strong>mihi</strong></span> <span class='ocrx_word' id='word_1_246' title='bbox 2133 3033 2365 3103; x_wconf 85' lang='lat' dir='ltr'><strong>hujusce</strong></span> <span class='ocrx_word' id='word_1_247' title='bbox 2407 3033 2532 3088; x_wconf 66' lang='lat' dir='ltr'><strong>vitae</strong></span> <span class='ocrx_word' id='word_1_248' title='bbox 2556 3032 2926 3089; x_wconf 87' lang='lat' dir='ltr'><strong>conditionem</strong></span> <span class='ocrx_word' id='word_1_249' title='bbox 2977 3032 3365 3091; x_wconf 84' lang='lat' dir='ltr'><strong>considerasse</strong></span> <span class='ocrx_word' id='word_1_250' title='bbox 3389 3072 3406 3099; x_wconf 92' lang='lat'><strong>,</strong></span> <span class='ocrx_word' id='word_1_251' title='bbox 3451 3032 3548 3090; x_wconf 79' lang='lat' dir='ltr'><strong>sed</strong></span> 
     </span>
    </p>
   </div>
   <div class='ocr_carea' id='block_1_40' title="bbox 1968 3122 3549 3194">
    <p class='ocr_par' dir='ltr' id='par_1_40' title="bbox 1968 3122 3549 3194">
     <span class='ocr_line' id='line_1_40' title="bbox 1968 3122 3549 3194; baseline -0.001 -14"><span class='ocrx_word' id='word_1_252' title='bbox 1968 3124 2046 3180; x_wconf 86' lang='lat' dir='ltr'><strong>ita</strong></span> <span class='ocrx_word' id='word_1_253' title='bbox 2075 3123 2254 3181; x_wconf 73' lang='grc' dir='ltr'>οπεοιί</span> <span class='ocrx_word' id='word_1_254' title='bbox 2289 3138 2436 3191; x_wconf 81' lang='lat' dir='ltr'><strong>esse,</strong></span> <span class='ocrx_word' id='word_1_255' title='bbox 2467 3132 2530 3178; x_wconf 86' lang='grc' dir='ltr'><strong>ιιι</strong></span> <span class='ocrx_word' id='word_1_256' title='bbox 2548 3124 2796 3194; x_wconf 86' lang='lat' dir='ltr'><strong>plerique</strong></span> <span class='ocrx_word' id='word_1_257' title='bbox 2819 3137 2851 3178; x_wconf 92' lang='lat' dir='ltr'><strong>e</strong></span> <span class='ocrx_word' id='word_1_258' title='bbox 2896 3122 3082 3194; x_wconf 84' lang='lat' dir='ltr'><strong>vulgo,</strong></span> <span class='ocrx_word' id='word_1_259' title='bbox 3115 3124 3211 3194; x_wconf 89' lang='lat' dir='ltr'><strong>qui</strong></span> <span class='ocrx_word' id='word_1_260' title='bbox 3253 3135 3549 3182; x_wconf 90' lang='lat' dir='ltr'><strong>consuetu-</strong></span> 
     </span>
    </p>
   </div>
   <div class='ocr_carea' id='block_1_41' title="bbox 1970 3215 3547 3290">
    <p class='ocr_par' dir='ltr' id='par_1_41' title="bbox 1970 3215 3547 3290">
     <span class='ocr_line' id='line_1_41' title="bbox 1970 3215 3547 3290; baseline -0.001 -16"><span class='ocrx_word' id='word_1_261' title='bbox 1970 3217 2100 3274; x_wconf 89' lang='lat' dir='ltr'><strong>dine</strong></span> <span class='ocrx_word' id='word_1_262' title='bbox 2139 3217 2376 3290; x_wconf 89' lang='lat' dir='ltr'><strong>quadam</strong></span> <span class='ocrx_word' id='word_1_263' title='bbox 2436 3216 2658 3272; x_wconf 87' lang='lat' dir='ltr'><strong>homine</strong></span> <span class='ocrx_word' id='word_1_264' title='bbox 2718 3215 2978 3287; x_wconf 85' lang='lat' dir='ltr'><strong>indigna,</strong></span> <span class='ocrx_word' id='word_1_265' title='bbox 3024 3231 3366 3288; x_wconf 65' lang='lat' dir='ltr'><strong>quaecunque</strong></span> <span class='ocrx_word' id='word_1_266' title='bbox 3438 3216 3547 3273; x_wconf 80' lang='lat' dir='ltr'><strong>illis</strong></span> 
     </span>
    </p>
   </div>
   <div class='ocr_carea' id='block_1_42' title="bbox 1970 3306 3548 3379">
    <p class='ocr_par' dir='ltr' id='par_1_42' title="bbox 1970 3306 3548 3379">
     <span class='ocr_line' id='line_1_42' title="bbox 1970 3306 3548 3379; baseline 0.002 -15"><span class='ocrx_word' id='word_1_267' title='bbox 1970 3309 2191 3377; x_wconf 86' lang='lat' dir='ltr'><strong>adsunt,</strong></span> <span class='ocrx_word' id='word_1_268' title='bbox 2227 3316 2289 3364; x_wconf 92' lang='lat' dir='ltr'><strong>ut</strong></span> <span class='ocrx_word' id='word_1_269' title='bbox 2319 3309 2462 3363; x_wconf 86' lang='lat' dir='ltr'><strong>bona</strong></span> <span class='ocrx_word' id='word_1_270' title='bbox 2486 3306 2741 3379; x_wconf 89' lang='lat' dir='ltr'><strong>diligunt,</strong></span> <span class='ocrx_word' id='word_1_271' title='bbox 2782 3307 3186 3379; x_wconf 81' lang='lat' dir='ltr'><strong>qualiacunque</strong></span> <span class='ocrx_word' id='word_1_272' title='bbox 3229 3308 3362 3365; x_wconf 88' lang='lat' dir='ltr'><strong>sint.</strong></span> <span class='ocrx_word' id='word_1_273' title='bbox 3396 3309 3548 3377; x_wconf 84' lang='lat' dir='ltr'><strong>Quos</strong></span> 
     </span>
    </p>
   </div>
   <div class='ocr_carea' id='block_1_43' title="bbox 1969 3398 3547 3471">
    <p class='ocr_par' dir='ltr' id='par_1_43' title="bbox 1969 3398 3547 3471">
     <span class='ocr_line' id='line_1_43' title="bbox 1969 3398 3547 3471; baseline 0.001 -16"><span class='ocrx_word' id='word_1_274' title='bbox 1969 3408 2155 3456; x_wconf 86' lang='lat' dir='ltr'><strong>tamen</strong></span> <span class='ocrx_word' id='word_1_275' title='bbox 2182 3407 2242 3454; x_wconf 90' lang='lat' dir='ltr'><strong>ut</strong></span> <span class='ocrx_word' id='word_1_276' title='bbox 2270 3400 2485 3456; x_wconf 88' lang='lat' dir='ltr'><strong>ratione</strong></span> <span class='ocrx_word' id='word_1_277' title='bbox 2512 3398 2957 3471; x_wconf 84' lang='lat' dir='ltr'><strong>cogitationeque</strong></span> <span class='ocrx_word' id='word_1_278' title='bbox 2998 3400 3215 3456; x_wconf 68' lang='lat' dir='ltr'><strong>caeteris</strong></span> <span class='ocrx_word' id='word_1_279' title='bbox 3249 3400 3547 3457; x_wconf 89' lang='lat' dir='ltr'><strong>animanti-</strong></span> 
     </span>
    </p>
   </div>
   <div class='ocr_carea' id='block_1_44' title="bbox 1967 3490 3547 3564">
    <p class='ocr_par' dir='ltr' id='par_1_44' title="bbox 1967 3490 3547 3564">
     <span class='ocr_line' id='line_1_44' title="bbox 1967 3490 3547 3564; baseline 0.001 -17"><span class='ocrx_word' id='word_1_280' title='bbox 1967 3490 2074 3549; x_wconf 87' lang='lat' dir='ltr'><strong>bus</strong></span> <span class='ocrx_word' id='word_1_281' title='bbox 2102 3499 2444 3564; x_wconf 65' lang='lat' dir='ltr'><strong>prmstantes,</strong></span> <span class='ocrx_word' id='word_1_282' title='bbox 2473 3490 2541 3546; x_wconf 89' lang='lat' dir='ltr'><strong>ad</strong></span> <span class='ocrx_word' id='word_1_283' title='bbox 2577 3506 2643 3548; x_wconf 91' lang='lat' dir='ltr'><strong>ea</strong></span> <span class='ocrx_word' id='word_1_284' title='bbox 2672 3499 2885 3547; x_wconf 85' lang='lat' dir='ltr'><strong>tantum</strong></span> <span class='ocrx_word' id='word_1_285' title='bbox 2912 3506 3219 3564; x_wconf 84' lang='lat' dir='ltr'><strong>propensos</strong></span> <span class='ocrx_word' id='word_1_286' title='bbox 3237 3508 3358 3550; x_wconf 84' lang='lat' dir='ltr'><strong>esse</strong></span> <span class='ocrx_word' id='word_1_287' title='bbox 3381 3509 3547 3564; x_wconf 69' lang='lat' dir='ltr'><strong>oporo</strong></span> 
     </span>
    </p>
   </div>
   <div class='ocr_carea' id='block_1_45' title="bbox 1969 3579 3545 3654">
    <p class='ocr_par' dir='ltr' id='par_1_45' title="bbox 1969 3579 3545 3654">
     <span class='ocr_line' id='line_1_45' title="bbox 1969 3579 3545 3654; baseline 0.001 -17"><span class='ocrx_word' id='word_1_288' title='bbox 1969 3590 2131 3647; x_wconf 88' lang='lat' dir='ltr'><strong>teret,</strong></span> <span class='ocrx_word' id='word_1_289' title='bbox 2151 3596 2275 3652; x_wconf 67' lang='lat' dir='ltr'><strong>qua!</strong></span> <span class='ocrx_word' id='word_1_290' title='bbox 2309 3579 2540 3637; x_wconf 87' lang='lat' dir='ltr'><strong>rationis</strong></span> <span class='ocrx_word' id='word_1_291' title='bbox 2570 3580 2840 3652; x_wconf 80' lang='lat' dir='ltr'><strong>judicium</strong></span> <span class='ocrx_word' id='word_1_292' title='bbox 2870 3580 3102 3639; x_wconf 86' lang='lat' dir='ltr'><strong>honesta</strong></span> <span class='ocrx_word' id='word_1_293' title='bbox 3127 3582 3545 3654; x_wconf 77' lang='lat' dir='ltr'><strong>expetendaque</strong></span> 
     </span>
    </p>
   </div>
   <div class='ocr_carea' id='block_1_46' title="bbox 1969 3673 3544 3747">
    <p class='ocr_par' dir='ltr' id='par_1_46' title="bbox 1969 3673 3544 3747">
     <span class='ocr_line' id='line_1_46' title="bbox 1969 3673 3544 3747; baseline 0.001 -18"><span class='ocrx_word' id='word_1_294' title='bbox 1969 3682 2327 3746; x_wconf 85' lang='lat' dir='ltr'><strong>proponeret,</strong></span> <span class='ocrx_word' id='word_1_295' title='bbox 2364 3689 2467 3731; x_wconf 90' lang='lat' dir='ltr'><strong>nec</strong></span> <span class='ocrx_word' id='word_1_296' title='bbox 2502 3673 2596 3729; x_wconf 86' lang='lat' dir='ltr'><strong>illa</strong></span> <span class='ocrx_word' id='word_1_297' title='bbox 2652 3687 2883 3744; x_wconf 84' lang='lat' dir='ltr'><strong>prorsus</strong></span> <span class='ocrx_word' id='word_1_298' title='bbox 2930 3684 3203 3746; x_wconf 84' lang='lat' dir='ltr'><strong>appetere,</strong></span> <span class='ocrx_word' id='word_1_299' title='bbox 3256 3691 3379 3747; x_wconf 82' lang='lat' dir='ltr'><strong>qua:</strong></span> <span class='ocrx_word' id='word_1_300' title='bbox 3405 3690 3544 3731; x_wconf 83' lang='lat' dir='ltr'><strong>con—</strong></span> 
     </span>
    </p>
   </div>
   <div class='ocr_carea' id='block_1_47' title="bbox 1969 3764 3548 3837">
    <p class='ocr_par' dir='ltr' id='par_1_47' title="bbox 1969 3764 3548 3837">
     <span class='ocr_line' id='line_1_47' title="bbox 1969 3764 3548 3837; baseline -0.001 -14"><span class='ocrx_word' id='word_1_301' title='bbox 1969 3765 2288 3833; x_wconf 86' lang='lat' dir='ltr'><strong>suetudine,</strong></span> <span class='ocrx_word' id='word_1_302' title='bbox 2317 3774 2373 3823; x_wconf 88' lang='lat' dir='ltr'><strong>et</strong></span> <span class='ocrx_word' id='word_1_303' title='bbox 2398 3765 2805 3822; x_wconf 90' lang='lat' dir='ltr'><strong>inconsiderata</strong></span> <span class='ocrx_word' id='word_1_304' title='bbox 2856 3764 3093 3836; x_wconf 86' lang='lat' dir='ltr'><strong>quadam</strong></span> <span class='ocrx_word' id='word_1_305' title='bbox 3126 3765 3416 3823; x_wconf 77' lang='lat' dir='ltr'><strong>aﬂ&#39;ectione</strong></span> <span class='ocrx_word' id='word_1_306' title='bbox 3454 3765 3548 3837; x_wconf 84' lang='lat' dir='ltr'><strong>ju-</strong></span> 
     </span>
    </p>
   </div>
   <div class='ocr_carea' id='block_1_48' title="bbox 1969 3856 3663 3930">
    <p class='ocr_par' dir='ltr' id='par_1_48' title="bbox 1969 3856 3663 3930">
     <span class='ocr_line' id='line_1_48' title="bbox 1969 3856 3663 3930; baseline 0.001 -17"><span class='ocrx_word' id='word_1_307' title='bbox 1969 3858 2152 3914; x_wconf 91' lang='lat' dir='ltr'><strong>cunda</strong></span> <span class='ocrx_word' id='word_1_308' title='bbox 2176 3872 2242 3914; x_wconf 89' lang='lat' dir='ltr'><strong>ac</strong></span> <span class='ocrx_word' id='word_1_309' title='bbox 2273 3856 2464 3915; x_wconf 76' lang='lat' dir='ltr'><strong>suavia</strong></span> <span class='ocrx_word' id='word_1_310' title='bbox 2504 3857 2782 3914; x_wconf 87' lang='lat' dir='ltr'><strong>videntur.</strong></span> <span class='ocrx_word' id='word_1_311' title='bbox 2820 3856 3186 3926; x_wconf 84' lang='lat' dir='ltr'><strong>Quamobrem</strong></span> <span class='ocrx_word' id='word_1_312' title='bbox 3216 3873 3396 3930; x_wconf 67' lang='lat' dir='ltr'><strong>opera:</strong></span> <span class='ocrx_word' id='word_1_313' title='bbox 3422 3873 3550 3929; x_wconf 78' lang='lat' dir='ltr'><strong>pre-</strong></span> <span class='ocrx_word' id='word_1_314' title='bbox 3650 3888 3663 3899; x_wconf 87' lang='lat'><strong>-</strong></span> 
     </span>
    </p>
   </div>
   <div class='ocr_carea' id='block_1_49' title="bbox 1969 3950 3544 4023">
    <p class='ocr_par' dir='ltr' id='par_1_49' title="bbox 1969 3950 3544 4023">
     <span class='ocr_line' id='line_1_49' title="bbox 1969 3950 3544 4023; baseline 0.001 -15"><span class='ocrx_word' id='word_1_315' title='bbox 1969 3953 2108 4008; x_wconf 91' lang='lat' dir='ltr'><strong>tium</strong></span> <span class='ocrx_word' id='word_1_316' title='bbox 2138 3951 2274 4007; x_wconf 86' lang='lat' dir='ltr'><strong>mihi</strong></span> <span class='ocrx_word' id='word_1_317' title='bbox 2329 3951 2520 4008; x_wconf 81' lang='lat' dir='ltr'><strong>videor</strong></span> <span class='ocrx_word' id='word_1_318' title='bbox 2545 3965 2669 4009; x_wconf 88' lang='lat' dir='ltr'><strong>esse</strong></span> <span class='ocrx_word' id='word_1_319' title='bbox 2712 3950 2983 4019; x_wconf 80' lang='lat' dir='ltr'><strong>facturus,</strong></span> <span class='ocrx_word' id='word_1_320' title='bbox 3040 3951 3089 4008; x_wconf 91' lang='lat' dir='ltr'><strong>si</strong></span> <span class='ocrx_word' id='word_1_321' title='bbox 3116 3965 3338 4023; x_wconf 90' lang='lat' dir='ltr'><strong>operam</strong></span> <span class='ocrx_word' id='word_1_322' title='bbox 3378 3951 3544 4016; x_wconf 86' lang='lat' dir='ltr'><strong>dabo.</strong></span> 
     </span>
    </p>
   </div>
   <div class='ocr_carea' id='block_1_50' title="bbox 275 4033 1867 4118">
    <p class='ocr_par' dir='ltr' id='par_1_50' title="bbox 275 4042 1867 4118">
     <span class='ocr_line' id='line_1_50' title="bbox 275 4042 1867 4118; baseline -0.004 -16"><span class='ocrx_word' id='word_1_323' title='bbox 275 4046 405 4111; x_wconf 76' lang='grc' dir='ltr'>τὸν,</span> <span class='ocrx_word' id='word_1_324' title='bbox 448 4046 545 4100; x_wconf 77' lang='grc' dir='ltr'><strong>ἐπὶ</strong></span> <span class='ocrx_word' id='word_1_325' title='bbox 571 4046 670 4117; x_wconf 78' lang='grc' dir='ltr'>τὴν</span> <span class='ocrx_word' id='word_1_326' title='bbox 692 4045 899 4118; x_wconf 81' lang='grc' dir='ltr'>ἀμείνω</span> <span class='ocrx_word' id='word_1_327' title='bbox 924 4062 985 4099; x_wconf 87' lang='grc' dir='ltr'><strong>τε</strong></span> <span class='ocrx_word' id='word_1_328' title='bbox 1027 4045 1122 4099; x_wconf 82' lang='grc' dir='ltr'>καὶ</span> <span class='ocrx_word' id='word_1_329' title='bbox 1165 4042 1481 4116; x_wconf 79' lang='grc' dir='ltr'>πρέπουσαν</span> <span class='ocrx_word' id='word_1_330' title='bbox 1510 4046 1621 4108; x_wconf 76' lang='grc' dir='ltr'>τοῖς</span> <span class='ocrx_word' id='word_1_331' title='bbox 1660 4043 1867 4114; x_wconf 85' lang='grc' dir='ltr'>λελογι-</span> 
     </span>
    </p>
   </div>
   <div class='ocr_carea' id='block_1_51' title="bbox 1969 4033 3545 4118">
    <p class='ocr_par' dir='ltr' id='par_1_51' title="bbox 1970 4042 3545 4114">
     <span class='ocr_line' id='line_1_51' title="bbox 1970 4042 3545 4114; baseline 0.001 -16"><span class='ocrx_word' id='word_1_332' title='bbox 1970 4052 2030 4098; x_wconf 93' lang='lat' dir='ltr'><strong>ut</strong></span> <span class='ocrx_word' id='word_1_333' title='bbox 2066 4058 2163 4100; x_wconf 89' lang='lat' dir='ltr'><strong>eos</strong></span> <span class='ocrx_word' id='word_1_334' title='bbox 2191 4042 2416 4100; x_wconf 88' lang='lat' dir='ltr'><strong>liberem</strong></span> <span class='ocrx_word' id='word_1_335' title='bbox 2452 4042 2523 4098; x_wconf 88' lang='lat' dir='ltr'><strong>ab</strong></span> <span class='ocrx_word' id='word_1_336' title='bbox 2580 4044 2685 4099; x_wconf 89' lang='lat' dir='ltr'><strong>hoc</strong></span> <span class='ocrx_word' id='word_1_337' title='bbox 2714 4043 2996 4114; x_wconf 86' lang='lat' dir='ltr'><strong>opinionis</strong></span> <span class='ocrx_word' id='word_1_338' title='bbox 3037 4057 3252 4109; x_wconf 86' lang='lat' dir='ltr'><strong>errore,</strong></span> <span class='ocrx_word' id='word_1_339' title='bbox 3291 4057 3403 4114; x_wconf 90' lang='lat' dir='ltr'><strong>quo</strong></span> <span class='ocrx_word' id='word_1_340' title='bbox 3449 4058 3545 4099; x_wconf 90' lang='lat' dir='ltr'><strong>so-</strong></span> 
     </span>
    </p>
   </div>
   <div class='ocr_carea' id='block_1_52' title="bbox 280 4134 1868 4212">
    <p class='ocr_par' dir='ltr' id='par_1_52' title="bbox 280 4134 1868 4212">
     <span class='ocr_line' id='line_1_52' title="bbox 280 4134 1868 4212; baseline -0.002 -21"><span class='ocrx_word' id='word_1_341' title='bbox 280 4139 512 4212; x_wconf 77' lang='grc' dir='ltr'>σμένοις</span> <span class='ocrx_word' id='word_1_342' title='bbox 527 4136 784 4192; x_wconf 80' lang='grc' dir='ltr'>διάνοιαν.</span> <span class='ocrx_word' id='word_1_343' title='bbox 808 4136 964 4191; x_wconf 79' lang='grc' dir='ltr'>οὕτω</span> <span class='ocrx_word' id='word_1_344' title='bbox 985 4135 1093 4207; x_wconf 84' lang='grc' dir='ltr'><strong>γὰρ</strong></span> <span class='ocrx_word' id='word_1_345' title='bbox 1117 4136 1184 4191; x_wconf 79' lang='grc' dir='ltr'><strong>ἀν</strong></span> <span class='ocrx_word' id='word_1_346' title='bbox 1205 4134 1506 4207; x_wconf 77' lang='grc' dir='ltr'>ἐξορισθείη</span> <span class='ocrx_word' id='word_1_347' title='bbox 1528 4135 1631 4205; x_wconf 85' lang='grc' dir='ltr'><strong>τῆς</strong></span> <span class='ocrx_word' id='word_1_348' title='bbox 1659 4136 1868 4207; x_wconf 75' lang='grc' dir='ltr'><strong>ἀνθρω⁴</strong></span> 
     </span>
    </p>
   </div>
   <div class='ocr_carea' id='block_1_53' title="bbox 278 4223 1868 4301">
    <p class='ocr_par' dir='ltr' id='par_1_53' title="bbox 278 4223 1868 4301">
     <span class='ocr_line' id='line_1_53' title="bbox 278 4223 1868 4301; baseline -0.004 -17"><span class='ocrx_word' id='word_1_349' title='bbox 278 4230 447 4301; x_wconf 80' lang='grc' dir='ltr'>πίνης</span> <span class='ocrx_word' id='word_1_350' title='bbox 470 4227 619 4296; x_wconf 81' lang='grc' dir='ltr'>ζωῆς</span> <span class='ocrx_word' id='word_1_351' title='bbox 638 4228 672 4298; x_wconf 87' lang='grc' dir='ltr'>ὴ</span> <span class='ocrx_word' id='word_1_352' title='bbox 696 4225 1101 4298; x_wconf 76' lang='grc' dir='ltr'>σπουδαζομένη</span> <span class='ocrx_word' id='word_1_353' title='bbox 1118 4224 1248 4297; x_wconf 71' lang='grc' dir='ltr'>περὶ</span> <span class='ocrx_word' id='word_1_354' title='bbox 1261 4224 1330 4277; x_wconf 83' lang='grc' dir='ltr'>τὰ</span> <span class='ocrx_word' id='word_1_355' title='bbox 1350 4224 1496 4295; x_wconf 82' lang='grc' dir='ltr'>πάθη</span> <span class='ocrx_word' id='word_1_356' title='bbox 1518 4225 1630 4287; x_wconf 83' lang='grc' dir='ltr'>τοῖς</span> <span class='ocrx_word' id='word_1_357' title='bbox 1655 4223 1868 4287; x_wconf 78' lang='grc' dir='ltr'>πολλοτς</span> 
     </span>
    </p>
   </div>
   <div class='ocr_carea' id='block_1_54' title="bbox 277 4316 1866 4391">
    <p class='ocr_par' dir='ltr' id='par_1_54' title="bbox 277 4316 1866 4391">
     <span class='ocr_line' id='line_1_54' title="bbox 277 4316 1866 4391; baseline -0.003 -14"><span class='ocrx_word' id='word_1_358' title='bbox 277 4322 500 4391; x_wconf 76' lang='grc' dir='ltr'>ἀλογία.</span> <span class='ocrx_word' id='word_1_359' title='bbox 548 4320 589 4373; x_wconf 85' lang='grc' dir='ltr'><strong>Γ</strong></span> <span class='ocrx_word' id='word_1_360' title='bbox 592 4320 764 4373; x_wconf 83' lang='grc' dir='ltr'>ἐνοιτο</span> <span class='ocrx_word' id='word_1_361' title='bbox 788 4318 834 4373; x_wconf 83' lang='grc' dir='ltr'>δ’</span> <span class='ocrx_word' id='word_1_362' title='bbox 873 4319 939 4374; x_wconf 81' lang='grc' dir='ltr'><strong>ἀν</strong></span> <span class='ocrx_word' id='word_1_363' title='bbox 983 4320 1116 4391; x_wconf 75' lang='grc' dir='ltr'>ἡμῖν</span> <span class='ocrx_word' id='word_1_364' title='bbox 1160 4317 1451 4382; x_wconf 83' lang='grc' dir='ltr'>ἀκόλουθος</span> <span class='ocrx_word' id='word_1_365' title='bbox 1491 4319 1527 4390; x_wconf 75' lang='grc' dir='ltr'><strong>ἡ</strong></span> <span class='ocrx_word' id='word_1_366' title='bbox 1572 4316 1668 4371; x_wconf 82' lang='grc' dir='ltr'><strong>τοῦ</strong></span> <span class='ocrx_word' id='word_1_367' title='bbox 1706 4317 1866 4387; x_wconf 88' lang='grc' dir='ltr'>λόγου</span> 
     </span>
    </p>
   </div>
   <div class='ocr_carea' id='block_1_55' title="bbox 279 4408 1867 4484">
    <p class='ocr_par' dir='ltr' id='par_1_55' title="bbox 279 4408 1867 4484">
     <span class='ocr_line' id='line_1_55' title="bbox 279 4408 1867 4484; baseline -0.003 -16"><span class='ocrx_word' id='word_1_368' title='bbox 279 4412 493 4484; x_wconf 68' lang='grc' dir='ltr'>σπουδὴ</span> <span class='ocrx_word' id='word_1_369' title='bbox 540 4412 680 4483; x_wconf 80' lang='grc' dir='ltr'>πρὸς</span> <span class='ocrx_word' id='word_1_370' title='bbox 708 4410 807 4482; x_wconf 80' lang='grc' dir='ltr'>τὴν</span> <span class='ocrx_word' id='word_1_371' title='bbox 846 4408 1218 4482; x_wconf 77' lang='grc' dir='ltr'>προκειμένην</span> <span class='ocrx_word' id='word_1_372' title='bbox 1263 4409 1541 4475; x_wconf 84' lang='grc' dir='ltr'>ὑπόθεσιν,</span> <span class='ocrx_word' id='word_1_373' title='bbox 1577 4412 1626 4465; x_wconf 83' lang='grc' dir='ltr'><strong>εί</strong></span> <span class='ocrx_word' id='word_1_374' title='bbox 1652 4409 1867 4481; x_wconf 82' lang='grc' dir='ltr'>πρῶτον</span> 
     </span>
    </p>
   </div>
   <div class='ocr_carea' id='block_1_56' title="bbox 279 4492 1868 4574">
    <p class='ocr_par' dir='ltr' id='par_1_56' title="bbox 279 4492 1868 4574">
     <span class='ocr_line' id='line_1_56' title="bbox 279 4492 1868 4574; baseline -0.002 -19"><span class='ocrx_word' id='word_1_375' title='bbox 279 4503 388 4574; x_wconf 72' lang='grc' dir='ltr'>μὲν</span> <span class='ocrx_word' id='word_1_376' title='bbox 407 4504 471 4557; x_wconf 78' lang='grc' dir='ltr'>τὸ</span> <span class='ocrx_word' id='word_1_377' title='bbox 491 4500 710 4573; x_wconf 82' lang='grc' dir='ltr'>ἀληθῶς</span> <span class='ocrx_word' id='word_1_378' title='bbox 727 4499 950 4569; x_wconf 76' lang='grc' dir='ltr'>ἀγαθὸν,</span> <span class='ocrx_word' id='word_1_379' title='bbox 974 4492 1088 4553; x_wconf 78' lang='grc' dir='ltr'>οἷόν</span> <span class='ocrx_word' id='word_1_380' title='bbox 1104 4500 1274 4563; x_wconf 77' lang='grc' dir='ltr'>ἐστιν,</span> <span class='ocrx_word' id='word_1_381' title='bbox 1299 4498 1611 4569; x_wconf 78' lang='grc' dir='ltr'>ἐξετασθείη</span> <span class='ocrx_word' id='word_1_382' title='bbox 1634 4515 1652 4533; x_wconf 77' lang='grc' dir='ltr'><strong>ο</strong></span> <span class='ocrx_word' id='word_1_383' title='bbox 1676 4498 1868 4553; x_wconf 71' lang='grc' dir='ltr'>ἔπειτα</span> 
     </span>
    </p>
   </div>
   <div class='ocr_carea' id='block_1_57' title="bbox 274 4590 1868 4664">
    <p class='ocr_par' dir='ltr' id='par_1_57' title="bbox 274 4590 1868 4664">
     <span class='ocr_line' id='line_1_57' title="bbox 274 4590 1868 4664; baseline -0.003 -15"><span class='ocrx_word' id='word_1_384' title='bbox 274 4596 344 4649; x_wconf 69' lang='grc' dir='ltr'>ἃ</span> <span class='ocrx_word' id='word_1_385' title='bbox 364 4595 427 4649; x_wconf 76' lang='grc' dir='ltr'>τὸ</span> <span class='ocrx_word' id='word_1_386' title='bbox 456 4594 590 4647; x_wconf 74' lang='grc' dir='ltr'>ἴδιον</span> <span class='ocrx_word' id='word_1_387' title='bbox 620 4593 721 4663; x_wconf 88' lang='grc' dir='ltr'><strong>τῆς</strong></span> <span class='ocrx_word' id='word_1_388' title='bbox 763 4593 824 4646; x_wconf 71' lang='grc' dir='ltr'><strong>ἐν</strong></span> <span class='ocrx_word' id='word_1_389' title='bbox 861 4590 1075 4661; x_wconf 83' lang='grc' dir='ltr'>σώματι</span> <span class='ocrx_word' id='word_1_390' title='bbox 1107 4590 1250 4663; x_wconf 80' lang='grc' dir='ltr'>ζωῆς</span> <span class='ocrx_word' id='word_1_391' title='bbox 1283 4591 1697 4664; x_wconf 76' lang='grc' dir='ltr'>θεωρήσαιμενο</span> <span class='ocrx_word' id='word_1_392' title='bbox 1731 4592 1868 4663; x_wconf 73' lang='grc' dir='ltr'>πρὸς</span> 
     </span>
    </p>
   </div>
   <div class='ocr_carea' id='block_1_58' title="bbox 278 4683 1870 4756">
    <p class='ocr_par' dir='ltr' id='par_1_58' title="bbox 278 4683 1870 4756">
     <span class='ocr_line' id='line_1_58' title="bbox 278 4683 1870 4756; baseline -0.004 -14"><span class='ocrx_word' id='word_1_393' title='bbox 278 4688 500 4751; x_wconf 71' lang='grc' dir='ltr'>τούτοις</span> <span class='ocrx_word' id='word_1_394' title='bbox 546 4687 607 4741; x_wconf 78' lang='grc' dir='ltr'>δὲ</span> <span class='ocrx_word' id='word_1_395' title='bbox 654 4687 704 4739; x_wconf 88' lang='grc' dir='ltr'><strong>εί</strong></span> <span class='ocrx_word' id='word_1_396' title='bbox 736 4684 827 4739; x_wconf 81' lang='grc' dir='ltr'>διὰ</span> <span class='ocrx_word' id='word_1_397' title='bbox 876 4684 1215 4756; x_wconf 85' lang='grc' dir='ltr'>συγκρίσεως</span> <span class='ocrx_word' id='word_1_398' title='bbox 1251 4683 1706 4754; x_wconf 86' lang='grc' dir='ltr'>ἀντιπαρατεθείη</span> <span class='ocrx_word' id='word_1_399' title='bbox 1756 4686 1870 4747; x_wconf 83' lang='grc' dir='ltr'>τοῖς</span> 
     </span>
    </p>
   </div>
   <div class='ocr_carea' id='block_1_59' title="bbox 282 4758 1870 4848">
    <p class='ocr_par' dir='ltr' id='par_1_59' title="bbox 282 4758 1870 4848">
     <span class='ocr_line' id='line_1_59' title="bbox 282 4758 1870 4848; baseline -0.001 -17"><span class='ocrx_word' id='word_1_400' title='bbox 282 4777 525 4848; x_wconf 77' lang='grc' dir='ltr'>παροῦσι</span> <span class='ocrx_word' id='word_1_401' title='bbox 538 4775 611 4831; x_wconf 81' lang='grc' dir='ltr'>τὰ</span> <span class='ocrx_word' id='word_1_402' title='bbox 640 4776 708 4829; x_wconf 86' lang='grc' dir='ltr'><strong>δι’</strong></span> <span class='ocrx_word' id='word_1_403' title='bbox 738 4775 952 4839; x_wconf 84' lang='grc' dir='ltr'>ἐλπίδος</span> <span class='ocrx_word' id='word_1_404' title='bbox 975 4758 1106 4847; x_wconf 65' lang='grc' dir='ltr'><strong>⁴ίιμῑν</strong></span> <span class='ocrx_word' id='word_1_405' title='bbox 1128 4775 1483 4845; x_wconf 84' lang='grc' dir='ltr'>ἀποκείμενα.</span> <span class='ocrx_word' id='word_1_406' title='bbox 1500 4774 1655 4830; x_wconf 76' lang='grc' dir='ltr'>Οὕτω</span> <span class='ocrx_word' id='word_1_407' title='bbox 1674 4773 1783 4846; x_wconf 81' lang='grc' dir='ltr'><strong>γὰρ</strong></span> <span class='ocrx_word' id='word_1_408' title='bbox 1803 4774 1870 4829; x_wconf 81' lang='grc' dir='ltr'>ἂν</span> 
     </span>
    </p>
   </div>
   <div class='ocr_carea' id='block_1_60' title="bbox 280 4861 1870 4935">
    <p class='ocr_par' dir='ltr' id='par_1_60' title="bbox 280 4861 1870 4935">
     <span class='ocr_line' id='line_1_60' title="bbox 280 4861 1870 4935; baseline 0.002 -20"><span class='ocrx_word' id='word_1_409' title='bbox 280 4863 545 4933; x_wconf 72' lang='grc' dir='ltr'>προέλθοι</span> <span class='ocrx_word' id='word_1_410' title='bbox 569 4862 706 4934; x_wconf 79' lang='grc' dir='ltr'>πρὸς</span> <span class='ocrx_word' id='word_1_411' title='bbox 733 4861 826 4915; x_wconf 81' lang='grc' dir='ltr'>τὸν</span> <span class='ocrx_word' id='word_1_412' title='bbox 854 4863 1055 4917; x_wconf 80' lang='grc' dir='ltr'>σκοπὸν</span> <span class='ocrx_word' id='word_1_413' title='bbox 1083 4862 1179 4917; x_wconf 86' lang='grc' dir='ltr'>τοῦ</span> <span class='ocrx_word' id='word_1_414' title='bbox 1214 4862 1371 4932; x_wconf 90' lang='grc' dir='ltr'>λόγου</span> <span class='ocrx_word' id='word_1_415' title='bbox 1407 4865 1441 4935; x_wconf 79' lang='grc' dir='ltr'><strong>η</strong></span> <span class='ocrx_word' id='word_1_416' title='bbox 1477 4863 1700 4934; x_wconf 88' lang='grc' dir='ltr'>θεωρία,</span> <span class='ocrx_word' id='word_1_417' title='bbox 1726 4863 1870 4918; x_wconf 78' lang='grc' dir='ltr'>ὥστε</span> 
     </span>
    </p>
   </div>
   <div class='ocr_carea' id='block_1_61' title="bbox 280 4952 1872 5026">
    <p class='ocr_par' dir='ltr' id='par_1_61' title="bbox 280 4952 1872 5026">
     <span class='ocr_line' id='line_1_61' title="bbox 280 4952 1872 5026; baseline 0.001 -20"><span class='ocrx_word' id='word_1_418' title='bbox 280 4952 655 5025; x_wconf 73' lang='grc' dir='ltr'>μετατεθῆναι</span> <span class='ocrx_word' id='word_1_419' title='bbox 696 4952 807 5007; x_wconf 86' lang='grc' dir='ltr'><strong>τῶν</strong></span> <span class='ocrx_word' id='word_1_420' title='bbox 837 4952 1049 5007; x_wconf 85' lang='grc' dir='ltr'>πολλῶν</span> <span class='ocrx_word' id='word_1_421' title='bbox 1091 4952 1200 5007; x_wconf 73' lang='grc' dir='ltr'>ἀπὸ</span> <span class='ocrx_word' id='word_1_422' title='bbox 1253 4953 1346 5007; x_wconf 81' lang='grc' dir='ltr'>τοῦ</span> <span class='ocrx_word' id='word_1_423' title='bbox 1378 4953 1640 5026; x_wconf 86' lang='grc' dir='ltr'>συνήθους</span> <span class='ocrx_word' id='word_1_424' title='bbox 1674 4954 1768 5009; x_wconf 79' lang='grc' dir='ltr'>ἐπὶ</span> <span class='ocrx_word' id='word_1_425' title='bbox 1810 4954 1872 5008; x_wconf 80' lang='grc' dir='ltr'>τὸ</span> 
     </span>
    </p>
   </div>
   <div class='ocr_carea' id='block_1_62' title="bbox 276 5042 1871 5117">
    <p class='ocr_par' dir='ltr' id='par_1_62' title="bbox 276 5042 1871 5117">
     <span class='ocr_line' id='line_1_62' title="bbox 276 5042 1871 5117; baseline 0 -18"><span class='ocrx_word' id='word_1_426' title='bbox 276 5042 460 5099; x_wconf 74' lang='grc' dir='ltr'>καλὸν</span> <span class='ocrx_word' id='word_1_427' title='bbox 490 5043 587 5115; x_wconf 74' lang='grc' dir='ltr'>τὴν</span> <span class='ocrx_word' id='word_1_428' title='bbox 629 5043 887 5099; x_wconf 81' lang='grc' dir='ltr'>διάνοιαν.</span> <span class='ocrx_word' id='word_1_429' title='bbox 928 5043 1147 5115; x_wconf 75' lang='grc' dir='ltr'>Ἐπειδὴ</span> <span class='ocrx_word' id='word_1_430' title='bbox 1197 5045 1306 5116; x_wconf 79' lang='grc' dir='ltr'><strong>γὰρ</strong></span> <span class='ocrx_word' id='word_1_431' title='bbox 1347 5048 1513 5100; x_wconf 79' lang='grc' dir='ltr'>πᾶσιν</span> <span class='ocrx_word' id='word_1_432' title='bbox 1564 5044 1871 5117; x_wconf 84' lang='grc' dir='ltr'>ἀνθρώποις</span> 
     </span>
    </p>
   </div>
   <div class='ocr_carea' id='block_1_63' title="bbox 269 5134 1871 5208">
    <p class='ocr_par' dir='ltr' id='par_1_63' title="bbox 269 5134 1871 5208">
     <span class='ocr_line' id='line_1_63' title="bbox 269 5134 1871 5208; baseline 0.002 -20"><span class='ocrx_word' id='word_1_433' title='bbox 269 5135 499 5206; x_wconf 75' lang='grc' dir='ltr'>φυσική</span> <span class='ocrx_word' id='word_1_434' title='bbox 528 5152 613 5199; x_wconf 89' lang='grc' dir='ltr'><strong>τις</strong></span> <span class='ocrx_word' id='word_1_435' title='bbox 644 5135 782 5207; x_wconf 80' lang='grc' dir='ltr'>πρὸς</span> <span class='ocrx_word' id='word_1_436' title='bbox 812 5134 872 5190; x_wconf 81' lang='grc' dir='ltr'><strong>τὸ</strong></span> <span class='ocrx_word' id='word_1_437' title='bbox 900 5136 1065 5191; x_wconf 83' lang='grc' dir='ltr'>καλὸν</span> <span class='ocrx_word' id='word_1_438' title='bbox 1102 5135 1345 5205; x_wconf 75' lang='grc' dir='ltr'>ἔγκειται</span> <span class='ocrx_word' id='word_1_439' title='bbox 1378 5137 1582 5208; x_wconf 76' lang='grc' dir='ltr'>σχέσις,</span> <span class='ocrx_word' id='word_1_440' title='bbox 1615 5139 1707 5191; x_wconf 77' lang='grc' dir='ltr'>καὶ</span> <span class='ocrx_word' id='word_1_441' title='bbox 1735 5138 1871 5208; x_wconf 84' lang='grc' dir='ltr'>πρὸς</span> 
     </span>
    </p>
   </div>
   <div class='ocr_carea' id='block_1_64' title="bbox 264 5226 1872 5301">
    <p class='ocr_par' dir='ltr' id='par_1_64' title="bbox 264 5226 1872 5301">
     <span class='ocr_line' id='line_1_64' title="bbox 264 5226 1872 5301; baseline 0.002 -19"><span class='ocrx_word' id='word_1_442' title='bbox 264 5226 457 5282; x_wconf 74' lang='grc' dir='ltr'>τοῦτο</span> <span class='ocrx_word' id='word_1_443' title='bbox 478 5230 707 5283; x_wconf 76' lang='grc' dir='ltr'>κινεῖται</span> <span class='ocrx_word' id='word_1_444' title='bbox 745 5230 897 5283; x_wconf 65' lang='grc' dir='ltr'>πᾶσα</span> <span class='ocrx_word' id='word_1_445' title='bbox 935 5228 1274 5301; x_wconf 81' lang='grc' dir='ltr'>προαίρεσις,</span> <span class='ocrx_word' id='word_1_446' title='bbox 1298 5229 1390 5284; x_wconf 83' lang='grc' dir='ltr'>τὸν</span> <span class='ocrx_word' id='word_1_447' title='bbox 1410 5228 1506 5285; x_wconf 83' lang='grc' dir='ltr'>τοῦ</span> <span class='ocrx_word' id='word_1_448' title='bbox 1545 5230 1713 5285; x_wconf 90' lang='grc' dir='ltr'>καλοῦ</span> <span class='ocrx_word' id='word_1_449' title='bbox 1743 5248 1872 5285; x_wconf 73' lang='grc' dir='ltr'>σκοσο</span> 
     </span>
    </p>
   </div>
   <div class='ocr_carea' id='block_1_65' title="bbox 264 5319 1870 5395">
    <p class='ocr_par' dir='ltr' id='par_1_65' title="bbox 264 5319 1870 5395">
     <span class='ocr_line' id='line_1_65' title="bbox 264 5319 1870 5395; baseline 0 -18"><span class='ocrx_word' id='word_1_450' title='bbox 264 5321 396 5377; x_wconf 75' lang='grc' dir='ltr'><strong>πὺν</strong></span> <span class='ocrx_word' id='word_1_451' title='bbox 424 5320 606 5392; x_wconf 75' lang='grc' dir='ltr'>πάσης</span> <span class='ocrx_word' id='word_1_452' title='bbox 626 5322 724 5391; x_wconf 86' lang='grc' dir='ltr'><strong>τῆς</strong></span> <span class='ocrx_word' id='word_1_453' title='bbox 746 5320 890 5375; x_wconf 87' lang='grc' dir='ltr'><strong>κατά</strong></span> <span class='ocrx_word' id='word_1_454' title='bbox 914 5320 1005 5375; x_wconf 85' lang='grc' dir='ltr'>τὸν</span> <span class='ocrx_word' id='word_1_455' title='bbox 1033 5319 1147 5393; x_wconf 82' lang='grc' dir='ltr'>βίον</span> <span class='ocrx_word' id='word_1_456' title='bbox 1171 5321 1406 5392; x_wconf 83' lang='grc' dir='ltr'>σπουδῆς</span> <span class='ocrx_word' id='word_1_457' title='bbox 1432 5322 1870 5395; x_wconf 75' lang='grc' dir='ltr'>προόαλλομίνη·</span> 
     </span>
    </p>
   </div>
   <div class='ocr_carea' id='block_1_66' title="bbox 262 5411 1872 5487">
    <p class='ocr_par' dir='ltr' id='par_1_66' title="bbox 262 5411 1872 5487">
     <span class='ocr_line' id='line_1_66' title="bbox 262 5411 1872 5487; baseline 0.001 -19"><span class='ocrx_word' id='word_1_458' title='bbox 262 5411 484 5468; x_wconf 66' lang='grc' dir='ltr'>τούτου</span> <span class='ocrx_word' id='word_1_459' title='bbox 541 5412 699 5484; x_wconf 78' lang='grc' dir='ltr'>χάριν</span> <span class='ocrx_word' id='word_1_460' title='bbox 729 5414 765 5483; x_wconf 78' lang='grc' dir='ltr'>ὴ</span> <span class='ocrx_word' id='word_1_461' title='bbox 810 5412 939 5483; x_wconf 70' lang='grc' dir='ltr'>περὶ</span> <span class='ocrx_word' id='word_1_462' title='bbox 969 5412 1032 5465; x_wconf 84' lang='grc' dir='ltr'>τὸ</span> <span class='ocrx_word' id='word_1_463' title='bbox 1078 5412 1248 5476; x_wconf 78' lang='grc' dir='ltr'>ὅντως</span> <span class='ocrx_word' id='word_1_464' title='bbox 1303 5413 1466 5467; x_wconf 81' lang='grc' dir='ltr'>καλὸν</span> <span class='ocrx_word' id='word_1_465' title='bbox 1504 5414 1748 5487; x_wconf 83' lang='grc' dir='ltr'>ἀκρισία,</span> <span class='ocrx_word' id='word_1_466' title='bbox 1801 5416 1872 5471; x_wconf 79' lang='grc' dir='ltr'><strong>τὰ</strong></span> 
     </span>
    </p>
   </div>
   <div class='ocr_carea' id='block_1_67' title="bbox 272 5502 1872 5576">
    <p class='ocr_par' dir='ltr' id='par_1_67' title="bbox 272 5502 1872 5576">
     <span class='ocr_line' id='line_1_67' title="bbox 272 5502 1872 5576; baseline 0.001 -17"><span class='ocrx_word' id='word_1_467' title='bbox 272 5502 471 5560; x_wconf 74' lang='grc' dir='ltr'>πολλά</span> <span class='ocrx_word' id='word_1_468' title='bbox 499 5503 605 5557; x_wconf 81' lang='grc' dir='ltr'><strong>τῶν</strong></span> <span class='ocrx_word' id='word_1_469' title='bbox 629 5503 1094 5575; x_wconf 74' lang='grc' dir='ltr'>ἁμαρτανομένων</span> <span class='ocrx_word' id='word_1_470' title='bbox 1121 5504 1309 5558; x_wconf 85' lang='grc' dir='ltr'>εῐωθεν</span> <span class='ocrx_word' id='word_1_471' title='bbox 1334 5503 1741 5576; x_wconf 79' lang='grc' dir='ltr'>ἐξεργάζεσθαι.</span> <span class='ocrx_word' id='word_1_472' title='bbox 1786 5507 1872 5572; x_wconf 84' lang='grc' dir='ltr'>Ὠς</span> 
     </span>
    </p>
   </div>
   <div class='ocr_carea' id='block_1_68' title="bbox 274 5593 1873 5668">
    <p class='ocr_par' dir='ltr' id='par_1_68' title="bbox 274 5593 1873 5668">
     <span class='ocr_line' id='line_1_68' title="bbox 274 5593 1873 5668; baseline 0.002 -17"><span class='ocrx_word' id='word_1_473' title='bbox 274 5599 341 5653; x_wconf 72' lang='grc' dir='ltr'><strong>εἰ</strong></span> <span class='ocrx_word' id='word_1_474' title='bbox 371 5613 439 5665; x_wconf 83' lang='grc' dir='ltr'><strong>γε</strong></span> <span class='ocrx_word' id='word_1_475' title='bbox 476 5594 741 5668; x_wconf 80' lang='grc' dir='ltr'>πρόδηλον</span> <span class='ocrx_word' id='word_1_476' title='bbox 768 5597 934 5649; x_wconf 83' lang='grc' dir='ltr'>πᾶσιν</span> <span class='ocrx_word' id='word_1_477' title='bbox 958 5593 1027 5667; x_wconf 79' lang='grc' dir='ltr'><strong>ῆν</strong></span> <span class='ocrx_word' id='word_1_478' title='bbox 1059 5595 1120 5649; x_wconf 73' lang='grc' dir='ltr'>τὸ</span> <span class='ocrx_word' id='word_1_479' title='bbox 1150 5594 1365 5667; x_wconf 87' lang='grc' dir='ltr'>ἀληθῶς</span> <span class='ocrx_word' id='word_1_480' title='bbox 1406 5597 1632 5667; x_wconf 82' lang='grc' dir='ltr'>ἀγαθὸν,</span> <span class='ocrx_word' id='word_1_481' title='bbox 1670 5598 1773 5653; x_wconf 80' lang='grc' dir='ltr'>οὐκ</span> <span class='ocrx_word' id='word_1_482' title='bbox 1804 5599 1873 5654; x_wconf 78' lang='grc' dir='ltr'>ἂν</span> 
     </span>
    </p>
   </div>
   <div class='ocr_carea' id='block_1_69' title="bbox 282 5679 1868 5759">
    <p class='ocr_par' dir='ltr' id='par_1_69' title="bbox 282 5679 1868 5759">
     <span class='ocr_line' id='line_1_69' title="bbox 282 5679 1868 5759; baseline 0.003 -20"><span class='ocrx_word' id='word_1_483' title='bbox 282 5686 509 5739; x_wconf 78' lang='grc' dir='ltr'>ἐκείνου</span> <span class='ocrx_word' id='word_1_484' title='bbox 535 5684 664 5738; x_wconf 76' lang='grc' dir='ltr'>ποτὲ</span> <span class='ocrx_word' id='word_1_485' title='bbox 684 5685 1077 5757; x_wconf 84' lang='grc' dir='ltr'>διημάρτομεν,</span> <span class='ocrx_word' id='word_1_486' title='bbox 1096 5679 1141 5755; x_wconf 80' lang='grc' dir='ltr'>ᾧ</span> <span class='ocrx_word' id='word_1_487' title='bbox 1166 5686 1326 5757; x_wconf 85' lang='grc' dir='ltr'>φύσις</span> <span class='ocrx_word' id='word_1_488' title='bbox 1344 5691 1377 5758; x_wconf 82' lang='grc' dir='ltr'>ἠ</span> <span class='ocrx_word' id='word_1_489' title='bbox 1398 5687 1672 5759; x_wconf 88' lang='grc' dir='ltr'>ἀγαθότης</span> <span class='ocrx_word' id='word_1_490' title='bbox 1700 5690 1868 5744; x_wconf 82' lang='grc' dir='ltr'>ἐστίν’</span> 
     </span>
    </p>
   </div>
   <div class='ocr_carea' id='block_1_70' title="bbox 287 5776 1871 5859">
    <p class='ocr_par' dir='ltr' id='par_1_70' title="bbox 287 5776 1871 5859">
     <span class='ocr_line' id='line_1_70' title="bbox 287 5776 1871 5859; baseline 0.006 -30"><span class='ocrx_word' id='word_1_491' title='bbox 287 5777 400 5833; x_wconf 64' lang='grc' dir='ltr'><strong>,δε</strong></span> <span class='ocrx_word' id='word_1_492' title='bbox 431 5776 503 5833; x_wconf 75' lang='grc' dir='ltr'>ἂν</span> <span class='ocrx_word' id='word_1_493' title='bbox 532 5776 795 5843; x_wconf 81' lang='grc' dir='ltr'>ἐκουσίως</span> <span class='ocrx_word' id='word_1_494' title='bbox 820 5779 889 5849; x_wconf 72' lang='grc' dir='ltr'>τῇ</span> <span class='ocrx_word' id='word_1_495' title='bbox 918 5777 1026 5833; x_wconf 81' lang='grc' dir='ltr'><strong>τῶν</strong></span> <span class='ocrx_word' id='word_1_496' title='bbox 1048 5778 1229 5836; x_wconf 85' lang='grc' dir='ltr'>κακῶν</span> <span class='ocrx_word' id='word_1_497' title='bbox 1254 5780 1871 5859; x_wconf 37' lang='grc' dir='ltr'>συνηνέχθημενιπείρᾳ,</span> 
     </span>
    </p>
   </div>
   <div class='ocr_carea' id='block_1_71' title="bbox 1968 4127 3609 4206">
    <p class='ocr_par' dir='ltr' id='par_1_71' title="bbox 1968 4127 3609 4206">
     <span class='ocr_line' id='line_1_71' title="bbox 1968 4127 3609 4206; baseline -0.004 -14"><span class='ocrx_word' id='word_1_498' title='bbox 1968 4136 2051 4192; x_wconf 92' lang='lat' dir='ltr'><strong>liti</strong></span> <span class='ocrx_word' id='word_1_499' title='bbox 2083 4142 2214 4191; x_wconf 90' lang='lat' dir='ltr'><strong>sunt</strong></span> <span class='ocrx_word' id='word_1_500' title='bbox 2240 4134 2570 4206; x_wconf 88' lang='lat' dir='ltr'><strong>perturbari,</strong></span> <span class='ocrx_word' id='word_1_501' title='bbox 2597 4142 2653 4191; x_wconf 90' lang='lat' dir='ltr'><strong>et</strong></span> <span class='ocrx_word' id='word_1_502' title='bbox 2680 4134 2749 4189; x_wconf 90' lang='lat' dir='ltr'><strong>ad</strong></span> <span class='ocrx_word' id='word_1_503' title='bbox 2775 4127 3053 4190; x_wconf 84' lang='lat' dir='ltr'><strong>meliorem</strong></span> <span class='ocrx_word' id='word_1_504' title='bbox 3087 4134 3416 4204; x_wconf 85' lang='lat' dir='ltr'><strong>homineque</strong></span> <span class='ocrx_word' id='word_1_505' title='bbox 3462 4133 3547 4188; x_wconf 87' lang='lat' dir='ltr'><strong>di-</strong></span> <span class='ocrx_word' id='word_1_506' title='bbox 3598 4158 3609 4169; x_wconf 61' lang='grc' dir='ltr'><strong>ι</strong></span> 
     </span>
    </p>
   </div>
   <div class='ocr_carea' id='block_1_72' title="bbox 1966 4222 3547 4299">
    <p class='ocr_par' dir='ltr' id='par_1_72' title="bbox 1966 4222 3547 4299">
     <span class='ocr_line' id='line_1_72' title="bbox 1966 4222 3547 4299; baseline -0.003 -17"><span class='ocrx_word' id='word_1_507' title='bbox 1966 4226 2212 4299; x_wconf 88' lang='lat' dir='ltr'><strong>gniorem</strong></span> <span class='ocrx_word' id='word_1_508' title='bbox 2243 4224 2629 4295; x_wconf 79' lang='lat' dir='ltr'><strong>cogitationem</strong></span> <span class='ocrx_word' id='word_1_509' title='bbox 2656 4237 2756 4293; x_wconf 92' lang='lat' dir='ltr'><strong>pro</strong></span> <span class='ocrx_word' id='word_1_510' title='bbox 2801 4223 3015 4277; x_wconf 81' lang='lat' dir='ltr'><strong>viribus</strong></span> <span class='ocrx_word' id='word_1_511' title='bbox 3045 4222 3354 4278; x_wconf 88' lang='lat' dir='ltr'><strong>traducam.</strong></span> <span class='ocrx_word' id='word_1_512' title='bbox 3388 4222 3547 4290; x_wconf 86' lang='lat' dir='ltr'><strong>Quod</strong></span> 
     </span>
    </p>
   </div>
   <div class='ocr_carea' id='block_1_73' title="bbox 1966 4313 3543 4391">
    <p class='ocr_par' dir='ltr' id='par_1_73' title="bbox 1966 4313 3543 4391">
     <span class='ocr_line' id='line_1_73' title="bbox 1966 4313 3543 4391; baseline -0.002 -17"><span class='ocrx_word' id='word_1_513' title='bbox 1966 4318 2189 4391; x_wconf 88' lang='lat' dir='ltr'><strong>quidem</strong></span> <span class='ocrx_word' id='word_1_514' title='bbox 2218 4317 2267 4375; x_wconf 87' lang='lat' dir='ltr'><strong>si</strong></span> <span class='ocrx_word' id='word_1_515' title='bbox 2295 4314 2505 4373; x_wconf 86' lang='lat' dir='ltr'><strong>erimus</strong></span> <span class='ocrx_word' id='word_1_516' title='bbox 2548 4313 2815 4379; x_wconf 85' lang='lat' dir='ltr'><strong>assecuti,</strong></span> <span class='ocrx_word' id='word_1_517' title='bbox 2876 4314 3231 4369; x_wconf 88' lang='lat' dir='ltr'><strong>temerarium</strong></span> <span class='ocrx_word' id='word_1_518' title='bbox 3290 4314 3424 4370; x_wconf 91' lang='lat' dir='ltr'><strong>illud</strong></span> <span class='ocrx_word' id='word_1_519' title='bbox 3449 4314 3543 4372; x_wconf 87' lang='lat' dir='ltr'><strong>do-</strong></span> 
     </span>
    </p>
   </div>
   <div class='ocr_carea' id='block_1_74' title="bbox 1969 4404 3545 4478">
    <p class='ocr_par' dir='ltr' id='par_1_74' title="bbox 1969 4404 3545 4478">
     <span class='ocr_line' id='line_1_74' title="bbox 1969 4404 3545 4478; baseline -0.003 -11"><span class='ocrx_word' id='word_1_520' title='bbox 1969 4412 2114 4469; x_wconf 92' lang='lat' dir='ltr'><strong>lendi</strong></span> <span class='ocrx_word' id='word_1_521' title='bbox 2148 4408 2528 4478; x_wconf 76' lang='lat' dir='ltr'><strong>mmrendique</strong></span> <span class='ocrx_word' id='word_1_522' title='bbox 2553 4404 2835 4473; x_wconf 88' lang='lat' dir='ltr'><strong>studium,</strong></span> <span class='ocrx_word' id='word_1_523' title='bbox 2897 4420 3010 4478; x_wconf 89' lang='lat' dir='ltr'><strong>quo</strong></span> <span class='ocrx_word' id='word_1_524' title='bbox 3076 4406 3232 4462; x_wconf 88' lang='lat' dir='ltr'><strong>multi</strong></span> <span class='ocrx_word' id='word_1_525' title='bbox 3267 4415 3545 4476; x_wconf 88' lang='lat' dir='ltr'><strong>tenentur,</strong></span> 
     </span>
    </p>
   </div>
   <div class='ocr_carea' id='block_1_75' title="bbox 1968 4496 3549 4571">
    <p class='ocr_par' dir='ltr' id='par_1_75' title="bbox 1968 4496 3549 4571">
     <span class='ocr_line' id='line_1_75' title="bbox 1968 4496 3549 4571; baseline -0.001 -13"><span class='ocrx_word' id='word_1_526' title='bbox 1968 4518 2037 4558; x_wconf 77' lang='lat' dir='ltr'><strong>ex</strong></span> <span class='ocrx_word' id='word_1_527' title='bbox 2072 4500 2359 4557; x_wconf 86' lang='lat' dir='ltr'><strong>hominum</strong></span> <span class='ocrx_word' id='word_1_528' title='bbox 2410 4497 2523 4553; x_wconf 83' lang='lat' dir='ltr'><strong>vita</strong></span> <span class='ocrx_word' id='word_1_529' title='bbox 2553 4496 2885 4569; x_wconf 86' lang='lat' dir='ltr'><strong>depelletur.</strong></span> <span class='ocrx_word' id='word_1_530' title='bbox 2936 4499 3109 4556; x_wconf 80' lang='lat' dir='ltr'><strong>Recte</strong></span> <span class='ocrx_word' id='word_1_531' title='bbox 3157 4506 3340 4556; x_wconf 90' lang='lat' dir='ltr'><strong>autem</strong></span> <span class='ocrx_word' id='word_1_532' title='bbox 3384 4509 3549 4571; x_wconf 86' lang='lat' dir='ltr'><strong>atque</strong></span> 
     </span>
    </p>
   </div>
   <div class='ocr_carea' id='block_1_76' title="bbox 1968 4588 3546 4662">
    <p class='ocr_par' dir='ltr' id='par_1_76' title="bbox 1968 4588 3546 4662">
     <span class='ocr_line' id='line_1_76' title="bbox 1968 4588 3546 4662; baseline -0.003 -13"><span class='ocrx_word' id='word_1_533' title='bbox 1968 4592 2160 4649; x_wconf 86' lang='lat' dir='ltr'><strong>ordine</strong></span> <span class='ocrx_word' id='word_1_534' title='bbox 2180 4589 2325 4662; x_wconf 89' lang='lat' dir='ltr'><strong>quod</strong></span> <span class='ocrx_word' id='word_1_535' title='bbox 2341 4588 2750 4661; x_wconf 84' lang='lat' dir='ltr'><strong>proposuimus,</strong></span> <span class='ocrx_word' id='word_1_536' title='bbox 2770 4604 3185 4662; x_wconf 88' lang='lat' dir='ltr'><strong>persequemur,</strong></span> <span class='ocrx_word' id='word_1_537' title='bbox 3209 4591 3256 4646; x_wconf 88' lang='lat' dir='ltr'><strong>si</strong></span> <span class='ocrx_word' id='word_1_538' title='bbox 3288 4590 3546 4662; x_wconf 88' lang='lat' dir='ltr'><strong>primum.</strong></span> 
     </span>
    </p>
   </div>
   <div class='ocr_carea' id='block_1_77' title="bbox 1968 4681 3546 4756">
    <p class='ocr_par' dir='ltr' id='par_1_77' title="bbox 1968 4681 3546 4756">
     <span class='ocr_line' id='line_1_77' title="bbox 1968 4681 3546 4756; baseline -0.001 -16"><span class='ocrx_word' id='word_1_539' title='bbox 1968 4685 2101 4756; x_wconf 87' lang='lat' dir='ltr'><strong>quid</strong></span> <span class='ocrx_word' id='word_1_540' title='bbox 2131 4699 2261 4740; x_wconf 83' lang='lat' dir='ltr'><strong>vere</strong></span> <span class='ocrx_word' id='word_1_541' title='bbox 2282 4683 2355 4739; x_wconf 92' lang='lat' dir='ltr'><strong>sit</strong></span> <span class='ocrx_word' id='word_1_542' title='bbox 2374 4682 2602 4748; x_wconf 90' lang='lat' dir='ltr'><strong>bonum,</strong></span> <span class='ocrx_word' id='word_1_543' title='bbox 2631 4682 3024 4753; x_wconf 81' lang='lat' dir='ltr'><strong>exquiremus;</strong></span> <span class='ocrx_word' id='word_1_544' title='bbox 3053 4682 3249 4739; x_wconf 90' lang='lat' dir='ltr'><strong>deinde</strong></span> <span class='ocrx_word' id='word_1_545' title='bbox 3271 4681 3546 4754; x_wconf 83' lang='lat' dir='ltr'><strong>propriam</strong></span> 
     </span>
    </p>
   </div>
   <div class='ocr_carea' id='block_1_78' title="bbox 1968 4773 3549 4847">
    <p class='ocr_par' dir='ltr' id='par_1_78' title="bbox 1968 4773 3549 4847">
     <span class='ocr_line' id='line_1_78' title="bbox 1968 4773 3549 4847; baseline -0.001 -16"><span class='ocrx_word' id='word_1_546' title='bbox 1968 4777 2114 4843; x_wconf 68' lang='lat' dir='ltr'><strong>vitae,</strong></span> <span class='ocrx_word' id='word_1_547' title='bbox 2145 4790 2310 4847; x_wconf 88' lang='lat' dir='ltr'><strong>quam</strong></span> <span class='ocrx_word' id='word_1_548' title='bbox 2339 4775 2394 4830; x_wconf 90' lang='lat' dir='ltr'><strong>in</strong></span> <span class='ocrx_word' id='word_1_549' title='bbox 2422 4788 2653 4846; x_wconf 87' lang='lat' dir='ltr'><strong>corpore</strong></span> <span class='ocrx_word' id='word_1_550' title='bbox 2687 4773 2923 4844; x_wconf 78' lang='lat' dir='ltr'><strong>agimus,</strong></span> <span class='ocrx_word' id='word_1_551' title='bbox 2958 4774 3328 4831; x_wconf 89' lang='lat' dir='ltr'><strong>conditionem</strong></span> <span class='ocrx_word' id='word_1_552' title='bbox 3361 4776 3549 4832; x_wconf 86' lang='lat' dir='ltr'><strong>consi-</strong></span> 
     </span>
    </p>
   </div>
   <div class='ocr_carea' id='block_1_79' title="bbox 1969 4862 3549 4939">
    <p class='ocr_par' dir='ltr' id='par_1_79' title="bbox 1969 4862 3549 4939">
     <span class='ocr_line' id='line_1_79' title="bbox 1969 4862 3549 4939; baseline -0.001 -15"><span class='ocrx_word' id='word_1_553' title='bbox 1969 4868 2321 4936; x_wconf 86' lang='lat' dir='ltr'><strong>derabimus;</strong></span> <span class='ocrx_word' id='word_1_554' title='bbox 2376 4874 2655 4939; x_wconf 88' lang='lat' dir='ltr'><strong>postremo</strong></span> <span class='ocrx_word' id='word_1_555' title='bbox 2714 4880 2805 4921; x_wconf 85' lang='lat' dir='ltr'><strong>res</strong></span> <span class='ocrx_word' id='word_1_556' title='bbox 2842 4872 3143 4936; x_wconf 73' lang='lat' dir='ltr'><strong>praesentes</strong></span> <span class='ocrx_word' id='word_1_557' title='bbox 3200 4862 3549 4922; x_wconf 78' lang='lat' dir='ltr'><strong>conferemus</strong></span> 
     </span>
    </p>
   </div>
   <div class='ocr_carea' id='block_1_80' title="bbox 1969 4958 3551 5031">
    <p class='ocr_par' dir='ltr' id='par_1_80' title="bbox 1969 4958 3551 5031">
     <span class='ocr_line' id='line_1_80' title="bbox 1969 4958 3551 5031; baseline -0.001 -15"><span class='ocrx_word' id='word_1_558' title='bbox 1969 4976 2095 5016; x_wconf 90' lang='lat' dir='ltr'><strong>cum</strong></span> <span class='ocrx_word' id='word_1_559' title='bbox 2143 4960 2212 5017; x_wconf 91' lang='lat' dir='ltr'><strong>iis</strong></span> <span class='ocrx_word' id='word_1_560' title='bbox 2263 4974 2404 5031; x_wconf 88' lang='lat' dir='ltr'><strong>quas</strong></span> <span class='ocrx_word' id='word_1_561' title='bbox 2448 4974 2546 5031; x_wconf 85' lang='lat' dir='ltr'><strong>per</strong></span> <span class='ocrx_word' id='word_1_562' title='bbox 2598 4972 2751 5030; x_wconf 87' lang='lat' dir='ltr'><strong>spem</strong></span> <span class='ocrx_word' id='word_1_563' title='bbox 2804 4958 2963 5015; x_wconf 87' lang='lat' dir='ltr'><strong>nobis</strong></span> <span class='ocrx_word' id='word_1_564' title='bbox 2994 4958 3305 5015; x_wconf 88' lang='lat' dir='ltr'><strong>reconditas</strong></span> <span class='ocrx_word' id='word_1_565' title='bbox 3356 4973 3551 5029; x_wconf 78' lang='lat' dir='ltr'><strong>exspe-</strong></span> 
     </span>
    </p>
   </div>
   <div class='ocr_carea' id='block_1_81' title="bbox 1970 5048 3548 5121">
    <p class='ocr_par' dir='ltr' id='par_1_81' title="bbox 1970 5048 3548 5121">
     <span class='ocr_line' id='line_1_81' title="bbox 1970 5048 3548 5121; baseline -0.001 -15"><span class='ocrx_word' id='word_1_566' title='bbox 1970 5058 2208 5107; x_wconf 84' lang='lat' dir='ltr'><strong>ctamus.</strong></span> <span class='ocrx_word' id='word_1_567' title='bbox 2232 5048 2326 5106; x_wconf 90' lang='lat' dir='ltr'><strong>Sic</strong></span> <span class='ocrx_word' id='word_1_568' title='bbox 2353 5048 2499 5106; x_wconf 91' lang='lat' dir='ltr'><strong>enim</strong></span> <span class='ocrx_word' id='word_1_569' title='bbox 2530 5048 2829 5119; x_wconf 87' lang='lat' dir='ltr'><strong>disputatio</strong></span> <span class='ocrx_word' id='word_1_570' title='bbox 2881 5048 3047 5104; x_wconf 86' lang='lat' dir='ltr'><strong>tinem</strong></span> <span class='ocrx_word' id='word_1_571' title='bbox 3091 5050 3432 5121; x_wconf 90' lang='lat' dir='ltr'><strong>propositum</strong></span> <span class='ocrx_word' id='word_1_572' title='bbox 3458 5063 3548 5104; x_wconf 81' lang='lat' dir='ltr'><strong>as-</strong></span> 
     </span>
    </p>
   </div>
   <div class='ocr_carea' id='block_1_82' title="bbox 1972 5137 3547 5211">
    <p class='ocr_par' dir='ltr' id='par_1_82' title="bbox 1972 5137 3547 5211">
     <span class='ocr_line' id='line_1_82' title="bbox 1972 5137 3547 5211; baseline -0.001 -15"><span class='ocrx_word' id='word_1_573' title='bbox 1972 5150 2253 5211; x_wconf 89' lang='lat' dir='ltr'><strong>sequetur,</strong></span> <span class='ocrx_word' id='word_1_574' title='bbox 2282 5147 2343 5194; x_wconf 86' lang='lat' dir='ltr'><strong>ut</strong></span> <span class='ocrx_word' id='word_1_575' title='bbox 2368 5139 2664 5194; x_wconf 88' lang='lat' dir='ltr'><strong>multorum</strong></span> <span class='ocrx_word' id='word_1_576' title='bbox 2707 5137 2877 5193; x_wconf 90' lang='lat' dir='ltr'><strong>animi</strong></span> <span class='ocrx_word' id='word_1_577' title='bbox 2927 5138 2998 5194; x_wconf 89' lang='lat' dir='ltr'><strong>ab</strong></span> <span class='ocrx_word' id='word_1_578' title='bbox 3037 5138 3294 5208; x_wconf 86' lang='lat' dir='ltr'><strong>opinione</strong></span> <span class='ocrx_word' id='word_1_579' title='bbox 3333 5138 3547 5209; x_wconf 80' lang='lat' dir='ltr'><strong>vulgari</strong></span> 
     </span>
    </p>
   </div>
   <div class='ocr_carea' id='block_1_83' title="bbox 1972 5228 3547 5288">
    <p class='ocr_par' dir='ltr' id='par_1_83' title="bbox 1972 5228 3547 5288">
     <span class='ocr_line' id='line_1_83' title="bbox 1972 5228 3547 5288; baseline -0.001 -2"><span class='ocrx_word' id='word_1_580' title='bbox 1972 5232 2040 5288; x_wconf 84' lang='lat' dir='ltr'><strong>ad</strong></span> <span class='ocrx_word' id='word_1_581' title='bbox 2100 5239 2308 5287; x_wconf 88' lang='lat' dir='ltr'><strong>rectam</strong></span> <span class='ocrx_word' id='word_1_582' title='bbox 2358 5229 2429 5285; x_wconf 89' lang='lat' dir='ltr'><strong>de</strong></span> <span class='ocrx_word' id='word_1_583' title='bbox 2470 5243 2600 5285; x_wconf 79' lang='lat' dir='ltr'><strong>vero</strong></span> <span class='ocrx_word' id='word_1_584' title='bbox 2650 5228 2797 5284; x_wconf 90' lang='lat' dir='ltr'><strong>bono</strong></span> <span class='ocrx_word' id='word_1_585' title='bbox 2850 5228 3177 5285; x_wconf 88' lang='lat' dir='ltr'><strong>sententiam</strong></span> <span class='ocrx_word' id='word_1_586' title='bbox 3244 5228 3547 5284; x_wconf 79' lang='lat' dir='ltr'><strong>traducan-</strong></span> 
     </span>
    </p>
   </div>
   <div class='ocr_carea' id='block_1_84' title="bbox 1974 5317 3551 5387">
    <p class='ocr_par' dir='ltr' id='par_1_84' title="bbox 1974 5317 3551 5387">
     <span class='ocr_line' id='line_1_84' title="bbox 1974 5317 3551 5387; baseline -0.003 -8"><span class='ocrx_word' id='word_1_587' title='bbox 1974 5332 2084 5380; x_wconf 92' lang='lat' dir='ltr'><strong>tur.</strong></span> <span class='ocrx_word' id='word_1_588' title='bbox 2153 5320 2291 5377; x_wconf 84' lang='lat' dir='ltr'><strong>Nam</strong></span> <span class='ocrx_word' id='word_1_589' title='bbox 2359 5335 2487 5376; x_wconf 92' lang='lat' dir='ltr'><strong>cum</strong></span> <span class='ocrx_word' id='word_1_590' title='bbox 2551 5318 2811 5387; x_wconf 78' lang='lat' dir='ltr'><strong>omnibus</strong></span> <span class='ocrx_word' id='word_1_591' title='bbox 2871 5317 3187 5375; x_wconf 83' lang='lat' dir='ltr'><strong>hominibus</strong></span> <span class='ocrx_word' id='word_1_592' title='bbox 3241 5319 3406 5375; x_wconf 89' lang='lat' dir='ltr'><strong>insita</strong></span> <span class='ocrx_word' id='word_1_593' title='bbox 3477 5320 3551 5377; x_wconf 88' lang='lat' dir='ltr'><strong>sit</strong></span> 
     </span>
    </p>
   </div>
   <div class='ocr_carea' id='block_1_85' title="bbox 1972 5409 3549 5484">
    <p class='ocr_par' dir='ltr' id='par_1_85' title="bbox 1972 5409 3549 5484">
     <span class='ocr_line' id='line_1_85' title="bbox 1972 5409 3549 5484; baseline -0.001 -15"><span class='ocrx_word' id='word_1_594' title='bbox 1972 5413 2241 5470; x_wconf 86' lang='lat' dir='ltr'><strong>naturalis</strong></span> <span class='ocrx_word' id='word_1_595' title='bbox 2288 5411 2537 5484; x_wconf 66' lang='lat' dir='ltr'><strong>quaedam</strong></span> <span class='ocrx_word' id='word_1_596' title='bbox 2594 5409 2664 5464; x_wconf 87' lang='lat' dir='ltr'><strong>ad</strong></span> <span class='ocrx_word' id='word_1_597' title='bbox 2728 5410 2933 5465; x_wconf 89' lang='lat' dir='ltr'><strong>bonum</strong></span> <span class='ocrx_word' id='word_1_598' title='bbox 2991 5411 3310 5482; x_wconf 85' lang='lat' dir='ltr'><strong>propensio,</strong></span> <span class='ocrx_word' id='word_1_599' title='bbox 3370 5411 3438 5468; x_wconf 88' lang='lat' dir='ltr'><strong>ad</strong></span> <span class='ocrx_word' id='word_1_600' title='bbox 3481 5411 3549 5468; x_wconf 86' lang='lat' dir='ltr'><strong>il-</strong></span> 
     </span>
    </p>
   </div>
   <div class='ocr_carea' id='block_1_86' title="bbox 1972 5501 3546 5577">
    <p class='ocr_par' dir='ltr' id='par_1_86' title="bbox 1972 5501 3546 5577">
     <span class='ocr_line' id='line_1_86' title="bbox 1972 5501 3546 5577; baseline 0 -16"><span class='ocrx_word' id='word_1_601' title='bbox 1972 5504 2176 5577; x_wconf 87' lang='lat' dir='ltr'><strong>ludque</strong></span> <span class='ocrx_word' id='word_1_602' title='bbox 2219 5502 2663 5575; x_wconf 88' lang='lat' dir='ltr'><strong>consequendum</strong></span> <span class='ocrx_word' id='word_1_603' title='bbox 2722 5517 2939 5573; x_wconf 89' lang='lat' dir='ltr'><strong>semper</strong></span> <span class='ocrx_word' id='word_1_604' title='bbox 2989 5502 3139 5558; x_wconf 87' lang='lat' dir='ltr'><strong>omni</strong></span> <span class='ocrx_word' id='word_1_605' title='bbox 3187 5501 3370 5559; x_wconf 91' lang='lat' dir='ltr'><strong>studio</strong></span> <span class='ocrx_word' id='word_1_606' title='bbox 3417 5519 3546 5560; x_wconf 84' lang='lat' dir='ltr'><strong>con-</strong></span> 
     </span>
    </p>
   </div>
   <div class='ocr_carea' id='block_1_87' title="bbox 1974 5592 3551 5666">
    <p class='ocr_par' dir='ltr' id='par_1_87' title="bbox 1974 5592 3551 5666">
     <span class='ocr_line' id='line_1_87' title="bbox 1974 5592 3551 5666; baseline -0.002 -12"><span class='ocrx_word' id='word_1_607' title='bbox 1974 5600 2222 5666; x_wconf 85' lang='lat' dir='ltr'><strong>tendant,</strong></span> <span class='ocrx_word' id='word_1_608' title='bbox 2255 5597 2317 5652; x_wconf 81' lang='lat' dir='ltr'><strong>iit</strong></span> <span class='ocrx_word' id='word_1_609' title='bbox 2358 5603 2420 5651; x_wconf 88' lang='lat' dir='ltr'><strong>ut</strong></span> <span class='ocrx_word' id='word_1_610' title='bbox 2452 5609 2519 5651; x_wconf 79' lang='lat' dir='ltr'><strong>ex</strong></span> <span class='ocrx_word' id='word_1_611' title='bbox 2567 5594 2684 5650; x_wconf 75' lang='lat' dir='ltr'><strong>veri</strong></span> <span class='ocrx_word' id='word_1_612' title='bbox 2712 5592 2841 5649; x_wconf 91' lang='lat' dir='ltr'><strong>boni</strong></span> <span class='ocrx_word' id='word_1_613' title='bbox 2885 5593 3194 5664; x_wconf 75' lang='lat' dir='ltr'><strong>ignorantia</strong></span> <span class='ocrx_word' id='word_1_614' title='bbox 3220 5592 3405 5649; x_wconf 89' lang='lat' dir='ltr'><strong>omnia</strong></span> <span class='ocrx_word' id='word_1_615' title='bbox 3437 5593 3551 5652; x_wconf 78' lang='lat' dir='ltr'><strong>fere</strong></span> 
     </span>
    </p>
   </div>
   <div class='ocr_carea' id='block_1_88' title="bbox 1974 5686 3550 5764">
    <p class='ocr_par' dir='ltr' id='par_1_88' title="bbox 1974 5686 3550 5764">
     <span class='ocr_line' id='line_1_88' title="bbox 1974 5686 3550 5764; baseline -0.006 -15"><span class='ocrx_word' id='word_1_616' title='bbox 1974 5700 2201 5764; x_wconf 88' lang='lat' dir='ltr'><strong>peccata</strong></span> <span class='ocrx_word' id='word_1_617' title='bbox 2226 5691 2595 5746; x_wconf 85' lang='lat' dir='ltr'><strong>committant.</strong></span> <span class='ocrx_word' id='word_1_618' title='bbox 2622 5686 2778 5758; x_wconf 82' lang='lat' dir='ltr'><strong>Quod</strong></span> <span class='ocrx_word' id='word_1_619' title='bbox 2820 5686 2868 5743; x_wconf 87' lang='lat' dir='ltr'><strong>si</strong></span> <span class='ocrx_word' id='word_1_620' title='bbox 2894 5686 3083 5743; x_wconf 90' lang='lat' dir='ltr'><strong>cuncti</strong></span> <span class='ocrx_word' id='word_1_621' title='bbox 3114 5700 3305 5742; x_wconf 80' lang='lat' dir='ltr'><strong>verum</strong></span> <span class='ocrx_word' id='word_1_622' title='bbox 3347 5686 3550 5741; x_wconf 87' lang='lat' dir='ltr'><strong>bonum</strong></span> 
     </span>
    </p>
   </div>
   <div class='ocr_carea' id='block_1_89' title="bbox 1974 5777 3551 5859">
    <p class='ocr_par' dir='ltr' id='par_1_89' title="bbox 1974 5777 3551 5859">
     <span class='ocr_line' id='line_1_89' title="bbox 1974 5777 3551 5859; baseline -0.007 -16"><span class='ocrx_word' id='word_1_623' title='bbox 1974 5792 2325 5859; x_wconf 87' lang='lat' dir='ltr'><strong>perspectum</strong></span> <span class='ocrx_word' id='word_1_624' title='bbox 2345 5791 2403 5841; x_wconf 90' lang='lat' dir='ltr'><strong>et</strong></span> <span class='ocrx_word' id='word_1_625' title='bbox 2443 5783 2719 5857; x_wconf 80' lang='lat' dir='ltr'><strong>cognitum</strong></span> <span class='ocrx_word' id='word_1_626' title='bbox 2757 5779 3038 5852; x_wconf 81' lang='lat' dir='ltr'><strong>baberent,</strong></span> <span class='ocrx_word' id='word_1_627' title='bbox 3068 5792 3351 5850; x_wconf 84' lang='lat' dir='ltr'><strong>nunquam</strong></span> <span class='ocrx_word' id='word_1_628' title='bbox 3375 5777 3446 5835; x_wconf 86' lang='lat' dir='ltr'><strong>ab</strong></span> <span class='ocrx_word' id='word_1_629' title='bbox 3464 5790 3551 5838; x_wconf 79' lang='lat' dir='ltr'><strong>eo.</strong></span> 
     </span>
    </p>
   </div>
  </div>
