3896 6204
311 270 411 328 801

1704 281 1792 335 DE
1835 280 2076 337 MORTU
2089 279 2173 334 IS.

3461 285 3568 342 502

301 391 478 462 ιτῆρι
514 389 610 445 τοῦ
651 390 818 446 καλοῦ
853 392 1199 466 θεωρεῖσθαι,
1233 399 1344 454 εἴτε
1389 401 1486 455 καὶ
1518 401 1719 473 ἑτέρως
1748 401 1894 472 ἔχει’

2002 398 2242 462 videtur,
2274 411 2343 451 an
2377 409 2614 466 praesens
2641 393 2755 449 haec
2781 393 2914 460 vita,
2943 408 3106 468 quam
3144 393 3197 449 in
3232 395 3396 452 carne
3420 398 3572 470 (legi-

294 484 372 537 τὸ
417 482 530 555 γὰρ
578 483 962 556 εὑρισκόμενον
1015 489 1147 560 περὶ
1195 491 1366 562 αὐτῆς
1414 493 1517 546 ὑπὸ
1558 493 1654 548 τοῦ
1695 493 1888 562 λόγου,

292 575 573 647 ὁδηγήσει
614 576 826 642 πάντως
853 577 952 650 τὴν
997 581 1110 634 τῶν
1160 583 1586 655 ὲπεσκεμμένων
1633 585 1889 651 διάνοιαν,

292 667 466 732 ὃπως
492 668 594 740 χρὴ
613 669 740 740 περὶ
763 669 862 742 τὴν
884 671 1094 726 ἐνθένδε
1124 676 1518 744 μετανάστασιν
1540 677 1703 748 ἔχειν.
1737 679 1892 731 Ἐστι

296 760 493 814 τοίνυν
529 763 562 832 ἠ
593 761 690 815 τοῦ
734 762 986 834 σώματος
1023 767 1179 838 ἡμῶν
1230 769 1364 840 ζωὴ,
1400 770 1680 844 πλήρωσίς
1711 789 1770 826 τε
1799 773 1894 826 καὶ

295 851 539 916 κένωσις
560 853 772 924 διχόθεν
803 858 1170 928 ἐνεργουμένη
1191 877 1206 890 ’
1237 862 1268 930 ή
1303 861 1402 932 μὲν
1425 861 1512 916 διὰ
1540 861 1794 934 βρώσεώς
1831 881 1892 916 τε

296 943 407 997 καὶ
450 944 685 1008 πόσεως,
715 946 749 1016 ἡ
785 945 842 998 δὲ
875 947 965 1000 διὰ
1008 950 1107 1020 τῆς
1157 950 1250 1004 τοῦ
1297 951 1457 1024 ἀέρος
1490 940 1656 1024 ὁλκῆς
1686 974 1745 1008 τε
1799 957 1892 1010 καὶ

295 1035 714 1106 ἁποποιήσεως.
754 1031 830 1091 ὧν
862 1040 991 1093 ἀνευ
1025 1043 1056 1111 ἡ
1092 1043 1232 1096 κατὰ
1273 1045 1448 1116 σάρκα
1478 1046 1588 1118 ζωὴ
1633 1049 1892 1119 συστῆναι

299 1127 475 1197 φύσιν
497 1129 599 1182 ούκ
626 1129 758 1200 ἔχει.
792 1131 924 1184 Τότε
953 1132 1059 1206 γὰρ
1098 1134 1190 1189 τοῦ
1221 1135 1320 1208 ζῇν
1347 1141 1374 1192 ό
1406 1139 1688 1211 ἄνθρωπος
1726 1144 1894 1196 παύε-

299 1236 420 1281 ται,
455 1221 583 1273 ὅταν
627 1223 661 1291 ἡ
695 1221 804 1276 τῶν
855 1224 1113 1279 ἐναντίων
1165 1228 1372 1282 τούτων
1422 1230 1640 1304 διαδοχὴ
1697 1235 1892 1304 μηκέτι

300 1309 487 1381 διοχλῇ
517 1311 618 1382 τὴν
658 1315 839 1381 φύσιν.
878 1315 1121 1371 ’ῐσταται
1153 1308 1260 1388 γάρ
1291 1321 1428 1390 μετά
1457 1323 1615 1376 τοῦτο
1662 1325 1890 1379 καθόλου

300 1401 341 1471 ἡ
365 1403 587 1473 τοιαύτη
611 1404 876 1475 ἐνέργεια,
901 1407 1111 1471 ούδενδς
1127 1410 1234 1464 τῶν
1254 1410 1452 1477 ἔξωθεν
1477 1415 1534 1466 ἐν
1556 1417 1664 1478 τοῖς
1686 1434 1888 1486 νεκρωο

302 1492 479 1546 θεῖσιν
506 1493 630 1546 οὔτε
665 1497 986 1567 είσρέοντος,
1011 1498 1134 1553 οὔτε
1156 1500 1571 1572 ἀπογινομὲνου,
1598 1507 1730 1560 ἀλλὰ
1755 1509 1888 1580 πρὸς

303 1581 377 1634 τά
410 1585 649 1654 συγγενῆ
686 1589 921 1656 στοιχεῖα
952 1587 1044 1642 τοῦ
1066 1591 1129 1642 ἐκ
1151 1591 1356 1646 τούτων
1383 1599 1768 1668 συνεστηκότος
1791 1600 1894 1652 σώ-

313 1691 487 1744 ματος
524 1676 889 1748 διακριθέντος
926 1681 1022 1735 καὶ
1050 1683 1436 1752 ἀναλύσαντος,
1465 1690 1665 1761 ἠρεμεῖ
1692 1692 1750 1744 τὸ
1784 1693 1894 1746 λοιο

1993 503 2137 554 mus,
2171 486 2299 542 talis
2328 486 2422 551 sit,
2449 492 2508 540 ut
2533 484 2582 540 ei
2631 492 2758 538 nota
2811 483 2940 538 boni
2987 484 3294 550 conveniat,
3339 501 3406 539 an
3437 502 3573 541 con-

1995 589 2124 636 tra:
2164 579 2309 651 quod
2365 579 2510 634 enim
2569 577 2639 632 de
2691 577 2810 648 ipsa
2855 578 3184 649 disputando
3244 557 3567 649 reperietur,

1992 672 2457 730 considerantium
2513 671 2725 725 animos
2767 671 2982 726 erudiet
3036 671 3314 742 quomodo
3364 674 3418 727 in
3476 689 3572 729 eo-

1991 764 2407 822 rum‘disccssu
2439 763 2530 832 qui
2562 778 2628 817 ex
2673 761 2763 816 illa
2800 763 3058 832 migrant,
3105 763 3247 818 aflici
3301 770 3572 834 oporteat.

1999 858 2097 914 Est
2147 858 2312 928 igitur
2334 857 2507 912 nostri
2553 856 2804 927 corporis
2838 857 2969 920 vita,
3009 855 3242 927 repletio
3294 864 3456 928 atque
3487 873 3573 912 ex-

1999 951 2403 1019 inanitio,qu:e
2459 948 2678 1019 quidem
2746 949 3037 1018 dupliciter
3094 947 3250 1013 ﬁunt,
3298 956 3413 1003 tum
3469 965 3566 1020 per

1995 1041 2176 1095 cibum
2199 1048 2253 1096 et
2281 1049 2490 1109 potum,
2517 1049 2630 1094 tum
2656 1054 2750 1109 per
2777 1039 2919 1094 aeris
2935 1039 3314 1094 attraclionem
3337 1045 3390 1093 et
3409 1039 3572 1094 emis-

1993 1132 2226 1187 sionem.
2262 1130 2353 1186 Sic
2385 1131 2530 1186 enim
2565 1139 2761 1184 natura
2793 1139 3168 1201 comparatum
3204 1138 3310 1194 est,
3349 1140 3406 1185 ut
3455 1130 3573 1185 sine

1993 1224 2079 1279 his
2114 1225 2168 1278 in
2196 1237 2363 1277 carne
2390 1223 2573 1278 vivere
2603 1221 3110 1292 nequeamus.Nam
3137 1229 3268 1276 tunc
3299 1222 3572 1276 lmuiinem

1992 1317 2102 1370 vita
2129 1315 2351 1380 deserit,
2411 1313 2632 1384 quando
2679 1314 2874 1368 horum
2911 1315 3315 1368 contrariorum
3347 1329 3575 1368 succos-

1994 1409 2078 1464 sio
2107 1416 2356 1460 naturam
2417 1421 2524 1459 non
2559 1413 2760 1460 movet.
2816 1405 2966 1462 Talis
3017 1405 3161 1459 enim
3209 1407 3354 1460 actio
3389 1413 3573 1460 cessat

1994 1499 2275 1561 universa,
2311 1510 2436 1550 cum
2463 1495 2597 1549 nihil
2650 1496 2996 1550 extrinsecus
3048 1495 3104 1549 in
3164 1495 3442 1550 defunctis
3472 1509 3574 1549 nec

1993 1589 2208 1655 inﬂuat,
2231 1603 2334 1643 nec
2358 1588 2569 1654 eilluat;
2606 1603 2842 1658 cumque
2869 1588 3095 1658 singula:
3133 1587 3417 1642 cadaveris
3448 1601 3576 1656 par-

1995 1693 2078 1740 tes
2107 1683 2162 1737 in
2189 1689 2419 1753 cognata
2445 1681 2548 1736 sibi
2580 1681 2846 1736 elementa
2878 1681 3138 1734 recedant
3170 1695 3234 1733 ac
3260 1679 3569 1735 dissolvan-

313 1767 419 1856 πδν
451 1768 522 1820 δι’
551 1770 771 1839 ἡσυχίας
799 1773 834 1842 ή
870 1772 1049 1841 φύσις,
1095 1776 1174 1847 τῷ
1205 1779 1388 1850 οἰκείῳ
1430 1751 1678 1854 στόιίείῳ
1728 1801 1892 1856 προσο

1997 1783 2106 1837 tur,
2142 1781 2339 1828 natura
2372 1772 2634 1844 deinceps
2665 1772 3026 1842 conquiescit,
3059 1787 3189 1827 suas
3223 1774 3422 1842 cuique
3470 1771 3576 1825 ele-

316 1854 672 1912 ανάπαύσασα
707 1861 769 1914 τὸ
823 1864 1085 1932 συγγενὲς
1127 1866 1223 1919 καὶ
1264 1868 1554 1940 ὁμόφυλον,
1604 1875 1670 1944 τῇ
1719 1854 1787 1946 γῇ
1833 1875 1892 1928 τὸ

317 1951 534 2018 γεῶδες,
561 1953 654 2004 καὶ
681 1952 758 2022 τῷ
782 1954 904 2026 ἀέρι
930 1957 992 2009 τὸ
1014 1957 1162 2022 ἴδιον,
1187 1962 1281 2014 καὶ
1309 1960 1388 2031 τῷ
1417 1963 1568 2035 ὑγρῷ
1591 1965 1650 2018 τὸ
1673 1968 1890 2034 οἰκεῖον,

316 2044 409 2096 καὶ
437 2041 514 2112 τῷ
542 2043 730 2114 θερμῷ
748 2045 811 2098 τὸ
838 2046 1195 2120 κατάλληλον.
1227 2052 1441 2122 Μηκέτι
1471 2055 1579 2127 γὰρ
1604 2055 1698 2109 τοῦ
1727 2057 1892 2127 ὄγκου

313 2130 407 2184 τοῦ
432 2133 495 2184 ἐκ
527 2133 638 2185 τῶν
680 2135 1012 2207 ἑτερογενῶν
1041 2143 1448 2212 συνεστηκότος,
1482 2147 1672 2216 βιαίως
1698 2166 1758 2202 τε
1799 2151 1894 2204 καὶ

310 2227 856 2296 κατηναγκασμένους
887 2232 1401 2304 συμπεπλεγμένου,
1436 2237 1571 2292 ἀλλά
1597 2241 1718 2293 κατ’
1749 2241 1895 2308 ὲξου·

307 2317 434 2370 σίαν
469 2318 703 2372 ἑκάστου
744 2319 854 2375 τῶν
888 2320 946 2374 ὲν
990 2325 1121 2394 ἡμῖν
1160 2324 1296 2398 πρὸς
1327 2327 1426 2400 τὴν
1473 2331 1679 2386 οἰκείαν
1709 2335 1893 2388 ἑστίαν

302 2410 722 2476 ἐπανελθόντος,
769 2413 1000 2468 παύεται
1048 2415 1156 2470 ἀπὺ
1211 2419 1404 2473 τούτου
1445 2422 1478 2492 ἡ
1531 2422 1710 2492 φύσις,
1770 2443 1894 2479 συν-

305 2500 519 2570 έχουσα
541 2500 732 2571 βιαίως
759 2503 816 2556 ἐν
843 2505 978 2576 αὐτῇ
1002 2505 1108 2559 τῶν
1124 2507 1434 2576 ἀλλοφύλων
1462 2511 1559 2583 τὴν
1591 2516 1888 2584 συμφυΐαν.

299 2588 372 2642 El
409 2588 469 2642 δέ
491 2607 576 2652 τις
607 2591 700 2644 καὶ
735 2591 824 2645 τὸν
854 2592 1040 2658 ὕπνον,
1072 2595 1166 2648 καὶ
1195 2596 1292 2667 τὴν
1323 2599 1650 2672 ἐγρήγορσιν
1680 2604 1815 2674 πρὸς
1836 2605 1896 2658 τὺ

296 2680 408 2750 τῆς
440 2680 587 2751 ζωῆς
622 2681 828 2751 ταύτης
877 2679 1016 2748 εἶδος
1054 2685 1190 2756 μετὰ
1218 2687 1331 2741 τῶν
1368 2689 1675 2761 εἰρημένων
1716 2711 1896 2764 παρα-

297 2771 600 2843 λαμϐάνει,
629 2772 732 2826 οὐκ
782 2773 884 2838 ἔξω
914 2775 1017 2844 τῆς
1053 2775 1311 2848 ἀληθείας
1343 2779 1435 2833 τὸν
1471 2780 1626 2850 λόγον
1669 2786 1895 2856 ποιησε-

295 2883 418 2920 ται.
454 2867 671 2937 Κάμνει
705 2867 814 2940 γὰρ
857 2871 949 2924 καὶ
977 2870 1065 2924 διὰ
1107 2872 1313 2928 τούτων
1342 2876 1374 2946 ἡ
1416 2875 1597 2944 φύσις,
1643 2878 1732 2933 ἀεὶ
1761 2880 1897 2951 πρὸς

297 2957 376 3010 τά
410 2956 629 3010 ἐναντία
679 2958 1070 3032 μεθελκομένη,
1119 2963 1213 3016 καὶ
1240 2963 1336 3018 νῦν
1388 2964 1488 3036 μὲν
1533 2965 1770 3041 λυομένη
1819 2971 1897 3042 τῷ

231 3103 236 3106 _
520 3049 683 3144 πάλιν
720 3049 776 3102 δὲ
811 3053 1108 3144 τονουμένη
1145 3054 1233 3109 διὰ
1265 3055 1363 3126 τῆς
1395 3058 1794 3128 ἐγρηγόρσεως,
1829 3062 1894 3115 δι’
1923 3089 1966 3144 C

300 3133 385 3194 ὧν
407 3141 738 3214 ἀμφοτέρων
766 3143 902 3213 πρὸς
923 3144 976 3197 τὶ
1007 3144 1293 3200 κενοῦσθαι
1318 3148 1410 3201 καὶ
1435 3148 1773 3220 πληροῦσθαι
1801 3170 1900 3206 πα-

309 3235 732 3305 ρασκευάζεται.
765 3237 827 3288 El
847 3237 1025 3289 τοίνυν
1049 3237 1154 3307 πλή
1166 3237 1327 3309 ρωσίς
1348 3256 1408 3292 τε
1436 3241 1528 3294 καὶ
1555 3242 1782 3307 κένωσις
1801 3246 1898 3316 τῆς

305 3324 459 3397 ζωῆς
487 3327 645 3398 ἡμῶν
675 3331 793 3381 ἐστι
823 3329 883 3381 τὸ
911 3329 1124 3400 ἰδίωμα,
1151 3330 1334 3394 καλῶς
1367 3332 1434 3386 ἂν
1467 3333 1578 3404 ἔχοι
1606 3334 1698 3388 τὸν
1727 3339 1899 3408 προρ-

314 3415 546 3486 ρηθέντα
582 3417 712 3488 περὶ
737 3418 837 3488 τῆς
865 3419 956 3471 τοῦ
988 3418 1155 3473 καλοῦ
1183 3419 1418 3490 κρίσεως
1451 3427 1774 3496 χαρακτῆρα
1803 3425 1898 3480 νῦν

311 3508 664 3574 ἀντεξετάσαι
689 3513 804 3574 τοῖς
829 3511 927 3582 τῆς
965 3511 1111 3583 ζωῆς
1155 3514 1456 3585 ἰδιώμασιν,
1489 3516 1630 3570 ὥστε
1658 3519 1898 3574 κατιδεῖν

310 3598 420 3650 εῐτε
455 3601 516 3653 τὸ
543 3599 798 3670 ἀληθινόν
828 3603 976 3654 ἐστιν
1007 3602 1213 3671 ἀγαθὸν
1247 3607 1278 3675 ἡ
1308 3603 1420 3676 ζωὴ
1465 3605 1626 3677 αὕτη,
1653 3607 1761 3661 εἴτε
1803 3609 1898 3662 καὶ

309 3688 440 3742 ἄλλο
463 3707 514 3742 τι
544 3691 691 3762 παρά
709 3691 886 3745 τοῦτο.
921 3693 1043 3746 ’Ότι
1075 3695 1173 3763 μὲν
1195 3691 1286 3749 οὖν
1321 3697 1443 3750 καθ’
1473 3697 1670 3769 ἑαυτὴν
1701 3702 1734 3771 ἠ
1763 3700 1898 3772 πλή-

312 3799 483 3852 ρωσις
503 3783 604 3836 οὐκ
635 3783 698 3837 ἀν
721 3785 946 3850 εἰκότως
968 3789 1025 3840 ἐν
1049 3790 1113 3859 τῇ
1148 3788 1243 3842 τοῦ
1277 3789 1444 3844 καλοῦ
1470 3791 1628 3862 φύσει
1657 3793 1896 3866 κριθείη,

308 3874 458 3925 πᾶσι
486 3871 640 3941 δῆλον
672 3875 730 3927 τὸ
757 3876 995 3930 τοιοῦτόν
1033 3879 1203 3942 ἐστιν,
1234 3882 1298 3934 ἐκ
1320 3881 1412 3934 τοῦ
1440 3883 1532 3935 καὶ
1564 3883 1625 3936 τὸ
1659 3885 1898 3942 ἐναντίον

309 3963 482 4031 αὐτῇ,
519 3961 657 4031 λέγω
685 3963 738 4018 δὲ
765 3966 827 4018 τὸ
857 3965 1161 4032 κενοῦσθαι,
1191 3969 1355 4023 καλὸν
1382 3953 1530 4027 εἶναι
1557 3975 1893 4045 νομίζεσθαι.

322 4054 453 4108 Ἐπὶ
481 4053 588 4127 γὰρ
610 4057 715 4111 τῶν
740 4058 985 4129 ἀλλήλων
1013 4062 1078 4114 ἐκ
1107 4060 1200 4114 τοῦ
1235 4063 1477 4117 ἐναντίου
1513 4066 1900 4142 ἀντικαθεστη-

309 4148 510 4212 κότων,
549 4151 648 4204 οὐκ
679 4150 794 4205 ἐστι
822 4153 1044 4207 δυνατὸν
1069 4154 1160 4208 τὸν
1189 4156 1282 4210 τοῦ
1317 4156 1481 4211 καλοῦ
1512 4158 1667 4228 λόγον
1702 4160 1899 4232 ἐπίσης

305 4243 419 4304 τοῖς
451 4241 915 4297 ἀντικαθεστῶσιν
947 4246 1284 4317 ἁρμόζεσθαι
1311 4265 1325 4279 ⁶
1366 4248 1483 4303 ἀλλ’
1519 4253 1567 4304 εί
1606 4251 1765 4306 τοῦτο
1793 4271 1896 4308 κα-

306 4328 400 4384 λὸν
429 4332 516 4404 εἴη
543 4333 685 4385 κατά
711 4334 810 4405 τὴν
835 4336 1027 4390 ἐαυτοῦ
1054 4337 1238 4406 φύσιν,
1262 4340 1322 4394 τὸ
1356 4341 1729 4413 ἀντικείμενον
1750 4345 1897 4418 αύτῷ

1993 1873 2179 1922 mento
2198 1872 2458 1935 cognatas
2492 1879 2555 1918 ac
2590 1863 2798 1919 similes
2828 1871 3011 1934 partes
3034 1862 3354 1926 restituens,
3390 1871 3572 1926 terraa,

1994 1957 2141 2030 quod
2193 1966 2470 2013 terrenum
2512 1964 2626 2020 est;
2684 1955 2828 2026 quod
2895 1969 3137 2019 aereum,
3197 1953 3348 2020 aeri;
3398 1967 3572 2024 aqua},

1993 2051 2142 2124 quod
2166 2065 2234 2107 ex
2267 2065 2408 2121 aqua
2443 2055 2693 2115 constat;
2723 2057 2777 2103 et
2811 2047 2942 2118 igni,
2975 2044 3122 2116 quod
3169 2045 3314 2100 illius
3343 2055 3426 2101 est
3449 2060 3576 2116 pro-

1993 2142 2194 2212 prium.
2238 2139 2452 2196 Etenim
2484 2153 2610 2194 cum
2667 2137 2758 2191 illa
2795 2138 3047 2207 corporis
3088 2135 3281 2199 moles,
3317 2150 3437 2205 qua:
3481 2151 3576 2205 per

1993 2234 2104 2288 vim
2132 2249 2196 2288 ex
2218 2231 2454 2287 diversis
2493 2229 2786 2300 generibus
2820 2234 3010 2282 coacta
3041 2233 3408 2293 concretaque
3433 2233 3571 2288 erat,

1994 2339 2105 2379 non
2129 2323 2366 2394 amplius
2387 2321 2677 2384 consistat,
2708 2318 2806 2376 sed
2859 2333 3054 2374 omnes
3080 2316 3226 2371 illius
3283 2324 3469 2386 partes
3505 2316 3574 2370 ad

1995 2429 2126 2470 suas
2149 2428 2378 2484 quasque
2404 2413 2565 2467 sedes
2597 2425 2830 2467 reversa:
2855 2441 2862 2448 -
2889 2411 3020 2475 sint,
3070 2417 3293 2474 natura,
3338 2422 3460 2476 qua:
3507 2422 3574 2462 ex

1995 2506 2086 2560 illa
2122 2504 2444 2568 constabat,
2486 2503 2893 2572 violentamque
2925 2499 3271 2555 diversorum
3314 2513 3572 2569 generum

1995 2594 2794 2665 coniunctionemcontinebat,
2826 2593 2987 2646 tinem
3027 2592 3210 2646 habet.
3236 2591 3294 2645 Si
3322 2591 3445 2660 quis
3478 2603 3576 2644 au-

1995 2699 2104 2744 tem
2142 2699 2265 2758 post
2299 2690 2390 2743 illa
2425 2703 2546 2758 qua:
2587 2689 2735 2742 dicta
2757 2693 2908 2750 sunt,
2945 2685 3074 2739 huic
3106 2683 3293 2756 generi
3325 2682 3452 2737 vitae
3486 2696 3576 2737 so.-

1997 2795 2184 2836 mnum
2215 2788 2269 2836 et
2293 2781 2534 2850 vigiliam
2560 2779 2897 2849 adiunxerit,
2919 2793 2947 2831 a
2977 2777 3205 2832 veritate
3225 2789 3330 2830 non
3356 2775 3576 2829 aberra-

1999 2873 2097 2928 bit.
2141 2871 2272 2926 Nam
2313 2873 2398 2927 his
2439 2885 2661 2941 quoque
2703 2879 2903 2923 natura
2961 2869 3195 2933 laborat,
3236 2864 3579 2936 assidueque

2000 2963 2055 3018 iu
2087 2963 2360 3018 contraria
2387 2961 2734 3026 distrahitur,
2767 2959 2898 3015 dum
2929 2959 3017 3014 vel
3069 2972 3265 3013 somno
3318 2958 3575 3021 solvitur,

1999 3055 2083 3109 vel
2112 3053 2295 3124 vigilia
2327 3069 2547 3109 rursum
2591 3051 2950 3107 conﬁrmatur
2986 3068 3000 3104 :
3048 3051 3154 3105 hac
3209 3051 3355 3104 enim
3411 3049 3578 3105 vicis-

1997 3135 2240 3200 situdine
2311 3143 2380 3197 ad
2442 3142 2900 3207 exinaniendum,
2972 3141 3404 3212 replendumque
3466 3141 3578 3196 dis-

1997 3237 2243 3307 ponitur.
2313 3234 2684 3300 Quamobrem
2753 3233 2802 3289 si
2855 3233 2980 3287 vitae
3038 3241 3242 3288 nostra:
3294 3233 3578 3304 proprium

1999 3329 2133 3382 illud
2156 3335 2262 3392 est,
2291 3335 2350 3382 ut
2387 3342 2417 3381 a
2449 3326 2767 3396 repletione,
2803 3323 3290 3394 exinanitioneque
3323 3326 3577 3394 pendeat,

1998 3435 2109 3475 non
2155 3420 2390 3474 alienum
2423 3421 2526 3474 erit
2579 3427 2640 3472 ut
2678 3417 2807 3472 boni
2837 3423 3022 3470 notam
3084 3423 3138 3472 et
3168 3417 3428 3470 indicium
3451 3431 3580 3471 cum

1999 3513 2085 3568 his
2115 3528 2236 3584 quae
2269 3512 2427 3568 istius
2462 3512 2585 3566 vitae
2616 3511 2834 3581 propria
2868 3519 3018 3574 sunt,
3069 3509 3438 3571 conferamus,
3469 3508 3581 3563 dis-

1995 3605 2376 3676 piciamusque
2439 3612 2627 3659 utrum
2689 3604 2807 3674 ipsa
2861 3603 2973 3658 sint
3015 3617 3204 3658 verum
3253 3600 3482 3664 bonum,
3511 3617 3580 3655 an

1999 3698 2148 3752 aliud
2178 3695 2458 3768 quidpiam
2484 3696 2552 3750 ab
2584 3694 2692 3749 illis
2714 3695 3012 3750 diversum.
3063 3692 3217 3760 Quod
3248 3700 3428 3746 autem
3467 3692 3582 3761 ipsa

1998 3805 2096 3861 per
2129 3805 2190 3846 se
2234 3789 2462 3859 repletio
2506 3786 2632 3843 boni
2662 3795 2876 3842 natura:
2907 3800 3012 3842 non
3037 3783 3290 3856 quadret,
3328 3785 3583 3840 omnibus

1997 3881 2082 3936 vel
2123 3896 2188 3935 ex
2221 3881 2437 3936 actione
2480 3879 2557 3934 illi
2590 3879 2869 3934 contraria
2907 3878 3255 3950 perspicuum
3290 3877 3366 3942 lit,
3391 3878 3583 3934 exina-

1998 3976 2264 4031 nitione‘m
2325 3975 2468 4035 dico,
2538 3988 2701 4044 quam
2763 3987 2918 4043 aeque
2978 3973 3172 4028 bonam
3223 3971 3583 4025 arbitrantur.

1999 4065 2133 4120 Nam
2167 4065 2292 4120 boni
2331 4065 2474 4119 ratio
2504 4079 2567 4120 ac
2599 4065 2846 4120 deﬁnitio
2871 4065 2996 4118 talis
3025 4073 3130 4127 est,
3165 4070 3226 4117 ut
3254 4061 3468 4116 duobus
3501 4060 3584 4112 in-

1997 4166 2080 4214 ter
2121 4173 2181 4212 se
2239 4157 2532 4211 contrariis
2588 4165 2822 4225 nequeat
2869 4155 3188 4218 convenire,
3249 4152 3345 4207 sed
3383 4151 3430 4206 si
3491 4151 3583 4204 uni

1997 4250 2232 4322 quadret
2263 4257 2322 4302 ut
2350 4249 2514 4311 bono,
2542 4247 2612 4301 ab
2641 4249 2812 4302 altero
2863 4255 3123 4313 tanquam
3162 4245 3305 4296 malo
3357 4257 3584 4312 prorsus

1999 4343 2311 4399 abhorreat.
2338 4339 2436 4395 llic
2466 4346 2649 4394 autem
2696 4338 2750 4392 in
2784 4345 3015 4407 utroque
3047 4344 3240 4388 natura
3288 4350 3446 4390 suam
3484 4335 3584 4390 uti-

309 4425 533 4488 πάντως
559 4425 712 4480 ἔσται
741 4429 933 4483 κακόν.
972 4431 1130 4484 Ἀλλά
1156 4433 1262 4503 μὴν
1292 4434 1524 4488 ἐνταῦθα
1546 4437 1741 4507 ἐπίσης
1765 4439 1896 4511 παρ’

2004 4436 2212 4490 litatem
2248 4433 2432 4488 habet.
2470 4430 2650 4498 Quare
2701 4429 2833 4486 boni
2869 4428 3241 4482 deﬁnitionem
3278 4443 3379 4482 nec
3412 4427 3584 4496 reple-

307 4517 578 4588 ικατέρου
613 4518 818 4573 τούτων
843 4521 904 4574 τὸ
937 4523 1206 4594 χρήσιμον
1233 4526 1265 4595 ἡ
1297 4526 1458 4594 φύσις
1488 4526 1618 4599 ἔχει.
1647 4529 1761 4584 Οὐκ
1791 4532 1898 4602 ἄρα

310 4610 402 4662 τὸν
428 4610 525 4663 τοῦ
571 4611 737 4665 καλοῦ
769 4614 996 4684 ὁρισμὸν
1029 4614 1286 4680 δέξασθαι
1318 4619 1561 4684 δυνατῶς
1605 4621 1740 4691 ἔχει,
1775 4622 1898 4677 ούτε

313 4702 346 4770 ἡ
380 4701 687 4773 πλήρωσις,
718 4703 841 4757 οὔτε
871 4707 906 4776 ἡ
945 4705 1194 4771 κένωσις.
1243 4708 1452 4762 Οὐκοῦν
1489 4710 1617 4764 ἄλλο
1663 4729 1714 4765 τι
1748 4713 1899 4784 παρά

312 4791 373 4843 τὸ
404 4791 613 4860 ἀγαθὸν
633 4793 1007 4848 ἀποδέδεικται
1037 4791 1176 4849 εἶναι
1207 4798 1240 4867 ἡ
1281 4797 1578 4868 πλήρωσις.
1611 4798 1748 4851 Οὔτε
1793 4801 1900 4872 γὰρ

319 4885 501 4945 παντὶ,
535 4883 660 4938 οὗτε
707 4886 959 4951 πάντοτε,
990 4885 1114 4940 οὕτε
1150 4887 1292 4942 κατὰ
1337 4889 1446 4942 πᾶν
1498 4883 1638 4953 εῐδος
1685 4891 1901 4962 αἱρετὸν

317 4969 458 5026 εἶναι
480 4974 543 5027 τὸ
566 4975 807 5030 τοιοῦτον
829 4995 904 5030 πα
914 4977 982 5048 ρά
1004 4978 1219 5032 πάντων
1243 4978 1611 5051 ὡμολόγηται.
1637 4981 1713 5034 Οὐ
1742 4982 1902 5052 μόνον

315 5064 428 5136 γάρ
455 5067 513 5119 ἐν
540 5069 651 5130 τοῖς
677 5067 990 5137 βλαπτικοῐς
1021 5069 1275 5138 γενέσθαι
1301 5070 1394 5123 τὸν
1424 5072 1586 5144 κόρον
1615 5073 1762 5127 ἐστὶν
1786 5073 1904 5127 όλέ-

314 5155 489 5228 θριον,
519 5158 655 5214 ἀλλά
682 5161 778 5215 καὶ
799 5163 862 5215 τὸ
894 5163 953 5215 ἐν
978 5164 1094 5227 τοῖς
1126 5161 1481 5234 καταλλήλοις
1518 5165 1809 5237 παρελθεῖν
1835 5169 1900 5239 τῇ

310 5249 558 5320 ἀμετρίᾳ
590 5251 652 5304 τὺ
675 5253 969 5323 χρήσιμον,
993 5253 1256 5308 κινδύνων
1282 5254 1543 5320 πολλάκις
1569 5258 1662 5311 καὶ
1693 5257 1906 5328 διαφθο·

311 5342 422 5412 ρᾶς
453 5341 625 5396 αῐτιον
664 5345 894 5412 γίνεται.
925 5345 1036 5399 Καὶ
1081 5347 1136 5400 εί
1166 5362 1296 5399 ποτε
1347 5346 1699 5420 πληθωρικῆς
1731 5367 1903 5403 κατα-

310 5432 564 5499 στάσεως
590 5436 952 5510 ἐπιζητούσης
973 5437 1072 5510 την
1094 5438 1345 5505 κένωσιν,
1373 5438 1506 5510 ἄλλη
1533 5457 1620 5504 τις
1639 5440 1905 5513 πληθώρα

307 5527 421 5598 τὴν
463 5524 634 5583 οὖσαν
662 5532 1085 5603 ἐπιφορτίσειεν,
1123 5533 1327 5604 σωρεία
1378 5533 1586 5602 γίνεται
1631 5535 1818 5590 κακῶν
1847 5537 1906 5590 τὸ

303 5619 586 5684 τοιοῦτον,
616 5624 697 5688 είς
728 5625 1000 5695 ἀνήκεστα
1035 5624 1299 5696 προϊοῦσα
1342 5624 1510 5696 παθη.
1547 5625 1757 5681 Οὐκοῦν
1783 5627 1905 5681 ούτε

313 5716 509 5778 παντὶ,
547 5715 672 5769 ούτε
716 5717 932 5780 πάντως
980 5716 1184 5785 ἀγαθόν
1227 5716 1280 5770 τί
1328 5718 1477 5771 ἐστιν
1519 5717 1553 5788 ἠ
1604 5718 1904 5791 πλήρωσις,

2001 4527 2076 4580 tio
2108 4525 2358 4596 suscipit,
2381 4538 2482 4578 nec
2506 4520 2826 4576 cxinanitio.
2851 4519 3120 4585 Quocirca
3149 4517 3294 4572 aliud
3327 4517 3586 4588 quiddam

2000 4629 2164 4684 quam
2217 4613 2396 4683 ipsum
2449 4613 2676 4673 bonum,
2739 4616 2822 4664 est
2859 4608 2974 4679 ipsa
3023 4607 3286 4678 repletio;
3337 4621 3460 4659 cum
3489 4621 3586 4661 nec

2000 4704 2226 4774 ubique,
2257 4718 2359 4758 nec
2416 4716 2651 4772 semper,
2699 4715 2802 4755 nec
2849 4701 2904 4755 in
2944 4699 3202 4756 omnibus
3234 4711 3393 4751 omne
3415 4712 3586 4768 genus

2002 4798 2178 4869 ipsius
2207 4811 2237 4850 a
2265 4795 2483 4851 cunctis
2526 4793 2889 4864 expetendum
2934 4792 3232 4860 judicetur.
3264 4787 3381 4844 Non
3410 4791 3586 4844 solum

2001 4890 2147 4946 enim
2178 4889 2360 4944 noxiis
2394 4885 2534 4942 cibis
2559 4885 2764 4955 expleri
2787 4884 3154 4954 perniciosum
3177 4892 3280 4947 est,
3307 4881 3403 4938 sed
3422 4881 3586 4937 etiam

2003 4981 2061 5036 in
2120 4979 2284 5034 bonis
2343 4986 2398 5034 et
2464 4975 2915 5032 convenientibus
2971 4973 3370 5030 mediocritatis
3427 4989 3586 5028 usum

2004 5073 2300 5139 transilire,
2323 5071 2642 5142 plerumque
2674 5069 2974 5142 periculum
3013 5076 3068 5124 et
3099 5066 3359 5123 damnum
3411 5063 3586 5120 affert.

2003 5163 2160 5232 Quod
2186 5163 2233 5220 si
2269 5178 2394 5218 cum
2423 5177 2624 5232 corpus
2660 5163 2926 5232 repletum
2965 5167 3072 5223 est,
3106 5159 3386 5227 levarique
3440 5153 3586 5210 desi-

2004 5256 2181 5320 derat,
2215 5255 2322 5309 alio
2355 5253 2534 5309 adhuc
2557 5263 2815 5309 oneretur
2830 5253 2976 5314 cibo,
3005 5256 3121 5304 tum
3146 5264 3277 5304 vero
3303 5252 3587 5301 contracto

2005 5348 2272 5402 malorum
2321 5345 2545 5400 cumulo
2583 5346 2638 5400 in
2674 5345 2896 5399 morbos
2935 5339 3127 5396 incidit
3181 5339 3503 5409 desperatos
3535 5344 3586 5391 et

2005 5436 2360 5493 insanabiles.
2399 5435 2589 5505 Itaque
2627 5449 2728 5490 nec
2781 5448 3018 5504 semper,
3055 5446 3154 5487 nec
3180 5431 3341 5502 plane
3386 5429 3587 5484 bonum

2006 5539 2094 5586 est
2120 5529 2368 5601 repletio,
2407 5527 2503 5582 sed
2553 5525 2620 5580 ad
2654 5525 2880 5596 aliquid,
2913 5535 2965 5580 et
3003 5522 3296 5593 aliquando
3326 5521 3448 5578 usui
3485 5532 3588 5585 est,

2007 5631 2057 5678 et
2115 5625 2168 5680 in
2228 5621 2533 5694 quantitate
2593 5618 2963 5692 qualitateque
3016 5615 3267 5672 consistit
3316 5615 3436 5686 ejus
3489 5612 3589 5670 uti-

2008 5717 2154 5775 litas.

314 5808 462 5867 ἀλλά
490 5807 585 5862 καὶ
612 5807 748 5879 πρός
783 5825 858 5876 τι,
889 5809 982 5864 καί
1007 5826 1160 5878 ποτε,
1192 5812 1282 5868 καὶ
1315 5812 1459 5869 κατά
1484 5812 1544 5868 τὸ
1577 5813 1744 5868 ποσόν
1773 5830 1832 5868 τε
1875 5813 1968 5869 καὶ
2000 5811 2062 5865 τὸ
2109 5812 2277 5878 ποιὸν,
2309 5808 2373 5864 τὸ
2409 5808 2469 5877 ἐξ
2501 5806 2665 5864 αὑτοῦ
2690 5803 2897 5872 γίνεται
2921 5802 3210 5876 χρήσιμον.
