3896 6204
374 273 482 329 5υὸ
1631 273 1689 330 S.
1727 272 2055 334 GREGOBII
2090 275 2381 337 NYSSENI

3530 286 3643 344 σοι

441 384 644 442 Eodem
695 395 856 458 pacto
894 396 949 445 et
975 386 1308 447 contrariam
1366 386 1496 463 huic
1531 390 1958 456 exinanitionem

2134 395 2293 453 Οὕτω
2313 396 2359 453 δ’
2389 397 2456 455 ἀν
2486 415 2571 463 τις
2595 396 2743 471 εὕροι
2772 398 2865 453 καὶ⁵
2889 396 2951 453 τὸ
2979 397 3042 465 ἐξ
3066 398 3309 453 ἐναντίου
3331 398 3640 471 νοούμενον,

373 480 615 552 reperies
672 481 1039 551 periculosam
1089 481 1159 538 lis
1188 482 1282 555 qui
1314 497 1346 539 a
1379 483 1663 541 moderato
1709 485 1833 556 ejus
1855 501 1962 543 usu

2063 487 2120 543 τὸ
2152 489 2296 553 κατά
2325 488 2424 562 τὴν
2456 489 2689 554 κένωσιν
2708 490 2875 560 λέγω,
2902 490 2998 544 καὶ
3024 490 3347 555 κινδυνῶδες
3374 494 3488 556 τοῖς
3515 493 3658 546 ὐπο-

375 570 724 636 recesserint,
753 586 865 627 non
900 571 1150 629 inutilem
1174 580 1380 642 tamen,
1409 574 1456 632 si
1483 575 1783 646 prudenter
1813 576 1963 633 adhi-

2063 580 2334 651 μένουσιν,
2363 582 2413 643 εί
2459 580 2722 653 παρέλθοι
2746 583 2813 653 τῇ
2842 580 3080 653 ἀμετρία
3114 581 3181 635 τὸ
3222 583 3516 653 χρήσιμον,
3545 582 3644 636 καὶ

374 663 588 727 beatur,
626 669 683 718 et
709 672 937 720 eatenus
986 663 1101 731 ﬂat,
1133 673 1408 737 quatenus
1439 667 1582 722 ratio
1612 669 1961 738 quantitatis,

2063 669 2223 725 πάλιν
2252 671 2354 727 ούκ
2383 671 2657 743 ἀνονήτως
2693 671 3002 742 γινόμενον,
3031 672 3081 731 εί
3117 671 3251 743 πρός
3275 690 3328 725 τι
3358 672 3469 727 τῶν
3493 671 3643 743 ὠφε-

373 762 429 809 et
456 753 761 824 qualitatis,
796 763 853 812 et
894 756 1162 828 temporis
1197 756 1513 828 postulabit.
1541 758 1771 815 Constat
1800 760 1963 831 igitur

2063 758 2296 817 λούντων
2326 759 2632 831 συμϐαίνει,
2656 758 2751 817 τοῦ
2776 776 2837 814 τε
2859 760 3053 832 καιροῦ
3085 762 3180 813 καὶ
3211 760 3304 816 τοῦ
3348 760 3519 816 ποσοῦ
3551 759 3650 815 καὶ

371 862 443 901 ex
469 846 538 903 iis
568 862 689 918 quae
726 847 875 902 dicta
902 856 1052 915 sunt,
1072 864 1195 906 cum
1225 848 1353 904 boni
1376 856 1504 905 nota
1526 866 1637 914 non
1662 866 1963 922 congruere

2063 849 2160 908 τοῦ
2186 851 2343 917 ποιοῦ
2373 849 3052 924 συμπαραλαμϐανομὲνου
3082 852 3219 923 πρὸς
3248 852 3313 905 τὸ
3343 852 3443 924 τῆς
3468 851 3645 906 κενώ-

374 936 541 996 vitam
565 936 749 1006 istam,
770 954 934 1009 quam
955 939 1191 996 vivimus
1214 958 1230 999 :
1252 955 1317 999 ex
1336 956 1447 1012 quo
1465 942 1736 1013 sequitur,
1754 944 1963 1003 disces-

2066 959 2204 1007 σεως
2230 944 2519 1014 χρήσιμον.
2549 942 2768 1014 Ἐπειδὴ
2790 942 2970 997 τοίνυν
2993 944 3056 1001 οὑ
3083 942 3367 1014 συμϐαίνει
3394 943 3536 1016 πρὸς
3553 942 3648 996 τὸν

373 1043 498 1091 sum
523 1029 593 1085 ab
615 1044 680 1085 ea
705 1045 816 1086 non
834 1046 957 1087 esse
978 1031 1374 1102 sejunctionem
1407 1033 1476 1089 ab
1504 1034 1614 1089 ullo
1636 1035 1802 1095 bono.
1824 1033 1961 1092 Nam

2063 1033 2158 1099 τοῦ
2184 1033 2351 1089 καλοῦ
2395 1035 2718 1107 χαρακτῆρα
2749 1034 2810 1090 τὸ
2845 1035 2944 1106 τῆς
2973 1035 3119 1107 ζωῆς
3159 1035 3359 1107 ταύτης
3394 1034 3566 1102 εἶδος.
3598 1029 3645 1102 ᾧ

375 1118 451 1186 id,
477 1120 624 1192 quod
653 1138 801 1188 vere,
833 1132 890 1179 et
925 1125 1161 1195 proprie,
1197 1136 1251 1180 et
1277 1126 1455 1195 primo
1479 1127 1681 1182 bonum
1703 1127 1958 1195 dicimus,

2065 1122 2381 1195 βιοτεύομεν
2400 1141 2414 1156 ’
2446 1122 2877 1201 ὁμολογούμενον
2910 1125 2976 1191 ἂν
3005 1126 3091 1196 εῐη
3115 1124 3205 1179 διά
3227 1125 3325 1195 τῆς
3352 1124 3465 1186 τῶν
3490 1126 3643 1196 είρη-

374 1226 477 1277 nec
505 1212 731 1282 repletio
756 1220 863 1278 est,
897 1229 996 1269 nec
1012 1213 1263 1280 inanitio,
1288 1230 1426 1285 quas
1451 1216 1767 1287 aliquando,
1797 1224 1851 1273 et
1891 1216 1961 1273 ad

2066 1212 2244 1291 μένων
2270 1212 2613 1280 ἀκολουθίας,
2630 1213 2713 1269 ὅτι
2737 1213 2948 1279 οὐδενὸς
2968 1212 3174 1283 ἀγαθοῦ
3204 1213 3480 1286 χωρισμός
3500 1216 3646 1266 ἐστιν

375 1303 604 1373 aliquid,
645 1304 776 1368 etin
812 1304 1142 1375 quibusdam
1174 1312 1386 1361 tantum
1413 1308 1576 1365 utiles
1614 1307 1961 1366 demonstra-

373 1394 574 1458 vimus,
608 1394 809 1465 quibus
832 1411 957 1452 vere
981 1396 1109 1452 boni
1135 1405 1265 1453 nota
1292 1413 1403 1454 non
1429 1399 1709 1456 convenit.

2065 1307 2103 1379 ἡ
2135 1306 2201 1360 ἐκ
2238 1311 2335 1360 τοῦ
2366 1305 2608 1360 τοιούτου
2640 1305 2754 1377 βίου
2784 1305 3132 1377 μετάστασις.
3162 1305 3403 1377 Φανερδυ
3423 1305 3532 1376 γὰρ
3559 1305 3645 1359 ὃτι

2057 1398 2121 1453 τὸ
2147 1398 2418 1471 ἀληθινῶς
2463 1398 2559 1464 καὶ
2605 1396 2810 1463 κυρίως
2849 1396 2945 1451 καὶ
2984 1396 3217 1468 πρώτως
3256 1397 3480 1465 ἀγαθον,
3517 1394 3645 1450 οὔτε

373 1488 605 1553 κένωσίς
646 1491 818 1557 ἐστιν,
857 1488 981 1555 οὔτε
1032 1489 1346 1563 πλήρωσιςο
1378 1492 1523 1564 ᾇπερ
1552 1492 1646 1546 καί
1676 1509 1830 1560 ποτε,
1864 1491 1961 1547 καὶ
1996 1491 2134 1564 πρός
2159 1508 2233 1559 τι,
2258 1491 2354 1548 καὶ
2381 1489 2473 1551 ἐπί
2495 1506 2658 1555 τινων
2684 1488 3062 1555 ἀποδέδεικται
3082 1490 3349 1562 χρήσιμα,
3401 1483 3484 1555 οἷς
3541 1491 3647 1548 οὐκ

373 1578 593 1646 ἔπεστιν
623 1582 653 1634 ὁ
681 1579 777 1649 τοῦ
804 1580 1073 1653 ἀληθινῶς
1100 1582 1252 1648 barro;
1275 1582 1481 1653 ἀγαθοῦ
1504 1585 1811 1657 χαρακτήρ.

444 1674 812 1744 Quamobrem
836 1690 962 1733 cum
1008 1692 1138 1739 vere
1168 1677 1371 1733 bonum
1412 1679 1465 1735 ei
1505 1680 1651 1751 quod
1684 1676 1691 1728 Ῐ
1702 1696 1814 1736 non
1868 1689 1955 1736 est
1983 1688 2033 1751 Β

374 1782 504 1824 vere
535 1767 740 1837 bonum
760 1807 779 1834 ,
820 1768 895 1831 ita
919 1770 1260 1836 contrarium
1291 1770 1362 1833 sit
1384 1809 1403 1838 ,
1459 1777 1521 1836 ut
1548 1772 1757 1826 nullum
1818 1770 1962 1828 inter

376 1877 442 1926 ea
491 1859 734 1917 medium
783 1859 983 1927 detur,
1016 1869 1449 1929 consentaneum
1497 1871 1582 1928 est
1629 1877 1728 1918 eos
1778 1862 1874 1933 qui
1928 1877 1960 1919 a

284 1948 293 1953 ’
376 1968 488 2020 non
519 1967 650 2014 vero
705 1951 1000 2014 discedunt
1028 1952 1208 2023 bono,
1263 1954 1333 2011 ad
1361 1969 1554 2014 verum
1586 1953 1722 2020 illud
1754 1953 1961 2010 bonum

378 2044 641 2106 accedere
664 2084 682 2111 ,
715 2045 864 2117 quod
893 2060 1112 2117 semper
1133 2086 1149 2110 ,
1187 2052 1245 2102 et
1288 2046 1549 2111 omnibus
1576 2086 1594 2114 ,
1620 2055 1678 2109 et
1730 2048 1961 2110 omnino

376 2136 451 2199 sit
479 2135 715 2202 bonum,
750 2151 853 2193 nec
881 2152 983 2209 pro
1012 2145 1292 2209 tempore,
1321 2148 1417 2194 aut
1447 2138 1635 2210 aliqua
1664 2156 1732 2196 ex
1763 2147 1957 2212 parte,

377 2229 557 2294 autin
601 2229 965 2302 quibusdam,
1002 2241 1098 2287 aut
1124 2241 1349 2304 propter
1378 2232 1623 2304 aliquid,
1656 2233 1754 2295 sed
1814 2249 1962 2291 sem—

376 2334 511 2390 per,
545 2320 601 2375 in
643 2320 851 2383 eisdem
874 2360 891 2388 ,
926 2329 982 2382 et
1009 2322 1203 2384 eodem
1239 2323 1405 2391 modo
1432 2339 1556 2387 sese
1607 2324 1826 2385 habeat.
1876 2324 1961 2389 Ad

376 2411 485 2475 hoc
523 2412 691 2486 igitur
729 2415 912 2474 anima
938 2415 1181 2475 humana
1221 2431 1252 2473 a
1290 2417 1404 2476 vita
1446 2432 1715 2490 corporea
1737 2416 1961 2489 proﬁci;-

376 2505 587 2573 scitur,
616 2512 671 2570 et
700 2521 731 2562 a
769 2507 1027 2578 praesenti
1063 2508 1341 2573 diversum
1391 2510 1517 2568 vitae
1567 2518 1774 2567 statum
1804 2525 1960 2572 asse-

375 2598 570 2669 quitur
598 2616 612 2653 :
637 2613 803 2670 quem
830 2614 955 2665 nos,
983 2602 1223 2672 quicum
1246 2615 1415 2662 carne
1436 2601 1715 2671 conjuncti
1746 2616 1959 2667 sumus,

377 2693 544 2763 plane
571 2690 776 2747 intueri
815 2707 926 2747 non
953 2707 1283 2763 possumus,
1310 2707 1380 2749 ex
1427 2692 1840 2764 comparatione
1876 2698 1961 2746 ta.

378 2797 503 2838 men
538 2779 701 2839 istius
729 2780 882 2847 vitae,
911 2780 1231 2851 conjectura
1258 2781 1510 2852 quaedam
1540 2782 1690 2838 illius
1718 2780 1836 2837 ﬁeri
1866 2795 1961 2851 po-

379 2878 508 2930 test.
556 2867 746 2940 Neque
804 2869 954 2925 enim
1004 2871 1114 2933 erit
1161 2879 1420 2935 concreta
1474 2871 1655 2943 aliqua
1708 2871 1959 2942 corporis

377 2958 729 3025 crassitudo,
795 2973 900 3019 nec
953 2960 1083 3023 ulla
1108 2962 1549 3017 ocontrariorum
1617 2976 1957 3019 concurrens

377 3051 665 3123 aequalitas
712 3050 1113 3113 elementorum
1141 3091 1158 3119 ,
1191 3069 1428 3125 quorum
1459 3054 1688 3127 aqualis
1716 3070 1781 3110 ac
1835 3071 1959 3112 mu-
1987 3033 2033 3097 (ἶ

379 3154 474 3203 tua
514 3158 695 3214 pugna
726 3142 1185 3203 constitutionem
1218 3154 1464 3203 nostram
1492 3185 1508 3212 ,
1556 3146 1962 3207 valetudinem-.-

377 3250 487 3305 que
516 3242 833 3299 conservat.
866 3233 1003 3291 Nam
1033 3236 1081 3294 si
1113 3251 1305 3293 eorum
1352 3238 1573 3309 aliquod
1632 3240 1719 3295 vel
1759 3240 1964 3297 redun-

376 3324 508 3392 det,
554 3324 640 3383 vel
680 3323 931 3393 deﬁciat,
981 3332 1184 3380 natura
1222 3325 1610 3397 perturbatur,
1641 3340 1708 3381 ac
1753 3325 1964 3383 morbis

377 3416 639 3474 afﬁcitur.
672 3416 767 3484 illa
813 3424 995 3477 autem
1014 3416 1127 3475 vita
1176 3432 1280 3479 nec
1332 3417 1514 3480 inedia
1558 3417 1808 3485 laborat,
1862 3431 1964 3477 nec

322 3572 325 3577 η
377 3509 695 3577 cruditate,
749 3522 854 3564 nec
884 3507 1126 3580 frigore,
1157 3507 1442 3571 caloresve
1490 3517 1586 3567 aut
1633 3510 1772 3570 alias
1818 3509 1962 3568 aeris

377 3600 615 3672 injurias
665 3601 871 3668 sentit,
920 3607 978 3655 et
1023 3599 1137 3656 illic
1182 3600 1401 3678 agitur,
1462 3601 1555 3664 ubi
1595 3601 1667 3656 ab
1701 3603 1963 3661 omnibus

378 3693 505 3755 istis
558 3691 845 3747 laboribus
898 3689 1229 3747 necessariis
1286 3690 1444 3747 liberi
1496 3690 1726 3749 erimus.
1774 3691 1964 3764 Neque

376 3783 525 3841 enim
553 3791 647 3838 aut
670 3797 804 3855 agro
831 3781 1104 3851 colendo,
1136 3790 1233 3837 aut
1279 3783 1589 3856 navigando
1633 3783 1963 3856 deiatigabi—

376 3891 544 3943 mur;
599 3889 712 3931 non
764 3881 1112 3941 mercatura,
1142 3889 1252 3930 non
1285 3875 1399 3931 ullo
1448 3883 1663 3946 quaestu
1709 3877 1962 3948 coinqui-

378 3967 683 4032 nabimur:
738 3966 838 4023 sed
893 3966 964 4022 ab
1016 3966 1363 4032 aediﬁcandi,
1408 3968 1663 4033 texendi,
1703 3970 1964 4041 omnique

379 4057 733 4113 sordidarum
782 4058 985 4113 artium
1024 4057 1249 4115 miseria
1276 4059 1435 4115 vacui
1480 4061 1867 4131 tranquillam,
1904 4070 1964 4117 ut

378 4147 587 4218 Paulus
618 4149 728 4215 ait,
770 4163 837 4204 ac
863 4149 1106 4221 quietam
1138 4163 1364 4220 agemus
1397 4149 1565 4205 vitam
1593 4168 1609 4220 ;
1638 4166 1747 4207 non
1779 4159 1961 4219 terra,

378 4256 493 4305 non
523 4240 666 4296 mari
691 4240 1100 4312 pugnabimus;
1144 4256 1254 4297 non
1282 4241 1527 4312 equitatu
1558 4282 1574 4308 ,
1638 4258 1749 4298 non
1810 4243 1964 4314 pedi-

380 4338 503 4399 tatu
550 4345 752 4388 manus
785 4345 1181 4403 conseremus;
1234 4331 1291 4387 in
1353 4332 1698 4403 apparitibus
1749 4333 1962 4392 bellicis

379 4436 493 4486 non
549 4421 952 4494 Occupabimur
985 4459 1001 4485 ,
1066 4436 1177 4484 non
1221 4422 1502 4492 eligemus
1557 4424 1795 4491 tributa;
1851 4440 1961 4479 non

381 4511 567 4578 fossa,
599 4526 711 4566 non
741 4526 902 4567 muro
931 4526 1035 4571 nos
1067 4511 1417 4581 muniemus;
1450 4513 1548 4569 sed
1595 4515 1666 4570 ab
1705 4515 1964 4573 omnibus

380 4604 655 4678 ejusmodi
708 4603 994 4670 laboribus
1032 4614 1086 4659 et
1116 4605 1387 4677 molestiis
1424 4608 1779 4663 remotissimi
1802 4650 1818 4675 ,
1859 4624 1964 4666 nec

382 4697 709 4757 habebimus
749 4695 920 4751 ullum
960 4694 1065 4765 ipsi
1095 4696 1408 4769 negotium,
1445 4712 1547 4756 nec
1582 4698 1965 4758 exhibebimus

381 4787 560 4850 alteri.
605 4786 724 4842 lllic
775 4786 922 4854 enim
976 4801 1078 4842 nec
1131 4787 1404 4852 servitus,
1460 4804 1565 4845 nec
1608 4789 1963 4859 dominatus,

381 4893 488 4938 nec
515 4886 812 4949 paupertas
830 4916 847 4943 ,
880 4893 984 4947 nec
1005 4877 1211 4934 divitiae
1229 4916 1246 4942 ,
1292 4893 1394 4947 nec
1420 4882 1637 4951 generis
1661 4881 1921 4953 splendor
1944 4922 1961 4951 ,

382 4977 480 5024 aut
510 4969 825 5031 obscuritas
847 5010 863 5035 ,
902 4984 1006 5026 nec
1041 4969 1381 5040 privatorum
1414 4972 1696 5035 humilitas
1715 5014 1730 5039 ,
1754 4988 1856 5030 nec
1878 4974 1963 5032 di-

383 5062 568 5132 gnitas
606 5061 1026 5133 magistratuum
1051 5102 1067 5123 ,
1102 5076 1203 5117 nec
1233 5061 1342 5129 ulla
1372 5064 1496 5120 talis
1528 5063 1790 5133 fortunae,
1827 5081 1963 5123 con-

384 5153 653 5219 ditionis,
704 5164 761 5209 et
803 5154 1013 5215 ordinis
1056 5154 1361 5213 dili‘erentia
1412 5157 1593 5217 locum
1635 5158 1815 5216 habet.
1870 5159 1964 5215 Et-

382 5248 529 5302 enim
556 5246 803 5310 nmnium
828 5245 1103 5317 ejusmodi
1134 5261 1319 5315 rerum
1348 5251 1732 5311 necessitatem
1774 5252 1963 5319 exclu-

382 5336 466 5392 dit
496 5336 587 5392 illa
621 5338 767 5403 vita,
804 5352 926 5409 qua
956 5339 1203 5403 materia;
1254 5355 1452 5413 expers
1508 5343 1661 5399 nulla
1709 5359 1769 5400 re
1805 5352 1960 5416 eget,

386 5428 444 5490 in
491 5443 600 5498 qua
652 5435 906 5499 naturam
951 5429 1123 5496 animi
1164 5444 1273 5486 non
1314 5446 1381 5487 ex
1423 5432 1574 5492 sicco
1625 5433 1963 5505 humidoque

385 5527 683 5585 constare,
734 5520 831 5581 sed
887 5534 954 5575 ex
1006 5520 1208 5577 divina:
1256 5530 1467 5579 naturae
1516 5526 1861 5596 cognitione,
1906 5536 1963 5583 et

386 5608 619 5678 hujusce
672 5611 901 5694 spiritus
953 5613 1087 5680 aerii
1134 5613 1293 5676 loco,
1351 5631 1481 5671 vero
1513 5616 1607 5679 illo
1660 5626 1961 5687 sanctoque

388 5700 595 5787 Spiritu
622 5699 729 5758 frui
763 5713 873 5771 non
898 5702 1239 5777 ambigimus.
1264 5705 1397 5773 Qua:
1420 5706 1642 5781 quidem
1672 5708 1817 5775 bona
1848 5725 1959 5782 non

2142 1675 2294 1731 Ἐπεὶ
2336 1669 2430 1730 οὗν
2457 1674 2535 1747 τῷ
2576 1674 2794 1747 ἀληθῶς
2825 1672 3015 1749 ἀγαθῷ
3047 1674 3184 1745 πρὸς
3224 1672 3285 1727 τὸ
3311 1672 3388 1745 μὴ
3425 1672 3647 1742 ἀληθῶς

2061 1768 2266 1838 ἀγαθόν
2298 1768 2447 1822 ἔστιν
2472 1769 2507 1840 ή
2539 1766 2809 1831 ἀντίθεσις
2829 1807 2845 1832 ,
2873 1766 3076 1837 ἀμεσος
3096 1765 3153 1818 δὲ
3178 1765 3288 1824 τῶν
3317 1765 3411 1819 δύο
3435 1766 3648 1820 τούτων

2063 1861 2100 1934 η
2125 1860 2460 1925 ἐναντίωσις⁸
2484 1859 2775 1914 ἀκόλουθον
2799 1858 2866 1913 ἀν
2893 1858 2979 1928 εἴη
3001 1859 3111 1921 τοῖς
3132 1857 3525 1931 χωριζομένοις
3547 1858 3648 1914 τοῦ

2065 1951 2143 2026 μὴ
2174 1951 2391 2024 ἀληθῶς
2423 1951 2575 2017 ὄντος
2604 1949 2792 2018 καλοῦ,
2822 1950 2959 2021 πρὸς
2983 1949 3045 2003 τὸ
3071 1951 3142 2020 τῇ
3172 1948 3330 2018 φύσει
3366 1947 3533 2003 καλὸν
3559 1951 3652 2003 ὲν·

2062 2044 2213 2101 θένδε
2243 2042 2518 2098 πιστεύειν
2550 2041 2648 2114 τὴν
2690 2041 3018 2113 μετάστασιν
3055 2038 3326 2107 γίνεσθαι,
3348 2038 3381 2095 δ
3410 2039 3648 2097 πάντοτε

2061 2134 2158 2190 καὶ
2195 2135 2362 2188 *παντὶ⁸
2402 2133 2498 2188 καὶ
2522 2132 2611 2188 διὰ
2636 2133 2853 2188 πάντων
2891 2130 3037 2184 ἐστὶν
3064 2128 3286 2197 ἀγαθὸν,
3331 2128 3459 2188 οὔτε
3502 2132 3651 2184 κατά

2060 2227 2307 2301 καιροὺς,
2342 2225 2467 2280 οὔτε
2496 2224 2591 2280 ὲπί
2620 2240 2812 2288 τινων,
2841 2220 2965 2276 οὔτε
2994 2220 3085 2276 διά
3107 2237 3183 2288 τι,
3226 2220 3341 2275 ἀλλ’
3364 2223 3455 2277 ἀεὶ
3498 2225 3648 2282 κατὰ

2058 2318 2131 2374 τά
2166 2318 2304 2373 αύτά
2328 2318 2423 2374 καὶ
2446 2315 2708 2379 ὡσαύτως
2734 2314 2876 2385 ἔχον.
2906 2312 3050 2384 Πρὸς
3077 2311 3235 2367 τούτο
3258 2312 3437 2367 τοίνυν
3467 2313 3649 2384 μέτει-

2062 2426 2146 2478 σιν
2169 2409 2276 2464 ἀπὸ
2301 2412 2401 2489 τῆς
2424 2406 2737 2479 σαρκώδους
2768 2404 2914 2476 ζωῆς
2943 2405 2978 2475 η
3003 2402 3321 2474 ἀνθρωπίνη
3346 2402 3516 2475 ψυχὴ,
3542 2404 3642 2460 ἀλ-

2056 2502 2157 2579 λην
2192 2499 2317 2565 τινὰ
2342 2498 2457 2570 βίον
2497 2498 2833 2563 κατάστασιν
2872 2496 2994 2549 ἀντὶ
3021 2495 3120 2564 τῆς
3157 2494 3439 2567 παρούσης
3470 2512 3645 2566 μετα-

2059 2590 2439 2664 λαμϐάνουσα,
2471 2590 2538 2661 ἢν
2575 2588 2645 2653 δι’
2683 2587 2968 2658 ἀκριᾶείας
3008 2586 3106 2659 μὲν
3158 2585 3308 2651 ίδεϊν,
3337 2586 3458 2658 ητις
3505 2588 3645 2651 ἐστὶ,

2057 2685 2123 2754 τῇ
2158 2680 2323 2753 σαρκὶ
2357 2678 2820 2751 συγκεκρᾳμένοις
2849 2678 3128 2750 ἀμήχανον
3147 2694 3162 2711 ο
3188 2680 3254 2732 ὲκ
3292 2677 3350 2731 δὲ
3373 2678 3474 2750 τῆς
3504 2678 3648 2733 κατὰ

2056 2775 2148 2830 τὸν
2183 2775 2298 2846 βίον
2328 2774 2519 2833 τοῦτον
2544 2772 2963 2845 γνωριζομένων
2994 2772 3395 2845 ὑπεξαιρέσεως
3418 2772 3647 2827 δυνατόν

2057 2867 2174 2935 ἐστι
2198 2866 2501 2938 στοχασμὸν
2532 2882 2654 2920 τινα
2682 2864 2748 2919 δι’
2776 2864 3070 2935 ἀναλογίας
3097 2863 3407 2927 ἀναλαϐεῖν.
3444 2864 3646 2924 Οὐκέτι

2060 2957 2170 3031 γάρ
2191 2956 2343 3012 ἔσται
2377 2960 2662 3029 σωματικῇ
2699 2956 2972 3028 παχύτητι
2998 2956 3492 3028 συμπεπλεγμένη,
3515 2955 3643 3010 οὔτε

2062 3052 2129 3121 τῇ
2186 3049 2499 3121 ίσοκρατείᾳ
2538 3047 2648 3102 τῶν
2695 3047 3175 3120 ἀντιστοιχούντων
3227 3047 3643 3120 ὲμὸιοτεύουσα,

2060 3135 2138 3210 ὧν
2171 3143 2205 3214 ἠ
2232 3141 2520 3214 ἰσόρροπος
2555 3140 2693 3213 πρὸς
2726 3139 2932 3213 ᾄλληλα
2968 3141 3137 3211 μάχη,
3167 3139 3268 3213 τὴν
3296 3140 3559 3195 σύστασίν
3582 3157 3644 3203 τε

2060 3234 2218 3311 ἡμῶν
2240 3235 2335 3302 καὶ
2354 3235 2452 3306 τὴν
2489 3233 2702 3304 ὑγίειαν
2730 3235 2893 3298 ποιεζ.
2927 3232 2987 3287 '0
3020 3233 3129 3302 γάρ
3170 3232 3516 3303 πλεονασμὸς
3538 3233 3647 3287 τῶν

2060 3326 2319 3381 ἐναντίων
2344 3326 2490 3393 τινος
2515 3326 2610 3391 καὶ
2637 3326 2672 3396 ἡ
2696 3323 2952 3394 ἔλλειψις,
2974 3322 3146 3389 πάθος
3176 3323 3272 3389 καὶ
3300 3323 3650 3397 ἀρρώστημα

2061 3419 2159 3491 τῆς
2188 3418 2404 3489 φύσεως
2432 3418 2641 3487 γίνεται
2665 3433 2680 3448 ·
2711 3412 2821 3490 ὲνῇ
2848 3415 3000 3483 esse»;
3019 3413 3144 3475 οὔτε
3171 3414 3523 3480 συστέλλεται
3551 3432 3647 3469 κε-

2060 3511 2339 3582 νούμενον,
2362 3508 2487 3579 οὔτε
2509 3509 2767 3579 δυσφορεζ
2792 3505 3177 3580 φῳτιξόμενον
3196 3517 3211 3533 ·
3242 3504 3381 3560 ἀλλά
3411 3505 3510 3559 καὶ
3534 3506 3653 3558 τῶν

2060 3600 2128 3669 ὲκ
2152 3599 2246 3655 τοῦ
2274 3599 2436 3672 ἀέρος
2475 3597 2656 3671 ἀηδῶν
2688 3595 2794 3666 ἔξω
2826 3594 3143 3654 παντάπασι
3168 3594 3395 3665 γίνεται,
3442 3593 3649 3664 κρύους

2060 3709 2121 3757 τε
2154 3690 2298 3761 λέγω
2329 3692 2423 3745 καὶ⁵
2448 3689 2705 3754 θάλπους,
2729 3688 2823 3743 καὶ
2850 3687 3068 3757 παντων
3095 3686 3207 3749 τῶν
3228 3686 3365 3740 κατά
3394 3684 3455 3747 τὸ
3475 3686 3647 3739 ἐναν-

2058 3783 2175 3842 τίον
2206 3781 2510 3855 νοουμένων
2557 3780 2985 3851 ἀπηλλαγμένη’
3036 3780 3097 3832 ὲν
3124 3777 3352 3845 ἐκείνοις
3392 3776 3449 3831 δὲ
3490 3793 3647 3846 τινος

2064 3874 2223 3948 μένη,
2264 3876 2399 3929 ὅπου
2450 3873 2667 3937 πάντων
2708 3871 2822 3937 τῶν
2852 3871 3169 3941 ἀναγκαίων
3204 3871 3469 3943 καμάτων
3492 3869 3648 3927 ἐλευτ-

2062 3965 2196 4037 θέρα
2235 3981 2295 4019 τε
2336 3964 2431 4019 καὶ
2460 3963 2647 4033 ᾇνετός
2690 3962 2839 4031 ἐστιν
2867 3963 2903 4033 ἡ
2956 3961 3105 4034 ζωή·
3149 3962 3209 4015 οὺ
3242 3961 3331 4015 διὰ
3369 3961 3648 4032 γεωργίας

2063 4056 2473 4121 κακοπαθοῦσα,
2506 4055 2567 4110 οὐ
2599 4055 2727 4122 τοὺς
2776 4054 3118 4121 διαποντίους
3163 4054 3508 4125 ὑπομένουσα
3542 4054 3649 4107 πό-

2063 4167 2207 4214 νους,
2228 4150 2288 4202 ού
2319 4148 2409 4208 διά
2433 4148 2534 4221 τῆς
2564 4148 2869 4220 ἑμπορικῆς
2894 4146 3194 4218 καπηλείας
3223 4144 3607 4217 ἀσχημονοῦσα
3624 4164 3645 4179 ο

2062 4241 2404 4314 οἰκοδομικῆς
2422 4259 2482 4295 τε
2507 4242 2603 4311 καὶ
2639 4241 2960 4311 ὑφαντικῆς,
2991 4239 3205 4310 καὶτῆς
3226 4238 3331 4293 τῶν
3352 4236 3649 4308 βαναύσων

2063 4335 2267 4405 τεχνῶν
2294 4334 2669 4406 ταλαιπωρίας
2715 4331 3118 4405 κεχωρισμένη,
3146 4329 3349 4403 ἧρεμδν
3387 4347 3509 4389 τινα
3541 4330 3651 4393 καὶ

2066 4426 2290 4498 ἡσύχιον
2338 4427 2512 4495 διάγει
2552 4425 2690 4496 βίον,
2744 4424 2927 4488 καθὼς
2972 4426 3001 4478 ὁ
3044 4423 3255 4487 Παῦλός
3308 4438 3493 4493 φησιν,
3543 4424 3699 4494 οὐχι

2066 4517 2473 4589 ἱππομαχοὼα,
2510 4518 2571 4572 ού
2606 4515 2981 4589 ναυμαχούσα,
3028 4514 3090 4581 ού
3125 4513 3394 4585 συστάδην
3420 4512 3512 4567 διά
3542 4513 3651 4584 τῆς
3684 4540 3695 4552 ι

2065 4609 2295 4680 πεζικῆς
2326 4606 2682 4680 παρατάξεως
2724 4604 3170 4692 συμπλεκομένη,
3199 4605 3261 4672 gf)
3297 4604 3435 4674 πρὸς
3477 4621 3651 4657 κατα.
3676 4610 3697 4692 ’ἶ

2067 4699 2265 4772 σκευὴν
2293 4699 2472 4754 ὅπλων
2513 4688 2908 4771 ἀσχολουμένη,
2963 4699 3024 4755 ού
3064 4697 3263 4768 φόρους
3320 4693 3650 4761 ἐκλέγουσα,
3690 4688 3697 4699 “

2062 4793 2124 4847 ού
2151 4793 2392 4865 τάφρους
2416 4793 2510 4847 καὶ
2532 4792 2686 4863 τείχη
2725 4792 3231 4856 κατασκευάζουσα,
3259 4786 3397 4843 ἀλλά
3426 4787 3653 4841 πάντων

2064 4886 2175 4941 τῶν
2207 4887 2463 4941 τοιούτων
2505 4886 2701 4956 ἀτελής
2737 4884 2822 4949 τίς
2859 4887 2974 4938 ἐστι
3024 4882 3120 4937 καὶ
3165 4879 3441 4952 ἐλευθέρα.
3487 4880 3651 4951 Mirr:

2064 4978 2265 5051 ἔχουσα
2301 4980 2553 5052 πρᾶγμα,
2604 4977 2742 5048 μήτε
2776 4975 3115 5047 παρέχουσα,
3159 4973 3219 5026 ὲν
3329 4970 3549 5024 δουλεία
3587 4987 3651 5031 τε

2065 5071 2161 5126 καὶ
2202 5071 2461 5143 κυριότης
2486 5070 2582 5125 καὶ⁵
2622 5068 2802 5134 πενία,
2850 5065 3100 5135 εὐγένειά
3122 5081 3183 5119 τε
3212 5064 3307 5118 καὶ
3337 5063 3645 5131 δυσγένεια,

2063 5162 2160 5215 καὶ
2194 5160 2432 5232 ίδιωτικὴ
2456 5158 2801 5229 ταπεινότης,
2825 5157 2919 5212 καὶ
2951 5154 3294 5227 ἀξιωματικὴ
3327 5153 3641 5217 δυναστεία,

2062 5252 2159 5311 καὶ
2191 5253 2342 5306 πᾶσα
2383 5250 2605 5321 τοιαύτη
2643 5248 2930 5321 ἀνωμαλία
2963 5245 3147 5318 χώραν
3178 5246 3281 5299 ούκ
3315 5242 3451 5314 ἔχει.
3499 5244 3641 5315 Παρ-

2062 5344 2302 5415 αιρεῖται
2332 5341 2438 5413 γὰρ
2474 5343 2691 5397 πάντων
2730 5340 2938 5407 τούτων
2978 5339 3071 5391 καὶ⁷
3102 5336 3211 5390 τῶν
3241 5334 3504 5389 τοιούτων
3549 5335 3638 5405 τὴν

2062 5434 2327 5504 ἀνάγκην,
2354 5433 2415 5488 τὸ
2444 5432 2685 5496 ἀνενδεὲς
2711 5432 2809 5503 τῆς
2841 5429 2987 5501 ζωῆς
3009 5428 3223 5498 ἐκείνης
3255 5426 3348 5480 καὶ
3377 5425 3565 5488 ἀῦλον,
3585 5429 3638 5479 ὲν

2064 5520 2181 5600 ﬁco
2214 5524 2539 5596 διακρατοῦν
2566 5526 2662 5595 τῆς
2687 5523 2864 5595 ψυχῆς
2894 5522 2992 5594 τὴν
3025 5519 3343 5582 ὑπόστασιν,
3377 5520 3441 5572 ού
3475 5514 3635 5590 ξηροῦ

2064 5636 2121 5673 τε
2149 5618 2243 5677 καὶ
2279 5618 2447 5689 ὑγροῦ
2484 5617 2629 5681 τινός
2658 5618 2773 5669 ἐστι
2811 5614 3093 5686 μετουσία,
3133 5612 3252 5667 ἀλλ’
3290 5614 3324 5684 ἡ
3364 5613 3467 5684 τῆς
3495 5612 3635 5675 θείας

2064 5707 2277 5790 φύσεως
2308 5709 2652 5781 κατανόησις,
2677 5708 2796 5773 ἀντὶ
2824 5708 2880 5762 δὲ
2902 5707 2996 5763 τοῦ
3033 5704 3283 5774 ὲναερίου
3304 5705 3634 5781 πνεύματος,
