3896 6204
1606 283 1695 339 DE
1726 284 2058 346 MORTUIS.

3362 299 3467 353 506

214 381 287 435 τοῦ
306 379 584 475 ἀληθινοῦ
609 397 669 475 τε
698 382 794 438 καὶ
824 384 982 455 ἁγίου
1022 388 1340 463 Πνεύματος
1378 390 1517 450 εῖναι
1544 398 1646 470 τὴν
1669 417 1775 456 κοι-

1889 399 2254 454 immutantur
2284 399 2353 455 ad
2381 398 2797 458 similitudinem
2836 416 3028 458 eorum
3074 418 3197 475 qum
3247 416 3373 460 sunt
3411 407 3465 461 in

208 470 395 525 νωνίαν
453 471 555 526 οὐκ
606 473 1042 549 ἀμφιϐάλλομεν.
1087 475 1189 535 Ὧν
1241 485 1276 555 ἡ
1333 484 1629 554 ἀπόλαυσις
1678 490 1780 545 οὐκ

201 561 574 636 ἐνηλλαγμίνη
610 564 733 619 καθ’
775 568 1071 641 ὁμοιότητα
1110 572 1205 626 τοῦ
1235 575 1361 647 τῇδε
1410 576 1529 648 βίου
1560 580 1649 634 διὰ
1678 581 1780 652 τῆς

198 654 369 721 tam;
400 657 494 710 καὶ
546 660 855 729 στερήσεως
896 662 1127 731 γίνεται,
1167 667 1548 743 είσκρινομένη
1592 689 1653 726 τε
1685 675 1781 729 καὶ

195 745 635 820 ἀποποιουμένη,
684 750 801 803 ἀλλ’
836 751 926 805 ἀεὶ
979 753 1329 830 πληρουμένη
1380 760 1477 816 καὶ
1525 762 1780 821 οὐδέποτε

195 837 619 928 περιγράφουσα
663 840 810 913 κόρῳ
846 841 944 914 τὴν
992 844 1290 918 πλήρωσιν.
1334 850 1572 925 ’Δϐαρὴς
1606 853 1715 926 γὰρ
1744 856 1780 928 ἡ

196 927 360 999 νοερά
397 929 604 1003 τρυφὴ,
652 932 749 989 καὶ
783 933 1108 1009 ἀπλήρωτος
1155 939 1387 995 πάντοτε
1422 945 1543 1008 ταῖς
1588 927 1780 1006 ὲπιθυὲ

201 1018 351 1088 μίαις
364 1019 475 1073 τῶν
506 1023 844 1101 μετεχόντων
875 1026 1187 1098 ἀκορέστως
1206 1031 1780 1106 ὲπιπλημμυρίζουσα.

199 1108 292 1164 Διά
325 1109 486 1168 τοῦτο
516 1114 765 1186 μακαρία
792 1117 877 1181 τίς
907 1117 1057 1179 ἐστιν
1085 1121 1267 1194 ἐκείνη
1292 1124 1325 1195 ἠ
1366 1123 1479 1198 ζωὴ
1521 1126 1615 1181 καὶ
1642 1129 1783 1201 ἀκή-

202 1217 382 1272 ρατος.
422 1205 623 1275 μηκέτι
650 1210 770 1272 ταῖς
818 1208 928 1268 τῶν
964 1210 1335 1285 αἰσθητηρίων
1381 1216 1596 1288 ἡδοναῖς
1642 1220 1782 1292 πρὸς

196 1292 294 1363 τὴν
329 1293 422 1348 τοῦ
467 1296 638 1350 καλοῦ
666 1298 849 1370 κρίσιν
890 1300 1312 1377 ἑμπλανωμένη.
1349 1307 1417 1360 Τί
1451 1310 1632 1364 τοίνυν
1659 1313 1778 1367 ἐστὶ

200 1383 522 1457 σκυθρωπὸν
549 1388 609 1443 ὲν
637 1387 719 1461 τῷ
744 1391 1051 1462 πράγματι,
1073 1393 1141 1448 δι’
1169 1394 1199 1448 ὃ
1222 1399 1287 1469 τῇ
1320 1400 1649 1468 μεταστάσει
1673 1402 1783 1456 τῶν

196 1473 521 1547 ἐπιτηδείων
549 1479 1054 1553 ἑπιστυγνάζομεν;
1087 1484 1136 1537 εί
1170 1484 1246 1557 μὴ
1274 1486 1434 1542 τοῦτό
1453 1506 1539 1555 τις
1558 1490 1666 1562 ἀρα
1690 1490 1783 1547 λυ-

197 1564 373 1638 πηρὸν
401 1569 646 1639 ἡγεῖται,
682 1570 769 1628 ὅτι
796 1571 937 1642 πρὸς
956 1571 1049 1626 τὸν
1076 1572 1264 1646 ἀπαθῆ
1287 1592 1348 1629 τε
1374 1578 1468 1630 καὶ
1490 1579 1781 1653 ἀνενόχλη-

204 1674 298 1711 τον
319 1657 433 1728 βίον
454 1659 687 1731 αὐτοῐςή
720 1660 1052 1732 μετάστασις
1072 1663 1300 1733 γίνεται,
1330 1667 1389 1731 ὃς
1406 1667 1529 1723 οὔτε
1557 1670 1781 1741 πληγῶν

1880 491 1983 547 hac
2021 491 2132 547 vita
2154 530 2171 556 ,
2202 491 2333 547 dum
2359 507 2424 547 ea
2458 493 2543 548 vel
2585 494 2968 564 assequimur,
3002 497 3088 552 vel
3120 498 3425 556 amittimus
3447 542 3463 567 ,

1879 580 2009 637 dum
2040 580 2339 651 injicimus,
2362 582 2449 637 vel
2468 581 2763 653 ejicimus;
2795 583 2889 639 sed
2916 600 3195 656 nunquam
3218 588 3462 658 explent,

1880 685 2162 741 nunquam
2200 673 2425 727 satiant.
2470 672 2650 727 Animi
2678 685 2915 744 namque
2945 674 3154 731 deliciae
3184 691 3293 732 non
3335 688 3466 735 sunt

1879 775 2095 833 graves,
2118 776 2221 816 nec
2254 760 2549 819 fruentium
2582 762 2856 819 desiderio
2876 765 3041 819 ullam
3068 782 3308 837 unquam
3333 769 3463 826 οπο-
3508 812 3519 842 ι

1880 861 2012 907 runt
2038 851 2372 909 satietatem.
2409 852 2646 923 Ideoque
2680 853 2838 908 beata
2862 863 2948 911 est
2985 854 3077 909 illa
3107 857 3218 911 vita
3245 894 3261 922 ,
3292 864 3459 929 atque

1880 942 2247 1009 immortalis,
2302 944 2506 1015 quippe
2564 959 2689 1014 qua:
2741 960 3005 1002 sensuum
3056 947 3287 1005 libidine
3346 964 3459 1005 non

1880 1033 2089 1091 fallitur
2119 1036 2176 1091 in
2201 1035 2363 1092 bonis
2421 1035 2814 1107 dijudicandis.
2877 1036 3021 1104 Quid
3067 1038 3235 1110 igitur
3281 1047 3367 1097 est
3404 1040 3459 1096 in

1856 1123 2000 1196 ipsa
2030 1140 2091 1181 re
2126 1125 2276 1189 mali,
2312 1126 2665 1197 quamobrem
2695 1128 2994 1184 amicorum
3027 1137 3082 1185 et
3112 1130 3464 1188 familiarium

1880 1214 2035 1273 obitu
2098 1215 2419 1273 doleamus?
2449 1216 2557 1273 nisi
2607 1217 2733 1288 quis
2787 1218 3087 1275 dolendum
3133 1222 3459 1290 existimat,

1881 1308 2027 1377 quod
2044 1308 2112 1364 ad
2140 1309 2307 1364 vitam
2336 1308 2810 1380 perturbationum
2828 1325 2894 1366 ac
2914 1311 3257 1368 miseriarum
3275 1330 3465 1385 exper-

1880 1405 1991 1455 tem
2033 1400 2462 1469 proliciscuntur
2483 1441 2499 1468 ,
2534 1400 2589 1455 in
2629 1415 2737 1472 qua
2764 1401 3048 1472 plagarum
3105 1403 3323 1460 dolores
3353 1420 3463 1461 non

1881 1498 2137 1551 metuunt
2162 1532 2179 1557 ,
2210 1506 2321 1547 non
2352 1491 2495 1563 ignis
2522 1492 2703 1548 minas
2724 1531 2739 1554 ,
2771 1506 2881 1549 non
2910 1492 3042 1549 ferri
3069 1495 3294 1552 vulnera
3314 1538 3329 1562 ,
3352 1511 3463 1554 non

1880 1585 2042 1637 terra:
2068 1588 2284 1648 motus,
2321 1588 2418 1636 aut
2439 1581 2714 1651 naufragii
2736 1623 2752 1649 ,
2791 1591 2887 1638 aut
2917 1574 3204 1642 servitutis
3238 1586 3465 1642 calami-

1882 1680 2057 1740 tates,
2092 1689 2202 1730 non
2241 1674 2561 1730 immanium
2585 1672 2825 1730 ferarum
2854 1676 3126 1747 impetus,
3159 1693 3269 1733 non
3301 1694 3464 1736 vene-

422 1749 733 1841 Δπροσίεται,
764 1751 828 1805 ού
862 1752 1033 1824 πυρὸς
1066 1754 1304 1810 δέδοικεν
1336 1758 1588 1832 ἀπειλὴν,
1618 1762 1680 1815 ού
1711 1762 1775 1819 τὰ

1882 1766 2043 1823 ιῐαιοε
2076 1781 2140 1823 ac
2161 1766 2453 1839 pestiferos
2500 1768 2841 1839 serpentium
2876 1771 3100 1825 aculeos
3135 1784 3466 1841 morsusque

196 1836 295 1891 διὰ
324 1838 539 1910 σιδήρου
567 1839 875 1911 τραύματα,
929 1843 1029 1897 οὐκ
1062 1845 1170 1900 ἀπὸ
1202 1848 1442 1919 σεισμῶν
1484 1852 1580 1907 καὶ
1618 1870 1783 1907 ναυα-

201 1926 341 1994 γίων
377 1928 469 1983 καὶ
497 1929 883 2001 αίχμαλωσιῶν
920 1936 1228 2008 συμφορὰς,
1263 1938 1325 1991 ού
1354 1938 1456 2005 τὰς
1491 1941 1599 1997 τῶν
1631 1942 1781 2014 ὠμο..

200 2016 378 2089 ϐόρων
401 2019 604 2091 θηρίων
643 2021 971 2094 προσϐολὰς,
1004 2025 1065 2080 οὐ
1095 2026 1165 2080 τά
1195 2028 1305 2084 τῶν
1342 2031 1691 2103 ἐρπυστικῶν
1717 2050 1778 2088 τε

198 2109 299 2161 καὶ
330 2109 544 2164 ἰοϐόλων
590 2112 797 2186 κέντρα
822 2116 915 2169 καὶ
939 2116 1214 2189 δήγματα.
1253 2122 1341 2178 Ἐν
1372 2117 1417 2193 ᾧ
1455 2124 1630 2189 οὐδεὶς
1654 2124 1778 2181 οὔτε

192 2198 516 2292 ἐξογκοῦται
552 2204 633 2275 τῷ
661 2206 838 2279 τύφῳ,
875 2208 1002 2264 οὔτε
1041 2214 1292 2269 πατεῖται
1318 2216 1377 2269 ἐν
1408 2218 1776 2292 ταπεινότητι,

189 2291 319 2346 οὕτε
347 2294 456 2348 ὑπὸ
476 2294 716 2367 θράσους
741 2298 1113 2372 ἑκθηριοῦται,
1145 2302 1271 2357 οὔτε
1319 2305 1427 2361 ὑπὸ
1454 2307 1657 2373 δειλίας
1677 2291 1779 2365 κα-

186 2387 537 2452 ταπτοεῖται,
563 2387 687 2443 οὕτε
704 2392 768 2461 τῇ
787 2391 924 2463 ὀργῇ
956 2379 1328 2466 περιοιδαίνει,
1355 2398 1494 2462 ζέων
1511 2399 1591 2472 τῷ
1620 2400 1777 2474 θυμῷ

190 2476 285 2531 καὶ
318 2479 669 2550 μαινόμενος,
696 2481 824 2541 δῦτε
868 2483 1140 2541 κλονεῖται
1175 2487 1279 2541 ὑπὸ
1312 2488 1407 2543 τοῦ
1445 2491 1633 2561 φόϐου,
1683 2495 1779 2551 ἀν-

184 2576 398 2644 τισχεῖν
425 2575 566 2647 πρὸς
586 2576 686 2649 τὴν
706 2576 799 2631 τοῦ
819 2579 1147 2651 κρατοῦντος
1172 2582 1348 2656 ὁρμὴν
1370 2583 1432 2638 ού
1458 2584 1772 2659 δυνάμενος.

202 2668 293 2722 Ἐν
320 2664 367 2739 ᾧ
395 2670 619 2741 φροντὶς
657 2670 760 2725 οὐκ
791 2671 937 2727 ἐστιν
969 2672 1057 2729 οἷα
1085 2674 1193 2729 τῶν
1223 2674 1491 2746 βασιλέων
1528 2679 1597 2735 τά
1625 2679 1732 2753 ἤθη
1755 2696 1774 2717 ο

186 2762 337 2826 τίνες
373 2763 432 2815 αί
482 2761 817 2836 νομοθεσίᾳι,
867 2760 968 2819 οἶοι
1019 2765 1127 2820 τῶν
1170 2767 1387 2839 τρόπων
1439 2770 1489 2825 oi
1536 2771 1631 2824 ἐπὶ
1667 2771 1776 2828 τῶν

189 2851 377 2924 ἀρχῶν
427 2853 775 2928 τεταγμένοι,
818 2851 907 2909 οἷα
952 2854 1023 2909 τὰ
1074 2855 1493 2928 διαγράμματα,
1553 2858 1717 2923 πόσος
1745 2859 1775 2913 ό

188 2944 410 3016 ἑτήσιος
444 2944 641 3017 φόροςο
672 2944 795 2999 οὔτε
829 2946 878 3000 εί
909 2945 1076 3018 πολλὴ
1103 2946 1324 3017 γέγονεν
1352 2947 1649 3020 ὲπομϐρία,
1676 2965 1776 3004 κα-

187 3037 539 3100 τακλύζουσα
584 3041 649 3108 τῇ
688 3038 927 3110 ἀμετρίᾳ
965 3038 1028 3091 τὸ
1075 3038 1510 3111 γεωργούμενον,
1561 3038 1687 3094 οὔτε
1724 3040 1774 3095 εί

1880 1854 2262 1913 reformidant.
2293 1855 2354 1913 In
2379 1870 2490 1929 qua
2511 1871 2675 1913 nemo
2715 1855 2939 1911 inflatur
2969 1858 3227 1927 superbia
3256 1898 3272 1923 ,
3302 1874 3465 1914 nemo

1878 1948 2193 2007 humilitate
2248 1948 2619 2024 deprimitur,
2679 1963 2846 2005 nemo
2890 1947 3121 2005 effertur
3187 1950 3465 2017 audacia,

1878 2056 2042 2099 nemo
2105 2042 2310 2100 timore
2374 2043 2731 2107 concutitur,
2793 2054 2960 2098 nemo
3024 2056 3128 2097 nec
3177 2042 3465 2099 iracundia

1877 2141 2127 2218 aestuans
2158 2143 2213 2192 et
2257 2135 2545 2192 insaniens
2578 2134 2969 2199 excandescit,
3021 2149 3125 2191 nec
3149 2136 3466 2206 superantis

1876 2222 2143 2295 impetum
2186 2226 2467 2283 sustinere
2500 2239 2613 2282 non
2648 2225 2842 2283 valens
2872 2232 3020 2282 metu
3060 2226 3462 2282 contremiscit.

1876 2312 1934 2369 In
1964 2329 2075 2385 qua
2116 2314 2268 2369 nulla
2303 2312 2626 2371 sollicitudo
2680 2322 2804 2382 est,
2848 2314 3043 2385 quales
3104 2313 3219 2368 sint
3268 2328 3463 2385 regum

1875 2418 2059 2461 mores
2084 2443 2099 2471 ,
2129 2419 2162 2459 a
2191 2419 2434 2476 quonam
2479 2403 2730 2461 ferantur
2765 2404 2914 2476 leges
2936 2443 2952 2470 ,
2985 2403 3257 2474 quibusve
3286 2403 3463 2474 magi-

1874 2498 2082 2548 stratus
2129 2492 2592 2558 committantur,
2655 2507 2778 2563 quae
2827 2492 3049 2549 decreta
3095 2491 3227 2547 flant
3254 2530 3271 2557 ,
3330 2508 3456 2564 quae

1875 2581 2179 2651 quotannis
2206 2582 2560 2652 imponantur
2586 2580 2794 2638 tributa
2813 2624 2830 2649 ,
2875 2590 2971 2638 aut
2998 2596 3067 2638 ne
3092 2580 3459 2639 immoderata

1875 2671 2138 2729 imbrium
2170 2673 2468 2730 multitudo
2509 2681 2629 2730 sata
2659 2673 2964 2745 deprimat,
2996 2672 3276 2745 grandove
3305 2672 3464 2729 labo-

1872 2781 1995 2821 rum
2030 2776 2413 2840 susceptorum
2453 2782 2611 2840 spem
2655 2766 2893 2833 auferat,
2924 2774 3020 2824 aut
3045 2767 3313 2832 siccitate,
3342 2781 3467 2839 qua:

1872 2864 2005 2911 nata
2047 2864 2218 2924 sunt,
2276 2867 2623 2914 exarescant.
2676 2857 2927 2913 Aliorum
2967 2860 3098 2914 item
3150 2858 3465 2923 malorum,

1873 2962 1995 3019 qum
2020 2946 2112 3003 hic
2146 2956 2277 3005 sunt
2299 2988 2315 3015 ,
2348 2948 2492 3018 apud
2525 2963 2623 3005 eos
2650 2948 2841 3004 nullus
2892 2957 2977 3004 est
3026 2949 3214 3003 timor.
3264 2946 3459 3018 Neque

1874 3047 1970 3095 aut
2017 3040 2275 3097 orbitatis
2306 3041 2535 3096 tristitia
2559 3078 2576 3107 ,
2615 3047 2711 3095 aut
2741 3039 3029 3096 viduitatis
3057 3040 3311 3097 molestia
3341 3054 3461 3110 per-

190 3128 405 3200 χάλαζα
441 3129 541 3195 τὰς
582 3130 802 3194 ἐλπίδας
826 3131 935 3185 τῶν
968 3131 1258 3200 γεωπόνων
1288 3131 1611 3204 ἠχρείωσεν,
1648 3131 1772 3186 οὔτε

1876 3133 2192 3189 turbantur.
2222 3133 2343 3188 Illic
2362 3147 2429 3189 ex
2457 3140 2568 3187 tam
2591 3131 2780 3188 multis
2808 3133 3126 3189 morborum
3164 3136 3463 3205 generibus

190 3220 243 3273 εί
273 3220 484 3291 αὐχμὸς
531 3222 909 3293 ἐπικρατήσας
940 3221 1305 3315 ἀποξηραίνειὶ
1334 3224 1442 3277 πᾶν
1483 3223 1544 3276 τὸ
1570 3223 1778 3295 φυόμε-

190 3328 303 3366 νον.
343 3310 506 3371 Ἀλλά
560 3312 656 3365 καὶ
692 3311 801 3365 τῶν
842 3312 1045 3366 λοιπῶν
1091 3313 1185 3366 τοῦ
1217 3310 1333 3382 βίου
1378 3313 1566 3368 κακῶν
1597 3316 1779 3370 πᾶσαν

188 3402 377 3458 ἄδειαν
407 3403 541 3474 ἔχει.
579 3389 871 3475 ’θρφανίας
895 3422 956 3457 τε
992 3404 1100 3476 γὰρ
1135 3404 1197 3459 τὸ
1240 3403 1564 3477 σκυθρωπὸν
1591 3404 1654 3458 οὐ
1684 3404 1779 3459 λυ-

189 3500 292 3551 πεῖ
318 3498 415 3567 τὴν
460 3496 602 3569 ζωὴν
649 3497 888 3569 ἐκείνην,
918 3495 990 3551 τά
1034 3500 1100 3551 ὲκ
1140 3496 1368 3568 χηρείας
1409 3497 1558 3552 κακά
1591 3494 1778 3569 χώραν

186 3589 296 3641 οὐκ
321 3588 461 3659 ἔχει’
497 3586 729 3659 ἀργοῦσι
748 3589 805 3643 δὲ
834 3588 929 3643 καὶ
951 3589 1010 3642 αί
1042 3587 1371 3661 πολύτροποι
1398 3588 1492 3644 τοῦ
1525 3588 1779 3661 σώματος

185 3682 516 3753 ἀρρωστίαι,
553 3683 607 3735 οἴ
634 3662 695 3742 τε
751 3681 897 3737 κατά
936 3681 1044 3735 τῶν
1098 3681 1513 3752 εὐημερούντων
1562 3680 1770 3752 φθόνοι,

186 3776 288 3833 καὶ
348 3777 405 3834 αι
457 3775 601 3833 κατά
648 3773 757 3827 τῶν
814 3773 1275 3845 δυσπραγούντων
1310 3773 1625 3846 ὑπεροψίαι,
1676 3773 1773 3830 καὶ

182 3866 373 3921 πάντα
399 3863 478 3918 τὰ
518 3864 732 3919 τοιαῦτα
772 3864 875 3936 τῆς
903 3864 1051 3936 ζωῆς
1090 3865 1307 3935 ἐκείνης
1352 3865 1662 3939 saeptam-
1692 3867 1773 3922 ίσ-

1869 3224 2073 3295 quibus
2132 3239 2364 3295 corpora
2423 3232 2616 3279 nostra
2672 3231 2980 3288 vexantur,
3044 3224 3232 3281 nullus
3281 3226 3457 3283 adest.

1869 3311 1989 3369 Illic
2018 3328 2123 3369 nec
2156 3312 2411 3369 felicibus
2438 3310 2719 3367 invidetur
2739 3348 2755 3375 ,
2809 3326 2914 3368 nec
2948 3310 3332 3385 despiciuntur
3363 3329 3464 3371 ca-

1870 3403 2136 3462 lamitosi.
2190 3403 2395 3460 Omnes
2438 3402 2523 3459 ha
2581 3401 2858 3474 denique,
2912 3411 2971 3460 et
3015 3403 3069 3459 id
3109 3419 3284 3476 genus
3340 3402 3464 3462 alia:

1870 3495 2114 3553 miseria:
2170 3494 2377 3551 absunt
2440 3494 2511 3550 ab
2572 3494 2666 3549 illa
2722 3494 2834 3549 vita
2887 3510 3052 3566 quam
3110 3495 3456 3568 longissime.

1870 3588 2078 3647 Contra
2115 3603 2243 3645 vero
2260 3586 2406 3658 juris
2425 3595 2480 3644 et
2505 3588 2685 3659 legum
2711 3587 3057 3658 aequabilitas
3079 3602 3205 3643 cum
3242 3604 3459 3645 summa

1874 3681 2129 3738 libertate
2160 3688 2215 3737 et
2244 3694 2380 3751 pace
2409 3679 2467 3736 in
2496 3695 2564 3737 eo
2598 3680 2909 3737 animorum
2947 3681 3147 3751 populo
3173 3687 3459 3745 versatur,

1875 3786 2002 3830 cum
2032 3771 2168 3830 illud
2198 3772 2435 3845 quisque
2460 3770 2661 3829 habeat
2678 3811 2695 3839 ,
2723 3770 2872 3844 quod
2897 3770 3169 3845 cujusque
3198 3772 3460 3830 voluntas

1877 3872 2125 3937 exaptat.

174 3958 395 4032 ηγορία
418 3957 479 4011 δέ
515 3975 598 4021 τις
635 3960 723 4013 καὶ
766 3958 1013 4031 ίσονομία
1051 3959 1142 4014 διά
1177 3960 1358 4029 πάσης
1394 3958 1709 4033 ἐλευθερίας
1748 3958 2055 4031 είρηνικῆς,
2087 3956 2167 4027 τῷ
2212 3957 2321 4013 τῶν
2361 3954 2551 4029 ψυχῶν
2586 3955 2746 4029 δήμῳ
2779 3952 3254 4028 συμπολιτεύεταιο
3284 3954 3462 4010 ἐκεῖνο

179 4054 423 4109 ἑκάστου
450 4050 680 4122 ἔχοντος.
705 4054 844 4125 ὅπερ
881 4055 947 4109 ἂν
962 4053 1141 4126 ἑαυτῷ
1178 4054 1444 4127 ὲτοιμάσῃ
1475 4054 1544 4108 ὲκ
1575 4053 1972 4126 προαιρέσεως.

258 4148 323 4205 El
352 4149 409 4203 δέ
438 4166 491 4202 τι
517 4152 697 4220 χεῖρον
729 4149 794 4205 ἐκ
818 4168 964 4215 τινος
992 4149 1249 4215 ἀϐουλίας
1280 4150 1769 4223 τινιπαρασκιυα-

182 4239 293 4311 di
314 4241 435 4294 ἀντὶ
454 4239 547 4294 τοῦ
570 4241 897 4310 κρείττονος,
922 4243 1163 4305 ἀναίτιος
1191 4240 1301 4295 τῶν
1328 4240 1585 4296 τοιούτων
1614 4243 1643 4295 ό
1674 4238 1771 4295 θά-

176 4348 369 4395 νατος,
402 4331 527 4386 κατ’
560 4331 811 4397 ἐξουσίαν
840 4326 1127 4387 το’δοκοῦν
1154 4333 1406 4404 ἑλόμενος
1436 4332 1537 4403 τῆς
1574 4349 1769 4404 προαι-

170 4425 415 4496 ρέσεως.
459 4414 635 4495 Ὑπὲρ
665 4424 809 4488 τίνος
843 4421 938 4477 οὖν
962 4424 1405 4495 δυσχεραίνουσιν
1431 4424 1482 4477 οἱ
1515 4422 1772 4496 θρηνοῦν-

162 4532 276 4578 τες
307 4512 400 4567 τὸν
426 4513 821 4585 ἀποιχόμενον;
845 4514 954 4568 Καὶ
984 4514 1091 4587 μὴν
1122 4517 1172 4574 ει
1202 4514 1546 4581 παντάπασιν
1572 4512 1771 4603 ἑκαθά-
1800 4547 1845 4603 D

168 4623 349 4679 ρευεν
377 4606 560 4677 πάσης
592 4606 872 4676 ἑμπαθοῦς
900 4606 1189 4671 διαθέσεως
1208 4607 1239 4661 ό
1265 4587 1770 4678 πναποδυσάμενός

162 4700 290 4768 τὴν
333 4698 523 4769 ἡδονήν
558 4714 620 4750 τι
664 4698 759 4752 καὶ
799 4699 901 4769 τὴν
943 4697 1121 4771 λύπην
1171 4698 1311 4769 μετὰ
1350 4697 1447 4781 τοῦ
1496 4696 1764 4767 σώματος·

156 4790 397 4850 ἐκεῖνος
426 4787 494 4841 ἀν
519 4786 861 4859 δικαιότερον
896 4788 1025 4852 τοὺς
1053 4788 1343 4859 περιόντας
1376 4786 1695 4859 ἐθρήνησεν,
1719 4785 1769 4839 οἶ

152 4876 385 4931 ταύτὸν
416 4876 687 4947 πάσχουσι
716 4878 827 4941 τοῖς
860 4878 919 4930 ὲν
949 4876 1308 4949 δεσμωτηρίῳ
1336 4876 1640 4946 διάγουσιν
1673 4873 1770 4939 οὓς

152 4976 199 5043 1;
242 4968 391 5041 πρὸς
415 4968 485 5023 τὰ
512 4968 814 5041 σκυθρωπά
840 4970 1098 5042 συνήθεια
1116 5009 1131 5035 ,
1156 4972 1251 5033 καὶ
1277 4972 1312 5041 ἡ
1346 4969 1642 5042 συντροφία
1672 4966 1767 5023 τοῦ

160 5062 377 5128 ζόφου,
420 5059 691 5129 προσηνές
739 5075 799 5112 τε
832 5060 929 5115 καὶ
972 5060 1175 5115 ἄλυπον
1210 5060 1271 5114 τὸ
1304 5060 1477 5133 παρὸν
1527 5060 1770 5131 νομίζειν

162 5149 465 5219 ἐποίησεν.
484 5150 592 5203 Καὶ
612 5148 774 5221 τυχὸν
792 5151 1036 5214 κάκεῖνοι
1056 5154 1167 5215 τοῖς
1190 5152 1288 5221 τῆς
1312 5132 1554 5221 φυλακῆς
1578 5150 1771 5205 ἐκϐαλ-

168 5239 436 5311 λομένοις
481 5240 1003 5311 ὲπιστυγνάζουσιν,
1038 5242 1233 5313 ἀγνοίᾳ
1272 5242 1372 5312 τῆς
1418 5239 1770 5311 φαιδρότητος

174 5329 271 5397 τῆς
316 5328 692 5401 ἐκδεχομένης
730 5333 857 5396 τοὺς
899 5331 1316 5401 ἀπαλλαγέντας
1354 5330 1445 5383 τοῦ
1476 5329 1660 5399 ζόφου.
1706 5329 1769 5382 El

182 5422 280 5491 τῷ
295 5422 510 5493 ⁴ᾔδεσαν
532 5421 601 5475 τά
624 5424 685 5474 ἐν
710 5423 788 5493 τῷ
808 5424 1060 5495 ὑπαίθρῳ
1088 5424 1359 5495 θεάματα,
1391 5423 1451 5476 τό
1475 5440 1534 5476 τε
1554 5422 1765 5492 αἴθριον

188 5513 395 5577 κάλλος,
424 5513 525 5566 καὶ
550 5512 611 5565 τὸ
629 5513 880 5585 οὐράνιον
912 5515 1066 5586 ὕψος,
1095 5517 1188 5575 καὶ
1212 5516 1308 5580 τὰς
1328 5515 1436 5575 τῶν
1464 5516 1765 5587 φωστήρων

174 5602 373 5670 αὐτὸς,
412 5604 517 5675 τήν
545 5620 605 5657 τε
636 5606 744 5659 τῶν
791 5608 1036 5678 ἀστέρων
1072 5608 1324 5681 χορείαν,
1364 5610 1456 5662 καὶ
1484 5607 1761 5679 περιόδους

176 5692 432 5762 ἡλιακὰς,
467 5694 562 5750 καὶ
588 5695 681 5751 τὸν
710 5697 989 5768 σεληναῖον
1019 5699 1238 5773 δρόμον,
1265 5702 1359 5757 καὶ
1386 5698 1486 5772 τὴν
1512 5698 1761 5768 πολυειδῆ

1937 4144 2095 4214 Quod
2129 4145 2177 4202 si
2207 4145 2332 4217 quis
2368 4145 2441 4201 ob
2492 4142 2735 4215 inopiam
2781 4140 3023 4207 consilii,
3062 4154 3129 4195 ac
3166 4138 3456 4196 stultitiam

1865 4255 2020 4297 suam
2055 4251 2157 4310 pro
2200 4238 2348 4293 bono
2388 4236 2593 4291 malum
2636 4234 2924 4306 amplexus
2962 4232 3059 4299 sit,
3092 4231 3301 4286 nullam
3332 4231 3458 4302 ejus

1864 4332 1948 4388 rei
1990 4346 2139 4388 mors
2183 4330 2402 4401 culpam
2444 4326 2743 4394 sustineat,
2791 4340 2917 4382 cum
2963 4324 3196 4381 liberum
3253 4324 3458 4395 cuique

1865 4421 2057 4489 fuerit,
2090 4421 2238 4494 quod
2281 4419 2447 4477 vellet
2472 4418 2696 4490 eligere.
2728 4416 2840 4472 Cur
2871 4416 3041 4487 igitur
3073 4422 3326 4481 mcerent,
3359 4414 3455 4485 qui

1872 4514 2146 4571 obeuntes
2174 4508 2665 4569 lamentationibus
2693 4516 3105 4580 prosequuntur
3121 4504 3145 4561 1
3163 4505 3325 4561 Certe
3346 4504 3455 4561 nisi

1876 4605 1947 4662 ab
1974 4603 2123 4660 omni
2154 4602 2562 4675 perturbatione
2602 4599 2761 4655 liberi
2795 4605 3004 4663 essent,
3044 4596 3137 4669 qui
3166 4611 3273 4651 una
3325 4609 3453 4651 cum

1876 4712 2110 4768 corpore
2143 4696 2477 4768 voluptatem
2517 4700 2573 4749 et
2606 4691 2853 4748 dolorem
2918 4697 3209 4755 exuerunt,
3243 4686 3455 4757 aequius

1876 4787 1955 4843 illi
1984 4788 2313 4858 superstites
2344 4786 2761 4847 miserarentur,
2790 4796 2915 4837 cum
2946 4795 3057 4835 non
3088 4780 3247 4833 aliter
3272 4775 3453 4833 affecti

1875 4880 2005 4947 sint,
2037 4895 2203 4951 quam
2238 4879 2275 4935 ii
2319 4878 2414 4950 qui
2445 4877 2500 4932 in
2534 4890 2757 4931 carcere
2797 4872 3042 4929 conclusi
3076 4872 3289 4927 vivunt.
3334 4868 3453 4925 Mu-

1873 4976 1968 5025 tua
1995 4970 2142 5026 enim
2174 4984 2263 5025 res
2292 4982 2518 5037 asperas
2573 4961 2950 5038 perpetiendi,
2996 4961 3051 5016 in
3103 4960 3451 5032 tenebrisque

1865 5058 2085 5114 vivendi
2118 5056 2521 5114 consuetudine
2545 5054 2806 5120 devincti,
2842 5052 3187 5122 deceptique,
3217 5051 3448 5107 molesta

1864 5158 1922 5207 et
1954 5149 2256 5220 injucunda
2292 5164 2404 5206 non
2439 5158 2658 5221 putant,
2688 5162 2811 5219 quae
2837 5145 3149 5218 perferunt.
3181 5144 3371 5214 itaque
3397 5142 3446 5200 si

1867 5243 1960 5315 qui
2026 5240 2323 5311 ejiciantur
2368 5257 2400 5298 e
2457 5256 2700 5307 carcere,
2748 5255 2936 5296 eorum
2994 5238 3170 5293 vicem
3212 5235 3448 5292 fortasse

1868 5334 2061 5403 reliqui
2090 5333 2299 5399 dolent,
2320 5331 2631 5405 ignorantia
2657 5330 2966 5400 splendoris
2998 5330 3144 5385 illius
3186 5326 3253 5383 ad
3283 5340 3446 5397 quem

1871 5426 2121 5490 veniunt,
2154 5424 2250 5496 qui
2288 5424 2359 5479 ab
2387 5438 2578 5480 eorum
2604 5421 2848 5479 tenebris
2879 5420 3189 5476 discedunt.
3230 5416 3447 5473 Etenim

1873 5512 1919 5568 si
1947 5528 2069 5584 qua:
2103 5513 2206 5570 sub
2232 5514 2322 5569 die
2352 5512 2667 5585 spectacula
2687 5518 3010 5574 cernuntur,
3034 5508 3444 5581 cognovissent,

1871 5604 1916 5660 si
1948 5604 2408 5676 pulchritudinem
2441 5605 2686 5671 aetheris,
2718 5604 2766 5660 si
2807 5602 2932 5659 cmli
2954 5600 3371 5663 sublimitatem,
3397 5598 3446 5654 si

1872 5696 2104 5753 nitorem
2151 5698 2414 5768 siderum,
2462 5697 2746 5757 stellarum
2796 5694 3051 5766 choreas,
3094 5691 3231 5753 solis
3273 5686 3475 5747 nubta
