1948 3102
718 146 737 160 κ

230 170 284 199 507

858 176 885 204 S.
907 176 1071 205 GREGURII
1086 178 1235 209 NYSSENI

1807 180 1864 210 508

231 234 299 263 tum,
317 228 443 264 lunaeque
457 237 586 264 cursum;
598 232 623 260 si
638 239 744 266 eorum.
761 241 822 269 qua:
835 239 906 263 Ierra
920 237 1017 272 gignit,

1082 239 1119 274 ῆς
1138 240 1190 274 γῆς
1208 240 1237 266 ἐν
1251 239 1308 271 τοῖς
1324 238 1509 275 βλαστήμασιν
1528 238 1612 275 ὥραν,
1631 237 1679 265 καὶ
1694 237 1742 274 τὴν
1765 238 1865 273 ἡδεῖαν

232 280 290 303 tam
307 276 381 303 varia
395 277 564 312 pulchraque
582 286 699 313 genera,
722 280 745 307 si
764 280 917 315 jucundum
935 284 1019 313 maris

234 326 386 357 aspectum,
402 330 464 350 cum
489 323 572 352 nullis
589 330 732 354 ventorum
749 327 859 356 ﬂatibus
882 330 1017 363 turbatur,

234 368 282 395 sed
297 368 396 397 leniter
411 369 559 405 crispatur,
573 376 600 398 et
615 375 744 407 tanquam
756 374 870 408 pulchre
881 375 1019 410 depictum

234 414 377 450 splendet:
390 416 412 443 si
429 416 542 451 pulchra
556 421 611 444 tum
626 417 731 452 privata
746 422 804 446 tum
818 420 926 455 publica
938 421 1020 449 aedili-

238 461 293 492 cia,
309 462 410 496 quibus
434 462 586 498 magnificae
610 472 642 491 ac
663 465 813 500 splendidae
830 467 956 496 civitates
973 476 1022 495 ex-

238 511 391 535 ornantur:
410 508 478 541 haec,
497 509 619 544 inquam,
640 514 667 537 et
689 511 731 539 bis
753 512 852 540 similia
873 514 896 541 si
920 520 1023 549 cogno-

236 554 352 585 visscnt,
374 554 421 588 qui
440 555 467 581 in
487 563 596 583 carcere
610 556 796 589 continentur,
821 560 875 586 n'on
899 559 1023 588 dolerent

236 598 325 626 vicem
341 607 447 632 eorum,
465 601 511 635 qui
527 602 632 635 priores
643 611 658 630 e
671 604 795 630 custodia
815 604 921 633 dimissi
947 609 1022 639 sunt,

238 648 368 680 tanquam
380 653 395 672 a
405 646 477 673 bono
487 646 578 682 aliquo
587 647 801 677 discessissent:
814 654 911 677 contra
920 651 1022 685 potius,

239 690 285 724 qui
301 691 404 725 egressi
421 696 524 723 essent,
542 692 670 720 miseram
685 694 836 722 infelicium
853 695 1023 724 inclusorum

238 735 321 762 vitam
346 737 620 765 commiserarentur.
643 738 743 766 Eodem
775 741 856 768 modo
879 741 925 777 qui
944 742 1025 770 istius

238 782 301 808 vita:
315 789 426 810 carcere
439 783 546 811 liberati
562 788 637 817 sunt,
653 785 675 813 si
689 786 745 812 fieri
759 790 895 821 potest,ut
907 788 1025 816 dolendo

239 827 474 863 lacrymandoque
489 837 567 856 suam
581 838 645 865 erga
667 831 844 860 calamitosos
868 834 1027 863 misericor-

240 872 311 898 diam
327 874 481 905 ostendant,
502 875 628 902 videnlur
649 877 713 903 mihi
735 878 977 907 lamentationibus
999 882 1027 907 et

241 918 368 952 lacrymis
392 920 579 946 commiserari
597 922 781 948 conditionem
799 923 919 957 illorum,
935 924 982 959 qui
999 924 1028 951 in

242 963 321 990 istius
342 964 403 990 vitm
418 964 551 992 molestiis
568 973 599 993 ac
616 967 758 995 doloribus
776 968 942 1002 detinentur,
956 969 1028 1005 quod

241 1016 286 1035 res
307 1009 366 1036 illas
380 1010 588 1044 pulcherrimas,
605 1017 632 1039 et
650 1020 664 1039 a
680 1014 793 1040 materia
811 1016 1028 1049 remotissimae,

241 1062 302 1088 qua:
318 1062 400 1089 supra
418 1057 547 1083 mundum
568 1059 641 1085 bime
661 1064 737 1091 sunt,
767 1068 823 1087 non
845 1062 1028 1097 conspiciant,

242 1108 340 1135 nempe
360 1101 483 1133 thronos.
508 1103 690 1137 principatus,
713 1106 924 1140 dominationes,
947 1115 1031 1143 ange-

243 1148 330 1175 lorum
344 1149 493 1181 exercitus,
508 1150 672 1186 piorumque
693 1156 791 1184 cmtus,
819 1160 852 1181 ac
873 1161 1030 1189 supremam

245 1194 317 1220 illam
342 1194 500 1226 civitatem,
534 1197 797 1233 celeberrimumque
822 1207 904 1234 supra
931 1200 1031 1227 malum

244 1245 408 1268 conventum
427 1242 547 1273 illorum,
564 1244 610 1277 qui
629 1243 654 1269 in
671 1252 702 1270 ea
721 1244 852 1279 descripti
870 1249 946 1273 sunt.
963 1244 1031 1272 Nam

242 1286 300 1318 illa,
317 1294 376 1320 qua:
394 1287 436 1314 his
451 1288 580 1315 omnibus
599 1294 717 1323 przestat,
739 1290 927 1324 pulchritudo,
949 1298 1032 1326 quam

243 1332 277 1359 ab
295 1333 339 1363 iis,
361 1333 406 1367 qui
428 1334 530 1360 mundo
550 1340 613 1361 sunt
637 1335 720 1362 corde
739 1334 765 1367 ¹,“
779 1336 898 1371 perspici
915 1337 1033 1364 asseruit

243 1378 291 1412 qui
303 1386 357 1404 non
375 1380 517 1411 mentitur,
543 1380 630 1413 major
649 1386 701 1413 est,
727 1389 808 1416 quam
826 1382 880 1409 ulla
902 1390 951 1417 spe
966 1390 1033 1410 con-

242 1423 383 1457 jecturave
399 1424 507 1458 concipi
529 1424 628 1452 valeat.
650 1425 742 1460 Neque
765 1435 829 1454 vero
847 1426 874 1454 id
897 1428 986 1455 solum
1005 1428 1033 1455 in

244 1466 325 1494 nobis
340 1467 453 1502 gemitu.
473 1467 623 1503 doloreque
640 1469 752 1504 dignum
774 1474 881 1505 putant,
905 1472 953 1506 qui
971 1472 1034 1499 hinc

244 1512 433 1547 decesserunt,
443 1514 491 1541 sed
501 1514 587 1541 multo
600 1515 698 1551 magis,
711 1516 784 1550 quod
796 1524 857 1543 cum
872 1521 926 1544 tam
941 1518 1035 1546 multis

1056 285 1119 320 ντῆς
1135 284 1272 319 θαλάσσης
1284 284 1355 319 ὄψιν,
1365 285 1395 311 ὲν
1407 283 1531 311 λειοειδεῖ
1544 284 1577 318 τῇ
1589 282 1661 318 αὐγῇ
1676 282 1709 309 δι’
1722 282 1863 317 ἡρεμαίου

1069 329 1116 356 τοῦ
1145 329 1299 364 πνεύματος
1320 328 1469 365 γλαφυρῶς
1494 327 1727 364 ὲπιφρίσσουσαν,
1753 326 1806 353 τῶν
1829 335 1865 353 τε

1070 375 1140 402 κατὰ
1153 374 1202 406 τὰς
1214 375 1304 406 πόλεις
1320 373 1543 410 οἰκοδομημάτων
1557 372 1591 399 τὰ
1605 372 1701 408 κάλλη,
1714 372 1749 399 τὰ
1766 380 1794 398 τε
1806 371 1866 399 tota.

1071 421 1118 448 καὶ
1134 420 1168 447 τὰ
1178 421 1305 456 δημόσια,
1319 420 1352 447 δι’
1367 417 1405 447 ὧν
1417 421 1445 447 αἱ
1458 419 1583 455 λαμπραί
1597 427 1627 445 τε
1639 419 1685 445 καὶ
1703 418 1865 450 πολυτελεῖς

1071 467 1124 494 τῶν
1141 467 1244 494 πόλεων
1263 466 1495 499 καλλωπίζονται·
1513 466 1537 492 εἰ
1552 464 1638 492 ταῦτα
1653 465 1743 491 τοίνυν
1764 464 1860 500 ᾔδεσαν

1059 514 1120 541 «καὶ
1139 514 1173 540 τὰ
1187 513 1297 540 τοιαῦτα
1317 513 1342 539 οἱ
1358 512 1530 547 ἐπαχθέντες
1546 510 1584 546 τῷ
1599 510 1797 545 δεσμωτηρίῳ.
1815 510 1863 537 οὒκ

1060 560 1106 587 -ἃν
1126 560 1189 591 τοὺς
1207 560 1238 585 ἐκ
1258 559 1308 594 τῆς
1326 558 1451 593 φυλακῆς
1474 556 1677 593 προαγομένους
1700 555 1737 587 ὡς
1760 556 1862 589 ἀγαθοῦ

1073 615 1145 638 τινος
1165 605 1366 641 χωριζομένους
1385 603 1610 638 ἀπωλοφύροντο*
1634 601 1701 637 ὅπερ
1725 599 1772 628 οὖν
1792 601 1863 632 :be,-

1074 651 1136 682 τοὺς
1149 649 1201 682 ἔξω
1216 650 1263 677 τοῦ
1284 649 1470 685 δεσμωτηρίου
1486 647 1550 683 περὶ
1568 646 1622 674 τῶν
1638 647 1677 673 ἐτι
1698 646 1865 681 καθειργμέ-

1075 705 1127 723 νων
1139 695 1310 727 διανοεῖσθαι,
1328 695 1365 726 ὡς
1380 694 1482 729 ὲλεεινῇ
1500 691 1818 730 προσταλαιπωρούντων
1834 692 1864 726 τῇ

1076 740 1143 776 ζωῇ.
1168 740 1246 767 Οὕτω
1264 749 1308 776 μοι
1325 739 1433 767 δοκοῦσι
1452 739 1500 765 καὶ
1525 739 1549 765 οἱ
1564 739 1615 773 τῆς
1630 737 1674 765 τοῦ
1693 737 1750 773 βίου
1770 737 1864 763 τούτου

1076 786 1200 821 φυλακῆς
1213 784 1265 817 ἔξω
1281 784 1436 820 γινόμενοι,
1451 784 1530 820 εῐπερ
1545 783 1613 815 ὅλως
1634 783 1746 809 δυνατὸν
1763 780 1799 818 ἦν
1823 783 1866 808 αὖε

1076 833 1133 863 τοῖς
1151 831 1195 859 διὰ
1212 830 1335 866 δακρύων
1352 829 1519 862 ἐνδείξασθαι
1538 829 1586 864 τὴν
1612 828 1679 865 πρὸς
1697 828 1763 859 τοὺς
1785 837 1865 854 κακο-

1078 876 1230 909 παθοῦντας
1248 875 1419 911 συμπάθειαν
1430 895 1436 908 ,
1453 874 1562 911 θρηνεῖν
1575 874 1623 901 καὶ
1636 873 1765 909 δακρύειν
1779 873 1828 899 τὸν
1841 873 1865 899 ἐν

1079 925 1138 955 ταῖς
1150 923 1257 955 ὀδύναις
1273 922 1319 950 τοῦ
1335 923 1392 958 βίου
1406 923 1501 950 τούτου
1517 922 1758 958 παρατεινόμενον,
1774 921 1817 948 ὅτι
1833 921 1865 956 μὴ

1078 964 1164 1006 ὁρῶσι
1178 970 1214 997 τὰ
1224 968 1398 1005 ὑπερκόσμιά
1409 977 1437 996 τε
1451 969 1498 995 καὶ
1511 968 1580 996 ἆῦλα
1597 967 1692 1002 κάλλη,
1707 967 1823 1002 θρόνους
1841 975 1867 992 τε

1079 1016 1127 1043 καὶ
1146 1016 1243 1051 ἀρχὰς,
1266 1015 1400 1047 ἐξουσίας,
1421 1015 1468 1042 καὶ
1486 1014 1658 1049 κυριότητας.
1676 1013 1721 1039 καὶ
1740 1012 1869 1047 στρατιὰς

1080 1060 1228 1094 ἀγγελικάς
1238 1059 1286 1086 καὶ
1297 1058 1455 1094 ἐκκλησίας,
1469 1058 1517 1086 καὶ
1530 1059 1579 1093 τὴν
1595 1058 1654 1089 ἀνω,
1662 1057 1751 1089 πόλιν,
1765 1057 1815 1083 καὶ
1825 1056 1869 1091 τὴν

1082 1105 1278 1140 ὑπερουράνιον
1291 1105 1346 1131 τῶν
1363 1103 1618 1140 ἀπογεγραμμένων
1641 1103 1811 1139 πανήγυριν.
1839 1101 1873 1129 Th

1080 1151 1135 1187 γὰρ
1152 1151 1348 1187 ὑπερκείμενον
1370 1150 1471 1177 τούτων
1498 1150 1605 1183 κάλλος,
1622 1150 1637 1176 ὃ
1653 1150 1715 1181 τοὺς
1736 1149 1873 1185 καθαροὺς

1081 1199 1114 1233 τῇ
1127 1197 1225 1233 καρδίᾳ
1238 1197 1347 1232 βλέπειν
1359 1198 1373 1223 ὁ
1383 1196 1500 1232 ἀψευδὴς
1512 1196 1669 1231 ἀπεφήνατο
1681 1195 1769 1230 λόγος,
1781 1196 1872 1230 κρεῖτ-

1081 1244 1127 1271 τόν
1145 1252 1175 1270 τε
1198 1243 1288 1279 πάσης
1309 1243 1415 1274 ἐλπίδος
1433 1243 1501 1275 ἐστὶ,
1522 1242 1636 1277 καὶτῆς
1659 1242 1691 1268 ἐκ
1712 1240 1876 1276 στοχασμῶν

1083 1289 1207 1321 εἰκασίας
1221 1289 1365 1324 ἀνώτερον.
1384 1288 1420 1315 Οὐ
1434 1288 1513 1315 τοῦτο
1529 1288 1558 1314 δὲ
1577 1287 1656 1323 μόνον
1673 1286 1835 1321 στεναγμῶν
1847 1294 1876 1312 τε

1083 1336 1131 1364 καὶ⁸
1152 1336 1241 1371 λύπης
1259 1335 1334 1367 ἀξιον
1356 1335 1399 1369 ἐφ’
1418 1335 1485 1370 ἡμῖν
1504 1335 1559 1365 τοῖς
1576 1333 1742 1369 μεταστᾶσιν
1765 1332 1799 1359 ἂν
1818 1333 1878 1359 tvo-

1085 1382 1180 1418 μίσθη,
1195 1381 1252 1409 ἀλλ’
1264 1382 1305 1408 ὅτι
1324 1380 1459 1407 τοσούτων
1476 1378 1608 1414 ἀλγεινῶν
1621 1379 1824 1414 περικειμένων
1839 1377 1879 1412 τῷ

1085 1428 1145 1463 βίῳ,
1161 1426 1279 1461 τοσαύτη
1289 1434 1332 1457 τις
1342 1425 1486 1460 ἐντέτηκεν
1499 1424 1615 1458 αὐτοῖςὴ
1630 1423 1693 1458 περὶ
1705 1423 1739 1449 τὰ
1752 1422 1880 1458 μοχθηρὰ

1085 1472 1264 1503 συνδιάθεσις,
1279 1472 1320 1498 ὅτι
1339 1471 1388 1506 οὐχ
1406 1470 1444 1502 ὡς
1461 1469 1613 1504 ἀναγκαίαν
1628 1468 1688 1495 τινὰ
1704 1468 1882 1503 λειτουργίαν

1084 1518 1132 1553 τὴν
1153 1516 1305 1553 προσῦολὴν
1320 1516 1408 1543 αὐτῶν
1423 1514 1560 1550 φέρουσιν,
1581 1513 1637 1539 ἀλλ’
1650 1513 1724 1543 ὃπως
1744 1511 1776 1538 ἂν
1790 1512 1831 1542 είς
1849 1510 1882 1537 τὸ

248 1559 380 1587 aerumnis
407 1559 581 1595 miseriisque
600 1560 701 1588 referta
722 1562 758 1588 sit
783 1563 940 1590 mortalium
966 1564 1032 1596 vita,

1085 1564 1209 1599 διηνεκὲς
1223 1561 1375 1598 παραμένοι
1388 1561 1483 1591 ταῦτα,
1498 1560 1548 1595 τὴν
1568 1558 1685 1594 σπουδὴν
1703 1556 1883 1593 περιποιοῦν-

246 1610 339 1634 tamen
354 1614 401 1634 eas
416 1607 571 1642 perferendi
582 1609 782 1636 consuetudine
798 1609 838 1637 sic
850 1609 940 1637 atl‘ecti
957 1613 1032 1643 sunt,

245 1656 276 1679 ut
290 1651 398 1679 vivendi
426 1660 531 1679 moram
560 1660 615 1680 non
629 1652 686 1688 jam
721 1653 772 1680 sibi
795 1657 826 1680 ut
850 1653 1035 1681 necessariam

245 1697 416 1725 tolerandam
433 1698 610 1731 existiment,
636 1699 684 1727 sed
710 1699 784 1726 omni
808 1699 901 1727 studio
922 1703 1035 1727 conten-

246 1743 326 1776 dunt,
343 1748 370 1771 et
385 1748 527 1779 exoptant,
545 1750 575 1772 ut
587 1749 717 1780 perpetua
739 1745 786 1773 sit.
807 1745 875 1773 Nam
898 1746 1035 1781 cupiditas

246 1789 428 1825 principatus,
444 1793 472 1817 et
487 1797 581 1825 opum,
610 1793 637 1818 et
666 1791 850 1826 voluptatum,
867 1797 895 1819 et
916 1793 939 1819 si
970 1792 1036 1827 quid

247 1835 322 1862 aliud
338 1840 470 1870 praeterea
493 1840 553 1868 est,
577 1836 757 1871 quamobrem
780 1844 856 1864 arma
878 1838 1034 1873 capiantur,

248 1884 379 1915 gerantur
396 1881 477 1913 bella,
493 1881 582 1909 cades
601 1881 675 1914 fiant,
690 1889 841 1917 omnesque
856 1883 974 1911 miseria:
989 1891 1037 1911 vo-

248 1928 374 1956 luntariae
391 1930 563 1964 contingant,
584 1933 612 1958 et
630 1929 739 1957 fraudes
759 1930 950 1964 admittantur,
970 1931 1037 1966 quid

249 1974 323 2001 aliud
347 1978 423 2007 sunt,
454 1975 507 2002 nisi
534 1976 662 2003 cumulus
689 1975 800 2010 quidam
837 1977 1036 2009 calamitatum,

249 2027 330 2054 quem
352 2020 414 2048 vita:
429 2028 478 2055 per
503 2028 532 2048 se
558 2021 667 2049 misera:
691 2022 842 2053 voluntate,
870 2023 976 2055 studio,
1006 2029 1038 2049 ac

250 2067 364 2095 libidine
379 2075 429 2095 sua
445 2067 572 2095 infelices
588 2068 757 2103 adjunguut?
772 2067 904 2095 Caeterum
923 2075 972 2095 nec
997 2068 1038 2095 la-

249 2112 391 2148 crymandi
407 2112 459 2144 vis,
477 2120 528 2140 nec
542 2113 596 2140 ulla
608 2112 744 2148 ejusmodi
760 2113 868 2141 affectio
893 2112 972 2141 adest
1004 2114 1038 2141 iis

250 2160 297 2194 qui
312 2167 346 2187 ex
363 2159 415 2187 liae
431 2159 488 2188 vita
502 2160 656 2195 migrarunt
669 2169 677 2187 :
691 2164 719 2188 et
732 2160 779 2195 qui
793 2167 808 2187 a
825 2168 908 2188 carne
928 2165 956 2188 et
975 2168 1039 2188 san~

251 2205 333 2240 guine
350 2205 469 2240 sejuncti
489 2209 565 2238 sunt,
582 2213 637 2234 non
656 2207 737 2239 mole,
760 2207 808 2234 sed
834 2211 925 2234 mente
944 2207 1038 2235 consi-

1085 1619 1140 1637 ται.
1158 1610 1191 1636 Ἢ
1204 1609 1259 1644 γὰρ
1275 1608 1339 1644 περὶ
1354 1607 1404 1639 τὰς
1423 1606 1581 1636 δυναστείας
1596 1613 1626 1631 τε
1646 1604 1695 1630 καὶ
1712 1602 1881 1635 πλεονεξίας,

1085 1657 1133 1684 καὶ
1151 1657 1200 1688 τὰς
1216 1653 1420 1687 ἀπολαυστικὰς
1433 1652 1535 1683 ταύτας
1547 1650 1715 1686 λαιμαργίας
1729 1648 1864 1684 ἐπιθυμία
1875 1668 1881 1678 ,

1086 1703 1133 1730 καὶ
1153 1702 1179 1728 εἴ
1191 1711 1217 1728 τι
1237 1701 1299 1729 ἄλλο
1323 1698 1442 1726 τοιοῦτον
1461 1697 1658 1729 σπουδάζεται,
1674 1693 1712 1722 ὧν
1730 1695 1812 1730 χάριν
1835 1693 1883 1720 καὶ

1086 1749 1170 1781 ὅπλα,
1192 1747 1240 1774 καὶ
1262 1746 1390 1779 πόλεμοι.
1410 1745 1458 1772 καὶ
1479 1742 1679 1778 ἀλληλοφονίαι,
1699 1740 1749 1767 καὶ
1768 1741 1845 1766 πᾶσι
1865 1741 1881 1774 ἡ

1087 1794 1218 1825 ἑκουσίως
1232 1791 1417 1828 ἐνεργουμένη
1432 1789 1602 1824 ταλαιπωρία
1618 1788 1664 1814 καὶ
1680 1786 1819 1820 δολιότης,
1839 1786 1883 1812 οὗ·

1085 1840 1130 1867 δὲν
1146 1838 1220 1870 ἄλλο,
1237 1838 1254 1873 ἢ
1276 1836 1376 1872 σωρεία
1392 1836 1435 1867 τίς
1450 1836 1506 1861 ἐστι
1523 1833 1681 1869 συμφορῷν,
1702 1833 1733 1857 ἐκ
1750 1830 1885 1866 προαιρέ-

1088 1895 1156 1917 σεως
1168 1884 1236 1919 μετά
1247 1883 1364 1918 σπουδῆς
1376 1891 1405 1909 τε
1413 1882 1458 1908 καὶ
1468 1880 1620 1917 προθυμίας
1631 1877 1833 1912 ὲπεισαγομένη
1846 1877 1885 1910 τῷ

1089 1932 1149 1968 βίῳ.
1168 1930 1249 1957 Ἀλλὰ
1261 1928 1387 1965 δακρύων
1404 1928 1452 1962 μὲν
1468 1929 1496 1954 ὲν
1508 1928 1563 1958 τοῖς
1576 1924 1778 1960 κατοιχομένοις
1795 1923 1887 1955 πάθος

1087 1979 1137 2005 οὐκ
1149 1977 1231 2009 ἔστιν,
1247 1976 1288 2003 ὅτι
1300 1975 1360 2011 μηδ’
1376 1975 1439 2002 ἄλλο
1449 1983 1476 2001 τι
1490 1973 1584 2004 πάθος,
1596 1972 1658 2003 νοῦς
1668 1971 1696 1998 δὲ
1707 1970 1754 1997 καὶ
1770 1969 1887 2005 πνεῦμα

1087 2023 1277 2059 τυγχάνοντες,
1290 2019 1334 2048 οἷα
1353 2021 1453 2056 σαρκὸς
1470 2018 1673 2055 ἀπηλλαγμένοι
1689 2017 1734 2043 καὶ
1751 2016 1886 2050 αἵματος,

1087 2071 1144 2101 τοῖς
1163 2070 1196 2104 τῇ
1213 2067 1347 2103 παχύτητι
1361 2065 1409 2092 τοῦ
1423 2065 1549 2100 σώματος
1567 2061 1784 2097 ἐγκεχωσμένοις
1801 2061 1890 2094 ὀφθῇ-

1088 2124 1132 2143 ναι
1152 2115 1232 2150 φύσιν
1247 2114 1296 2140 ούκ
1313 2113 1435 2148 ἔχουσιν,
1460 2111 1520 2137 οὐδὲ
1537 2108 1695 2142 νουθετῆσαι
1717 2107 1751 2134 δι’
1774 2107 1890 2133 ἑαυτῶν

1089 2162 1151 2193 τοὺς
1168 2159 1328 2196 ἀνθρώπους
1351 2155 1574 2198 ἀποστῆναιῆλτῆς
1590 2151 1807 2198 πεπλανημένης
1824 2152 1889 2186 περὶ

1090 2207 1146 2234 τῶν
1160 2206 1243 2232 ὅντων
1258 2204 1385 2240 κρίσεως.
1401 2202 1506 2230 Οὐκοῦν
1525 2202 1539 2228 ὁ
1560 2199 1621 2231 νοῦς
1637 2200 1701 2234 ἡμῖν
1720 2198 1735 2224 ὸ
1750 2197 1891 2233 ἡμέτερος

251 2255 338 2279 stunt.
355 2251 449 2286 Itaque
462 2258 517 2278 non
537 2259 569 2279 ea
582 2251 639 2286 jam
654 2255 697 2279 est
729 2253 853 2286 ipsorum
880 2257 989 2285 natura,
1010 2258 1032 2280 ul

1094 2254 1150 2280 ἀντ’
1167 2251 1277 2279 ἐκείνων
1288 2249 1463 2284 διαλεχθήτω,
1481 2248 1528 2275 καὶ
1543 2247 1663 2281 εἴπωμεν
1675 2245 1714 2276 ὡς
1729 2244 1790 2270 ἐστι
1807 2244 1890 2270 δυνα-

251 2303 303 2323 nos
319 2296 407 2323 oculis
427 2303 559 2327 cernere,
582 2299 630 2323 aut
655 2302 704 2331 per
725 2304 755 2324 se
777 2304 888 2324 monere
912 2298 1041 2326 mortales

252 2345 366 2375 queant,
381 2348 437 2375 quo
452 2348 468 2367 a
481 2340 561 2372 falsa,
578 2348 662 2375 quam
685 2341 719 2368 de
737 2342 819 2369 rebus
839 2342 951 2376 habent,
982 2344 1042 2378 opi-

252 2387 336 2414 nione
347 2386 493 2414 desistant.
508 2385 694 2420 Quamobrem
710 2394 805 2414 eorum
828 2396 943 2415 munere
963 2397 1041 2416 mens

253 2439 348 2461 nostra
364 2432 505 2468 fungatur,
517 2440 623 2468 nosque
638 2438 821 2461 commoneat.
838 2434 878 2461 Ab
894 2434 962 2468 ipsis
979 2442 1042 2461 cor-

254 2480 378 2515 poribus,
392 2480 484 2515 quoad
500 2479 557 2507 ﬁeri
572 2484 672 2515 potest,
692 2480 860 2515 cogitatione
880 2486 962 2516 atque
981 2482 1040 2508 ani-

254 2533 299 2553 mo
318 2525 491 2558 recedamus,
505 2529 692 2561 exuentesque
703 2533 754 2553 nos
770 2533 802 2553 ea
818 2525 972 2559 affectione,
988 2535 1042 2562 qua

254 2578 365 2599 carnem
378 2572 597 2607 complectimur,
623 2572 662 2599 ita
679 2579 731 2599 nos
751 2572 803 2607 ipsi
826 2573 1041 2607 compellemus:

254 2618 277 2646 0
293 2619 385 2650 homo,
403 2619 451 2654 qui
469 2624 576 2646 natura:
593 2618 731 2654 particeps
750 2626 792 2651 es,
808 2618 1041 2655 quemadmodum

255 2666 346 2695 Moses
358 2666 500 2702 praecepit,
517 2667 628 2694 attende
640 2666 700 2699 tibi,
715 2674 800 2694 nosce
811 2670 838 2694 te
860 2666 961 2701 ipsum,
980 2666 1042 2693 ani-

256 2721 356 2748 moque
367 2713 514 2748 diligenter
536 2713 692 2746 considera,
708 2714 820 2749 quinam
838 2720 902 2741 vere
934 2713 973 2741 sis
1003 2718 1042 2744 tu,

255 2761 284 2785 et
305 2765 366 2792 quae
383 2759 458 2786 circa
470 2762 498 2786 te
515 2758 675 2791 videantur,
690 2765 725 2786 ne
741 2757 852 2793 quando
863 2777 871 2789 .
891 2765 953 2793 quae
966 2761 1044 2785 extra

258 2805 285 2828 te
294 2806 370 2834 sunt.
391 2802 537 2837 aspiciens.
552 2807 632 2839 putes
651 2807 678 2832 te
697 2802 787 2838 ipsum
805 2803 915 2831 intueri.
934 2801 1013 2830 Disce
1030 2809 1044 2829 a

299 2890 306 2905 ¹
321 2890 417 2918 Matth.
436 2899 462 2924 v,
479 2892 505 2919 8.

1091 2298 1137 2323 τὸν
1154 2296 1207 2329 ἔξω
1221 2296 1275 2322 τῶν
1291 2294 1424 2329 σωμάτων
1439 2293 1472 2328 τῇ
1489 2291 1592 2326 διανοίᾳ
1604 2290 1753 2325 γενόμενοι,
1773 2288 1827 2314 καὶ
1841 2289 1890 2323 τῆς

1093 2331 1161 2378 πρὸς
1177 2341 1226 2377 τὴν
1248 2340 1314 2375 ὕλην
1330 2338 1517 2375 προσπαθείας
1537 2336 1586 2372 τὴν
1598 2335 1689 2371 ψυχὴν
1703 2334 1889 2368 ἀποστήσαν-

1092 2397 1154 2421 τες,
1172 2387 1212 2414 ὃτι
1228 2385 1264 2413 Ὦ
1277 2386 1418 2422 ἄνθρωπε,
1441 2384 1496 2415 πᾶς
1518 2383 1532 2409 δ
1554 2382 1675 2418 μετέχων
1692 2380 1741 2414 τῆς
1764 2379 1886 2413 φύσεως.

1093 2434 1210 2469 πρόσεχε
1224 2431 1341 2466 σεαυτῷ,
1357 2430 1428 2457 κατά
1439 2429 1470 2455 τδ
1483 2427 1620 2458 Μωῡσέως
1633 2424 1830 2461 παράγγελμα,
1842 2423 1889 2449 καὶ

1094 2481 1178 2515 γνῶθι
1196 2479 1309 2506 σεαυτὸν
1330 2476 1462 2513 ἀκρισώς,
1478 2475 1520 2506 τίς
1534 2472 1570 2505 εἶ,
1585 2471 1738 2502 διαστείλας
1754 2470 1799 2506 τῷ
1816 2470 1890 2502 λογι-

1095 2526 1166 2563 σμῷ,
1179 2526 1206 2552 τί
1222 2526 1270 2560 μὲν
1285 2523 1391 2559 ἀληθῶς
1403 2519 1428 2548 εῐ
1447 2522 1480 2548 σὺ
1490 2540 1498 2554 ,
1513 2520 1539 2547 τί
1554 2519 1582 2546 δὲ
1597 2518 1661 2554 περὶ
1679 2517 1709 2543 σὲ
1724 2516 1892 2563 καθορᾶται-

1096 2562 1201 2609 μῆποτε
1222 2571 1256 2598 τὰ
1273 2570 1325 2602 ἔξω
1348 2569 1394 2596 σοῦ
1416 2567 1532 2604 βλέπων,
1548 2565 1659 2592 σεαυτὸν
1674 2563 1797 2609 καθορᾷν
1814 2562 1897 2596 νομε-

1095 2608 1161 2657 σῇς·
1187 2617 1254 2654 μάθε
1274 2615 1350 2651 παρὰ
1365 2614 1413 2641 τοῦ
1432 2612 1549 2649 μεγάλου
1568 2610 1675 2638 Παύλου
1694 2609 1743 2636 τοῦ
1757 2608 1793 2657 8v.“
1805 2609 1900 2657 ἀκρι-

1095 2654 1171 2698 σείας
1194 2662 1399 2698 ἐπεσκεμμένον
1421 2660 1471 2696 τὴν
1493 2659 1583 2694 φύσιν,
1601 2659 1631 2688 ὅς
1659 2665 1745 2692 φησι,
1769 2654 1815 2681 τδν
1836 2654 1901 2688 μὲν

1095 2711 1193 2744 ἔξωθεν
1203 2709 1282 2745 ἡμῶν
1291 2706 1360 2734 εἶναι
1372 2705 1525 2741 ἄνθρωπον,
1534 2704 1579 2730 τὸν
1593 2703 1622 2730 δὲ
1633 2701 1747 2747 έσωθεν,
1756 2699 1902 2747 κάκεῖνοι)

1096 2755 1272 2791 φθειρομένου
1295 2753 1390 2780 τοῦτον
1413 2745 1644 2782 ἁνακαινίζεσθαιέ
1669 2746 1716 2782 Μὴ
1734 2745 1824 2791 τοίνυν
1843 2745 1905 2772 τὸν

1097 2790 1275 2836 ᾡθειρόμενον
1291 2798 1406 2834 βλέπων,
1419 2795 1531 2823 σεαυτὸν
1544 2793 1639 2830 οἰηθῇς
1651 2792 1768 2828 βλέπειν.
1787 2790 1905 2818 Ἔσται
