  <div class='ocr_page' id='page_1' title='image "/cluster/home/n/w/nwhite01/storage/ocr_20150623/46/hvd.32044054112198/270.png"; bbox 0 0 3896 6204; ppageno 0'>
   <div class='ocr_carea' id='block_1_1' title="bbox 202 325 294 384">
    <p class='ocr_par' dir='ltr' id='par_1_1' title="bbox 202 325 294 384">
     <span class='ocr_line' id='line_1_1' title="bbox 202 325 294 384; baseline 0 0"><span class='ocrx_word' id='word_1_1' title='bbox 202 325 294 384; x_wconf 74' lang='grc'><strong>609</strong></span> 
     </span>
    </p>
   </div>
   <div class='ocr_carea' id='block_1_2' title="bbox 1582 319 2068 379">
    <p class='ocr_par' dir='ltr' id='par_1_2' title="bbox 1582 319 2068 379">
     <span class='ocr_line' id='line_1_2' title="bbox 1582 319 2068 379; baseline 0.006 -3"><span class='ocrx_word' id='word_1_2' title='bbox 1582 321 1672 378; x_wconf 88' lang='lat' dir='ltr'><strong>DE</strong></span> <span class='ocrx_word' id='word_1_3' title='bbox 1735 319 2068 379; x_wconf 66' lang='lat' dir='ltr'><strong>MORTUIS.</strong></span> 
     </span>
    </p>
   </div>
   <div class='ocr_carea' id='block_1_3' title="bbox 3364 321 3468 380">
    <p class='ocr_par' dir='ltr' id='par_1_3' title="bbox 3364 321 3468 380">
     <span class='ocr_line' id='line_1_3' title="bbox 3364 321 3468 380; baseline 0.019 -2"><span class='ocrx_word' id='word_1_4' title='bbox 3364 321 3468 380; x_wconf 80' lang='grc'><strong>510</strong></span> 
     </span>
    </p>
   </div>
   <div class='ocr_carea' id='block_1_4' title="bbox 197 431 1772 515">
    <p class='ocr_par' dir='ltr' id='par_1_4' title="bbox 197 433 1772 515">
     <span class='ocr_line' id='line_1_4' title="bbox 197 433 1772 515; baseline -0.001 -22"><span class='ocrx_word' id='word_1_5' title='bbox 197 445 280 515; x_wconf 72' lang='grc' dir='ltr'>μὲν</span> <span class='ocrx_word' id='word_1_6' title='bbox 301 438 418 509; x_wconf 84' lang='grc' dir='ltr'><strong>γάρ</strong></span> <span class='ocrx_word' id='word_1_7' title='bbox 451 453 582 491; x_wconf 80' lang='grc' dir='ltr'>ποτε</span> <span class='ocrx_word' id='word_1_8' title='bbox 610 435 832 490; x_wconf 79' lang='grc' dir='ltr'>κάκεῖνο</span> <span class='ocrx_word' id='word_1_9' title='bbox 860 433 1070 508; x_wconf 76' lang='grc' dir='ltr'>φθορᾶς</span> <span class='ocrx_word' id='word_1_10' title='bbox 1094 435 1384 510; x_wconf 48' lang='grc' dir='ltr'>»ἐλεύθερον</span> <span class='ocrx_word' id='word_1_11' title='bbox 1405 476 1423 503; x_wconf 94' lang='grc'><strong>,</strong></span> <span class='ocrx_word' id='word_1_12' title='bbox 1445 436 1576 492; x_wconf 76' lang='grc' dir='ltr'>ὅταν</span> <span class='ocrx_word' id='word_1_13' title='bbox 1619 439 1680 493; x_wconf 81' lang='grc' dir='ltr'>ὲν</span> <span class='ocrx_word' id='word_1_14' title='bbox 1706 439 1772 510; x_wconf 73' lang='grc' dir='ltr'>’τῇ</span> 
     </span>
    </p>
   </div>
   <div class='ocr_carea' id='block_1_5' title="bbox 1873 431 3472 515">
    <p class='ocr_par' dir='ltr' id='par_1_5' title="bbox 1879 431 3472 508">
     <span class='ocr_line' id='line_1_5' title="bbox 1879 431 3472 508; baseline -0.001 -16"><span class='ocrx_word' id='word_1_15' title='bbox 1879 451 2079 508; x_wconf 84' lang='lat' dir='ltr'><strong>magno</strong></span> <span class='ocrx_word' id='word_1_16' title='bbox 2135 433 2325 501; x_wconf 88' lang='lat' dir='ltr'><strong>Paulo,</strong></span> <span class='ocrx_word' id='word_1_17' title='bbox 2345 433 2440 504; x_wconf 91' lang='lat' dir='ltr'><strong>qui</strong></span> <span class='ocrx_word' id='word_1_18' title='bbox 2478 439 2734 489; x_wconf 84' lang='lat' dir='ltr'><strong>naturam</strong></span> <span class='ocrx_word' id='word_1_19' title='bbox 2766 431 3008 490; x_wconf 79' lang='lat' dir='ltr'><strong>hominis</strong></span> <span class='ocrx_word' id='word_1_20' title='bbox 3039 433 3203 505; x_wconf 85' lang='lat' dir='ltr'><strong>plane</strong></span> <span class='ocrx_word' id='word_1_21' title='bbox 3247 449 3472 507; x_wconf 82' lang='lat' dir='ltr'><strong>perspe-</strong></span> 
     </span>
    </p>
   </div>
   <div class='ocr_carea' id='block_1_6' title="bbox 193 526 1778 599">
    <p class='ocr_par' dir='ltr' id='par_1_6' title="bbox 193 526 1778 599">
     <span class='ocr_line' id='line_1_6' title="bbox 193 526 1778 599; baseline -0.002 -13"><span class='ocrx_word' id='word_1_22' title='bbox 193 527 576 599; x_wconf 71' lang='grc' dir='ltr'>παλιγγενεσία</span> <span class='ocrx_word' id='word_1_23' title='bbox 600 527 660 580; x_wconf 84' lang='grc' dir='ltr'>τὸ</span> <span class='ocrx_word' id='word_1_24' title='bbox 684 526 876 597; x_wconf 84' lang='grc' dir='ltr'>θνητόν</span> <span class='ocrx_word' id='word_1_25' title='bbox 893 544 954 581; x_wconf 87' lang='grc' dir='ltr'><strong>τε</strong></span> <span class='ocrx_word' id='word_1_26' title='bbox 977 529 1070 582; x_wconf 71' lang='grc' dir='ltr'>καὶ</span> <span class='ocrx_word' id='word_1_27' title='bbox 1090 527 1400 582; x_wconf 73' lang='grc' dir='ltr'><strong>εὐδιάλυτον</strong></span> <span class='ocrx_word' id='word_1_28' title='bbox 1434 544 1778 599; x_wconf 83' lang='grc' dir='ltr'>μετασκευα-</span> 
     </span>
    </p>
   </div>
   <div class='ocr_carea' id='block_1_7' title="bbox 187 617 1778 692">
    <p class='ocr_par' dir='ltr' id='par_1_7' title="bbox 187 617 1778 692">
     <span class='ocr_line' id='line_1_7' title="bbox 187 617 1778 692; baseline -0.003 -15"><span class='ocrx_word' id='word_1_29' title='bbox 187 621 278 692; x_wconf 70' lang='grc' dir='ltr'>σθῇ</span> <span class='ocrx_word' id='word_1_30' title='bbox 308 620 460 692; x_wconf 75' lang='grc' dir='ltr'>πρὸς</span> <span class='ocrx_word' id='word_1_31' title='bbox 485 618 545 672; x_wconf 83' lang='grc' dir='ltr'>τὸ</span> <span class='ocrx_word' id='word_1_32' title='bbox 573 617 843 672; x_wconf 80' lang='grc' dir='ltr'>ἀθάνατόν</span> <span class='ocrx_word' id='word_1_33' title='bbox 871 635 931 670; x_wconf 89' lang='grc' dir='ltr'><strong>τε</strong></span> <span class='ocrx_word' id='word_1_34' title='bbox 962 621 1058 672; x_wconf 80' lang='grc' dir='ltr'>καὶ</span> <span class='ocrx_word' id='word_1_35' title='bbox 1083 618 1386 674; x_wconf 86' lang='grc' dir='ltr'>ἀδιάλυτον.</span> <span class='ocrx_word' id='word_1_36' title='bbox 1428 620 1592 674; x_wconf 86' lang='grc' dir='ltr'>Ἀλλά</span> <span class='ocrx_word' id='word_1_37' title='bbox 1615 620 1676 674; x_wconf 83' lang='grc' dir='ltr'><strong>τό</strong></span> <span class='ocrx_word' id='word_1_38' title='bbox 1711 636 1778 688; x_wconf 87' lang='grc' dir='ltr'><strong>γε</strong></span> 
     </span>
    </p>
   </div>
   <div class='ocr_carea' id='block_1_8' title="bbox 186 705 1781 780">
    <p class='ocr_par' dir='ltr' id='par_1_8' title="bbox 186 705 1781 780">
     <span class='ocr_line' id='line_1_8' title="bbox 186 705 1781 780; baseline 0.001 -17"><span class='ocrx_word' id='word_1_39' title='bbox 186 711 269 765; x_wconf 77' lang='grc' dir='ltr'>νῦν</span> <span class='ocrx_word' id='word_1_40' title='bbox 299 709 423 780; x_wconf 79' lang='grc' dir='ltr'>ῥέει</span> <span class='ocrx_word' id='word_1_41' title='bbox 449 708 542 761; x_wconf 85' lang='grc' dir='ltr'>καὶ</span> <span class='ocrx_word' id='word_1_42' title='bbox 569 705 853 760; x_wconf 81' lang='grc' dir='ltr'><strong>διαπίπτει</strong></span> <span class='ocrx_word' id='word_1_43' title='bbox 881 707 976 759; x_wconf 74' lang='grc' dir='ltr'>καὶ</span> <span class='ocrx_word' id='word_1_44' title='bbox 1003 707 1288 778; x_wconf 80' lang='grc' dir='ltr'>φθείρεται</span> <span class='ocrx_word' id='word_1_45' title='bbox 1312 708 1372 763; x_wconf 83' lang='grc' dir='ltr'>τὸ</span> <span class='ocrx_word' id='word_1_46' title='bbox 1396 707 1595 776; x_wconf 80' lang='grc' dir='ltr'>ἔξωθεν</span> <span class='ocrx_word' id='word_1_47' title='bbox 1623 710 1781 780; x_wconf 79' lang='grc' dir='ltr'>ἡμῶν</span> 
     </span>
    </p>
   </div>
   <div class='ocr_carea' id='block_1_9' title="bbox 179 797 1775 872">
    <p class='ocr_par' dir='ltr' id='par_1_9' title="bbox 179 797 1775 872">
     <span class='ocr_line' id='line_1_9' title="bbox 179 797 1775 872; baseline -0.003 -16"><span class='ocrx_word' id='word_1_48' title='bbox 179 800 631 872; x_wconf 75' lang='grc' dir='ltr'><strong>προφαινόμενον.</strong></span> <span class='ocrx_word' id='word_1_49' title='bbox 673 798 884 852; x_wconf 77' lang='grc' dir='ltr'>Οὐκοῦν</span> <span class='ocrx_word' id='word_1_50' title='bbox 915 799 977 852; x_wconf 84' lang='grc' dir='ltr'>οὐ</span> <span class='ocrx_word' id='word_1_51' title='bbox 1013 799 1151 870; x_wconf 80' lang='grc' dir='ltr'>πρὸς</span> <span class='ocrx_word' id='word_1_52' title='bbox 1181 797 1340 853; x_wconf 80' lang='grc' dir='ltr'>τοῦτο</span> <span class='ocrx_word' id='word_1_53' title='bbox 1372 799 1478 871; x_wconf 78' lang='grc' dir='ltr'><strong>χρὴ</strong></span> <span class='ocrx_word' id='word_1_54' title='bbox 1521 799 1737 870; x_wconf 80' lang='grc' dir='ltr'><strong>βλέπειν</strong></span> <span class='ocrx_word' id='word_1_55' title='bbox 1759 839 1775 866; x_wconf 92' lang='grc'><strong>,</strong></span> 
     </span>
    </p>
   </div>
   <div class='ocr_carea' id='block_1_10' title="bbox 176 889 1776 962">
    <p class='ocr_par' dir='ltr' id='par_1_10' title="bbox 176 889 1776 962">
     <span class='ocr_line' id='line_1_10' title="bbox 176 889 1776 962; baseline 0.001 -16"><span class='ocrx_word' id='word_1_56' title='bbox 176 895 252 946; x_wconf 84' lang='grc' dir='ltr'><strong>ὅτι</strong></span> <span class='ocrx_word' id='word_1_57' title='bbox 277 891 423 962; x_wconf 81' lang='grc' dir='ltr'>μηδὲ</span> <span class='ocrx_word' id='word_1_58' title='bbox 445 891 580 962; x_wconf 79' lang='grc' dir='ltr'>πρὸς</span> <span class='ocrx_word' id='word_1_59' title='bbox 607 889 736 944; x_wconf 74' lang='grc' dir='ltr'>ἄλλο</span> <span class='ocrx_word' id='word_1_60' title='bbox 759 907 812 942; x_wconf 91' lang='grc' dir='ltr'><strong>τι</strong></span> <span class='ocrx_word' id='word_1_61' title='bbox 836 890 1105 960; x_wconf 82' lang='grc' dir='ltr'>προσήκει</span> <span class='ocrx_word' id='word_1_62' title='bbox 1124 890 1234 944; x_wconf 85' lang='grc' dir='ltr'><strong>τῶν</strong></span> <span class='ocrx_word' id='word_1_63' title='bbox 1256 889 1600 961; x_wconf 83' lang='grc' dir='ltr'><strong>βλεπομένων</strong></span> <span class='ocrx_word' id='word_1_64' title='bbox 1623 891 1776 962; x_wconf 78' lang='grc' dir='ltr'>ὁρᾷν.</span> 
     </span>
    </p>
   </div>
   <div class='ocr_carea' id='block_1_11' title="bbox 169 981 1778 1054">
    <p class='ocr_par' dir='ltr' id='par_1_11' title="bbox 169 981 1778 1054">
     <span class='ocr_line' id='line_1_11' title="bbox 169 981 1778 1054; baseline -0.002 -15"><span class='ocrx_word' id='word_1_65' title='bbox 169 984 369 1048; x_wconf 80' lang='grc' dir='ltr'>Οὕτως</span> <span class='ocrx_word' id='word_1_66' title='bbox 418 983 668 1046; x_wconf 75' lang='grc' dir='ltr'>εἰπόντος</span> <span class='ocrx_word' id='word_1_67' title='bbox 719 981 812 1034; x_wconf 81' lang='grc' dir='ltr'><strong>τοῦ</strong></span> <span class='ocrx_word' id='word_1_68' title='bbox 860 982 1073 1036; x_wconf 82' lang='grc' dir='ltr'>Παύλου</span> <span class='ocrx_word' id='word_1_69' title='bbox 1101 1023 1115 1046; x_wconf 92' lang='grc'><strong>,</strong></span> <span class='ocrx_word' id='word_1_70' title='bbox 1167 983 1250 1037; x_wconf 81' lang='grc' dir='ltr'>ὅτι</span> <span class='ocrx_word' id='word_1_71' title='bbox 1309 983 1383 1054; x_wconf 83' lang='grc' dir='ltr'>μὴ</span> <span class='ocrx_word' id='word_1_72' title='bbox 1434 982 1778 1036; x_wconf 74' lang='grc' dir='ltr'>σκοπούντων</span> 
     </span>
    </p>
   </div>
   <div class='ocr_carea' id='block_1_12' title="bbox 176 1072 1774 1146">
    <p class='ocr_par' dir='ltr' id='par_1_12' title="bbox 176 1072 1774 1146">
     <span class='ocr_line' id='line_1_12' title="bbox 176 1072 1774 1146; baseline 0.001 -19"><span class='ocrx_word' id='word_1_73' title='bbox 176 1075 340 1145; x_wconf 73' lang='grc' dir='ltr'>ἡμῶν</span> <span class='ocrx_word' id='word_1_74' title='bbox 377 1073 446 1127; x_wconf 80' lang='grc' dir='ltr'><strong>τὰ</strong></span> <span class='ocrx_word' id='word_1_75' title='bbox 480 1073 793 1144; x_wconf 79' lang='grc' dir='ltr'>βλεπόμενα</span> <span class='ocrx_word' id='word_1_76' title='bbox 815 1089 828 1102; x_wconf 73' lang='grc'><strong><em>⁸</em></strong></span> <span class='ocrx_word' id='word_1_77' title='bbox 862 1073 930 1126; x_wconf 84' lang='grc' dir='ltr'>τὰ</span> <span class='ocrx_word' id='word_1_78' title='bbox 965 1073 1075 1144; x_wconf 78' lang='grc' dir='ltr'><strong>γάρ</strong></span> <span class='ocrx_word' id='word_1_79' title='bbox 1110 1072 1420 1144; x_wconf 84' lang='grc' dir='ltr'>βλεπόμενα</span> <span class='ocrx_word' id='word_1_80' title='bbox 1446 1075 1774 1146; x_wconf 86' lang='grc' dir='ltr'>πρόσκαιρα,</span> 
     </span>
    </p>
   </div>
   <div class='ocr_carea' id='block_1_13' title="bbox 175 1163 1778 1241">
    <p class='ocr_par' dir='ltr' id='par_1_13' title="bbox 175 1163 1778 1241">
     <span class='ocr_line' id='line_1_13' title="bbox 175 1163 1778 1241; baseline 0.002 -22"><span class='ocrx_word' id='word_1_81' title='bbox 175 1166 244 1219; x_wconf 68' lang='grc' dir='ltr'>τὰ</span> <span class='ocrx_word' id='word_1_82' title='bbox 270 1166 333 1219; x_wconf 76' lang='grc' dir='ltr'>δὲ</span> <span class='ocrx_word' id='word_1_83' title='bbox 377 1164 454 1236; x_wconf 83' lang='grc' dir='ltr'>μὴ</span> <span class='ocrx_word' id='word_1_84' title='bbox 494 1164 804 1235; x_wconf 83' lang='grc' dir='ltr'>βλεπόμενα</span> <span class='ocrx_word' id='word_1_85' title='bbox 845 1163 1066 1219; x_wconf 81' lang='grc' dir='ltr'>αίὼνια’</span> <span class='ocrx_word' id='word_1_86' title='bbox 1113 1165 1226 1220; x_wconf 84' lang='grc' dir='ltr'>ἀλλ’</span> <span class='ocrx_word' id='word_1_87' title='bbox 1258 1167 1353 1220; x_wconf 78' lang='grc' dir='ltr'><strong>ἐπὶ</strong></span> <span class='ocrx_word' id='word_1_88' title='bbox 1387 1167 1499 1221; x_wconf 86' lang='grc' dir='ltr'><strong>τῶν</strong></span> <span class='ocrx_word' id='word_1_89' title='bbox 1530 1168 1778 1241; x_wconf 80' lang='grc' dir='ltr'><strong>ἀοράτων</strong></span> 
     </span>
    </p>
   </div>
   <div class='ocr_carea' id='block_1_14' title="bbox 177 1255 1776 1327">
    <p class='ocr_par' dir='ltr' id='par_1_14' title="bbox 177 1255 1776 1327">
     <span class='ocr_line' id='line_1_14' title="bbox 177 1255 1776 1327; baseline 0.001 -17"><span class='ocrx_word' id='word_1_90' title='bbox 177 1258 234 1310; x_wconf 76' lang='grc' dir='ltr'>ἐν</span> <span class='ocrx_word' id='word_1_91' title='bbox 281 1258 417 1326; x_wconf 75' lang='grc' dir='ltr'>ἡμῖν</span> <span class='ocrx_word' id='word_1_92' title='bbox 463 1255 778 1326; x_wconf 60' lang='grc' dir='ltr'>τρέψαντας</span> <span class='ocrx_word' id='word_1_93' title='bbox 819 1255 916 1326; x_wconf 78' lang='grc' dir='ltr'>τὴν</span> <span class='ocrx_word' id='word_1_94' title='bbox 966 1255 1221 1327; x_wconf 77' lang='grc' dir='ltr'>Θεωρίαν,</span> <span class='ocrx_word' id='word_1_95' title='bbox 1275 1259 1453 1311; x_wconf 77' lang='grc' dir='ltr'>ἐκεῖνο</span> <span class='ocrx_word' id='word_1_96' title='bbox 1501 1257 1776 1312; x_wconf 84' lang='grc' dir='ltr'>πιστεύειν</span> 
     </span>
    </p>
   </div>
   <div class='ocr_carea' id='block_1_15' title="bbox 177 1341 1770 1420">
    <p class='ocr_par' dir='ltr' id='par_1_15' title="bbox 177 1341 1770 1420">
     <span class='ocr_line' id='line_1_15' title="bbox 177 1341 1770 1420; baseline 0.003 -21"><span class='ocrx_word' id='word_1_97' title='bbox 177 1346 398 1416; x_wconf 66' lang='grc' dir='ltr'>ἀληθῶς</span> <span class='ocrx_word' id='word_1_98' title='bbox 426 1341 569 1400; x_wconf 75' lang='grc' dir='ltr'>εἶναι</span> <span class='ocrx_word' id='word_1_99' title='bbox 595 1349 629 1418; x_wconf 76' lang='grc' dir='ltr'><strong>η</strong></span> <span class='ocrx_word' id='word_1_100' title='bbox 639 1348 768 1417; x_wconf 80' lang='grc' dir='ltr'>μᾶς,</span> <span class='ocrx_word' id='word_1_101' title='bbox 789 1345 1229 1420; x_wconf 80' lang='grc' dir='ltr'>ὃδιαφεύγειτὴν</span> <span class='ocrx_word' id='word_1_102' title='bbox 1255 1348 1578 1420; x_wconf 84' lang='grc' dir='ltr'>αἰσθητικὴν</span> <span class='ocrx_word' id='word_1_103' title='bbox 1603 1367 1770 1404; x_wconf 88' lang='grc' dir='ltr'>κατα-</span> 
     </span>
    </p>
   </div>
   <div class='ocr_carea' id='block_1_16' title="bbox 178 1437 386 1508">
    <p class='ocr_par' dir='ltr' id='par_1_16' title="bbox 178 1437 386 1508">
     <span class='ocr_line' id='line_1_16' title="bbox 178 1437 386 1508; baseline 0.024 -18"><span class='ocrx_word' id='word_1_104' title='bbox 178 1437 386 1508; x_wconf 83' lang='grc' dir='ltr'>νόησιν.</span> 
     </span>
    </p>
   </div>
   <div class='ocr_carea' id='block_1_17' title="bbox 1873 523 3471 596">
    <p class='ocr_par' dir='ltr' id='par_1_17' title="bbox 1873 523 3471 596">
     <span class='ocr_line' id='line_1_17' title="bbox 1873 523 3471 596; baseline 0 -15"><span class='ocrx_word' id='word_1_105' title='bbox 1873 535 2017 582; x_wconf 91' lang='lat' dir='ltr'><strong>ctam</strong></span> <span class='ocrx_word' id='word_1_106' title='bbox 2049 533 2101 582; x_wconf 88' lang='lat' dir='ltr'><strong>et</strong></span> <span class='ocrx_word' id='word_1_107' title='bbox 2127 525 2402 596; x_wconf 76' lang='lat' dir='ltr'><strong>cognitam</strong></span> <span class='ocrx_word' id='word_1_108' title='bbox 2431 523 2690 581; x_wconf 82' lang='lat' dir='ltr'><strong>habebat.</strong></span> <span class='ocrx_word' id='word_1_109' title='bbox 2755 523 2846 578; x_wconf 79' lang='lat' dir='ltr'><strong>Ait</strong></span> <span class='ocrx_word' id='word_1_110' title='bbox 2885 523 3057 592; x_wconf 89' lang='lat' dir='ltr'><strong>enim,</strong></span> <span class='ocrx_word' id='word_1_111' title='bbox 3085 540 3254 579; x_wconf 91' lang='lat' dir='ltr'><strong>unum</strong></span> <span class='ocrx_word' id='word_1_112' title='bbox 3286 526 3471 581; x_wconf 88' lang='lat' dir='ltr'><strong>homi-</strong></span> 
     </span>
    </p>
   </div>
   <div class='ocr_carea' id='block_1_18' title="bbox 1874 615 3472 686">
    <p class='ocr_par' dir='ltr' id='par_1_18' title="bbox 1874 615 3472 686">
     <span class='ocr_line' id='line_1_18' title="bbox 1874 615 3472 686; baseline -0.001 -12"><span class='ocrx_word' id='word_1_113' title='bbox 1874 634 1999 674; x_wconf 87' lang='lat' dir='ltr'><strong>nem</strong></span> <span class='ocrx_word' id='word_1_114' title='bbox 2019 619 2374 680; x_wconf 83' lang='lat' dir='ltr'><strong>exteriorem,</strong></span> <span class='ocrx_word' id='word_1_115' title='bbox 2418 617 2654 672; x_wconf 89' lang='lat' dir='ltr'><strong>alterum</strong></span> <span class='ocrx_word' id='word_1_116' title='bbox 2693 615 3033 680; x_wconf 84' lang='lat' dir='ltr'><strong>interiorem,</strong></span> <span class='ocrx_word' id='word_1_117' title='bbox 3075 631 3313 686; x_wconf 89' lang='lat' dir='ltr'><strong>eumque</strong></span> <span class='ocrx_word' id='word_1_118' title='bbox 3345 629 3472 672; x_wconf 93' lang='lat' dir='ltr'><strong>cor-</strong></span> 
     </span>
    </p>
   </div>
   <div class='ocr_carea' id='block_1_19' title="bbox 1875 707 3465 781">
    <p class='ocr_par' dir='ltr' id='par_1_19' title="bbox 1875 707 3465 781">
     <span class='ocr_line' id='line_1_19' title="bbox 1875 707 3465 781; baseline 0 -15"><span class='ocrx_word' id='word_1_119' title='bbox 1875 711 2074 779; x_wconf 85' lang='lat' dir='ltr'><strong>rumpi,</strong></span> <span class='ocrx_word' id='word_1_120' title='bbox 2099 711 2247 766; x_wconf 89' lang='lat' dir='ltr'><strong>hunc</strong></span> <span class='ocrx_word' id='word_1_121' title='bbox 2269 709 2524 766; x_wconf 84' lang='lat' dir='ltr'><strong>renovari</strong></span> <span class='ocrx_word' id='word_1_122' title='bbox 2547 711 2588 761; x_wconf 78' lang='grc'>³.</span> <span class='ocrx_word' id='word_1_123' title='bbox 2625 707 2806 773; x_wconf 84' lang='lat' dir='ltr'><strong>Quare</strong></span> <span class='ocrx_word' id='word_1_124' title='bbox 2835 722 2961 763; x_wconf 88' lang='lat' dir='ltr'><strong>cum</strong></span> <span class='ocrx_word' id='word_1_125' title='bbox 2998 709 3171 776; x_wconf 90' lang='lat' dir='ltr'><strong>illum,</strong></span> <span class='ocrx_word' id='word_1_126' title='bbox 3214 712 3308 781; x_wconf 90' lang='lat' dir='ltr'><strong>qui</strong></span> <span class='ocrx_word' id='word_1_127' title='bbox 3339 718 3465 766; x_wconf 87' lang='lat' dir='ltr'><strong>cor-</strong></span> 
     </span>
    </p>
   </div>
   <div class='ocr_carea' id='block_1_20' title="bbox 1874 801 3462 872">
    <p class='ocr_par' dir='ltr' id='par_1_20' title="bbox 1874 801 3462 872">
     <span class='ocr_line' id='line_1_20' title="bbox 1874 801 3462 872; baseline -0.001 -13"><span class='ocrx_word' id='word_1_128' title='bbox 1874 803 2171 872; x_wconf 86' lang='lat' dir='ltr'><strong>rumpitur,</strong></span> <span class='ocrx_word' id='word_1_129' title='bbox 2201 801 2419 865; x_wconf 88' lang='lat' dir='ltr'><strong>cernis,</strong></span> <span class='ocrx_word' id='word_1_130' title='bbox 2454 801 2692 872; x_wconf 90' lang='lat' dir='ltr'><strong>teipsum</strong></span> <span class='ocrx_word' id='word_1_131' title='bbox 2744 802 2992 872; x_wconf 83' lang='lat' dir='ltr'><strong>aspicere</strong></span> <span class='ocrx_word' id='word_1_132' title='bbox 3042 818 3111 858; x_wconf 92' lang='lat' dir='ltr'><strong>ne</strong></span> <span class='ocrx_word' id='word_1_133' title='bbox 3152 803 3462 860; x_wconf 82' lang='lat' dir='ltr'><strong>arbitreris.</strong></span> 
     </span>
    </p>
   </div>
   <div class='ocr_carea' id='block_1_21' title="bbox 1879 891 3465 965">
    <p class='ocr_par' dir='ltr' id='par_1_21' title="bbox 1879 891 3465 965">
     <span class='ocr_line' id='line_1_21' title="bbox 1879 891 3465 965; baseline 0.003 -19"><span class='ocrx_word' id='word_1_134' title='bbox 1879 891 1948 946; x_wconf 86' lang='lat' dir='ltr'><strong>Et</strong></span> <span class='ocrx_word' id='word_1_135' title='bbox 1983 893 2073 948; x_wconf 92' lang='lat' dir='ltr'><strong>ille</strong></span> <span class='ocrx_word' id='word_1_136' title='bbox 2100 893 2321 964; x_wconf 88' lang='lat' dir='ltr'><strong>quidem</strong></span> <span class='ocrx_word' id='word_1_137' title='bbox 2362 893 2661 962; x_wconf 87' lang='lat' dir='ltr'><strong>aliquando</strong></span> <span class='ocrx_word' id='word_1_138' title='bbox 2687 895 2796 950; x_wconf 89' lang='lat' dir='ltr'><strong>erit</strong></span> <span class='ocrx_word' id='word_1_139' title='bbox 2835 910 2866 949; x_wconf 92' lang='lat' dir='ltr'><strong>a</strong></span> <span class='ocrx_word' id='word_1_140' title='bbox 2906 895 3258 965; x_wconf 80' lang='lat' dir='ltr'><strong>corruptione</strong></span> <span class='ocrx_word' id='word_1_141' title='bbox 3308 896 3465 959; x_wconf 87' lang='lat' dir='ltr'><strong>liber,</strong></span> 
     </span>
    </p>
   </div>
   <div class='ocr_carea' id='block_1_22' title="bbox 1879 983 3468 1056">
    <p class='ocr_par' dir='ltr' id='par_1_22' title="bbox 1879 983 3468 1056">
     <span class='ocr_line' id='line_1_22' title="bbox 1879 983 3468 1056; baseline 0 -18"><span class='ocrx_word' id='word_1_142' title='bbox 1879 997 2005 1038; x_wconf 89' lang='lat' dir='ltr'><strong>cum</strong></span> <span class='ocrx_word' id='word_1_143' title='bbox 2052 983 2109 1038; x_wconf 87' lang='lat' dir='ltr'><strong>in</strong></span> <span class='ocrx_word' id='word_1_144' title='bbox 2162 984 2578 1056; x_wconf 86' lang='lat' dir='ltr'><strong>regeneratione</strong></span> <span class='ocrx_word' id='word_1_145' title='bbox 2615 984 2862 1039; x_wconf 84' lang='lat' dir='ltr'><strong>mortalis</strong></span> <span class='ocrx_word' id='word_1_146' title='bbox 2895 995 2963 1040; x_wconf 91' lang='lat' dir='ltr'><strong>et-</strong></span> <span class='ocrx_word' id='word_1_147' title='bbox 2997 986 3088 1056; x_wconf 89' lang='lat' dir='ltr'><strong>qui</strong></span> <span class='ocrx_word' id='word_1_148' title='bbox 3145 985 3468 1040; x_wconf 88' lang='lat' dir='ltr'><strong>dissolvitur</strong></span> 
     </span>
    </p>
   </div>
   <div class='ocr_carea' id='block_1_23' title="bbox 1876 1075 3467 1148">
    <p class='ocr_par' dir='ltr' id='par_1_23' title="bbox 1876 1075 3467 1148">
     <span class='ocr_line' id='line_1_23' title="bbox 1876 1075 3467 1148; baseline 0.002 -18"><span class='ocrx_word' id='word_1_149' title='bbox 1876 1075 2068 1141; x_wconf 90' lang='lat' dir='ltr'><strong>homo,</strong></span> <span class='ocrx_word' id='word_1_150' title='bbox 2123 1093 2250 1133; x_wconf 88' lang='lat' dir='ltr'><strong>cum</strong></span> <span class='ocrx_word' id='word_1_151' title='bbox 2325 1079 2640 1142; x_wconf 85' lang='lat' dir='ltr'><strong>immortali,</strong></span> <span class='ocrx_word' id='word_1_152' title='bbox 2701 1085 2756 1133; x_wconf 90' lang='lat' dir='ltr'><strong>et</strong></span> <span class='ocrx_word' id='word_1_153' title='bbox 2794 1078 2888 1148; x_wconf 86' lang='lat' dir='ltr'><strong>qui</strong></span> <span class='ocrx_word' id='word_1_154' title='bbox 2951 1094 3061 1132; x_wconf 92' lang='lat' dir='ltr'><strong>non</strong></span> <span class='ocrx_word' id='word_1_155' title='bbox 3122 1079 3467 1144; x_wconf 80' lang='lat' dir='ltr'><strong>dissolvitur,</strong></span> 
     </span>
    </p>
   </div>
   <div class='ocr_carea' id='block_1_24' title="bbox 1877 1167 3460 1238">
    <p class='ocr_par' dir='ltr' id='par_1_24' title="bbox 1877 1167 3460 1238">
     <span class='ocr_line' id='line_1_24' title="bbox 1877 1167 3460 1238; baseline -0.001 -16"><span class='ocrx_word' id='word_1_156' title='bbox 1877 1167 2264 1238; x_wconf 86' lang='lat' dir='ltr'><strong>conjungetur.</strong></span> <span class='ocrx_word' id='word_1_157' title='bbox 2307 1167 2464 1223; x_wconf 83' lang='lat' dir='ltr'><strong>Nunc</strong></span> <span class='ocrx_word' id='word_1_158' title='bbox 2510 1179 2690 1223; x_wconf 91' lang='lat' dir='ltr'><strong>autem</strong></span> <span class='ocrx_word' id='word_1_159' title='bbox 2731 1170 2828 1238; x_wconf 90' lang='lat' dir='ltr'><strong>qui</strong></span> <span class='ocrx_word' id='word_1_160' title='bbox 2878 1178 3035 1224; x_wconf 82' lang='lat' dir='ltr'><strong>extra</strong></span> <span class='ocrx_word' id='word_1_161' title='bbox 3075 1184 3180 1224; x_wconf 91' lang='lat' dir='ltr'><strong>nos</strong></span> <span class='ocrx_word' id='word_1_162' title='bbox 3219 1168 3460 1233; x_wconf 91' lang='lat' dir='ltr'><strong>videtur,</strong></span> 
     </span>
    </p>
   </div>
   <div class='ocr_carea' id='block_1_25' title="bbox 1876 1256 3469 1328">
    <p class='ocr_par' dir='ltr' id='par_1_25' title="bbox 1876 1256 3469 1328">
     <span class='ocr_line' id='line_1_25' title="bbox 1876 1256 3469 1328; baseline -0.001 -15"><span class='ocrx_word' id='word_1_163' title='bbox 1876 1259 2018 1320; x_wconf 83' lang='lat' dir='ltr'><strong>ﬂuit,</strong></span> <span class='ocrx_word' id='word_1_164' title='bbox 2052 1259 2315 1324; x_wconf 85' lang='lat' dir='ltr'><strong>concidit,</strong></span> <span class='ocrx_word' id='word_1_165' title='bbox 2368 1266 2533 1328; x_wconf 88' lang='lat' dir='ltr'><strong>atque</strong></span> <span class='ocrx_word' id='word_1_166' title='bbox 2573 1259 2969 1328; x_wconf 87' lang='lat' dir='ltr'><strong>corrumpitur.</strong></span> <span class='ocrx_word' id='word_1_167' title='bbox 3023 1256 3122 1312; x_wconf 82' lang='lat' dir='ltr'><strong>Hic</strong></span> <span class='ocrx_word' id='word_1_168' title='bbox 3165 1273 3296 1328; x_wconf 87' lang='lat' dir='ltr'><strong>ergo</strong></span> <span class='ocrx_word' id='word_1_169' title='bbox 3343 1273 3469 1327; x_wconf 82' lang='lat' dir='ltr'><strong>spe-</strong></span> 
     </span>
    </p>
   </div>
   <div class='ocr_carea' id='block_1_26' title="bbox 1879 1349 3467 1421">
    <p class='ocr_par' dir='ltr' id='par_1_26' title="bbox 1879 1349 3467 1421">
     <span class='ocr_line' id='line_1_26' title="bbox 1879 1349 3467 1421; baseline 0 -16"><span class='ocrx_word' id='word_1_170' title='bbox 1879 1349 2116 1406; x_wconf 89' lang='lat' dir='ltr'><strong>ctandus</strong></span> <span class='ocrx_word' id='word_1_171' title='bbox 2157 1366 2265 1406; x_wconf 92' lang='lat' dir='ltr'><strong>non</strong></span> <span class='ocrx_word' id='word_1_172' title='bbox 2305 1358 2412 1414; x_wconf 90' lang='lat' dir='ltr'><strong>est,</strong></span> <span class='ocrx_word' id='word_1_173' title='bbox 2443 1350 2666 1420; x_wconf 86' lang='lat' dir='ltr'><strong>quando</strong></span> <span class='ocrx_word' id='word_1_174' title='bbox 2710 1367 2778 1405; x_wconf 91' lang='lat' dir='ltr'><strong>ne</strong></span> <span class='ocrx_word' id='word_1_175' title='bbox 2829 1351 3038 1421; x_wconf 86' lang='lat' dir='ltr'><strong>reliqua</strong></span> <span class='ocrx_word' id='word_1_176' title='bbox 3068 1351 3309 1421; x_wconf 84' lang='lat' dir='ltr'><strong>quidem.</strong></span> <span class='ocrx_word' id='word_1_177' title='bbox 3343 1365 3467 1420; x_wconf 73' lang='lat' dir='ltr'><strong>qua:</strong></span> 
     </span>
    </p>
   </div>
   <div class='ocr_carea' id='block_1_27' title="bbox 1874 1442 3468 1511">
    <p class='ocr_par' dir='ltr' id='par_1_27' title="bbox 1874 1442 3468 1511">
     <span class='ocr_line' id='line_1_27' title="bbox 1874 1442 3468 1511; baseline -0.002 -13"><span class='ocrx_word' id='word_1_178' title='bbox 1874 1450 2198 1504; x_wconf 88' lang='lat' dir='ltr'><strong>cernuntur,</strong></span> <span class='ocrx_word' id='word_1_179' title='bbox 2231 1443 2526 1511; x_wconf 83' lang='lat' dir='ltr'><strong>spectanda</strong></span> <span class='ocrx_word' id='word_1_180' title='bbox 2562 1453 2710 1497; x_wconf 90' lang='lat' dir='ltr'><strong>sunt.</strong></span> <span class='ocrx_word' id='word_1_181' title='bbox 2737 1442 3028 1509; x_wconf 86' lang='lat' dir='ltr'><strong>Quoniam,</strong></span> <span class='ocrx_word' id='word_1_182' title='bbox 3059 1452 3118 1496; x_wconf 94' lang='lat' dir='ltr'><strong>ut</strong></span> <span class='ocrx_word' id='word_1_183' title='bbox 3152 1442 3353 1498; x_wconf 84' lang='lat' dir='ltr'><strong>Paulus</strong></span> <span class='ocrx_word' id='word_1_184' title='bbox 3385 1443 3468 1495; x_wconf 90' lang='lat' dir='ltr'><strong>in-</strong></span> 
     </span>
    </p>
   </div>
   <div class='ocr_carea' id='block_1_28' title="bbox 175 1528 3466 1605">
    <p class='ocr_par' dir='ltr' id='par_1_28' title="bbox 175 1528 3466 1605">
     <span class='ocr_line' id='line_1_28' title="bbox 175 1528 3466 1605; baseline 0.001 -25"><span class='ocrx_word' id='word_1_185' title='bbox 175 1528 315 1595; x_wconf 86' lang='lat' dir='ltr'><strong>quit,</strong></span> <span class='ocrx_word' id='word_1_186' title='bbox 362 1543 542 1599; x_wconf 87' lang='lat' dir='ltr'><strong>neque</strong></span> <span class='ocrx_word' id='word_1_187' title='bbox 590 1537 806 1599; x_wconf 85' lang='lat' dir='ltr'><strong>oportet</strong></span> <span class='ocrx_word' id='word_1_188' title='bbox 840 1530 1194 1586; x_wconf 85' lang='lat' dir='ltr'><strong>considerare</strong></span> <span class='ocrx_word' id='word_1_189' title='bbox 1245 1545 1366 1600; x_wconf 73' lang='lat' dir='ltr'><strong>quae</strong></span> <span class='ocrx_word' id='word_1_190' title='bbox 1402 1528 1692 1597; x_wconf 80' lang='lat' dir='ltr'><strong>videntur;</strong></span> <span class='ocrx_word' id='word_1_191' title='bbox 1733 1548 1857 1605; x_wconf 65' lang='lat' dir='ltr'><strong>qua:</strong></span> <span class='ocrx_word' id='word_1_192' title='bbox 1909 1533 2054 1589; x_wconf 87' lang='lat' dir='ltr'><strong>enim</strong></span> <span class='ocrx_word' id='word_1_193' title='bbox 2101 1531 2356 1588; x_wconf 89' lang='lat' dir='ltr'><strong>videntur</strong></span> <span class='ocrx_word' id='word_1_194' title='bbox 2400 1532 2734 1602; x_wconf 68' lang='lat' dir='ltr'><strong>temporaria</strong></span> <span class='ocrx_word' id='word_1_195' title='bbox 2767 1542 2916 1596; x_wconf 91' lang='lat' dir='ltr'><strong>sunt,</strong></span> <span class='ocrx_word' id='word_1_196' title='bbox 2963 1547 3086 1603; x_wconf 85' lang='lat' dir='ltr'><strong>quae</strong></span> <span class='ocrx_word' id='word_1_197' title='bbox 3128 1541 3308 1585; x_wconf 89' lang='lat' dir='ltr'><strong>autem</strong></span> <span class='ocrx_word' id='word_1_198' title='bbox 3355 1544 3466 1585; x_wconf 93' lang='lat' dir='ltr'><strong>non</strong></span> 
     </span>
    </p>
   </div>
   <div class='ocr_carea' id='block_1_29' title="bbox 175 1619 3467 1693">
    <p class='ocr_par' dir='ltr' id='par_1_29' title="bbox 175 1619 3467 1693">
     <span class='ocr_line' id='line_1_29' title="bbox 175 1619 3467 1693; baseline 0.001 -20"><span class='ocrx_word' id='word_1_199' title='bbox 175 1619 455 1683; x_wconf 80' lang='lat' dir='ltr'><strong>videntur,</strong></span> <span class='ocrx_word' id='word_1_200' title='bbox 493 1619 752 1674; x_wconf 59' lang='lat' dir='ltr'><strong>eterna’.</strong></span> <span class='ocrx_word' id='word_1_201' title='bbox 795 1621 1018 1690; x_wconf 89' lang='lat' dir='ltr'><strong>Oportet</strong></span> <span class='ocrx_word' id='word_1_202' title='bbox 1057 1629 1261 1688; x_wconf 88' lang='lat' dir='ltr'><strong>autem,</strong></span> <span class='ocrx_word' id='word_1_203' title='bbox 1287 1628 1346 1675; x_wconf 93' lang='lat' dir='ltr'><strong>ut</strong></span> <span class='ocrx_word' id='word_1_204' title='bbox 1383 1622 1768 1692; x_wconf 77' lang='lat' dir='ltr'><strong>cogitationem</strong></span> <span class='ocrx_word' id='word_1_205' title='bbox 1796 1624 1862 1678; x_wconf 93' lang='lat' dir='ltr'><strong>ad</strong></span> <span class='ocrx_word' id='word_1_206' title='bbox 1885 1639 1972 1686; x_wconf 83' lang='lat' dir='ltr'><strong>ea,</strong></span> <span class='ocrx_word' id='word_1_207' title='bbox 2005 1638 2126 1693; x_wconf 72' lang='lat' dir='ltr'><strong>qua:</strong></span> <span class='ocrx_word' id='word_1_208' title='bbox 2157 1625 2212 1678; x_wconf 92' lang='lat' dir='ltr'><strong>in</strong></span> <span class='ocrx_word' id='word_1_209' title='bbox 2241 1623 2401 1678; x_wconf 90' lang='lat' dir='ltr'><strong>nobis</strong></span> <span class='ocrx_word' id='word_1_210' title='bbox 2431 1639 2540 1677; x_wconf 88' lang='lat' dir='ltr'><strong>non</strong></span> <span class='ocrx_word' id='word_1_211' title='bbox 2572 1622 2844 1690; x_wconf 85' lang='lat' dir='ltr'><strong>videntur,</strong></span> <span class='ocrx_word' id='word_1_212' title='bbox 2874 1631 3278 1687; x_wconf 76' lang='lat' dir='ltr'><strong>convertemus,</strong></span> <span class='ocrx_word' id='word_1_213' title='bbox 3305 1622 3467 1692; x_wconf 84' lang='lat' dir='ltr'><strong>idque</strong></span> 
     </span>
    </p>
   </div>
   <div class='ocr_carea' id='block_1_30' title="bbox 178 1712 1980 1790">
    <p class='ocr_par' dir='ltr' id='par_1_30' title="bbox 178 1712 1980 1790">
     <span class='ocr_line' id='line_1_30' title="bbox 178 1712 1980 1790; baseline 0.004 -24"><span class='ocrx_word' id='word_1_214' title='bbox 178 1723 282 1768; x_wconf 90' lang='lat' dir='ltr'><strong>nos</strong></span> <span class='ocrx_word' id='word_1_215' title='bbox 321 1727 451 1767; x_wconf 76' lang='lat' dir='ltr'><strong>vero</strong></span> <span class='ocrx_word' id='word_1_216' title='bbox 482 1729 604 1768; x_wconf 84' lang='lat' dir='ltr'><strong>esse</strong></span> <span class='ocrx_word' id='word_1_217' title='bbox 632 1713 940 1778; x_wconf 87' lang='lat' dir='ltr'><strong>credamus,</strong></span> <span class='ocrx_word' id='word_1_218' title='bbox 975 1712 1119 1783; x_wconf 88' lang='lat' dir='ltr'><strong>quod</strong></span> <span class='ocrx_word' id='word_1_219' title='bbox 1149 1729 1346 1770; x_wconf 82' lang='lat' dir='ltr'><strong>sensus</strong></span> <span class='ocrx_word' id='word_1_220' title='bbox 1376 1714 1744 1784; x_wconf 83' lang='lat' dir='ltr'><strong>cognitionem</strong></span> <span class='ocrx_word' id='word_1_221' title='bbox 1771 1717 1980 1790; x_wconf 70' lang='lat' dir='ltr'><strong>effugit.</strong></span> 
     </span>
    </p>
   </div>
   <div class='ocr_carea' id='block_1_31' title="bbox 253 1806 1772 1884">
    <p class='ocr_par' dir='ltr' id='par_1_31' title="bbox 253 1806 1770 1880">
     <span class='ocr_line' id='line_1_31' title="bbox 253 1806 1770 1880; baseline 0.005 -22"><span class='ocrx_word' id='word_1_222' title='bbox 253 1807 294 1858; x_wconf 84' lang='grc' dir='ltr'><strong>Γ</strong></span> <span class='ocrx_word' id='word_1_223' title='bbox 299 1806 550 1876; x_wconf 86' lang='grc' dir='ltr'>ενὼμεθα</span> <span class='ocrx_word' id='word_1_224' title='bbox 572 1808 764 1871; x_wconf 87' lang='grc' dir='ltr'>τοίνυν,</span> <span class='ocrx_word' id='word_1_225' title='bbox 790 1808 932 1862; x_wconf 84' lang='grc' dir='ltr'>κατὰ</span> <span class='ocrx_word' id='word_1_226' title='bbox 959 1808 1050 1861; x_wconf 83' lang='grc' dir='ltr'>τὸν</span> <span class='ocrx_word' id='word_1_227' title='bbox 1077 1807 1419 1880; x_wconf 82' lang='grc' dir='ltr'>παροιμιώδη</span> <span class='ocrx_word' id='word_1_228' title='bbox 1441 1809 1618 1878; x_wconf 86' lang='grc' dir='ltr'>λόγον,</span> <span class='ocrx_word' id='word_1_229' title='bbox 1642 1811 1770 1865; x_wconf 76' lang='grc' dir='ltr'>ἑαυ-</span> 
     </span>
    </p>
   </div>
   <div class='ocr_carea' id='block_1_32' title="bbox 1873 1806 3466 1884">
    <p class='ocr_par' dir='ltr' id='par_1_32' title="bbox 1947 1809 3466 1882">
     <span class='ocr_line' id='line_1_32' title="bbox 1947 1809 3466 1882; baseline 0 -17"><span class='ocrx_word' id='word_1_230' title='bbox 1947 1809 2060 1866; x_wconf 87' lang='lat' dir='ltr'><strong>Nos</strong></span> <span class='ocrx_word' id='word_1_231' title='bbox 2110 1811 2278 1882; x_wconf 90' lang='lat' dir='ltr'><strong>igitur</strong></span> <span class='ocrx_word' id='word_1_232' title='bbox 2338 1810 2510 1880; x_wconf 90' lang='lat' dir='ltr'><strong>ipsos,</strong></span> <span class='ocrx_word' id='word_1_233' title='bbox 2577 1816 2638 1862; x_wconf 90' lang='lat' dir='ltr'><strong>ut</strong></span> <span class='ocrx_word' id='word_1_234' title='bbox 2665 1809 3014 1878; x_wconf 77' lang='lat' dir='ltr'><strong>proverbium</strong></span> <span class='ocrx_word' id='word_1_235' title='bbox 3050 1809 3228 1879; x_wconf 83' lang='lat' dir='ltr'><strong>jubet,</strong></span> <span class='ocrx_word' id='word_1_236' title='bbox 3261 1824 3466 1879; x_wconf 85' lang='lat' dir='ltr'><strong>cogno-</strong></span> 
     </span>
    </p>
   </div>
   <div class='ocr_carea' id='block_1_33' title="bbox 81 1896 1772 1973">
    <p class='ocr_par' dir='ltr' id='par_1_33' title="bbox 81 1896 1772 1973">
     <span class='ocr_line' id='line_1_33' title="bbox 81 1896 1772 1973; baseline 0.005 -24"><span class='ocrx_word' id='word_1_237' title='bbox 81 1896 91 1908; x_wconf 90' lang='grc'><em>’</em></span> <span class='ocrx_word' id='word_1_238' title='bbox 177 1897 296 1950; x_wconf 88' lang='grc' dir='ltr'><strong>τῶν</strong></span> <span class='ocrx_word' id='word_1_239' title='bbox 331 1897 620 1968; x_wconf 82' lang='grc' dir='ltr'>γνώμονες.</span> <span class='ocrx_word' id='word_1_240' title='bbox 647 1899 719 1952; x_wconf 78' lang='grc' dir='ltr'><strong>Τὸ</strong></span> <span class='ocrx_word' id='word_1_241' title='bbox 745 1899 852 1970; x_wconf 81' lang='grc' dir='ltr'><strong>γάρ</strong></span> <span class='ocrx_word' id='word_1_242' title='bbox 876 1900 1070 1953; x_wconf 75' lang='grc' dir='ltr'>ἑαυτὸν</span> <span class='ocrx_word' id='word_1_243' title='bbox 1092 1899 1316 1968; x_wconf 87' lang='grc' dir='ltr'>γνῶναι,</span> <span class='ocrx_word' id='word_1_244' title='bbox 1345 1901 1643 1973; x_wconf 77' lang='grc' dir='ltr'>καθάρσιον</span> <span class='ocrx_word' id='word_1_245' title='bbox 1663 1903 1772 1958; x_wconf 84' lang='grc' dir='ltr'><strong>τῶν</strong></span> 
     </span>
    </p>
   </div>
   <div class='ocr_carea' id='block_1_34' title="bbox 179 1989 1774 2063">
    <p class='ocr_par' dir='ltr' id='par_1_34' title="bbox 179 1989 1774 2063">
     <span class='ocr_line' id='line_1_34' title="bbox 179 1989 1774 2063; baseline 0.004 -21"><span class='ocrx_word' id='word_1_246' title='bbox 179 1990 251 2042; x_wconf 76' lang='grc' dir='ltr'>ὲκ</span> <span class='ocrx_word' id='word_1_247' title='bbox 282 1989 381 2060; x_wconf 81' lang='grc' dir='ltr'>τῆς</span> <span class='ocrx_word' id='word_1_248' title='bbox 425 1989 645 2058; x_wconf 80' lang='grc' dir='ltr'>ἀγνοίας</span> <span class='ocrx_word' id='word_1_249' title='bbox 680 1990 1171 2063; x_wconf 79' lang='grc' dir='ltr'>πλημμελημάτων</span> <span class='ocrx_word' id='word_1_250' title='bbox 1204 1992 1434 2061; x_wconf 85' lang='grc' dir='ltr'>γίνεται.</span> <span class='ocrx_word' id='word_1_251' title='bbox 1486 1993 1624 2047; x_wconf 81' lang='grc' dir='ltr'>’Δλλ’</span> <span class='ocrx_word' id='word_1_252' title='bbox 1672 1995 1774 2048; x_wconf 83' lang='grc' dir='ltr'>οὐκ</span> 
     </span>
    </p>
   </div>
   <div class='ocr_carea' id='block_1_35' title="bbox 179 2079 1772 2157">
    <p class='ocr_par' dir='ltr' id='par_1_35' title="bbox 179 2079 1772 2157">
     <span class='ocr_line' id='line_1_35' title="bbox 179 2079 1772 2157; baseline 0.006 -26"><span class='ocrx_word' id='word_1_253' title='bbox 179 2079 300 2132; x_wconf 77' lang='grc' dir='ltr'>ἐστι</span> <span class='ocrx_word' id='word_1_254' title='bbox 317 2080 495 2151; x_wconf 72' lang='grc' dir='ltr'>ῥᾴδιον</span> <span class='ocrx_word' id='word_1_255' title='bbox 527 2082 720 2135; x_wconf 79' lang='grc' dir='ltr'>ἑαυτὸν</span> <span class='ocrx_word' id='word_1_256' title='bbox 744 2082 977 2136; x_wconf 80' lang='grc' dir='ltr'>κατιδεῖν</span> <span class='ocrx_word' id='word_1_257' title='bbox 1007 2082 1349 2153; x_wconf 84' lang='grc' dir='ltr'>βουλόμενον,</span> <span class='ocrx_word' id='word_1_258' title='bbox 1378 2085 1452 2157; x_wconf 83' lang='grc' dir='ltr'>μή</span> <span class='ocrx_word' id='word_1_259' title='bbox 1477 2102 1622 2150; x_wconf 90' lang='grc' dir='ltr'>τινος</span> <span class='ocrx_word' id='word_1_260' title='bbox 1649 2087 1772 2140; x_wconf 77' lang='grc' dir='ltr'>ἐπι-</span> 
     </span>
    </p>
   </div>
   <div class='ocr_carea' id='block_1_36' title="bbox 175 2170 1772 2250">
    <p class='ocr_par' dir='ltr' id='par_1_36' title="bbox 175 2170 1772 2250">
     <span class='ocr_line' id='line_1_36' title="bbox 175 2170 1772 2250; baseline 0.005 -26"><span class='ocrx_word' id='word_1_261' title='bbox 175 2170 328 2235; x_wconf 84' lang='grc' dir='ltr'>νοίας</span> <span class='ocrx_word' id='word_1_262' title='bbox 356 2172 578 2226; x_wconf 78' lang='grc' dir='ltr'>δυνατὸν</span> <span class='ocrx_word' id='word_1_263' title='bbox 607 2173 869 2245; x_wconf 87' lang='grc' dir='ltr'>ποιούσης</span> <span class='ocrx_word' id='word_1_264' title='bbox 893 2176 1025 2245; x_wconf 76' lang='grc' dir='ltr'>ἡμῖν</span> <span class='ocrx_word' id='word_1_265' title='bbox 1058 2174 1117 2228; x_wconf 79' lang='grc' dir='ltr'>τὸ</span> <span class='ocrx_word' id='word_1_266' title='bbox 1145 2175 1426 2229; x_wconf 88' lang='grc' dir='ltr'>ἀδύνατον.</span> <span class='ocrx_word' id='word_1_267' title='bbox 1455 2177 1634 2249; x_wconf 83' lang='grc' dir='ltr'>Ὅπερ</span> <span class='ocrx_word' id='word_1_268' title='bbox 1662 2177 1772 2250; x_wconf 84' lang='grc' dir='ltr'>γὰρ</span> 
     </span>
    </p>
   </div>
   <div class='ocr_carea' id='block_1_37' title="bbox 173 2264 1772 2340">
    <p class='ocr_par' dir='ltr' id='par_1_37' title="bbox 173 2264 1772 2340">
     <span class='ocr_line' id='line_1_37' title="bbox 173 2264 1772 2340; baseline 0.006 -24"><span class='ocrx_word' id='word_1_269' title='bbox 173 2264 267 2317; x_wconf 73' lang='grc' dir='ltr'><strong>ἐπὶ</strong></span> <span class='ocrx_word' id='word_1_270' title='bbox 301 2264 410 2317; x_wconf 90' lang='grc' dir='ltr'><strong>τῶν</strong></span> <span class='ocrx_word' id='word_1_271' title='bbox 446 2266 777 2335; x_wconf 81' lang='grc' dir='ltr'>σωματικῶν</span> <span class='ocrx_word' id='word_1_272' title='bbox 805 2266 1101 2337; x_wconf 81' lang='grc' dir='ltr'>ὀφθαλμῶν</span> <span class='ocrx_word' id='word_1_273' title='bbox 1143 2270 1176 2338; x_wconf 83' lang='grc' dir='ltr'>ἡ</span> <span class='ocrx_word' id='word_1_274' title='bbox 1219 2267 1380 2337; x_wconf 81' lang='grc' dir='ltr'>φύσις</span> <span class='ocrx_word' id='word_1_275' title='bbox 1415 2270 1692 2340; x_wconf 77' lang='grc' dir='ltr'>ἐποίησεν,</span> <span class='ocrx_word' id='word_1_276' title='bbox 1721 2273 1772 2328; x_wconf 76' lang='grc' dir='ltr'>οἳ</span> 
     </span>
    </p>
   </div>
   <div class='ocr_carea' id='block_1_38' title="bbox 172 2357 1769 2432">
    <p class='ocr_par' dir='ltr' id='par_1_38' title="bbox 172 2357 1769 2432">
     <span class='ocr_line' id='line_1_38' title="bbox 172 2357 1769 2432; baseline 0.004 -21"><span class='ocrx_word' id='word_1_277' title='bbox 172 2359 350 2411; x_wconf 83' lang='grc' dir='ltr'>πάντα</span> <span class='ocrx_word' id='word_1_278' title='bbox 380 2358 454 2411; x_wconf 74' lang='grc' dir='ltr'><strong>τά</strong></span> <span class='ocrx_word' id='word_1_279' title='bbox 485 2357 622 2413; x_wconf 68' lang='grc' dir='ltr'>ἄλλα</span> <span class='ocrx_word' id='word_1_280' title='bbox 658 2357 970 2429; x_wconf 84' lang='grc' dir='ltr'>βλέποντες,</span> <span class='ocrx_word' id='word_1_281' title='bbox 1003 2360 1214 2414; x_wconf 81' lang='grc' dir='ltr'>ἑαυτῶν</span> <span class='ocrx_word' id='word_1_282' title='bbox 1243 2360 1462 2414; x_wconf 80' lang='grc' dir='ltr'>ἀθέατοι</span> <span class='ocrx_word' id='word_1_283' title='bbox 1495 2363 1769 2432; x_wconf 83' lang='grc' dir='ltr'>μένουσιν·</span> 
     </span>
    </p>
   </div>
   <div class='ocr_carea' id='block_1_39' title="bbox 173 2448 1773 2525">
    <p class='ocr_par' dir='ltr' id='par_1_39' title="bbox 173 2448 1773 2525">
     <span class='ocr_line' id='line_1_39' title="bbox 173 2448 1773 2525; baseline 0.003 -24"><span class='ocrx_word' id='word_1_284' title='bbox 173 2449 262 2502; x_wconf 70' lang='grc' dir='ltr'>τὸν</span> <span class='ocrx_word' id='word_1_285' title='bbox 285 2448 458 2502; x_wconf 81' lang='grc' dir='ltr'>αὑτὸν</span> <span class='ocrx_word' id='word_1_286' title='bbox 487 2449 688 2520; x_wconf 84' lang='grc' dir='ltr'>τρόπον</span> <span class='ocrx_word' id='word_1_287' title='bbox 715 2451 808 2504; x_wconf 78' lang='grc' dir='ltr'>καὶ</span> <span class='ocrx_word' id='word_1_288' title='bbox 838 2451 870 2520; x_wconf 85' lang='grc' dir='ltr'><strong>ἡ</strong></span> <span class='ocrx_word' id='word_1_289' title='bbox 898 2450 1066 2522; x_wconf 73' lang='grc' dir='ltr'>ψυχὴ,</span> <span class='ocrx_word' id='word_1_290' title='bbox 1101 2451 1278 2506; x_wconf 84' lang='grc' dir='ltr'>πάντα</span> <span class='ocrx_word' id='word_1_291' title='bbox 1305 2452 1372 2506; x_wconf 76' lang='grc' dir='ltr'><strong>τά</strong></span> <span class='ocrx_word' id='word_1_292' title='bbox 1399 2451 1534 2506; x_wconf 81' lang='grc' dir='ltr'>ἄλλα</span> <span class='ocrx_word' id='word_1_293' title='bbox 1563 2452 1773 2525; x_wconf 83' lang='grc' dir='ltr'>διερευ-</span> 
     </span>
    </p>
   </div>
   <div class='ocr_carea' id='block_1_40' title="bbox 175 2541 1774 2614">
    <p class='ocr_par' dir='ltr' id='par_1_40' title="bbox 175 2541 1774 2614">
     <span class='ocr_line' id='line_1_40' title="bbox 175 2541 1774 2614; baseline 0.001 -20"><span class='ocrx_word' id='word_1_294' title='bbox 175 2541 394 2612; x_wconf 84' lang='grc' dir='ltr'>νωμένη</span> <span class='ocrx_word' id='word_1_295' title='bbox 417 2581 434 2603; x_wconf 86' lang='grc'><strong>,</strong></span> <span class='ocrx_word' id='word_1_296' title='bbox 470 2541 564 2594; x_wconf 74' lang='grc' dir='ltr'><strong>καὶ</strong></span> <span class='ocrx_word' id='word_1_297' title='bbox 597 2541 666 2594; x_wconf 79' lang='grc' dir='ltr'><strong>τά</strong></span> <span class='ocrx_word' id='word_1_298' title='bbox 715 2542 821 2606; x_wconf 79' lang='grc' dir='ltr'><strong>ἐξω</strong></span> <span class='ocrx_word' id='word_1_299' title='bbox 857 2543 1059 2611; x_wconf 80' lang='grc' dir='ltr'>εαυτῆς</span> <span class='ocrx_word' id='word_1_300' title='bbox 1097 2541 1629 2614; x_wconf 79' lang='grc' dir='ltr'>πολυπραγμονοῦσα</span> <span class='ocrx_word' id='word_1_301' title='bbox 1678 2542 1774 2597; x_wconf 71' lang='grc' dir='ltr'><strong>καὶ</strong></span> 
     </span>
    </p>
   </div>
   <div class='ocr_carea' id='block_1_41' title="bbox 171 2629 1773 2705">
    <p class='ocr_par' dir='ltr' id='par_1_41' title="bbox 171 2629 1773 2705">
     <span class='ocr_line' id='line_1_41' title="bbox 171 2629 1773 2705; baseline 0.001 -20"><span class='ocrx_word' id='word_1_302' title='bbox 171 2629 571 2704; x_wconf 65' lang='grc' dir='ltr'>ἀοιιχνεύούσα,</span> <span class='ocrx_word' id='word_1_303' title='bbox 621 2635 824 2703; x_wconf 79' lang='grc' dir='ltr'>ἑαυτὴν</span> <span class='ocrx_word' id='word_1_304' title='bbox 879 2635 1005 2687; x_wconf 74' lang='grc' dir='ltr'>ἰδεῖν</span> <span class='ocrx_word' id='word_1_305' title='bbox 1051 2633 1328 2698; x_wconf 81' lang='grc' dir='ltr'>ἀδυνάτως</span> <span class='ocrx_word' id='word_1_306' title='bbox 1377 2635 1515 2705; x_wconf 77' lang='grc' dir='ltr'>ἔχει.</span> <span class='ocrx_word' id='word_1_307' title='bbox 1563 2634 1773 2689; x_wconf 80' lang='grc' dir='ltr'>Οὐκοῦν</span> 
     </span>
    </p>
   </div>
   <div class='ocr_carea' id='block_1_42' title="bbox 175 2711 1771 2797">
    <p class='ocr_par' dir='ltr' id='par_1_42' title="bbox 175 2711 1771 2797">
     <span class='ocr_line' id='line_1_42' title="bbox 175 2711 1771 2797; baseline 0 -19"><span class='ocrx_word' id='word_1_308' title='bbox 175 2726 306 2796; x_wconf 74' lang='grc' dir='ltr'>ὅπερ</span> <span class='ocrx_word' id='word_1_309' title='bbox 337 2726 435 2779; x_wconf 73' lang='grc' dir='ltr'>ἐπὶ</span> <span class='ocrx_word' id='word_1_310' title='bbox 474 2725 585 2778; x_wconf 87' lang='grc' dir='ltr'><strong>τῶν</strong></span> <span class='ocrx_word' id='word_1_311' title='bbox 624 2725 920 2795; x_wconf 63' lang='grc' dir='ltr'>ὀφθαλμῶν</span> <span class='ocrx_word' id='word_1_312' title='bbox 948 2724 1156 2794; x_wconf 87' lang='grc' dir='ltr'>γίνεται</span> <span class='ocrx_word' id='word_1_313' title='bbox 1179 2767 1194 2792; x_wconf 94' lang='grc'><strong>,</strong></span> <span class='ocrx_word' id='word_1_314' title='bbox 1224 2725 1383 2779; x_wconf 83' lang='grc' dir='ltr'>τοῦτο</span> <span class='ocrx_word' id='word_1_315' title='bbox 1413 2727 1510 2779; x_wconf 59' lang='grc' dir='ltr'><strong>καὶ⁵</strong></span> <span class='ocrx_word' id='word_1_316' title='bbox 1624 2726 1771 2797; x_wconf 80' lang='grc' dir='ltr'>ψυχὴ</span> 
     </span>
    </p>
   </div>
   <div class='ocr_carea' id='block_1_43' title="bbox 179 2816 1773 2889">
    <p class='ocr_par' dir='ltr' id='par_1_43' title="bbox 179 2816 1773 2889">
     <span class='ocr_line' id='line_1_43' title="bbox 179 2816 1773 2889; baseline 0.002 -20"><span class='ocrx_word' id='word_1_317' title='bbox 179 2816 537 2888; x_wconf 80' lang='grc' dir='ltr'>μιμησάσθω.</span> <span class='ocrx_word' id='word_1_318' title='bbox 573 2817 684 2869; x_wconf 75' lang='grc' dir='ltr'><strong>Καὶ</strong></span> <span class='ocrx_word' id='word_1_319' title='bbox 717 2816 826 2886; x_wconf 76' lang='grc' dir='ltr'><strong>γάρ</strong></span> <span class='ocrx_word' id='word_1_320' title='bbox 851 2817 1118 2884; x_wconf 78' lang='grc' dir='ltr'>κάκεῖνοι,</span> <span class='ocrx_word' id='word_1_321' title='bbox 1148 2817 1335 2889; x_wconf 78' lang='grc' dir='ltr'>ἐπειδὴ</span> <span class='ocrx_word' id='word_1_322' title='bbox 1365 2818 1466 2872; x_wconf 83' lang='grc' dir='ltr'>οὐκ</span> <span class='ocrx_word' id='word_1_323' title='bbox 1493 2818 1640 2872; x_wconf 76' lang='grc' dir='ltr'>ἐστιν</span> <span class='ocrx_word' id='word_1_324' title='bbox 1683 2818 1773 2872; x_wconf 75' lang='grc' dir='ltr'>αύο</span> 
     </span>
    </p>
   </div>
   <div class='ocr_carea' id='block_1_44' title="bbox 179 2907 1770 2982">
    <p class='ocr_par' dir='ltr' id='par_1_44' title="bbox 179 2907 1770 2982">
     <span class='ocr_line' id='line_1_44' title="bbox 179 2907 1770 2982; baseline 0.001 -19"><span class='ocrx_word' id='word_1_325' title='bbox 179 2907 283 2972; x_wconf 79' lang='grc' dir='ltr'>τοῖς</span> <span class='ocrx_word' id='word_1_326' title='bbox 338 2911 407 2962; x_wconf 82' lang='grc' dir='ltr'>ὲκ</span> <span class='ocrx_word' id='word_1_327' title='bbox 447 2909 663 2978; x_wconf 78' lang='grc' dir='ltr'>φύσεως</span> <span class='ocrx_word' id='word_1_328' title='bbox 693 2908 925 2980; x_wconf 85' lang='grc' dir='ltr'>δύναμις</span> <span class='ocrx_word' id='word_1_329' title='bbox 971 2909 1107 2980; x_wconf 81' lang='grc' dir='ltr'>πρὸς</span> <span class='ocrx_word' id='word_1_330' title='bbox 1152 2910 1253 2980; x_wconf 80' lang='grc' dir='ltr'>τὴν</span> <span class='ocrx_word' id='word_1_331' title='bbox 1287 2910 1497 2964; x_wconf 79' lang='grc' dir='ltr'>ἑαυτῶν</span> <span class='ocrx_word' id='word_1_332' title='bbox 1534 2909 1770 2982; x_wconf 82' lang='grc' dir='ltr'>θεωρίαν</span> 
     </span>
    </p>
   </div>
   <div class='ocr_carea' id='block_1_45' title="bbox 174 2999 1774 3072">
    <p class='ocr_par' dir='ltr' id='par_1_45' title="bbox 174 2999 1774 3072">
     <span class='ocr_line' id='line_1_45' title="bbox 174 2999 1774 3072; baseline 0.003 -19"><span class='ocrx_word' id='word_1_333' title='bbox 174 3002 268 3072; x_wconf 74' lang='grc' dir='ltr'>τὴν</span> <span class='ocrx_word' id='word_1_334' title='bbox 291 2999 530 3069; x_wconf 79' lang='grc' dir='ltr'>όπτικὴν</span> <span class='ocrx_word' id='word_1_335' title='bbox 558 3001 839 3072; x_wconf 80' lang='grc' dir='ltr'>ἐνέργειαν</span> <span class='ocrx_word' id='word_1_336' title='bbox 867 3001 1201 3071; x_wconf 67' lang='grc' dir='ltr'>ἀναστρέψαι</span> <span class='ocrx_word' id='word_1_337' title='bbox 1224 3043 1238 3068; x_wconf 87' lang='grc'><strong>,</strong></span> <span class='ocrx_word' id='word_1_338' title='bbox 1263 3002 1358 3055; x_wconf 76' lang='grc' dir='ltr'>καὶ</span> <span class='ocrx_word' id='word_1_339' title='bbox 1387 3003 1614 3066; x_wconf 76' lang='grc' dir='ltr'>ἑαυτοὺς</span> <span class='ocrx_word' id='word_1_340' title='bbox 1642 3020 1774 3057; x_wconf 68' lang='grc' dir='ltr'>κατι</span> 
     </span>
    </p>
   </div>
   <div class='ocr_carea' id='block_1_46' title="bbox 181 3075 1771 3164">
    <p class='ocr_par' dir='ltr' id='par_1_46' title="bbox 181 3075 1771 3164">
     <span class='ocr_line' id='line_1_46' title="bbox 181 3075 1771 3164; baseline 0.003 -20"><span class='ocrx_word' id='word_1_341' title='bbox 181 3091 329 3158; x_wconf 79' lang='grc' dir='ltr'>ιδεῖν,</span> <span class='ocrx_word' id='word_1_342' title='bbox 359 3092 653 3162; x_wconf 86' lang='grc' dir='ltr'>κατόπτρῳ</span> <span class='ocrx_word' id='word_1_343' title='bbox 700 3092 763 3147; x_wconf 80' lang='grc' dir='ltr'>τὸ</span> <span class='ocrx_word' id='word_1_344' title='bbox 802 3087 943 3156; x_wconf 78' lang='grc' dir='ltr'>εἶδός</span> <span class='ocrx_word' id='word_1_345' title='bbox 969 3075 1030 3145; x_wconf 73' lang='grc' dir='ltr'><strong>τε</strong></span> <span class='ocrx_word' id='word_1_346' title='bbox 1064 3091 1161 3146; x_wconf 71' lang='grc' dir='ltr'>καὶ</span> <span class='ocrx_word' id='word_1_347' title='bbox 1191 3092 1254 3147; x_wconf 82' lang='grc' dir='ltr'><strong>τὺ</strong></span> <span class='ocrx_word' id='word_1_348' title='bbox 1289 3093 1478 3164; x_wconf 85' lang='grc' dir='ltr'>σχῆμα</span> <span class='ocrx_word' id='word_1_349' title='bbox 1511 3094 1608 3148; x_wconf 85' lang='grc' dir='ltr'>τοῦ</span> <span class='ocrx_word' id='word_1_350' title='bbox 1644 3095 1771 3148; x_wconf 73' lang='grc' dir='ltr'>ἰδίου</span> 
     </span>
    </p>
   </div>
   <div class='ocr_carea' id='block_1_47' title="bbox 1873 1899 3465 1971">
    <p class='ocr_par' dir='ltr' id='par_1_47' title="bbox 1873 1899 3465 1971">
     <span class='ocr_line' id='line_1_47' title="bbox 1873 1899 3465 1971; baseline -0.003 -13"><span class='ocrx_word' id='word_1_351' title='bbox 1873 1915 2117 1958; x_wconf 90' lang='lat' dir='ltr'><strong>scamus.</strong></span> <span class='ocrx_word' id='word_1_352' title='bbox 2180 1899 2296 1955; x_wconf 85' lang='lat' dir='ltr'><strong>Hac</strong></span> <span class='ocrx_word' id='word_1_353' title='bbox 2323 1900 2468 1955; x_wconf 88' lang='lat' dir='ltr'><strong>enim</strong></span> <span class='ocrx_word' id='word_1_354' title='bbox 2505 1899 2828 1971; x_wconf 75' lang='lat' dir='ltr'><strong>cognitione</strong></span> <span class='ocrx_word' id='word_1_355' title='bbox 2882 1899 3174 1970; x_wconf 81' lang='lat' dir='ltr'><strong>expiantur</strong></span> <span class='ocrx_word' id='word_1_356' title='bbox 3216 1909 3465 1970; x_wconf 87' lang='lat' dir='ltr'><strong>peccata,</strong></span> 
     </span>
    </p>
   </div>
   <div class='ocr_carea' id='block_1_48' title="bbox 1873 1990 3462 2066">
    <p class='ocr_par' dir='ltr' id='par_1_48' title="bbox 1873 1990 3462 2066">
     <span class='ocr_line' id='line_1_48' title="bbox 1873 1990 3462 2066; baseline -0.003 -16"><span class='ocrx_word' id='word_1_357' title='bbox 1873 2010 1995 2066; x_wconf 67' lang='lat' dir='ltr'><strong>quae</strong></span> <span class='ocrx_word' id='word_1_358' title='bbox 2033 1994 2102 2049; x_wconf 89' lang='lat' dir='ltr'><strong>ab</strong></span> <span class='ocrx_word' id='word_1_359' title='bbox 2125 1993 2436 2064; x_wconf 82' lang='lat' dir='ltr'><strong>ignorantia</strong></span> <span class='ocrx_word' id='word_1_360' title='bbox 2467 1991 2914 2063; x_wconf 79' lang='lat' dir='ltr'><strong>proficiscuntur.</strong></span> <span class='ocrx_word' id='word_1_361' title='bbox 2937 1992 3006 2044; x_wconf 83' lang='lat' dir='ltr'><strong>At</strong></span> <span class='ocrx_word' id='word_1_362' title='bbox 3030 2006 3140 2044; x_wconf 91' lang='lat' dir='ltr'><strong>non</strong></span> <span class='ocrx_word' id='word_1_363' title='bbox 3168 1999 3252 2046; x_wconf 89' lang='lat' dir='ltr'><strong>est</strong></span> <span class='ocrx_word' id='word_1_364' title='bbox 3278 1990 3462 2056; x_wconf 82' lang='lat' dir='ltr'><strong>facile,</strong></span> 
     </span>
    </p>
   </div>
   <div class='ocr_carea' id='block_1_49' title="bbox 1875 2071 3462 2155">
    <p class='ocr_par' dir='ltr' id='par_1_49' title="bbox 1875 2071 3462 2155">
     <span class='ocr_line' id='line_1_49' title="bbox 1875 2071 3462 2155; baseline -0.004 -12"><span class='ocrx_word' id='word_1_365' title='bbox 1875 2071 1936 2143; x_wconf 65' lang='grc' dir='ltr'><strong>αι</strong></span> <span class='ocrx_word' id='word_1_366' title='bbox 1959 2087 2126 2143; x_wconf 89' lang='lat' dir='ltr'><strong>etiam</strong></span> <span class='ocrx_word' id='word_1_367' title='bbox 2155 2086 2223 2150; x_wconf 90' lang='lat' dir='ltr'><strong>is,</strong></span> <span class='ocrx_word' id='word_1_368' title='bbox 2254 2085 2348 2155; x_wconf 89' lang='lat' dir='ltr'><strong>qui</strong></span> <span class='ocrx_word' id='word_1_369' title='bbox 2378 2099 2506 2140; x_wconf 87' lang='lat' dir='ltr'><strong>vere</strong></span> <span class='ocrx_word' id='word_1_370' title='bbox 2537 2093 2702 2154; x_wconf 92' lang='lat' dir='ltr'><strong>atque</strong></span> <span class='ocrx_word' id='word_1_371' title='bbox 2731 2097 2797 2137; x_wconf 82' lang='lat' dir='ltr'><strong>ex</strong></span> <span class='ocrx_word' id='word_1_372' title='bbox 2834 2083 3020 2137; x_wconf 90' lang='lat' dir='ltr'><strong>animo</strong></span> <span class='ocrx_word' id='word_1_373' title='bbox 3043 2083 3194 2152; x_wconf 84' lang='lat' dir='ltr'><strong>cupit</strong></span> <span class='ocrx_word' id='word_1_374' title='bbox 3219 2084 3462 2153; x_wconf 84' lang='lat' dir='ltr'><strong>scipsum</strong></span> 
     </span>
    </p>
   </div>
   <div class='ocr_carea' id='block_1_50' title="bbox 1874 2175 3464 2252">
    <p class='ocr_par' dir='ltr' id='par_1_50' title="bbox 1874 2175 3464 2252">
     <span class='ocr_line' id='line_1_50' title="bbox 1874 2175 3464 2252; baseline -0.005 -16"><span class='ocrx_word' id='word_1_375' title='bbox 1874 2193 2232 2252; x_wconf 84' lang='lat' dir='ltr'><strong>cognoscere,</strong></span> <span class='ocrx_word' id='word_1_376' title='bbox 2259 2178 2315 2233; x_wconf 91' lang='lat' dir='ltr'><strong>id</strong></span> <span class='ocrx_word' id='word_1_377' title='bbox 2342 2189 2693 2246; x_wconf 90' lang='lat' dir='ltr'><strong>assequatur.</strong></span> <span class='ocrx_word' id='word_1_378' title='bbox 2723 2175 2882 2229; x_wconf 84' lang='lat' dir='ltr'><strong>Nulla</strong></span> <span class='ocrx_word' id='word_1_379' title='bbox 2905 2175 3051 2230; x_wconf 91' lang='lat' dir='ltr'><strong>enim</strong></span> <span class='ocrx_word' id='word_1_380' title='bbox 3074 2176 3217 2230; x_wconf 85' lang='lat' dir='ltr'><strong>ratio</strong></span> <span class='ocrx_word' id='word_1_381' title='bbox 3249 2176 3464 2242; x_wconf 88' lang='lat' dir='ltr'><strong>tribuit,</strong></span> 
     </span>
    </p>
   </div>
   <div class='ocr_carea' id='block_1_51' title="bbox 1874 2265 3465 2342">
    <p class='ocr_par' dir='ltr' id='par_1_51' title="bbox 1874 2265 3465 2342">
     <span class='ocr_line' id='line_1_51' title="bbox 1874 2265 3465 2342; baseline -0.004 -15"><span class='ocrx_word' id='word_1_382' title='bbox 1874 2280 1955 2339; x_wconf 89' lang='grc' dir='ltr'>ιιι,</span> <span class='ocrx_word' id='word_1_383' title='bbox 1987 2271 2136 2342; x_wconf 92' lang='lat' dir='ltr'><strong>quod</strong></span> <span class='ocrx_word' id='word_1_384' title='bbox 2168 2269 2287 2326; x_wconf 84' lang='lat' dir='ltr'><strong>fieri</strong></span> <span class='ocrx_word' id='word_1_385' title='bbox 2322 2269 2536 2339; x_wconf 90' lang='lat' dir='ltr'><strong>nequit,</strong></span> <span class='ocrx_word' id='word_1_386' title='bbox 2579 2267 2719 2324; x_wconf 86' lang='lat' dir='ltr'><strong>eflici</strong></span> <span class='ocrx_word' id='word_1_387' title='bbox 2755 2267 2952 2337; x_wconf 87' lang='lat' dir='ltr'><strong>possit.</strong></span> <span class='ocrx_word' id='word_1_388' title='bbox 2998 2265 3136 2320; x_wconf 86' lang='lat' dir='ltr'><strong>Nam</strong></span> <span class='ocrx_word' id='word_1_389' title='bbox 3166 2267 3314 2336; x_wconf 83' lang='lat' dir='ltr'><strong>quod</strong></span> <span class='ocrx_word' id='word_1_390' title='bbox 3365 2283 3465 2321; x_wconf 84' lang='lat' dir='ltr'><strong>na-</strong></span> 
     </span>
    </p>
   </div>
   <div class='ocr_carea' id='block_1_52' title="bbox 1872 2358 3464 2432">
    <p class='ocr_par' dir='ltr' id='par_1_52' title="bbox 1872 2358 3464 2432">
     <span class='ocr_line' id='line_1_52' title="bbox 1872 2358 3464 2432; baseline -0.003 -15"><span class='ocrx_word' id='word_1_391' title='bbox 1872 2371 1995 2418; x_wconf 88' lang='lat' dir='ltr'><strong>tura</strong></span> <span class='ocrx_word' id='word_1_392' title='bbox 2029 2361 2313 2432; x_wconf 89' lang='lat' dir='ltr'><strong>corporeis</strong></span> <span class='ocrx_word' id='word_1_393' title='bbox 2347 2360 2526 2416; x_wconf 86' lang='lat' dir='ltr'><strong>oculis</strong></span> <span class='ocrx_word' id='word_1_394' title='bbox 2577 2358 2766 2413; x_wconf 87' lang='lat' dir='ltr'><strong>datum</strong></span> <span class='ocrx_word' id='word_1_395' title='bbox 2812 2366 2918 2422; x_wconf 88' lang='lat' dir='ltr'><strong>est,</strong></span> <span class='ocrx_word' id='word_1_396' title='bbox 2981 2366 3037 2412; x_wconf 91' lang='lat' dir='ltr'><strong>ut</strong></span> <span class='ocrx_word' id='word_1_397' title='bbox 3071 2372 3198 2412; x_wconf 91' lang='lat' dir='ltr'><strong>cum</strong></span> <span class='ocrx_word' id='word_1_398' title='bbox 3254 2359 3464 2428; x_wconf 89' lang='lat' dir='ltr'><strong>reliqua</strong></span> 
     </span>
    </p>
   </div>
   <div class='ocr_carea' id='block_1_53' title="bbox 1872 2449 3466 2525">
    <p class='ocr_par' dir='ltr' id='par_1_53' title="bbox 1872 2449 3466 2525">
     <span class='ocr_line' id='line_1_53' title="bbox 1872 2449 3466 2525; baseline -0.004 -16"><span class='ocrx_word' id='word_1_399' title='bbox 1872 2454 2116 2518; x_wconf 87' lang='lat' dir='ltr'><strong>videant,</strong></span> <span class='ocrx_word' id='word_1_400' title='bbox 2144 2453 2311 2525; x_wconf 89' lang='lat' dir='ltr'><strong>seipsi</strong></span> <span class='ocrx_word' id='word_1_401' title='bbox 2343 2461 2619 2523; x_wconf 83' lang='lat' dir='ltr'><strong>nequeant</strong></span> <span class='ocrx_word' id='word_1_402' title='bbox 2650 2452 2876 2515; x_wconf 88' lang='lat' dir='ltr'><strong>intueri,</strong></span> <span class='ocrx_word' id='word_1_403' title='bbox 2918 2449 3063 2506; x_wconf 90' lang='lat' dir='ltr'><strong>idem</strong></span> <span class='ocrx_word' id='word_1_404' title='bbox 3104 2450 3289 2504; x_wconf 90' lang='lat' dir='ltr'><strong>animo</strong></span> <span class='ocrx_word' id='word_1_405' title='bbox 3331 2465 3466 2504; x_wconf 86' lang='lat' dir='ltr'><strong>con-</strong></span> 
     </span>
    </p>
   </div>
   <div class='ocr_carea' id='block_1_54' title="bbox 1873 2541 3463 2618">
    <p class='ocr_par' dir='ltr' id='par_1_54' title="bbox 1873 2541 3463 2618">
     <span class='ocr_line' id='line_1_54' title="bbox 1873 2541 3463 2618; baseline -0.003 -18"><span class='ocrx_word' id='word_1_406' title='bbox 1873 2546 2057 2618; x_wconf 88' lang='lat' dir='ltr'><strong>tingit,</strong></span> <span class='ocrx_word' id='word_1_407' title='bbox 2085 2554 2166 2611; x_wconf 88' lang='lat' dir='ltr'><strong>ut,</strong></span> <span class='ocrx_word' id='word_1_408' title='bbox 2198 2560 2322 2601; x_wconf 89' lang='lat' dir='ltr'><strong>cum</strong></span> <span class='ocrx_word' id='word_1_409' title='bbox 2358 2553 2556 2599; x_wconf 70' lang='lat' dir='ltr'><strong>caetera</strong></span> <span class='ocrx_word' id='word_1_410' title='bbox 2586 2543 2774 2598; x_wconf 80' lang='lat' dir='ltr'><strong>omnia</strong></span> <span class='ocrx_word' id='word_1_411' title='bbox 2812 2541 3081 2611; x_wconf 80' lang='lat' dir='ltr'><strong>exploret,</strong></span> <span class='ocrx_word' id='word_1_412' title='bbox 3113 2549 3168 2596; x_wconf 87' lang='lat' dir='ltr'><strong>et</strong></span> <span class='ocrx_word' id='word_1_413' title='bbox 3213 2556 3338 2611; x_wconf 69' lang='lat' dir='ltr'><strong>quae</strong></span> <span class='ocrx_word' id='word_1_414' title='bbox 3365 2553 3463 2595; x_wconf 88' lang='lat' dir='ltr'><strong>ex-</strong></span> 
     </span>
    </p>
   </div>
   <div class='ocr_carea' id='block_1_55' title="bbox 1875 2633 3465 2705">
    <p class='ocr_par' dir='ltr' id='par_1_55' title="bbox 1875 2633 3465 2705">
     <span class='ocr_line' id='line_1_55' title="bbox 1875 2633 3465 2705; baseline -0.003 -12"><span class='ocrx_word' id='word_1_415' title='bbox 1875 2645 1960 2693; x_wconf 88' lang='lat' dir='ltr'><strong>tra</strong></span> <span class='ocrx_word' id='word_1_416' title='bbox 1988 2653 2048 2694; x_wconf 89' lang='lat' dir='ltr'><strong>se</strong></span> <span class='ocrx_word' id='word_1_417' title='bbox 2074 2644 2224 2702; x_wconf 86' lang='lat' dir='ltr'><strong>sunt,</strong></span> <span class='ocrx_word' id='word_1_418' title='bbox 2255 2636 2547 2705; x_wconf 84' lang='lat' dir='ltr'><strong>diligenter</strong></span> <span class='ocrx_word' id='word_1_419' title='bbox 2587 2633 2851 2704; x_wconf 88' lang='lat' dir='ltr'><strong>inquirat,</strong></span> <span class='ocrx_word' id='word_1_420' title='bbox 2904 2640 2960 2688; x_wconf 88' lang='lat' dir='ltr'><strong>et</strong></span> <span class='ocrx_word' id='word_1_421' title='bbox 3003 2633 3356 2703; x_wconf 81' lang='lat' dir='ltr'><strong>pervestiget,</strong></span> <span class='ocrx_word' id='word_1_422' title='bbox 3405 2649 3465 2690; x_wconf 86' lang='lat' dir='ltr'><strong>se</strong></span> 
     </span>
    </p>
   </div>
   <div class='ocr_carea' id='block_1_56' title="bbox 1874 2723 3464 2801">
    <p class='ocr_par' dir='ltr' id='par_1_56' title="bbox 1874 2723 3464 2801">
     <span class='ocr_line' id='line_1_56' title="bbox 1874 2723 3464 2801; baseline -0.004 -14"><span class='ocrx_word' id='word_1_423' title='bbox 1874 2731 2013 2801; x_wconf 83' lang='lat' dir='ltr'><strong>ipse</strong></span> <span class='ocrx_word' id='word_1_424' title='bbox 2040 2728 2232 2785; x_wconf 88' lang='lat' dir='ltr'><strong>videre</strong></span> <span class='ocrx_word' id='word_1_425' title='bbox 2264 2743 2375 2782; x_wconf 93' lang='lat' dir='ltr'><strong>non</strong></span> <span class='ocrx_word' id='word_1_426' title='bbox 2435 2726 2630 2797; x_wconf 88' lang='lat' dir='ltr'><strong>possit.</strong></span> <span class='ocrx_word' id='word_1_427' title='bbox 2672 2725 2860 2796; x_wconf 82' lang='lat' dir='ltr'><strong>itaque</strong></span> <span class='ocrx_word' id='word_1_428' title='bbox 2909 2724 3015 2780; x_wconf 89' lang='lat' dir='ltr'><strong>hac</strong></span> <span class='ocrx_word' id='word_1_429' title='bbox 3048 2723 3105 2778; x_wconf 88' lang='lat' dir='ltr'><strong>in</strong></span> <span class='ocrx_word' id='word_1_430' title='bbox 3161 2739 3220 2779; x_wconf 90' lang='lat' dir='ltr'><strong>re</strong></span> <span class='ocrx_word' id='word_1_431' title='bbox 3248 2724 3464 2780; x_wconf 90' lang='lat' dir='ltr'><strong>animus</strong></span> 
     </span>
    </p>
   </div>
   <div class='ocr_carea' id='block_1_57' title="bbox 1873 2816 3463 2888">
    <p class='ocr_par' dir='ltr' id='par_1_57' title="bbox 1873 2816 3463 2888">
     <span class='ocr_line' id='line_1_57' title="bbox 1873 2816 3463 2888; baseline -0.006 -10"><span class='ocrx_word' id='word_1_432' title='bbox 1873 2820 2064 2878; x_wconf 87' lang='lat' dir='ltr'><strong>oculos</strong></span> <span class='ocrx_word' id='word_1_433' title='bbox 2097 2819 2361 2884; x_wconf 89' lang='lat' dir='ltr'><strong>imitetur,</strong></span> <span class='ocrx_word' id='word_1_434' title='bbox 2397 2833 2464 2873; x_wconf 87' lang='lat' dir='ltr'><strong>ac</strong></span> <span class='ocrx_word' id='word_1_435' title='bbox 2505 2817 2968 2888; x_wconf 89' lang='lat' dir='ltr'><strong>quemadmodum</strong></span> <span class='ocrx_word' id='word_1_436' title='bbox 2999 2816 3101 2880; x_wconf 93' lang='lat' dir='ltr'><strong>illi,</strong></span> <span class='ocrx_word' id='word_1_437' title='bbox 3125 2830 3250 2870; x_wconf 89' lang='lat' dir='ltr'><strong>cum</strong></span> <span class='ocrx_word' id='word_1_438' title='bbox 3281 2830 3312 2869; x_wconf 87' lang='lat' dir='ltr'><strong>a</strong></span> <span class='ocrx_word' id='word_1_439' title='bbox 3361 2831 3463 2870; x_wconf 88' lang='lat' dir='ltr'><strong>na-</strong></span> 
     </span>
    </p>
   </div>
   <div class='ocr_carea' id='block_1_58' title="bbox 1874 2907 3463 2978">
    <p class='ocr_par' dir='ltr' id='par_1_58' title="bbox 1874 2907 3463 2978">
     <span class='ocr_line' id='line_1_58' title="bbox 1874 2907 3463 2978; baseline -0.003 -9"><span class='ocrx_word' id='word_1_440' title='bbox 1874 2920 1998 2969; x_wconf 91' lang='lat' dir='ltr'><strong>tura</strong></span> <span class='ocrx_word' id='word_1_441' title='bbox 2033 2927 2144 2968; x_wconf 91' lang='lat' dir='ltr'><strong>non</strong></span> <span class='ocrx_word' id='word_1_442' title='bbox 2174 2912 2414 2967; x_wconf 86' lang='lat' dir='ltr'><strong>habeant</strong></span> <span class='ocrx_word' id='word_1_443' title='bbox 2453 2925 2575 2966; x_wconf 91' lang='lat' dir='ltr'><strong>eam</strong></span> <span class='ocrx_word' id='word_1_444' title='bbox 2635 2909 2978 2976; x_wconf 81' lang='lat' dir='ltr'><strong>facultatem,</strong></span> <span class='ocrx_word' id='word_1_445' title='bbox 3015 2917 3077 2962; x_wconf 91' lang='lat' dir='ltr'><strong>ut</strong></span> <span class='ocrx_word' id='word_1_446' title='bbox 3136 2907 3463 2978; x_wconf 87' lang='lat' dir='ltr'><strong>semetipsos</strong></span> 
     </span>
    </p>
   </div>
   <div class='ocr_carea' id='block_1_59' title="bbox 1875 2998 3461 3071">
    <p class='ocr_par' dir='ltr' id='par_1_59' title="bbox 1875 2998 3461 3071">
     <span class='ocr_line' id='line_1_59' title="bbox 1875 2998 3461 3071; baseline -0.004 -12"><span class='ocrx_word' id='word_1_447' title='bbox 1875 3004 1930 3059; x_wconf 92' lang='lat' dir='ltr'><strong>in</strong></span> <span class='ocrx_word' id='word_1_448' title='bbox 1979 3019 2039 3060; x_wconf 88' lang='lat' dir='ltr'><strong>se</strong></span> <span class='ocrx_word' id='word_1_449' title='bbox 2070 3011 2456 3058; x_wconf 89' lang='lat' dir='ltr'><strong>convertentes</strong></span> <span class='ocrx_word' id='word_1_450' title='bbox 2505 3000 2799 3071; x_wconf 86' lang='lat' dir='ltr'><strong>aspiciant,</strong></span> <span class='ocrx_word' id='word_1_451' title='bbox 2835 3001 3073 3071; x_wconf 88' lang='lat' dir='ltr'><strong>speciem</strong></span> <span class='ocrx_word' id='word_1_452' title='bbox 3107 3014 3172 3055; x_wconf 88' lang='lat' dir='ltr'><strong>ac</strong></span> <span class='ocrx_word' id='word_1_453' title='bbox 3227 2998 3461 3054; x_wconf 88' lang='lat' dir='ltr'><strong>formam</strong></span> 
     </span>
    </p>
   </div>
   <div class='ocr_carea' id='block_1_60' title="bbox 1876 3092 3460 3167">
    <p class='ocr_par' dir='ltr' id='par_1_60' title="bbox 1876 3092 3460 3167">
     <span class='ocr_line' id='line_1_60' title="bbox 1876 3092 3460 3167; baseline -0.003 -17"><span class='ocrx_word' id='word_1_454' title='bbox 1876 3096 2085 3167; x_wconf 80' lang='lat' dir='ltr'><strong>praprii</strong></span> <span class='ocrx_word' id='word_1_455' title='bbox 2111 3095 2262 3152; x_wconf 88' lang='lat' dir='ltr'><strong>orbis</strong></span> <span class='ocrx_word' id='word_1_456' title='bbox 2315 3096 2370 3149; x_wconf 92' lang='lat' dir='ltr'><strong>in</strong></span> <span class='ocrx_word' id='word_1_457' title='bbox 2405 3094 2634 3164; x_wconf 89' lang='lat' dir='ltr'><strong>speculo</strong></span> <span class='ocrx_word' id='word_1_458' title='bbox 2667 3092 3002 3162; x_wconf 87' lang='lat' dir='ltr'><strong>conspicati,</strong></span> <span class='ocrx_word' id='word_1_459' title='bbox 3037 3107 3135 3163; x_wconf 91' lang='lat' dir='ltr'><strong>per</strong></span> <span class='ocrx_word' id='word_1_460' title='bbox 3167 3093 3460 3163; x_wconf 85' lang='lat' dir='ltr'><strong>imaginem</strong></span> 
     </span>
    </p>
   </div>
   <div class='ocr_carea' id='block_1_61' title="bbox 178 3181 1772 3255">
    <p class='ocr_par' dir='ltr' id='par_1_61' title="bbox 178 3181 1771 3255">
     <span class='ocr_line' id='line_1_61' title="bbox 178 3181 1771 3255; baseline 0.001 -19"><span class='ocrx_word' id='word_1_461' title='bbox 178 3183 508 3255; x_wconf 73' lang='grc' dir='ltr'>θεασάμενοι</span> <span class='ocrx_word' id='word_1_462' title='bbox 549 3181 791 3248; x_wconf 84' lang='grc' dir='ltr'>κύκλου,</span> <span class='ocrx_word' id='word_1_463' title='bbox 834 3183 924 3238; x_wconf 76' lang='grc' dir='ltr'>διὰ</span> <span class='ocrx_word' id='word_1_464' title='bbox 955 3184 1056 3254; x_wconf 80' lang='grc' dir='ltr'>τῆς</span> <span class='ocrx_word' id='word_1_465' title='bbox 1101 3183 1308 3247; x_wconf 75' lang='grc' dir='ltr'>εἰκόνος</span> <span class='ocrx_word' id='word_1_466' title='bbox 1359 3185 1588 3248; x_wconf 78' lang='grc' dir='ltr'>ἑαυτοὺς</span> <span class='ocrx_word' id='word_1_467' title='bbox 1638 3184 1771 3238; x_wconf 84' lang='grc' dir='ltr'>καθ-</span> 
     </span>
    </p>
   </div>
   <div class='ocr_carea' id='block_1_62' title="bbox 1873 3181 3462 3255">
    <p class='ocr_par' dir='ltr' id='par_1_62' title="bbox 1875 3183 3462 3254">
     <span class='ocr_line' id='line_1_62' title="bbox 1875 3183 3462 3254; baseline -0.002 -15"><span class='ocrx_word' id='word_1_468' title='bbox 1875 3185 2023 3241; x_wconf 88' lang='lat' dir='ltr'><strong>illam</strong></span> <span class='ocrx_word' id='word_1_469' title='bbox 2053 3201 2176 3242; x_wconf 90' lang='lat' dir='ltr'><strong>sese</strong></span> <span class='ocrx_word' id='word_1_470' title='bbox 2204 3185 2593 3254; x_wconf 86' lang='lat' dir='ltr'><strong>conspiciunt:</strong></span> <span class='ocrx_word' id='word_1_471' title='bbox 2628 3183 2711 3238; x_wconf 93' lang='lat' dir='ltr'><strong>sic</strong></span> <span class='ocrx_word' id='word_1_472' title='bbox 2745 3185 2910 3238; x_wconf 86' lang='lat' dir='ltr'><strong>etiam</strong></span> <span class='ocrx_word' id='word_1_473' title='bbox 2937 3184 3054 3253; x_wconf 88' lang='lat' dir='ltr'><strong>ipse</strong></span> <span class='ocrx_word' id='word_1_474' title='bbox 3083 3183 3149 3236; x_wconf 91' lang='lat' dir='ltr'><strong>ad</strong></span> <span class='ocrx_word' id='word_1_475' title='bbox 3183 3183 3462 3252; x_wconf 88' lang='lat' dir='ltr'><strong>propriam</strong></span> 
     </span>
    </p>
   </div>
   <div class='ocr_carea' id='block_1_63' title="bbox 176 3274 1770 3346">
    <p class='ocr_par' dir='ltr' id='par_1_63' title="bbox 176 3274 1770 3346">
     <span class='ocr_line' id='line_1_63' title="bbox 176 3274 1770 3346; baseline 0.001 -19"><span class='ocrx_word' id='word_1_476' title='bbox 176 3276 400 3346; x_wconf 78' lang='grc' dir='ltr'>ορῶσιν.</span> <span class='ocrx_word' id='word_1_477' title='bbox 450 3275 611 3328; x_wconf 79' lang='grc' dir='ltr'>Οὕτω</span> <span class='ocrx_word' id='word_1_478' title='bbox 651 3275 758 3346; x_wconf 83' lang='grc' dir='ltr'>χρὴ</span> <span class='ocrx_word' id='word_1_479' title='bbox 802 3275 896 3328; x_wconf 79' lang='grc' dir='ltr'>καὶ</span> <span class='ocrx_word' id='word_1_480' title='bbox 936 3275 1034 3346; x_wconf 82' lang='grc' dir='ltr'>τὴν</span> <span class='ocrx_word' id='word_1_481' title='bbox 1084 3274 1262 3346; x_wconf 76' lang='grc' dir='ltr'>ψυχὴν</span> <span class='ocrx_word' id='word_1_482' title='bbox 1307 3275 1444 3346; x_wconf 85' lang='grc' dir='ltr'>πρὸς</span> <span class='ocrx_word' id='word_1_483' title='bbox 1493 3274 1592 3345; x_wconf 80' lang='grc' dir='ltr'>τὴν</span> <span class='ocrx_word' id='word_1_484' title='bbox 1634 3275 1770 3329; x_wconf 72' lang='grc' dir='ltr'>ἰδίαν</span> 
     </span>
    </p>
   </div>
   <div class='ocr_carea' id='block_1_64' title="bbox 174 3359 1772 3439">
    <p class='ocr_par' dir='ltr' id='par_1_64' title="bbox 174 3359 1772 3439">
     <span class='ocr_line' id='line_1_64' title="bbox 174 3359 1772 3439; baseline 0.001 -19"><span class='ocrx_word' id='word_1_485' title='bbox 174 3367 388 3423; x_wconf 77' lang='grc' dir='ltr'>ἀπιδεῖν</span> <span class='ocrx_word' id='word_1_486' title='bbox 423 3368 625 3431; x_wconf 73' lang='grc' dir='ltr'>εἰκόνα,</span> <span class='ocrx_word' id='word_1_487' title='bbox 657 3367 753 3420; x_wconf 76' lang='grc' dir='ltr'>καὶ</span> <span class='ocrx_word' id='word_1_488' title='bbox 783 3368 920 3437; x_wconf 81' lang='grc' dir='ltr'>ὅπερ</span> <span class='ocrx_word' id='word_1_489' title='bbox 951 3367 1017 3420; x_wconf 80' lang='grc' dir='ltr'>ἂν</span> <span class='ocrx_word' id='word_1_490' title='bbox 1049 3366 1134 3439; x_wconf 78' lang='grc' dir='ltr'><strong>ἴδῃ</strong></span> <span class='ocrx_word' id='word_1_491' title='bbox 1167 3368 1225 3420; x_wconf 82' lang='grc' dir='ltr'>ὲν</span> <span class='ocrx_word' id='word_1_492' title='bbox 1251 3365 1330 3438; x_wconf 83' lang='grc' dir='ltr'>τῷ</span> <span class='ocrx_word' id='word_1_493' title='bbox 1368 3365 1698 3438; x_wconf 78' lang='grc' dir='ltr'>χαρακτῆρι,</span> <span class='ocrx_word' id='word_1_494' title='bbox 1726 3359 1772 3435; x_wconf 84' lang='grc' dir='ltr'><strong>ᾧ</strong></span> 
     </span>
    </p>
   </div>
   <div class='ocr_carea' id='block_1_65' title="bbox 176 3455 1770 3530">
    <p class='ocr_par' dir='ltr' id='par_1_65' title="bbox 176 3455 1770 3530">
     <span class='ocr_line' id='line_1_65' title="bbox 176 3455 1770 3530; baseline -0.002 -18"><span class='ocrx_word' id='word_1_495' title='bbox 176 3459 562 3530; x_wconf 63' lang='grc' dir='ltr'>ἀφωμοίωται,</span> <span class='ocrx_word' id='word_1_496' title='bbox 585 3459 662 3523; x_wconf 86' lang='grc' dir='ltr'><strong>ὡς</strong></span> <span class='ocrx_word' id='word_1_497' title='bbox 687 3459 819 3514; x_wconf 76' lang='grc' dir='ltr'>[διον</span> <span class='ocrx_word' id='word_1_498' title='bbox 841 3458 1040 3529; x_wconf 80' lang='grc' dir='ltr'>ἑαυτῆς</span> <span class='ocrx_word' id='word_1_499' title='bbox 1062 3457 1218 3511; x_wconf 76' lang='grc' dir='ltr'>τοῦτο</span> <span class='ocrx_word' id='word_1_500' title='bbox 1240 3457 1561 3512; x_wconf 82' lang='grc' dir='ltr'>θεάσασθαι.</span> <span class='ocrx_word' id='word_1_501' title='bbox 1606 3455 1770 3510; x_wconf 76' lang='grc' dir='ltr'>Ἀλλά</span> 
     </span>
    </p>
   </div>
   <div class='ocr_carea' id='block_1_66' title="bbox 175 3548 1771 3622">
    <p class='ocr_par' dir='ltr' id='par_1_66' title="bbox 175 3548 1771 3622">
     <span class='ocr_line' id='line_1_66' title="bbox 175 3548 1771 3622; baseline 0.001 -21"><span class='ocrx_word' id='word_1_502' title='bbox 175 3550 380 3622; x_wconf 71' lang='grc' dir='ltr'>μικρὸν</span> <span class='ocrx_word' id='word_1_503' title='bbox 411 3550 715 3616; x_wconf 78' lang='grc' dir='ltr'>ὑπαλλάξαι</span> <span class='ocrx_word' id='word_1_504' title='bbox 746 3567 796 3602; x_wconf 86' lang='grc' dir='ltr'>τι</span> <span class='ocrx_word' id='word_1_505' title='bbox 832 3551 1095 3621; x_wconf 78' lang='grc' dir='ltr'>προσήκει</span> <span class='ocrx_word' id='word_1_506' title='bbox 1124 3548 1217 3602; x_wconf 77' lang='grc' dir='ltr'><strong>τοῦ</strong></span> <span class='ocrx_word' id='word_1_507' title='bbox 1241 3548 1661 3619; x_wconf 80' lang='grc' dir='ltr'>ὑποδείγματος,</span> <span class='ocrx_word' id='word_1_508' title='bbox 1685 3548 1771 3602; x_wconf 78' lang='grc' dir='ltr'>ἵνα</span> 
     </span>
    </p>
   </div>
   <div class='ocr_carea' id='block_1_67' title="bbox 172 3637 1772 3712">
    <p class='ocr_par' dir='ltr' id='par_1_67' title="bbox 172 3637 1772 3712">
     <span class='ocr_line' id='line_1_67' title="bbox 172 3637 1772 3712; baseline -0.001 -19"><span class='ocrx_word' id='word_1_509' title='bbox 172 3641 435 3712; x_wconf 74' lang='grc' dir='ltr'>οἱκειωθῇ</span> <span class='ocrx_word' id='word_1_510' title='bbox 468 3639 546 3712; x_wconf 79' lang='grc' dir='ltr'>τῷ</span> <span class='ocrx_word' id='word_1_511' title='bbox 569 3641 714 3711; x_wconf 81' lang='grc' dir='ltr'>λόγῳ</span> <span class='ocrx_word' id='word_1_512' title='bbox 739 3640 798 3694; x_wconf 79' lang='grc' dir='ltr'>τὸ</span> <span class='ocrx_word' id='word_1_513' title='bbox 827 3640 1025 3710; x_wconf 84' lang='grc' dir='ltr'>νόημα.</span> <span class='ocrx_word' id='word_1_514' title='bbox 1071 3638 1192 3692; x_wconf 81' lang='grc' dir='ltr'><strong>Ἐπὶ</strong></span> <span class='ocrx_word' id='word_1_515' title='bbox 1225 3637 1324 3710; x_wconf 78' lang='grc' dir='ltr'>μὲν</span> <span class='ocrx_word' id='word_1_516' title='bbox 1350 3637 1458 3710; x_wconf 91' lang='grc' dir='ltr'><strong>γάρ</strong></span> <span class='ocrx_word' id='word_1_517' title='bbox 1488 3638 1588 3709; x_wconf 85' lang='grc' dir='ltr'>τῆς</span> <span class='ocrx_word' id='word_1_518' title='bbox 1614 3639 1672 3692; x_wconf 83' lang='grc' dir='ltr'>ὲν</span> <span class='ocrx_word' id='word_1_519' title='bbox 1693 3637 1772 3710; x_wconf 81' lang='grc' dir='ltr'>τῷ</span> 
     </span>
    </p>
   </div>
   <div class='ocr_carea' id='block_1_68' title="bbox 175 3731 1772 3804">
    <p class='ocr_par' dir='ltr' id='par_1_68' title="bbox 175 3731 1772 3804">
     <span class='ocr_line' id='line_1_68' title="bbox 175 3731 1772 3804; baseline -0.001 -18"><span class='ocrx_word' id='word_1_520' title='bbox 175 3733 478 3802; x_wconf 76' lang='grc' dir='ltr'>κατόπτρῳ</span> <span class='ocrx_word' id='word_1_521' title='bbox 510 3734 716 3804; x_wconf 72' lang='grc' dir='ltr'>μορφῆς</span> <span class='ocrx_word' id='word_1_522' title='bbox 735 3772 750 3796; x_wconf 71' lang='grc'><strong>9</strong></span> <span class='ocrx_word' id='word_1_523' title='bbox 779 3733 812 3803; x_wconf 82' lang='grc' dir='ltr'><strong>ἡ</strong></span> <span class='ocrx_word' id='word_1_524' title='bbox 849 3731 1012 3785; x_wconf 78' lang='grc' dir='ltr'>εἰκὼν</span> <span class='ocrx_word' id='word_1_525' title='bbox 1040 3731 1176 3803; x_wconf 83' lang='grc' dir='ltr'>πρὸς</span> <span class='ocrx_word' id='word_1_526' title='bbox 1209 3731 1270 3785; x_wconf 84' lang='grc' dir='ltr'>τὸ</span> <span class='ocrx_word' id='word_1_527' title='bbox 1299 3731 1609 3803; x_wconf 83' lang='grc' dir='ltr'>ἀρχέτυπον</span> <span class='ocrx_word' id='word_1_528' title='bbox 1641 3749 1772 3804; x_wconf 75' lang='grc' dir='ltr'>σχηο</span> 
     </span>
    </p>
   </div>
   <div class='ocr_carea' id='block_1_69' title="bbox 178 3825 1771 3898">
    <p class='ocr_par' dir='ltr' id='par_1_69' title="bbox 178 3825 1771 3898">
     <span class='ocr_line' id='line_1_69' title="bbox 178 3825 1771 3898; baseline -0.001 -19"><span class='ocrx_word' id='word_1_529' title='bbox 178 3826 512 3896; x_wconf 74' lang='grc' dir='ltr'>ματίζεται’</span> <span class='ocrx_word' id='word_1_530' title='bbox 569 3827 657 3878; x_wconf 73' lang='grc' dir='ltr'><strong>ἐπὶ</strong></span> <span class='ocrx_word' id='word_1_531' title='bbox 700 3827 756 3880; x_wconf 80' lang='grc' dir='ltr'>δὲ</span> <span class='ocrx_word' id='word_1_532' title='bbox 801 3825 896 3879; x_wconf 79' lang='grc' dir='ltr'><strong>τοῦ</strong></span> <span class='ocrx_word' id='word_1_533' title='bbox 933 3829 1033 3897; x_wconf 80' lang='grc' dir='ltr'>τῆς</span> <span class='ocrx_word' id='word_1_534' title='bbox 1082 3825 1260 3898; x_wconf 72' lang='grc' dir='ltr'>ψυχῆς</span> <span class='ocrx_word' id='word_1_535' title='bbox 1301 3827 1666 3898; x_wconf 81' lang='grc' dir='ltr'>χαρακτῆρος,</span> <span class='ocrx_word' id='word_1_536' title='bbox 1709 3825 1771 3878; x_wconf 85' lang='grc' dir='ltr'>τὸ</span> 
     </span>
    </p>
   </div>
   <div class='ocr_carea' id='block_1_70' title="bbox 168 3916 1771 3989">
    <p class='ocr_par' dir='ltr' id='par_1_70' title="bbox 168 3916 1771 3989">
     <span class='ocr_line' id='line_1_70' title="bbox 168 3916 1771 3989; baseline 0 -19"><span class='ocrx_word' id='word_1_537' title='bbox 168 3916 433 3988; x_wconf 73' lang='grc' dir='ltr'>ἔμπαλιν</span> <span class='ocrx_word' id='word_1_538' title='bbox 468 3917 824 3986; x_wconf 81' lang='grc' dir='ltr'>νενοήκαμεν·</span> <span class='ocrx_word' id='word_1_539' title='bbox 865 3918 1005 3970; x_wconf 80' lang='grc' dir='ltr'>κατά</span> <span class='ocrx_word' id='word_1_540' title='bbox 1051 3917 1160 3989; x_wconf 84' lang='grc' dir='ltr'>γὰρ</span> <span class='ocrx_word' id='word_1_541' title='bbox 1187 3918 1247 3971; x_wconf 76' lang='grc' dir='ltr'>τὸ</span> <span class='ocrx_word' id='word_1_542' title='bbox 1285 3917 1427 3971; x_wconf 84' lang='grc' dir='ltr'>θεῖον</span> <span class='ocrx_word' id='word_1_543' title='bbox 1467 3917 1680 3981; x_wconf 86' lang='grc' dir='ltr'>κάλλος,</span> <span class='ocrx_word' id='word_1_544' title='bbox 1709 3916 1771 3970; x_wconf 84' lang='grc' dir='ltr'><strong>τὺ</strong></span> 
     </span>
    </p>
   </div>
   <div class='ocr_carea' id='block_1_71' title="bbox 168 4001 1771 4078">
    <p class='ocr_par' dir='ltr' id='par_1_71' title="bbox 168 4001 1771 4078">
     <span class='ocr_line' id='line_1_71' title="bbox 168 4001 1771 4078; baseline 0.001 -19"><span class='ocrx_word' id='word_1_545' title='bbox 168 4009 280 4078; x_wconf 77' lang='grc' dir='ltr'>τῆς</span> <span class='ocrx_word' id='word_1_546' title='bbox 314 4008 500 4077; x_wconf 65' lang='grc' dir='ltr'>ψυχῆς</span> <span class='ocrx_word' id='word_1_547' title='bbox 526 4001 661 4072; x_wconf 75' lang='grc' dir='ltr'>εἶδος</span> <span class='ocrx_word' id='word_1_548' title='bbox 685 4009 1106 4072; x_wconf 76' lang='grc' dir='ltr'>ἀπεικονίζεται.</span> <span class='ocrx_word' id='word_1_549' title='bbox 1143 4008 1352 4062; x_wconf 83' lang='grc' dir='ltr'>υύκοῦν</span> <span class='ocrx_word' id='word_1_550' title='bbox 1381 4009 1509 4061; x_wconf 84' lang='grc' dir='ltr'>ὅταν</span> <span class='ocrx_word' id='word_1_551' title='bbox 1540 4007 1678 4078; x_wconf 82' lang='grc' dir='ltr'>πρὸς</span> <span class='ocrx_word' id='word_1_552' title='bbox 1710 4006 1771 4060; x_wconf 82' lang='grc' dir='ltr'>τὸ</span> 
     </span>
    </p>
   </div>
   <div class='ocr_carea' id='block_1_72' title="bbox 171 4095 1770 4169">
    <p class='ocr_par' dir='ltr' id='par_1_72' title="bbox 171 4095 1770 4169">
     <span class='ocr_line' id='line_1_72' title="bbox 171 4095 1770 4169; baseline -0.003 -18"><span class='ocrx_word' id='word_1_553' title='bbox 171 4099 494 4169; x_wconf 76' lang='grc' dir='ltr'>ἀρχέτυπον</span> <span class='ocrx_word' id='word_1_554' title='bbox 536 4097 733 4167; x_wconf 80' lang='grc' dir='ltr'>ἑαυτῆς</span> <span class='ocrx_word' id='word_1_555' title='bbox 764 4096 937 4168; x_wconf 80' lang='grc' dir='ltr'>βλέπῃ</span> <span class='ocrx_word' id='word_1_556' title='bbox 968 4098 1002 4166; x_wconf 81' lang='grc' dir='ltr'><strong>ἡ</strong></span> <span class='ocrx_word' id='word_1_557' title='bbox 1037 4096 1204 4168; x_wconf 70' lang='grc' dir='ltr'>ψυχὴ,</span> <span class='ocrx_word' id='word_1_558' title='bbox 1236 4096 1357 4148; x_wconf 80' lang='grc' dir='ltr'>τότε</span> <span class='ocrx_word' id='word_1_559' title='bbox 1387 4095 1453 4150; x_wconf 72' lang='grc' dir='ltr'><strong>δι’</strong></span> <span class='ocrx_word' id='word_1_560' title='bbox 1484 4095 1770 4166; x_wconf 78' lang='grc' dir='ltr'>ἀκριϐείας</span> 
     </span>
    </p>
   </div>
   <div class='ocr_carea' id='block_1_73' title="bbox 173 4181 1770 4262">
    <p class='ocr_par' dir='ltr' id='par_1_73' title="bbox 173 4181 1770 4262">
     <span class='ocr_line' id='line_1_73' title="bbox 173 4181 1770 4262; baseline -0.002 -19"><span class='ocrx_word' id='word_1_561' title='bbox 173 4190 383 4262; x_wconf 69' lang='grc' dir='ltr'>ἑαυτὴν</span> <span class='ocrx_word' id='word_1_562' title='bbox 423 4190 652 4262; x_wconf 77' lang='grc' dir='ltr'>καθορᾷ.</span> <span class='ocrx_word' id='word_1_563' title='bbox 686 4190 751 4242; x_wconf 89' lang='grc' dir='ltr'>Τί</span> <span class='ocrx_word' id='word_1_564' title='bbox 797 4189 977 4243; x_wconf 89' lang='grc' dir='ltr'>τοίνυν</span> <span class='ocrx_word' id='word_1_565' title='bbox 1014 4190 1131 4243; x_wconf 77' lang='grc' dir='ltr'>ἐστὶ</span> <span class='ocrx_word' id='word_1_566' title='bbox 1163 4189 1223 4242; x_wconf 83' lang='grc' dir='ltr'>τὸ</span> <span class='ocrx_word' id='word_1_567' title='bbox 1265 4189 1448 4251; x_wconf 84' lang='grc' dir='ltr'>Θείον,</span> <span class='ocrx_word' id='word_1_568' title='bbox 1478 4181 1523 4256; x_wconf 79' lang='grc' dir='ltr'>ᾧ</span> <span class='ocrx_word' id='word_1_569' title='bbox 1559 4190 1593 4259; x_wconf 79' lang='grc' dir='ltr'>ἡ</span> <span class='ocrx_word' id='word_1_570' title='bbox 1623 4187 1770 4259; x_wconf 79' lang='grc' dir='ltr'>ψυχὴ</span> 
     </span>
    </p>
   </div>
   <div class='ocr_carea' id='block_1_74' title="bbox 172 4277 1770 4354">
    <p class='ocr_par' dir='ltr' id='par_1_74' title="bbox 172 4277 1770 4354">
     <span class='ocr_line' id='line_1_74' title="bbox 172 4277 1770 4354; baseline -0.001 -19"><span class='ocrx_word' id='word_1_571' title='bbox 172 4283 640 4353; x_wconf 70' lang='grc' dir='ltr'>προσωμοίωταις</span> <span class='ocrx_word' id='word_1_572' title='bbox 683 4283 758 4337; x_wconf 85' lang='grc' dir='ltr'><strong>Οὐ</strong></span> <span class='ocrx_word' id='word_1_573' title='bbox 797 4282 979 4354; x_wconf 88' lang='grc' dir='ltr'>σῶμα,</span> <span class='ocrx_word' id='word_1_574' title='bbox 1009 4283 1070 4336; x_wconf 80' lang='grc' dir='ltr'><strong>ού</strong></span> <span class='ocrx_word' id='word_1_575' title='bbox 1108 4281 1319 4352; x_wconf 81' lang='grc' dir='ltr'>σχῆμα,</span> <span class='ocrx_word' id='word_1_576' title='bbox 1359 4281 1459 4334; x_wconf 82' lang='grc' dir='ltr'>οὐκ</span> <span class='ocrx_word' id='word_1_577' title='bbox 1510 4277 1668 4345; x_wconf 72' lang='grc' dir='ltr'>εἶδος,</span> <span class='ocrx_word' id='word_1_578' title='bbox 1709 4281 1770 4334; x_wconf 81' lang='grc' dir='ltr'><strong>ού</strong></span> 
     </span>
    </p>
   </div>
   <div class='ocr_carea' id='block_1_75' title="bbox 167 4373 1769 4447">
    <p class='ocr_par' dir='ltr' id='par_1_75' title="bbox 167 4373 1769 4447">
     <span class='ocr_line' id='line_1_75' title="bbox 167 4373 1769 4447; baseline 0 -21"><span class='ocrx_word' id='word_1_579' title='bbox 167 4376 509 4445; x_wconf 71' lang='grc' dir='ltr'>πηλικότης,</span> <span class='ocrx_word' id='word_1_580' title='bbox 556 4376 658 4429; x_wconf 75' lang='grc' dir='ltr'>οὐκ</span> <span class='ocrx_word' id='word_1_581' title='bbox 697 4376 1011 4440; x_wconf 78' lang='grc' dir='ltr'>ἀντιτυπία,</span> <span class='ocrx_word' id='word_1_582' title='bbox 1061 4375 1122 4428; x_wconf 84' lang='grc' dir='ltr'>οὺ</span> <span class='ocrx_word' id='word_1_583' title='bbox 1166 4375 1360 4447; x_wconf 80' lang='grc' dir='ltr'>βάρος,</span> <span class='ocrx_word' id='word_1_584' title='bbox 1390 4373 1450 4427; x_wconf 83' lang='grc' dir='ltr'><strong>ού</strong></span> <span class='ocrx_word' id='word_1_585' title='bbox 1495 4373 1678 4438; x_wconf 85' lang='grc' dir='ltr'>τόπος,</span> <span class='ocrx_word' id='word_1_586' title='bbox 1710 4373 1769 4427; x_wconf 80' lang='grc' dir='ltr'>οὐ</span> 
     </span>
    </p>
   </div>
   <div class='ocr_carea' id='block_1_76' title="bbox 163 4459 1771 4540">
    <p class='ocr_par' dir='ltr' id='par_1_76' title="bbox 163 4459 1771 4540">
     <span class='ocr_line' id='line_1_76' title="bbox 163 4459 1771 4540; baseline -0.004 -17"><span class='ocrx_word' id='word_1_587' title='bbox 163 4468 397 4540; x_wconf 78' lang='grc' dir='ltr'>χρόνος,</span> <span class='ocrx_word' id='word_1_588' title='bbox 439 4468 544 4521; x_wconf 75' lang='grc' dir='ltr'>οὐκ</span> <span class='ocrx_word' id='word_1_589' title='bbox 587 4467 716 4521; x_wconf 73' lang='grc' dir='ltr'>ἄλλο</span> <span class='ocrx_word' id='word_1_590' title='bbox 742 4484 796 4520; x_wconf 89' lang='grc' dir='ltr'><strong>τι</strong></span> <span class='ocrx_word' id='word_1_591' title='bbox 845 4465 1085 4520; x_wconf 79' lang='grc' dir='ltr'>τοιοῦτον</span> <span class='ocrx_word' id='word_1_592' title='bbox 1121 4466 1296 4531; x_wconf 72' lang='grc' dir='ltr'>οὐδὲν,</span> <span class='ocrx_word' id='word_1_593' title='bbox 1324 4464 1390 4518; x_wconf 80' lang='grc' dir='ltr'>δι’</span> <span class='ocrx_word' id='word_1_594' title='bbox 1429 4459 1561 4536; x_wconf 83' lang='grc' dir='ltr'><strong>ὦνή</strong></span> <span class='ocrx_word' id='word_1_595' title='bbox 1613 4464 1771 4535; x_wconf 81' lang='grc' dir='ltr'>ὑλικὴ</span> 
     </span>
    </p>
   </div>
   <div class='ocr_carea' id='block_1_77' title="bbox 163 4556 1772 4631">
    <p class='ocr_par' dir='ltr' id='par_1_77' title="bbox 163 4556 1772 4631">
     <span class='ocr_line' id='line_1_77' title="bbox 163 4556 1772 4631; baseline -0.004 -17"><span class='ocrx_word' id='word_1_596' title='bbox 163 4562 363 4624; x_wconf 78' lang='grc' dir='ltr'>κτίσις</span> <span class='ocrx_word' id='word_1_597' title='bbox 411 4560 770 4631; x_wconf 72' lang='grc' dir='ltr'>γνωρίζεται·</span> <span class='ocrx_word' id='word_1_598' title='bbox 829 4559 964 4614; x_wconf 86' lang='grc' dir='ltr'>ἀλλὰ</span> <span class='ocrx_word' id='word_1_599' title='bbox 1017 4559 1235 4612; x_wconf 86' lang='grc' dir='ltr'>πάντων</span> <span class='ocrx_word' id='word_1_600' title='bbox 1281 4557 1486 4611; x_wconf 85' lang='grc' dir='ltr'>τούτων</span> <span class='ocrx_word' id='word_1_601' title='bbox 1534 4557 1628 4610; x_wconf 73' lang='grc' dir='ltr'>καὶ</span> <span class='ocrx_word' id='word_1_602' title='bbox 1665 4556 1772 4608; x_wconf 87' lang='grc' dir='ltr'><strong>τῶν</strong></span> 
     </span>
    </p>
   </div>
   <div class='ocr_carea' id='block_1_78' title="bbox 169 4649 1774 4722">
    <p class='ocr_par' dir='ltr' id='par_1_78' title="bbox 169 4649 1774 4722">
     <span class='ocr_line' id='line_1_78' title="bbox 169 4649 1774 4722; baseline -0.004 -16"><span class='ocrx_word' id='word_1_603' title='bbox 169 4651 447 4706; x_wconf 77' lang='grc' dir='ltr'>τοιούτων</span> <span class='ocrx_word' id='word_1_604' title='bbox 491 4651 926 4722; x_wconf 62' lang='grc' dir='ltr'>ύῳιρεθέντων,</span> <span class='ocrx_word' id='word_1_605' title='bbox 976 4651 1162 4722; x_wconf 82' lang='grc' dir='ltr'>νοερόν</span> <span class='ocrx_word' id='word_1_606' title='bbox 1207 4667 1260 4704; x_wconf 84' lang='grc' dir='ltr'><strong>τι</strong></span> <span class='ocrx_word' id='word_1_607' title='bbox 1312 4649 1408 4703; x_wconf 74' lang='grc' dir='ltr'>καὶ</span> <span class='ocrx_word' id='word_1_608' title='bbox 1457 4649 1638 4712; x_wconf 80' lang='grc' dir='ltr'>άῦλον,</span> <span class='ocrx_word' id='word_1_609' title='bbox 1680 4649 1774 4702; x_wconf 80' lang='grc' dir='ltr'>καὶ</span> 
     </span>
    </p>
   </div>
   <div class='ocr_carea' id='block_1_79' title="bbox 171 4739 1773 4815">
    <p class='ocr_par' dir='ltr' id='par_1_79' title="bbox 171 4739 1773 4815">
     <span class='ocr_line' id='line_1_79' title="bbox 171 4739 1773 4815; baseline -0.007 -15"><span class='ocrx_word' id='word_1_610' title='bbox 171 4745 422 4813; x_wconf 66' lang='grc' dir='ltr'>ἀναφὲς,</span> <span class='ocrx_word' id='word_1_611' title='bbox 453 4746 548 4798; x_wconf 75' lang='grc' dir='ltr'>καὶ</span> <span class='ocrx_word' id='word_1_612' title='bbox 583 4743 873 4815; x_wconf 79' lang='grc' dir='ltr'>ἀσώματον</span> <span class='ocrx_word' id='word_1_613' title='bbox 893 4784 908 4810; x_wconf 95' lang='grc'><strong>,</strong></span> <span class='ocrx_word' id='word_1_614' title='bbox 944 4743 1036 4797; x_wconf 84' lang='grc' dir='ltr'>καί</span> <span class='ocrx_word' id='word_1_615' title='bbox 1068 4743 1390 4796; x_wconf 86' lang='grc' dir='ltr'>ἀδιάστατον</span> <span class='ocrx_word' id='word_1_616' title='bbox 1421 4739 1525 4810; x_wconf 84' lang='grc' dir='ltr'>χρὴ</span> <span class='ocrx_word' id='word_1_617' title='bbox 1558 4739 1773 4802; x_wconf 87' lang='grc' dir='ltr'>πάντως</span> 
     </span>
    </p>
   </div>
   <div class='ocr_carea' id='block_1_80' title="bbox 161 4827 1772 4906">
    <p class='ocr_par' dir='ltr' id='par_1_80' title="bbox 161 4827 1772 4906">
     <span class='ocr_line' id='line_1_80' title="bbox 161 4827 1772 4906; baseline -0.008 -13"><span class='ocrx_word' id='word_1_618' title='bbox 161 4839 340 4893; x_wconf 76' lang='grc' dir='ltr'>νοεῖν</span> <span class='ocrx_word' id='word_1_619' title='bbox 368 4837 425 4889; x_wconf 71' lang='grc' dir='ltr'>τὸ</span> <span class='ocrx_word' id='word_1_620' title='bbox 458 4835 795 4906; x_wconf 84' lang='grc' dir='ltr'>λειπόμενον.</span> <span class='ocrx_word' id='word_1_621' title='bbox 827 4836 891 4890; x_wconf 81' lang='lat' dir='ltr'><strong>Ei</strong></span> <span class='ocrx_word' id='word_1_622' title='bbox 920 4835 1099 4888; x_wconf 84' lang='grc' dir='ltr'>τοίνυν</span> <span class='ocrx_word' id='word_1_623' title='bbox 1137 4831 1380 4894; x_wconf 83' lang='grc' dir='ltr'>τοιοῦτος</span> <span class='ocrx_word' id='word_1_624' title='bbox 1417 4833 1447 4885; x_wconf 86' lang='grc' dir='ltr'><strong>ὁ</strong></span> <span class='ocrx_word' id='word_1_625' title='bbox 1488 4827 1772 4901; x_wconf 75' lang='grc' dir='ltr'>χαρακτὴρ</span> 
     </span>
    </p>
   </div>
   <div class='ocr_carea' id='block_1_81' title="bbox 149 4921 1772 4998">
    <p class='ocr_par' dir='ltr' id='par_1_81' title="bbox 149 4921 1772 4998">
     <span class='ocr_line' id='line_1_81' title="bbox 149 4921 1772 4998; baseline -0.007 -13"><span class='ocrx_word' id='word_1_626' title='bbox 149 4929 281 4985; x_wconf 75' lang='grc' dir='ltr'>τοῦ</span> <span class='ocrx_word' id='word_1_627' title='bbox 329 4928 633 4998; x_wconf 74' lang='grc' dir='ltr'>ἀρχετύπου</span> <span class='ocrx_word' id='word_1_628' title='bbox 671 4926 1189 4998; x_wconf 76' lang='grc' dir='ltr'>καταλαμϐάνεται,</span> <span class='ocrx_word' id='word_1_629' title='bbox 1223 4921 1515 4978; x_wconf 82' lang='grc' dir='ltr'>ἀκόλουθον</span> <span class='ocrx_word' id='word_1_630' title='bbox 1555 4921 1772 4985; x_wconf 82' lang='grc' dir='ltr'>πάντως</span> 
     </span>
    </p>
   </div>
   <div class='ocr_carea' id='block_1_82' title="bbox 155 5013 1772 5091">
    <p class='ocr_par' dir='ltr' id='par_1_82' title="bbox 155 5013 1772 5091">
     <span class='ocr_line' id='line_1_82' title="bbox 155 5013 1772 5091; baseline -0.007 -14"><span class='ocrx_word' id='word_1_631' title='bbox 155 5020 334 5077; x_wconf 70' lang='grc' dir='ltr'>κατὰ</span> <span class='ocrx_word' id='word_1_632' title='bbox 372 5019 434 5071; x_wconf 76' lang='grc' dir='ltr'>τὸ</span> <span class='ocrx_word' id='word_1_633' title='bbox 465 5015 600 5083; x_wconf 80' lang='grc' dir='ltr'>εἶδος</span> <span class='ocrx_word' id='word_1_634' title='bbox 631 5021 806 5088; x_wconf 75' lang='grc' dir='ltr'>ἐκεῖνο</span> <span class='ocrx_word' id='word_1_635' title='bbox 841 5016 1282 5091; x_wconf 72' lang='grc' dir='ltr'>μεμορφωμένην</span> <span class='ocrx_word' id='word_1_636' title='bbox 1325 5014 1424 5085; x_wconf 78' lang='grc' dir='ltr'>τὴν</span> <span class='ocrx_word' id='word_1_637' title='bbox 1463 5013 1642 5084; x_wconf 75' lang='grc' dir='ltr'>ψυχὴν</span> <span class='ocrx_word' id='word_1_638' title='bbox 1684 5013 1772 5066; x_wconf 86' lang='grc' dir='ltr'><strong>διά</strong></span> 
     </span>
    </p>
   </div>
   <div class='ocr_carea' id='block_1_83' title="bbox 153 5105 1773 5183">
    <p class='ocr_par' dir='ltr' id='par_1_83' title="bbox 153 5105 1773 5183">
     <span class='ocr_line' id='line_1_83' title="bbox 153 5105 1773 5183; baseline -0.006 -15"><span class='ocrx_word' id='word_1_639' title='bbox 153 5113 294 5168; x_wconf 75' lang='grc' dir='ltr'><strong>τῶν</strong></span> <span class='ocrx_word' id='word_1_640' title='bbox 356 5110 536 5164; x_wconf 74' lang='grc' dir='ltr'>αὐτῶν</span> <span class='ocrx_word' id='word_1_641' title='bbox 585 5112 951 5183; x_wconf 85' lang='grc' dir='ltr'>χαρακτήρων</span> <span class='ocrx_word' id='word_1_642' title='bbox 1000 5107 1436 5177; x_wconf 75' lang='grc' dir='ltr'>ἐπιγνωσθῆναι·</span> <span class='ocrx_word' id='word_1_643' title='bbox 1487 5105 1629 5160; x_wconf 82' lang='grc' dir='ltr'>ὥστε</span> <span class='ocrx_word' id='word_1_644' title='bbox 1681 5105 1773 5158; x_wconf 77' lang='grc' dir='ltr'>καὶ</span> 
     </span>
    </p>
   </div>
   <div class='ocr_carea' id='block_1_84' title="bbox 159 5195 1776 5273">
    <p class='ocr_par' dir='ltr' id='par_1_84' title="bbox 159 5195 1776 5273">
     <span class='ocr_line' id='line_1_84' title="bbox 159 5195 1776 5273; baseline -0.006 -16"><span class='ocrx_word' id='word_1_645' title='bbox 159 5204 396 5273; x_wconf 71' lang='grc' dir='ltr'>ταύτην</span> <span class='ocrx_word' id='word_1_646' title='bbox 423 5200 586 5255; x_wconf 78' lang='grc' dir='ltr'>άῦλόν</span> <span class='ocrx_word' id='word_1_647' title='bbox 613 5218 674 5254; x_wconf 87' lang='grc' dir='ltr'><strong>τε</strong></span> <span class='ocrx_word' id='word_1_648' title='bbox 703 5197 843 5255; x_wconf 83' lang='grc' dir='ltr'>εἶναι</span> <span class='ocrx_word' id='word_1_649' title='bbox 871 5201 964 5254; x_wconf 71' lang='grc' dir='ltr'>καὶ</span> <span class='ocrx_word' id='word_1_650' title='bbox 992 5199 1149 5269; x_wconf 83' lang='grc' dir='ltr'>ἀειδῆ</span> <span class='ocrx_word' id='word_1_651' title='bbox 1173 5199 1268 5251; x_wconf 71' lang='grc' dir='ltr'>καὶ</span> <span class='ocrx_word' id='word_1_652' title='bbox 1293 5195 1485 5268; x_wconf 84' lang='grc' dir='ltr'>νοερὰν</span> <span class='ocrx_word' id='word_1_653' title='bbox 1511 5196 1605 5250; x_wconf 78' lang='grc' dir='ltr'>καὶ</span> <span class='ocrx_word' id='word_1_654' title='bbox 1630 5195 1776 5249; x_wconf 80' lang='grc' dir='ltr'>ἀσώ-</span> 
     </span>
    </p>
   </div>
   <div class='ocr_carea' id='block_1_85' title="bbox 167 5288 1776 5368">
    <p class='ocr_par' dir='ltr' id='par_1_85' title="bbox 167 5288 1776 5368">
     <span class='ocr_line' id='line_1_85' title="bbox 167 5288 1776 5368; baseline -0.006 -17"><span class='ocrx_word' id='word_1_655' title='bbox 167 5315 379 5368; x_wconf 72' lang='grc' dir='ltr'>ματον.</span> <span class='ocrx_word' id='word_1_656' title='bbox 403 5294 764 5366; x_wconf 83' lang='grc' dir='ltr'>Λογισώμεθα</span> <span class='ocrx_word' id='word_1_657' title='bbox 785 5294 966 5350; x_wconf 88' lang='grc' dir='ltr'>τοίνυν</span> <span class='ocrx_word' id='word_1_658' title='bbox 993 5292 1122 5347; x_wconf 82' lang='grc' dir='ltr'>πότε</span> <span class='ocrx_word' id='word_1_659' title='bbox 1153 5289 1356 5362; x_wconf 79' lang='grc' dir='ltr'>μᾶλλον</span> <span class='ocrx_word' id='word_1_660' title='bbox 1382 5288 1460 5359; x_wconf 81' lang='grc' dir='ltr'>τῷ</span> <span class='ocrx_word' id='word_1_661' title='bbox 1484 5289 1776 5362; x_wconf 74' lang='grc' dir='ltr'>ἀρχετύπῳ</span> 
     </span>
    </p>
   </div>
   <div class='ocr_carea' id='block_1_86' title="bbox 170 5379 1776 5458">
    <p class='ocr_par' dir='ltr' id='par_1_86' title="bbox 170 5379 1776 5458">
     <span class='ocr_line' id='line_1_86' title="bbox 170 5379 1776 5458; baseline -0.006 -15"><span class='ocrx_word' id='word_1_662' title='bbox 170 5391 371 5443; x_wconf 63' lang='grc' dir='ltr'>πάλλει</span> <span class='ocrx_word' id='word_1_663' title='bbox 412 5386 766 5458; x_wconf 73' lang='grc' dir='ltr'>προσεγγίζει</span> <span class='ocrx_word' id='word_1_664' title='bbox 808 5388 841 5456; x_wconf 85' lang='grc' dir='ltr'><strong>ὴ</strong></span> <span class='ocrx_word' id='word_1_665' title='bbox 883 5383 1199 5456; x_wconf 75' lang='grc' dir='ltr'>ἀνθρωπίνη</span> <span class='ocrx_word' id='word_1_666' title='bbox 1250 5380 1444 5450; x_wconf 82' lang='grc' dir='ltr'>φύσις,</span> <span class='ocrx_word' id='word_1_667' title='bbox 1486 5381 1545 5434; x_wconf 81' lang='grc' dir='ltr'>ὲν</span> <span class='ocrx_word' id='word_1_668' title='bbox 1583 5379 1658 5450; x_wconf 84' lang='grc' dir='ltr'>τῷ</span> <span class='ocrx_word' id='word_1_669' title='bbox 1689 5380 1776 5434; x_wconf 87' lang='grc' dir='ltr'><strong>διά</strong></span> 
     </span>
    </p>
   </div>
   <div class='ocr_carea' id='block_1_87' title="bbox 182 5467 1776 5550">
    <p class='ocr_par' dir='ltr' id='par_1_87' title="bbox 182 5467 1776 5550">
     <span class='ocr_line' id='line_1_87' title="bbox 182 5467 1776 5550; baseline -0.005 -16"><span class='ocrx_word' id='word_1_670' title='bbox 182 5467 390 5545; x_wconf 67' lang='grc' dir='ltr'>αιρκὺς</span> <span class='ocrx_word' id='word_1_671' title='bbox 442 5478 635 5550; x_wconf 55' lang='lat' dir='ltr'><strong>(ﬁmi)</strong></span> <span class='ocrx_word' id='word_1_672' title='bbox 690 5479 820 5534; x_wconf 82' lang='grc' dir='ltr'>ὅταν</span> <span class='ocrx_word' id='word_1_673' title='bbox 871 5475 976 5543; x_wconf 76' lang='grc' dir='ltr'><strong>ἔξω</strong></span> <span class='ocrx_word' id='word_1_674' title='bbox 1009 5475 1212 5545; x_wconf 84' lang='grc' dir='ltr'>ταύτης</span> <span class='ocrx_word' id='word_1_675' title='bbox 1258 5469 1564 5544; x_wconf 80' lang='grc' dir='ltr'>γενώμεθα.</span> <span class='ocrx_word' id='word_1_676' title='bbox 1617 5471 1776 5526; x_wconf 83' lang='grc' dir='ltr'>Ἀλλά</span> 
     </span>
    </p>
   </div>
   <div class='ocr_carea' id='block_1_88' title="bbox 177 5563 1773 5641">
    <p class='ocr_par' dir='ltr' id='par_1_88' title="bbox 177 5563 1773 5641">
     <span class='ocr_line' id='line_1_88' title="bbox 177 5563 1773 5641; baseline -0.003 -19"><span class='ocrx_word' id='word_1_677' title='bbox 177 5574 344 5628; x_wconf 57' lang='lat' dir='ltr'><strong>aut!</strong></span> <span class='ocrx_word' id='word_1_678' title='bbox 384 5569 553 5641; x_wconf 77' lang='grc' dir='ltr'>δῆλον</span> <span class='ocrx_word' id='word_1_679' title='bbox 592 5571 654 5624; x_wconf 83' lang='grc' dir='ltr'>τὸ</span> <span class='ocrx_word' id='word_1_680' title='bbox 696 5568 936 5624; x_wconf 81' lang='grc' dir='ltr'>τοιοῦτόν</span> <span class='ocrx_word' id='word_1_681' title='bbox 979 5569 1126 5622; x_wconf 78' lang='grc' dir='ltr'>ἐστιν</span> <span class='ocrx_word' id='word_1_682' title='bbox 1151 5608 1166 5634; x_wconf 96' lang='grc'><strong>,</strong></span> <span class='ocrx_word' id='word_1_683' title='bbox 1209 5567 1290 5622; x_wconf 83' lang='grc' dir='ltr'>ὅτι</span> <span class='ocrx_word' id='word_1_684' title='bbox 1332 5564 1520 5636; x_wconf 79' lang='grc' dir='ltr'>ὥσπερ</span> <span class='ocrx_word' id='word_1_685' title='bbox 1569 5566 1602 5635; x_wconf 79' lang='grc' dir='ltr'>ἡ</span> <span class='ocrx_word' id='word_1_686' title='bbox 1637 5563 1773 5636; x_wconf 69' lang='grc' dir='ltr'>σὰρξ</span> 
     </span>
    </p>
   </div>
   <div class='ocr_carea' id='block_1_89' title="bbox 269 5751 1127 5812">
    <p class='ocr_par' dir='ltr' id='par_1_89' title="bbox 269 5751 1127 5812">
     <span class='ocr_line' id='line_1_89' title="bbox 269 5751 1127 5812; baseline 0.001 -8"><span class='ocrx_word' id='word_1_687' title='bbox 269 5751 286 5780; x_wconf 84' lang='grc'>¹</span> <span class='ocrx_word' id='word_1_688' title='bbox 315 5751 351 5806; x_wconf 87' lang='lat' dir='ltr'><strong>ll</strong></span> <span class='ocrx_word' id='word_1_689' title='bbox 379 5751 516 5804; x_wconf 79' lang='lat' dir='ltr'><strong>Cor.</strong></span> <span class='ocrx_word' id='word_1_690' title='bbox 551 5766 620 5812; x_wconf 76' lang='lat' dir='ltr'><strong>tv,</strong></span> <span class='ocrx_word' id='word_1_691' title='bbox 669 5751 744 5808; x_wconf 73' lang='grc' dir='ltr'><strong>ιο.</strong></span> <span class='ocrx_word' id='word_1_692' title='bbox 825 5751 843 5782; x_wconf 86' lang='grc'>³</span> <span class='ocrx_word' id='word_1_693' title='bbox 873 5751 1004 5806; x_wconf 82' lang='lat' dir='ltr'><strong>ibid.</strong></span> <span class='ocrx_word' id='word_1_694' title='bbox 1047 5751 1127 5805; x_wconf 79' lang='grc'><strong>18.</strong></span> 
     </span>
    </p>
   </div>
   <div class='ocr_carea' id='block_1_90' title="bbox 1872 3275 3460 3347">
    <p class='ocr_par' dir='ltr' id='par_1_90' title="bbox 1872 3275 3460 3347">
     <span class='ocr_line' id='line_1_90' title="bbox 1872 3275 3460 3347; baseline -0.003 -13"><span class='ocrx_word' id='word_1_695' title='bbox 1872 3279 2165 3347; x_wconf 74' lang='lat' dir='ltr'><strong>imaginem</strong></span> <span class='ocrx_word' id='word_1_696' title='bbox 2198 3294 2258 3334; x_wconf 90' lang='lat' dir='ltr'><strong>se</strong></span> <span class='ocrx_word' id='word_1_697' title='bbox 2292 3284 2685 3339; x_wconf 58' lang='lat' dir='ltr'><strong>convertat,~et</strong></span> <span class='ocrx_word' id='word_1_698' title='bbox 2714 3275 2861 3347; x_wconf 88' lang='lat' dir='ltr'><strong>quod</strong></span> <span class='ocrx_word' id='word_1_699' title='bbox 2916 3275 2974 3330; x_wconf 92' lang='lat' dir='ltr'><strong>in</strong></span> <span class='ocrx_word' id='word_1_700' title='bbox 3023 3276 3344 3345; x_wconf 83' lang='lat' dir='ltr'><strong>exemplari,</strong></span> <span class='ocrx_word' id='word_1_701' title='bbox 3393 3275 3460 3329; x_wconf 90' lang='lat' dir='ltr'><strong>ad</strong></span> 
     </span>
    </p>
   </div>
   <div class='ocr_carea' id='block_1_91' title="bbox 1873 3367 3456 3442">
    <p class='ocr_par' dir='ltr' id='par_1_91' title="bbox 1873 3367 3456 3442">
     <span class='ocr_line' id='line_1_91' title="bbox 1873 3367 3456 3442; baseline -0.002 -17"><span class='ocrx_word' id='word_1_702' title='bbox 1873 3372 2034 3442; x_wconf 87' lang='lat' dir='ltr'><strong>cujus</strong></span> <span class='ocrx_word' id='word_1_703' title='bbox 2061 3370 2486 3426; x_wconf 89' lang='lat' dir='ltr'><strong>similitudinem</strong></span> <span class='ocrx_word' id='word_1_704' title='bbox 2521 3371 2703 3426; x_wconf 80' lang='lat' dir='ltr'><strong>factus</strong></span> <span class='ocrx_word' id='word_1_705' title='bbox 2736 3376 2843 3435; x_wconf 84' lang='lat' dir='ltr'><strong>est,</strong></span> <span class='ocrx_word' id='word_1_706' title='bbox 2867 3368 3089 3432; x_wconf 88' lang='lat' dir='ltr'><strong>viderit,</strong></span> <span class='ocrx_word' id='word_1_707' title='bbox 3129 3367 3366 3439; x_wconf 89' lang='lat' dir='ltr'><strong>idipsnm</strong></span> <span class='ocrx_word' id='word_1_708' title='bbox 3393 3375 3456 3422; x_wconf 92' lang='lat' dir='ltr'><strong>ut</strong></span> 
     </span>
    </p>
   </div>
   <div class='ocr_carea' id='block_1_92' title="bbox 1872 3457 3461 3531">
    <p class='ocr_par' dir='ltr' id='par_1_92' title="bbox 1872 3457 3461 3531">
     <span class='ocr_line' id='line_1_92' title="bbox 1872 3457 3461 3531; baseline -0.002 -17"><span class='ocrx_word' id='word_1_709' title='bbox 1872 3460 2154 3531; x_wconf 91' lang='lat' dir='ltr'><strong>proprium</strong></span> <span class='ocrx_word' id='word_1_710' title='bbox 2183 3460 2604 3530; x_wconf 88' lang='lat' dir='ltr'><strong>contempletur,</strong></span> <span class='ocrx_word' id='word_1_711' title='bbox 2637 3465 2692 3514; x_wconf 91' lang='lat' dir='ltr'><strong>et</strong></span> <span class='ocrx_word' id='word_1_712' title='bbox 2727 3473 2912 3513; x_wconf 87' lang='lat' dir='ltr'><strong>suum.</strong></span> <span class='ocrx_word' id='word_1_713' title='bbox 2966 3457 3048 3513; x_wconf 82' lang='lat' dir='ltr'><strong>Ab</strong></span> <span class='ocrx_word' id='word_1_714' title='bbox 3077 3458 3329 3528; x_wconf 88' lang='lat' dir='ltr'><strong>exemplo</strong></span> <span class='ocrx_word' id='word_1_715' title='bbox 3377 3464 3461 3511; x_wconf 81' lang='lat' dir='ltr'><strong>ta-</strong></span> 
     </span>
    </p>
   </div>
   <div class='ocr_carea' id='block_1_93' title="bbox 1873 3549 3456 3623">
    <p class='ocr_par' dir='ltr' id='par_1_93' title="bbox 1873 3549 3456 3623">
     <span class='ocr_line' id='line_1_93' title="bbox 1873 3549 3456 3623; baseline -0.001 -17"><span class='ocrx_word' id='word_1_716' title='bbox 1873 3566 1997 3607; x_wconf 88' lang='lat' dir='ltr'><strong>men</strong></span> <span class='ocrx_word' id='word_1_717' title='bbox 2042 3553 2145 3606; x_wconf 92' lang='lat' dir='ltr'><strong>hoc</strong></span> <span class='ocrx_word' id='word_1_718' title='bbox 2192 3551 2477 3623; x_wconf 88' lang='lat' dir='ltr'><strong>paululum</strong></span> <span class='ocrx_word' id='word_1_719' title='bbox 2515 3557 2602 3607; x_wconf 90' lang='lat' dir='ltr'><strong>est</strong></span> <span class='ocrx_word' id='word_1_720' title='bbox 2654 3549 3074 3614; x_wconf 90' lang='lat' dir='ltr'><strong>discedendum,</strong></span> <span class='ocrx_word' id='word_1_721' title='bbox 3113 3557 3171 3605; x_wconf 89' lang='lat' dir='ltr'><strong>ut</strong></span> <span class='ocrx_word' id='word_1_722' title='bbox 3216 3566 3304 3606; x_wconf 85' lang='lat' dir='ltr'><strong>res</strong></span> <span class='ocrx_word' id='word_1_723' title='bbox 3340 3551 3456 3618; x_wconf 85' lang='lat' dir='ltr'><strong>ipsa</strong></span> 
     </span>
    </p>
   </div>
   <div class='ocr_carea' id='block_1_94' title="bbox 1873 3640 3453 3714">
    <p class='ocr_par' dir='ltr' id='par_1_94' title="bbox 1873 3640 3453 3714">
     <span class='ocr_line' id='line_1_94' title="bbox 1873 3640 3453 3714; baseline -0.002 -16"><span class='ocrx_word' id='word_1_724' title='bbox 1873 3643 2159 3714; x_wconf 87' lang='lat' dir='ltr'><strong>proposito</strong></span> <span class='ocrx_word' id='word_1_725' title='bbox 2199 3651 2486 3714; x_wconf 87' lang='lat' dir='ltr'><strong>congruat.</strong></span> <span class='ocrx_word' id='word_1_726' title='bbox 2531 3640 2664 3696; x_wconf 89' lang='lat' dir='ltr'><strong>Nam</strong></span> <span class='ocrx_word' id='word_1_727' title='bbox 2719 3641 2921 3712; x_wconf 85' lang='lat' dir='ltr'><strong>imago,</strong></span> <span class='ocrx_word' id='word_1_728' title='bbox 2970 3656 3093 3711; x_wconf 67' lang='lat' dir='ltr'><strong>qua:</strong></span> <span class='ocrx_word' id='word_1_729' title='bbox 3135 3643 3189 3698; x_wconf 86' lang='lat' dir='ltr'><strong>in</strong></span> <span class='ocrx_word' id='word_1_730' title='bbox 3243 3641 3453 3711; x_wconf 81' lang='lat' dir='ltr'><strong>speculi</strong></span> 
     </span>
    </p>
   </div>
   <div class='ocr_carea' id='block_1_95' title="bbox 1871 3733 3457 3805">
    <p class='ocr_par' dir='ltr' id='par_1_95' title="bbox 1871 3733 3457 3805">
     <span class='ocr_line' id='line_1_95' title="bbox 1871 3733 3457 3805; baseline -0.002 -15"><span class='ocrx_word' id='word_1_731' title='bbox 1871 3735 2049 3790; x_wconf 86' lang='lat' dir='ltr'><strong>forma</strong></span> <span class='ocrx_word' id='word_1_732' title='bbox 2080 3735 2441 3805; x_wconf 88' lang='lat' dir='ltr'><strong>conspicitur,</strong></span> <span class='ocrx_word' id='word_1_733' title='bbox 2479 3733 2548 3789; x_wconf 90' lang='lat' dir='ltr'><strong>ad</strong></span> <span class='ocrx_word' id='word_1_734' title='bbox 2609 3733 2753 3789; x_wconf 90' lang='lat' dir='ltr'><strong>oculi</strong></span> <span class='ocrx_word' id='word_1_735' title='bbox 2801 3735 3083 3804; x_wconf 78' lang='lat' dir='ltr'><strong>exemplar</strong></span> <span class='ocrx_word' id='word_1_736' title='bbox 3133 3733 3457 3804; x_wconf 77' lang='lat' dir='ltr'><strong>effingitur;</strong></span> 
     </span>
    </p>
   </div>
   <div class='ocr_carea' id='block_1_96' title="bbox 1873 3825 3461 3900">
    <p class='ocr_par' dir='ltr' id='par_1_96' title="bbox 1873 3825 3461 3900">
     <span class='ocr_line' id='line_1_96' title="bbox 1873 3825 3461 3900; baseline 0 -18"><span class='ocrx_word' id='word_1_737' title='bbox 1873 3826 1930 3882; x_wconf 93' lang='lat' dir='ltr'><strong>in</strong></span> <span class='ocrx_word' id='word_1_738' title='bbox 1952 3828 2122 3882; x_wconf 88' lang='lat' dir='ltr'><strong>animi</strong></span> <span class='ocrx_word' id='word_1_739' title='bbox 2145 3843 2275 3884; x_wconf 87' lang='lat' dir='ltr'><strong>vero</strong></span> <span class='ocrx_word' id='word_1_740' title='bbox 2297 3828 2535 3900; x_wconf 85' lang='lat' dir='ltr'><strong>imagine</strong></span> <span class='ocrx_word' id='word_1_741' title='bbox 2557 3837 2750 3883; x_wconf 88' lang='lat' dir='ltr'><strong>contra</strong></span> <span class='ocrx_word' id='word_1_742' title='bbox 2776 3826 2854 3880; x_wconf 85' lang='lat' dir='ltr'><strong>fit.</strong></span> <span class='ocrx_word' id='word_1_743' title='bbox 2880 3825 3058 3896; x_wconf 88' lang='lat' dir='ltr'><strong>Ipsius</strong></span> <span class='ocrx_word' id='word_1_744' title='bbox 3081 3827 3228 3883; x_wconf 90' lang='lat' dir='ltr'><strong>enim</strong></span> <span class='ocrx_word' id='word_1_745' title='bbox 3251 3826 3461 3897; x_wconf 87' lang='lat' dir='ltr'><strong>species</strong></span> 
     </span>
    </p>
   </div>
   <div class='ocr_carea' id='block_1_97' title="bbox 1873 3920 3459 3990">
    <p class='ocr_par' dir='ltr' id='par_1_97' title="bbox 1873 3920 3459 3990">
     <span class='ocr_line' id='line_1_97' title="bbox 1873 3920 3459 3990; baseline -0.001 -16"><span class='ocrx_word' id='word_1_746' title='bbox 1873 3920 1941 3975; x_wconf 90' lang='lat' dir='ltr'><strong>ad</strong></span> <span class='ocrx_word' id='word_1_747' title='bbox 1971 3921 2171 3976; x_wconf 69' lang='lat' dir='ltr'><strong>divinae</strong></span> <span class='ocrx_word' id='word_1_748' title='bbox 2198 3920 2628 3988; x_wconf 87' lang='lat' dir='ltr'><strong>pulchritudinis</strong></span> <span class='ocrx_word' id='word_1_749' title='bbox 2661 3921 2893 3977; x_wconf 90' lang='lat' dir='ltr'><strong>formam</strong></span> <span class='ocrx_word' id='word_1_750' title='bbox 2931 3921 3136 3986; x_wconf 80' lang='lat' dir='ltr'><strong>efﬁcta,</strong></span> <span class='ocrx_word' id='word_1_751' title='bbox 3167 3934 3459 3990; x_wconf 76' lang='lat' dir='ltr'><strong>expressa-</strong></span> 
     </span>
    </p>
   </div>
   <div class='ocr_carea' id='block_1_98' title="bbox 1872 4010 3458 4081">
    <p class='ocr_par' dir='ltr' id='par_1_98' title="bbox 1872 4010 3458 4081">
     <span class='ocr_line' id='line_1_98' title="bbox 1872 4010 3458 4081; baseline 0.001 -17"><span class='ocrx_word' id='word_1_752' title='bbox 1872 4026 1981 4079; x_wconf 92' lang='lat' dir='ltr'><strong>que</strong></span> <span class='ocrx_word' id='word_1_753' title='bbox 2013 4018 2117 4066; x_wconf 88' lang='lat' dir='ltr'><strong>est.</strong></span> <span class='ocrx_word' id='word_1_754' title='bbox 2149 4010 2341 4081; x_wconf 87' lang='lat' dir='ltr'><strong>Itaque</strong></span> <span class='ocrx_word' id='word_1_755' title='bbox 2388 4018 2504 4066; x_wconf 86' lang='lat' dir='ltr'><strong>tum</strong></span> <span class='ocrx_word' id='word_1_756' title='bbox 2535 4027 2662 4068; x_wconf 87' lang='lat' dir='ltr'><strong>vere</strong></span> <span class='ocrx_word' id='word_1_757' title='bbox 2715 4013 2896 4081; x_wconf 89' lang='lat' dir='ltr'><strong>seipse</strong></span> <span class='ocrx_word' id='word_1_758' title='bbox 2928 4012 3185 4081; x_wconf 89' lang='lat' dir='ltr'><strong>perspicit</strong></span> <span class='ocrx_word' id='word_1_759' title='bbox 3217 4012 3458 4076; x_wconf 83' lang='lat' dir='ltr'><strong>animus,</strong></span> 
     </span>
    </p>
   </div>
   <div class='ocr_carea' id='block_1_99' title="bbox 1872 4101 3457 4172">
    <p class='ocr_par' dir='ltr' id='par_1_99' title="bbox 1872 4101 3457 4172">
     <span class='ocr_line' id='line_1_99' title="bbox 1872 4101 3457 4172; baseline -0.003 -15"><span class='ocrx_word' id='word_1_760' title='bbox 1872 4117 1997 4157; x_wconf 85' lang='lat' dir='ltr'><strong>cum</strong></span> <span class='ocrx_word' id='word_1_761' title='bbox 2028 4103 2308 4172; x_wconf 77' lang='lat' dir='ltr'><strong>exemplar</strong></span> <span class='ocrx_word' id='word_1_762' title='bbox 2336 4104 2580 4157; x_wconf 88' lang='lat' dir='ltr'><strong>intuetur</strong></span> <span class='ocrx_word' id='word_1_763' title='bbox 2619 4103 2726 4157; x_wconf 92' lang='lat' dir='ltr'><strong>sui.</strong></span> <span class='ocrx_word' id='word_1_764' title='bbox 2763 4101 2907 4168; x_wconf 86' lang='lat' dir='ltr'><strong>Quid</strong></span> <span class='ocrx_word' id='word_1_765' title='bbox 2952 4102 3120 4171; x_wconf 84' lang='lat' dir='ltr'><strong>igitur</strong></span> <span class='ocrx_word' id='word_1_766' title='bbox 3151 4101 3298 4155; x_wconf 86' lang='lat' dir='ltr'><strong>Deus</strong></span> <span class='ocrx_word' id='word_1_767' title='bbox 3349 4109 3457 4168; x_wconf 85' lang='lat' dir='ltr'><strong>est,</strong></span> 
     </span>
    </p>
   </div>
   <div class='ocr_carea' id='block_1_100' title="bbox 1871 4189 3448 4262">
    <p class='ocr_par' dir='ltr' id='par_1_100' title="bbox 1871 4189 3448 4262">
     <span class='ocr_line' id='line_1_100' title="bbox 1871 4189 3448 4262; baseline -0.002 -14"><span class='ocrx_word' id='word_1_768' title='bbox 1871 4193 2030 4262; x_wconf 70' lang='lat' dir='ltr'><strong>cuius</strong></span> <span class='ocrx_word' id='word_1_769' title='bbox 2062 4191 2472 4248; x_wconf 89' lang='lat' dir='ltr'><strong>similitudinem</strong></span> <span class='ocrx_word' id='word_1_770' title='bbox 2526 4192 2744 4246; x_wconf 82' lang='lat' dir='ltr'><strong>animus</strong></span> <span class='ocrx_word' id='word_1_771' title='bbox 2797 4189 3008 4244; x_wconf 90' lang='lat' dir='ltr'><strong>refert?</strong></span> <span class='ocrx_word' id='word_1_772' title='bbox 3052 4205 3160 4243; x_wconf 89' lang='lat' dir='ltr'><strong>non</strong></span> <span class='ocrx_word' id='word_1_773' title='bbox 3216 4205 3448 4259; x_wconf 90' lang='lat' dir='ltr'><strong>corpus,</strong></span> 
     </span>
    </p>
   </div>
   <div class='ocr_carea' id='block_1_101' title="bbox 1873 4279 3460 4352">
    <p class='ocr_par' dir='ltr' id='par_1_101' title="bbox 1873 4279 3460 4352">
     <span class='ocr_line' id='line_1_101' title="bbox 1873 4279 3460 4352; baseline -0.001 -13"><span class='ocrx_word' id='word_1_774' title='bbox 1873 4300 1986 4340; x_wconf 76' lang='lat' dir='ltr'><strong>non</strong></span> <span class='ocrx_word' id='word_1_775' title='bbox 2024 4283 2220 4352; x_wconf 79' lang='lat' dir='ltr'><strong>figura,</strong></span> <span class='ocrx_word' id='word_1_776' title='bbox 2252 4296 2363 4338; x_wconf 92' lang='lat' dir='ltr'><strong>non</strong></span> <span class='ocrx_word' id='word_1_777' title='bbox 2399 4281 2635 4352; x_wconf 88' lang='lat' dir='ltr'><strong>species,</strong></span> <span class='ocrx_word' id='word_1_778' title='bbox 2674 4295 2783 4335; x_wconf 91' lang='lat' dir='ltr'><strong>non</strong></span> <span class='ocrx_word' id='word_1_779' title='bbox 2814 4279 3074 4351; x_wconf 87' lang='lat' dir='ltr'><strong>qualitas,</strong></span> <span class='ocrx_word' id='word_1_780' title='bbox 3125 4295 3235 4334; x_wconf 93' lang='lat' dir='ltr'><strong>non</strong></span> <span class='ocrx_word' id='word_1_781' title='bbox 3285 4281 3460 4338; x_wconf 74' lang='lat' dir='ltr'><strong>moles</strong></span> 
     </span>
    </p>
   </div>
   <div class='ocr_carea' id='block_1_102' title="bbox 1873 4373 3454 4447">
    <p class='ocr_par' dir='ltr' id='par_1_102' title="bbox 1873 4373 3454 4447">
     <span class='ocr_line' id='line_1_102' title="bbox 1873 4373 3454 4447; baseline -0.002 -16"><span class='ocrx_word' id='word_1_782' title='bbox 1873 4391 2089 4447; x_wconf 88' lang='lat' dir='ltr'><strong>aspera,</strong></span> <span class='ocrx_word' id='word_1_783' title='bbox 2130 4391 2240 4430; x_wconf 91' lang='lat' dir='ltr'><strong>non</strong></span> <span class='ocrx_word' id='word_1_784' title='bbox 2274 4373 2515 4446; x_wconf 85' lang='lat' dir='ltr'><strong>pondus,</strong></span> <span class='ocrx_word' id='word_1_785' title='bbox 2547 4389 2657 4428; x_wconf 93' lang='lat' dir='ltr'><strong>non</strong></span> <span class='ocrx_word' id='word_1_786' title='bbox 2690 4373 2868 4436; x_wconf 87' lang='lat' dir='ltr'><strong>locus,</strong></span> <span class='ocrx_word' id='word_1_787' title='bbox 2904 4386 3012 4427; x_wconf 90' lang='lat' dir='ltr'><strong>non</strong></span> <span class='ocrx_word' id='word_1_788' title='bbox 3065 4379 3302 4442; x_wconf 85' lang='lat' dir='ltr'><strong>tempus,</strong></span> <span class='ocrx_word' id='word_1_789' title='bbox 3346 4388 3454 4428; x_wconf 90' lang='lat' dir='ltr'><strong>non</strong></span> 
     </span>
    </p>
   </div>
   <div class='ocr_carea' id='block_1_103' title="bbox 1875 4465 3456 4538">
    <p class='ocr_par' dir='ltr' id='par_1_103' title="bbox 1875 4465 3456 4538">
     <span class='ocr_line' id='line_1_103' title="bbox 1875 4465 3456 4538; baseline -0.004 -15"><span class='ocrx_word' id='word_1_790' title='bbox 1875 4468 2020 4524; x_wconf 89' lang='lat' dir='ltr'><strong>aliud</strong></span> <span class='ocrx_word' id='word_1_791' title='bbox 2057 4467 2340 4538; x_wconf 86' lang='lat' dir='ltr'><strong>quidpiam</strong></span> <span class='ocrx_word' id='word_1_792' title='bbox 2357 4481 2572 4530; x_wconf 88' lang='lat' dir='ltr'><strong>eorum,</strong></span> <span class='ocrx_word' id='word_1_793' title='bbox 2604 4481 2669 4522; x_wconf 88' lang='lat' dir='ltr'><strong>ex</strong></span> <span class='ocrx_word' id='word_1_794' title='bbox 2703 4465 2908 4536; x_wconf 87' lang='lat' dir='ltr'><strong>quibus</strong></span> <span class='ocrx_word' id='word_1_795' title='bbox 2933 4480 2996 4521; x_wconf 90' lang='lat' dir='ltr'><strong>ea</strong></span> <span class='ocrx_word' id='word_1_796' title='bbox 3035 4479 3156 4534; x_wconf 73' lang='lat' dir='ltr'><strong>qua:</strong></span> <span class='ocrx_word' id='word_1_797' title='bbox 3179 4480 3245 4518; x_wconf 81' lang='lat' dir='ltr'><strong>ex</strong></span> <span class='ocrx_word' id='word_1_798' title='bbox 3276 4473 3456 4518; x_wconf 75' lang='lat' dir='ltr'><strong>mate-</strong></span> 
     </span>
    </p>
   </div>
   <div class='ocr_carea' id='block_1_104' title="bbox 1805 4540 3456 4627">
    <p class='ocr_par' dir='ltr' id='par_1_104' title="bbox 1805 4540 3456 4627">
     <span class='ocr_line' id='line_1_104' title="bbox 1805 4540 3456 4627; baseline -0.002 -14"><span class='ocrx_word' id='word_1_799' title='bbox 1805 4540 1848 4597; x_wconf 79' lang='grc' dir='ltr'>ί)</span> <span class='ocrx_word' id='word_1_800' title='bbox 1875 4561 1955 4613; x_wconf 88' lang='lat' dir='ltr'><strong>ria</strong></span> <span class='ocrx_word' id='word_1_801' title='bbox 1987 4567 2115 4615; x_wconf 91' lang='lat' dir='ltr'><strong>sunt</strong></span> <span class='ocrx_word' id='word_1_802' title='bbox 2149 4567 2459 4627; x_wconf 84' lang='lat' dir='ltr'><strong>procreata,</strong></span> <span class='ocrx_word' id='word_1_803' title='bbox 2495 4563 2926 4627; x_wconf 83' lang='lat' dir='ltr'><strong>cognoscuntur.</strong></span> <span class='ocrx_word' id='word_1_804' title='bbox 2953 4555 3059 4610; x_wconf 89' lang='lat' dir='ltr'><strong>Sed</strong></span> <span class='ocrx_word' id='word_1_805' title='bbox 3091 4555 3177 4610; x_wconf 87' lang='lat' dir='ltr'><strong>his</strong></span> <span class='ocrx_word' id='word_1_806' title='bbox 3199 4555 3456 4610; x_wconf 83' lang='lat' dir='ltr'><strong>omnibus</strong></span> 
     </span>
    </p>
   </div>
   <div class='ocr_carea' id='block_1_105' title="bbox 1870 4645 3456 4721">
    <p class='ocr_par' dir='ltr' id='par_1_105' title="bbox 1870 4645 3456 4721">
     <span class='ocr_line' id='line_1_105' title="bbox 1870 4645 3456 4721; baseline -0.006 -11"><span class='ocrx_word' id='word_1_807' title='bbox 1870 4666 2171 4721; x_wconf 88' lang='lat' dir='ltr'><strong>earumque</strong></span> <span class='ocrx_word' id='word_1_808' title='bbox 2206 4648 2483 4706; x_wconf 89' lang='lat' dir='ltr'><strong>similibus</strong></span> <span class='ocrx_word' id='word_1_809' title='bbox 2524 4649 2688 4704; x_wconf 87' lang='lat' dir='ltr'><strong>rebus</strong></span> <span class='ocrx_word' id='word_1_810' title='bbox 2722 4649 3010 4712; x_wconf 86' lang='lat' dir='ltr'><strong>submotis,</strong></span> <span class='ocrx_word' id='word_1_811' title='bbox 3048 4656 3132 4702; x_wconf 87' lang='lat' dir='ltr'><strong>est</strong></span> <span class='ocrx_word' id='word_1_812' title='bbox 3173 4645 3456 4716; x_wconf 86' lang='lat' dir='ltr'><strong>quiddam,</strong></span> 
     </span>
    </p>
   </div>
   <div class='ocr_carea' id='block_1_106' title="bbox 1870 4739 3457 4815">
    <p class='ocr_par' dir='ltr' id='par_1_106' title="bbox 1870 4739 3457 4815">
     <span class='ocr_line' id='line_1_106' title="bbox 1870 4739 3457 4815; baseline -0.005 -17"><span class='ocrx_word' id='word_1_813' title='bbox 1870 4743 2014 4815; x_wconf 90' lang='lat' dir='ltr'><strong>quod</strong></span> <span class='ocrx_word' id='word_1_814' title='bbox 2041 4750 2224 4796; x_wconf 82' lang='lat' dir='ltr'><strong>mente</strong></span> <span class='ocrx_word' id='word_1_815' title='bbox 2255 4747 2498 4804; x_wconf 88' lang='lat' dir='ltr'><strong>constat,</strong></span> <span class='ocrx_word' id='word_1_816' title='bbox 2561 4739 2912 4808; x_wconf 69' lang='lat' dir='ltr'><strong>maternaque</strong></span> <span class='ocrx_word' id='word_1_817' title='bbox 2969 4747 3055 4793; x_wconf 90' lang='lat' dir='ltr'><strong>est</strong></span> <span class='ocrx_word' id='word_1_818' title='bbox 3097 4752 3312 4809; x_wconf 81' lang='lat' dir='ltr'><strong>expers,</strong></span> <span class='ocrx_word' id='word_1_819' title='bbox 3357 4751 3457 4791; x_wconf 86' lang='lat' dir='ltr'><strong>nec</strong></span> 
     </span>
    </p>
   </div>
   <div class='ocr_carea' id='block_1_107' title="bbox 1869 4828 3458 4906">
    <p class='ocr_par' dir='ltr' id='par_1_107' title="bbox 1869 4828 3458 4906">
     <span class='ocr_line' id='line_1_107' title="bbox 1869 4828 3458 4906; baseline -0.003 -17"><span class='ocrx_word' id='word_1_820' title='bbox 1869 4835 2017 4906; x_wconf 72' lang='lat' dir='ltr'><strong>tangi</strong></span> <span class='ocrx_word' id='word_1_821' title='bbox 2052 4839 2258 4904; x_wconf 89' lang='lat' dir='ltr'><strong>potest,</strong></span> <span class='ocrx_word' id='word_1_822' title='bbox 2296 4840 2352 4887; x_wconf 91' lang='lat' dir='ltr'><strong>et</strong></span> <span class='ocrx_word' id='word_1_823' title='bbox 2382 4845 2620 4900; x_wconf 89' lang='lat' dir='ltr'><strong>corpore</strong></span> <span class='ocrx_word' id='word_1_824' title='bbox 2653 4838 2832 4898; x_wconf 88' lang='lat' dir='ltr'><strong>vacat,</strong></span> <span class='ocrx_word' id='word_1_825' title='bbox 2862 4839 2916 4885; x_wconf 89' lang='lat' dir='ltr'><strong>et</strong></span> <span class='ocrx_word' id='word_1_826' title='bbox 2947 4828 3094 4883; x_wconf 88' lang='lat' dir='ltr'><strong>omni</strong></span> <span class='ocrx_word' id='word_1_827' title='bbox 3118 4829 3458 4885; x_wconf 87' lang='lat' dir='ltr'><strong>dimensione</strong></span> 
     </span>
    </p>
   </div>
   <div class='ocr_carea' id='block_1_108' title="bbox 1869 4921 3454 4994">
    <p class='ocr_par' dir='ltr' id='par_1_108' title="bbox 1869 4921 3454 4994">
     <span class='ocr_line' id='line_1_108' title="bbox 1869 4921 3454 4994; baseline -0.003 -12"><span class='ocrx_word' id='word_1_828' title='bbox 1869 4939 2036 4983; x_wconf 85' lang='lat' dir='ltr'><strong>caret.</strong></span> <span class='ocrx_word' id='word_1_829' title='bbox 2063 4925 2335 4993; x_wconf 88' lang='lat' dir='ltr'><strong>Quocirca</strong></span> <span class='ocrx_word' id='word_1_830' title='bbox 2363 4938 2491 4978; x_wconf 91' lang='lat' dir='ltr'><strong>cum</strong></span> <span class='ocrx_word' id='word_1_831' title='bbox 2530 4922 2812 4994; x_wconf 75' lang='lat' dir='ltr'><strong>exemplar</strong></span> <span class='ocrx_word' id='word_1_832' title='bbox 2862 4922 2934 4976; x_wconf 87' lang='lat' dir='ltr'><strong>sit</strong></span> <span class='ocrx_word' id='word_1_833' title='bbox 2975 4921 3268 4990; x_wconf 76' lang='lat' dir='ltr'><strong>ejusmodi,</strong></span> <span class='ocrx_word' id='word_1_834' title='bbox 3316 4938 3454 4978; x_wconf 67' lang='lat' dir='ltr'><strong>cono</strong></span> 
     </span>
    </p>
   </div>
   <div class='ocr_carea' id='block_1_109' title="bbox 1871 5011 3456 5088">
    <p class='ocr_par' dir='ltr' id='par_1_109' title="bbox 1871 5011 3456 5088">
     <span class='ocr_line' id='line_1_109' title="bbox 1871 5011 3456 5088; baseline -0.006 -11"><span class='ocrx_word' id='word_1_835' title='bbox 1871 5034 2110 5088; x_wconf 81' lang='lat' dir='ltr'><strong>sequens</strong></span> <span class='ocrx_word' id='word_1_836' title='bbox 2141 5025 2248 5080; x_wconf 81' lang='lat' dir='ltr'><strong>est,</strong></span> <span class='ocrx_word' id='word_1_837' title='bbox 2291 5022 2373 5079; x_wconf 89' lang='lat' dir='ltr'><strong>ut,</strong></span> <span class='ocrx_word' id='word_1_838' title='bbox 2413 5015 2507 5084; x_wconf 93' lang='lat' dir='ltr'><strong>qui</strong></span> <span class='ocrx_word' id='word_1_839' title='bbox 2547 5014 2612 5068; x_wconf 90' lang='lat' dir='ltr'><strong>ad</strong></span> <span class='ocrx_word' id='word_1_840' title='bbox 2647 5014 2769 5083; x_wconf 81' lang='lat' dir='ltr'><strong>ejus</strong></span> <span class='ocrx_word' id='word_1_841' title='bbox 2802 5011 3215 5068; x_wconf 82' lang='lat' dir='ltr'><strong>similitudinem</strong></span> <span class='ocrx_word' id='word_1_842' title='bbox 3250 5011 3456 5068; x_wconf 81' lang='lat' dir='ltr'><strong>forma-</strong></span> 
     </span>
    </p>
   </div>
   <div class='ocr_carea' id='block_1_110' title="bbox 1873 5101 3453 5172">
    <p class='ocr_par' dir='ltr' id='par_1_110' title="bbox 1873 5101 3453 5172">
     <span class='ocr_line' id='line_1_110' title="bbox 1873 5101 3453 5172; baseline -0.002 -11"><span class='ocrx_word' id='word_1_843' title='bbox 1873 5116 1962 5163; x_wconf 88' lang='lat' dir='ltr'><strong>tus</strong></span> <span class='ocrx_word' id='word_1_844' title='bbox 1987 5114 2071 5162; x_wconf 87' lang='lat' dir='ltr'><strong>est</strong></span> <span class='ocrx_word' id='word_1_845' title='bbox 2101 5104 2340 5168; x_wconf 89' lang='lat' dir='ltr'><strong>animus,</strong></span> <span class='ocrx_word' id='word_1_846' title='bbox 2385 5101 2594 5157; x_wconf 89' lang='lat' dir='ltr'><strong>eisdem</strong></span> <span class='ocrx_word' id='word_1_847' title='bbox 2640 5108 3007 5172; x_wconf 80' lang='lat' dir='ltr'><strong>cognoscatur</strong></span> <span class='ocrx_word' id='word_1_848' title='bbox 3042 5103 3207 5157; x_wconf 84' lang='lat' dir='ltr'><strong>notis.</strong></span> <span class='ocrx_word' id='word_1_849' title='bbox 3247 5101 3453 5172; x_wconf 78' lang='lat' dir='ltr'><strong>Expers</strong></span> 
     </span>
    </p>
   </div>
   <div class='ocr_carea' id='block_1_111' title="bbox 1873 5193 3448 5271">
    <p class='ocr_par' dir='ltr' id='par_1_111' title="bbox 1873 5193 3448 5271">
     <span class='ocr_line' id='line_1_111' title="bbox 1873 5193 3448 5271; baseline -0.004 -16"><span class='ocrx_word' id='word_1_850' title='bbox 1873 5199 2038 5271; x_wconf 88' lang='lat' dir='ltr'><strong>igitur</strong></span> <span class='ocrx_word' id='word_1_851' title='bbox 2075 5193 2316 5250; x_wconf 64' lang='lat' dir='ltr'><strong>materiae</strong></span> <span class='ocrx_word' id='word_1_852' title='bbox 2338 5199 2443 5259; x_wconf 86' lang='lat' dir='ltr'><strong>est,</strong></span> <span class='ocrx_word' id='word_1_853' title='bbox 2472 5193 2624 5249; x_wconf 89' lang='lat' dir='ltr'><strong>cerni</strong></span> <span class='ocrx_word' id='word_1_854' title='bbox 2658 5209 2768 5248; x_wconf 91' lang='lat' dir='ltr'><strong>non</strong></span> <span class='ocrx_word' id='word_1_855' title='bbox 2821 5201 3039 5264; x_wconf 89' lang='lat' dir='ltr'><strong>potest,</strong></span> <span class='ocrx_word' id='word_1_856' title='bbox 3093 5201 3275 5250; x_wconf 87' lang='lat' dir='ltr'><strong>mente</strong></span> <span class='ocrx_word' id='word_1_857' title='bbox 3331 5193 3448 5249; x_wconf 83' lang='lat' dir='ltr'><strong>sola</strong></span> 
     </span>
    </p>
   </div>
   <div class='ocr_carea' id='block_1_112' title="bbox 1873 5285 3447 5364">
    <p class='ocr_par' dir='ltr' id='par_1_112' title="bbox 1873 5285 3447 5364">
     <span class='ocr_line' id='line_1_112' title="bbox 1873 5285 3447 5364; baseline -0.004 -18"><span class='ocrx_word' id='word_1_858' title='bbox 1873 5288 2198 5364; x_wconf 89' lang='lat' dir='ltr'><strong>percipitur,</strong></span> <span class='ocrx_word' id='word_1_859' title='bbox 2224 5293 2486 5357; x_wconf 88' lang='lat' dir='ltr'><strong>caretque</strong></span> <span class='ocrx_word' id='word_1_860' title='bbox 2525 5301 2781 5356; x_wconf 86' lang='lat' dir='ltr'><strong>corpore.</strong></span> <span class='ocrx_word' id='word_1_861' title='bbox 2835 5285 2970 5352; x_wconf 64' lang='lat' dir='ltr'><strong>Quae</strong></span> <span class='ocrx_word' id='word_1_862' title='bbox 2997 5301 3125 5341; x_wconf 89' lang='lat' dir='ltr'><strong>cum</strong></span> <span class='ocrx_word' id='word_1_863' title='bbox 3179 5286 3254 5340; x_wconf 88' lang='lat' dir='ltr'><strong>ita</strong></span> <span class='ocrx_word' id='word_1_864' title='bbox 3314 5285 3447 5350; x_wconf 89' lang='lat' dir='ltr'><strong>sint,</strong></span> 
     </span>
    </p>
   </div>
   <div class='ocr_carea' id='block_1_113' title="bbox 1877 5375 3455 5453">
    <p class='ocr_par' dir='ltr' id='par_1_113' title="bbox 1877 5375 3455 5453">
     <span class='ocr_line' id='line_1_113' title="bbox 1877 5375 3455 5453; baseline -0.003 -16"><span class='ocrx_word' id='word_1_865' title='bbox 1877 5396 1998 5453; x_wconf 83' lang='lat' dir='ltr'><strong>age,</strong></span> <span class='ocrx_word' id='word_1_866' title='bbox 2042 5377 2465 5434; x_wconf 85' lang='lat' dir='ltr'><strong>consideremus</strong></span> <span class='ocrx_word' id='word_1_867' title='bbox 2499 5375 2725 5447; x_wconf 83' lang='lat' dir='ltr'><strong>quando</strong></span> <span class='ocrx_word' id='word_1_868' title='bbox 2755 5378 2984 5448; x_wconf 84' lang='lat' dir='ltr'><strong>propius</strong></span> <span class='ocrx_word' id='word_1_869' title='bbox 3028 5376 3094 5432; x_wconf 91' lang='lat' dir='ltr'><strong>ad</strong></span> <span class='ocrx_word' id='word_1_870' title='bbox 3124 5375 3455 5446; x_wconf 82' lang='lat' dir='ltr'><strong>exemplaris</strong></span> 
     </span>
    </p>
   </div>
   <div class='ocr_carea' id='block_1_114' title="bbox 1877 5465 3457 5546">
    <p class='ocr_par' dir='ltr' id='par_1_114' title="bbox 1877 5465 3457 5546">
     <span class='ocr_line' id='line_1_114' title="bbox 1877 5465 3457 5546; baseline -0.004 -18"><span class='ocrx_word' id='word_1_871' title='bbox 1877 5470 2340 5546; x_wconf 87' lang='lat' dir='ltr'><strong>pulchritudinem</strong></span> <span class='ocrx_word' id='word_1_872' title='bbox 2390 5466 2620 5523; x_wconf 81' lang='lat' dir='ltr'><strong>accedat</strong></span> <span class='ocrx_word' id='word_1_873' title='bbox 2660 5466 2902 5522; x_wconf 88' lang='lat' dir='ltr'><strong>humana</strong></span> <span class='ocrx_word' id='word_1_874' title='bbox 2945 5475 3166 5529; x_wconf 85' lang='lat' dir='ltr'><strong>natura,</strong></span> <span class='ocrx_word' id='word_1_875' title='bbox 3214 5481 3340 5521; x_wconf 89' lang='lat' dir='ltr'><strong>cum</strong></span> <span class='ocrx_word' id='word_1_876' title='bbox 3398 5465 3457 5523; x_wconf 88' lang='lat' dir='ltr'><strong>in</strong></span> 
     </span>
    </p>
   </div>
   <div class='ocr_carea' id='block_1_115' title="bbox 1880 5555 3456 5630">
    <p class='ocr_par' dir='ltr' id='par_1_115' title="bbox 1880 5555 3456 5630">
     <span class='ocr_line' id='line_1_115' title="bbox 1880 5555 3456 5630; baseline -0.004 -8"><span class='ocrx_word' id='word_1_877' title='bbox 1880 5577 2044 5622; x_wconf 82' lang='lat' dir='ltr'><strong>carne</strong></span> <span class='ocrx_word' id='word_1_878' title='bbox 2075 5561 2332 5625; x_wconf 82' lang='lat' dir='ltr'><strong>vivimus,</strong></span> <span class='ocrx_word' id='word_1_879' title='bbox 2367 5572 2437 5614; x_wconf 85' lang='lat' dir='ltr'><strong>an</strong></span> <span class='ocrx_word' id='word_1_880' title='bbox 2461 5573 2584 5616; x_wconf 91' lang='lat' dir='ltr'><strong>cum</strong></span> <span class='ocrx_word' id='word_1_881' title='bbox 2613 5559 2679 5615; x_wconf 89' lang='lat' dir='ltr'><strong>ab</strong></span> <span class='ocrx_word' id='word_1_882' title='bbox 2715 5558 2804 5614; x_wconf 82' lang='lat' dir='ltr'><strong>illa</strong></span> <span class='ocrx_word' id='word_1_883' title='bbox 2832 5559 3070 5630; x_wconf 88' lang='lat' dir='ltr'><strong>separati</strong></span> <span class='ocrx_word' id='word_1_884' title='bbox 3100 5573 3311 5616; x_wconf 90' lang='lat' dir='ltr'><strong>sumus.</strong></span> <span class='ocrx_word' id='word_1_885' title='bbox 3348 5555 3456 5615; x_wconf 52' lang='lat' dir='ltr'><strong>Nec</strong></span> 
     </span>
    </p>
   </div>
  </div>
