3896 6204
491 376 591 433 ΒΗ

1725 380 1784 440 S.
1825 382 2154 442 GREGORII
2188 381 2484 439 NYSSENI

3659 380 3770 441 Si!

494 490 627 545 mini
657 489 883 547 dubium
920 498 1024 559 est,
1056 493 1191 565 quin
1225 502 1285 551 ut
1314 509 1444 552 caro
1489 510 1558 553 ex
1592 498 1819 553 materia
1870 506 2063 555 coacta

2171 499 2376 571 ὑλώδης
2423 493 2558 552 οὖσα
2607 499 2673 569 τῇ
2733 495 2895 569 ὓλικῇ
2929 497 3106 570 ταύτῃ
3151 495 3265 569 ζωῇ
3318 500 3767 570 προσῳκείωται,

490 588 861 653 concretaque
903 586 1030 641 vita:
1081 586 1173 643 isti
1202 602 1404 645 crassae
1436 588 1783 659 coniunctior
1816 598 1937 660 est,
1987 594 2069 649 sic

494 673 713 731 animus
739 682 871 731 tunc
903 692 1030 734 vere
1062 679 1213 734 vivat
1238 680 1407 735 vitam
1441 680 1589 735 illam
1619 697 1649 736 a
1706 684 1936 738 materia
1975 699 2065 739 re-

494 771 723 832 motam,
762 781 886 837 qua:
918 776 1101 826 mente
1139 771 1257 826 sola
1287 772 1794 843 comprehenditur,
1848 777 2069 847 quando

492 859 779 915 materiam
802 860 908 916 sibi
924 862 1335 937 circumiectam
1359 867 1692 933 excusserit,
1711 878 1765 925 et
1783 867 2066 939 abjecerit.

492 951 648 1021 Quod
667 951 714 1008 si
749 953 805 1008 in
835 968 1069 1026 corpore
1096 971 1283 1012 verum
1319 957 1499 1029 ipsum
1542 957 1746 1015 bonum
1795 962 2069 1018 consiste-

493 1053 598 1109 ret,
630 1045 794 1102 nobis
827 1046 1075 1116 profecto
1102 1047 1397 1104 dolendum
1444 1058 1613 1117 esset,
1659 1066 1784 1108 cum
1817 1068 1848 1107 a
1902 1068 2070 1110 carne

492 1138 877 1203 distrahimur,
918 1140 1180 1210 quoniam
1232 1141 1582 1200 discedentes
1618 1159 1649 1198 a
1692 1160 1943 1216 corpore,
1999 1146 2069 1203 ab

491 1229 611 1300 ipsa
633 1229 762 1285 boni
794 1230 1187 1301 conjunctione
1223 1232 1657 1291 discederemus.
1680 1235 1840 1292 Nunc
1883 1244 2067 1293 autem

490 1321 751 1391 quoniam
783 1320 987 1377 bonum
1021 1322 1179 1392 illud,
1221 1339 1386 1396 quam
1416 1327 1647 1399 cogitari
1680 1328 1875 1399 possit,
1910 1330 2071 1403 longe

493 1413 861 1483 praestantius,
896 1413 964 1469 ad
993 1414 1155 1486 cujus
1190 1415 1607 1475 similitudinem
1655 1417 1787 1475 facti
1832 1436 2025 1478 sumus
2047 1462 2066 1489 ,

489 1505 738 1575 corporis
774 1520 972 1577 expers
1009 1515 1116 1572 est,
1178 1516 1469 1579 menteque
1518 1510 1636 1566 sola
1689 1512 2064 1583 perspicitur:

489 1599 650 1656 nobis
679 1606 861 1655 autem
913 1612 1240 1669 persuasum
1284 1614 1409 1657 esse
1450 1598 1640 1667 debet,
1693 1601 1916 1672 quando
1968 1618 2069 1675 per

489 1699 720 1748 mortem
767 1706 972 1762 corpus
1021 1690 1417 1761 relinquimus,
1475 1691 1544 1747 ad
1596 1699 1852 1749 naturam
1892 1693 2065 1764 illam,

486 1783 710 1854 quae'ab
773 1781 922 1838 omni
967 1796 1232 1852 corporea
1289 1781 1659 1839 crassitudine
1698 1792 1910 1840 remota
1957 1792 2064 1852 est,

2173 591 2316 646 οὕτω
2348 591 2440 645 καὶ
2465 593 2498 662 ἡ
2525 590 2671 663 ψυχὴ
2702 591 2825 645 τότε
2858 590 3077 662 μετέχει
3108 590 3207 661 τῆς
3241 591 3438 662 νοερᾶς
3463 590 3557 645 καὶ
3586 581 3771 647 Εΰλου

2175 680 2340 754 ζωῆς,
2373 683 2503 735 ὅταν
2540 680 2638 752 τὴν
2676 681 3038 753 περιέχουσαν
3067 679 3234 752 αὐτὴν
3269 680 3404 753 ὕλην
3432 680 3771 755 ἀποτινάξη-

2172 788 2281 826 ται.
2307 771 2373 824 Τί
2399 766 2493 825 οὖν
2529 772 2587 825 ὲν
2609 770 2824 836 τούτοις
2853 773 3141 843 συμφορᾶς
3173 773 3323 825 ἐστιν
3348 770 3534 840 ἀξιονς
3580 774 3635 826 εἰ
3668 774 3770 844 μιν

2173 863 2284 935 γὰρ
2327 864 2487 936 σῶμα
2514 859 2584 936 ἦν
2612 863 2676 917 τὸ
2710 863 2929 936 ἀληθῶς
2956 863 3179 934 ἀγαθὸν,
3206 864 3584 936 δυσχεραίνειν
3615 867 3767 937 ἡμᾶς

2172 954 2279 1008 ἔδει
2306 954 2442 1025 πρὸς
2472 954 2571 1026 τὴν
2594 956 2696 1026 τῆς
2722 953 2925 1026 σαρκὸς
2947 953 3322 1024 ἀλλοτρίωσιν,
3362 953 3440 1016 ὡς
3465 954 3762 1008 ἐκπιπτόνο

2171 1061 2281 1099 των
2315 1045 2471 1118 ἡμῶν
2502 1046 2712 1101 ἐκείνου
2732 1087 2747 1111 ,
2779 1044 3328 1117 συναποδαλλομένης
3364 1045 3591 1109 πάντως
3624 1047 3755 1116 μετά

2172 1134 2267 1190 τοῦ
2308 1132 2559 1206 σώματος
2601 1137 2697 1191 καὶ
2733 1135 2835 1208 τῆς
2878 1136 3017 1208 πρὸς
3062 1135 3125 1191 τὸ
3156 1136 3361 1206 ἀγαθὸν
3403 1136 3747 1207 οἰκειότητος.

2186 1227 2404 1300 Ἐπειδὴ
2430 1228 2486 1281 δὲ
2523 1228 2709 1299 νοερόν
2735 1244 2795 1282 τε
2837 1227 2935 1282 καὶ
2975 1226 3267 1299 ἀσώματον
3298 1227 3359 1281 τὸ
3394 1227 3537 1299 ὑπὲρ
3578 1230 3750 1283 πᾶσαν

2173 1317 2382 1373 ἔννοιαν
2407 1319 2633 1390 ἀγαθὸν,
2663 1315 2725 1385 οὗ
2748 1321 2870 1375 κατ’
2895 1320 3079 1375 εἰκόνα
3099 1321 3405 1391 γεγόναμεν
3422 1337 3439 1354 υ
3462 1320 3749 1376 ἀκόλουθον

2175 1408 2243 1464 ἂν
2266 1409 2351 1481 εἴη
2380 1408 2695 1474 πεπεῖσθαι,
2727 1410 2857 1465 ὅταν
2879 1410 2969 1465 διὰ
2988 1409 3082 1464 τοῦ
3108 1409 3338 1464 θανάτου
3362 1410 3499 1482 πρὸς
3527 1411 3595 1464 τὸ
3617 1409 3747 1465 ἀσώ-

2176 1517 2348 1572 ματον
2380 1500 2816 1574 μεταδαίνωμεν,
2848 1502 3231 1574 προσεγγίζειν
3260 1502 3444 1574 ἐκείνῃ
3471 1505 3541 1574 τῇ
3573 1502 3744 1574 φύσει,

2171 1591 2209 1663 ἢ
2251 1582 2433 1664 πάσης
2480 1592 2802 1664 σωματικῆς
2828 1593 3208 1664 παχυμερείας
3252 1591 3621 1665 κεχώρισται,
3667 1594 3747 1648 καὶ

2172 1680 2283 1739 οἷόν
2309 1703 2363 1741 τι
2405 1688 2747 1758 προσωπείον
2781 1685 3018 1757 εἰδεχθὲς
3054 1686 3154 1758 τὴν
3180 1684 3430 1757 σαρκώδη
3462 1686 3745 1757 περιϐολὴν

2172 1778 2530 1850 ἑκδυομένους
2550 1819 2565 1844 ,
2593 1779 2672 1845 εἰς
2719 1778 2781 1833 τὸ
2813 1779 3012 1833 οἰκεῖον
3043 1778 3321 1833 ἐπανιέναι
3349 1778 3546 1843 κάλλος
3565 1819 3584 1845 ,
3627 1779 3685 1833 έν
3711 1773 3747 1847 ᾧ

488 1872 931 1945 appropinquare
952 1911 969 1938 ,
1004 1877 1060 1927 et
1090 1872 1278 1927 carnis
1299 1872 1527 1928 exuvias
1567 1879 1828 1944 tanquam
1874 1888 2067 1946 perso-

2171 1870 2289 1924 κατ’
2325 1870 2501 1942 ἀρχὰς
2533 1869 2957 1943 ὲμορφώθημεν,
2997 1870 3119 1924 κατ’
3159 1870 3342 1924 εἰκόνα
3389 1869 3485 1925 τοῦ
3526 1869 3748 1941 ἀρχετύ-

487 1981 615 2021 nam
647 1964 942 2035 quamdam
973 1964 1132 2020 nobis
1155 1964 1463 2035 impositam
1481 1966 1833 2035 deponentes,
1857 1968 1925 2024 ad
1944 1984 2067 2025 eam

485 2056 671 2113 redire
708 2054 1194 2127 pulchritudinem,
1230 2071 1392 2128 quam
1425 2058 1604 2125 initio,
1638 2075 1762 2115 cum
1790 2060 1856 2116 ad
1881 2076 2071 2118 exem-

488 2148 657 2219 plaris
695 2147 986 2219 imaginem
1027 2148 1200 2204 creati
1238 2165 1454 2213 sumus,
1493 2149 1813 2208 habuimus.
1859 2150 1935 2207 Ea
1973 2167 2069 2209 co-

488 2240 680 2312 gitatio
700 2239 943 2294 laetitiam
969 2239 1152 2306 nobis,
1188 2256 1297 2297 non
1328 2242 1610 2299 tristitiam
1639 2243 1864 2300 deberet
1901 2244 2068 2301 all‘er-

488 2349 567 2398 re,
590 2347 715 2387 cum
752 2331 1116 2404 intelligimus
1152 2333 1431 2390 hominem
1473 2337 1793 2393 necessarie
1823 2337 2069 2410 peregri-

489 2421 731 2478 nationis
764 2421 1117 2492 perfunctum
1147 2438 1396 2490 munere,
1429 2439 1542 2480 non
1571 2425 1807 2497 amplius
1834 2428 1892 2484 in
1936 2428 2069 2485 alie-

488 2517 574 2572 nis
609 2514 927 2589 regionibus
957 2517 1167 2581 vivere,
1190 2517 1289 2573 sed
1316 2517 1550 2590 singulis
1584 2518 1891 2585 elementis,
1921 2520 2068 2593 quod

488 2606 558 2661 ab
586 2615 824 2678 utroque
854 2605 1101 2677 ipsorum
1136 2613 1507 2673 mutuaverat,
1561 2607 1805 2677 reddito,
1837 2609 1903 2665 ad
1937 2624 2067 2682 pro-

488 2700 662 2771 priam
696 2699 802 2755 sibi
833 2697 1253 2769 naturalemque
1291 2698 1536 2766 domum,
1564 2713 1781 2769 puram,
1818 2714 1882 2757 ac
1904 2701 2069 2758 cccle-

488 2798 626 2847 stem
654 2790 805 2845 illam
834 2789 1017 2845 sedem
1040 2789 1352 2845 revertisse.
1384 2787 1692 2861 Hospitium
1722 2792 1867 2848 enim
1891 2792 2070 2862 profe-

488 2890 601 2949 cto,
624 2882 972 2951 alienumque
1002 2880 1337 2946 domicilium
1369 2888 1454 2936 est
1482 2889 1695 2939 natura:
1728 2883 1805 2939 illi
1842 2884 2068 2940 materia

488 2973 696 3031 carenti
722 2987 924 3043 corpus
956 2971 1082 3036 hoc,
1113 2971 1206 3026 cui
1240 2986 1396 3027 mens
1426 2972 1480 3028 in
1518 2973 1626 3029 ista
1656 2974 1767 3030 vita
1812 2990 1843 3031 a
1877 2976 2071 3032 condi-

489 3066 637 3121 tione
666 3064 840 3135 ipsius
872 3076 1105 3134 prorsus
1135 3061 1457 3119 abhorrenti
1489 3066 1807 3122 necessario
1838 3066 2070 3138 conjun-

488 3162 598 3218 cta,
639 3151 1006 3208 conﬂictatur.
1056 3149 1192 3205 Nam
1246 3159 1437 3207 mutua
1501 3152 1618 3210 haec
1671 3155 2067 3213 elementorum

2168 1981 2273 2018 που
2303 1963 2605 2035 γενόμενοι.
2642 1964 2708 2019 Ἦ
2726 1964 2784 2018 δὲ
2804 1962 3029 2034 τοιαύτη
3048 1962 3277 2028 διάνοια,
3304 1963 3676 2035 εὐφροσύνης,
3699 1965 3747 2018 ού

2169 2054 2472 2127 κατηφείας
2500 2055 2698 2125 γένοιτ’
2738 2055 2806 2110 ἂν
2841 2058 2955 2122 τοῖς
2989 2055 3303 2127 λεγομένοις
3339 2053 3641 2121 ὑπόθεσις,
3680 2056 3751 2110 δτι

2167 2146 2269 2220 τὴν
2308 2147 2616 2217 ἀναγκαίαν
2654 2146 2859 2219 ταύτην
2899 2146 3245 2219 λειτουργίαν
3288 2145 3704 2220 dm).qu
3727 2148 3753 2202 ὁ

2168 2239 2490 2312 ἄνθρωπος,
2526 2239 2708 2294 οὐκέτι
2752 2240 2812 2294 ὲν
2859 2239 3162 2312 ἀλλοτρίοις
3214 2239 3315 2311 ζῇ,
3368 2238 3612 2304 ἀποδοὺς
3661 2238 3755 2310 μὲν

2168 2331 2386 2403 ικάστῳ
2420 2330 2529 2385 τῶν
2572 2331 2850 2403 στοιχείων
2882 2331 2946 2385 τὸ
2982 2331 3133 2399 ιἴδιον,
3171 2329 3202 2384 δ
3245 2330 3375 2401 παρ’
3404 2327 3592 2384 αὐτῶν
3624 2331 3757 2401 ἡρα-

2168 2422 2374 2489 νίσατο,
2404 2426 2484 2489 εἰς
2513 2423 2571 2479 δὲ
2597 2424 2695 2497 τὴν
2736 2425 2940 2479 οἰκείαν
2969 2423 3117 2496 αύτῷ
3149 2424 3243 2480 καὶ
3288 2423 3429 2478 κατά
3464 2422 3633 2493 φύσιν
3659 2424 3755 2476 έπ-

2172 2502 2412 2571 ανελθὼν
2456 2513 2672 2581 ἑστίαν,
2708 2516 2809 2587 τὴν
2850 2515 3096 2587 καθαρὰν
3125 2515 3222 2570 καὶ
3251 2514 3567 2585 ἀσώματον.
3616 2514 3756 2586 Ξένη

2168 2607 2278 2681 γάρ
2308 2608 2392 2673 τίς
2419 2610 2564 2663 ἐστιν
2589 2608 2759 2672 ὅντως
2790 2608 2882 2663 καὶ
2915 2608 3222 2680 ἀλλοδαπῆς
3248 2611 3316 2680 τῇ
3341 2607 3625 2680 ἀσωμάτῳ
3652 2607 3755 2678 φύ-

2172 2718 2254 2755 σει
2283 2701 2317 2772 ὴ
2353 2699 2446 2755 τοῦ
2478 2698 2730 2771 σώματος
2758 2700 2880 2773 ὕλη,
2917 2695 3093 2776 ᾖκατ”
3122 2702 3369 2773 ἀνάγκην
3395 2702 3424 2756 ό
3450 2699 3580 2764 νοῦς
3610 2703 3671 2755 ὲν
3693 2701 3757 2772 τῇ

2169 2790 2283 2862 ζωῇ
2313 2790 2486 2862 ταύτῃ
2514 2789 3031 2861 συμπεπλεγμένος,
3067 2788 3465 2861 ὲνταλαιπωρεῖ
3489 2787 3570 2859 τῷ
3598 2787 3757 2842 ἀλλο⁴

2171 2879 2324 2951 φύλῳ
2368 2879 2469 2952 βίῳ
2523 2878 2993 2952 συνδιαιτώμενος.
3027 2879 3140 2951 Τῆς
3173 2878 3285 2951 γὰρ
3327 2879 3437 2933 τῶν
3478 2877 3761 2949 στοιχείων

2169 2970 2308 3043 πρὸς
2336 2970 2543 3043 ἄλληλα
2574 2970 2894 3043 συμπλοκῆς
2914 3011 2929 3036 ,
2964 2969 3152 3041 ὥσπερ
3182 2969 3348 3024 τινῶν
3378 2968 3764 3041 ἀλληλογλώσ-

2172 3078 2281 3116 σων
2303 3079 2363 3117 τε
2392 3063 2487 3117 καὶ
2513 3061 3079 3133 ἀπεξενωμὲνωνποῖς
3117 3061 3306 3132 ῆθεσιν
3332 3060 3660 3133 ἀνθρώπιον,
3694 3063 3761 3113 ὲκ

2168 3154 2443 3227 διαφόρων
2480 3154 2652 3210 ἐθνῶν
2691 3153 2789 3208 ενα
2822 3153 2995 3226 δῆμον
3029 3153 3525 3225 ἀναπληρούντων,
3569 3152 3761 3223 βεϐια-

488 3240 806 3311 conjunctio
843 3249 928 3297 est
958 3240 1128 3296 veluti
1172 3240 1456 3297 hominum
1488 3244 1656 3299 variis
1683 3252 1738 3300 et
1771 3245 1974 3318 linguis
2011 3254 2067 3304 et

2171 3247 2345 3319 σμένη
2374 3264 2435 3301 τε
2460 3247 2555 3302 καὶ
2574 3245 2901 3319 ἀσύμφωνος
2928 3247 3137 3315 γίνεται
3160 3246 3195 3318 ή
3220 3244 3501 3311 κοινωνία,
3524 3246 3759 3299 ἑκάστου

489 3333 736 3389 moribus
779 3333 1074 3400 utentium,
1131 3334 1225 3405 qui
1283 3349 1352 3391 ex
1404 3334 1639 3393 diversis
1702 3339 1958 3409 gentibus
2012 3341 2069 3396 in

489 3441 659 3481 unum
690 3425 1084 3492 conﬂuxerint,
1130 3427 1372 3483 violenta
1407 3420 1656 3499 quadam
1698 3433 1936 3488 societas
1985 3439 2071 3487 at-

487 3531 596 3587 que
631 3515 988 3584 dissentiens,
1020 3532 1146 3572 cum
1177 3532 1209 3571 a
1236 3533 1335 3573 sua
1384 3521 1822 3594 unumquodque
1870 3533 2070 3581 natura

488 3608 557 3663 ad
588 3609 871 3680 proprium
900 3616 1504 3681 cognatumque‘genus
1537 3607 1905 3670 distrahatur.
1932 3617 2067 3673 Ani-

489 3717 615 3757 mus
640 3710 847 3768 autem,
876 3702 969 3774 qui
1006 3718 1116 3758 non
1147 3710 1233 3758 est
1275 3704 1638 3774 compositus,
1681 3708 1775 3763 sed
1831 3707 2069 3778 simplici

488 3801 657 3863 atque
707 3795 873 3851 unius
921 3797 1141 3867 generis
1193 3805 1391 3852 natura
1457 3805 1697 3863 constat,
1756 3799 1901 3856 inter
1954 3801 2069 3857 haec

490 3893 754 3955 tanquam
790 3886 991 3957 hospes
1018 3903 1082 3942 ac
1108 3889 1430 3961 peregrinus
1458 3888 1612 3956 vivit,
1653 3905 1755 3945 nec
1796 3906 1920 3947 cum
1952 3892 2067 3949 ele-

2165 3339 2303 3411 πρὺς
2338 3339 2400 3394 τὸ
2428 3338 2690 3409 συγγενὲς
2717 3340 2813 3396 καὶ
2852 3340 3052 3393 οἰκεῖον
3085 3338 3191 3393 ύπὸ
3234 3338 3334 3410 τῆς
3372 3337 3513 3401 ἰδίας
3542 3336 3761 3407 φύσεως

2163 3433 2559 3505 ἀφελκομένου.
2615 3432 2677 3490 Ὀ
2720 3433 2778 3488 δὲ
2829 3434 2954 3498 νοῦς
2999 3435 3028 3488 ό
3068 3434 3282 3498 τούτοις
3324 3433 3759 3505 ἐγκεκραμένος,

2163 3525 2457 3592 ἀσύνθετος
2481 3527 2558 3582 ὢν
2587 3529 2647 3583 ὲν
2689 3526 2834 3598 ἁπλῇ
2866 3543 2927 3581 τε
2955 3526 3048 3581 καὶ
3083 3527 3344 3598 μονοειδεί
3378 3529 3446 3598 τῇ
3482 3527 3670 3597 φύσει,
3703 3527 3760 3580 ὲν

2168 3616 2340 3682 ξένοις
2361 3618 2458 3674 καλ⁵
2477 3618 2781 3691 ἀλλοτρίοις
2799 3616 2889 3691 ζῇ,
2913 3616 3233 3690 ἀσύμφυλος
3252 3616 3327 3672 ὢν
3346 3618 3423 3689 τῷ
3444 3618 3760 3689 περιέχοντι

2172 3708 2335 3762 αὑτὸν
2368 3711 2431 3763 ὲκ
2463 3710 2572 3764 τῶν
2619 3708 2895 3781 στοιχείων
2930 3709 3107 3780 δήμῳ,
3133 3708 3195 3773 ὃς
3224 3711 3291 3782 τῇ
3320 3709 3662 3782 πολυμερείᾳ
3690 3711 3760 3782 τῇ

2176 3804 2461 3873 σωματικῇ
2488 3802 2556 3855 δι’
2598 3801 2845 3872 ἀνάγκης
2871 3801 3015 3864 τινὸς
3045 3802 3471 3875 ὲνσπειράμενος
3506 3802 3613 3873 τὴν
3634 3803 3764 3856 ἑαυ-

2172 3891 2268 3946 τοῦ
2294 3892 2456 3962 φύσιν
2475 3891 2746 3963 βιάζεται,
2784 3893 2899 3957 τοῖς
2928 3890 3246 3962 ἀλλοφύλοις
3277 3892 3587 3965 ἑνούμενος.

488 3984 823 4045 mentorum,
865 3987 925 4034 ut
980 3980 1055 4033 ita
1097 3978 1312 4047 dicam,
1368 3982 1572 4052 populo
1616 3990 1798 4052 potest
1854 3998 2176 4052 congruere.
2239 3982 2291 4041 ls
2347 3985 2495 4041 enim
2558 3984 2892 4043 necessitate
2950 3983 3186 4056 quadam
3233 4002 3301 4043 ex
3355 3986 3765 4058 multiplicibus

488 4070 883 4139 corporeisque
923 4070 1209 4141 particulis
1247 4082 1472 4129 coactus
1523 4082 1775 4131 naturam
1840 4091 1997 4132 suam
2059 4075 2226 4150 cogit,
2286 4085 2343 4134 et
2380 4094 2449 4135 ex
2511 4079 2812 4137 contrariis
2868 4081 3164 4153 generibus
3217 4079 3539 4150 copulatur,
3589 4089 3764 4153 atque

489 4174 659 4214 unum
684 4158 938 4215 ellicitur.
1799 4212 1803 4217 .

561 4248 765 4306 Verum
830 4266 957 4307 cum
1015 4252 1290 4309 elementa
1320 4256 1647 4313 naturaliter
1697 4257 1841 4314 inter
1868 4275 1927 4317 se
1954 4260 2071 4319 dis-

489 4342 770 4411 sentiant,
798 4357 863 4400 ac
905 4343 1313 4409 dissolvantur,
1342 4356 1395 4403 et
1428 4348 1497 4403 ad
1529 4365 1694 4405 suum
1750 4353 2070 4423 proprium-

491 4448 601 4502 que
640 4449 814 4504 genus
860 4435 1085 4506 singula
1115 4437 1482 4504 contendant,
1534 4439 1589 4495 in
1642 4456 1707 4496 ea
1762 4450 2066 4500 concentus

2245 4260 2366 4316 Τῶν
2389 4260 2445 4314 δὲ
2469 4259 2747 4332 στοιχείων
2769 4260 2902 4332 πρὸς
2924 4259 3023 4333 τὴν
3050 4260 3160 4324 τῶν
3187 4261 3280 4315 ἀπ’
3289 4258 3535 4331 ἀλλήλων
3564 4261 3760 4317 διάλυ-

2174 4371 2262 4409 σιν
2296 4352 2540 4425 φυσικῶς
2572 4352 2667 4406 ἐπὶ
2695 4352 2757 4406 τὸ
2795 4353 3055 4423 συγγενές
3080 4370 3139 4407 τε
3178 4353 3272 4407 καὶ
3295 4353 3496 4406 οἰκεῖον
3522 4353 3762 4422 ἀφελκυ-

2146 4446 2373 4517 ⁴μένων,
2402 4445 2636 4511 ἀνιᾶται,
2687 4444 2807 4498 κατ’
2836 4444 3081 4515 ἀνάγκην
3114 4444 3380 4517 λυομένης
3404 4462 3468 4498 τε
3510 4447 3609 4499 καὶ
3644 4464 3759 4518 σχι-

487 4524 854 4581 dissolutione
903 4541 1100 4581 sensus
1154 4529 1374 4599 angitur
1433 4531 1777 4599 necessario,
1829 4540 1886 4589 et
1957 4549 2067 4591 una

2174 4534 2406 4607 ζομένης
2452 4534 2553 4605 τῆς
2597 4535 2890 4605 συμφυΐας,
2933 4536 2967 4606 ἠ
3004 4534 3287 4606 αἴσθησις·
3341 4536 3660 4592 συνίσταται
3703 4538 3758 4592 δὲ

486 4630 614 4671 cum
664 4617 787 4686 ipso
839 4630 1004 4671 sensu
1058 4617 1340 4671 cruciatur
1384 4620 1648 4678 animus:
1701 4623 1797 4693 qui
1844 4624 1971 4682 licet
1998 4627 2068 4683 ab

488 4708 610 4778 ipso
660 4721 894 4777 corpore
960 4720 1177 4777 semper
1225 4708 1492 4765 alliciatur
1557 4713 1842 4780 molestia,
1908 4717 1966 4772 in
2003 4718 2069 4773 il—

487 4800 582 4856 lud
638 4808 818 4855 tamen
870 4798 941 4854 ob
989 4800 1410 4858 consuetudinis
1447 4806 1910 4863 necessitudinem
1941 4824 2069 4879 pro-

487 4906 695 4962 pensus
715 4897 819 4947 est.
852 4890 1221 4958 Quamobrem
1267 4902 1400 4950 tunc
1427 4894 1649 4952 animus
1694 4897 1821 4969 angi
1851 4901 2070 4956 crucia-

487 4985 643 5054 rique
677 4985 881 5041 desinit
904 5027 920 5054 ,
947 4976 1072 5041 cum
1107 5002 1137 5042 a
1163 5002 1345 5058 pugna
1369 5028 1387 5055 ,
1414 5004 1538 5059 quae
1566 5005 1634 5045 ex
1662 4991 2067 5050 contrariorum

486 5076 886 5132 elementorum
952 5078 1345 5148 conjunctione
1422 5083 1748 5154 consurgit,
1807 5086 2064 5143 evaserit.

488 5165 704 5223 Etenim
735 5182 860 5223 cum
903 5169 987 5225 vel
1048 5169 1307 5241 frigidum
1366 5173 1436 5228 ab
1484 5182 1850 5245 exsuperante
1888 5176 2068 5233 calido

487 5259 693 5316 victum
728 5258 929 5327 fuerit,
977 5260 1063 5316 vel
1106 5261 1345 5317 calidum
1388 5263 1441 5317 vi
1478 5262 1657 5336 frigidi
1709 5274 2065 5337 superatum,

488 5354 573 5407 vel
602 5353 738 5410 sicci
763 5354 1021 5425 potentiae
1060 5353 1346 5410 humidum
1379 5357 1774 5423 succubuerit;
1808 5366 2070 5415 contrave

487 5445 697 5501 siccum
764 5446 980 5516 ipsum,
1050 5445 1394 5506 humiditatis
1461 5451 1619 5522 copia
1693 5451 2065 5517 dissolutum,

489 5537 737 5601 cesserit,
775 5545 907 5593 tunc
937 5538 1080 5594 bello
1106 5554 1205 5610 per
1234 5548 1466 5597 mortem
1504 5542 1759 5598 confecto
1778 5584 1793 5609 ,
1825 5544 2064 5607 animus,

491 5628 683 5683 relicto
708 5627 1084 5687 dimicationis
1117 5646 1313 5704 campo
1333 5673 1347 5697 ,
1404 5634 1457 5688 id
1498 5644 1583 5689 est
1602 5673 1618 5697 ,
1649 5637 1770 5703 ipso
1796 5648 2025 5705 corpore
2049 5675 2063 5698 ,

494 5732 628 5789 pace
653 5719 847 5784 utitur,
872 5729 930 5775 et
958 5728 1114 5776 extra
1148 5722 1295 5778 acies
1329 5723 1630 5780 instructas
1660 5740 1943 5796 egressus,
1980 5726 2065 5780 vi-

492 5810 757 5882 ribusque
781 5810 932 5879 suis,
957 5826 1079 5883 quae
1106 5815 1393 5886 complexu
1435 5816 1685 5890 corporis
1733 5817 1946 5875 stilictm
1983 5818 2063 5876 la-

2168 4628 2237 4698 τῇ
2282 4625 2535 4697 αἰσθήσει
2570 4624 2631 4678 rb
2660 4623 2998 4695 διανοητικόν
3028 4622 3129 4694 τῆς
3178 4622 3357 4694 ψυχῆς
3394 4623 3531 4693 πρὸς
3564 4624 3633 4678 τὸ
3672 4626 3757 4680 ἀεὶ

2168 4716 2373 4771 λυποῦν
2402 4718 2468 4770 ὲκ
2501 4715 2786 4786 συνηθείας
2814 4715 3243 4786 ὲπικλινόμενον.
3282 4714 3415 4768 Τότε
3444 4710 3536 4769 οῦν
3572 4718 3607 4770 ό
3637 4717 3755 4780 νοῦς

2167 4807 2453 4881 δυσφορῶν
2488 4825 2548 4863 τε
2596 4808 2691 4861 καὶ
2734 4807 3031 4877 ἀνιώμενος
3063 4807 3317 4872 παύεται,
3353 4809 3483 4862 ὅταν
3527 4808 3642 4874 ἔξω
3669 4810 3750 4877 γέ-

2168 4916 2326 4970 νηται
2353 4899 2454 4971 τῆς
2488 4899 2668 4969 μάχης
2703 4898 2800 4971 τῆς
2831 4900 2891 4951 εν
2923 4900 2989 4969 τῇ
3020 4897 3306 4969 συμπλοκῇ
3334 4897 3443 4951 τῶν
3485 4900 3748 4953 ἀντιστοιο

2169 4990 2407 5061 χούντων
2440 4992 2853 5062 συνισταμένης.
2914 4991 3164 5046 Ἐπειδὰν
3204 4992 3316 5064 γάρ
3363 4992 3397 5064 ἢ
3441 4993 3505 5046 τδ
3547 4994 3750 5065 ψυχρὸν

2166 5080 2374 5153 ἡττηθῇ
2432 5079 2528 5134 τοῦ
2578 5081 2783 5154 θερμοῦ
2833 5083 3278 5154 κατισχύσαντος,
3323 5084 3358 5154 ἢ
3406 5084 3473 5137 τὸ
3520 5085 3756 5156 ἔμπαλιν

2169 5173 2347 5245 φεύγῃ
2384 5173 2477 5227 τὸν
2506 5173 2845 5246 πλεονασμὸν
2884 5176 2984 5247 τῆς
3010 5175 3223 5247 ψύξεως
3256 5179 3291 5249 ἠ
3336 5176 3631 5249 θερμότης,
3670 5178 3759 5249 τῷ

2166 5283 2226 5319 τε
2254 5266 2404 5339 ξηρῷ
2426 5266 2515 5321 διὰ
2542 5267 2641 5338 τῆς
2670 5268 3086 5340 ὲπικρατήσεως
3112 5269 3174 5335 τὸ
3205 5269 3373 5342 ὑγρὸν
3394 5271 3758 5343 ὑποχωρήσῃ.

2166 5359 2201 5431 ἢ
2237 5358 2459 5431 διαλυθῇ
2502 5359 2596 5414 τοῦ
2652 5359 2818 5431 ξηροῦ
2867 5362 2929 5416 τὸ
2979 5364 3175 5432 πάγιον
3206 5364 3266 5418 ὲν
3312 5363 3392 5434 τῷ
3427 5364 3765 5435 πλεονασμῷ

2167 5451 2267 5523 τῆς
2297 5453 2617 5524 ὑγρότητος,
2665 5453 2786 5507 τότε
2820 5452 2914 5508 τοῦ
2962 5454 3020 5508 ἐν
3067 5456 3208 5526 ἡμῖν
3243 5454 3484 5527 πολέμου
3527 5455 3610 5509 διὰ
3652 5455 3766 5511 τοῦ

2169 5544 2396 5598 θανάτου
2430 5545 2701 5610 λυθέντος,
2736 5547 2961 5619 εἰρήνην
3009 5546 3038 5600 ὀ
3086 5549 3211 5613 νοῦς
3258 5548 3403 5617 ἄγει,
3438 5547 3771 5604 καταλιπὼν

2168 5637 2228 5692 τὸ
2255 5638 2353 5710 τῆς
2388 5638 2568 5710 μάχης
2616 5638 2959 5712 μεταίχμιον,
3012 5640 3074 5695 τὸ
3106 5641 3264 5713 σῶμα
3312 5641 3478 5711 λέγω,
3509 5642 3601 5696 καὶ
3651 5643 3769 5713 τῆς

2168 5726 2275 5783 τῶν
2317 5726 2594 5798 στοιχείων
2627 5727 2763 5799 πρὸς
2795 5728 2997 5800 ἄλληλα
3036 5730 3397 5801 παρατάξεως
3445 5732 3567 5798 ἔξω
3592 5735 3765 5799 γενό-

2171 5837 2349 5893 μενος,
2403 5818 2524 5876 καθ’
2562 5818 2753 5875 ἑαυτὸν
2787 5818 2875 5894 ζῇ,
2912 5823 3283 5895 πεπονηκυῖαν
3317 5822 3377 5877 έν
3415 5820 3481 5890 τῇ
3514 5821 3613 5877 τοῦ
3650 5824 3761 5881 ad».
