  <div class='ocr_page' id='page_1' title='image "/cluster/home/n/w/nwhite01/storage/ocr_20150623/46/hvd.32044054112198/272.png"; bbox 0 0 3896 6204; ppageno 0'>
   <div class='ocr_carea' id='block_1_1' title="bbox 188 162 288 222">
    <p class='ocr_par' dir='ltr' id='par_1_1' title="bbox 188 162 288 222">
     <span class='ocr_line' id='line_1_1' title="bbox 188 162 288 222; baseline -0.04 -1"><span class='ocrx_word' id='word_1_1' title='bbox 188 162 288 222; x_wconf 72' lang='lat' dir='ltr'><strong>M3</strong></span> 
     </span>
    </p>
   </div>
   <div class='ocr_carea' id='block_1_2' title="bbox 1562 163 2039 224">
    <p class='ocr_par' dir='ltr' id='par_1_2' title="bbox 1562 163 2039 224">
     <span class='ocr_line' id='line_1_2' title="bbox 1562 163 2039 224; baseline 0.004 -5"><span class='ocrx_word' id='word_1_2' title='bbox 1562 165 1653 220; x_wconf 84' lang='lat' dir='ltr'><strong>DE</strong></span> <span class='ocrx_word' id='word_1_3' title='bbox 1704 163 2039 224; x_wconf 78' lang='lat' dir='ltr'><strong>MORTUIS.</strong></span> 
     </span>
    </p>
   </div>
   <div class='ocr_carea' id='block_1_3' title="bbox 3332 172 3440 229">
    <p class='ocr_par' dir='ltr' id='par_1_3' title="bbox 3332 172 3440 229">
     <span class='ocr_line' id='line_1_3' title="bbox 3332 172 3440 229; baseline 0 -1"><span class='ocrx_word' id='word_1_4' title='bbox 3332 172 3440 229; x_wconf 76' lang='lat' dir='ltr'><strong>5M</strong></span> 
     </span>
    </p>
   </div>
   <div class='ocr_carea' id='block_1_4' title="bbox 189 238 1747 357">
    <p class='ocr_par' dir='ltr' id='par_1_4' title="bbox 189 278 1747 357">
     <span class='ocr_line' id='line_1_4' title="bbox 189 278 1747 357; baseline 0.006 -28"><span class='ocrx_word' id='word_1_5' title='bbox 189 294 342 350; x_wconf 71' lang='grc' dir='ltr'>ματος</span> <span class='ocrx_word' id='word_1_6' title='bbox 364 278 657 351; x_wconf 73' lang='grc' dir='ltr'>συμπλοκῇ</span> <span class='ocrx_word' id='word_1_7' title='bbox 696 280 798 353; x_wconf 75' lang='grc' dir='ltr'>τὴν</span> <span class='ocrx_word' id='word_1_8' title='bbox 830 281 986 352; x_wconf 80' lang='grc' dir='ltr'>ίσχῦν</span> <span class='ocrx_word' id='word_1_9' title='bbox 1019 282 1214 337; x_wconf 78' lang='grc' dir='ltr'>ἑαυτοῦ</span> <span class='ocrx_word' id='word_1_10' title='bbox 1256 284 1323 338; x_wconf 79' lang='grc' dir='ltr'>δι’</span> <span class='ocrx_word' id='word_1_11' title='bbox 1364 284 1593 357; x_wconf 74' lang='grc' dir='ltr'>ἡσυχίας</span> <span class='ocrx_word' id='word_1_12' title='bbox 1627 285 1747 339; x_wconf 88' lang='grc' dir='ltr'>ἀνα-</span> 
     </span>
    </p>
   </div>
   <div class='ocr_carea' id='block_1_5' title="bbox 1850 238 3437 357">
    <p class='ocr_par' dir='ltr' id='par_1_5' title="bbox 1866 281 3437 354">
     <span class='ocr_line' id='line_1_5' title="bbox 1866 281 3437 354; baseline 0.001 -15"><span class='ocrx_word' id='word_1_13' title='bbox 1866 283 2167 348; x_wconf 86' lang='lat' dir='ltr'><strong>borabant,</strong></span> <span class='ocrx_word' id='word_1_14' title='bbox 2202 296 2299 351; x_wconf 91' lang='lat' dir='ltr'><strong>per</strong></span> <span class='ocrx_word' id='word_1_15' title='bbox 2329 281 2504 337; x_wconf 88' lang='lat' dir='ltr'><strong>otium</strong></span> <span class='ocrx_word' id='word_1_16' title='bbox 2551 281 2929 354; x_wconf 88' lang='lat' dir='ltr'><strong>recuperatis,</strong></span> <span class='ocrx_word' id='word_1_17' title='bbox 2962 297 3151 340; x_wconf 86' lang='lat' dir='ltr'><strong>secum</strong></span> <span class='ocrx_word' id='word_1_18' title='bbox 3206 283 3326 354; x_wconf 89' lang='lat' dir='ltr'><strong>ipse</strong></span> <span class='ocrx_word' id='word_1_19' title='bbox 3354 286 3437 340; x_wconf 91' lang='lat' dir='ltr'><strong>vi-</strong></span> 
     </span>
    </p>
   </div>
   <div class='ocr_carea' id='block_1_6' title="bbox 184 368 1762 446">
    <p class='ocr_par' dir='ltr' id='par_1_6' title="bbox 184 368 1762 446">
     <span class='ocr_line' id='line_1_6' title="bbox 184 368 1762 446; baseline 0.003 -23"><span class='ocrx_word' id='word_1_20' title='bbox 184 368 485 439; x_wconf 74' lang='grc' dir='ltr'>λαμδάνων.</span> <span class='ocrx_word' id='word_1_21' title='bbox 523 368 712 425; x_wconf 85' lang='grc' dir='ltr'>Ταῦτα</span> <span class='ocrx_word' id='word_1_22' title='bbox 743 371 926 425; x_wconf 77' lang='grc' dir='ltr'><strong>τοίνυν</strong></span> <span class='ocrx_word' id='word_1_23' title='bbox 972 373 1069 426; x_wconf 78' lang='grc' dir='ltr'>καὶ</span> <span class='ocrx_word' id='word_1_24' title='bbox 1097 372 1165 426; x_wconf 72' lang='grc' dir='ltr'>τὰ</span> <span class='ocrx_word' id='word_1_25' title='bbox 1194 372 1418 425; x_wconf 87' lang='grc' dir='ltr'>τοιαῦτα</span> <span class='ocrx_word' id='word_1_26' title='bbox 1450 376 1563 436; x_wconf 86' lang='grc' dir='ltr'>τοῖς</span> <span class='ocrx_word' id='word_1_27' title='bbox 1593 376 1651 429; x_wconf 82' lang='grc' dir='ltr'>ὲν</span> <span class='ocrx_word' id='word_1_28' title='bbox 1683 372 1762 446; x_wconf 84' lang='grc' dir='ltr'>τῷ</span> 
     </span>
    </p>
   </div>
   <div class='ocr_carea' id='block_1_7' title="bbox 182 456 1760 533">
    <p class='ocr_par' dir='ltr' id='par_1_7' title="bbox 182 456 1760 533">
     <span class='ocr_line' id='line_1_7' title="bbox 182 456 1760 533; baseline 0.002 -22"><span class='ocrx_word' id='word_1_29' title='bbox 182 459 385 527; x_wconf 70' lang='grc' dir='ltr'>ώματι</span> <span class='ocrx_word' id='word_1_30' title='bbox 422 456 591 523; x_wconf 79' lang='grc' dir='ltr'>ζῶσιν</span> <span class='ocrx_word' id='word_1_31' title='bbox 636 461 667 512; x_wconf 84' lang='grc' dir='ltr'><strong>δ</strong></span> <span class='ocrx_word' id='word_1_32' title='bbox 720 459 844 522; x_wconf 90' lang='grc' dir='ltr'>νοῦς</span> <span class='ocrx_word' id='word_1_33' title='bbox 890 459 1194 529; x_wconf 83' lang='grc' dir='ltr'>διαλέγεται</span> <span class='ocrx_word' id='word_1_34' title='bbox 1213 499 1230 522; x_wconf 87' lang='grc'><strong>,</strong></span> <span class='ocrx_word' id='word_1_35' title='bbox 1267 461 1550 531; x_wconf 76' lang='grc' dir='ltr'><strong>μονονουχὶ</strong></span> <span class='ocrx_word' id='word_1_36' title='bbox 1576 461 1760 533; x_wconf 79' lang='grc' dir='ltr'>φωνὴν</span> 
     </span>
    </p>
   </div>
   <div class='ocr_carea' id='block_1_8' title="bbox 175 546 1761 623">
    <p class='ocr_par' dir='ltr' id='par_1_8' title="bbox 175 546 1761 623">
     <span class='ocr_line' id='line_1_8' title="bbox 175 546 1761 623; baseline 0.001 -21"><span class='ocrx_word' id='word_1_37' title='bbox 175 550 374 618; x_wconf 70' lang='grc' dir='ltr'>ἀφιεὶς,</span> <span class='ocrx_word' id='word_1_38' title='bbox 405 550 492 603; x_wconf 83' lang='grc' dir='ltr'>ὅτι</span> <span class='ocrx_word' id='word_1_39' title='bbox 528 546 598 602; x_wconf 81' lang='grc' dir='ltr'><strong><em>Ὦ</em></strong></span> <span class='ocrx_word' id='word_1_40' title='bbox 627 549 924 622; x_wconf 78' lang='grc' dir='ltr'>ἄνθρωποι,</span> <span class='ocrx_word' id='word_1_41' title='bbox 967 550 1091 606; x_wconf 73' lang='grc' dir='ltr'>οὔτε</span> <span class='ocrx_word' id='word_1_42' title='bbox 1120 553 1179 605; x_wconf 78' lang='grc' dir='ltr'>ὲν</span> <span class='ocrx_word' id='word_1_43' title='bbox 1207 547 1290 615; x_wconf 78' lang='grc' dir='ltr'><strong>οἷς</strong></span> <span class='ocrx_word' id='word_1_44' title='bbox 1316 553 1467 617; x_wconf 80' lang='grc' dir='ltr'>ὲστε,</span> <span class='ocrx_word' id='word_1_45' title='bbox 1517 551 1761 623; x_wconf 77' lang='grc' dir='ltr'>ἀκριϐῶς</span> 
     </span>
    </p>
   </div>
   <div class='ocr_carea' id='block_1_9' title="bbox 173 642 1756 715">
    <p class='ocr_par' dir='ltr' id='par_1_9' title="bbox 173 642 1756 715">
     <span class='ocr_line' id='line_1_9' title="bbox 173 642 1756 715; baseline 0.003 -20"><span class='ocrx_word' id='word_1_46' title='bbox 173 642 373 707; x_wconf 60' lang='lat' dir='ltr'><strong>eanec,</strong></span> <span class='ocrx_word' id='word_1_47' title='bbox 406 643 502 696; x_wconf 76' lang='grc' dir='ltr'>καὶ</span> <span class='ocrx_word' id='word_1_48' title='bbox 531 643 611 706; x_wconf 85' lang='grc' dir='ltr'><strong>είς</strong></span> <span class='ocrx_word' id='word_1_49' title='bbox 630 644 660 696; x_wconf 82' lang='grc' dir='ltr'><strong>ὃ</strong></span> <span class='ocrx_word' id='word_1_50' title='bbox 686 659 742 696; x_wconf 91' lang='grc' dir='ltr'><strong>τι</strong></span> <span class='ocrx_word' id='word_1_51' title='bbox 782 644 1200 715; x_wconf 82' lang='grc' dir='ltr'>μεταχωρήσετε</span> <span class='ocrx_word' id='word_1_52' title='bbox 1218 683 1233 708; x_wconf 91' lang='grc'><strong>,</strong></span> <span class='ocrx_word' id='word_1_53' title='bbox 1266 642 1419 697; x_wconf 77' lang='grc' dir='ltr'>οὔπω</span> <span class='ocrx_word' id='word_1_54' title='bbox 1443 643 1756 699; x_wconf 77' lang='grc' dir='ltr'>ἐπίστασθε.</span> 
     </span>
    </p>
   </div>
   <div class='ocr_carea' id='block_1_10' title="bbox 171 728 1760 807">
    <p class='ocr_par' dir='ltr' id='par_1_10' title="bbox 171 728 1760 807">
     <span class='ocr_line' id='line_1_10' title="bbox 171 728 1760 807; baseline 0.002 -20"><span class='ocrx_word' id='word_1_55' title='bbox 171 734 228 787; x_wconf 73' lang='grc' dir='ltr'>τό</span> <span class='ocrx_word' id='word_1_56' title='bbox 251 734 374 804; x_wconf 80' lang='grc' dir='ltr'>μὲν</span> <span class='ocrx_word' id='word_1_57' title='bbox 402 733 509 805; x_wconf 92' lang='grc' dir='ltr'><strong>γάρ</strong></span> <span class='ocrx_word' id='word_1_58' title='bbox 534 733 710 804; x_wconf 84' lang='grc' dir='ltr'>παρὸν</span> <span class='ocrx_word' id='word_1_59' title='bbox 730 728 842 788; x_wconf 74' lang='grc' dir='ltr'>οἷον</span> <span class='ocrx_word' id='word_1_60' title='bbox 868 738 935 807; x_wconf 80' lang='grc' dir='ltr'>τῇ</span> <span class='ocrx_word' id='word_1_61' title='bbox 961 734 1119 803; x_wconf 86' lang='grc' dir='ltr'>φύσει</span> <span class='ocrx_word' id='word_1_62' title='bbox 1139 737 1305 801; x_wconf 73' lang='grc' dir='ltr'>ἐστὶν,</span> <span class='ocrx_word' id='word_1_63' title='bbox 1338 734 1490 789; x_wconf 76' lang='grc' dir='ltr'>οὔπω</span> <span class='ocrx_word' id='word_1_64' title='bbox 1518 734 1760 807; x_wconf 78' lang='grc' dir='ltr'>ἐξευρεῖν</span> 
     </span>
    </p>
   </div>
   <div class='ocr_carea' id='block_1_11' title="bbox 165 824 1759 900">
    <p class='ocr_par' dir='ltr' id='par_1_11' title="bbox 165 824 1759 900">
     <span class='ocr_line' id='line_1_11' title="bbox 165 824 1759 900; baseline 0.001 -21"><span class='ocrx_word' id='word_1_65' title='bbox 165 824 391 895; x_wconf 75' lang='grc' dir='ltr'>ὀλόγος</span> <span class='ocrx_word' id='word_1_66' title='bbox 440 826 746 897; x_wconf 79' lang='grc' dir='ltr'><strong>δεδύνηται,</strong></span> <span class='ocrx_word' id='word_1_67' title='bbox 792 826 930 882; x_wconf 89' lang='grc' dir='ltr'><strong>ἀλλά</strong></span> <span class='ocrx_word' id='word_1_68' title='bbox 977 826 1117 899; x_wconf 78' lang='grc' dir='ltr'>πρὸς</span> <span class='ocrx_word' id='word_1_69' title='bbox 1164 827 1331 899; x_wconf 83' lang='grc' dir='ltr'>μόνην</span> <span class='ocrx_word' id='word_1_70' title='bbox 1376 827 1475 900; x_wconf 82' lang='grc' dir='ltr'>τὴν</span> <span class='ocrx_word' id='word_1_71' title='bbox 1518 828 1611 881; x_wconf 88' lang='grc' dir='ltr'><strong>τοῦ</strong></span> <span class='ocrx_word' id='word_1_72' title='bbox 1658 827 1759 898; x_wconf 78' lang='grc' dir='ltr'><strong>ζῇν</strong></span> 
     </span>
    </p>
   </div>
   <div class='ocr_carea' id='block_1_12' title="bbox 164 914 1756 989">
    <p class='ocr_par' dir='ltr' id='par_1_12' title="bbox 164 914 1756 989">
     <span class='ocr_line' id='line_1_12' title="bbox 164 914 1756 989; baseline 0 -20"><span class='ocrx_word' id='word_1_73' title='bbox 164 916 455 988; x_wconf 76' lang='grc' dir='ltr'>συνήθειαν</span> <span class='ocrx_word' id='word_1_74' title='bbox 489 916 701 988; x_wconf 83' lang='grc' dir='ltr'>βλέπει,</span> <span class='ocrx_word' id='word_1_75' title='bbox 754 917 830 989; x_wconf 76' lang='grc' dir='ltr'>μὴ</span> <span class='ocrx_word' id='word_1_76' title='bbox 875 916 1173 988; x_wconf 84' lang='grc' dir='ltr'>δυνάμενος</span> <span class='ocrx_word' id='word_1_77' title='bbox 1214 918 1436 986; x_wconf 86' lang='grc' dir='ltr'>γνῶναι,</span> <span class='ocrx_word' id='word_1_78' title='bbox 1484 917 1567 981; x_wconf 87' lang='grc' dir='ltr'><strong>τίς</strong></span> <span class='ocrx_word' id='word_1_79' title='bbox 1599 918 1632 987; x_wconf 80' lang='grc' dir='ltr'><strong>ἡ</strong></span> <span class='ocrx_word' id='word_1_80' title='bbox 1664 914 1756 969; x_wconf 91' lang='grc' dir='ltr'><strong>τοῦ</strong></span> 
     </span>
    </p>
   </div>
   <div class='ocr_carea' id='block_1_13' title="bbox 161 1008 1757 1080">
    <p class='ocr_par' dir='ltr' id='par_1_13' title="bbox 161 1008 1757 1080">
     <span class='ocr_line' id='line_1_13' title="bbox 161 1008 1757 1080; baseline -0.001 -18"><span class='ocrx_word' id='word_1_81' title='bbox 161 1008 418 1080; x_wconf 83' lang='grc' dir='ltr'>σώματος</span> <span class='ocrx_word' id='word_1_82' title='bbox 451 1008 617 1078; x_wconf 81' lang='grc' dir='ltr'><strong>φύσις</strong></span> <span class='ocrx_word' id='word_1_83' title='bbox 638 1025 653 1039; x_wconf 76' lang='grc' dir='ltr'><strong>ο</strong></span> <span class='ocrx_word' id='word_1_84' title='bbox 683 1008 771 1074; x_wconf 85' lang='grc' dir='ltr'><strong>τίς</strong></span> <span class='ocrx_word' id='word_1_85' title='bbox 815 1010 850 1080; x_wconf 83' lang='grc' dir='ltr'>ἡ</span> <span class='ocrx_word' id='word_1_86' title='bbox 898 1010 1010 1063; x_wconf 85' lang='grc' dir='ltr'><strong>τῶν</strong></span> <span class='ocrx_word' id='word_1_87' title='bbox 1040 1009 1347 1079; x_wconf 76' lang='grc' dir='ltr'>αἰσθήσεων</span> <span class='ocrx_word' id='word_1_88' title='bbox 1382 1008 1609 1080; x_wconf 83' lang='grc' dir='ltr'>δύναμις</span> <span class='ocrx_word' id='word_1_89' title='bbox 1630 1024 1643 1039; x_wconf 87' lang='grc'><strong>·</strong></span> <span class='ocrx_word' id='word_1_90' title='bbox 1674 1008 1757 1074; x_wconf 84' lang='grc' dir='ltr'><strong>τίς</strong></span> 
     </span>
    </p>
   </div>
   <div class='ocr_carea' id='block_1_14' title="bbox 158 1098 1756 1173">
    <p class='ocr_par' dir='ltr' id='par_1_14' title="bbox 158 1098 1756 1173">
     <span class='ocr_line' id='line_1_14' title="bbox 158 1098 1756 1173; baseline 0.001 -22"><span class='ocrx_word' id='word_1_91' title='bbox 158 1101 191 1170; x_wconf 71' lang='grc' dir='ltr'><strong>ὴ</strong></span> <span class='ocrx_word' id='word_1_92' title='bbox 214 1098 335 1152; x_wconf 86' lang='grc' dir='ltr'><strong>τῶν</strong></span> <span class='ocrx_word' id='word_1_93' title='bbox 359 1099 671 1171; x_wconf 81' lang='grc' dir='ltr'>ὀργανικῶν</span> <span class='ocrx_word' id='word_1_94' title='bbox 712 1098 890 1167; x_wconf 82' lang='grc' dir='ltr'>μελῶν</span> <span class='ocrx_word' id='word_1_95' title='bbox 918 1101 1200 1172; x_wconf 81' lang='grc' dir='ltr'>διασκευή’</span> <span class='ocrx_word' id='word_1_96' title='bbox 1232 1100 1319 1164; x_wconf 86' lang='grc' dir='ltr'><strong>τίς</strong></span> <span class='ocrx_word' id='word_1_97' title='bbox 1344 1102 1378 1173; x_wconf 80' lang='grc' dir='ltr'>ἡ</span> <span class='ocrx_word' id='word_1_98' title='bbox 1410 1099 1518 1154; x_wconf 88' lang='grc' dir='ltr'><strong>τῶν</strong></span> <span class='ocrx_word' id='word_1_99' title='bbox 1548 1099 1756 1168; x_wconf 78' lang='grc' dir='ltr'>σπλάγ-</span> 
     </span>
    </p>
   </div>
   <div class='ocr_carea' id='block_1_15' title="bbox 154 1191 1754 1266">
    <p class='ocr_par' dir='ltr' id='par_1_15' title="bbox 154 1191 1754 1266">
     <span class='ocr_line' id='line_1_15' title="bbox 154 1191 1754 1266; baseline -0.001 -21"><span class='ocrx_word' id='word_1_100' title='bbox 154 1208 302 1261; x_wconf 84' lang='grc' dir='ltr'>χνων</span> <span class='ocrx_word' id='word_1_101' title='bbox 368 1191 686 1266; x_wconf 71' lang='grc' dir='ltr'>οἰκονομία·</span> <span class='ocrx_word' id='word_1_102' title='bbox 748 1191 835 1256; x_wconf 87' lang='grc' dir='ltr'><strong>τίς</strong></span> <span class='ocrx_word' id='word_1_103' title='bbox 882 1193 917 1263; x_wconf 74' lang='grc' dir='ltr'>ἡ</span> <span class='ocrx_word' id='word_1_104' title='bbox 972 1191 1322 1263; x_wconf 81' lang='grc' dir='ltr'>αὐτοκίνητος</span> <span class='ocrx_word' id='word_1_105' title='bbox 1382 1192 1493 1245; x_wconf 89' lang='grc' dir='ltr'><strong>τῶν</strong></span> <span class='ocrx_word' id='word_1_106' title='bbox 1547 1191 1754 1264; x_wconf 81' lang='grc' dir='ltr'>νεύρων</span> 
     </span>
    </p>
   </div>
   <div class='ocr_carea' id='block_1_16' title="bbox 156 1282 1753 1355">
    <p class='ocr_par' dir='ltr' id='par_1_16' title="bbox 156 1282 1753 1355">
     <span class='ocr_line' id='line_1_16' title="bbox 156 1282 1753 1355; baseline -0.001 -19"><span class='ocrx_word' id='word_1_107' title='bbox 156 1282 447 1354; x_wconf 60' lang='lat' dir='ltr'><strong>bimam.“</strong></span> <span class='ocrx_word' id='word_1_108' title='bbox 472 1283 591 1348; x_wconf 87' lang='grc' dir='ltr'><strong>πῶς</strong></span> <span class='ocrx_word' id='word_1_109' title='bbox 614 1284 726 1337; x_wconf 90' lang='grc' dir='ltr'><strong>τῶν</strong></span> <span class='ocrx_word' id='word_1_110' title='bbox 774 1284 833 1337; x_wconf 76' lang='grc' dir='ltr'>ὲν</span> <span class='ocrx_word' id='word_1_111' title='bbox 873 1285 1026 1355; x_wconf 76' lang='grc' dir='ltr'>ἡμῖν,</span> <span class='ocrx_word' id='word_1_112' title='bbox 1059 1283 1129 1337; x_wconf 82' lang='grc' dir='ltr'>τὸ</span> <span class='ocrx_word' id='word_1_113' title='bbox 1160 1283 1259 1354; x_wconf 87' lang='grc' dir='ltr'>μὲν</span> <span class='ocrx_word' id='word_1_114' title='bbox 1291 1284 1371 1347; x_wconf 78' lang='grc' dir='ltr'><strong>εἰς</strong></span> <span class='ocrx_word' id='word_1_115' title='bbox 1407 1282 1596 1337; x_wconf 83' lang='grc' dir='ltr'>ὀστέου</span> <span class='ocrx_word' id='word_1_116' title='bbox 1643 1282 1753 1353; x_wconf 85' lang='grc' dir='ltr'><strong>πή-</strong></span> 
     </span>
    </p>
   </div>
   <div class='ocr_carea' id='block_1_17' title="bbox 154 1373 1751 1447">
    <p class='ocr_par' dir='ltr' id='par_1_17' title="bbox 154 1373 1751 1447">
     <span class='ocr_line' id='line_1_17' title="bbox 154 1373 1751 1447; baseline -0.001 -19"><span class='ocrx_word' id='word_1_117' title='bbox 154 1392 356 1445; x_wconf 83' lang='grc' dir='ltr'>γνυται</span> <span class='ocrx_word' id='word_1_118' title='bbox 390 1375 576 1445; x_wconf 83' lang='grc' dir='ltr'>φύσιν,</span> <span class='ocrx_word' id='word_1_119' title='bbox 598 1375 665 1429; x_wconf 81' lang='grc' dir='ltr'>τὸ</span> <span class='ocrx_word' id='word_1_120' title='bbox 696 1374 756 1428; x_wconf 72' lang='grc' dir='ltr'>δὲ</span> <span class='ocrx_word' id='word_1_121' title='bbox 800 1377 881 1440; x_wconf 88' lang='grc' dir='ltr'><strong>είς</strong></span> <span class='ocrx_word' id='word_1_122' title='bbox 907 1375 1006 1447; x_wconf 83' lang='grc' dir='ltr'>τὴν</span> <span class='ocrx_word' id='word_1_123' title='bbox 1037 1374 1299 1445; x_wconf 82' lang='grc' dir='ltr'>φωτοειδῆ</span> <span class='ocrx_word' id='word_1_124' title='bbox 1341 1373 1434 1427; x_wconf 88' lang='grc' dir='ltr'><strong>τοῦ</strong></span> <span class='ocrx_word' id='word_1_125' title='bbox 1473 1373 1751 1444; x_wconf 75' lang='grc' dir='ltr'><strong>ὀφθαλμοῦ</strong></span> 
     </span>
    </p>
   </div>
   <div class='ocr_carea' id='block_1_18' title="bbox 153 1465 1750 1539">
    <p class='ocr_par' dir='ltr' id='par_1_18' title="bbox 153 1465 1750 1539">
     <span class='ocr_line' id='line_1_18' title="bbox 153 1465 1750 1539; baseline -0.003 -16"><span class='ocrx_word' id='word_1_126' title='bbox 153 1470 333 1539; x_wconf 76' lang='grc' dir='ltr'>αὐτὴν</span> <span class='ocrx_word' id='word_1_127' title='bbox 364 1468 665 1535; x_wconf 86' lang='grc' dir='ltr'>ούσιοῦται,</span> <span class='ocrx_word' id='word_1_128' title='bbox 694 1467 814 1531; x_wconf 84' lang='grc' dir='ltr'><strong>πῶς</strong></span> <span class='ocrx_word' id='word_1_129' title='bbox 851 1468 920 1521; x_wconf 72' lang='grc' dir='ltr'>ἐκ</span> <span class='ocrx_word' id='word_1_130' title='bbox 948 1468 1047 1539; x_wconf 82' lang='grc' dir='ltr'>τῆς</span> <span class='ocrx_word' id='word_1_131' title='bbox 1081 1467 1252 1537; x_wconf 83' lang='grc' dir='ltr'>αὐτῆς</span> <span class='ocrx_word' id='word_1_132' title='bbox 1289 1466 1496 1537; x_wconf 80' lang='grc' dir='ltr'>τροφῆς</span> <span class='ocrx_word' id='word_1_133' title='bbox 1532 1466 1627 1519; x_wconf 76' lang='grc' dir='ltr'><strong>καὶ</strong></span> <span class='ocrx_word' id='word_1_134' title='bbox 1655 1465 1750 1518; x_wconf 90' lang='grc' dir='ltr'><strong>τοῦ</strong></span> 
     </span>
    </p>
   </div>
   <div class='ocr_carea' id='block_1_19' title="bbox 151 1554 1751 1630">
    <p class='ocr_par' dir='ltr' id='par_1_19' title="bbox 151 1554 1751 1630">
     <span class='ocr_line' id='line_1_19' title="bbox 151 1554 1751 1630; baseline -0.003 -17"><span class='ocrx_word' id='word_1_135' title='bbox 151 1558 326 1613; x_wconf 85' lang='grc' dir='ltr'>αὐτοῦ</span> <span class='ocrx_word' id='word_1_136' title='bbox 358 1559 622 1630; x_wconf 77' lang='grc' dir='ltr'>πόματος,</span> <span class='ocrx_word' id='word_1_137' title='bbox 659 1557 723 1611; x_wconf 78' lang='grc' dir='ltr'><strong>τὸ</strong></span> <span class='ocrx_word' id='word_1_138' title='bbox 762 1557 862 1629; x_wconf 81' lang='grc' dir='ltr'>μὲν</span> <span class='ocrx_word' id='word_1_139' title='bbox 891 1557 972 1621; x_wconf 82' lang='grc' dir='ltr'><strong>είς</strong></span> <span class='ocrx_word' id='word_1_140' title='bbox 1001 1557 1197 1630; x_wconf 77' lang='grc' dir='ltr'>τρίχας</span> <span class='ocrx_word' id='word_1_141' title='bbox 1224 1557 1568 1621; x_wconf 80' lang='grc' dir='ltr'>λεπτύνεται,</span> <span class='ocrx_word' id='word_1_142' title='bbox 1597 1555 1658 1608; x_wconf 82' lang='grc' dir='ltr'>τὸ</span> <span class='ocrx_word' id='word_1_143' title='bbox 1694 1554 1751 1609; x_wconf 86' lang='grc' dir='ltr'>δὲ</span> 
     </span>
    </p>
   </div>
   <div class='ocr_carea' id='block_1_20' title="bbox 1863 373 3485 447">
    <p class='ocr_par' dir='ltr' id='par_1_20' title="bbox 1863 373 3485 447">
     <span class='ocr_line' id='line_1_20' title="bbox 1863 373 3485 447; baseline 0 -17"><span class='ocrx_word' id='word_1_144' title='bbox 1863 376 1960 430; x_wconf 89' lang='lat' dir='ltr'><strong>vit.</strong></span> <span class='ocrx_word' id='word_1_145' title='bbox 1990 373 2086 430; x_wconf 83' lang='lat' dir='ltr'><strong>liis</strong></span> <span class='ocrx_word' id='word_1_146' title='bbox 2117 374 2285 444; x_wconf 90' lang='lat' dir='ltr'><strong>igitur</strong></span> <span class='ocrx_word' id='word_1_147' title='bbox 2318 388 2475 429; x_wconf 87' lang='lat' dir='ltr'><strong>mens</strong></span> <span class='ocrx_word' id='word_1_148' title='bbox 2498 387 2563 428; x_wconf 89' lang='lat' dir='ltr'><strong>ac</strong></span> <span class='ocrx_word' id='word_1_149' title='bbox 2591 374 2868 430; x_wconf 83' lang='lat' dir='ltr'><strong>similibus</strong></span> <span class='ocrx_word' id='word_1_150' title='bbox 2902 374 3085 430; x_wconf 80' lang='lat' dir='ltr'><strong>verbis</strong></span> <span class='ocrx_word' id='word_1_151' title='bbox 3118 375 3173 429; x_wconf 91' lang='lat' dir='ltr'><strong>in</strong></span> <span class='ocrx_word' id='word_1_152' title='bbox 3206 390 3440 447; x_wconf 87' lang='lat' dir='ltr'><strong>corpore</strong></span> <span class='ocrx_word' id='word_1_153' title='bbox 3478 392 3485 400; x_wconf 92' lang='grc'><strong>·</strong></span> 
     </span>
    </p>
   </div>
   <div class='ocr_carea' id='block_1_21' title="bbox 1863 464 3438 535">
    <p class='ocr_par' dir='ltr' id='par_1_21' title="bbox 1863 464 3438 535">
     <span class='ocr_line' id='line_1_21' title="bbox 1863 464 3438 535; baseline 0.001 -15"><span class='ocrx_word' id='word_1_154' title='bbox 1863 468 2110 520; x_wconf 74' lang='lat' dir='ltr'><strong>viventes</strong></span> <span class='ocrx_word' id='word_1_155' title='bbox 2139 464 2473 534; x_wconf 71' lang='lat' dir='ltr'><strong>alloquitur,</strong></span> <span class='ocrx_word' id='word_1_156' title='bbox 2515 464 2791 534; x_wconf 88' lang='lat' dir='ltr'><strong>talemque</strong></span> <span class='ocrx_word' id='word_1_157' title='bbox 2815 464 3212 535; x_wconf 82' lang='lat' dir='ltr'><strong>propemodum</strong></span> <span class='ocrx_word' id='word_1_158' title='bbox 3247 479 3438 521; x_wconf 86' lang='lat' dir='ltr'><strong>vocem</strong></span> 
     </span>
    </p>
   </div>
   <div class='ocr_carea' id='block_1_22' title="bbox 1859 554 3438 627">
    <p class='ocr_par' dir='ltr' id='par_1_22' title="bbox 1859 554 3438 627">
     <span class='ocr_line' id='line_1_22' title="bbox 1859 554 3438 627; baseline -0.001 -15"><span class='ocrx_word' id='word_1_159' title='bbox 1859 557 2117 612; x_wconf 90' lang='lat' dir='ltr'><strong>emittens</strong></span> <span class='ocrx_word' id='word_1_160' title='bbox 2142 573 2157 612; x_wconf 86' lang='lat'><strong>:</strong></span> <span class='ocrx_word' id='word_1_161' title='bbox 2194 554 2308 612; x_wconf 77' lang='lat' dir='ltr'><strong>Vos</strong></span> <span class='ocrx_word' id='word_1_162' title='bbox 2333 594 2349 619; x_wconf 94' lang='lat'><strong>,</strong></span> <span class='ocrx_word' id='word_1_163' title='bbox 2378 556 2585 627; x_wconf 92' lang='lat' dir='ltr'><strong>inquit,</strong></span> <span class='ocrx_word' id='word_1_164' title='bbox 2624 556 2875 612; x_wconf 80' lang='lat' dir='ltr'><strong>homines</strong></span> <span class='ocrx_word' id='word_1_165' title='bbox 2894 598 2910 623; x_wconf 95' lang='lat'><strong>,</strong></span> <span class='ocrx_word' id='word_1_166' title='bbox 2944 572 3044 612; x_wconf 91' lang='lat' dir='ltr'><strong>nec</strong></span> <span class='ocrx_word' id='word_1_167' title='bbox 3069 558 3230 627; x_wconf 85' lang='lat' dir='ltr'><strong>plane</strong></span> <span class='ocrx_word' id='word_1_168' title='bbox 3259 560 3438 612; x_wconf 84' lang='lat' dir='ltr'><strong>nostis</strong></span> 
     </span>
    </p>
   </div>
   <div class='ocr_carea' id='block_1_23' title="bbox 1859 648 3436 719">
    <p class='ocr_par' dir='ltr' id='par_1_23' title="bbox 1859 648 3436 719">
     <span class='ocr_line' id='line_1_23' title="bbox 1859 648 3436 719; baseline 0 -17"><span class='ocrx_word' id='word_1_169' title='bbox 1859 649 2084 703; x_wconf 82' lang='lat' dir='ltr'><strong>ubinam</strong></span> <span class='ocrx_word' id='word_1_170' title='bbox 2119 648 2286 714; x_wconf 90' lang='lat' dir='ltr'><strong>sitis;</strong></span> <span class='ocrx_word' id='word_1_171' title='bbox 2323 656 2412 712; x_wconf 91' lang='lat' dir='ltr'><strong>et,</strong></span> <span class='ocrx_word' id='word_1_172' title='bbox 2467 663 2580 719; x_wconf 92' lang='lat' dir='ltr'><strong>quo</strong></span> <span class='ocrx_word' id='word_1_173' title='bbox 2621 648 3078 719; x_wconf 81' lang='lat' dir='ltr'><strong>proﬁciscendum</strong></span> <span class='ocrx_word' id='word_1_174' title='bbox 3130 648 3204 703; x_wconf 87' lang='lat' dir='ltr'><strong>sit</strong></span> <span class='ocrx_word' id='word_1_175' title='bbox 3240 649 3436 714; x_wconf 85' lang='lat' dir='ltr'><strong>vobis,</strong></span> 
     </span>
    </p>
   </div>
   <div class='ocr_carea' id='block_1_24' title="bbox 1861 738 3433 808">
    <p class='ocr_par' dir='ltr' id='par_1_24' title="bbox 1861 738 3433 808">
     <span class='ocr_line' id='line_1_24' title="bbox 1861 738 3433 808; baseline -0.002 -15"><span class='ocrx_word' id='word_1_176' title='bbox 1861 738 2107 793; x_wconf 82' lang='lat' dir='ltr'><strong>nondum</strong></span> <span class='ocrx_word' id='word_1_177' title='bbox 2140 738 2484 808; x_wconf 85' lang='lat' dir='ltr'><strong>intelligitis:</strong></span> <span class='ocrx_word' id='word_1_178' title='bbox 2527 753 2653 792; x_wconf 88' lang='lat' dir='ltr'><strong>nam</strong></span> <span class='ocrx_word' id='word_1_179' title='bbox 2680 745 2973 801; x_wconf 88' lang='lat' dir='ltr'><strong>eteorum,</strong></span> <span class='ocrx_word' id='word_1_180' title='bbox 3007 752 3129 807; x_wconf 82' lang='lat' dir='ltr'><strong>qua:</strong></span> <span class='ocrx_word' id='word_1_181' title='bbox 3166 738 3256 794; x_wconf 87' lang='lat' dir='ltr'><strong>hic</strong></span> <span class='ocrx_word' id='word_1_182' title='bbox 3280 747 3433 800; x_wconf 81' lang='lat' dir='ltr'><strong>sunt,</strong></span> 
     </span>
    </p>
   </div>
   <div class='ocr_carea' id='block_1_25' title="bbox 1856 828 3436 901">
    <p class='ocr_par' dir='ltr' id='par_1_25' title="bbox 1856 828 3436 901">
     <span class='ocr_line' id='line_1_25' title="bbox 1856 828 3436 901; baseline -0.003 -15"><span class='ocrx_word' id='word_1_183' title='bbox 1856 839 2114 887; x_wconf 88' lang='lat' dir='ltr'><strong>naturam</strong></span> <span class='ocrx_word' id='word_1_184' title='bbox 2154 830 2307 885; x_wconf 90' lang='lat' dir='ltr'><strong>nulla</strong></span> <span class='ocrx_word' id='word_1_185' title='bbox 2354 828 2535 883; x_wconf 87' lang='lat' dir='ltr'><strong>adhuc</strong></span> <span class='ocrx_word' id='word_1_186' title='bbox 2593 828 2732 883; x_wconf 84' lang='lat' dir='ltr'><strong>ratio</strong></span> <span class='ocrx_word' id='word_1_187' title='bbox 2767 828 2944 898; x_wconf 90' lang='lat' dir='ltr'><strong>potuit</strong></span> <span class='ocrx_word' id='word_1_188' title='bbox 2996 828 3297 901; x_wconf 73' lang='lat' dir='ltr'><strong>indagare:</strong></span> <span class='ocrx_word' id='word_1_189' title='bbox 3333 832 3436 885; x_wconf 88' lang='lat' dir='ltr'><strong>ita-</strong></span> 
     </span>
    </p>
   </div>
   <div class='ocr_carea' id='block_1_26' title="bbox 1856 918 3436 994">
    <p class='ocr_par' dir='ltr' id='par_1_26' title="bbox 1856 918 3436 994">
     <span class='ocr_line' id='line_1_26' title="bbox 1856 918 3436 994; baseline -0.003 -18"><span class='ocrx_word' id='word_1_190' title='bbox 1856 938 1964 994; x_wconf 88' lang='lat' dir='ltr'><strong>que</strong></span> <span class='ocrx_word' id='word_1_191' title='bbox 2012 922 2185 978; x_wconf 87' lang='lat' dir='ltr'><strong>solam</strong></span> <span class='ocrx_word' id='word_1_192' title='bbox 2239 921 2452 977; x_wconf 79' lang='lat' dir='ltr'><strong>vivendi</strong></span> <span class='ocrx_word' id='word_1_193' title='bbox 2511 919 2966 976; x_wconf 86' lang='lat' dir='ltr'><strong>consuetudinem</strong></span> <span class='ocrx_word' id='word_1_194' title='bbox 3002 918 3298 991; x_wconf 89' lang='lat' dir='ltr'><strong>spectatis,</strong></span> <span class='ocrx_word' id='word_1_195' title='bbox 3336 932 3436 973; x_wconf 84' lang='lat' dir='ltr'><strong>nec</strong></span> 
     </span>
    </p>
   </div>
   <div class='ocr_carea' id='block_1_27' title="bbox 1857 1011 3437 1083">
    <p class='ocr_par' dir='ltr' id='par_1_27' title="bbox 1857 1011 3437 1083">
     <span class='ocr_line' id='line_1_27' title="bbox 1857 1011 3437 1083; baseline -0.004 -13"><span class='ocrx_word' id='word_1_196' title='bbox 1857 1013 2164 1083; x_wconf 74' lang='lat' dir='ltr'><strong>intelligere</strong></span> <span class='ocrx_word' id='word_1_197' title='bbox 2194 1013 2461 1083; x_wconf 83' lang='lat' dir='ltr'><strong>potestis,</strong></span> <span class='ocrx_word' id='word_1_198' title='bbox 2498 1027 2619 1082; x_wconf 68' lang='lat' dir='ltr'><strong>qua:</strong></span> <span class='ocrx_word' id='word_1_199' title='bbox 2653 1011 2726 1066; x_wconf 91' lang='lat' dir='ltr'><strong>sit</strong></span> <span class='ocrx_word' id='word_1_200' title='bbox 2768 1012 3017 1083; x_wconf 90' lang='lat' dir='ltr'><strong>corporis</strong></span> <span class='ocrx_word' id='word_1_201' title='bbox 3051 1020 3250 1066; x_wconf 88' lang='lat' dir='ltr'><strong>natura</strong></span> <span class='ocrx_word' id='word_1_202' title='bbox 3276 1028 3290 1065; x_wconf 91' lang='lat'><strong>:</strong></span> <span class='ocrx_word' id='word_1_203' title='bbox 3315 1026 3437 1081; x_wconf 82' lang='lat' dir='ltr'><strong>quae</strong></span> 
     </span>
    </p>
   </div>
   <div class='ocr_carea' id='block_1_28' title="bbox 1856 1102 3437 1174">
    <p class='ocr_par' dir='ltr' id='par_1_28' title="bbox 1856 1102 3437 1174">
     <span class='ocr_line' id='line_1_28' title="bbox 1856 1102 3437 1174; baseline -0.003 -14"><span class='ocrx_word' id='word_1_204' title='bbox 1856 1118 2117 1160; x_wconf 86' lang='lat' dir='ltr'><strong>sensuum</strong></span> <span class='ocrx_word' id='word_1_205' title='bbox 2149 1104 2267 1159; x_wconf 85' lang='lat' dir='ltr'><strong>vis:</strong></span> <span class='ocrx_word' id='word_1_206' title='bbox 2301 1118 2425 1174; x_wconf 64' lang='lat' dir='ltr'><strong>quae</strong></span> <span class='ocrx_word' id='word_1_207' title='bbox 2462 1102 2866 1167; x_wconf 90' lang='lat' dir='ltr'><strong>membrorum,</strong></span> <span class='ocrx_word' id='word_1_208' title='bbox 2902 1103 3105 1172; x_wconf 89' lang='lat' dir='ltr'><strong>quibus</strong></span> <span class='ocrx_word' id='word_1_209' title='bbox 3141 1109 3201 1156; x_wconf 90' lang='lat' dir='ltr'><strong>ut</strong></span> <span class='ocrx_word' id='word_1_210' title='bbox 3228 1103 3437 1157; x_wconf 90' lang='lat' dir='ltr'><strong>instru-</strong></span> 
     </span>
    </p>
   </div>
   <div class='ocr_carea' id='block_1_29' title="bbox 1853 1196 3435 1264">
    <p class='ocr_par' dir='ltr' id='par_1_29' title="bbox 1853 1196 3435 1264">
     <span class='ocr_line' id='line_1_29' title="bbox 1853 1196 3435 1264; baseline -0.002 -14"><span class='ocrx_word' id='word_1_211' title='bbox 1853 1197 2054 1252; x_wconf 87' lang='lat' dir='ltr'><strong>mentis</strong></span> <span class='ocrx_word' id='word_1_212' title='bbox 2082 1196 2334 1262; x_wconf 88' lang='lat' dir='ltr'><strong>utimini,</strong></span> <span class='ocrx_word' id='word_1_213' title='bbox 2391 1204 2671 1252; x_wconf 86' lang='lat' dir='ltr'><strong>structura</strong></span> <span class='ocrx_word' id='word_1_214' title='bbox 2702 1212 2715 1249; x_wconf 92' lang='lat'><strong>:</strong></span> <span class='ocrx_word' id='word_1_215' title='bbox 2750 1210 2874 1264; x_wconf 73' lang='lat' dir='ltr'><strong>quae</strong></span> <span class='ocrx_word' id='word_1_216' title='bbox 2905 1208 3198 1250; x_wconf 79' lang='lat' dir='ltr'><strong>nervorum</strong></span> <span class='ocrx_word' id='word_1_217' title='bbox 3239 1208 3336 1262; x_wconf 88' lang='lat' dir='ltr'><strong>per</strong></span> <span class='ocrx_word' id='word_1_218' title='bbox 3374 1207 3435 1247; x_wconf 87' lang='lat' dir='ltr'><strong>se</strong></span> 
     </span>
    </p>
   </div>
   <div class='ocr_carea' id='block_1_30' title="bbox 1853 1283 3432 1358">
    <p class='ocr_par' dir='ltr' id='par_1_30' title="bbox 1853 1283 3432 1358">
     <span class='ocr_line' id='line_1_30' title="bbox 1853 1283 3432 1358; baseline -0.004 -15"><span class='ocrx_word' id='word_1_219' title='bbox 1853 1290 2188 1344; x_wconf 87' lang='lat' dir='ltr'><strong>moventium</strong></span> <span class='ocrx_word' id='word_1_220' title='bbox 2226 1288 2402 1352; x_wconf 90' lang='lat' dir='ltr'><strong>actio,</strong></span> <span class='ocrx_word' id='word_1_221' title='bbox 2448 1302 2559 1358; x_wconf 92' lang='lat' dir='ltr'><strong>quo</strong></span> <span class='ocrx_word' id='word_1_222' title='bbox 2587 1287 2749 1340; x_wconf 83' lang='lat' dir='ltr'><strong>modo</strong></span> <span class='ocrx_word' id='word_1_223' title='bbox 2790 1300 3003 1351; x_wconf 87' lang='lat' dir='ltr'><strong>eorum,</strong></span> <span class='ocrx_word' id='word_1_224' title='bbox 3043 1300 3161 1354; x_wconf 79' lang='lat' dir='ltr'><strong>qua:</strong></span> <span class='ocrx_word' id='word_1_225' title='bbox 3186 1284 3240 1337; x_wconf 94' lang='lat' dir='ltr'><strong>in</strong></span> <span class='ocrx_word' id='word_1_226' title='bbox 3270 1283 3432 1337; x_wconf 89' lang='lat' dir='ltr'><strong>nobis</strong></span> 
     </span>
    </p>
   </div>
   <div class='ocr_carea' id='block_1_31' title="bbox 1852 1373 3430 1443">
    <p class='ocr_par' dir='ltr' id='par_1_31' title="bbox 1852 1373 3430 1443">
     <span class='ocr_line' id='line_1_31' title="bbox 1852 1373 3430 1443; baseline -0.006 -8"><span class='ocrx_word' id='word_1_227' title='bbox 1852 1386 2001 1443; x_wconf 86' lang='lat' dir='ltr'><strong>sunt,</strong></span> <span class='ocrx_word' id='word_1_228' title='bbox 2032 1377 2178 1433; x_wconf 86' lang='lat' dir='ltr'><strong>aliud</strong></span> <span class='ocrx_word' id='word_1_229' title='bbox 2205 1378 2258 1432; x_wconf 92' lang='lat' dir='ltr'><strong>in</strong></span> <span class='ocrx_word' id='word_1_230' title='bbox 2285 1378 2430 1432; x_wconf 92' lang='lat' dir='ltr'><strong>ossis</strong></span> <span class='ocrx_word' id='word_1_231' title='bbox 2454 1384 2730 1442; x_wconf 86' lang='lat' dir='ltr'><strong>naturam,</strong></span> <span class='ocrx_word' id='word_1_232' title='bbox 2754 1375 2900 1430; x_wconf 89' lang='lat' dir='ltr'><strong>aliud</strong></span> <span class='ocrx_word' id='word_1_233' title='bbox 2927 1375 2983 1430; x_wconf 89' lang='lat' dir='ltr'><strong>iu</strong></span> <span class='ocrx_word' id='word_1_234' title='bbox 3016 1373 3257 1429; x_wconf 89' lang='lat' dir='ltr'><strong>lucidum</strong></span> <span class='ocrx_word' id='word_1_235' title='bbox 3283 1374 3430 1428; x_wconf 88' lang='lat' dir='ltr'><strong>oculi</strong></span> 
     </span>
    </p>
   </div>
   <div class='ocr_carea' id='block_1_32' title="bbox 1849 1463 3432 1537">
    <p class='ocr_par' dir='ltr' id='par_1_32' title="bbox 1849 1463 3432 1537">
     <span class='ocr_line' id='line_1_32' title="bbox 1849 1463 3432 1537; baseline -0.004 -14"><span class='ocrx_word' id='word_1_236' title='bbox 1849 1466 2196 1537; x_wconf 80' lang='lat' dir='ltr'><strong>splendorem</strong></span> <span class='ocrx_word' id='word_1_237' title='bbox 2260 1467 2570 1533; x_wconf 89' lang='lat' dir='ltr'><strong>coalescat;</strong></span> <span class='ocrx_word' id='word_1_238' title='bbox 2626 1480 2736 1535; x_wconf 90' lang='lat' dir='ltr'><strong>quo</strong></span> <span class='ocrx_word' id='word_1_239' title='bbox 2783 1465 2946 1520; x_wconf 91' lang='lat' dir='ltr'><strong>modo</strong></span> <span class='ocrx_word' id='word_1_240' title='bbox 2990 1463 3236 1534; x_wconf 87' lang='lat' dir='ltr'><strong>ejusdem</strong></span> <span class='ocrx_word' id='word_1_241' title='bbox 3283 1465 3432 1529; x_wconf 90' lang='lat' dir='ltr'><strong>cibi,</strong></span> 
     </span>
    </p>
   </div>
   <div class='ocr_carea' id='block_1_33' title="bbox 1849 1556 3432 1631">
    <p class='ocr_par' dir='ltr' id='par_1_33' title="bbox 1849 1556 3432 1631">
     <span class='ocr_line' id='line_1_33' title="bbox 1849 1556 3432 1631; baseline -0.002 -18"><span class='ocrx_word' id='word_1_242' title='bbox 1849 1567 2131 1631; x_wconf 86' lang='lat' dir='ltr'><strong>potusque</strong></span> <span class='ocrx_word' id='word_1_243' title='bbox 2164 1573 2293 1629; x_wconf 87' lang='lat' dir='ltr'><strong>pars</strong></span> <span class='ocrx_word' id='word_1_244' title='bbox 2318 1567 2650 1613; x_wconf 78' lang='lat' dir='ltr'><strong>extenuetur</strong></span> <span class='ocrx_word' id='word_1_245' title='bbox 2671 1558 2727 1612; x_wconf 93' lang='lat' dir='ltr'><strong>in</strong></span> <span class='ocrx_word' id='word_1_246' title='bbox 2756 1558 2983 1627; x_wconf 87' lang='lat' dir='ltr'><strong>capillos</strong></span> <span class='ocrx_word' id='word_1_247' title='bbox 3006 1598 3022 1624; x_wconf 92' lang='lat'><strong>,</strong></span> <span class='ocrx_word' id='word_1_248' title='bbox 3061 1573 3191 1628; x_wconf 89' lang='lat' dir='ltr'><strong>pars</strong></span> <span class='ocrx_word' id='word_1_249' title='bbox 3233 1556 3291 1611; x_wconf 87' lang='lat' dir='ltr'><strong>in</strong></span> <span class='ocrx_word' id='word_1_250' title='bbox 3329 1573 3432 1611; x_wconf 90' lang='lat' dir='ltr'><strong>un-</strong></span> 
     </span>
    </p>
   </div>
   <div class='ocr_carea' id='block_1_34' title="bbox 152 1646 1747 1724">
    <p class='ocr_par' dir='ltr' id='par_1_34' title="bbox 152 1646 1745 1721">
     <span class='ocr_line' id='line_1_34' title="bbox 152 1646 1745 1721; baseline -0.003 -18"><span class='ocrx_word' id='word_1_251' title='bbox 152 1652 236 1715; x_wconf 86' lang='grc' dir='ltr'><strong>είς</strong></span> <span class='ocrx_word' id='word_1_252' title='bbox 264 1652 470 1720; x_wconf 77' lang='grc' dir='ltr'>ὖνυχας</span> <span class='ocrx_word' id='word_1_253' title='bbox 498 1653 609 1714; x_wconf 78' lang='grc' dir='ltr'>τοῖς</span> <span class='ocrx_word' id='word_1_254' title='bbox 634 1650 827 1721; x_wconf 77' lang='grc' dir='ltr'>ἄκροις</span> <span class='ocrx_word' id='word_1_255' title='bbox 856 1649 968 1704; x_wconf 87' lang='grc' dir='ltr'><strong>τῶν</strong></span> <span class='ocrx_word' id='word_1_256' title='bbox 991 1648 1268 1703; x_wconf 82' lang='grc' dir='ltr'>δακτύλων</span> <span class='ocrx_word' id='word_1_257' title='bbox 1293 1646 1712 1702; x_wconf 83' lang='grc' dir='ltr'>ὲπιπλατύνεται</span> <span class='ocrx_word' id='word_1_258' title='bbox 1729 1686 1745 1713; x_wconf 94' lang='grc'><strong>,</strong></span> 
     </span>
    </p>
   </div>
   <div class='ocr_carea' id='block_1_35' title="bbox 1850 1646 3425 1724">
    <p class='ocr_par' dir='ltr' id='par_1_35' title="bbox 1850 1648 3425 1724">
     <span class='ocr_line' id='line_1_35' title="bbox 1850 1648 3425 1724; baseline -0.003 -17"><span class='ocrx_word' id='word_1_259' title='bbox 1850 1668 1986 1724; x_wconf 89' lang='lat' dir='ltr'><strong>gues</strong></span> <span class='ocrx_word' id='word_1_260' title='bbox 2024 1654 2091 1705; x_wconf 87' lang='lat' dir='ltr'><strong>ad</strong></span> <span class='ocrx_word' id='word_1_261' title='bbox 2148 1664 2397 1705; x_wconf 85' lang='lat' dir='ltr'><strong>summos</strong></span> <span class='ocrx_word' id='word_1_262' title='bbox 2451 1649 2653 1720; x_wconf 82' lang='lat' dir='ltr'><strong>digitos</strong></span> <span class='ocrx_word' id='word_1_263' title='bbox 2700 1649 3001 1715; x_wconf 85' lang='lat' dir='ltr'><strong>dilatetur;</strong></span> <span class='ocrx_word' id='word_1_264' title='bbox 3057 1664 3167 1719; x_wconf 92' lang='lat' dir='ltr'><strong>quo</strong></span> <span class='ocrx_word' id='word_1_265' title='bbox 3220 1648 3425 1711; x_wconf 90' lang='lat' dir='ltr'><strong>modo,</strong></span> 
     </span>
    </p>
   </div>
   <div class='ocr_carea' id='block_1_36' title="bbox 153 1737 1746 1813">
    <p class='ocr_par' dir='ltr' id='par_1_36' title="bbox 153 1737 1746 1813">
     <span class='ocr_line' id='line_1_36' title="bbox 153 1737 1746 1813; baseline -0.002 -20"><span class='ocrx_word' id='word_1_266' title='bbox 153 1740 189 1810; x_wconf 82' lang='grc' dir='ltr'><strong>ῆ</strong></span> <span class='ocrx_word' id='word_1_267' title='bbox 235 1740 363 1803; x_wconf 81' lang='grc' dir='ltr'><strong>πῶς</strong></span> <span class='ocrx_word' id='word_1_268' title='bbox 404 1740 495 1793; x_wconf 77' lang='grc' dir='ltr'>ἀεὶ</span> <span class='ocrx_word' id='word_1_269' title='bbox 524 1739 588 1793; x_wconf 78' lang='grc' dir='ltr'>τὸ</span> <span class='ocrx_word' id='word_1_270' title='bbox 632 1739 917 1813; x_wconf 70' lang='grc' dir='ltr'>ὲγκάρδιον</span> <span class='ocrx_word' id='word_1_271' title='bbox 955 1738 1319 1809; x_wconf 76' lang='grc' dir='ltr'>ἀναφλέγεται</span> <span class='ocrx_word' id='word_1_272' title='bbox 1348 1738 1482 1811; x_wconf 88' lang='grc' dir='ltr'>πῦρ,</span> <span class='ocrx_word' id='word_1_273' title='bbox 1517 1738 1606 1794; x_wconf 87' lang='grc' dir='ltr'><strong>διά</strong></span> <span class='ocrx_word' id='word_1_274' title='bbox 1636 1737 1746 1791; x_wconf 90' lang='grc' dir='ltr'><strong>τῶν</strong></span> 
     </span>
    </p>
   </div>
   <div class='ocr_carea' id='block_1_37' title="bbox 152 1828 1742 1902">
    <p class='ocr_par' dir='ltr' id='par_1_37' title="bbox 152 1828 1742 1902">
     <span class='ocr_line' id='line_1_37' title="bbox 152 1828 1742 1902; baseline -0.002 -16"><span class='ocrx_word' id='word_1_275' title='bbox 152 1830 448 1902; x_wconf 79' lang='grc' dir='ltr'>ἀρτηριῶν</span> <span class='ocrx_word' id='word_1_276' title='bbox 507 1831 593 1900; x_wconf 64' lang='grc' dir='ltr'><strong>ἐφ’</strong></span> <span class='ocrx_word' id='word_1_277' title='bbox 648 1830 792 1885; x_wconf 84' lang='grc' dir='ltr'>ἀπαν</span> <span class='ocrx_word' id='word_1_278' title='bbox 863 1830 927 1884; x_wconf 76' lang='grc' dir='ltr'>τὸ</span> <span class='ocrx_word' id='word_1_279' title='bbox 996 1829 1156 1901; x_wconf 89' lang='grc' dir='ltr'>σῶμα</span> <span class='ocrx_word' id='word_1_280' title='bbox 1215 1829 1605 1902; x_wconf 79' lang='grc' dir='ltr'>διαφερόμενον</span> <span class='ocrx_word' id='word_1_281' title='bbox 1634 1842 1648 1857; x_wconf 91' lang='grc'><strong>·</strong></span> <span class='ocrx_word' id='word_1_282' title='bbox 1706 1828 1742 1902; x_wconf 75' lang='grc' dir='ltr'>ἦ</span> 
     </span>
    </p>
   </div>
   <div class='ocr_carea' id='block_1_38' title="bbox 154 1918 1743 1993">
    <p class='ocr_par' dir='ltr' id='par_1_38' title="bbox 154 1918 1743 1993">
     <span class='ocr_line' id='line_1_38' title="bbox 154 1918 1743 1993; baseline -0.003 -16"><span class='ocrx_word' id='word_1_283' title='bbox 154 1923 285 1987; x_wconf 76' lang='grc' dir='ltr'><strong>πῶς</strong></span> <span class='ocrx_word' id='word_1_284' title='bbox 324 1923 389 1976; x_wconf 80' lang='grc' dir='ltr'><strong>τὺ</strong></span> <span class='ocrx_word' id='word_1_285' title='bbox 419 1923 722 1993; x_wconf 83' lang='grc' dir='ltr'>πινόμενον,</span> <span class='ocrx_word' id='word_1_286' title='bbox 769 1922 988 1977; x_wconf 59' lang='grc' dir='ltr'>ἐπειδὰν</span> <span class='ocrx_word' id='word_1_287' title='bbox 1033 1923 1093 1975; x_wconf 78' lang='grc' dir='ltr'>ὲν</span> <span class='ocrx_word' id='word_1_288' title='bbox 1146 1919 1225 1992; x_wconf 81' lang='grc' dir='ltr'><strong>τῷ</strong></span> <span class='ocrx_word' id='word_1_289' title='bbox 1269 1921 1443 1991; x_wconf 77' lang='grc' dir='ltr'>ἥπατι</span> <span class='ocrx_word' id='word_1_290' title='bbox 1492 1918 1743 1991; x_wconf 79' lang='grc' dir='ltr'>γένηταιο</span> 
     </span>
    </p>
   </div>
   <div class='ocr_carea' id='block_1_39' title="bbox 157 2007 1746 2083">
    <p class='ocr_par' dir='ltr' id='par_1_39' title="bbox 157 2007 1746 2083">
     <span class='ocr_line' id='line_1_39' title="bbox 157 2007 1746 2083; baseline -0.001 -18"><span class='ocrx_word' id='word_1_291' title='bbox 157 2012 489 2083; x_wconf 78' lang='grc' dir='ltr'>μεταϐάλλει</span> <span class='ocrx_word' id='word_1_292' title='bbox 522 2012 613 2067; x_wconf 78' lang='grc' dir='ltr'>καὶ</span> <span class='ocrx_word' id='word_1_293' title='bbox 639 2014 699 2066; x_wconf 78' lang='grc' dir='ltr'>τὸ</span> <span class='ocrx_word' id='word_1_294' title='bbox 732 2007 872 2076; x_wconf 77' lang='grc' dir='ltr'>εἶδος</span> <span class='ocrx_word' id='word_1_295' title='bbox 901 2013 997 2065; x_wconf 80' lang='grc' dir='ltr'>καὶ</span> <span class='ocrx_word' id='word_1_296' title='bbox 1039 2011 1142 2082; x_wconf 83' lang='grc' dir='ltr'>τὴν</span> <span class='ocrx_word' id='word_1_297' title='bbox 1184 2011 1443 2081; x_wconf 82' lang='grc' dir='ltr'>ποιότητα</span> <span class='ocrx_word' id='word_1_298' title='bbox 1476 2009 1565 2064; x_wconf 81' lang='grc' dir='ltr'>διά</span> <span class='ocrx_word' id='word_1_299' title='bbox 1600 2027 1746 2075; x_wconf 90' lang='grc' dir='ltr'>τινος</span> 
     </span>
    </p>
   </div>
   <div class='ocr_carea' id='block_1_40' title="bbox 152 2096 1745 2176">
    <p class='ocr_par' dir='ltr' id='par_1_40' title="bbox 152 2096 1745 2176">
     <span class='ocr_line' id='line_1_40' title="bbox 152 2096 1745 2176; baseline -0.001 -18"><span class='ocrx_word' id='word_1_300' title='bbox 152 2104 501 2167; x_wconf 80' lang='grc' dir='ltr'>ἀλλοιώσεως</span> <span class='ocrx_word' id='word_1_301' title='bbox 546 2104 874 2176; x_wconf 79' lang='grc' dir='ltr'>αὐτομάτως</span> <span class='ocrx_word' id='word_1_302' title='bbox 916 2102 1397 2174; x_wconf 81' lang='grc' dir='ltr'>ὲξαιματούμενον.</span> <span class='ocrx_word' id='word_1_303' title='bbox 1431 2096 1531 2157; x_wconf 81' lang='grc' dir='ltr'>Ὧν</span> <span class='ocrx_word' id='word_1_304' title='bbox 1574 2103 1745 2158; x_wconf 81' lang='grc' dir='ltr'>ἀπάν-</span> 
     </span>
    </p>
   </div>
   <div class='ocr_carea' id='block_1_41' title="bbox 151 2194 1740 2270">
    <p class='ocr_par' dir='ltr' id='par_1_41' title="bbox 151 2194 1740 2270">
     <span class='ocr_line' id='line_1_41' title="bbox 151 2194 1740 2270; baseline 0.001 -22"><span class='ocrx_word' id='word_1_305' title='bbox 151 2212 263 2249; x_wconf 77' lang='grc' dir='ltr'><strong>των</strong></span> <span class='ocrx_word' id='word_1_306' title='bbox 291 2200 326 2267; x_wconf 77' lang='grc' dir='ltr'><strong>ἠ</strong></span> <span class='ocrx_word' id='word_1_307' title='bbox 356 2196 574 2265; x_wconf 87' lang='grc' dir='ltr'>γνῶσις,</span> <span class='ocrx_word' id='word_1_308' title='bbox 613 2198 778 2270; x_wconf 85' lang='grc' dir='ltr'>μέχρι</span> <span class='ocrx_word' id='word_1_309' title='bbox 808 2196 902 2252; x_wconf 90' lang='grc' dir='ltr'><strong>τοῦ</strong></span> <span class='ocrx_word' id='word_1_310' title='bbox 930 2196 1195 2269; x_wconf 84' lang='grc' dir='ltr'>παρόντος</span> <span class='ocrx_word' id='word_1_311' title='bbox 1223 2196 1370 2250; x_wconf 70' lang='grc' dir='ltr'>ἐστὶν</span> <span class='ocrx_word' id='word_1_312' title='bbox 1408 2194 1740 2269; x_wconf 58' lang='grc' dir='ltr'>ἀπόρρητος</span> 
     </span>
    </p>
   </div>
   <div class='ocr_carea' id='block_1_42' title="bbox 148 2284 1743 2362">
    <p class='ocr_par' dir='ltr' id='par_1_42' title="bbox 148 2284 1743 2362">
     <span class='ocr_line' id='line_1_42' title="bbox 148 2284 1743 2362; baseline 0.001 -19"><span class='ocrx_word' id='word_1_313' title='bbox 148 2288 475 2358; x_wconf 70' lang='grc' dir='ltr'>ιῦςάγνοεῖν</span> <span class='ocrx_word' id='word_1_314' title='bbox 508 2292 659 2362; x_wconf 73' lang='grc' dir='ltr'>ἡμᾶς</span> <span class='ocrx_word' id='word_1_315' title='bbox 676 2292 776 2361; x_wconf 81' lang='grc' dir='ltr'><strong>τὴν</strong></span> <span class='ocrx_word' id='word_1_316' title='bbox 817 2289 963 2362; x_wconf 78' lang='grc' dir='ltr'>ζωὴν</span> <span class='ocrx_word' id='word_1_317' title='bbox 1004 2292 1064 2345; x_wconf 79' lang='grc' dir='ltr'>ὲν</span> <span class='ocrx_word' id='word_1_318' title='bbox 1104 2284 1140 2362; x_wconf 83' lang='grc' dir='ltr'>ᾖ</span> <span class='ocrx_word' id='word_1_319' title='bbox 1181 2289 1515 2361; x_wconf 84' lang='grc' dir='ltr'>βιοτεύομεν.</span> <span class='ocrx_word' id='word_1_320' title='bbox 1546 2289 1651 2344; x_wconf 81' lang='grc' dir='ltr'><strong>Τὸν</strong></span> <span class='ocrx_word' id='word_1_321' title='bbox 1687 2290 1743 2344; x_wconf 70' lang='grc' dir='ltr'><strong>δι</strong></span> 
     </span>
    </p>
   </div>
   <div class='ocr_carea' id='block_1_43' title="bbox 146 2376 1742 2452">
    <p class='ocr_par' dir='ltr' id='par_1_43' title="bbox 146 2376 1742 2452">
     <span class='ocr_line' id='line_1_43' title="bbox 146 2376 1742 2452; baseline -0.001 -19"><span class='ocrx_word' id='word_1_322' title='bbox 146 2380 249 2449; x_wconf 73' lang='grc' dir='ltr'>τῆς</span> <span class='ocrx_word' id='word_1_323' title='bbox 295 2379 613 2450; x_wconf 76' lang='grc' dir='ltr'>αίσθήσεως</span> <span class='ocrx_word' id='word_1_324' title='bbox 664 2376 1066 2452; x_wconf 67' lang='grc' dir='ltr'>κεχωρισμένον</span> <span class='ocrx_word' id='word_1_325' title='bbox 1112 2378 1246 2451; x_wconf 89' lang='grc' dir='ltr'>βίον,</span> <span class='ocrx_word' id='word_1_326' title='bbox 1273 2380 1324 2433; x_wconf 88' lang='grc' dir='ltr'>οἱ</span> <span class='ocrx_word' id='word_1_327' title='bbox 1374 2381 1442 2451; x_wconf 76' lang='grc' dir='ltr'><strong>τῇ</strong></span> <span class='ocrx_word' id='word_1_328' title='bbox 1491 2377 1742 2451; x_wconf 80' lang='grc' dir='ltr'><strong>αἰσθήσει</strong></span> 
     </span>
    </p>
   </div>
   <div class='ocr_carea' id='block_1_44' title="bbox 152 2470 1742 2543">
    <p class='ocr_par' dir='ltr' id='par_1_44' title="bbox 152 2470 1742 2543">
     <span class='ocr_line' id='line_1_44' title="bbox 152 2470 1742 2543; baseline 0 -18"><span class='ocrx_word' id='word_1_329' title='bbox 152 2470 451 2538; x_wconf 80' lang='grc' dir='ltr'>συζῶντες,</span> <span class='ocrx_word' id='word_1_330' title='bbox 486 2470 805 2526; x_wconf 78' lang='grc' dir='ltr'>ἀδυνατοῦσι</span> <span class='ocrx_word' id='word_1_331' title='bbox 838 2472 1066 2526; x_wconf 80' lang='grc' dir='ltr'>καθόλου</span> <span class='ocrx_word' id='word_1_332' title='bbox 1117 2470 1436 2527; x_wconf 72' lang='grc' dir='ltr'>θεάσασθαι·</span> <span class='ocrx_word' id='word_1_333' title='bbox 1479 2471 1597 2535; x_wconf 87' lang='grc' dir='ltr'><strong>πῶς</strong></span> <span class='ocrx_word' id='word_1_334' title='bbox 1633 2470 1742 2543; x_wconf 86' lang='grc' dir='ltr'><strong>γὰρ</strong></span> 
     </span>
    </p>
   </div>
   <div class='ocr_carea' id='block_1_45' title="bbox 150 2563 1740 2638">
    <p class='ocr_par' dir='ltr' id='par_1_45' title="bbox 150 2563 1740 2638">
     <span class='ocr_line' id='line_1_45' title="bbox 150 2563 1740 2638; baseline 0.001 -21"><span class='ocrx_word' id='word_1_335' title='bbox 150 2564 215 2618; x_wconf 74' lang='grc' dir='ltr'>ἄν</span> <span class='ocrx_word' id='word_1_336' title='bbox 237 2581 327 2629; x_wconf 87' lang='grc' dir='ltr'><strong>τις</strong></span> <span class='ocrx_word' id='word_1_337' title='bbox 346 2564 419 2618; x_wconf 79' lang='grc' dir='ltr'>δι’</span> <span class='ocrx_word' id='word_1_338' title='bbox 436 2565 745 2635; x_wconf 72' lang='grc' dir='ltr'>αἰσθήσεως</span> <span class='ocrx_word' id='word_1_339' title='bbox 771 2565 872 2620; x_wconf 79' lang='grc' dir='ltr'>ἴδοι</span> <span class='ocrx_word' id='word_1_340' title='bbox 892 2565 953 2620; x_wconf 82' lang='grc' dir='ltr'>τὸ</span> <span class='ocrx_word' id='word_1_341' title='bbox 975 2564 1080 2631; x_wconf 69' lang='grc' dir='ltr'><strong>ἔξω</strong></span> <span class='ocrx_word' id='word_1_342' title='bbox 1108 2563 1208 2636; x_wconf 83' lang='grc' dir='ltr'>τῆς</span> <span class='ocrx_word' id='word_1_343' title='bbox 1224 2566 1536 2638; x_wconf 73' lang='grc' dir='ltr'>αἰσθήσεως</span> <span class='ocrx_word' id='word_1_344' title='bbox 1556 2582 1570 2630; x_wconf 90' lang='grc'>;</span> <span class='ocrx_word' id='word_1_345' title='bbox 1605 2565 1740 2635; x_wconf 78' lang='grc' dir='ltr'><strong>Ἀμ-</strong></span> 
     </span>
    </p>
   </div>
   <div class='ocr_carea' id='block_1_46' title="bbox 68 2652 1739 2727">
    <p class='ocr_par' dir='ltr' id='par_1_46' title="bbox 68 2652 1739 2727">
     <span class='ocr_line' id='line_1_46' title="bbox 68 2652 1739 2727; baseline 0.003 -24"><span class='ocrx_word' id='word_1_346' title='bbox 68 2700 75 2703; x_wconf 78' lang='grc'>,</span> <span class='ocrx_word' id='word_1_347' title='bbox 154 2654 403 2727; x_wconf 71' lang='grc' dir='ltr'>φοτιρων</span> <span class='ocrx_word' id='word_1_348' title='bbox 421 2654 603 2709; x_wconf 87' lang='grc' dir='ltr'>τοίνυν</span> <span class='ocrx_word' id='word_1_349' title='bbox 621 2655 730 2708; x_wconf 88' lang='grc' dir='ltr'><strong>τῶν</strong></span> <span class='ocrx_word' id='word_1_350' title='bbox 753 2654 885 2726; x_wconf 84' lang='grc' dir='ltr'>βίων</span> <span class='ocrx_word' id='word_1_351' title='bbox 902 2654 1103 2727; x_wconf 83' lang='grc' dir='ltr'>ὁμοίως</span> <span class='ocrx_word' id='word_1_352' title='bbox 1122 2654 1523 2727; x_wconf 71' lang='grc' dir='ltr'>ἀγνοουμένων,</span> <span class='ocrx_word' id='word_1_353' title='bbox 1548 2652 1739 2708; x_wconf 89' lang='grc' dir='ltr'>τούτου</span> 
     </span>
    </p>
   </div>
   <div class='ocr_carea' id='block_1_47' title="bbox 156 2746 1737 2821">
    <p class='ocr_par' dir='ltr' id='par_1_47' title="bbox 156 2746 1737 2821">
     <span class='ocr_line' id='line_1_47' title="bbox 156 2746 1737 2821; baseline -0.001 -20"><span class='ocrx_word' id='word_1_354' title='bbox 156 2746 252 2815; x_wconf 72' lang='grc' dir='ltr'>μὲν</span> <span class='ocrx_word' id='word_1_355' title='bbox 280 2746 376 2801; x_wconf 75' lang='grc' dir='ltr'>διὰ</span> <span class='ocrx_word' id='word_1_356' title='bbox 402 2746 468 2801; x_wconf 83' lang='grc' dir='ltr'><strong>τὸ</strong></span> <span class='ocrx_word' id='word_1_357' title='bbox 494 2747 630 2821; x_wconf 78' lang='grc' dir='ltr'>πρὸς</span> <span class='ocrx_word' id='word_1_358' title='bbox 657 2747 816 2818; x_wconf 86' lang='grc' dir='ltr'>μόνον</span> <span class='ocrx_word' id='word_1_359' title='bbox 856 2748 918 2803; x_wconf 81' lang='grc' dir='ltr'>τὸ</span> <span class='ocrx_word' id='word_1_360' title='bbox 946 2747 1270 2819; x_wconf 80' lang='grc' dir='ltr'>φαινόμενον</span> <span class='ocrx_word' id='word_1_361' title='bbox 1312 2746 1529 2817; x_wconf 79' lang='grc' dir='ltr'>βλέπειν</span> <span class='ocrx_word' id='word_1_362' title='bbox 1558 2746 1737 2816; x_wconf 71' lang='grc' dir='ltr'>ὑμᾶς*</span> 
     </span>
    </p>
   </div>
   <div class='ocr_carea' id='block_1_48' title="bbox 156 2837 1742 2911">
    <p class='ocr_par' dir='ltr' id='par_1_48' title="bbox 156 2837 1742 2911">
     <span class='ocr_line' id='line_1_48' title="bbox 156 2837 1742 2911; baseline 0.001 -22"><span class='ocrx_word' id='word_1_363' title='bbox 156 2837 369 2892; x_wconf 66' lang='grc' dir='ltr'>ἐκείνου</span> <span class='ocrx_word' id='word_1_364' title='bbox 394 2838 477 2903; x_wconf 72' lang='grc' dir='ltr'>δὲ,</span> <span class='ocrx_word' id='word_1_365' title='bbox 515 2839 605 2893; x_wconf 90' lang='grc' dir='ltr'><strong>διά</strong></span> <span class='ocrx_word' id='word_1_366' title='bbox 635 2840 699 2893; x_wconf 80' lang='grc' dir='ltr'>τὸ</span> <span class='ocrx_word' id='word_1_367' title='bbox 733 2840 809 2911; x_wconf 83' lang='grc' dir='ltr'>μὴ</span> <span class='ocrx_word' id='word_1_368' title='bbox 837 2839 1209 2894; x_wconf 78' lang='grc' dir='ltr'>καθικνεῖσθαι</span> <span class='ocrx_word' id='word_1_369' title='bbox 1242 2837 1341 2910; x_wconf 78' lang='grc' dir='ltr'>τὴν</span> <span class='ocrx_word' id='word_1_370' title='bbox 1365 2840 1636 2911; x_wconf 72' lang='grc' dir='ltr'>αἰσθησιν.</span> <span class='ocrx_word' id='word_1_371' title='bbox 1675 2837 1742 2892; x_wconf 88' lang='grc' dir='ltr'>Τί</span> 
     </span>
    </p>
   </div>
   <div class='ocr_carea' id='block_1_49' title="bbox 159 2930 1744 3004">
    <p class='ocr_par' dir='ltr' id='par_1_49' title="bbox 159 2930 1744 3004">
     <span class='ocr_line' id='line_1_49' title="bbox 159 2930 1744 3004; baseline 0.001 -21"><span class='ocrx_word' id='word_1_372' title='bbox 159 2930 488 2995; x_wconf 64' lang='grc' dir='ltr'>πεπόνθατε,</span> <span class='ocrx_word' id='word_1_373' title='bbox 507 2930 804 3004; x_wconf 78' lang='grc' dir='ltr'>ἄνθρωποι,</span> <span class='ocrx_word' id='word_1_374' title='bbox 823 2930 1015 2986; x_wconf 85' lang='grc' dir='ltr'>τούτου</span> <span class='ocrx_word' id='word_1_375' title='bbox 1046 2931 1146 3004; x_wconf 83' lang='grc' dir='ltr'>μὲν</span> <span class='ocrx_word' id='word_1_376' title='bbox 1168 2931 1244 2995; x_wconf 82' lang='grc' dir='ltr'>ὡς</span> <span class='ocrx_word' id='word_1_377' title='bbox 1266 2931 1473 3001; x_wconf 81' lang='grc' dir='ltr'>ἀγαθοῦ</span> <span class='ocrx_word' id='word_1_378' title='bbox 1494 2930 1744 3003; x_wconf 78' lang='grc' dir='ltr'>περιεχό-</span> 
     </span>
    </p>
   </div>
   <div class='ocr_carea' id='block_1_50' title="bbox 1854 1741 3432 1815">
    <p class='ocr_par' dir='ltr' id='par_1_50' title="bbox 1854 1741 3432 1815">
     <span class='ocr_line' id='line_1_50' title="bbox 1854 1741 3432 1815; baseline -0.003 -16"><span class='ocrx_word' id='word_1_379' title='bbox 1854 1744 1948 1815; x_wconf 89' lang='lat' dir='ltr'><strong>qui</strong></span> <span class='ocrx_word' id='word_1_380' title='bbox 1990 1758 2205 1814; x_wconf 88' lang='lat' dir='ltr'><strong>semper</strong></span> <span class='ocrx_word' id='word_1_381' title='bbox 2239 1743 2292 1797; x_wconf 92' lang='lat' dir='ltr'><strong>in</strong></span> <span class='ocrx_word' id='word_1_382' title='bbox 2330 1742 2647 1813; x_wconf 64' lang='lat' dir='ltr'><strong>praecordiis</strong></span> <span class='ocrx_word' id='word_1_383' title='bbox 2682 1741 2838 1796; x_wconf 87' lang='lat' dir='ltr'><strong>ardet</strong></span> <span class='ocrx_word' id='word_1_384' title='bbox 2868 1742 3010 1812; x_wconf 84' lang='lat' dir='ltr'><strong>ignis</strong></span> <span class='ocrx_word' id='word_1_385' title='bbox 3043 1756 3141 1811; x_wconf 92' lang='lat' dir='ltr'><strong>per</strong></span> <span class='ocrx_word' id='word_1_386' title='bbox 3198 1741 3432 1795; x_wconf 79' lang='lat' dir='ltr'><strong>arterias</strong></span> 
     </span>
    </p>
   </div>
   <div class='ocr_carea' id='block_1_51' title="bbox 1856 1830 3433 1904">
    <p class='ocr_par' dir='ltr' id='par_1_51' title="bbox 1856 1830 3433 1904">
     <span class='ocr_line' id='line_1_51' title="bbox 1856 1830 3433 1904; baseline -0.003 -14"><span class='ocrx_word' id='word_1_387' title='bbox 1856 1835 1913 1890; x_wconf 91' lang='lat' dir='ltr'><strong>in</strong></span> <span class='ocrx_word' id='word_1_388' title='bbox 1944 1841 2121 1890; x_wconf 91' lang='lat' dir='ltr'><strong>totum</strong></span> <span class='ocrx_word' id='word_1_389' title='bbox 2152 1848 2355 1904; x_wconf 91' lang='lat' dir='ltr'><strong>corpus</strong></span> <span class='ocrx_word' id='word_1_390' title='bbox 2382 1842 2635 1899; x_wconf 90' lang='lat' dir='ltr'><strong>emanet;</strong></span> <span class='ocrx_word' id='word_1_391' title='bbox 2667 1832 2946 1902; x_wconf 85' lang='lat' dir='ltr'><strong>quomodo</strong></span> <span class='ocrx_word' id='word_1_392' title='bbox 2977 1831 3063 1897; x_wconf 89' lang='lat' dir='ltr'><strong>id,</strong></span> <span class='ocrx_word' id='word_1_393' title='bbox 3114 1830 3261 1901; x_wconf 89' lang='lat' dir='ltr'><strong>quod</strong></span> <span class='ocrx_word' id='word_1_394' title='bbox 3291 1830 3433 1885; x_wconf 82' lang='lat' dir='ltr'><strong>bibi-</strong></span> 
     </span>
    </p>
   </div>
   <div class='ocr_carea' id='block_1_52' title="bbox 1852 1921 3433 1997">
    <p class='ocr_par' dir='ltr' id='par_1_52' title="bbox 1852 1921 3433 1997">
     <span class='ocr_line' id='line_1_52' title="bbox 1852 1921 3433 1997; baseline -0.006 -14"><span class='ocrx_word' id='word_1_395' title='bbox 1852 1928 1966 1997; x_wconf 88' lang='lat' dir='ltr'><strong>tis,</strong></span> <span class='ocrx_word' id='word_1_396' title='bbox 1999 1942 2126 1982; x_wconf 90' lang='lat' dir='ltr'><strong>cum</strong></span> <span class='ocrx_word' id='word_1_397' title='bbox 2170 1925 2240 1980; x_wconf 87' lang='lat' dir='ltr'><strong>ad</strong></span> <span class='ocrx_word' id='word_1_398' title='bbox 2296 1926 2465 1996; x_wconf 80' lang='lat' dir='ltr'><strong>liepar</strong></span> <span class='ocrx_word' id='word_1_399' title='bbox 2507 1923 2845 1985; x_wconf 78' lang='lat' dir='ltr'><strong>accesserit,</strong></span> <span class='ocrx_word' id='word_1_400' title='bbox 2902 1922 3141 1992; x_wconf 88' lang='lat' dir='ltr'><strong>speciem</strong></span> <span class='ocrx_word' id='word_1_401' title='bbox 3196 1921 3433 1993; x_wconf 85' lang='lat' dir='ltr'><strong>qualita-</strong></span> 
     </span>
    </p>
   </div>
   <div class='ocr_carea' id='block_1_53' title="bbox 1852 2016 3426 2093">
    <p class='ocr_par' dir='ltr' id='par_1_53' title="bbox 1852 2016 3426 2093">
     <span class='ocr_line' id='line_1_53' title="bbox 1852 2016 3426 2093; baseline -0.005 -17"><span class='ocrx_word' id='word_1_402' title='bbox 1852 2030 2075 2093; x_wconf 85' lang='lat' dir='ltr'><strong>temque</strong></span> <span class='ocrx_word' id='word_1_403' title='bbox 2134 2029 2472 2084; x_wconf 90' lang='lat' dir='ltr'><strong>commutet,</strong></span> <span class='ocrx_word' id='word_1_404' title='bbox 2499 2027 2553 2074; x_wconf 91' lang='lat' dir='ltr'><strong>et</strong></span> <span class='ocrx_word' id='word_1_405' title='bbox 2586 2018 2641 2071; x_wconf 90' lang='lat' dir='ltr'><strong>in</strong></span> <span class='ocrx_word' id='word_1_406' title='bbox 2686 2016 3018 2086; x_wconf 77' lang='lat' dir='ltr'><strong>sanguinem</strong></span> <span class='ocrx_word' id='word_1_407' title='bbox 3050 2021 3426 2071; x_wconf 88' lang='lat' dir='ltr'><strong>convertatur.</strong></span> 
     </span>
    </p>
   </div>
   <div class='ocr_carea' id='block_1_54' title="bbox 1852 2106 3431 2179">
    <p class='ocr_par' dir='ltr' id='par_1_54' title="bbox 1852 2106 3431 2179">
     <span class='ocr_line' id='line_1_54' title="bbox 1852 2106 3431 2179; baseline -0.006 -10"><span class='ocrx_word' id='word_1_408' title='bbox 1852 2113 2060 2169; x_wconf 85' lang='lat' dir='ltr'><strong>iiorum</strong></span> <span class='ocrx_word' id='word_1_409' title='bbox 2091 2127 2190 2169; x_wconf 90' lang='lat' dir='ltr'><strong>vos</strong></span> <span class='ocrx_word' id='word_1_410' title='bbox 2211 2111 2457 2167; x_wconf 90' lang='lat' dir='ltr'><strong>omnium</strong></span> <span class='ocrx_word' id='word_1_411' title='bbox 2500 2110 2567 2165; x_wconf 88' lang='lat' dir='ltr'><strong>ad</strong></span> <span class='ocrx_word' id='word_1_412' title='bbox 2605 2110 2709 2164; x_wconf 91' lang='lat' dir='ltr'><strong>boc</strong></span> <span class='ocrx_word' id='word_1_413' title='bbox 2744 2124 2919 2179; x_wconf 90' lang='lat' dir='ltr'><strong>usque</strong></span> <span class='ocrx_word' id='word_1_414' title='bbox 2944 2116 3161 2178; x_wconf 85' lang='lat' dir='ltr'><strong>tempus</strong></span> <span class='ocrx_word' id='word_1_415' title='bbox 3188 2106 3431 2177; x_wconf 92' lang='lat' dir='ltr'><strong>cognitio</strong></span> 
     </span>
    </p>
   </div>
   <div class='ocr_carea' id='block_1_55' title="bbox 1852 2197 3427 2274">
    <p class='ocr_par' dir='ltr' id='par_1_55' title="bbox 1852 2197 3427 2274">
     <span class='ocr_line' id='line_1_55' title="bbox 1852 2197 3427 2274; baseline -0.007 -13"><span class='ocrx_word' id='word_1_416' title='bbox 1852 2206 2054 2271; x_wconf 83' lang='lat' dir='ltr'><strong>latuit,</strong></span> <span class='ocrx_word' id='word_1_417' title='bbox 2102 2211 2163 2260; x_wconf 89' lang='lat' dir='ltr'><strong>ut</strong></span> <span class='ocrx_word' id='word_1_418' title='bbox 2187 2219 2306 2261; x_wconf 89' lang='lat' dir='ltr'><strong>eam</strong></span> <span class='ocrx_word' id='word_1_419' title='bbox 2339 2204 2516 2274; x_wconf 88' lang='lat' dir='ltr'><strong>ipsam</strong></span> <span class='ocrx_word' id='word_1_420' title='bbox 2540 2240 2557 2267; x_wconf 94' lang='lat'><strong>,</strong></span> <span class='ocrx_word' id='word_1_421' title='bbox 2612 2201 2668 2255; x_wconf 92' lang='lat' dir='ltr'><strong>in</strong></span> <span class='ocrx_word' id='word_1_422' title='bbox 2694 2214 2803 2270; x_wconf 88' lang='lat' dir='ltr'><strong>qua</strong></span> <span class='ocrx_word' id='word_1_423' title='bbox 2862 2197 3159 2253; x_wconf 89' lang='lat' dir='ltr'><strong>versamini</strong></span> <span class='ocrx_word' id='word_1_424' title='bbox 3187 2236 3203 2263; x_wconf 94' lang='lat'><strong>,</strong></span> <span class='ocrx_word' id='word_1_425' title='bbox 3263 2197 3427 2252; x_wconf 86' lang='lat' dir='ltr'><strong>vitam</strong></span> 
     </span>
    </p>
   </div>
   <div class='ocr_carea' id='block_1_56' title="bbox 1850 2289 3431 2371">
    <p class='ocr_par' dir='ltr' id='par_1_56' title="bbox 1850 2289 3431 2371">
     <span class='ocr_line' id='line_1_56' title="bbox 1850 2289 3431 2371; baseline -0.009 -15"><span class='ocrx_word' id='word_1_426' title='bbox 1850 2298 2154 2371; x_wconf 89' lang='lat' dir='ltr'><strong>ignoretis,</strong></span> <span class='ocrx_word' id='word_1_427' title='bbox 2187 2296 2391 2353; x_wconf 90' lang='lat' dir='ltr'><strong>nedum</strong></span> <span class='ocrx_word' id='word_1_428' title='bbox 2438 2295 2589 2350; x_wconf 90' lang='lat' dir='ltr'><strong>illam</strong></span> <span class='ocrx_word' id='word_1_429' title='bbox 2621 2333 2637 2359; x_wconf 94' lang='lat'><strong>,</strong></span> <span class='ocrx_word' id='word_1_430' title='bbox 2672 2306 2793 2364; x_wconf 75' lang='lat' dir='ltr'><strong>qua:</strong></span> <span class='ocrx_word' id='word_1_431' title='bbox 2846 2305 2877 2344; x_wconf 89' lang='lat' dir='ltr'><strong>a</strong></span> <span class='ocrx_word' id='word_1_432' title='bbox 2912 2289 3169 2346; x_wconf 88' lang='lat' dir='ltr'><strong>sensibus</strong></span> <span class='ocrx_word' id='word_1_433' title='bbox 3219 2296 3305 2371; x_wconf 85' lang='lat' dir='ltr'><strong>est</strong></span> <span class='ocrx_word' id='word_1_434' title='bbox 3341 2303 3431 2342; x_wconf 85' lang='lat' dir='ltr'><strong>re-</strong></span> 
     </span>
    </p>
   </div>
   <div class='ocr_carea' id='block_1_57' title="bbox 1850 2368 3426 2453">
    <p class='ocr_par' dir='ltr' id='par_1_57' title="bbox 1850 2368 3426 2453">
     <span class='ocr_line' id='line_1_57' title="bbox 1850 2368 3426 2453; baseline -0.009 -7"><span class='ocrx_word' id='word_1_435' title='bbox 1850 2368 2158 2446; x_wconf 66' lang='lat' dir='ltr'><strong>niotissima</strong></span> <span class='ocrx_word' id='word_1_436' title='bbox 2178 2429 2193 2453; x_wconf 96' lang='lat'><strong>,</strong></span> <span class='ocrx_word' id='word_1_437' title='bbox 2228 2402 2354 2446; x_wconf 92' lang='lat' dir='ltr'><strong>cum</strong></span> <span class='ocrx_word' id='word_1_438' title='bbox 2383 2386 2640 2443; x_wconf 88' lang='lat' dir='ltr'><strong>sensibus</strong></span> <span class='ocrx_word' id='word_1_439' title='bbox 2664 2381 2949 2453; x_wconf 83' lang='lat' dir='ltr'><strong>conjuncti</strong></span> <span class='ocrx_word' id='word_1_440' title='bbox 2976 2395 3204 2436; x_wconf 86' lang='lat' dir='ltr'><strong>cernere</strong></span> <span class='ocrx_word' id='word_1_441' title='bbox 3236 2368 3426 2434; x_wconf 71' lang='lat' dir='ltr'><strong>valea-</strong></span> 
     </span>
    </p>
   </div>
   <div class='ocr_carea' id='block_1_58' title="bbox 1848 2474 3429 2549">
    <p class='ocr_par' dir='ltr' id='par_1_58' title="bbox 1848 2474 3429 2549">
     <span class='ocr_line' id='line_1_58' title="bbox 1848 2474 3429 2549; baseline -0.004 -13"><span class='ocrx_word' id='word_1_442' title='bbox 1848 2481 1943 2538; x_wconf 90' lang='lat' dir='ltr'><strong>tis.</strong></span> <span class='ocrx_word' id='word_1_443' title='bbox 2011 2479 2304 2548; x_wconf 78' lang='lat' dir='ltr'><strong>Quomodo</strong></span> <span class='ocrx_word' id='word_1_444' title='bbox 2355 2478 2502 2535; x_wconf 92' lang='lat' dir='ltr'><strong>enim</strong></span> <span class='ocrx_word' id='word_1_445' title='bbox 2561 2478 2833 2549; x_wconf 87' lang='lat' dir='ltr'><strong>quispiam</strong></span> <span class='ocrx_word' id='word_1_446' title='bbox 2897 2491 2994 2545; x_wconf 90' lang='lat' dir='ltr'><strong>per</strong></span> <span class='ocrx_word' id='word_1_447' title='bbox 3053 2489 3314 2539; x_wconf 86' lang='lat' dir='ltr'><strong>sensum,</strong></span> <span class='ocrx_word' id='word_1_448' title='bbox 3374 2474 3429 2529; x_wconf 93' lang='lat' dir='ltr'><strong>id</strong></span> 
     </span>
    </p>
   </div>
   <div class='ocr_carea' id='block_1_59' title="bbox 1848 2567 3431 2646">
    <p class='ocr_par' dir='ltr' id='par_1_59' title="bbox 1848 2567 3431 2646">
     <span class='ocr_line' id='line_1_59' title="bbox 1848 2567 3431 2646; baseline -0.005 -18"><span class='ocrx_word' id='word_1_449' title='bbox 1848 2573 1999 2646; x_wconf 90' lang='lat' dir='ltr'><strong>quod</strong></span> <span class='ocrx_word' id='word_1_450' title='bbox 2029 2589 2197 2630; x_wconf 87' lang='lat' dir='ltr'><strong>sensu</strong></span> <span class='ocrx_word' id='word_1_451' title='bbox 2233 2572 2490 2643; x_wconf 88' lang='lat' dir='ltr'><strong>superius</strong></span> <span class='ocrx_word' id='word_1_452' title='bbox 2518 2578 2637 2634; x_wconf 87' lang='lat' dir='ltr'><strong>est,</strong></span> <span class='ocrx_word' id='word_1_453' title='bbox 2671 2570 3016 2626; x_wconf 85' lang='lat' dir='ltr'><strong>intuebitur?</strong></span> <span class='ocrx_word' id='word_1_454' title='bbox 3049 2567 3295 2638; x_wconf 87' lang='lat' dir='ltr'><strong>Utraque</strong></span> <span class='ocrx_word' id='word_1_455' title='bbox 3333 2567 3431 2639; x_wconf 84' lang='lat' dir='ltr'><strong>igi-</strong></span> 
     </span>
    </p>
   </div>
   <div class='ocr_carea' id='block_1_60' title="bbox 1850 2660 3427 2736">
    <p class='ocr_par' dir='ltr' id='par_1_60' title="bbox 1850 2660 3427 2736">
     <span class='ocr_line' id='line_1_60' title="bbox 1850 2660 3427 2736; baseline -0.004 -14"><span class='ocrx_word' id='word_1_456' title='bbox 1850 2675 1940 2722; x_wconf 93' lang='lat' dir='ltr'><strong>tur</strong></span> <span class='ocrx_word' id='word_1_457' title='bbox 1972 2666 2084 2720; x_wconf 87' lang='lat' dir='ltr'><strong>vita</strong></span> <span class='ocrx_word' id='word_1_458' title='bbox 2110 2680 2141 2720; x_wconf 91' lang='lat' dir='ltr'><strong>a</strong></span> <span class='ocrx_word' id='word_1_459' title='bbox 2180 2665 2337 2721; x_wconf 84' lang='lat' dir='ltr'><strong>vobis</strong></span> <span class='ocrx_word' id='word_1_460' title='bbox 2368 2665 2575 2736; x_wconf 86' lang='lat' dir='ltr'><strong>pariter</strong></span> <span class='ocrx_word' id='word_1_461' title='bbox 2608 2666 2911 2734; x_wconf 85' lang='lat' dir='ltr'><strong>ignoratur,</strong></span> <span class='ocrx_word' id='word_1_462' title='bbox 2942 2671 2995 2718; x_wconf 91' lang='lat' dir='ltr'><strong>et</strong></span> <span class='ocrx_word' id='word_1_463' title='bbox 3027 2677 3267 2731; x_wconf 82' lang='lat' dir='ltr'><strong>praesens</strong></span> <span class='ocrx_word' id='word_1_464' title='bbox 3289 2660 3427 2723; x_wconf 73' lang='lat' dir='ltr'><strong>lucc,</strong></span> 
     </span>
    </p>
   </div>
   <div class='ocr_carea' id='block_1_61' title="bbox 1848 2752 3431 2828">
    <p class='ocr_par' dir='ltr' id='par_1_61' title="bbox 1848 2752 3431 2828">
     <span class='ocr_line' id='line_1_61' title="bbox 1848 2752 3431 2828; baseline -0.003 -17"><span class='ocrx_word' id='word_1_465' title='bbox 1848 2756 2107 2828; x_wconf 87' lang='lat' dir='ltr'><strong>quoniam</strong></span> <span class='ocrx_word' id='word_1_466' title='bbox 2142 2754 2197 2811; x_wconf 91' lang='lat' dir='ltr'><strong>id</strong></span> <span class='ocrx_word' id='word_1_467' title='bbox 2221 2755 2398 2812; x_wconf 90' lang='lat' dir='ltr'><strong>solum</strong></span> <span class='ocrx_word' id='word_1_468' title='bbox 2425 2796 2441 2823; x_wconf 91' lang='lat'><strong>,</strong></span> <span class='ocrx_word' id='word_1_469' title='bbox 2496 2754 2643 2827; x_wconf 92' lang='lat' dir='ltr'><strong>quod</strong></span> <span class='ocrx_word' id='word_1_470' title='bbox 2678 2762 2902 2825; x_wconf 87' lang='lat' dir='ltr'><strong>apparet</strong></span> <span class='ocrx_word' id='word_1_471' title='bbox 2932 2793 2947 2819; x_wconf 95' lang='lat'><strong>,</strong></span> <span class='ocrx_word' id='word_1_472' title='bbox 3008 2752 3319 2824; x_wconf 87' lang='lat' dir='ltr'><strong>inspieitis:</strong></span> <span class='ocrx_word' id='word_1_473' title='bbox 3376 2763 3431 2807; x_wconf 90' lang='lat' dir='ltr'><strong>et</strong></span> 
     </span>
    </p>
   </div>
   <div class='ocr_carea' id='block_1_62' title="bbox 1848 2845 3430 2920">
    <p class='ocr_par' dir='ltr' id='par_1_62' title="bbox 1848 2845 3430 2920">
     <span class='ocr_line' id='line_1_62' title="bbox 1848 2845 3430 2920; baseline -0.003 -17"><span class='ocrx_word' id='word_1_474' title='bbox 1848 2850 2023 2905; x_wconf 86' lang='lat' dir='ltr'><strong>altera</strong></span> <span class='ocrx_word' id='word_1_475' title='bbox 2047 2848 2140 2905; x_wconf 85' lang='lat' dir='ltr'><strong>illa</strong></span> <span class='ocrx_word' id='word_1_476' title='bbox 2166 2887 2183 2915; x_wconf 98' lang='lat'><strong>,</strong></span> <span class='ocrx_word' id='word_1_477' title='bbox 2214 2848 2343 2920; x_wconf 90' lang='lat' dir='ltr'><strong>quia</strong></span> <span class='ocrx_word' id='word_1_478' title='bbox 2382 2863 2581 2904; x_wconf 87' lang='lat' dir='ltr'><strong>sensus</strong></span> <span class='ocrx_word' id='word_1_479' title='bbox 2619 2847 2688 2903; x_wconf 88' lang='lat' dir='ltr'><strong>ad</strong></span> <span class='ocrx_word' id='word_1_480' title='bbox 2726 2862 2845 2904; x_wconf 88' lang='lat' dir='ltr'><strong>eam</strong></span> <span class='ocrx_word' id='word_1_481' title='bbox 2880 2845 3206 2919; x_wconf 76' lang='lat' dir='ltr'><strong>vestigando</strong></span> <span class='ocrx_word' id='word_1_482' title='bbox 3237 2859 3430 2916; x_wconf 86' lang='lat' dir='ltr'><strong>perve-</strong></span> 
     </span>
    </p>
   </div>
   <div class='ocr_carea' id='block_1_63' title="bbox 1848 2938 3428 3013">
    <p class='ocr_par' dir='ltr' id='par_1_63' title="bbox 1848 2938 3428 3013">
     <span class='ocr_line' id='line_1_63' title="bbox 1848 2938 3428 3013; baseline -0.004 -15"><span class='ocrx_word' id='word_1_483' title='bbox 1848 2944 1970 2999; x_wconf 83' lang='lat' dir='ltr'><strong>nire</strong></span> <span class='ocrx_word' id='word_1_484' title='bbox 1993 2955 2105 2997; x_wconf 88' lang='lat' dir='ltr'><strong>non</strong></span> <span class='ocrx_word' id='word_1_485' title='bbox 2136 2947 2336 3013; x_wconf 86' lang='lat' dir='ltr'><strong>potest.</strong></span> <span class='ocrx_word' id='word_1_486' title='bbox 2367 2939 2500 3008; x_wconf 66' lang='lat' dir='ltr'><strong>Quae</strong></span> <span class='ocrx_word' id='word_1_487' title='bbox 2528 2955 2653 2996; x_wconf 89' lang='lat' dir='ltr'><strong>cum</strong></span> <span class='ocrx_word' id='word_1_488' title='bbox 2703 2939 2781 2996; x_wconf 87' lang='lat' dir='ltr'><strong>ita</strong></span> <span class='ocrx_word' id='word_1_489' title='bbox 2839 2954 2898 2996; x_wconf 91' lang='lat' dir='ltr'><strong>se</strong></span> <span class='ocrx_word' id='word_1_490' title='bbox 2955 2938 3233 3004; x_wconf 88' lang='lat' dir='ltr'><strong>habeant,</strong></span> <span class='ocrx_word' id='word_1_491' title='bbox 3289 2950 3428 3003; x_wconf 85' lang='lat' dir='ltr'><strong>cur,</strong></span> 
     </span>
    </p>
   </div>
   <div class='ocr_carea' id='block_1_64' title="bbox 156 3022 1747 3101">
    <p class='ocr_par' dir='ltr' id='par_1_64' title="bbox 156 3022 1745 3096">
     <span class='ocr_line' id='line_1_64' title="bbox 156 3022 1745 3096; baseline 0.002 -22"><span class='ocrx_word' id='word_1_492' title='bbox 156 3037 331 3091; x_wconf 77' lang='grc' dir='ltr'>μενοι,</span> <span class='ocrx_word' id='word_1_493' title='bbox 379 3022 561 3078; x_wconf 85' lang='grc' dir='ltr'>καίτοι</span> <span class='ocrx_word' id='word_1_494' title='bbox 622 3024 986 3096; x_wconf 79' lang='grc' dir='ltr'>ἀγνοουμένου</span> <span class='ocrx_word' id='word_1_495' title='bbox 1003 3041 1020 3057; x_wconf 76' lang='grc' dir='ltr'><strong>ο</strong></span> <span class='ocrx_word' id='word_1_496' title='bbox 1085 3026 1290 3080; x_wconf 66' lang='grc' dir='ltr'>ὲκείνον</span> <span class='ocrx_word' id='word_1_497' title='bbox 1339 3024 1397 3079; x_wconf 72' lang='grc' dir='ltr'>δὲ</span> <span class='ocrx_word' id='word_1_498' title='bbox 1448 3023 1745 3087; x_wconf 85' lang='grc' dir='ltr'>δεδοικότες</span> 
     </span>
    </p>
   </div>
   <div class='ocr_carea' id='block_1_65' title="bbox 1850 3022 3433 3101">
    <p class='ocr_par' dir='ltr' id='par_1_65' title="bbox 1850 3029 3433 3101">
     <span class='ocr_line' id='line_1_65' title="bbox 1850 3029 3433 3101; baseline -0.005 -10"><span class='ocrx_word' id='word_1_499' title='bbox 1850 3050 1880 3091; x_wconf 91' lang='lat' dir='ltr'><strong>o</strong></span> <span class='ocrx_word' id='word_1_500' title='bbox 1907 3033 2169 3091; x_wconf 86' lang='lat' dir='ltr'><strong>mortales</strong></span> <span class='ocrx_word' id='word_1_501' title='bbox 2190 3073 2207 3101; x_wconf 98' lang='lat'><strong>,</strong></span> <span class='ocrx_word' id='word_1_502' title='bbox 2238 3034 2323 3091; x_wconf 88' lang='lat' dir='ltr'><strong>sic</strong></span> <span class='ocrx_word' id='word_1_503' title='bbox 2371 3032 2556 3089; x_wconf 75' lang='lat' dir='ltr'><strong>allecti</strong></span> <span class='ocrx_word' id='word_1_504' title='bbox 2587 3031 2755 3089; x_wconf 73' lang='lat' dir='ltr'><strong>estis?</strong></span> <span class='ocrx_word' id='word_1_505' title='bbox 2809 3045 2910 3087; x_wconf 90' lang='lat' dir='ltr'><strong>cur</strong></span> <span class='ocrx_word' id='word_1_506' title='bbox 2956 3029 3103 3087; x_wconf 87' lang='lat' dir='ltr'><strong>hanc</strong></span> <span class='ocrx_word' id='word_1_507' title='bbox 3126 3068 3143 3095; x_wconf 91' lang='lat'><strong>,</strong></span> <span class='ocrx_word' id='word_1_508' title='bbox 3185 3029 3311 3085; x_wconf 84' lang='lat' dir='ltr'><strong>licet</strong></span> <span class='ocrx_word' id='word_1_509' title='bbox 3345 3030 3433 3084; x_wconf 88' lang='lat' dir='ltr'><strong>in-</strong></span> 
     </span>
    </p>
   </div>
   <div class='ocr_carea' id='block_1_66' title="bbox 152 3113 1741 3187">
    <p class='ocr_par' dir='ltr' id='par_1_66' title="bbox 152 3113 1741 3187">
     <span class='ocr_line' id='line_1_66' title="bbox 152 3113 1741 3187; baseline 0.001 -19"><span class='ocrx_word' id='word_1_510' title='bbox 152 3114 251 3168; x_wconf 77' lang='grc' dir='ltr'>καὶ</span> <span class='ocrx_word' id='word_1_511' title='bbox 291 3113 628 3185; x_wconf 77' lang='grc' dir='ltr'>φρίττοντες,</span> <span class='ocrx_word' id='word_1_512' title='bbox 676 3114 753 3179; x_wconf 81' lang='grc' dir='ltr'><strong>ὡς</strong></span> <span class='ocrx_word' id='word_1_513' title='bbox 797 3116 1033 3187; x_wconf 76' lang='grc' dir='ltr'>χαλεπὸν</span> <span class='ocrx_word' id='word_1_514' title='bbox 1083 3116 1176 3171; x_wconf 78' lang='grc' dir='ltr'>καὶ</span> <span class='ocrx_word' id='word_1_515' title='bbox 1231 3114 1395 3186; x_wconf 73' lang='grc' dir='ltr'>φόϐου</span> <span class='ocrx_word' id='word_1_516' title='bbox 1441 3114 1624 3180; x_wconf 80' lang='grc' dir='ltr'>ἀξιον·</span> <span class='ocrx_word' id='word_1_517' title='bbox 1674 3114 1741 3169; x_wconf 85' lang='grc' dir='ltr'><strong>δι’</strong></span> 
     </span>
    </p>
   </div>
   <div class='ocr_carea' id='block_1_67' title="bbox 144 3200 1740 3276">
    <p class='ocr_par' dir='ltr' id='par_1_67' title="bbox 144 3200 1740 3276">
     <span class='ocr_line' id='line_1_67' title="bbox 144 3200 1740 3276; baseline 0.001 -19"><span class='ocrx_word' id='word_1_518' title='bbox 144 3203 308 3258; x_wconf 71' lang='grc' dir='ltr'>οὐδὲν</span> <span class='ocrx_word' id='word_1_519' title='bbox 331 3203 540 3275; x_wconf 59' lang='lat' dir='ltr'><strong>illud)</strong></span> <span class='ocrx_word' id='word_1_520' title='bbox 568 3204 657 3257; x_wconf 73' lang='grc' dir='ltr'><strong>διὰ</strong></span> <span class='ocrx_word' id='word_1_521' title='bbox 683 3204 840 3258; x_wconf 87' lang='grc' dir='ltr'>τοῦτο</span> <span class='ocrx_word' id='word_1_522' title='bbox 870 3204 1049 3276; x_wconf 84' lang='grc' dir='ltr'>μόνον,</span> <span class='ocrx_word' id='word_1_523' title='bbox 1082 3205 1164 3260; x_wconf 84' lang='grc' dir='ltr'>ὅτι</span> <span class='ocrx_word' id='word_1_524' title='bbox 1186 3205 1432 3275; x_wconf 79' lang='grc' dir='ltr'>ἀγνοεῖτε</span> <span class='ocrx_word' id='word_1_525' title='bbox 1460 3200 1573 3259; x_wconf 77' lang='grc' dir='ltr'>οἷόν</span> <span class='ocrx_word' id='word_1_526' title='bbox 1600 3206 1740 3272; x_wconf 65' lang='lat' dir='ltr'><strong>tam;</strong></span> 
     </span>
    </p>
   </div>
   <div class='ocr_carea' id='block_1_68' title="bbox 142 3294 1744 3370">
    <p class='ocr_par' dir='ltr' id='par_1_68' title="bbox 142 3294 1744 3370">
     <span class='ocr_line' id='line_1_68' title="bbox 142 3294 1744 3370; baseline 0.002 -21"><span class='ocrx_word' id='word_1_527' title='bbox 142 3294 350 3350; x_wconf 68' lang='grc' dir='ltr'>Καίτοι</span> <span class='ocrx_word' id='word_1_528' title='bbox 390 3296 565 3351; x_wconf 78' lang='grc' dir='ltr'>πολλὰ</span> <span class='ocrx_word' id='word_1_529' title='bbox 604 3298 699 3351; x_wconf 80' lang='grc' dir='ltr'>καὶ</span> <span class='ocrx_word' id='word_1_530' title='bbox 738 3296 876 3353; x_wconf 79' lang='grc' dir='ltr'>ἄλλα</span> <span class='ocrx_word' id='word_1_531' title='bbox 916 3299 1011 3352; x_wconf 80' lang='grc' dir='ltr'>καὶ</span> <span class='ocrx_word' id='word_1_532' title='bbox 1038 3299 1147 3352; x_wconf 87' lang='grc' dir='ltr'><strong>τῶν</strong></span> <span class='ocrx_word' id='word_1_533' title='bbox 1176 3299 1296 3352; x_wconf 81' lang='grc' dir='ltr'>κατ’</span> <span class='ocrx_word' id='word_1_534' title='bbox 1325 3297 1577 3370; x_wconf 72' lang='grc' dir='ltr'>αἴσθησιν</span> <span class='ocrx_word' id='word_1_535' title='bbox 1607 3299 1744 3370; x_wconf 82' lang='grc' dir='ltr'>ἡμῖν</span> 
     </span>
    </p>
   </div>
   <div class='ocr_carea' id='block_1_69' title="bbox 136 3387 1744 3461">
    <p class='ocr_par' dir='ltr' id='par_1_69' title="bbox 136 3387 1744 3461">
     <span class='ocr_line' id='line_1_69' title="bbox 136 3387 1744 3461; baseline 0.003 -23"><span class='ocrx_word' id='word_1_536' title='bbox 136 3388 608 3457; x_wconf 72' lang='grc' dir='ltr'>προφαινομένων</span> <span class='ocrx_word' id='word_1_537' title='bbox 638 3387 734 3442; x_wconf 80' lang='grc' dir='ltr'>καὶ</span> <span class='ocrx_word' id='word_1_538' title='bbox 766 3388 1144 3459; x_wconf 71' lang='grc' dir='ltr'>ἀγνοουμένων</span> <span class='ocrx_word' id='word_1_539' title='bbox 1182 3389 1244 3443; x_wconf 87' lang='grc' dir='ltr'><strong>ού</strong></span> <span class='ocrx_word' id='word_1_540' title='bbox 1270 3388 1604 3461; x_wconf 83' lang='grc' dir='ltr'>δεδοίκαμεν.</span> <span class='ocrx_word' id='word_1_541' title='bbox 1645 3388 1744 3452; x_wconf 85' lang='grc' dir='ltr'>Τίς</span> 
     </span>
    </p>
   </div>
   <div class='ocr_carea' id='block_1_70' title="bbox 134 3476 1744 3553">
    <p class='ocr_par' dir='ltr' id='par_1_70' title="bbox 134 3476 1744 3553">
     <span class='ocr_line' id='line_1_70' title="bbox 134 3476 1744 3553; baseline -0.002 -17"><span class='ocrx_word' id='word_1_542' title='bbox 134 3476 268 3547; x_wconf 70' lang='grc' dir='ltr'>γὰρ</span> <span class='ocrx_word' id='word_1_543' title='bbox 293 3480 329 3548; x_wconf 72' lang='grc' dir='ltr'><strong>ἡ</strong></span> <span class='ocrx_word' id='word_1_544' title='bbox 365 3479 525 3549; x_wconf 78' lang='grc' dir='ltr'>φύσις</span> <span class='ocrx_word' id='word_1_545' title='bbox 551 3480 661 3535; x_wconf 88' lang='grc' dir='ltr'><strong>τῶν</strong></span> <span class='ocrx_word' id='word_1_546' title='bbox 692 3482 814 3535; x_wconf 76' lang='grc' dir='ltr'>κατ’</span> <span class='ocrx_word' id='word_1_547' title='bbox 851 3479 1080 3552; x_wconf 79' lang='grc' dir='ltr'>οὐρανὸν</span> <span class='ocrx_word' id='word_1_548' title='bbox 1112 3481 1471 3553; x_wconf 82' lang='grc' dir='ltr'>φαινομένων,</span> <span class='ocrx_word' id='word_1_549' title='bbox 1511 3480 1546 3552; x_wconf 80' lang='grc' dir='ltr'>ἢ</span> <span class='ocrx_word' id='word_1_550' title='bbox 1580 3480 1633 3533; x_wconf 87' lang='grc' dir='ltr'><strong>τί</strong></span> <span class='ocrx_word' id='word_1_551' title='bbox 1682 3480 1744 3533; x_wconf 79' lang='grc' dir='ltr'>τὸ</span> 
     </span>
    </p>
   </div>
   <div class='ocr_carea' id='block_1_71' title="bbox 131 3570 1744 3646">
    <p class='ocr_par' dir='ltr' id='par_1_71' title="bbox 131 3570 1744 3646">
     <span class='ocr_line' id='line_1_71' title="bbox 131 3570 1744 3646; baseline 0.002 -23"><span class='ocrx_word' id='word_1_552' title='bbox 131 3570 423 3641; x_wconf 70' lang='grc' dir='ltr'>περιάγω</span> <span class='ocrx_word' id='word_1_553' title='bbox 450 3571 539 3626; x_wconf 75' lang='grc' dir='ltr'>τὸν</span> <span class='ocrx_word' id='word_1_554' title='bbox 564 3572 726 3626; x_wconf 83' lang='grc' dir='ltr'>πόλον</span> <span class='ocrx_word' id='word_1_555' title='bbox 748 3571 811 3639; x_wconf 77' lang='grc' dir='ltr'>ιξ</span> <span class='ocrx_word' id='word_1_556' title='bbox 837 3573 1078 3628; x_wconf 69' lang='grc' dir='ltr'>ἑναντίου</span> <span class='ocrx_word' id='word_1_557' title='bbox 1101 3573 1202 3646; x_wconf 75' lang='grc' dir='ltr'>τὴν</span> <span class='ocrx_word' id='word_1_558' title='bbox 1234 3573 1471 3644; x_wconf 84' lang='grc' dir='ltr'>κίνησιν,</span> <span class='ocrx_word' id='word_1_559' title='bbox 1502 3572 1535 3645; x_wconf 72' lang='grc' dir='ltr'>ἢ</span> <span class='ocrx_word' id='word_1_560' title='bbox 1588 3572 1642 3627; x_wconf 83' lang='grc' dir='ltr'><strong>τί</strong></span> <span class='ocrx_word' id='word_1_561' title='bbox 1682 3572 1744 3626; x_wconf 87' lang='grc' dir='ltr'>τὸ</span> 
     </span>
    </p>
   </div>
   <div class='ocr_carea' id='block_1_72' title="bbox 127 3662 1744 3739">
    <p class='ocr_par' dir='ltr' id='par_1_72' title="bbox 127 3662 1744 3739">
     <span class='ocr_line' id='line_1_72' title="bbox 127 3662 1744 3739; baseline 0.001 -4"><span class='ocrx_word' id='word_1_562' title='bbox 127 3663 363 3735; x_wconf 69' lang='grc' dir='ltr'><strong>ὲρετδον</strong></span> <span class='ocrx_word' id='word_1_563' title='bbox 406 3666 507 3736; x_wconf 81' lang='grc' dir='ltr'>τὴν</span> <span class='ocrx_word' id='word_1_564' title='bbox 538 3665 641 3737; x_wconf 80' lang='grc' dir='ltr'><strong>τῆς</strong></span> <span class='ocrx_word' id='word_1_565' title='bbox 680 3668 787 3737; x_wconf 74' lang='grc' dir='ltr'><strong>γῆς</strong></span> <span class='ocrx_word' id='word_1_566' title='bbox 828 3666 1168 3739; x_wconf 52' lang='lat' dir='ltr'><strong>immuta“</strong></span> <span class='ocrx_word' id='word_1_567' title='bbox 1221 3664 1341 3730; x_wconf 77' lang='grc' dir='ltr'>πῶς</span> <span class='ocrx_word' id='word_1_568' title='bbox 1384 3665 1442 3719; x_wconf 78' lang='grc' dir='ltr'>δὲ</span> <span class='ocrx_word' id='word_1_569' title='bbox 1472 3666 1508 3736; x_wconf 77' lang='grc' dir='ltr'><strong>ἡ</strong></span> <span class='ocrx_word' id='word_1_570' title='bbox 1543 3662 1744 3737; x_wconf 71' lang='grc' dir='ltr'>ρευστὴ</span> 
     </span>
    </p>
   </div>
   <div class='ocr_carea' id='block_1_73' title="bbox 124 3756 1742 3831">
    <p class='ocr_par' dir='ltr' id='par_1_73' title="bbox 124 3756 1742 3831">
     <span class='ocr_line' id='line_1_73' title="bbox 124 3756 1742 3831; baseline 0 -21"><span class='ocrx_word' id='word_1_571' title='bbox 124 3756 262 3810; x_wconf 76' lang='grc' dir='ltr'><strong>τῶν</strong></span> <span class='ocrx_word' id='word_1_572' title='bbox 312 3758 525 3811; x_wconf 78' lang='grc' dir='ltr'>ὑδάτων</span> <span class='ocrx_word' id='word_1_573' title='bbox 558 3758 717 3827; x_wconf 78' lang='grc' dir='ltr'>φύσις</span> <span class='ocrx_word' id='word_1_574' title='bbox 762 3758 855 3812; x_wconf 75' lang='grc' dir='ltr'><strong>ἀεὶ</strong></span> <span class='ocrx_word' id='word_1_575' title='bbox 892 3760 1103 3828; x_wconf 88' lang='grc' dir='ltr'>γίνεται</span> <span class='ocrx_word' id='word_1_576' title='bbox 1149 3761 1214 3813; x_wconf 78' lang='grc' dir='ltr'>ἐκ</span> <span class='ocrx_word' id='word_1_577' title='bbox 1257 3759 1356 3831; x_wconf 85' lang='grc' dir='ltr'><strong>τῆς</strong></span> <span class='ocrx_word' id='word_1_578' title='bbox 1384 3761 1510 3830; x_wconf 81' lang='grc' dir='ltr'>γῆς,</span> <span class='ocrx_word' id='word_1_579' title='bbox 1553 3757 1648 3812; x_wconf 73' lang='grc' dir='ltr'>καὶ</span> <span class='ocrx_word' id='word_1_580' title='bbox 1680 3756 1742 3810; x_wconf 80' lang='grc' dir='ltr'>οὐ</span> 
     </span>
    </p>
   </div>
   <div class='ocr_carea' id='block_1_74' title="bbox 126 3846 1744 3917">
    <p class='ocr_par' dir='ltr' id='par_1_74' title="bbox 126 3846 1744 3917">
     <span class='ocr_line' id='line_1_74' title="bbox 126 3846 1744 3917; baseline 0.001 -18"><span class='ocrx_word' id='word_1_581' title='bbox 126 3846 471 3900; x_wconf 73' lang='grc' dir='ltr'>δαπανᾶται</span> <span class='ocrx_word' id='word_1_582' title='bbox 502 3848 540 3916; x_wconf 73' lang='grc' dir='ltr'><strong>ὴ</strong></span> <span class='ocrx_word' id='word_1_583' title='bbox 562 3846 637 3917; x_wconf 84' lang='grc' dir='ltr'>γῆ</span> <span class='ocrx_word' id='word_1_584' title='bbox 654 3864 668 3876; x_wconf 89' lang='grc'><strong>·</strong></span> <span class='ocrx_word' id='word_1_585' title='bbox 691 3849 781 3902; x_wconf 74' lang='grc' dir='ltr'><strong>καὶ</strong></span> <span class='ocrx_word' id='word_1_586' title='bbox 806 3848 943 3904; x_wconf 77' lang='grc' dir='ltr'>ἀλλα</span> <span class='ocrx_word' id='word_1_587' title='bbox 967 3848 1191 3904; x_wconf 90' lang='grc' dir='ltr'>τοιαῦτα</span> <span class='ocrx_word' id='word_1_588' title='bbox 1224 3848 1394 3903; x_wconf 88' lang='grc' dir='ltr'>πολλά</span> <span class='ocrx_word' id='word_1_589' title='bbox 1421 3848 1545 3902; x_wconf 72' lang='grc' dir='ltr'>οὔτε</span> <span class='ocrx_word' id='word_1_590' title='bbox 1574 3847 1744 3917; x_wconf 71' lang='grc' dir='ltr'>ἐγνώ-</span> 
     </span>
    </p>
   </div>
   <div class='ocr_carea' id='block_1_75' title="bbox 125 3935 1739 4012">
    <p class='ocr_par' dir='ltr' id='par_1_75' title="bbox 125 3935 1739 4012">
     <span class='ocr_line' id='line_1_75' title="bbox 125 3935 1739 4012; baseline 0.001 -19"><span class='ocrx_word' id='word_1_591' title='bbox 125 3954 337 4009; x_wconf 75' lang='grc' dir='ltr'>καμεν</span> <span class='ocrx_word' id='word_1_592' title='bbox 356 3977 373 4001; x_wconf 95' lang='grc'><strong>,</strong></span> <span class='ocrx_word' id='word_1_593' title='bbox 423 3935 551 3990; x_wconf 70' lang='grc' dir='ltr'>οὔτε</span> <span class='ocrx_word' id='word_1_594' title='bbox 607 3937 778 4007; x_wconf 73' lang='grc' dir='ltr'>φόϐων</span> <span class='ocrx_word' id='word_1_595' title='bbox 830 3940 991 4008; x_wconf 79' lang='grc' dir='ltr'>ἀξίαν</span> <span class='ocrx_word' id='word_1_596' title='bbox 1040 3940 1140 4012; x_wconf 83' lang='grc' dir='ltr'>τὴν</span> <span class='ocrx_word' id='word_1_597' title='bbox 1187 3940 1411 4009; x_wconf 73' lang='grc' dir='ltr'>ἄγνοιαν</span> <span class='ocrx_word' id='word_1_598' title='bbox 1459 3940 1739 4011; x_wconf 82' lang='grc' dir='ltr'>κρίνομεν.</span> 
     </span>
    </p>
   </div>
   <div class='ocr_carea' id='block_1_76' title="bbox 142 4026 1743 4103">
    <p class='ocr_par' dir='ltr' id='par_1_76' title="bbox 142 4026 1743 4103">
     <span class='ocr_line' id='line_1_76' title="bbox 142 4026 1743 4103; baseline 0.002 -22"><span class='ocrx_word' id='word_1_599' title='bbox 142 4026 331 4081; x_wconf 76' lang='grc' dir='ltr'>Ἀλλά</span> <span class='ocrx_word' id='word_1_600' title='bbox 385 4026 485 4081; x_wconf 79' lang='grc' dir='ltr'>καὶ</span> <span class='ocrx_word' id='word_1_601' title='bbox 537 4026 702 4099; x_wconf 78' lang='grc' dir='ltr'>αὐτὴν</span> <span class='ocrx_word' id='word_1_602' title='bbox 753 4029 853 4102; x_wconf 78' lang='grc' dir='ltr'>τὴν</span> <span class='ocrx_word' id='word_1_603' title='bbox 903 4031 1084 4085; x_wconf 80' lang='grc' dir='ltr'>πάντα</span> <span class='ocrx_word' id='word_1_604' title='bbox 1138 4030 1263 4087; x_wconf 88' lang='grc' dir='ltr'>νοῦν</span> <span class='ocrx_word' id='word_1_605' title='bbox 1314 4029 1743 4103; x_wconf 80' lang='grc' dir='ltr'>ύπερδαίνουσαν</span> 
     </span>
    </p>
   </div>
   <div class='ocr_carea' id='block_1_77' title="bbox 122 4118 1742 4197">
    <p class='ocr_par' dir='ltr' id='par_1_77' title="bbox 122 4118 1742 4197">
     <span class='ocr_line' id='line_1_77' title="bbox 122 4118 1742 4197; baseline 0.004 -26"><span class='ocrx_word' id='word_1_606' title='bbox 122 4118 342 4189; x_wconf 59' lang='grc' dir='ltr'>φύσιν,</span> <span class='ocrx_word' id='word_1_607' title='bbox 376 4120 477 4191; x_wconf 79' lang='grc' dir='ltr'>τὴν</span> <span class='ocrx_word' id='word_1_608' title='bbox 510 4119 661 4175; x_wconf 80' lang='grc' dir='ltr'>θείαν</span> <span class='ocrx_word' id='word_1_609' title='bbox 692 4139 751 4175; x_wconf 85' lang='grc' dir='ltr'><strong>τε</strong></span> <span class='ocrx_word' id='word_1_610' title='bbox 782 4123 876 4176; x_wconf 79' lang='grc' dir='ltr'>καὶ</span> <span class='ocrx_word' id='word_1_611' title='bbox 916 4124 1194 4197; x_wconf 86' lang='grc' dir='ltr'>μακαρίαν</span> <span class='ocrx_word' id='word_1_612' title='bbox 1218 4124 1313 4178; x_wconf 78' lang='grc' dir='ltr'>καὶ</span> <span class='ocrx_word' id='word_1_613' title='bbox 1338 4124 1742 4195; x_wconf 81' lang='grc' dir='ltr'>ἀκατάληπτον,</span> 
     </span>
    </p>
   </div>
   <div class='ocr_carea' id='block_1_78' title="bbox 118 4212 1745 4288">
    <p class='ocr_par' dir='ltr' id='par_1_78' title="bbox 118 4212 1745 4288">
     <span class='ocr_line' id='line_1_78' title="bbox 118 4212 1745 4288; baseline 0.002 -21"><span class='ocrx_word' id='word_1_614' title='bbox 118 4215 231 4267; x_wconf 76' lang='grc' dir='ltr'><strong>δτι</strong></span> <span class='ocrx_word' id='word_1_615' title='bbox 291 4214 391 4283; x_wconf 66' lang='grc' dir='ltr'>μὲν</span> <span class='ocrx_word' id='word_1_616' title='bbox 437 4212 581 4278; x_wconf 73' lang='grc' dir='ltr'>εστι,</span> <span class='ocrx_word' id='word_1_617' title='bbox 627 4216 1096 4287; x_wconf 80' lang='grc' dir='ltr'>πεπιστεύκαμεν,</span> <span class='ocrx_word' id='word_1_618' title='bbox 1142 4217 1203 4272; x_wconf 72' lang='grc' dir='ltr'><strong>έν</strong></span> <span class='ocrx_word' id='word_1_619' title='bbox 1244 4216 1351 4270; x_wconf 89' lang='grc' dir='ltr'>τίνι</span> <span class='ocrx_word' id='word_1_620' title='bbox 1381 4216 1439 4270; x_wconf 74' lang='grc' dir='ltr'>δὲ</span> <span class='ocrx_word' id='word_1_621' title='bbox 1485 4216 1658 4288; x_wconf 81' lang='grc' dir='ltr'>αὐτῆς</span> <span class='ocrx_word' id='word_1_622' title='bbox 1683 4214 1745 4270; x_wconf 81' lang='grc' dir='ltr'>τὸ</span> 
     </span>
    </p>
   </div>
   <div class='ocr_carea' id='block_1_79' title="bbox 114 4301 1745 4386">
    <p class='ocr_par' dir='ltr' id='par_1_79' title="bbox 114 4301 1745 4386">
     <span class='ocr_line' id='line_1_79' title="bbox 114 4301 1745 4386; baseline 0.002 -27"><span class='ocrx_word' id='word_1_623' title='bbox 114 4301 299 4359; x_wconf 73' lang='grc' dir='ltr'>εῖναι</span> <span class='ocrx_word' id='word_1_624' title='bbox 330 4305 832 4386; x_wconf 73' lang='grc' dir='ltr'>καταλαμϐάνεται,</span> <span class='ocrx_word' id='word_1_625' title='bbox 877 4307 1032 4363; x_wconf 75' lang='grc' dir='ltr'>οὔπω</span> <span class='ocrx_word' id='word_1_626' title='bbox 1056 4325 1143 4372; x_wconf 88' lang='grc' dir='ltr'><strong>τις</strong></span> <span class='ocrx_word' id='word_1_627' title='bbox 1175 4308 1371 4382; x_wconf 76' lang='grc' dir='ltr'>εὑρέθη</span> <span class='ocrx_word' id='word_1_628' title='bbox 1419 4307 1508 4363; x_wconf 90' lang='grc' dir='ltr'><strong>διά</strong></span> <span class='ocrx_word' id='word_1_629' title='bbox 1551 4325 1745 4380; x_wconf 84' lang='grc' dir='ltr'>στοχα-</span> 
     </span>
    </p>
   </div>
   <div class='ocr_carea' id='block_1_80' title="bbox 1844 3122 3431 3201">
    <p class='ocr_par' dir='ltr' id='par_1_80' title="bbox 1844 3122 3431 3201">
     <span class='ocr_line' id='line_1_80' title="bbox 1844 3122 3431 3201; baseline -0.006 -16"><span class='ocrx_word' id='word_1_630' title='bbox 1844 3128 2122 3201; x_wconf 89' lang='lat' dir='ltr'><strong>cognitam</strong></span> <span class='ocrx_word' id='word_1_631' title='bbox 2143 3166 2161 3194; x_wconf 97' lang='lat'><strong>,</strong></span> <span class='ocrx_word' id='word_1_632' title='bbox 2194 3135 2257 3183; x_wconf 87' lang='lat' dir='ltr'><strong>ut</strong></span> <span class='ocrx_word' id='word_1_633' title='bbox 2297 3127 2497 3183; x_wconf 90' lang='lat' dir='ltr'><strong>bonam</strong></span> <span class='ocrx_word' id='word_1_634' title='bbox 2524 3123 2989 3196; x_wconf 73' lang='lat' dir='ltr'><strong>compiectimini,</strong></span> <span class='ocrx_word' id='word_1_635' title='bbox 3036 3122 3185 3177; x_wconf 86' lang='lat' dir='ltr'><strong>illam</strong></span> <span class='ocrx_word' id='word_1_636' title='bbox 3246 3130 3431 3177; x_wconf 85' lang='lat' dir='ltr'><strong>autem</strong></span> 
     </span>
    </p>
   </div>
   <div class='ocr_carea' id='block_1_81' title="bbox 1843 3212 3430 3276">
    <p class='ocr_par' dir='ltr' id='par_1_81' title="bbox 1843 3212 3430 3276">
     <span class='ocr_line' id='line_1_81' title="bbox 1843 3212 3430 3276; baseline -0.008 0"><span class='ocrx_word' id='word_1_637' title='bbox 1843 3230 1906 3276; x_wconf 88' lang='lat' dir='ltr'><strong>ut</strong></span> <span class='ocrx_word' id='word_1_638' title='bbox 1924 3220 2246 3276; x_wconf 85' lang='lat' dir='ltr'><strong>horribilem</strong></span> <span class='ocrx_word' id='word_1_639' title='bbox 2272 3232 2338 3274; x_wconf 91' lang='lat' dir='ltr'><strong>ac</strong></span> <span class='ocrx_word' id='word_1_640' title='bbox 2363 3216 2709 3273; x_wconf 89' lang='lat' dir='ltr'><strong>metuendam</strong></span> <span class='ocrx_word' id='word_1_641' title='bbox 2731 3212 3085 3270; x_wconf 72' lang='lat' dir='ltr'><strong>formidatis?</strong></span> <span class='ocrx_word' id='word_1_642' title='bbox 3107 3226 3219 3267; x_wconf 88' lang='lat' dir='ltr'><strong>non</strong></span> <span class='ocrx_word' id='word_1_643' title='bbox 3265 3212 3430 3265; x_wconf 89' lang='lat' dir='ltr'><strong>aliam</strong></span> 
     </span>
    </p>
   </div>
   <div class='ocr_carea' id='block_1_82' title="bbox 1845 3303 3431 3383">
    <p class='ocr_par' dir='ltr' id='par_1_82' title="bbox 1845 3303 3431 3383">
     <span class='ocr_line' id='line_1_82' title="bbox 1845 3303 3431 3383; baseline -0.008 -15"><span class='ocrx_word' id='word_1_644' title='bbox 1845 3312 2039 3383; x_wconf 90' lang='lat' dir='ltr'><strong>utique</strong></span> <span class='ocrx_word' id='word_1_645' title='bbox 2066 3311 2137 3367; x_wconf 92' lang='lat' dir='ltr'><strong>ob</strong></span> <span class='ocrx_word' id='word_1_646' title='bbox 2166 3324 2391 3367; x_wconf 89' lang='lat' dir='ltr'><strong>causam</strong></span> <span class='ocrx_word' id='word_1_647' title='bbox 2422 3309 2478 3365; x_wconf 92' lang='lat' dir='ltr'><strong>id</strong></span> <span class='ocrx_word' id='word_1_648' title='bbox 2524 3307 2718 3379; x_wconf 87' lang='lat' dir='ltr'><strong>agitis,</strong></span> <span class='ocrx_word' id='word_1_649' title='bbox 2772 3304 2879 3361; x_wconf 93' lang='lat' dir='ltr'><strong>nisi</strong></span> <span class='ocrx_word' id='word_1_650' title='bbox 2908 3303 3073 3377; x_wconf 85' lang='lat' dir='ltr'><strong>quia,</strong></span> <span class='ocrx_word' id='word_1_651' title='bbox 3098 3304 3280 3375; x_wconf 89' lang='lat' dir='ltr'><strong>qualis</strong></span> <span class='ocrx_word' id='word_1_652' title='bbox 3309 3303 3431 3373; x_wconf 89' lang='lat' dir='ltr'><strong>ipsa</strong></span> 
     </span>
    </p>
   </div>
   <div class='ocr_carea' id='block_1_83' title="bbox 1844 3395 3429 3475">
    <p class='ocr_par' dir='ltr' id='par_1_83' title="bbox 1844 3395 3429 3475">
     <span class='ocr_line' id='line_1_83' title="bbox 1844 3395 3429 3475; baseline -0.008 -14"><span class='ocrx_word' id='word_1_653' title='bbox 1844 3405 1948 3472; x_wconf 88' lang='lat' dir='ltr'><strong>sit,</strong></span> <span class='ocrx_word' id='word_1_654' title='bbox 1981 3417 2095 3459; x_wconf 90' lang='lat' dir='ltr'><strong>non</strong></span> <span class='ocrx_word' id='word_1_655' title='bbox 2126 3401 2491 3475; x_wconf 87' lang='lat' dir='ltr'><strong>cognoscitis.</strong></span> <span class='ocrx_word' id='word_1_656' title='bbox 2541 3399 2676 3467; x_wconf 74' lang='lat' dir='ltr'><strong>Quae</strong></span> <span class='ocrx_word' id='word_1_657' title='bbox 2731 3406 2917 3455; x_wconf 91' lang='lat' dir='ltr'><strong>tamen</strong></span> <span class='ocrx_word' id='word_1_658' title='bbox 2976 3412 3086 3453; x_wconf 93' lang='lat' dir='ltr'><strong>non</strong></span> <span class='ocrx_word' id='word_1_659' title='bbox 3137 3404 3225 3454; x_wconf 86' lang='lat' dir='ltr'><strong>est</strong></span> <span class='ocrx_word' id='word_1_660' title='bbox 3276 3395 3429 3466; x_wconf 80' lang='lat' dir='ltr'><strong>justa</strong></span> 
     </span>
    </p>
   </div>
   <div class='ocr_carea' id='block_1_84' title="bbox 1844 3487 3431 3559">
    <p class='ocr_par' dir='ltr' id='par_1_84' title="bbox 1844 3487 3431 3559">
     <span class='ocr_line' id='line_1_84' title="bbox 1844 3487 3431 3559; baseline -0.004 -9"><span class='ocrx_word' id='word_1_661' title='bbox 1844 3509 2012 3551; x_wconf 86' lang='lat' dir='ltr'><strong>causa</strong></span> <span class='ocrx_word' id='word_1_662' title='bbox 2074 3493 2392 3559; x_wconf 89' lang='lat' dir='ltr'><strong>metuendi,</strong></span> <span class='ocrx_word' id='word_1_663' title='bbox 2442 3507 2569 3548; x_wconf 90' lang='lat' dir='ltr'><strong>cum</strong></span> <span class='ocrx_word' id='word_1_664' title='bbox 2626 3492 2800 3546; x_wconf 90' lang='lat' dir='ltr'><strong>multa</strong></span> <span class='ocrx_word' id='word_1_665' title='bbox 2869 3491 2983 3547; x_wconf 88' lang='lat' dir='ltr'><strong>sint</strong></span> <span class='ocrx_word' id='word_1_666' title='bbox 3029 3490 3117 3547; x_wconf 90' lang='lat' dir='ltr'><strong>vel</strong></span> <span class='ocrx_word' id='word_1_667' title='bbox 3170 3487 3431 3546; x_wconf 88' lang='lat' dir='ltr'><strong>sensibus</strong></span> 
     </span>
    </p>
   </div>
   <div class='ocr_carea' id='block_1_85' title="bbox 1843 3579 3424 3660">
    <p class='ocr_par' dir='ltr' id='par_1_85' title="bbox 1843 3579 3424 3660">
     <span class='ocr_line' id='line_1_85' title="bbox 1843 3579 3424 3660; baseline -0.006 -16"><span class='ocrx_word' id='word_1_668' title='bbox 1843 3586 2094 3660; x_wconf 77' lang='lat' dir='ltr'><strong>exposita</strong></span> <span class='ocrx_word' id='word_1_669' title='bbox 2115 3627 2131 3654; x_wconf 94' lang='lat'><strong>,</strong></span> <span class='ocrx_word' id='word_1_670' title='bbox 2164 3585 2248 3642; x_wconf 87' lang='lat' dir='ltr'><strong>vel</strong></span> <span class='ocrx_word' id='word_1_671' title='bbox 2271 3585 2341 3642; x_wconf 92' lang='lat' dir='ltr'><strong>ab</strong></span> <span class='ocrx_word' id='word_1_672' title='bbox 2369 3584 2451 3641; x_wconf 88' lang='lat' dir='ltr'><strong>eis</strong></span> <span class='ocrx_word' id='word_1_673' title='bbox 2482 3592 2696 3641; x_wconf 89' lang='lat' dir='ltr'><strong>remota</strong></span> <span class='ocrx_word' id='word_1_674' title='bbox 2718 3622 2735 3650; x_wconf 94' lang='lat'><strong>,</strong></span> <span class='ocrx_word' id='word_1_675' title='bbox 2768 3598 2893 3655; x_wconf 65' lang='lat' dir='ltr'><strong>qua</strong></span> <span class='ocrx_word' id='word_1_676' title='bbox 2938 3582 3068 3638; x_wconf 90' lang='lat' dir='ltr'><strong>licet</strong></span> <span class='ocrx_word' id='word_1_677' title='bbox 3120 3579 3424 3653; x_wconf 89' lang='lat' dir='ltr'><strong>ignoretis,</strong></span> 
     </span>
    </p>
   </div>
   <div class='ocr_carea' id='block_1_86' title="bbox 1844 3674 3425 3750">
    <p class='ocr_par' dir='ltr' id='par_1_86' title="bbox 1844 3674 3425 3750">
     <span class='ocr_line' id='line_1_86' title="bbox 1844 3674 3425 3750; baseline -0.006 -15"><span class='ocrx_word' id='word_1_678' title='bbox 1844 3693 1957 3736; x_wconf 90' lang='lat' dir='ltr'><strong>non</strong></span> <span class='ocrx_word' id='word_1_679' title='bbox 1985 3676 2402 3750; x_wconf 89' lang='lat' dir='ltr'><strong>pertimescitis.</strong></span> <span class='ocrx_word' id='word_1_680' title='bbox 2428 3674 2567 3731; x_wconf 85' lang='lat' dir='ltr'><strong>Nam</strong></span> <span class='ocrx_word' id='word_1_681' title='bbox 2615 3682 2672 3732; x_wconf 91' lang='lat' dir='ltr'><strong>et</strong></span> <span class='ocrx_word' id='word_1_682' title='bbox 2704 3690 2828 3747; x_wconf 73' lang='lat' dir='ltr'><strong>quae</strong></span> <span class='ocrx_word' id='word_1_683' title='bbox 2856 3675 2928 3733; x_wconf 89' lang='lat' dir='ltr'><strong>sit</strong></span> <span class='ocrx_word' id='word_1_684' title='bbox 2956 3689 3151 3730; x_wconf 90' lang='lat' dir='ltr'><strong>eorum</strong></span> <span class='ocrx_word' id='word_1_685' title='bbox 3190 3679 3385 3728; x_wconf 88' lang='lat' dir='ltr'><strong>natura</strong></span> <span class='ocrx_word' id='word_1_686' title='bbox 3407 3712 3425 3736; x_wconf 86' lang='lat'><strong>,</strong></span> 
     </span>
    </p>
   </div>
   <div class='ocr_carea' id='block_1_87' title="bbox 1844 3762 3429 3840">
    <p class='ocr_par' dir='ltr' id='par_1_87' title="bbox 1844 3762 3429 3840">
     <span class='ocr_line' id='line_1_87' title="bbox 1844 3762 3429 3840; baseline -0.005 -16"><span class='ocrx_word' id='word_1_687' title='bbox 1844 3783 1968 3840; x_wconf 70' lang='lat' dir='ltr'><strong>quae</strong></span> <span class='ocrx_word' id='word_1_688' title='bbox 2023 3767 2080 3822; x_wconf 91' lang='lat' dir='ltr'><strong>in</strong></span> <span class='ocrx_word' id='word_1_689' title='bbox 2134 3766 2278 3822; x_wconf 61' lang='lat' dir='ltr'><strong>coelo</strong></span> <span class='ocrx_word' id='word_1_690' title='bbox 2336 3765 2702 3839; x_wconf 83' lang='lat' dir='ltr'><strong>conspicitis,</strong></span> <span class='ocrx_word' id='word_1_691' title='bbox 2759 3776 2813 3821; x_wconf 91' lang='lat' dir='ltr'><strong>et</strong></span> <span class='ocrx_word' id='word_1_692' title='bbox 2859 3763 2992 3836; x_wconf 92' lang='lat' dir='ltr'><strong>quid</strong></span> <span class='ocrx_word' id='word_1_693' title='bbox 3049 3763 3200 3819; x_wconf 86' lang='lat' dir='ltr'><strong>circa</strong></span> <span class='ocrx_word' id='word_1_694' title='bbox 3243 3762 3429 3833; x_wconf 82' lang='lat' dir='ltr'><strong>polum</strong></span> 
     </span>
    </p>
   </div>
   <div class='ocr_carea' id='block_1_88' title="bbox 1844 3855 3432 3927">
    <p class='ocr_par' dir='ltr' id='par_1_88' title="bbox 1844 3855 3432 3927">
     <span class='ocr_line' id='line_1_88' title="bbox 1844 3855 3432 3927; baseline -0.008 -6"><span class='ocrx_word' id='word_1_695' title='bbox 1844 3876 2013 3921; x_wconf 88' lang='lat' dir='ltr'><strong>cursu</strong></span> <span class='ocrx_word' id='word_1_696' title='bbox 2045 3858 2326 3916; x_wconf 90' lang='lat' dir='ltr'><strong>contrario</strong></span> <span class='ocrx_word' id='word_1_697' title='bbox 2362 3866 2575 3915; x_wconf 91' lang='lat' dir='ltr'><strong>motum</strong></span> <span class='ocrx_word' id='word_1_698' title='bbox 2608 3858 2787 3922; x_wconf 89' lang='lat' dir='ltr'><strong>cieat,</strong></span> <span class='ocrx_word' id='word_1_699' title='bbox 2848 3855 3054 3927; x_wconf 86' lang='lat' dir='ltr'><strong>quidve</strong></span> <span class='ocrx_word' id='word_1_700' title='bbox 3104 3862 3265 3912; x_wconf 73' lang='lat' dir='ltr'><strong>terra:</strong></span> <span class='ocrx_word' id='word_1_701' title='bbox 3298 3855 3432 3910; x_wconf 90' lang='lat' dir='ltr'><strong>soli-</strong></span> 
     </span>
    </p>
   </div>
   <div class='ocr_carea' id='block_1_89' title="bbox 1844 3946 3429 4022">
    <p class='ocr_par' dir='ltr' id='par_1_89' title="bbox 1844 3946 3429 4022">
     <span class='ocr_line' id='line_1_89' title="bbox 1844 3946 3429 4022; baseline -0.007 -11"><span class='ocrx_word' id='word_1_702' title='bbox 1844 3955 2073 4011; x_wconf 87' lang='lat' dir='ltr'><strong>ditatem</strong></span> <span class='ocrx_word' id='word_1_703' title='bbox 2111 3958 2419 4018; x_wconf 85' lang='lat' dir='ltr'><strong>sustentet,</strong></span> <span class='ocrx_word' id='word_1_704' title='bbox 2480 3958 2576 4006; x_wconf 90' lang='lat' dir='ltr'><strong>aut</strong></span> <span class='ocrx_word' id='word_1_705' title='bbox 2618 3965 2729 4022; x_wconf 92' lang='lat' dir='ltr'><strong>quo</strong></span> <span class='ocrx_word' id='word_1_706' title='bbox 2761 3949 2926 4004; x_wconf 83' lang='lat' dir='ltr'><strong>modo</strong></span> <span class='ocrx_word' id='word_1_707' title='bbox 2958 3946 3104 4002; x_wconf 80' lang='lat' dir='ltr'><strong>ﬂuxa</strong></span> <span class='ocrx_word' id='word_1_708' title='bbox 3161 3962 3429 4018; x_wconf 84' lang='lat' dir='ltr'><strong>aquarum</strong></span> 
     </span>
    </p>
   </div>
   <div class='ocr_carea' id='block_1_90' title="bbox 1844 4041 3430 4116">
    <p class='ocr_par' dir='ltr' id='par_1_90' title="bbox 1844 4041 3430 4116">
     <span class='ocr_line' id='line_1_90' title="bbox 1844 4041 3430 4116; baseline -0.008 -14"><span class='ocrx_word' id='word_1_709' title='bbox 1844 4052 2044 4102; x_wconf 87' lang='lat' dir='ltr'><strong>natura</strong></span> <span class='ocrx_word' id='word_1_710' title='bbox 2075 4043 2298 4100; x_wconf 87' lang='lat' dir='ltr'><strong>assidue</strong></span> <span class='ocrx_word' id='word_1_711' title='bbox 2340 4044 2598 4116; x_wconf 87' lang='lat' dir='ltr'><strong>gignatur</strong></span> <span class='ocrx_word' id='word_1_712' title='bbox 2644 4058 2676 4098; x_wconf 92' lang='lat' dir='ltr'><strong>e</strong></span> <span class='ocrx_word' id='word_1_713' title='bbox 2714 4050 2900 4105; x_wconf 90' lang='lat' dir='ltr'><strong>terra,</strong></span> <span class='ocrx_word' id='word_1_714' title='bbox 2954 4054 3059 4096; x_wconf 92' lang='lat' dir='ltr'><strong>nec</strong></span> <span class='ocrx_word' id='word_1_715' title='bbox 3113 4041 3235 4110; x_wconf 89' lang='lat' dir='ltr'><strong>ipsa</strong></span> <span class='ocrx_word' id='word_1_716' title='bbox 3283 4046 3430 4094; x_wconf 89' lang='lat' dir='ltr'><strong>terra</strong></span> 
     </span>
    </p>
   </div>
   <div class='ocr_carea' id='block_1_91' title="bbox 1846 4126 3431 4205">
    <p class='ocr_par' dir='ltr' id='par_1_91' title="bbox 1846 4126 3431 4205">
     <span class='ocr_line' id='line_1_91' title="bbox 1846 4126 3431 4205; baseline -0.009 -13"><span class='ocrx_word' id='word_1_717' title='bbox 1846 4135 2102 4201; x_wconf 79' lang='lat' dir='ltr'><strong>deﬁciat,</strong></span> <span class='ocrx_word' id='word_1_718' title='bbox 2149 4134 2452 4205; x_wconf 88' lang='lat' dir='ltr'><strong>ignoratis,</strong></span> <span class='ocrx_word' id='word_1_719' title='bbox 2485 4148 2587 4189; x_wconf 89' lang='lat' dir='ltr'><strong>nec</strong></span> <span class='ocrx_word' id='word_1_720' title='bbox 2620 4140 2802 4186; x_wconf 88' lang='lat' dir='ltr'><strong>tamen</strong></span> <span class='ocrx_word' id='word_1_721' title='bbox 2833 4130 2906 4185; x_wconf 88' lang='lat' dir='ltr'><strong>ob</strong></span> <span class='ocrx_word' id='word_1_722' title='bbox 2954 4127 3232 4183; x_wconf 87' lang='lat' dir='ltr'><strong>inscitiam</strong></span> <span class='ocrx_word' id='word_1_723' title='bbox 3287 4126 3431 4180; x_wconf 83' lang='lat' dir='ltr'><strong>hanc</strong></span> 
     </span>
    </p>
   </div>
   <div class='ocr_carea' id='block_1_92' title="bbox 1844 4216 3431 4292">
    <p class='ocr_par' dir='ltr' id='par_1_92' title="bbox 1844 4216 3431 4292">
     <span class='ocr_line' id='line_1_92' title="bbox 1844 4216 3431 4292; baseline -0.006 -12"><span class='ocrx_word' id='word_1_724' title='bbox 1844 4222 2263 4281; x_wconf 81' lang='lat' dir='ltr'><strong>exhorrescitis.</strong></span> <span class='ocrx_word' id='word_1_725' title='bbox 2298 4221 2486 4288; x_wconf 82' lang='lat' dir='ltr'><strong>Quid?</strong></span> <span class='ocrx_word' id='word_1_726' title='bbox 2520 4220 2669 4292; x_wconf 89' lang='lat' dir='ltr'><strong>quod</strong></span> <span class='ocrx_word' id='word_1_727' title='bbox 2728 4219 2971 4273; x_wconf 88' lang='lat' dir='ltr'><strong>divinam</strong></span> <span class='ocrx_word' id='word_1_728' title='bbox 3019 4230 3083 4271; x_wconf 89' lang='lat' dir='ltr'><strong>ac</strong></span> <span class='ocrx_word' id='word_1_729' title='bbox 3112 4217 3329 4272; x_wconf 87' lang='lat' dir='ltr'><strong>beatam</strong></span> <span class='ocrx_word' id='word_1_730' title='bbox 3364 4216 3431 4271; x_wconf 81' lang='lat' dir='ltr'><strong>ii-</strong></span> 
     </span>
    </p>
   </div>
   <div class='ocr_carea' id='block_1_93' title="bbox 1845 4307 3430 4381">
    <p class='ocr_par' dir='ltr' id='par_1_93' title="bbox 1845 4307 3430 4381">
     <span class='ocr_line' id='line_1_93' title="bbox 1845 4307 3430 4381; baseline -0.008 -8"><span class='ocrx_word' id='word_1_731' title='bbox 1845 4317 1955 4374; x_wconf 91' lang='lat' dir='ltr'><strong>lam</strong></span> <span class='ocrx_word' id='word_1_732' title='bbox 2008 4325 2265 4371; x_wconf 79' lang='lat' dir='ltr'><strong>naturam</strong></span> <span class='ocrx_word' id='word_1_733' title='bbox 2322 4326 2507 4369; x_wconf 90' lang='lat' dir='ltr'><strong>rerum</strong></span> <span class='ocrx_word' id='word_1_734' title='bbox 2583 4310 2832 4366; x_wconf 91' lang='lat' dir='ltr'><strong>omnium</strong></span> <span class='ocrx_word' id='word_1_735' title='bbox 2879 4307 3386 4381; x_wconf 69' lang='lat' dir='ltr'><strong>praestantissimam</strong></span> <span class='ocrx_word' id='word_1_736' title='bbox 3413 4348 3430 4373; x_wconf 85' lang='lat'><strong>,</strong></span> 
     </span>
    </p>
   </div>
   <div class='ocr_carea' id='block_1_94' title="bbox 111 4394 1747 4481">
    <p class='ocr_par' dir='ltr' id='par_1_94' title="bbox 111 4394 1743 4474">
     <span class='ocr_line' id='line_1_94' title="bbox 111 4394 1743 4474; baseline 0.004 -24"><span class='ocrx_word' id='word_1_737' title='bbox 111 4394 303 4467; x_wconf 75' lang='grc' dir='ltr'>σμοῦ</span> <span class='ocrx_word' id='word_1_738' title='bbox 339 4399 688 4470; x_wconf 77' lang='grc' dir='ltr'>κατανόησις,</span> <span class='ocrx_word' id='word_1_739' title='bbox 722 4402 817 4455; x_wconf 79' lang='grc' dir='ltr'>καὶ</span> <span class='ocrx_word' id='word_1_740' title='bbox 837 4402 987 4473; x_wconf 80' lang='grc' dir='ltr'>ὅμως</span> <span class='ocrx_word' id='word_1_741' title='bbox 1019 4400 1321 4473; x_wconf 82' lang='grc' dir='ltr'>ἀγαπῶμεν</span> <span class='ocrx_word' id='word_1_742' title='bbox 1352 4402 1413 4456; x_wconf 80' lang='grc' dir='ltr'>τὸ</span> <span class='ocrx_word' id='word_1_743' title='bbox 1444 4402 1743 4474; x_wconf 85' lang='grc' dir='ltr'>ἀγνοούμε-</span> 
     </span>
    </p>
   </div>
   <div class='ocr_carea' id='block_1_95' title="bbox 1850 4394 3431 4481">
    <p class='ocr_par' dir='ltr' id='par_1_95' title="bbox 1850 4398 3431 4481">
     <span class='ocr_line' id='line_1_95' title="bbox 1850 4398 3431 4481; baseline -0.008 -16"><span class='ocrx_word' id='word_1_744' title='bbox 1850 4423 1969 4481; x_wconf 69' lang='lat' dir='ltr'><strong>qua:</strong></span> <span class='ocrx_word' id='word_1_745' title='bbox 1994 4421 2095 4463; x_wconf 88' lang='lat' dir='ltr'><strong>nec</strong></span> <span class='ocrx_word' id='word_1_746' title='bbox 2124 4404 2458 4478; x_wconf 90' lang='lat' dir='ltr'><strong>cogitatione</strong></span> <span class='ocrx_word' id='word_1_747' title='bbox 2478 4442 2495 4470; x_wconf 92' lang='lat'><strong>,</strong></span> <span class='ocrx_word' id='word_1_748' title='bbox 2524 4416 2626 4458; x_wconf 92' lang='lat' dir='ltr'><strong>nec</strong></span> <span class='ocrx_word' id='word_1_749' title='bbox 2656 4400 2842 4455; x_wconf 91' lang='lat' dir='ltr'><strong>animo</strong></span> <span class='ocrx_word' id='word_1_750' title='bbox 2865 4437 2881 4465; x_wconf 92' lang='lat'><strong>,</strong></span> <span class='ocrx_word' id='word_1_751' title='bbox 2916 4408 3013 4455; x_wconf 91' lang='lat' dir='ltr'><strong>aut</strong></span> <span class='ocrx_word' id='word_1_752' title='bbox 3061 4406 3243 4455; x_wconf 87' lang='lat' dir='ltr'><strong>mente</strong></span> <span class='ocrx_word' id='word_1_753' title='bbox 3274 4398 3431 4470; x_wconf 88' lang='lat' dir='ltr'><strong>plene</strong></span> 
     </span>
    </p>
   </div>
   <div class='ocr_carea' id='block_1_96' title="bbox 109 4486 1751 4565">
    <p class='ocr_par' dir='ltr' id='par_1_96' title="bbox 109 4486 1751 4565">
     <span class='ocr_line' id='line_1_96' title="bbox 109 4486 1751 4565; baseline 0.004 -23"><span class='ocrx_word' id='word_1_754' title='bbox 109 4506 228 4542; x_wconf 76' lang='grc' dir='ltr'><strong>νον</strong></span> <span class='ocrx_word' id='word_1_755' title='bbox 293 4486 361 4553; x_wconf 66' lang='grc' dir='ltr'><strong>ἐξ</strong></span> <span class='ocrx_word' id='word_1_756' title='bbox 399 4489 531 4559; x_wconf 78' lang='grc' dir='ltr'>ὅλης</span> <span class='ocrx_word' id='word_1_757' title='bbox 578 4490 807 4562; x_wconf 83' lang='grc' dir='ltr'>καρδίας</span> <span class='ocrx_word' id='word_1_758' title='bbox 843 4509 903 4546; x_wconf 80' lang='grc' dir='ltr'><strong>τε</strong></span> <span class='ocrx_word' id='word_1_759' title='bbox 936 4494 1032 4548; x_wconf 77' lang='grc' dir='ltr'>καὶ</span> <span class='ocrx_word' id='word_1_760' title='bbox 1059 4492 1238 4564; x_wconf 78' lang='grc' dir='ltr'>ψυχῆς</span> <span class='ocrx_word' id='word_1_761' title='bbox 1261 4493 1663 4565; x_wconf 74' lang='grc' dir='ltr'>καὶδυνάμεως</span> <span class='ocrx_word' id='word_1_762' title='bbox 1686 4492 1751 4548; x_wconf 75' lang='grc' dir='ltr'>τὸ</span> 
     </span>
    </p>
   </div>
   <div class='ocr_carea' id='block_1_97' title="bbox 100 4579 1749 4657">
    <p class='ocr_par' dir='ltr' id='par_1_97' title="bbox 100 4579 1749 4657">
     <span class='ocr_line' id='line_1_97' title="bbox 100 4579 1749 4657; baseline 0.003 -24"><span class='ocrx_word' id='word_1_763' title='bbox 100 4579 574 4652; x_wconf 60' lang='grc' dir='ltr'>καταληφθῆναι</span> <span class='ocrx_word' id='word_1_764' title='bbox 616 4584 730 4647; x_wconf 77' lang='grc' dir='ltr'>τοῖς</span> <span class='ocrx_word' id='word_1_765' title='bbox 762 4582 1042 4655; x_wconf 73' lang='grc' dir='ltr'>λογισμοῖς</span> <span class='ocrx_word' id='word_1_766' title='bbox 1080 4585 1141 4638; x_wconf 80' lang='grc' dir='ltr'>οὐ</span> <span class='ocrx_word' id='word_1_767' title='bbox 1186 4584 1507 4657; x_wconf 83' lang='grc' dir='ltr'>δυνάμενον.</span> <span class='ocrx_word' id='word_1_768' title='bbox 1552 4585 1652 4640; x_wconf 87' lang='grc' dir='ltr'>Διά</span> <span class='ocrx_word' id='word_1_769' title='bbox 1692 4584 1749 4639; x_wconf 92' lang='grc' dir='ltr'><strong>τί</strong></span> 
     </span>
    </p>
   </div>
   <div class='ocr_carea' id='block_1_98' title="bbox 101 4672 1749 4751">
    <p class='ocr_par' dir='ltr' id='par_1_98' title="bbox 101 4672 1749 4751">
     <span class='ocr_line' id='line_1_98' title="bbox 101 4672 1749 4751; baseline 0.005 -26"><span class='ocrx_word' id='word_1_770' title='bbox 101 4672 343 4725; x_wconf 74' lang='grc' dir='ltr'>τοίνυν</span> <span class='ocrx_word' id='word_1_771' title='bbox 376 4672 632 4728; x_wconf 72' lang='grc' dir='ltr'>ίπιπόνου</span> <span class='ocrx_word' id='word_1_772' title='bbox 673 4673 770 4729; x_wconf 85' lang='grc' dir='ltr'><strong>τοῦ</strong></span> <span class='ocrx_word' id='word_1_773' title='bbox 817 4677 956 4747; x_wconf 77' lang='grc' dir='ltr'><strong>μετά</strong></span> <span class='ocrx_word' id='word_1_774' title='bbox 1002 4677 1102 4750; x_wconf 76' lang='grc' dir='ltr'>τὴν</span> <span class='ocrx_word' id='word_1_775' title='bbox 1131 4678 1276 4750; x_wconf 78' lang='grc' dir='ltr'>ζωὴν</span> <span class='ocrx_word' id='word_1_776' title='bbox 1302 4678 1509 4751; x_wconf 85' lang='grc' dir='ltr'>ταύτην</span> <span class='ocrx_word' id='word_1_777' title='bbox 1537 4679 1749 4750; x_wconf 72' lang='grc' dir='ltr'>ἐκδεχο-</span> 
     </span>
    </p>
   </div>
   <div class='ocr_carea' id='block_1_99' title="bbox 104 4764 1746 4841">
    <p class='ocr_par' dir='ltr' id='par_1_99' title="bbox 104 4764 1746 4841">
     <span class='ocr_line' id='line_1_99' title="bbox 104 4764 1746 4841; baseline 0.002 -4"><span class='ocrx_word' id='word_1_778' title='bbox 104 4766 329 4837; x_wconf 70' lang='grc' dir='ltr'>μένου</span> <span class='ocrx_word' id='word_1_779' title='bbox 355 4765 500 4835; x_wconf 70' lang='grc' dir='ltr'>ἡμᾶς</span> <span class='ocrx_word' id='word_1_780' title='bbox 526 4766 666 4838; x_wconf 67' lang='grc' dir='ltr'>βίου.</span> <span class='ocrx_word' id='word_1_781' title='bbox 703 4770 734 4822; x_wconf 73' lang='grc' dir='ltr'>ὁ</span> <span class='ocrx_word' id='word_1_782' title='bbox 774 4769 969 4839; x_wconf 72' lang='grc' dir='ltr'>ἄλογος</span> <span class='ocrx_word' id='word_1_783' title='bbox 1009 4764 1165 4835; x_wconf 74' lang='grc' dir='ltr'>οὗτος</span> <span class='ocrx_word' id='word_1_784' title='bbox 1215 4771 1526 4827; x_wconf 82' lang='grc' dir='ltr'>συνίσταται</span> <span class='ocrx_word' id='word_1_785' title='bbox 1562 4772 1746 4841; x_wconf 69' lang='grc' dir='ltr'>φόσοςι</span> 
     </span>
    </p>
   </div>
   <div class='ocr_carea' id='block_1_100' title="bbox 104 4853 1745 4934">
    <p class='ocr_par' dir='ltr' id='par_1_100' title="bbox 104 4853 1745 4934">
     <span class='ocr_line' id='line_1_100' title="bbox 104 4853 1745 4934; baseline 0.003 -23"><span class='ocrx_word' id='word_1_786' title='bbox 104 4858 215 4911; x_wconf 63' lang='grc' dir='ltr'><strong>διὰ</strong></span> <span class='ocrx_word' id='word_1_787' title='bbox 254 4853 448 4928; x_wconf 80' lang='grc' dir='ltr'>μόνην</span> <span class='ocrx_word' id='word_1_788' title='bbox 488 4857 589 4929; x_wconf 74' lang='grc' dir='ltr'>τὴν</span> <span class='ocrx_word' id='word_1_789' title='bbox 613 4859 836 4928; x_wconf 82' lang='grc' dir='ltr'>ἀγνοιαν</span> <span class='ocrx_word' id='word_1_790' title='bbox 876 4860 1191 4916; x_wconf 82' lang='grc' dir='ltr'>δεδοικότων</span> <span class='ocrx_word' id='word_1_791' title='bbox 1218 4862 1377 4934; x_wconf 80' lang='grc' dir='ltr'>ἡμῶν</span> <span class='ocrx_word' id='word_1_792' title='bbox 1404 4862 1434 4917; x_wconf 84' lang='grc' dir='ltr'><strong>δ</strong></span> <span class='ocrx_word' id='word_1_793' title='bbox 1472 4862 1573 4917; x_wconf 83' lang='grc' dir='ltr'>οὐκ</span> <span class='ocrx_word' id='word_1_794' title='bbox 1597 4863 1745 4916; x_wconf 77' lang='grc' dir='ltr'>οῖδα-</span> 
     </span>
    </p>
   </div>
   <div class='ocr_carea' id='block_1_101' title="bbox 112 4947 1749 5027">
    <p class='ocr_par' dir='ltr' id='par_1_101' title="bbox 112 4947 1749 5027">
     <span class='ocr_line' id='line_1_101' title="bbox 112 4947 1749 5027; baseline 0.003 -25"><span class='ocrx_word' id='word_1_795' title='bbox 112 4968 263 5018; x_wconf 71' lang='grc' dir='ltr'>μεν,</span> <span class='ocrx_word' id='word_1_796' title='bbox 312 4947 570 5020; x_wconf 70' lang='grc' dir='ltr'>καθάπερ</span> <span class='ocrx_word' id='word_1_797' title='bbox 597 4951 690 5004; x_wconf 71' lang='grc' dir='ltr'><strong>ἐπὶ</strong></span> <span class='ocrx_word' id='word_1_798' title='bbox 714 4951 823 5006; x_wconf 89' lang='grc' dir='ltr'><strong>τῶν</strong></span> <span class='ocrx_word' id='word_1_799' title='bbox 850 4953 1061 5026; x_wconf 84' lang='grc' dir='ltr'>νηπίων</span> <span class='ocrx_word' id='word_1_800' title='bbox 1098 4956 1306 5025; x_wconf 86' lang='grc' dir='ltr'>γίνεται</span> <span class='ocrx_word' id='word_1_801' title='bbox 1332 4955 1441 5010; x_wconf 91' lang='grc' dir='ltr'><strong>τῶν</strong></span> <span class='ocrx_word' id='word_1_802' title='bbox 1469 4956 1605 5027; x_wconf 83' lang='grc' dir='ltr'>πρὸς</span> <span class='ocrx_word' id='word_1_803' title='bbox 1647 4955 1749 5019; x_wconf 77' lang='grc' dir='ltr'><strong>τὰς</strong></span> 
     </span>
    </p>
   </div>
   <div class='ocr_carea' id='block_1_102' title="bbox 113 5040 1749 5119">
    <p class='ocr_par' dir='ltr' id='par_1_102' title="bbox 113 5040 1749 5119">
     <span class='ocr_line' id='line_1_102' title="bbox 113 5040 1749 5119; baseline 0.005 -27"><span class='ocrx_word' id='word_1_804' title='bbox 113 5040 565 5105; x_wconf 68' lang='grc' dir='ltr'>ἀνυποστάτους</span> <span class='ocrx_word' id='word_1_805' title='bbox 590 5042 847 5110; x_wconf 78' lang='grc' dir='ltr'>ὑπονοίας</span> <span class='ocrx_word' id='word_1_806' title='bbox 869 5046 1343 5119; x_wconf 77' lang='grc' dir='ltr'>δειματουμένων;</span> <span class='ocrx_word' id='word_1_807' title='bbox 1383 5047 1442 5100; x_wconf 88' lang='lat'><strong>&#39;0</strong></span> <span class='ocrx_word' id='word_1_808' title='bbox 1470 5048 1580 5118; x_wconf 79' lang='grc' dir='ltr'>γὰρ</span> <span class='ocrx_word' id='word_1_809' title='bbox 1611 5046 1749 5118; x_wconf 73' lang='grc' dir='ltr'>πρὸς</span> 
     </span>
    </p>
   </div>
   <div class='ocr_carea' id='block_1_103' title="bbox 110 5131 1750 5211">
    <p class='ocr_par' dir='ltr' id='par_1_103' title="bbox 110 5131 1750 5211">
     <span class='ocr_line' id='line_1_103' title="bbox 110 5131 1750 5211; baseline 0.005 -27"><span class='ocrx_word' id='word_1_810' title='bbox 110 5134 223 5201; x_wconf 59' lang='grc' dir='ltr'>τὴν</span> <span class='ocrx_word' id='word_1_811' title='bbox 274 5131 557 5201; x_wconf 69' lang='grc' dir='ltr'>ἀλήθειαν</span> <span class='ocrx_word' id='word_1_812' title='bbox 596 5134 705 5188; x_wconf 88' lang='grc' dir='ltr'><strong>τῶν</strong></span> <span class='ocrx_word' id='word_1_813' title='bbox 733 5136 904 5192; x_wconf 77' lang='grc' dir='ltr'>ὄντων</span> <span class='ocrx_word' id='word_1_814' title='bbox 929 5138 1126 5195; x_wconf 71' lang='grc' dir='ltr'>ὲθέλων</span> <span class='ocrx_word' id='word_1_815' title='bbox 1163 5138 1402 5211; x_wconf 78' lang='grc' dir='ltr'>βλέπειν,</span> <span class='ocrx_word' id='word_1_816' title='bbox 1448 5139 1664 5211; x_wconf 88' lang='grc' dir='ltr'>πρῶτον</span> <span class='ocrx_word' id='word_1_817' title='bbox 1692 5140 1750 5192; x_wconf 76' lang='grc' dir='ltr'><strong>έν</strong></span> 
     </span>
    </p>
   </div>
   <div class='ocr_carea' id='block_1_104' title="bbox 118 5222 1751 5301">
    <p class='ocr_par' dir='ltr' id='par_1_104' title="bbox 118 5222 1751 5301">
     <span class='ocr_line' id='line_1_104' title="bbox 118 5222 1751 5301; baseline 0.006 -25"><span class='ocrx_word' id='word_1_818' title='bbox 118 5222 414 5295; x_wconf 63' lang='grc' dir='ltr'>περινοίᾳ.</span> <span class='ocrx_word' id='word_1_819' title='bbox 442 5224 540 5277; x_wconf 76' lang='grc' dir='ltr'><strong>τοῦ</strong></span> <span class='ocrx_word' id='word_1_820' title='bbox 566 5222 890 5299; x_wconf 78' lang='grc' dir='ltr'>πράγματος</span> <span class='ocrx_word' id='word_1_821' title='bbox 908 5231 1117 5301; x_wconf 88' lang='grc' dir='ltr'>γίνεται</span> <span class='ocrx_word' id='word_1_822' title='bbox 1144 5247 1159 5262; x_wconf 91' lang='grc'><strong>·</strong></span> <span class='ocrx_word' id='word_1_823' title='bbox 1189 5228 1306 5286; x_wconf 74' lang='grc' dir='ltr'>εἶτα</span> <span class='ocrx_word' id='word_1_824' title='bbox 1333 5226 1443 5285; x_wconf 73' lang='grc' dir='ltr'>οἷόν</span> <span class='ocrx_word' id='word_1_825' title='bbox 1469 5233 1585 5285; x_wconf 72' lang='grc' dir='ltr'>ἐστι</span> <span class='ocrx_word' id='word_1_826' title='bbox 1612 5229 1751 5286; x_wconf 92' lang='grc' dir='ltr'><strong>κατά</strong></span> 
     </span>
    </p>
   </div>
   <div class='ocr_carea' id='block_1_105' title="bbox 114 5316 1753 5398">
    <p class='ocr_par' dir='ltr' id='par_1_105' title="bbox 114 5316 1753 5398">
     <span class='ocr_line' id='line_1_105' title="bbox 114 5316 1753 5398; baseline 0.005 -29"><span class='ocrx_word' id='word_1_827' title='bbox 114 5318 231 5385; x_wconf 67' lang='grc' dir='ltr'>τήν</span> <span class='ocrx_word' id='word_1_828' title='bbox 270 5316 462 5387; x_wconf 71' lang='grc' dir='ltr'>φύσιν</span> <span class='ocrx_word' id='word_1_829' title='bbox 508 5317 905 5390; x_wconf 71' lang='grc' dir='ltr'>ιπιλογίζεται,</span> <span class='ocrx_word' id='word_1_830' title='bbox 954 5325 1068 5379; x_wconf 72' lang='grc' dir='ltr'>εἴτε</span> <span class='ocrx_word' id='word_1_831' title='bbox 1116 5344 1169 5380; x_wconf 91' lang='grc' dir='ltr'><strong>τι</strong></span> <span class='ocrx_word' id='word_1_832' title='bbox 1211 5325 1482 5398; x_wconf 77' lang='grc' dir='ltr'>χρήσιμον</span> <span class='ocrx_word' id='word_1_833' title='bbox 1528 5326 1623 5379; x_wconf 69' lang='grc' dir='ltr'><strong>καὶ</strong></span> <span class='ocrx_word' id='word_1_834' title='bbox 1662 5325 1753 5377; x_wconf 84' lang='grc' dir='ltr'><strong>εὐ-</strong></span> 
     </span>
    </p>
   </div>
   <div class='ocr_carea' id='block_1_106' title="bbox 118 5410 1752 5489">
    <p class='ocr_par' dir='ltr' id='par_1_106' title="bbox 118 5410 1752 5489">
     <span class='ocr_line' id='line_1_106' title="bbox 118 5410 1752 5489; baseline 0.003 -24"><span class='ocrx_word' id='word_1_835' title='bbox 118 5410 441 5478; x_wconf 57' lang='lat' dir='ltr'><strong>ﬁebam,</strong></span> <span class='ocrx_word' id='word_1_836' title='bbox 477 5412 593 5467; x_wconf 73' lang='grc' dir='ltr'>εἴτε</span> <span class='ocrx_word' id='word_1_837' title='bbox 634 5411 870 5488; x_wconf 79' lang='grc' dir='ltr'>χαλεπόν</span> <span class='ocrx_word' id='word_1_838' title='bbox 914 5433 968 5471; x_wconf 87' lang='grc' dir='ltr'><strong>τι</strong></span> <span class='ocrx_word' id='word_1_839' title='bbox 1016 5416 1115 5472; x_wconf 73' lang='grc' dir='ltr'>καὶ</span> <span class='ocrx_word' id='word_1_840' title='bbox 1160 5415 1551 5489; x_wconf 83' lang='grc' dir='ltr'>ἀποτρόπαιον.</span> <span class='ocrx_word' id='word_1_841' title='bbox 1594 5415 1669 5469; x_wconf 84' lang='grc' dir='ltr'>Τδ</span> <span class='ocrx_word' id='word_1_842' title='bbox 1694 5414 1752 5470; x_wconf 73' lang='grc' dir='ltr'>δὶ</span> 
     </span>
    </p>
   </div>
   <div class='ocr_carea' id='block_1_107' title="bbox 107 5498 1753 5580">
    <p class='ocr_par' dir='ltr' id='par_1_107' title="bbox 107 5498 1753 5580">
     <span class='ocr_line' id='line_1_107' title="bbox 107 5498 1753 5580; baseline 0.002 -26"><span class='ocrx_word' id='word_1_843' title='bbox 107 5498 350 5569; x_wconf 61' lang='grc' dir='ltr'>ἄδηλον</span> <span class='ocrx_word' id='word_1_844' title='bbox 395 5501 636 5559; x_wconf 80' lang='grc' dir='ltr'>καθόλου</span> <span class='ocrx_word' id='word_1_845' title='bbox 683 5507 781 5561; x_wconf 81' lang='grc' dir='ltr'>καὶ</span> <span class='ocrx_word' id='word_1_846' title='bbox 825 5507 1220 5580; x_wconf 80' lang='grc' dir='ltr'>ἀγνοούμενον,</span> <span class='ocrx_word' id='word_1_847' title='bbox 1268 5505 1390 5571; x_wconf 83' lang='grc' dir='ltr'><strong>πῶς</strong></span> <span class='ocrx_word' id='word_1_848' title='bbox 1427 5505 1493 5563; x_wconf 76' lang='grc' dir='ltr'>αν</span> <span class='ocrx_word' id='word_1_849' title='bbox 1530 5522 1614 5570; x_wconf 90' lang='grc' dir='ltr'><strong>τις</strong></span> <span class='ocrx_word' id='word_1_850' title='bbox 1643 5504 1753 5560; x_wconf 88' lang='grc' dir='ltr'><strong>τῶν</strong></span> 
     </span>
    </p>
   </div>
   <div class='ocr_carea' id='block_1_108' title="bbox 116 5593 1751 5671">
    <p class='ocr_par' dir='ltr' id='par_1_108' title="bbox 116 5593 1751 5671">
     <span class='ocr_line' id='line_1_108' title="bbox 116 5593 1751 5671; baseline 0.009 -22"><span class='ocrx_word' id='word_1_851' title='bbox 116 5593 285 5649; x_wconf 65' lang='grc' dir='ltr'>νοῦν</span> <span class='ocrx_word' id='word_1_852' title='bbox 308 5596 546 5666; x_wconf 70' lang='grc' dir='ltr'>ικόνεων</span> <span class='ocrx_word' id='word_1_853' title='bbox 577 5597 813 5667; x_wconf 72' lang='grc' dir='ltr'>χαλεπὸν</span> <span class='ocrx_word' id='word_1_854' title='bbox 830 5599 970 5655; x_wconf 82' lang='grc' dir='ltr'>ιίναι</span> <span class='ocrx_word' id='word_1_855' title='bbox 993 5600 1190 5671; x_wconf 73' lang='grc' dir='ltr'>κρίνοι,</span> <span class='ocrx_word' id='word_1_856' title='bbox 1223 5600 1323 5671; x_wconf 79' lang='grc' dir='ltr'>τὴν</span> <span class='ocrx_word' id='word_1_857' title='bbox 1340 5599 1439 5671; x_wconf 86' lang='grc' dir='ltr'>τῆς</span> <span class='ocrx_word' id='word_1_858' title='bbox 1464 5597 1751 5669; x_wconf 78' lang='grc' dir='ltr'>συνηθείας</span> 
     </span>
    </p>
   </div>
   <div class='ocr_carea' id='block_1_109' title="bbox 1844 4490 3432 4573">
    <p class='ocr_par' dir='ltr' id='par_1_109' title="bbox 1844 4490 3432 4573">
     <span class='ocr_line' id='line_1_109' title="bbox 1844 4490 3432 4573; baseline -0.011 -14"><span class='ocrx_word' id='word_1_859' title='bbox 1844 4498 2236 4573; x_wconf 88' lang='lat' dir='ltr'><strong>comprehendi</strong></span> <span class='ocrx_word' id='word_1_860' title='bbox 2264 4504 2446 4569; x_wconf 90' lang='lat' dir='ltr'><strong>potest</strong></span> <span class='ocrx_word' id='word_1_861' title='bbox 2468 4538 2484 4562; x_wconf 86' lang='lat'><strong>.</strong></span> <span class='ocrx_word' id='word_1_862' title='bbox 2514 4509 2643 4552; x_wconf 90' lang='lat' dir='ltr'><strong>esse</strong></span> <span class='ocrx_word' id='word_1_863' title='bbox 2671 4492 2903 4566; x_wconf 89' lang='lat' dir='ltr'><strong>quidem</strong></span> <span class='ocrx_word' id='word_1_864' title='bbox 2926 4490 3151 4549; x_wconf 82' lang='lat' dir='ltr'><strong>creditis</strong></span> <span class='ocrx_word' id='word_1_865' title='bbox 3170 4531 3186 4557; x_wconf 94' lang='lat'><strong>,</strong></span> <span class='ocrx_word' id='word_1_866' title='bbox 3216 4490 3274 4547; x_wconf 90' lang='lat' dir='ltr'><strong>in</strong></span> <span class='ocrx_word' id='word_1_867' title='bbox 3320 4506 3432 4561; x_wconf 88' lang='lat' dir='ltr'><strong>quo</strong></span> 
     </span>
    </p>
   </div>
   <div class='ocr_carea' id='block_1_110' title="bbox 1845 4583 3430 4660">
    <p class='ocr_par' dir='ltr' id='par_1_110' title="bbox 1845 4583 3430 4660">
     <span class='ocr_line' id='line_1_110' title="bbox 1845 4583 3430 4660; baseline -0.009 -10"><span class='ocrx_word' id='word_1_868' title='bbox 1845 4602 2029 4650; x_wconf 86' lang='lat' dir='ltr'><strong>autem</strong></span> <span class='ocrx_word' id='word_1_869' title='bbox 2055 4591 2363 4658; x_wconf 89' lang='lat' dir='ltr'><strong>consistat,</strong></span> <span class='ocrx_word' id='word_1_870' title='bbox 2406 4588 2607 4660; x_wconf 86' lang='lat' dir='ltr'><strong>quidve</strong></span> <span class='ocrx_word' id='word_1_871' title='bbox 2636 4587 2757 4659; x_wconf 87' lang='lat' dir='ltr'><strong>ipsa</strong></span> <span class='ocrx_word' id='word_1_872' title='bbox 2788 4586 2894 4652; x_wconf 90' lang='lat' dir='ltr'><strong>sit,</strong></span> <span class='ocrx_word' id='word_1_873' title='bbox 2934 4585 3085 4642; x_wconf 85' lang='lat' dir='ltr'><strong>nulla</strong></span> <span class='ocrx_word' id='word_1_874' title='bbox 3113 4583 3292 4640; x_wconf 78' lang='lat' dir='ltr'><strong>adhuc</strong></span> <span class='ocrx_word' id='word_1_875' title='bbox 3337 4598 3430 4636; x_wconf 85' lang='lat' dir='ltr'><strong>ra-</strong></span> 
     </span>
    </p>
   </div>
   <div class='ocr_carea' id='block_1_111' title="bbox 1843 4679 3430 4755">
    <p class='ocr_par' dir='ltr' id='par_1_111' title="bbox 1843 4679 3430 4755">
     <span class='ocr_line' id='line_1_111' title="bbox 1843 4679 3430 4755; baseline -0.008 -15"><span class='ocrx_word' id='word_1_876' title='bbox 1843 4684 1999 4740; x_wconf 90' lang='lat' dir='ltr'><strong>tione</strong></span> <span class='ocrx_word' id='word_1_877' title='bbox 2026 4683 2303 4755; x_wconf 85' lang='lat' dir='ltr'><strong>conjicere</strong></span> <span class='ocrx_word' id='word_1_878' title='bbox 2324 4679 2586 4753; x_wconf 89' lang='lat' dir='ltr'><strong>potuistis</strong></span> <span class='ocrx_word' id='word_1_879' title='bbox 2605 4719 2621 4746; x_wconf 91' lang='lat'><strong>,</strong></span> <span class='ocrx_word' id='word_1_880' title='bbox 2654 4687 2821 4749; x_wconf 88' lang='lat' dir='ltr'><strong>atque</strong></span> <span class='ocrx_word' id='word_1_881' title='bbox 2850 4692 2974 4734; x_wconf 91' lang='lat' dir='ltr'><strong>eam</strong></span> <span class='ocrx_word' id='word_1_882' title='bbox 3006 4685 3193 4733; x_wconf 86' lang='lat' dir='ltr'><strong>tamen</strong></span> <span class='ocrx_word' id='word_1_883' title='bbox 3217 4714 3234 4741; x_wconf 94' lang='lat'><strong>,</strong></span> <span class='ocrx_word' id='word_1_884' title='bbox 3264 4689 3430 4746; x_wconf 86' lang='lat' dir='ltr'><strong>quam</strong></span> 
     </span>
    </p>
   </div>
   <div class='ocr_carea' id='block_1_112' title="bbox 1846 4764 3431 4843">
    <p class='ocr_par' dir='ltr' id='par_1_112' title="bbox 1846 4764 3431 4843">
     <span class='ocr_line' id='line_1_112' title="bbox 1846 4764 3431 4843; baseline -0.006 -11"><span class='ocrx_word' id='word_1_885' title='bbox 1846 4776 2017 4832; x_wconf 90' lang='lat' dir='ltr'><strong>nullis</strong></span> <span class='ocrx_word' id='word_1_886' title='bbox 2048 4774 2361 4832; x_wconf 88' lang='lat' dir='ltr'><strong>rationibus</strong></span> <span class='ocrx_word' id='word_1_887' title='bbox 2394 4772 2586 4829; x_wconf 83' lang='lat' dir='ltr'><strong>valetis</strong></span> <span class='ocrx_word' id='word_1_888' title='bbox 2633 4771 2940 4843; x_wconf 90' lang='lat' dir='ltr'><strong>intelligere</strong></span> <span class='ocrx_word' id='word_1_889' title='bbox 2962 4810 2979 4836; x_wconf 93' lang='lat'><strong>,</strong></span> <span class='ocrx_word' id='word_1_890' title='bbox 3041 4775 3160 4823; x_wconf 86' lang='lat' dir='ltr'><strong>toto</strong></span> <span class='ocrx_word' id='word_1_891' title='bbox 3216 4764 3389 4822; x_wconf 91' lang='lat' dir='ltr'><strong>corde</strong></span> <span class='ocrx_word' id='word_1_892' title='bbox 3413 4805 3431 4829; x_wconf 89' lang='lat'><strong>,</strong></span> 
     </span>
    </p>
   </div>
   <div class='ocr_carea' id='block_1_113' title="bbox 1851 4858 3433 4935">
    <p class='ocr_par' dir='ltr' id='par_1_113' title="bbox 1851 4858 3433 4935">
     <span class='ocr_line' id='line_1_113' title="bbox 1851 4858 3433 4935; baseline -0.006 -14"><span class='ocrx_word' id='word_1_893' title='bbox 1851 4867 2036 4922; x_wconf 89' lang='lat' dir='ltr'><strong>animo</strong></span> <span class='ocrx_word' id='word_1_894' title='bbox 2060 4906 2076 4932; x_wconf 95' lang='lat'><strong>,</strong></span> <span class='ocrx_word' id='word_1_895' title='bbox 2099 4866 2414 4935; x_wconf 86' lang='lat' dir='ltr'><strong>virtuteque</strong></span> <span class='ocrx_word' id='word_1_896' title='bbox 2435 4861 2710 4934; x_wconf 85' lang='lat' dir='ltr'><strong>diligitis?</strong></span> <span class='ocrx_word' id='word_1_897' title='bbox 2744 4859 2858 4916; x_wconf 86' lang='lat' dir='ltr'><strong>Cur</strong></span> <span class='ocrx_word' id='word_1_898' title='bbox 2888 4859 3057 4932; x_wconf 91' lang='lat' dir='ltr'><strong>igitur</strong></span> <span class='ocrx_word' id='word_1_899' title='bbox 3113 4858 3229 4913; x_wconf 72' lang='lat' dir='ltr'><strong>haec</strong></span> <span class='ocrx_word' id='word_1_900' title='bbox 3266 4858 3433 4913; x_wconf 82' lang='lat' dir='ltr'><strong>stulta</strong></span> 
     </span>
    </p>
   </div>
   <div class='ocr_carea' id='block_1_114' title="bbox 1853 4953 3433 5022">
    <p class='ocr_par' dir='ltr' id='par_1_114' title="bbox 1853 4953 3433 5022">
     <span class='ocr_line' id='line_1_114' title="bbox 1853 4953 3433 5022; baseline -0.004 -9"><span class='ocrx_word' id='word_1_901' title='bbox 1853 4958 2070 5014; x_wconf 90' lang='lat' dir='ltr'><strong>timoris</strong></span> <span class='ocrx_word' id='word_1_902' title='bbox 2114 4956 2257 5011; x_wconf 87' lang='lat' dir='ltr'><strong>ratio</strong></span> <span class='ocrx_word' id='word_1_903' title='bbox 2309 4955 2453 5009; x_wconf 83' lang='lat' dir='ltr'><strong>valet</strong></span> <span class='ocrx_word' id='word_1_904' title='bbox 2487 4955 2543 5009; x_wconf 89' lang='lat' dir='ltr'><strong>in</strong></span> <span class='ocrx_word' id='word_1_905' title='bbox 2604 4953 2698 5009; x_wconf 85' lang='lat' dir='ltr'><strong>illa</strong></span> <span class='ocrx_word' id='word_1_906' title='bbox 2754 4953 2912 5018; x_wconf 82' lang='lat' dir='ltr'><strong>sola,</strong></span> <span class='ocrx_word' id='word_1_907' title='bbox 2963 4964 3087 5022; x_wconf 68' lang='lat' dir='ltr'><strong>quae</strong></span> <span class='ocrx_word' id='word_1_908' title='bbox 3144 4964 3247 5006; x_wconf 88' lang='lat' dir='ltr'><strong>nos</strong></span> <span class='ocrx_word' id='word_1_909' title='bbox 3308 4959 3433 5021; x_wconf 83' lang='lat' dir='ltr'><strong>post</strong></span> 
     </span>
    </p>
   </div>
   <div class='ocr_carea' id='block_1_115' title="bbox 1853 5041 3433 5116">
    <p class='ocr_par' dir='ltr' id='par_1_115' title="bbox 1853 5041 3433 5116">
     <span class='ocr_line' id='line_1_115' title="bbox 1853 5041 3433 5116; baseline -0.006 -12"><span class='ocrx_word' id='word_1_910' title='bbox 1853 5050 1996 5105; x_wconf 87' lang='lat' dir='ltr'><strong>hanc</strong></span> <span class='ocrx_word' id='word_1_911' title='bbox 2048 5053 2347 5116; x_wconf 76' lang='lat' dir='ltr'><strong>exceptura</strong></span> <span class='ocrx_word' id='word_1_912' title='bbox 2386 5052 2508 5111; x_wconf 89' lang='lat' dir='ltr'><strong>est,</strong></span> <span class='ocrx_word' id='word_1_913' title='bbox 2538 5044 2688 5111; x_wconf 80' lang='lat' dir='ltr'><strong>vita,</strong></span> <span class='ocrx_word' id='word_1_914' title='bbox 2719 5050 2818 5109; x_wconf 92' lang='lat' dir='ltr'><strong>ut,</strong></span> <span class='ocrx_word' id='word_1_915' title='bbox 2853 5056 2975 5114; x_wconf 64' lang='lat' dir='ltr'><strong>qua:</strong></span> <span class='ocrx_word' id='word_1_916' title='bbox 3020 5056 3133 5096; x_wconf 87' lang='lat' dir='ltr'><strong>non</strong></span> <span class='ocrx_word' id='word_1_917' title='bbox 3179 5041 3433 5096; x_wconf 81' lang='lat' dir='ltr'><strong>novimus</strong></span> 
     </span>
    </p>
   </div>
   <div class='ocr_carea' id='block_1_116' title="bbox 1853 5134 3433 5213">
    <p class='ocr_par' dir='ltr' id='par_1_116' title="bbox 1853 5134 3433 5213">
     <span class='ocr_line' id='line_1_116' title="bbox 1853 5134 3433 5213; baseline -0.006 -18"><span class='ocrx_word' id='word_1_918' title='bbox 1853 5154 2150 5213; x_wconf 87' lang='lat' dir='ltr'><strong>puerorum</strong></span> <span class='ocrx_word' id='word_1_919' title='bbox 2178 5138 2357 5194; x_wconf 85' lang='lat' dir='ltr'><strong>instar</strong></span> <span class='ocrx_word' id='word_1_920' title='bbox 2379 5178 2394 5203; x_wconf 91' lang='lat'><strong>,</strong></span> <span class='ocrx_word' id='word_1_921' title='bbox 2434 5138 2532 5208; x_wconf 93' lang='lat' dir='ltr'><strong>qui</strong></span> <span class='ocrx_word' id='word_1_922' title='bbox 2562 5136 2825 5193; x_wconf 85' lang='lat' dir='ltr'><strong>inanibus</strong></span> <span class='ocrx_word' id='word_1_923' title='bbox 2851 5134 3175 5206; x_wconf 88' lang='lat' dir='ltr'><strong>opinionum</strong></span> <span class='ocrx_word' id='word_1_924' title='bbox 3204 5134 3433 5204; x_wconf 70' lang='lat' dir='ltr'><strong>ﬁgmen-</strong></span> 
     </span>
    </p>
   </div>
   <div class='ocr_carea' id='block_1_117' title="bbox 1856 5220 3433 5292">
    <p class='ocr_par' dir='ltr' id='par_1_117' title="bbox 1856 5220 3433 5292">
     <span class='ocr_line' id='line_1_117' title="bbox 1856 5220 3433 5292; baseline -0.009 -5"><span class='ocrx_word' id='word_1_925' title='bbox 1856 5231 1927 5287; x_wconf 91' lang='lat' dir='ltr'><strong>tis</strong></span> <span class='ocrx_word' id='word_1_926' title='bbox 1955 5228 2337 5292; x_wconf 88' lang='lat' dir='ltr'><strong>deterrentur,</strong></span> <span class='ocrx_word' id='word_1_927' title='bbox 2372 5225 2736 5282; x_wconf 81' lang='lat' dir='ltr'><strong>formidemus</strong></span> <span class='ocrx_word' id='word_1_928' title='bbox 2759 5226 2785 5279; x_wconf 65' lang='grc' dir='ltr'><strong>ἲ</strong></span> <span class='ocrx_word' id='word_1_929' title='bbox 2812 5224 2919 5291; x_wconf 83' lang='lat' dir='ltr'><strong>Qui</strong></span> <span class='ocrx_word' id='word_1_930' title='bbox 2960 5223 3108 5281; x_wconf 88' lang='lat' dir='ltr'><strong>enim</strong></span> <span class='ocrx_word' id='word_1_931' title='bbox 3159 5236 3276 5277; x_wconf 88' lang='lat' dir='ltr'><strong>rem</strong></span> <span class='ocrx_word' id='word_1_932' title='bbox 3333 5220 3433 5274; x_wconf 83' lang='lat' dir='ltr'><strong>ali-</strong></span> 
     </span>
    </p>
   </div>
   <div class='ocr_carea' id='block_1_118' title="bbox 1852 5314 3433 5392">
    <p class='ocr_par' dir='ltr' id='par_1_118' title="bbox 1852 5314 3433 5392">
     <span class='ocr_line' id='line_1_118' title="bbox 1852 5314 3433 5392; baseline -0.006 -17"><span class='ocrx_word' id='word_1_933' title='bbox 1852 5336 2016 5392; x_wconf 89' lang='lat' dir='ltr'><strong>quam</strong></span> <span class='ocrx_word' id='word_1_934' title='bbox 2044 5318 2249 5375; x_wconf 87' lang='lat' dir='ltr'><strong>babere</strong></span> <span class='ocrx_word' id='word_1_935' title='bbox 2278 5320 2431 5389; x_wconf 90' lang='lat' dir='ltr'><strong>cupit</strong></span> <span class='ocrx_word' id='word_1_936' title='bbox 2473 5323 2814 5389; x_wconf 87' lang='lat' dir='ltr'><strong>perspectam</strong></span> <span class='ocrx_word' id='word_1_937' title='bbox 2844 5324 2900 5371; x_wconf 92' lang='lat' dir='ltr'><strong>et</strong></span> <span class='ocrx_word' id='word_1_938' title='bbox 2953 5315 3229 5385; x_wconf 87' lang='lat' dir='ltr'><strong>cognitam</strong></span> <span class='ocrx_word' id='word_1_939' title='bbox 3250 5352 3266 5377; x_wconf 94' lang='lat'><strong>,</strong></span> <span class='ocrx_word' id='word_1_940' title='bbox 3321 5314 3433 5383; x_wconf 90' lang='lat' dir='ltr'><strong>pri-</strong></span> 
     </span>
    </p>
   </div>
   <div class='ocr_carea' id='block_1_119' title="bbox 1852 5406 3433 5484">
    <p class='ocr_par' dir='ltr' id='par_1_119' title="bbox 1852 5406 3433 5484">
     <span class='ocr_line' id='line_1_119' title="bbox 1852 5406 3433 5484; baseline -0.008 -14"><span class='ocrx_word' id='word_1_941' title='bbox 1852 5430 2001 5470; x_wconf 88' lang='lat' dir='ltr'><strong>mum</strong></span> <span class='ocrx_word' id='word_1_942' title='bbox 2035 5427 2261 5484; x_wconf 88' lang='lat' dir='ltr'><strong>operam</strong></span> <span class='ocrx_word' id='word_1_943' title='bbox 2292 5412 2387 5468; x_wconf 86' lang='lat' dir='ltr'><strong>dat</strong></span> <span class='ocrx_word' id='word_1_944' title='bbox 2413 5453 2428 5477; x_wconf 89' lang='lat'><strong>,</strong></span> <span class='ocrx_word' id='word_1_945' title='bbox 2472 5420 2569 5478; x_wconf 90' lang='lat' dir='ltr'><strong>ut,</strong></span> <span class='ocrx_word' id='word_1_946' title='bbox 2600 5426 2723 5483; x_wconf 75' lang='lat' dir='ltr'><strong>qua:</strong></span> <span class='ocrx_word' id='word_1_947' title='bbox 2756 5410 2830 5465; x_wconf 82' lang='lat' dir='ltr'><strong>sit</strong></span> <span class='ocrx_word' id='word_1_948' title='bbox 2854 5409 2980 5479; x_wconf 84' lang='lat' dir='ltr'><strong>ejus</strong></span> <span class='ocrx_word' id='word_1_949' title='bbox 3015 5418 3215 5463; x_wconf 80' lang='lat' dir='ltr'><strong>natura</strong></span> <span class='ocrx_word' id='word_1_950' title='bbox 3236 5444 3253 5471; x_wconf 92' lang='lat'><strong>,</strong></span> <span class='ocrx_word' id='word_1_951' title='bbox 3308 5406 3433 5460; x_wconf 77' lang='lat' dir='ltr'><strong>dili-</strong></span> 
     </span>
    </p>
   </div>
   <div class='ocr_carea' id='block_1_120' title="bbox 1851 5494 3430 5578">
    <p class='ocr_par' dir='ltr' id='par_1_120' title="bbox 1851 5494 3430 5578">
     <span class='ocr_line' id='line_1_120' title="bbox 1851 5494 3430 5578; baseline -0.008 -17"><span class='ocrx_word' id='word_1_952' title='bbox 1851 5514 2041 5578; x_wconf 90' lang='lat' dir='ltr'><strong>genter</strong></span> <span class='ocrx_word' id='word_1_953' title='bbox 2078 5502 2433 5568; x_wconf 82' lang='lat' dir='ltr'><strong>consideret,</strong></span> <span class='ocrx_word' id='word_1_954' title='bbox 2494 5511 2660 5573; x_wconf 91' lang='lat' dir='ltr'><strong>atque</strong></span> <span class='ocrx_word' id='word_1_955' title='bbox 2708 5499 2815 5565; x_wconf 89' lang='lat' dir='ltr'><strong>ita,</strong></span> <span class='ocrx_word' id='word_1_956' title='bbox 2866 5506 3055 5564; x_wconf 78' lang='lat' dir='ltr'><strong>utrum</strong></span> <span class='ocrx_word' id='word_1_957' title='bbox 3104 5494 3388 5552; x_wconf 83' lang='lat' dir='ltr'><strong>commoda</strong></span> <span class='ocrx_word' id='word_1_958' title='bbox 3414 5535 3430 5558; x_wconf 91' lang='lat'><strong>,</strong></span> 
     </span>
    </p>
   </div>
   <div class='ocr_carea' id='block_1_121' title="bbox 1852 5587 3436 5665">
    <p class='ocr_par' dir='ltr' id='par_1_121' title="bbox 1852 5587 3436 5665">
     <span class='ocr_line' id='line_1_121' title="bbox 1852 5587 3436 5665; baseline -0.008 -8"><span class='ocrx_word' id='word_1_959' title='bbox 1852 5605 1906 5657; x_wconf 83' lang='lat' dir='ltr'><strong>et</strong></span> <span class='ocrx_word' id='word_1_960' title='bbox 1935 5595 2313 5665; x_wconf 81' lang='lat' dir='ltr'><strong>admittenda,</strong></span> <span class='ocrx_word' id='word_1_961' title='bbox 2335 5610 2403 5651; x_wconf 91' lang='lat' dir='ltr'><strong>an</strong></span> <span class='ocrx_word' id='word_1_962' title='bbox 2435 5595 2619 5664; x_wconf 84' lang='lat' dir='ltr'><strong>gravis</strong></span> <span class='ocrx_word' id='word_1_963' title='bbox 2655 5590 3058 5662; x_wconf 85' lang='lat' dir='ltr'><strong>avertendaque</strong></span> <span class='ocrx_word' id='word_1_964' title='bbox 3093 5590 3165 5649; x_wconf 90' lang='lat' dir='ltr'><strong>sit</strong></span> <span class='ocrx_word' id='word_1_965' title='bbox 3186 5626 3204 5658; x_wconf 88' lang='lat'><strong>,</strong></span> <span class='ocrx_word' id='word_1_966' title='bbox 3233 5587 3436 5645; x_wconf 79' lang='lat' dir='ltr'><strong>intelli-</strong></span> 
     </span>
    </p>
   </div>
  </div>
