3896 6204
531 171 641 227 815

1701 243 1710 250 _
1767 167 1824 221 s.
1866 165 2196 221 cureos"
2227 167 2513 224 NYsSENt

3683 178 3768 236 516

533 293 646 358 gat.
691 282 849 350 Quod
884 289 1068 336 autem
1129 280 1406 334 incertum
1458 279 1720 342 omnino,
1771 287 1828 334 et
1859 279 2094 349 incogni-

2213 279 2560 353 ἀναχώρησιν
2601 280 2790 354 μόνην,
2823 281 2918 346 ὡς’
2940 282 3111 353 πυρός
3143 301 3306 352 τινος,
3338 285 3372 357 ἢ
3401 284 3582 358 θηρίου
3617 306 3767 359 προσο

535 388 648 433 tum
679 386 785 443 est,
818 375 944 446 quis
968 386 1196 438 eorum,
1233 372 1328 442 qui
1378 372 1633 442 sapiunt,
1697 370 1769 426 ob
1829 371 1883 426 id
1928 372 2106 426 solum

533 471 678 541 quod
707 469 776 524 ab
805 482 909 521 usu
937 471 992 520 et
1023 462 1428 519 consuetudine.
1455 473 1720 518 remotum
1751 463 1824 518 sit
1853 503 1868 528 ,
1897 462 2109 534 fugien-

533 559 662 615 dum
690 566 876 630 putet,
907 566 961 611 et
993 564 1050 610 ut
1081 555 1224 625 ignis
1246 595 1262 621 ,
1298 563 1392 608 aut
1424 553 1553 609 ferae
1598 552 1905 624 cuiuspiam
1936 555 2108 623 impe-

534 662 648 707 tum
692 647 1052 719 suspicetur?
1090 663 1216 702 cum
1283 647 1401 716 ipsa
1453 660 1559 700 nos
1601 646 1711 699 vita
1764 645 1990 710 doceat,
2041 660 2109 701 ne

533 757 750 812 semper
788 755 948 797 usum
991 748 1047 793 et
1094 736 1544 794 consuetudinem
1593 737 1962 800 attendamus,
2011 736 2106 791 sed

534 835 602 888 ad
633 849 696 888 ea
723 875 736 898 ,
780 849 904 902 quae
934 839 1090 886 recta
1140 831 1481 900 honestaque
1535 838 1702 895 sunt,
1764 829 1984 884 animos
2043 844 2108 885 ae

533 924 717 981 studia
766 934 956 978 nostra
1011 931 1419 977 convertamus.
1465 920 1648 991 Neque
1699 921 1846 976 enim
1911 921 2104 976 eadem

534 1031 751 1085 semper
786 1014 1104 1068 hominibus
1132 1022 1216 1066 est
1253 1013 1366 1065 vita
1394 1051 1408 1077 ,
1462 1013 1555 1067 sed
1578 1053 1592 1076 ,
1636 1013 1763 1066 dum
1795 1013 1849 1067 in
1879 1013 2107 1067 visceri—

534 1105 636 1160 bus
662 1106 803 1159 fetus
834 1104 1142 1158 formantur
1167 1145 1182 1170 ,
1213 1105 1492 1174 propriam
1539 1104 1646 1160 illis
1690 1113 1744 1158 et
1772 1106 2106 1159 convenien—

535 1204 642 1252 tem
696 1197 750 1250 in
784 1205 942 1249 utero
972 1197 1141 1249 vitam
1173 1205 1373 1249 natura
1415 1197 1630 1250 tribuit.
1692 1195 1804 1251 Nec
1859 1212 1984 1251 cum
2040 1212 2106 1250 ex

531 1297 688 1341 utero
717 1288 925 1358 egressi
945 1288 1197 1349 fuerint,
1251 1302 1468 1356 semper
1524 1287 1789 1341 inhaerent
1823 1302 2104 1348 mammae,

529 1380 623 1435 sed
675 1379 918 1448 quandiu
953 1378 1284 1448 imperfectae
1327 1379 1544 1431 illorum
1594 1378 1829 1432 aetatulae
1885 1377 1937 1430 id
1975 1392 2106 1431 con-

526 1473 676 1542 gruit
705 1481 756 1526 et
783 1471 1038 1541 prodest;
1069 1477 1194 1539 post
1221 1478 1400 1522 autem
1438 1469 1503 1522 ad
1539 1468 1643 1521 alia
1671 1474 2101 1532 convertuntur,

525 1582 627 1621 nec
663 1566 830 1620 ubera
854 1578 1068 1632 semper
1091 1563 1162 1617 ob
1188 1560 1639 1616 consuetudinem
1669 1567 1950 1629 appetunt.
1975 1558 2106 1614 Post

2213 372 2373 444 ϐολὴν
2403 372 2760 440 ύποπτεύωνς
2792 373 2985 428 Καίτοι
3016 374 3380 448 παιδευόμεθα
3417 377 3502 431 διὰ
3532 378 3623 433 τοῦ
3670 380 3770 449 βίου

2213 464 2421 534 σαφῶς.
2471 465 2546 536 μὴ
2601 464 2833 519 πάντοτε
2884 465 3019 536 πρὸς
3057 465 3157 537 τὴν
3202 469 3488 540 συνήθειαν
3547 471 3768 542 βλέπειν,

2209 552 2346 608 ἀλλά
2373 551 2508 624 πρὸς
2549 553 2612 606 τὺ
2659 553 2821 608 καλὸν
2863 557 2981 618 ταῖς
3012 556 3329 626 ἐπιθυμίαις
3372 560 3460 612 ἀεὶ
3504 563 3770 629 μετατεθε-

2211 643 2355 698 σθαι.
2399 641 2536 697 Οὔτε
2570 643 2680 715 γὰρ
2710 643 3026 708 διάσπαντὸς
3065 647 3122 697 ὲν
3152 645 3377 718 ὲμδρύῳ
3403 650 3519 710 τοῖς
3557 649 3771 703 πλαοσο-

2212 735 2394 805 μένοις
2426 735 2573 788 ἐστὶν
2609 737 2642 806 ἠ
2673 736 2808 806 ζωὴ,
2843 735 2958 789 ἀλλ’
2985 736 3090 799 ἕως
3119 736 3184 790 ἂν
3217 739 3273 790 ὲν
3300 741 3413 805 τοῖς
3461 740 3769 810 σπλάγχνοις

2207 821 2366 892 ὦσιν,
2408 826 2590 897 ἡδεῖαν
2635 827 2818 890 αὐτοῖς
2861 827 2955 880 καὶ
3005 828 3397 900 κατάλληλονή
3441 829 3608 898 φύσις
3651 835 3770 886 ποιεί

2207 920 2307 992 τὴν
2341 920 2401 972 ὲν
2432 921 2497 989 τῇ
2541 918 2692 989 νηδύῖ
2739 919 2885 989 ζωήν
2905 935 2920 950 ’
2969 918 3092 972 οὔτε
3123 921 3338 975 ὲπειδάν
3367 919 3470 986 ἔξω
3503 923 3762 990 γένωνται,

2206 1014 2271 1082 τῇ
2303 1011 2438 1082 θηλῇ
2468 1011 2556 1064 διὰ
2594 1011 2794 1073 παντὸς
2840 1010 3266 1081 παραμένουσιν,
3295 1012 3407 1066 ἀλλ’
3438 1014 3524 1082 ἐφ’
3551 1015 3676 1067 ὅσον
3704 1015 3762 1084 τῷ

2218 1102 2401 1156 ἀτελεῖ
2433 1103 2530 1172 τῆς
2574 1102 2785 1172 ἡλικίας
2809 1103 2972 1156 καλὸν
2990 1104 3051 1156 τὸ
3074 1105 3310 1158 τοιοῦτόν
3337 1107 3451 1159 ἐστι
3475 1107 3571 1158 καὶ
3591 1108 3757 1160 κατά).-

2206 1194 2386 1265 ληλον.
2431 1193 2577 1247 Μετά
2622 1193 2777 1248 τοῦτο
2817 1195 2893 1259 δὲ,
2927 1196 3060 1266 πρὸς
3107 1196 3271 1267 ἀλλην
3313 1199 3637 1251 ἀκολουθίαν
3675 1199 3755 1268 βίον

2211 1287 2579 1356 μετέρχονται,
2613 1287 2763 1338 οὐδὲν
2794 1287 2896 1339 ὑπὸ
2923 1288 3022 1356 τῆς
3053 1289 3339 1359 συνηθείας
3372 1291 3512 1360 πρὸς
3534 1291 3596 1343 τὸ

2209 1376 2657 1448 συμπαραμένειν
2706 1378 3141 1448 ἀναπειθόμενοι.
3194 1375 3328 1433 Εἶτα
3376 1381 3514 1450 μετά
3549 1382 3648 1453 τὴν
3691 1401 3755 1452 vr,-

2207 1467 2379 1539 πιώδη
2413 1469 2763 1529 κατάστασιν,
2813 1470 2945 1523 ἄλλα
2982 1470 3093 1524 τῶν
3129 1473 3448 1543 μειρακίων,
3498 1477 3596 1528 καὶ
3655 1477 3753 1530 ἄλλα

2205 1561 2313 1614 τῶν
2342 1559 2825 1630 παρηλικεστέρων
2865 1561 3270 1632 ἐπιτηδεύματα
3302 1565 3533 1631 γίνεται,
3569 1569 3699 1638 πρὸς
3729 1567 3754 1620 1

525 1665 731 1718 autem,
768 1671 892 1710 cum
934 1654 1217 1709 infantiam
1247 1652 1517 1714 exuerint,
1547 1652 1653 1704 alia
1685 1650 2094 1715 adolescentuli,

2213 1651 2524 1724 μεταϐαίνει
2563 1651 2628 1704 δι’
2664 1651 2954 1704 ἀκολούθου
2983 1655 3012 1706 ὁ
3043 1653 3344 1724 ἄνθρωπος,
3377 1656 3603 1722 ἀλύπως
3648 1676 3752 1729 συμ-

526 1751 631 1803 alia
663 1749 775 1818 jam
805 1755 963 1802 aetate
985 1746 1328 1816 provectiore
1357 1752 1663 1814 sequuntur
1686 1745 1886 1810 studia,
1911 1753 1964 1798 et
1988 1744 2107 1798 sine

525 1844 773 1898 molestia
811 1844 975 1896 simul
1016 1857 1139 1896 cum
1173 1848 1333 1894 aetate
1364 1838 1816 1894 consuetudinem
1852 1847 2083 1892 mutant.

597 1930 1064 1999 Quemadmodum
1094 1929 1260 1998 igitur
1290 1930 1381 1999 qui
1413 1931 1469 1983 in
1500 1938 1748 1984 materno
1780 1937 1971 1983 ventre
1997 1943 2102 1981 nu.-

526 2019 701 2079 tritur‘
743 2023 906 2089 fetus,
947 2024 989 2078 si
1029 2024 1178 2078 vocis
1208 2039 1367 2077 usum
1406 2024 1632 2078 haberet
1681 2025 1944 2094 aliquem,
1969 2025 2098 2078 dum

2213 1740 2564 1806 μεταϐάλλων
2587 1743 2706 1804 ταῖς
2739 1741 2974 1811 ἡλικίαις
3003 1743 3098 1795 καὶ
3134 1744 3233 1813 τὴν
3262 1745 3576 1817 συνήθειαν.

2281 1926 2492 1994 Ὠσπερ
2525 1925 2700 1977 τοίνυν
2729 1926 2778 1976 εί
2807 1926 2956 1996 φωνή
2989 1943 3072 1990 τις
3093 1922 3161 1996 ἦν
3187 1927 3264 1998 τῷ
3291 1929 3620 1998 τρεφομένῳ
3642 1931 3690 1982 ἐν
3707 1933 3753 2000 τῇ

2207 2019 2436 2088 μητρῷα
2479 2017 2652 2087 νηδύϊ,
2699 2017 3079 2087 ἠγανάκτησεν
3117 2018 3182 2072 ἂν
3225 2019 3312 2072 διά
3343 2021 3657 2090 γεννήσεως
3677 2022 3759 2073 τῶν

525 2116 579 2170 in
618 2118 736 2185 ipso
784 2124 907 2169 ortu
952 2130 982 2168 e
1038 2114 1341 2168 visceribus
1421 2115 1712 2184 expellitur
1740 2155 1754 2179 ,
1797 2129 2094 2184 conquere-

2204 2111 2526 2178 σπλάγχνων
2573 2107 2989 2177 ὲξοικιζόμενος,
3040 2109 3134 2162 καὶ
3178 2109 3325 2164 δεινά
3370 2110 3612 2180 πάσχειν
3661 2112 3761 2164 ἐϐόα

522 2218 675 2262 retur
701 2249 716 2273 ,
743 2223 910 2276 seque
939 2207 1121 2277 gravia
1151 2208 1262 2278 pati
1301 2207 1586 2269 clamaret,
1623 2207 1764 2274 quod
1800 2221 1830 2259 a
1857 2206 2094 2276 jucunda

2201 2205 2299 2272 τῆς
2351 2199 2688 2269 καταθυμίου
2745 2199 3019 2268 διαγωγῆς
3063 2199 3478 2272 ἀποσπώμενος,
3536 2203 3676 2273 ὅπερ
3712 2203 3763 2272 δὴ

522 2302 922 2375 distraheretur
1003 2301 1218 2355 vivendi
1313 2298 1760 2362 consuetudine,
1823 2299 1876 2353 id
1949 2298 2094 2370 quod

2204 2294 2298 2346 καὶ
2329 2295 2488 2355 ποιεῖ,
2520 2293 2585 2362 τῇ
2631 2288 2818 2362 πρώτῃ
2866 2292 3106 2362 ἀναπνοῇ
3158 2294 3530 2347 συνεκϐάλλων
3555 2293 3676 2363 ἃμα
3710 2297 3763 2363 τῇ

523 2395 686 2448 etiam
721 2393 848 2447 facit
883 2433 897 2457 ,
947 2391 1076 2446 dmn
1135 2391 1298 2447 simul
1351 2405 1415 2444 ac
1474 2393 1710 2460 primum
1764 2391 1997 2460 respirat
2043 2392 2094 2444 in

2203 2386 2451 2454 γεννήσει
2476 2383 2535 2436 τὸ
2557 2383 2806 2454 δάκρυον,
2837 2381 2986 2436 ὥσπε
2998 2400 3027 2452 ρ
3056 2384 3377 2452 ἀγανακτῶν
3414 2402 3472 2437 τε
3520 2386 3620 2438 καὶ
3661 2386 3770 2438 ὀδυο

523 2485 664 2539 hane
698 2485 860 2538 vitam
898 2484 1182 2553 ingressus
1211 2522 1226 2547 ,
1296 2483 1567 2549 laerymas
1611 2480 1810 2543 fundit,
1849 2489 1902 2535 et
1959 2495 2094 2548 quo-

2204 2476 2430 2545 ρόμενος
2462 2475 2553 2526 ἐπὶ
2578 2473 2656 2544 τῷ
2683 2473 2949 2545 χωρισμῷ
2995 2478 3094 2545 τῆς
3134 2476 3395 2544 συνήθους
3425 2474 3576 2546 ζωῆς
3597 2494 3611 2506 ·
3641 2477 3770 2529 οὓτω

523 2575 648 2629 dam
682 2575 842 2629 modo
875 2574 1210 2643 indignatur,
1246 2582 1300 2627 et
1339 2573 1482 2626 dolet
1504 2611 1517 2633 ,
1559 2571 1707 2640 quod
1740 2586 1769 2624 a
1801 2572 1960 2626 solita
1988 2571 2094 2624 vita

2203 2583 2290 2636 μοι
2336 2565 2580 2619 δοκοῦσιν
2625 2567 2674 2618 oi
2725 2565 2860 2636 πρὸς
2895 2565 2996 2635 τὴν
3045 2565 3346 2637 μεταϐολὴν
3380 2566 3478 2619 τοῦ
3515 2569 3772 2638 παρόντος

521 2666 866 2722 discesserit:
905 2665 984 2719 sic
1031 2664 1163 2718 mihi
1185 2662 1439 2716 videntur
1483 2659 1684 2724 facere,
1721 2661 1816 2730 qui
1863 2669 2094 2715 mcerent

2200 2657 2639 2727 δυσχεραίνοντες
2689 2656 2826 2726 βίου,
2858 2658 2919 2710 τὸ
2961 2657 3066 2710 τῶν
3118 2658 3373 2729 ἐμϐρύων
3417 2659 3675 2729 πάσχειν,
3721 2662 3772 2711 ὲν

523 2757 577 2810 in
631 2758 790 2812 istius
829 2757 952 2810 vita:
988 2754 1417 2809 commutatione
1446 2792 1459 2815 ,
1505 2753 1633 2806 dum
1682 2753 1853 2808 instar
1881 2766 2093 2825 eorum,

2200 2749 2273 2818 τῷ
2296 2749 2382 2802 διὰ
2409 2750 2608 2812 παντὸς
2637 2749 2839 2820 ἐθέλειν
2855 2749 2932 2820 τῷ
2951 2750 3215 2820 χωρισμῷ
3236 2753 3332 2820 τῆς
3358 2750 3548 2822 ὑλικῆς
3579 2751 3773 2820 ταύτης

522 2849 705 2918 quiin
757 2857 913 2900 utero
963 2854 1114 2910 sunt,
1156 2845 1348 2900 volunt
1394 2859 1608 2913 semper
1648 2845 1702 2900 in
1756 2844 2001 2912 angustis
2032 2857 2094 2898 ac

2200 2839 2387 2908 ἀηδίας
2407 2839 2762 2909 ὲμὸιοτεύειν.
2803 2840 3051 2893 Ἐπειδὰν
3080 2841 3236 2912 γὰρὴ
3270 2842 3399 2905 ὠδὶς
3417 2843 3518 2896 τοῦ
3547 2844 3772 2897 θανάτου

522 2937 680 2992 tetris
709 2937 882 3006 ipsius
921 2937 976 2990 in
1016 2936 1240 2990 materia
1267 2935 1528 2989 demersae
1561 2934 1685 2989 vitae
1737 2934 1876 2989 locis
1906 2949 2093 2990 versa-

2200 2930 2332 3001 πρὸς
2361 2931 2544 3000 ἕτερον
2593 2931 2704 3000 βίον
2732 2933 2857 2996 τοὺς
2888 2933 3206 3004 ἀνθρώπους
3259 2934 3577 3004 μαιεύηται,
3629 2935 3774 2988 αὐτοὶ

525 3028 592 3081 ri.
642 3025 1006 3096 Posteaquam
1045 3026 1202 3080 enim
1247 3024 1439 3078 mortis
1477 3032 1736 3093 tanquam
1771 3031 1963 3094 partus
1991 3023 2091 3077 do-

522 3118 669 3172 lores
713 3117 872 3186 quasi
916 3114 1265 3170 obstetricem
1300 3113 1621 3177 acciverint,
1656 3119 1715 3165 ut
1763 3113 1821 3176 in
1863 3112 2090 3166 alteram

519 3207 685 3260 vitam
733 3206 982 3260 homines
1030 3203 1336 3259 educantur
1364 3244 1380 3269 ,
1416 3202 1519 3271 ipsi
1557 3199 1818 3271 quidem,
1850 3215 1974 3255 cum
2025 3199 2090 3253 ad

520 3296 666 3348 illam
719 3296 895 3352 lucem
943 3295 1335 3366 processerint,
1390 3301 1444 3348 et
1501 3308 1699 3362 purum
1736 3293 1888 3348 illum
1922 3291 2090 3362 spiri-

517 3395 634 3442 tum
667 3387 972 3451 hauserint,
1014 3388 1390 3456 experimento
1425 3393 1787 3457 cognoscunt,
1822 3394 2088 3456 quantum

517 3480 608 3534 illa
645 3483 758 3536 vita
802 3480 870 3535 ab
923 3480 1029 3534 ista
1078 3478 1313 3534 differat.
1365 3479 1433 3534 At
1476 3479 1574 3543 illi,
1626 3477 1718 3548 qui
1779 3480 1833 3532 in
1868 3477 2090 3532 humida

519 3573 846 3642 putridaque
892 3571 1053 3627 istius
1083 3573 1207 3625 vitae
1260 3571 1504 3627 fteditate
1573 3571 1976 3639 relinquuntur,
2032 3578 2089 3624 ut

519 3667 680 3734 plane
716 3663 858 3718 fetus
889 3663 1113 3732 quidam
1155 3664 1207 3717 in
1246 3671 1422 3725 utero,
1451 3677 1558 3716 non
1595 3669 1776 3716 autem
1811 3661 2085 3730 homines,

517 3756 705 3808 dolent
738 3758 911 3809 vicem
971 3755 1118 3808 illius
1150 3793 1168 3817 ,
1197 3754 1288 3824 qui
1326 3754 1476 3824 prior
1506 3770 1569 3809 ex
1627 3754 1770 3819 istis,
1804 3769 1924 3822 quae
1987 3769 2087 3809 nos

516 3841 798 3903 ambiunt,
853 3844 1122 3911 angustiis
1151 3845 1448 3913 egreditur,
1496 3853 1753 3913 tanquam
1803 3846 1872 3898 ab
1904 3845 2087 3915 aliquo

513 3929 659 3984 bono
708 3929 973 3995 discedat,
1046 3935 1358 3989 nescientes
1411 3935 1460 3989 ei
1498 3974 1512 3997 ,
1561 3936 1628 3989 ad
1673 3935 2084 3990 similitudinem

514 4019 762 4087 infantis,
809 4024 900 4092 qui
953 4038 1047 4093 per
1087 4031 1300 4093 partum
1343 4026 1396 4080 in
1453 4027 1627 4080 lucem
1677 4026 1816 4080 hanc
1862 4026 2081 4092 editur,

512 4113 704 4166 oculos
729 4112 952 4180 aperiri,
985 4114 1196 4175 oculos,
1233 4113 1477 4182 inquam,
1515 4115 1705 4178 animi,
1746 4114 1947 4183 quibus
1995 4129 2085 4168 ve-

514 4204 728 4257 ritatem
771 4218 950 4258 rerum
984 4205 1264 4270 intuetur;
1296 4205 1513 4259 aurium
1550 4221 1774 4261 sensum
1810 4205 2082 4275 patefieri,

2201 3019 2297 3088 μὲν
2324 3019 2451 3072 ὅταν
2478 3021 2557 3081 είς
2579 3019 2639 3072 τὸ
2662 3019 2775 3088 φῶς
2799 3023 2970 3075 ἐκεῖνο
2994 3023 3342 3092 μετέλθωσιν,
3368 3025 3462 3076 καὶ
3483 3025 3575 3079 τοῦ
3600 3025 3772 3078 καθα-

2198 3109 2291 3179 ροῦ
2321 3111 2569 3163 σπάσωσι
2607 3110 2932 3179 πνεύματος,
2961 3115 3027 3183 τῇ
3059 3114 3225 3185 πείρᾳ.
3259 3112 3625 3181 γινώσκουσιν
3649 3117 3771 3169 ὅσον

2195 3202 2312 3254 ἐστὶ
2335 3203 2434 3272 τῆς
2471 3203 2614 3272 ζωῆς
2647 3204 2859 3274 ἐκείνης
2892 3205 3025 3276 πρὸς
3049 3207 3148 3276 τὴν
3173 3207 3265 3259 νῦν
3295 3207 3354 3259 τὸ
3383 3207 3670 3278 διάφορον.
3715 3207 3770 3263 Οί

2193 3293 2250 3347 δὲ
2280 3294 2692 3363 ὑπολειφθέντες
2731 3295 2808 3364 τῷ
2841 3296 2992 3368 ὑγρῷ
3020 3299 3193 3367 τούτῳ
3225 3298 3319 3351 καὶ
3355 3299 3634 3354 πλαδῶντι
3662 3301 3767 3369 βίῳ,

2192 3386 2406 3457 ἔμϐρυα
2425 3387 2574 3450 ὄντες
2598 3387 2857 3457 ἀτεχνῶς,
2884 3390 2976 3441 καὶ
2997 3391 3096 3442 οὐκ
3112 3388 3367 3461 ἀνθρωπο
3377 3408 3412 3452 ι,
3430 3391 3768 3457 ταλανίζουςι

2194 3479 2282 3532 τὸν
2314 3477 2704 3549 προεξελθόντα
2729 3480 2826 3549 τῆς
2853 3480 3211 3552 περιεχούσης
3236 3482 3383 3551 ἡμᾶς
3420 3485 3686 3554 συνοχῆς,
3710 3483 3767 3544 ὡς

2193 3570 2394 3638 ἀγαθοῦ
2443 3588 2586 3634 τινος
2632 3570 2740 3635 ἔξω
2778 3571 3089 3642 γενόμενονο
3139 3573 3240 3626 οὐκ
3279 3573 3481 3637 ειδότες
3521 3576 3613 3628 ὅτι
3668 3575 3768 3630 καθ

2193 3661 2484 3732 ὁμοιότητα
2515 3662 2610 3716 τοῦ
2648 3662 2928 3731 τεχθέντος
2967 3662 3219 3735 βρέφους,
3273 3663 3545 3731 ἀνοίγεται
3612 3667 3722 3736 μὲν
3753 3667 3770 3715 ί

2190 3751 2494 3822 ὀφθαλμὸς,
2550 3754 2675 3808 ὅταν
2725 3751 2829 3817 ἔξω
2891 3753 2983 3807 τοῦ
3034 3757 3129 3809 νῦν
3189 3755 3496 3826 συνέχοντος
3539 3757 3775 3828 γένηται

2190 3843 2349 3911 (νοεῖν
2395 3843 2452 3896 δὲ
2499 3844 2602 3915 χρὴ
2637 3844 2852 3908 πάντως
2893 3846 2982 3899 τὸν
3026 3846 3300 3918 ὀφθαλμὸν
3352 3851 3450 3919 τῆς
3492 3847 3718 3919 ψυχῆς,
3743 3841 3778 3913 ᾧ

2187 3934 2338 4004 διορᾷ
2377 3934 2475 4006 τὴν
2515 3935 2622 3989 τῶν
2671 3937 2839 3991 ὅντων
2892 3939 3169 4009 ἀλήθειαν)
3196 3956 3209 3968 ·
3262 3939 3541 4006 ἀνοίγεται
3611 3941 3680 3993 δὲ
3731 3939 3781 3992 ιδ

2185 4026 2502 4080 ἀκουστικὸν
2551 4029 2937 4099 αίσθητήριον,
2996 4029 3064 4082 δι’
3105 4024 3166 4084 οὗ
3215 4030 3320 4082 τῶν
3361 4029 3642 4100 άρῤήτων
3692 4033 3782 4082 ἐπ·

2185 4116 2372 4172 ακούει
2403 4116 2682 4188 ῥημάτων,
2704 4118 2741 4172 ἀ
2765 4119 2864 4172 οὐκ
2891 4118 3009 4185 ἐξὸν
3025 4118 3288 4190 ἀνθρώπῳ
3302 4117 3570 4186 λαλῆσαι,
3596 4119 3782 4182 καθὼς

2185 4224 2348 4279 φησιν
2378 4209 2406 4261 ὁ
2439 4207 2778 4272 Ἀπόστολος·
2811 4209 3083 4278 ἀνοίγεται
3103 4210 3159 4262 δὲ
3189 4207 3246 4262 τὸ
3275 4207 3472 4278 στόμα,
3497 4211 3611 4265 καὶ
3646 4213 3788 4263 ἕλκει

513 4309 623 4364 quo
650 4297 872 4349 exaudit
921 4309 1124 4349 arcana
1156 4297 1320 4351 verba
1345 4337 1359 4361 ,
1399 4312 1522 4366 qum
1562 4313 1672 4350 non
1704 4298 1868 4361 licet.
1906 4305 1965 4356 ut
2005 4298 2081 4351 ait

2200 4298 2244 4351 ιδ
2297 4299 2536 4371 καθαρόν
2583 4315 2642 4352 τε
2692 4300 2786 4353 καὶ
2827 4301 2987 4354 ἀῦλον
3042 4300 3280 4370 πνεῦμα,
3328 4299 3393 4352 δι’
3432 4300 3461 4353 δ
3505 4302 3784 4358 ,τονοῦτσι

512 4386 846 4455 Apostolus,
898 4387 1103 4442 homini
1159 4387 1381 4456 loqui‘;
1419 4403 1482 4441 os
1529 4389 1943 4458 patefieri,quo
1993 4405 2084 4459 pu-

511 4493 658 4540 rum,
692 4491 720 4530 a
753 4477 1090 4545 materiaque
1127 4478 1362 4531 alienum
1399 4479 1584 4532 haurit
1642 4481 1918 4547 spiritum,
1989 4496 2085 4550 per

512 4584 683 4638 quem
723 4568 789 4621 ad
846 4568 1010 4620 verba
1064 4568 1308 4621 cmlestia
1340 4609 1355 4633 ,
1418 4585 1716 4639 verumque
1774 4586 2082 4626 sermonem

508 4659 778 4724 edendum
806 4656 1183 4717 confirmatur,
1218 4672 1341 4710 cum
1372 4667 1692 4719 sanctorum
1739 4661 2082 4735 canentium,

509 4760 566 4803 et
601 4749 800 4803 choros
850 4747 1246 4801 celebrantium
1297 4762 1524 4802 numero
1557 4747 1826 4804 admistus
1877 4748 2081 4804 fuerit:

507 4837 755 4892 divinum
787 4840 914 4891 item
947 4836 1203 4906 gustandi
1238 4850 1460 4891 sensum
1488 4835 1688 4901 tribui,
1740 4850 1870 4906 quo,
1934 4845 1993 4890 ut
2029 4835 2084 4890 in

505 4928 741 4984 Psalmis
765 4927 1037 4998 proditum
1069 4937 1152 4985 est
1170 4930 1210 4994 ⁵,
1244 4929 1491 5000 percipit,
1521 4929 1722 4984 bonum
1757 4944 1879 4984 esse
1900 4927 2086 4982 Domi.-

505 5035 637 5076 nnm
672 5040 685 5075 :
721 5022 1010 5076 odoratum
1045 5032 1307 5091 praeterea
1339 5021 1500 5092 talem
1535 5020 1679 5087 dari,
1732 5035 1844 5089 quo
1872 5019 2082 5074 ϐίη-ἱειί

509 5113 726 5167 fruatur
759 5114 1074 5168 suavitate:
1118 5126 1343 5182 eamque
1388 5111 1645 5181 tangendi
1685 5111 1816 5176 vim,
1858 5126 1964 5180 qua
1993 5125 2082 5163 ve-

505 5208 726 5260 ritatem
777 5205 993 5260 animus
1060 5203 1458 5272 apprehendit,
1498 5213 1552 5258 et
1600 5201 1838 5258 Verbum
1897 5202 2076 5271 ipsum

505 5304 848 5360 contrectat,
905 5300 967 5350 ut
1011 5291 1249 5348 Joannes
1295 5294 1590 5350 testatur".
1649 5293 1804 5360 Quod
1852 5293 1898 5347 si
1940 5291 2076 5356 hanc,

503 5394 558 5443 et
589 5388 695 5441 alia
741 5387 1014 5456 ejusmodi
1065 5397 1190 5458 post
1246 5371 1448 5445 mortis
1485 5397 1698 5457 partum
1761 5385 2076 5457 hominibus

2181 4387 2317 4459 πρὸς
2357 4389 2455 4459 τὴν
2508 4389 2701 4460 νοητὴν
2747 4390 2928 4460 φωνὴν
2983 4392 3077 4446 καὶ
3123 4392 3215 4444 τὸν
3277 4381 3565 4461 ἀληθινὸν’
3606 4394 3787 4462 λόγοι.

2180 4481 2308 4534 ὅταν
2358 4479 2668 4551 καταμιχθῇ
2720 4481 2796 4553 τῷ
2846 4482 2964 4552 ἤχῳ
3015 4482 3121 4535 τῶν
3168 4481 3542 4552 ἑορταζόντων
3599 4487 3665 4540 ὲν
3721 4482 3788 4549 τῷ

2184 4570 2296 4622 τῶν
2344 4570 2512 4638 ἁγίων
2567 4571 2746 4642 χορῷ·
2799 4570 2946 4630 οὕτω
2991 4572 3046 4624 δὲ
3099 4573 3193 4625 καὶ
3237 4572 3474 4640 γεύσεως
3529 4574 3791 4639 ἀξιοῦται

2182 4661 2353 4725 θείας,
2405 4662 2472 4714 δι’
2519 4656 2586 4732 ἧς
2639 4660 2898 4729 γινώσκει
2961 4662 3102 4716 κατά
3154 4662 3254 4732 τὴν
3297 4662 3664 4732 ψαλμῳδίαν,
3716 4665 3793 4715 ὅτι

2182 4752 2415 4826 χρηστὸς
2445 4754 2472 4805 ὁ
2497 4753 2721 4822 Κύριος
2754 4754 2847 4807 καὶ
2868 4753 3070 4823 διάτῆς
3091 4753 3458 4826 ὀσφραντικῆς
3485 4754 3798 4826 ἐνεργείας

2181 4843 2279 4914 τῆς
2310 4842 2402 4896 τοῦ
2447 4843 2683 4914 Χριστοῦ
2728 4843 2952 4906 εὐωδίας
2995 4842 3449 4912 ἀντιλαμϐάνεται
3475 4859 3490 4871 ·
3558 4846 3660 4897 καὶ
3698 4840 3799 4909 τὴν

2181 4934 2417 5003 άπτικὴν
2441 4934 2848 5006 προσλαμϐάνει
2877 4933 3127 5004 δύναμιν,
3147 4933 3501 5004 ἐφαπτομένη
3526 4935 3636 5005 τῆς
3666 4931 3808 5001 ἁλη-

2183 5023 2335 5086 θείας
2369 5026 2401 5093 ἡ
2433 5023 2601 5094 ψυχὴ,
2638 5026 2733 5079 καὶ
2775 5024 3080 5094 ψηλαφῶσα
3134 5024 3224 5078 τὸν
3264 5023 3458 5092 Λόγον,
3483 5024 3644 5076 κατά
3695 5023 3812 5092 τὴν

2193 5114 2438 5168 Ἰωάννου
2469 5115 2796 5188 μαρτυρίαν.
2828 5117 2892 5170 Et
2917 5113 3087 5170 ταῦτα
3122 5115 3300 5169 τοίνυν
3330 5115 3426 5166 καὶ
3446 5113 3524 5166 τὰ
3551 5113 3823 5168 τοιαῦτα

2183 5204 2321 5274 μετά
2359 5204 2449 5259 τὸν
2482 5204 2569 5257 διὰ
2599 5205 2690 5258 τοῦ
2720 5205 2946 5264 θανάτου
2987 5202 3137 5258 τέκον
3164 5206 3276 5266 τοῖς
3301 5201 3620 5274 ἀνθρώποις
3653 5204 3818 5256 ἀπύ-

2181 5312 2380 5360 κειται,
2417 5296 2470 5350 τί
2518 5295 2765 5367 βούλεται
2791 5297 2851 5351 τὸ
2880 5296 3097 5360 πένθος,
3134 5295 3241 5349 καὶ.
3271 5295 3306 5365 ἡ
3348 5292 3824 5365 σκυθρωπότης,

2182 5389 2275 5440 καὶ
2309 5390 2341 5458 ἡ
2383 5389 2689 5459 κατήφειας
2724 5388 2838 5443 Νῦν
2859 5391 2990 5460 ἡμῖν
3016 5390 3044 5442 ὁ
3080 5387 3213 5458 πρὸς
3239 5385 3338 5455 τὴν
3366 5385 3472 5437 τῶν
3505 5391 3824 5459 πραγμά.

573 5564 597 5597 ⁵
621 5563 661 5618 ιι
692 5564 818 5622 Cor.
853 5582 953 5636 χιι,
993 5566 1046 5622 Δ.
1090 5567 1109 5599 ⁸
1144 5565 1291 5624 Psal.
1327 5580 1493 5633 cxvii,
1530 5564 1584 5631 ἢ,
1619 5565 1670 5616 5.
1751 5565 1770 5595 ⁸
1806 5562 1823 5616 l
1863 5561 2021 5620 Joan.
2059 5579 2099 5628 ι,
2132 5562 2184 5620 1.
