3896 6204
216 189 300 246 517
946 191 960 208 '
1581 185 1670 241 BI.
1707 185 1767 240 Ml

1870 181 2038 240 I'UIS.

3337 189 3451 248 5l8

213 322 300 360 των
343 301 514 373 φύσιν
557 301 776 373 βλέπων
819 302 1230 375 ἀποκρινέσθω,
1278 305 1331 358 εἰ
1377 303 1766 376 προτιμότερον

1870 297 2110 368 reposita
2159 304 2310 362 sunt,
2357 296 2490 367 quid
2525 296 2628 352 sibi
2659 297 2776 352 vult
2807 297 2988 356 luctus
3011 339 3027 363 ,
3056 306 3111 355 et
3134 315 3372 368 maror,
3397 314 3456 361 et

208 397 352 451 οίετιιι
377 394 446 448 τὸ
475 395 591 458 τοίς
622 397 955 464 σωματικοῐς
977 394 1351 468 αἰσθητηρίοις
1388 396 1517 467 περί
1552 394 1653 466 τὴν
1675 392 1769 448 τοῦ

206 485 350 544 καλοῦ
381 487 570 558 κρίσιν
591 485 1009 551 διαπλανᾶσθαι,
1034 485 1128 540 τοῦ
1153 484 1344 557 γυμνῷ
1365 485 1446 556 τῷ
1471 486 1570 556 τῆς
1595 484 1773 554 ψυχῆς

200 578 457 649 ὀφθαλμῷ
494 577 628 648 πρὸς
669 576 841 649 αὐτὴν
881 579 983 649 τὴν
1013 579 1122 632 τῶν
1172 578 1512 648 πραγμάτων
1557 576 1774 648 βλέπειν

197 669 471 740 ἀλήθειαν.
520 666 779 722 Ἐνταῦθα
810 668 920 738 γὰρ
958 669 1170 740 ἀνάγκη
1200 685 1285 732 τις
1323 668 1510 721 ἔπεστι
1537 671 1599 738 τῇ
1626 667 1770 738 ψυχῇ

194 758 448 830 ἀλλοτρίᾳ
474 756 653 828 κρίσει
682 757 955 810 δουλεύειν
984 759 1042 810 ὲν
1066 761 1130 830 τῇ
1162 757 1290 829 περὶ
1319 757 1414 811 τοῦ
1446 757 1609 811 καλοῦ
1637 757 1772 810 ὑπο-

192 849 321 918 νοίᾳ.
365 846 588 918 Ἐπειδὴ
614 847 726 918 γὰρ
750 847 783 916 ή
819 846 1001 902 τελεία
1034 847 1134 916 τῆς
1155 847 1334 918 ψυχῆς
1361 846 1586 918 δύναμις
1623 845 1772 916 ἀχώ-

192 937 346 1008 ρητός
389 937 540 990 ἐστιν
587 937 685 990 ἐπὶ
717 936 796 1007 τῷ
840 938 1161 1008 νηπιάζοντι
1204 937 1438 1009 σώματι,
1469 940 1504 1008 ἡ
1563 937 1621 991 δὲ
1661 937 1770 992 τῶν

191 1026 556 1098 αἰσθητηρίων
599 1026 851 1096 ἐνέργεια
893 1027 1054 1092 εὐθὺς
1088 1029 1270 1084 τελεία
1303 1029 1381 1099 τῷ
1411 1028 1601 1100 βρέφει
1644 1046 1768 1083 συν-

191 1117 568 1171 αποτίκτεταιο
623 1117 812 1170 τούτου
851 1118 1011 1190 χάριν
1060 1119 1500 1189 προλαμϐάνεται
1531 1119 1635 1175 ὑπὸ
1672 1121 1770 1191 τῆς

192 1208 490 1278 αἰσθήσεως
514 1210 548 1278 ἡ
572 1207 780 1262 διάνοια
812 1210 871 1262 ὲν
910 1213 976 1280 τῇ
1004 1209 1099 1264 τοῦ
1145 1210 1311 1264 καλοῦ
1343 1211 1538 1282 κρίσει,
1574 1213 1666 1265 καὶ
1705 1212 1769 1266 τὸ

191 1304 296 1364 τοῖς
316 1300 695 1370 αἰσθητηρίοις
717 1301 883 1368 φανὲν
908 1301 1005 1372 ἤδη
1027 1301 1122 1355 καὶ
1142 1301 1394 1372 νομισθὲν
1416 1298 1553 1357 εἶναι
1581 1303 1765 1369 καλὸν,

191 1390 281 1446 καὶ
319 1390 406 1444 διὰ
441 1389 734 1460 συνηθείας
765 1388 1220 1463 προειλημμένον,
1269 1392 1645 1458 ἀϐασανίστως
1684 1395 1768 1448 δέ-

189 1499 340 1552 χεται
366 1484 400 1551 ἡ
427 1481 574 1552 ψυχὴ
603 1483 801 1545 έκεῖνο,
837 1482 998 1536 καλὸν
1029 1480 1167 1538 εἶναι
1195 1486 1496 1554 πεισθεῖσα,
1533 1487 1669 1558 ὅπερ
1699 1486 1765 1540 ἂν

190 1574 531 1644 προλαϐοῦσα
561 1575 1082 1648 προσμαρτυρήσηὴ
1119 1576 1387 1648 αἴσθησις,
1423 1580 1481 1631 ὲν
1509 1579 1764 1649 χρώμασί

191 1639 300 1717 τισι
342 1666 436 1719 καὶ
472 1639 674 1735 χυμοῖς·
706 1639 802 1720 καί
830 1639 953 1731 τοίς.
988 1639 1474 1741 τοιούτοιςΠλήροις
1599 1639 1762 1726 καλὸν
1794 1639 1841 1700 Β

144 1739 159 1760 ’
194 1756 475 1828 θεωροῦσα
497 1771 512 1786 ⁸
561 1751 634 1811 ὧν
673 1759 872 1830 μηκέτι
903 1739 1522 1832 προφαινομένωνμετά
1557 1765 1656 1834 τὴν
1701 1767 1766 1820 ὲκ

193 1847 290 1900 τοῦ
320 1847 564 1918 σώματος
589 1849 783 1916 ἔξοδον,
812 1851 1025 1924 ἀνάγκη
1060 1856 1209 1908 πᾶσα
1235 1855 1295 1908 τὸ
1321 1855 1535 1926 ἀληθῶς
1562 1857 1764 1927 ἀγαθὸν

197 1943 264 2010 τῇ
323 1941 460 2012 ψυχῇ
508 1946 758 2013 φανῆναι,
805 1945 940 2015 πρὸς
986 1947 1015 1999 ὃ
1076 1947 1217 2000 κατά
1258 1948 1418 2017 φύσιν
1469 1949 1761 2019 ᾠκείωται.

195 2029 330 2083 Οὔτε
359 2029 460 2102 γάρ
491 2031 624 2102 πρὸς
653 2032 714 2086 τὸ
746 2031 973 2104 εὖχρουν
1012 2034 1092 2088 ἔτι
1119 2037 1149 2106 ἠ
1181 2036 1302 2106 δψις
1323 2037 1761 2110 δελεασθήσεται,

192 2119 286 2174 τοῦ
311 2121 582 2192 ὀφθαλμοῦ
621 2123 813 2177 τούτου
844 2126 1041 2196 μηκέτι
1077 2125 1229 2191 ὄντος
1250 2144 1263 2157 ·
1306 2127 1432 2183 οὔτε
1473 2130 1608 2201 πρὸς
1638 2131 1767 2186 ἄλλο

190 2227 240 2264 τι
269 2211 376 2264 τῶν
405 2213 948 2282 καταγλυκαινόντων
973 2215 1042 2272 τὰ
1083 2217 1408 2291 αἰσθητήρια
1441 2223 1474 2292 η
1501 2223 1764 2295 ἰσοῤῥοπὴ

190 2304 284 2374 τῆς
303 2307 677 2376 προαιρέσεως
705 2307 879 2374 ἔσται,
913 2309 1093 2381 πάσης
1116 2313 1437 2382 σωματικῆς
1462 2314 1764 2385 αἰσθήσεως

188 2394 620 2468 ἀποσϐεσθείσης
635 2415 649 2428 ’
680 2399 847 2472 μόνης
868 2400 924 2454 δὲ
947 2401 1046 2472 τῆς
1067 2405 1258 2473 νοερᾶς
1291 2405 1566 2473 ἐνεργείας
1587 2405 1765 2471 ἀΰλως

191 2503 241 2540 τε
268 2489 362 2542 καὶ
401 2489 711 2560 ἀσωμάτως
737 2493 830 2546 τοῦ
860 2492 1052 2564 νοητοῦ
1100 2494 1330 2558 κάλλους
1360 2497 1763 2568 ἐφαπτομένης,

189 2579 479 2642 ἀκωλύτως
522 2581 555 2650 ἡ
595 2581 756 2650 φύσις
795 2583 856 2637 τὸ
903 2584 1032 2638 ἴδιον
1071 2577 1409 2656 ἀπολήψεται
1462 2585 1685 2654 ἀγαθὸν,
1736 2587 1765 2640 6

191 2670 322 2739 μήτε
367 2671 591 2742 χρῶμα,
654 2674 795 2744 μήτε
841 2673 1049 2744 σχῆμα,
1089 2676 1227 2746 μήτε
1273 2676 1576 2741 διάστασις,
1631 2679 1767 2750 μήτε

188 2763 489 2833 πηλικότης
516 2766 685 2827 ὲστίν,
713 2765 828 2818 ἀλλ’
855 2766 884 2819 ὃ
917 2767 1096 2821 πᾶσαν
1125 2769 1481 2840 στοχαστικὴν
1522 2770 1767 2823 εἰκασίαν

191 2856 544 2926 παρέρχεται.
575 2855 642 2910 Τί
665 2853 781 2922 οὖν,
813 2857 942 2921 ἴσως
969 2861 1082 2929 ὲρεί
1111 2876 1195 2922 τις
1231 2859 1594 2930 δυσχεραίνων
1632 2862 1769 2931 πρὸς

1871 387 2148 460 squalor?
2183 387 2572 458 Respondeant
2613 389 2704 444 bie
2734 389 2894 446 nobis
2931 391 3024 461 qui
3067 407 3248 447 rerum
3296 405 3458 449 natu-

1871 495 1990 536 ram
2049 479 2379 550 explorant,
2427 488 2614 535 utrum
2687 483 2885 538 melius
2940 493 3170 554 putent,
3207 485 3263 540 in
3309 486 3456 541 bono

1871 570 2226 640 dijudicando
2259 573 2542 642 corporeis
2590 573 2844 629 sensibus
2899 574 3111 646 decipi,
3155 591 3226 631 an
3277 577 3455 632 oculis

1872 663 2039 717 animi
2073 663 2356 717 veritatem
2384 664 2559 733 ipsam
2592 666 2858 734 aspicere.
2907 663 3006 720 Hic
3043 667 3212 734 enim,
3248 668 3304 722 ni
3352 669 3453 724 bo-

1871 770 2004 809 num
2033 754 2216 823 ipsum
2259 754 2478 809 anim-us
2521 755 2844 823 discernat,
2897 760 3074 813 alieno
3118 760 3325 828 judicio
3354 777 3452 816 eo-

1873 847 2022 916 gitur
2081 846 2372 901 inservire.
2439 845 2650 900 Etenim
2711 863 2834 902 cum
2908 851 3207 919 perfectam
3276 853 3452 920 ipsius

1869 938 1980 994 vim
2043 952 2247 1008 corpus
2331 953 2525 994 recens
2595 950 2990 1009 compactum,
3052 956 3117 995 ac
3173 945 3456 1012 pueriliter

1870 1043 2042 1100 agens
2093 1044 2290 1100 capere
2344 1037 2600 1098 nequeat,
2652 1031 2890 1099 perfecta
2953 1041 3132 1087 autem
3193 1049 3453 1087 sensuum

1869 1123 2017 1176 actio
2061 1122 2224 1176 simul
2257 1137 2379 1176 cum
2416 1121 2626 1176 infante
2687 1135 2975 1187 nascatur,
3022 1124 3081 1178 ﬁt
3127 1133 3185 1178 ut
3221 1126 3274 1178 in
3306 1125 3457 1194 judi—

1869 1214 2047 1268 cando
2085 1214 2230 1268 bono
2269 1228 2468 1268 sensus
2507 1214 2745 1267 animum
2786 1225 3134 1283 prrevertant,
3178 1226 3252 1282 et,
3303 1219 3448 1288 quod

1867 1305 2125 1361 sensibus
2158 1305 2360 1358 bonum
2405 1305 2742 1373 apparuerit,
2778 1305 2960 1358 animo
3009 1321 3224 1375 quoque
3269 1309 3453 1361 videa-

1867 1403 1977 1450 tur.
2060 1395 2248 1464 Itaque
2327 1404 2550 1464 propter
2610 1396 2916 1449 institutam
2996 1395 3451 1451 consuetudinem

1866 1489 2088 1542 animus
2127 1487 2531 1541 inconsiderate
2579 1495 2638 1540 ut
2697 1489 2898 1544 bonum
2953 1489 3299 1557 amplectitur
3346 1489 3398 1542 id
3432 1527 3449 1550 ,

1869 1579 2014 1648 quod
2068 1593 2265 1634 sensus
2310 1579 2532 1643 colore,
2569 1589 2620 1632 et
2662 1594 2848 1644 succo,
2899 1590 2953 1633 et
3007 1581 3132 1634 aliis
3179 1578 3448 1648 ejusmodi

1870 1669 2147 1726 illecebris
2188 1669 2387 1722 bonum
2441 1661 2752 1724 dimetiens"
2785 1671 3098 1725 testimonio
3151 1685 3252 1725 suo
3298 1686 3452 1725 com-

1869 1762 2134 1831 probarit.
2167 1759 2380 1826 Quibus
2419 1769 2541 1831 post
2587 1761 2892 1816 discessum
2933 1778 2965 1816 a
3009 1776 3239 1829 corpore
3267 1762 3452 1816 subla-

1868 1853 1967 1917 tis,
2015 1866 2242 1907 necesse
2283 1859 2396 1912 est,
2441 1859 2499 1904 ut
2547 1853 2764 1905 animus
2806 1853 2858 1904 id
2905 1866 3032 1906 vere
3084 1853 3283 1906 bonum
3332 1851 3450 1905 exi-

1868 1944 2092 2006 stimet,
2143 1943 2288 2012 quod
2348 1943 2630 2012 proprium
2686 1942 2792 2011 ipsi
2860 1949 2914 1997 et
2972 1951 3166 1996 natura
3218 1941 3450 2010 conjun-

1867 2041 2017 2085 ctum
2050 2039 2156 2086 est.
2215 2029 2401 2099 Neque
2452 2032 2596 2084 enim
2651 2032 2886 2100 amplius
2940 2031 3168 2100 pulchra
3247 2032 3450 2087 coloris

1868 2122 2050 2191 specie
2080 2121 2342 2175 illicietur
2370 2121 2618 2186 obtutus,
2647 2122 2916 2191 ademptis
2943 2121 3056 2191 jam
3105 2123 3318 2178 oculis:
3348 2138 3450 2179 nec

1869 2212 2020 2268 aliud
2066 2213 2368 2283 quidquam
2399 2229 2614 2279 eorum,
2646 2230 2768 2284 qua:
2817 2231 3038 2271 sensum
3083 2217 3400 2270 demulcent
3427 2255 3444 2282 ,

1866 2305 2128 2375 eligetur,
2161 2305 2420 2360 omnibus
2451 2309 2730 2374 corporeis
2771 2307 3027 2362 sensibus
3075 2307 3276 2361 ablatis
3304 2347 3320 2372 ,
3357 2323 3447 2360 re-

1869 2397 2110 2468 lictaque
2156 2398 2272 2452 sola
2320 2400 2520 2454 mentis
2552 2400 2768 2454 actione
2817 2402 3058 2455 materiae
3095 2411 3148 2455 et
3195 2401 3448 2470 corporis

1869 2496 2118 2559 experte,
2164 2489 2407 2544 divinam
2449 2491 2906 2560 pulchritudinem
2931 2492 3444 2561 comprehendente,

1869 2583 1988 2639 sine
2038 2581 2152 2635 ullo
2197 2581 2588 2652 impedimento
2641 2591 2838 2636 natura
2888 2584 3166 2653 proprium
3236 2584 3442 2638 bonum

1869 2673 2150 2745 percipiet,
2187 2674 2332 2744 quod
2365 2689 2466 2728 nec
2493 2674 2644 2728 color
2668 2685 2752 2728 est
2785 2713 2802 2739 ,
2848 2689 2948 2728 nec
2979 2677 3148 2745 ﬁgura
3181 2714 3195 2738 ,
3233 2689 3333 2729 nec
3365 2676 3450 2728 in-

1867 2765 2179 2827 tervallum,
2241 2779 2342 2820 nec
2371 2766 2653 2834 quantitas
2677 2805 2690 2827 ,
2722 2765 2815 2821 sed
2851 2779 3066 2819 onmem
3116 2766 3448 2833 conjecturae

1868 2855 2281 2910 similitudinem
2317 2866 2560 2926 superat.
2614 2857 2727 2910 Cur
2772 2856 2959 2925 igitur,
3001 2857 3211 2927 inquiet
3240 2859 3447 2928 aliquis

192 2944 280 3013 τὴν
307 2945 591 3016 παροῦσαν
619 2946 800 3020 (milia;
833 2948 919 3001 ἴνα
959 2954 1012 3002 τί
1053 2949 1115 3002 τὸ
1139 2950 1320 3021 σῶμα,
1349 2951 1443 3004 καὶ
1470 2951 1590 3004 ἀντὶ
1623 2951 1764 3015 τίνος

1871 2946 2163 3015 prasentis
2198 2947 2321 3001 vitae
2348 2947 2571 3002 miseria
2600 2947 2814 3011 dolens,
2850 2946 3052 3002 factum
3102 2957 3188 3002 est
3216 2963 3442 3017 corpus,

194 3038 334 3105 ἡμῖν,
365 3037 530 3108 εἴπερ
576 3038 800 3108 ἄμεινον
837 3041 866 3094 6
893 3041 1061 3112 χωρὶς
1098 3039 1287 3095 τούτου
1321 3041 1433 3112 βίος
1470 3042 1764 3112 ἀπεδείχθη

191 3129 261 3198 τῷ
291 3130 473 3200 λόγῳ;
503 3132 647 3202 Πρὸς
668 3131 727 3186 δν
753 3131 1017 3204 ἐροῦμεν,
1045 3133 1127 3187 ὅτι
1155 3135 1218 3188 οὐ
1249 3135 1443 3206 μικρόν
1466 3136 1581 3190 ἐστι
1617 3138 1678 3190 τὸ
1703 3139 1766 3190 ἐκ

192 3221 390 3274 τούτων
422 3222 612 3292 κέρδος
634 3225 746 3287 τοῖς
771 3223 1088 3295 δυναμένοις
1113 3227 1193 3290 εἰς
1217 3227 1399 3280 πᾶσαν
1427 3225 1640 3296 βλέπειν
1667 3227 1766 3296 τὴν

192 3311 497 3383 οἰκονομίαν
545 3313 648 3381 τῆς
694 3313 928 3384 φύσεως.
969 3315 1256 3387 Μακάριος
1302 3317 1402 3387 μὲν
1453 3317 1561 3388 γὰρ
1599 3318 1767 3381 δντως

190 3403 394 3467 ἐκεῖνος
433 3404 542 3457 τῶν
569 3405 818 3474 ἀγγέλων
844 3408 873 3460 6
895 3406 1027 3476 βίος,
1056 3409 1086 3462 6
1130 3408 1296 3480 μηδὲν
1331 3408 1426 3463 τοῦ
1453 3409 1765 3479 σωματικοῦ

187 3496 580 3566 προσδεόμενος
606 3497 824 3568 βάρους.
869 3499 944 3553 Οὐ
994 3500 1101 3570 μὴν
1131 3499 1252 3553 οὐδὲ
1287 3491 1437 3563 οὗτος
1472 3500 1768 3571 ἀσυντελὴς

189 3583 271 3646 ὡς
309 3585 440 3656 πρὸς
467 3589 675 3642 ἐκεῖνόν
703 3589 872 3644 ἔστιν.
916 3589 1063 3655 Ὁδὸς
1091 3590 1198 3662 γὰρ
1223 3591 1359 3663 πρὸς
1391 3592 1451 3646 τὸ
1475 3591 1766 3662 ἐλπιζόμε-

189 3691 286 3728 νον
326 3680 354 3730 6
391 3677 583 3732 παοὼν
617 3679 825 3748 γίνεται
873 3680 1006 3752 βίος.
1043 3681 1311 3754 Καθάπερ
1353 3685 1448 3737 ἐπὶ
1488 3683 1596 3738 τῶν
1638 3683 1767 3754 βλα-

189 3783 488 3838 στηματων
531 3771 676 3824 ὶστιν
726 3771 883 3825 ἰδεῖνο
929 3773 1016 3842 ἐφ’
1063 3767 1139 3828 ὧν
1178 3777 1207 3828 6
1251 3777 1460 3846 καρπὸς
1512 3777 1619 3830 ἀπὸ
1672 3777 1766 3830 τοῦ

185 3857 386 3921 ἄνθους
421 3859 735 3928 ἀρξάμενος,
767 3864 836 3916 δι’
863 3865 1028 3919 αὐτοῦ
1057 3864 1305 3936 πρόεισιν
1337 3869 1416 3930 είς
1435 3867 1496 3921 τὸ
1514 3867 1767 3936 γενέσθαι

183 3951 434 4021 καρπὸς,
476 3952 579 4005 κᾶν
622 3953 692 4025 μὴ
736 3957 947 4028 καρπὸς
1057 3958 1118 4012 τὸ
1155 3957 1336 4022 ἄνθος.
1385 3959 1546 4013 Ἀλλά
1579 3960 1672 4014 καὶ
1698 3960 1769 4013 τὰ

183 4043 325 4112 λήἰα
371 4042 484 4097 τῶν
529 4049 854 4118 σπερμάτων
884 4049 1222 4120 ὲκφυόμενα,
1261 4051 1362 4104 οὐκ
1400 4050 1561 4114 εὐθὺς
1593 4051 1650 4104 ὲν
1691 4047 1768 4122 τῷ

185 4140 388 4204 στάχυϊ
439 4138 725 4205 φαίνεται,
776 4140 910 4193 ἀλλὰ
944 4141 1136 4210 χόρτος
1184 4141 1244 4195 τὸ
1299 4141 1516 4214 πρῶτον
1556 4142 1768 4209 γίνεται

186 4223 516 4297 βλάστημα,
566 4227 686 4282 εἷτα
743 4231 850 4284 ἀπὸ
909 4231 1100 4285 τούτου
1157 4233 1376 4303 καλάμη
1432 4232 1765 4298 συνίσταται,

1867 3045 1960 3092 aut
1998 3051 2102 3093 cur
2145 3039 2305 3094 nobis
2337 3039 2547 3103 datum,
2581 3040 2850 3111 siquidem
2877 3078 2894 3104 ,
2939 3049 2998 3096 ut
3043 3041 3283 3097 ostendit
3323 3056 3447 3095 ora-

1869 3131 1948 3184 tio
1977 3139 2092 3196 tua,
2126 3131 2237 3186 vita
2262 3131 2332 3186 ab
2360 3131 2456 3185 illo
2483 3130 2729 3200 sejuncta
2776 3135 3120 3201 praestantior
3147 3141 3232 3188 est
3259 3133 3282 3185 ?
3308 3131 3448 3188 Huic

1866 3224 2342 3291 respondebimus,
2392 3237 2501 3276 non
2546 3236 2774 3292 parvum
2812 3237 2877 3276 ex
2920 3223 3012 3276 illo
3042 3222 3252 3276 lucrum
3290 3237 3448 3279 acco-

1866 3313 2018 3378 dere,
2069 3315 2112 3368 si
2153 3318 2278 3384 quis
2309 3331 2528 3370 omnem
2572 3325 2782 3370 natura:
2829 3315 3076 3370 ordinem
3105 3315 3436 3369 consideret.

1869 3407 2036 3464 Beata
2070 3409 2288 3478 quidem
2319 3417 2406 3466 est
2451 3409 2542 3465 illa
2597 3409 2915 3480 angelorum
2950 3409 3062 3463 vita
3083 3448 3098 3472 ,
3140 3423 3264 3478 quae
3291 3409 3446 3463 nullo

1867 3508 1988 3570 eget
2043 3501 2288 3570 corporis
2325 3502 2581 3572 pondere.
2623 3502 2877 3557 Attamen
2908 3515 3084 3572 neque
3134 3501 3280 3567 haec,
3311 3516 3450 3568 qua-

1865 3599 2030 3646 tenus
2058 3590 2127 3645 ad
2157 3591 2304 3645 illam
2331 3591 2606 3663 dirigitur,
2647 3599 2733 3647 est
2780 3591 3118 3662 imperfecta.
3151 3589 3246 3647 Est
3294 3591 3443 3646 enim

1871 3697 2115 3754 praesens
2171 3682 2281 3736 vita
2328 3691 2590 3753 tanquam
2644 3683 2732 3738 via
2780 3681 3029 3753 quaedam
3078 3697 3178 3738 nos
3231 3683 3443 3739 ducens

1869 3775 1935 3828 ad
1969 3775 2021 3828 id
2069 3773 2216 3844 quod
2259 3789 2560 3843 speramus.
2608 3773 2679 3829 Ut
2722 3774 2778 3829 in
2826 3755 3114 3829 arboribus
3157 3774 3442 3830 videmus:

1869 3865 1926 3919 in
1957 3864 2158 3932 quibus
2218 3879 2344 3918 cum
2389 3864 2603 3920 fructus
2634 3880 2664 3918 a
2699 3865 2832 3920 ﬂore
2865 3864 3196 3936 principium
3245 3865 3444 3929 ducat,

1871 3971 1968 4027 per
1996 3957 2174 4026 ipsum
2215 3955 2403 4011 ﬂorem
2431 3973 2499 4012 eo
2545 3957 2912 4028 progreditur,
2952 3964 3012 4011 ut
3060 3956 3272 4012 fructus
3309 3956 3402 4011 ﬁat
3426 4000 3441 4023 ,

1870 4049 1996 4104 licet
2020 4048 2120 4104 ﬂos
2159 4063 2267 4104 non
2297 4049 2369 4103 sit
2402 4047 2631 4104 fructus.
2671 4049 2738 4102 Et
2785 4050 2916 4118 ipsae
2944 4057 3154 4115 segetes
3177 4088 3191 4111 ,
3225 4063 3347 4116 quae
3372 4062 3440 4101 ex

1869 4141 2173 4197 seminibus
2217 4141 2576 4209 proveniunt,
2614 4155 2722 4192 non
2763 4140 2945 4192 statim
3003 4140 3208 4207 spicam
3259 4145 3447 4193 osten-

1874 4242 2031 4299 tant,
2070 4233 2164 4288 sed
2210 4231 2377 4286 herba
2412 4233 2645 4300 primum
2697 4230 3012 4293 enascitur,
3063 4229 3261 4283 deinde
3323 4231 3444 4284 cu!-

181 4318 621 4391 περιφθαρέντος
647 4321 742 4374 τοῦ
768 4323 960 4393 χόρτου
982 4339 996 4354 ο
1031 4324 1126 4376 καὶ
1168 4322 1310 4377 οὕτω
1333 4326 1397 4403 τῇ
1423 4323 1632 4395 κεφαλῇ
1671 4323 1767 4378 τοῦ

1874 4341 1996 4381 mus
2047 4325 2215 4381 herba
2275 4333 2528 4392 corrupta
2581 4323 2907 4393 consurgit,
2943 4327 3058 4375 tum
3118 4320 3172 4374 in
3229 4335 3446 4376 summa

174 4409 458 4480 ἀστάχυος
487 4415 516 4466 6
545 4414 755 4483 καρπὸς
780 4414 1196 4484 ὲμπεπαίνεται.

249 4501 410 4572 Πλὴν
438 4504 541 4557 οὐκ
565 4506 803 4559 αἰτιᾶται
828 4505 924 4576 τὴν
953 4507 1257 4574 ἀναγκαίαν
1281 4507 1488 4579 ταύτην
1519 4506 1768 4579 περίοδόν

168 4610 240 4646 τε
271 4596 373 4648 καὶ
396 4595 722 4650 ἀκολουθίαν
747 4598 775 4649 6
805 4597 1089 4666 γεηπὸνος,
1108 4597 1208 4652 Διά
1227 4599 1301 4663 τί,
1323 4599 1516 4668 λέγων,
1541 4599 1647 4671 πρὸ
1673 4598 1767 4653 τοῦ

80 4744 92 4754 ,
171 4686 408 4757 καρποῦ
439 4689 536 4741 καὶ
570 4687 768 4754 ἀνθος;
807 4687 840 4758 ἢ
876 4689 1018 4760 ὑπὲρ
1039 4688 1181 4754 τίνος
1201 4692 1230 4744 6
1251 4693 1316 4743 ὲκ
1332 4690 1426 4744 τοῦ
1457 4691 1772 4763 σπέρματος

166 4780 605 4850 προανατέλλων
632 4781 856 4851 χόρτος,
888 4780 942 4834 εί
966 4798 1030 4849 γε
1065 4781 1160 4835 καὶ
1215 4782 1276 4835 τὺ
1300 4782 1460 4846 ἄνθος
1491 4781 1774 4852 ἀπορρέει,

1874 4420 2029 4490 spica
2059 4433 2286 4490 granum
2330 4418 2631 4488 perﬁcitur.

1947 4511 2079 4578 Quae
2112 4526 2236 4565 cum
2273 4511 2450 4573 ﬁunt,
2488 4507 2860 4564 necessarium
2898 4507 3041 4562 hunc
3079 4504 3359 4570 ordinem,
3395 4515 3450 4558 et

1876 4605 2074 4658 seriem
2125 4617 2236 4657 non
2274 4610 2500 4656 accusat
2547 4599 2822 4671 agricola,
2878 4614 2980 4654 nec
3029 4599 3125 4662 ait,
3175 4602 3450 4663 Quorsum

1875 4691 1974 4746 llus
2012 4701 2138 4746 ante
2177 4691 2463 4747 fructum?
2502 4698 2596 4744 aut
2629 4703 2730 4743 cur
2770 4688 2937 4743 herba
2972 4688 3220 4742 nascitur
3256 4685 3410 4754 prius
3434 4726 3450 4748 ,

1870 4797 2034 4853 quam
2064 4783 2242 4852 ipsum
2271 4797 2501 4854 granum
2528 4821 2543 4847 ,
2574 4795 2700 4836 cum
2731 4789 2786 4834 et
2815 4780 2915 4835 ﬂos
2945 4778 3146 4833 deﬂuat
3165 4817 3180 4837 ,
3208 4784 3261 4831 et
3285 4776 3452 4830 berba

164 4871 283 4924 καὶ
322 4873 352 4923 6
380 4873 569 4942 χόρτος
598 4873 775 4944 μάτην
802 4873 1140 4946 ξηραίνεται,
1169 4873 1308 4946 πρὸς
1327 4874 1478 4928 οὐδὲν
1507 4873 1767 4927 συντελῶν

1870 4868 2110 4930 inaniter
2133 4882 2452 4939 exarescat,
2497 4873 2848 4940 humanoque
2881 4869 3046 4924 victui
3076 4868 3211 4923 nihil
3239 4866 3452 4938 prosit?

159 4964 240 5030 τῇ
277 4959 605 5034 ἀνθρωπίνη
633 4966 846 5036 τροφῆς
885 4960 1042 5018 οἶδεν
1071 4964 1180 5035 γὰρ
1218 4967 1248 5018 6
1275 4963 1410 5034 πρὸς
1437 4963 1537 5034 τὴν
1563 4963 1775 5034 θαυμα-

1868 4964 2033 5020 Novit
2064 4959 2211 5021 enim
2234 5004 2250 5030 ,
2281 4953 2376 5034 qu'i
2407 4963 2657 5019 mirabile
2693 4970 2904 5016 naturae
2941 4959 3232 5014 artiﬁcium
3276 4960 3454 5014 intue-

164 5051 442 5106 miav
478 5052 692 5123 βλέπων
722 5056 826 5126 τῆς
855 5056 1100 5125 φύσεως,
1128 5058 1209 5111 ὅτι
1245 5056 1347 5110 οὐκ
1383 5055 1450 5110 ἀν
1493 5055 1667 5118 ἄλλως
1709 5055 1767 5109 ἐκ

1871 5066 1983 5122 tur,
2021 5056 2179 5112 aliter
2216 5056 2335 5111 ﬁeri
2368 5071 2478 5111 non
2517 5069 2712 5126 posse,
2750 5063 2807 5108 ut
2843 5068 2911 5108 ex
2950 5052 3260 5107 seminibus
3291 5052 3452 5121 plan-

166 5145 294 5199 τῶν
337 5145 668 5216 σπερμάτων
713 5162 775 5200 τε
823 5147 920 5202 καὶ
961 5147 1354 5218 βλαστημάτων
1387 5147 1416 5198 6
1449 5144 1661 5217 καρπὸς
1686 5159 1777 5197 τις

1874 5149 2060 5218 tisque
2100 5146 2315 5202 fructus
2351 5148 2624 5216 gignatur,-
2658 5145 2769 5200 nisi
2804 5143 2869 5198 ad
2904 5141 3027 5213 ejus
3061 5141 3450 5213 perfectionem

169 5235 468 5305 meum
504 5235 577 5307 μὴ
630 5238 732 5308 τῆς
770 5239 1024 5310 τεχνικῆς
1069 5237 1274 5308 ταύτης
1319 5236 1639 5298 ἀκολουθίας
1665 5235 1767 5290 ὁδο-

1875 5240 2180 5296 artiﬂcioso
2214 5241 2320 5294 hoc
2351 5239 2545 5294 ordine
2577 5227 2771 5293 natura
2811 5236 2953 5290 viam
2993 5233 3224 5289 muniat.
3261 5229 3454 5302 Neque

172 5327 457 5396 ποιούσης
491 5329 658 5382 αὐτοῦ
695 5329 793 5400 τὴν
825 5329 1122 5383 τελείωσιν.
1152 5330 1229 5389 Οὐ
1257 5327 1366 5398 γὰρ
1409 5328 1597 5398 ἐπειδὴ
1643 5326 1767 5397 πρὸς

1876 5331 2060 5399 enim,
2100 5332 2364 5402 quoniam
2421 5331 2626 5392 herba,
2662 5343 2785 5398 qua!
2836 5328 2992 5398 prius
3034 5324 3324 5388 emittitur,
3367 5323 3453 5377 in-

178 5421 498 5474 ὰιάλαυσιν
525 5421 800 5491 ἡμετέραν
822 5424 851 5476 6
881 5420 1380 5492 προεκδαλλόμινος
1406 5420 1472 5472 ὲκ
1493 5420 1601 5473 τῶν
1623 5436 1767 5491 σπερ

1879 5426 2031 5481 utilis
2062 5433 2168 5487 est,
2211 5437 2384 5493 eaqtre
2420 5437 2527 5476 non
2561 5419 2852 5483 vescimur,
2893 5420 3096 5474 idcirco
3128 5418 3181 5472 id
3217 5416 3360 5487 quod
3395 5415 3454 5468 ﬁt

186 5513 380 5576 μάτων
416 5512 610 5581 χόρτος
647 5514 937 5585 ἀχρήστως
969 5513 1104 5583 ἔχει,
1135 5511 1226 5567 διὰ
1249 5511 1406 5567 τοῦτο
1434 5512 1688 5584 περιττόν
1713 5528 1767 5567 τι

1879 5527 1966 5573 est
2010 5518 2174 5573 inane
2206 5530 2268 5572 ac
2303 5529 2724 5587 supervacuum.
2768 5511 2901 5567 Nam
2933 5512 3027 5584 qui
3069 5510 3275 5581 indiget
3305 5508 3450 5569 cibo,

187 5603 279 5652 κει
307 5601 594 5673 παρέλκον
617 5603 736 5656 ἐστὶ
754 5602 816 5657 τδ
840 5601 1144 5674 γινόμενον.
1177 5602 1238 5660 ⁸0
1267 5603 1366 5676 μὲν
1391 5601 1499 5674 γὰρ
1521 5601 1621 5672 τῆς
1648 5617 1767 5675 τρο-

1881 5608 2017 5665 nihil
2048 5609 2200 5665 aliud
2230 5607 2337 5663 nisi
2369 5607 2658 5664 utilitatem
2687 5605 3001 5662 considerat
3028 5617 3183 5663 suam
3207 5619 3224 5666 ;
3247 5610 3454 5656 natura!
