3896 6204
477 253 584 312 519

1734 239 1792 295 S.
1833 232 2163 294 GREGORII
2197 231 2492 292 NYSSENI

3619 237 3725 294 520

478 378 612 421 vero
655 374 826 417 unum
867 358 999 416 illud
1043 357 1382 430 propositum
1421 364 1541 424 est,
1578 363 1640 411 ut
1675 354 1929 411 instituto
1962 367 2056 409 or-

2173 352 2263 422 βῆς
2290 352 2535 424 χρῄζων,
2571 350 2708 423 πρὸς
2733 349 2830 423 τὴν
2855 349 3050 409 εαυτοῦ
3079 349 3269 423 χρείαν
3307 350 3445 422 όρᾷ’
3477 349 3506 403 6
3533 351 3592 403 δὲ
3624 356 3725 421 τῆς

479 457 611 511 dine
635 453 874 509 fructum
918 452 988 508 ad
1026 450 1429 507 absolutionem
1456 448 1742 519 perducat.
1767 444 1848 500 Ita
1870 443 2055 499 multi-

2173 442 2369 513 ρύσεως
2405 442 2562 512 λόγος
2590 443 2655 496 οὐ
2683 443 2821 513 πρὸς
2851 441 2979 498 ἀλλο
3012 459 3066 495 τι
3107 441 3296 511 βλέπει
3314 481 3330 505 ,
3352 440 3463 495 ἀλλ’
3482 441 3633 505 ὅπως
3659 442 3729 495 ἀν

482 549 605 620 pler
637 546 872 618 primum
905 559 937 601 e
970 544 1123 614 jacto
1159 541 1370 598 semine
1407 540 1564 595 radix
1612 539 1904 603 emittitur,
1944 550 2055 608 qua

480 656 552 697 ex
602 639 835 693 humore
876 636 1277 691 nutrimentum
1322 632 1653 688 attrahatur.
1699 629 1838 686 Tum
1884 629 2056 685 herba

482 730 750 803 pullulat,
782 742 905 799 quae
939 725 1179 781 radicem
1230 723 1441 795 operit,
1494 738 1567 778 ne
1610 723 1680 777 ab
1715 735 1843 778 aere
1886 720 2056 776 detri-

484 828 732 878 mentum
782 818 1058 888 accipiat;
1108 831 1172 872 ac
1222 815 1377 885 licet,
1401 814 1521 885 ipsa
1563 812 1779 868 fructus
1812 826 1921 867 non
1951 811 2054 877 sit,

486 910 637 966 viam
685 915 871 962 tamen
909 904 1118 976 praebet
1148 901 1585 974 quodammodo,
1624 908 1675 955 et
1714 898 1872 954 aﬁ‘ert
1903 900 2059 954 auxi-

485 1000 620 1055 lium
655 1013 766 1068 quo
802 997 1016 1051 fructus
1052 993 1393 1067 perﬁciatur.
1429 992 1645 1047 Etenim
1675 1005 1800 1045 cum
1835 989 2057 1047 insitam

486 1088 685 1146 semini
723 1088 829 1140 vim
861 1087 942 1142 sic
973 1092 1242 1155 expurgat
1270 1090 1503 1144 natura,
1536 1081 1761 1137 herbam
1795 1087 2059 1151 tanquam

488 1181 703 1237 fructus
745 1184 1153 1234 excrementum
1200 1174 1495 1246 projiciens
1517 1213 1532 1237 ,
1570 1180 1685 1228 tum
1717 1188 1782 1228 ea
1816 1173 2058 1228 radicem

486 1271 727 1343 protegit
762 1266 1116 1338 defenditque
1145 1266 1215 1321 ah
1252 1266 1397 1322 acris
1432 1264 1684 1335 injuriis,
1722 1278 1845 1334 qua:
1874 1263 1959 1319 vel
1993 1277 2061 1317 ex

488 1363 725 1433 frigore.
763 1361 847 1415 vel
887 1375 953 1416 ex
1004 1359 1192 1415 calore
1226 1358 1577 1429 proveniunt.
1627 1357 1697 1411 At
1739 1371 1864 1413 cum
1918 1354 2064 1410 radi-

485 1455 642 1509 cibus
673 1452 731 1507 in
761 1452 872 1506 imo
899 1450 1115 1507 ﬁrmius
1145 1450 1416 1505 munitum
1447 1457 1532 1505 est
1560 1464 1745 1504 semen
1767 1487 1784 1513 ,
1817 1447 2064 1520 neglecta

487 1545 749 1616 deinceps
800 1544 1005 1608 herba,
1062 1543 1207 1613 quod
1260 1542 1417 1596 radix
1471 1555 1581 1595 non
1628 1548 1785 1611 egeat
1828 1539 2064 1610 amplius

2153 534 2496 604 προσαγάγοι
2542 533 2642 606 τὴν
2694 535 3059 605 καρπογονίαν
3111 533 3201 588 διά
3254 532 3358 603 τῆς
3391 533 3730 604 τεταγμένης

2151 624 2474 689 ἀκολουθίας
2526 626 2620 679 ἐπὶ
2648 625 2710 679 τὸ
2752 626 2974 679 τέλειον.
3007 624 3099 678 Διὸ
3141 624 3358 695 πρῶτον
3408 624 3731 694 πολυμερῶς

2153 716 2245 771 διὰ
2291 717 2455 788 ῥιζῶν
2499 716 2593 771 τοῦ
2626 717 2986 788 ὑποκειμένου
3017 715 3281 787 ἐμφύεται
3307 756 3323 780 ,
3362 714 3432 768 δι’
3462 707 3540 769 ὧν
3582 716 3734 769 am

2154 810 2254 882 τὴν
2279 810 2612 881 κατάλληλον
2636 809 2816 880 ἐαυτῷ
2838 808 2928 863 διά
2953 808 3052 880 τῆς
3076 807 3298 879 ἰκμάδος
3322 808 3563 879 τροφήν·
3590 804 3731 875 εἶτα,

2156 904 2350 976 χόρτον
2380 902 2665 975 βλαστάνει
2688 942 2707 970 ,
2755 901 2843 956 διὰ
2874 900 2974 973 τὴν
3021 901 3087 954 ἐκ
3138 900 3232 954 τοῦ
3288 900 3449 971 ἀέρος
3507 898 3731 969 βλάϐην,

2158 995 2529 1069 προκάλυμμα
2559 994 2661 1064 τῆς
2695 993 2850 1065 ῥίζης
2887 994 2987 1064 τὴν
3020 992 3159 1045 πόαν
3211 991 3567 1061 ποιούμενοςο
3601 990 3729 1063 ὅπερ

2158 1085 2373 1157 καρπδς
2400 1085 2498 1156 μιν
2523 1085 2621 1138 οὐκ
2650 1084 2797 1148 ἐστι,
2831 1083 3088 1154 συνεργία
3128 1082 3185 1138 δέ
3214 1097 3298 1146 τις
3328 1084 3424 1137 καὶ
3447 1083 3568 1147 όδδς
3592 1083 3731 1152 γίνεο

2159 1196 2249 1234 ται
2293 1178 2392 1247 τῆς
2424 1178 2519 1231 τοῦ
2555 1176 2767 1248 καρποῦ
2796 1174 3144 1238 τελειώσεως.
3181 1174 3404 1247 Πρῶτον
3440 1174 3540 1245 μὲν
3573 1175 3730 1229 ἐκκα-

2162 1269 2365 1341 θαίρων
2395 1270 2462 1324 δι’
2492 1268 2685 1323 ἑαυτοῦ
2733 1268 2832 1339 τὴν
2862 1267 3187 1337 ἐγκειμένην
3231 1264 3308 1336 τῷ
3346 1266 3624 1337 σπέρματι
3650 1265 3732 1318 δύ⁹

2162 1377 2329 1432 ναμιν
2353 1399 2369 1424 ,
2396 1353 2509 1413 οἷόν
2560 1376 2612 1412 τι
2648 1359 2966 1429 περίττωμα
3016 1356 3111 1410 τοῦ
3144 1355 3357 1424 καρποῦ
3405 1355 3496 1409 τὸν
3547 1356 3731 1428 χόρτον

2163 1438 2789 1522 προαποσκευαζομένης
2814 1447 2915 1517 τῆς
2935 1446 3150 1517 φύσεως
3173 1485 3189 1509 ,
3217 1446 3510 1517 σκέπασμα
3532 1440 3732 1515 γίνεται

2162 1542 2230 1612 τῇ
2280 1539 2404 1613 ῥίζῃ
2458 1540 2595 1612 πρὸς
2639 1540 2739 1603 τὰς
2770 1541 2835 1593 ἐκ
2873 1539 2968 1594 τοῦ
3018 1540 3177 1611 ἀέρος
3220 1532 3457 1609 βλάϐας,
3507 1538 3607 1601 τὰς
3654 1538 3731 1592 διὰ

486 1637 842 1700 defensione,
891 1643 1007 1691 tota
1056 1634 1142 1691 vis
1182 1634 1248 1689 ad
1288 1636 1529 1688 culmum
1574 1631 1950 1688 extollendum
1998 1646 2064 1686 ac

2173 1632 2366 1705 κρύους
2387 1649 2447 1686 τε
2478 1632 2573 1686 καὶ
2612 1631 2847 1694 θάλπους
2877 1630 3251 1701 ἐγγινομένας.
3280 1629 3659 1700 Εύτονὼτερον
3684 1629 3730 1682 δὲ

487 1726 881 1798 perliciendum
939 1726 1227 1782 incumbit.
1281 1722 1493 1779 Natura
1530 1724 1701 1798 ~enim
1759 1723 2062 1778 artiﬁciosa

2173 1700 2270 1795 ἤδη
2306 1722 2396 1778 διὰ
2424 1723 2621 1795 βάθους
2652 1725 2709 1777 ἐν
2755 1725 2873 1787 ταῖς
2903 1700 3082 1793 ῥίζαις
3127 1721 3626 1784 ύποσκευασθέντος
3650 1721 3730 1774 τοῦ

488 1818 729 1891 quadam
764 1816 1035 1888 sapientia
1070 1816 1363 1872 sublimem
1394 1814 1658 1870 fabricam
1693 1815 2061 1880 machinatur,

486 1923 597 1981 qua
630 1922 852 1979 germen
881 1906 1148 1961 directum
1171 1906 1376 1961 mutuis
1407 1906 1462 1960 in
1496 1905 1733 1960 circuitu
1768 1905 2065 1978 distingui-

488 2009 581 2055 tur
608 1998 816 2055 tunicis
847 2017 863 2054 :
893 1997 947 2052 in
981 1997 1183 2067 quibus
1215 1997 1488 2067 principio
1522 1996 1740 2052 culmus
1772 1997 2063 2063 humidus,

490 2106 557 2146 ac
584 2098 744 2145 tener
774 2088 1079 2144 indolescat
1108 2103 1337 2144 necesse
1360 2095 1480 2154 est,
1508 2095 1593 2152 et,
1620 2102 1732 2158 quo
1758 2089 1929 2144 tutior
1955 2090 2063 2154 sit,

492 2180 760 2254 geniculis
785 2194 884 2250 per
914 2179 1153 2235 medium
1185 2187 1446 2250 tanquam
1474 2179 1712 2234 vinculis
1744 2180 2061 2236 muniatur:

492 2274 584 2328 ubi
629 2281 808 2327 autem
847 2272 913 2326 ad
942 2278 1343 2340 congruentem
1384 2270 1729 2327 altitudinem
1772 2273 2068 2342 ascendit,

492 2369 571 2419 ita
602 2363 809 2434 frugem
834 2363 1072 2429 emittit,
1103 2370 1161 2417 ut
1188 2371 1433 2419 extrema
1462 2364 1646 2419 tunica
1676 2380 1740 2419 ex
1770 2380 1830 2419 se
1857 2365 2068 2435 spicam

490 2455 658 2520 edat,
694 2470 816 2525 quae
849 2454 1144 2509 aristarum
1176 2453 1529 2509 multitudine
1556 2461 1813 2524 tanquam
1844 2457 2073 2526 capillo-

494 2562 618 2602 rum
648 2548 789 2601 vallo
821 2545 1078 2601 distincta
1104 2544 1314 2616 frugem
1342 2546 1509 2615 tegit,
1543 2554 1598 2601 et
1623 2546 1747 2602 imis
1775 2547 2069 2602 aristarum

497 2636 862 2708 receptaculis
894 2636 1213 2691 innutritur.
1249 2637 1384 2692 Cum
1419 2637 1584 2709 igitur
1614 2652 1721 2691 non
1758 2636 2073 2708 indignetur

500 2727 746 2798 agricola
779 2741 882 2783 nec
911 2726 983 2782 ob
1017 2725 1272 2796 stirpium
1308 2727 1474 2782 ﬁbras
1494 2765 1511 2790 ,
1544 2740 1648 2782 nec
1687 2734 1913 2796 prapter
1943 2727 2074 2783 her-

496 2819 622 2874 bam
650 2858 666 2881 .
702 2832 805 2873 nec
842 2826 1065 2889 propter
1098 2816 1375 2886 spicarum
1414 2817 1653 2883 aristas,
1689 2832 1813 2887 quae
1848 2818 2071 2888 quidem

496 2907 680 2965 omnia
718 2908 1048 2977 proveniunt
1084 2921 1152 2963 ex
1192 2908 1437 2974 semine,
1477 2908 1574 2965 sed
1614 2909 1669 2964 in
1710 2909 1799 2964 his
1839 2909 2073 2981 singulis

498 3015 660 3055 usum
692 2997 985 3070 quemdam
1013 2998 1276 3069 perspicit
1301 2998 1674 3055 necessarium
1694 3039 1711 3066 ,
1739 3013 1850 3070 quo
1876 3008 2073 3055 natura

498 3095 802 3153 artiﬁciose
833 3093 1226 3167 progrediens,
1255 3101 1311 3150 et
1352 3094 1621 3163 abjiciens
1651 3110 1774 3165 quae
1815 3101 1946 3151 sunt
1984 3094 2072 3150 in-

500 3186 690 3251 utilia,
727 3186 937 3257 frugem
969 3183 1183 3255 perﬁcit
1213 3192 1268 3241 et
1306 3183 1585 3252 absolvit;
1615 3199 1685 3239 ne
1715 3184 1815 3239 tibi
1848 3184 2072 3255 quidem

500 3278 692 3349 iniquo
735 3276 1019 3333 ferendum
1066 3284 1152 3337 est
1200 3276 1419 3343 animo,
1453 3276 1604 3348 quod
1651 3286 1849 3333 natura
1884 3286 2074 3334 nostra

500 3369 845 3427 necessarias
895 3383 1236 3440 persequens
1286 3368 1406 3423 vias
1458 3367 1528 3422 ad
1581 3367 1865 3439 proprium
1913 3369 2075 3424 finem

500 3461 807 3534 perveniat.
842 3460 952 3517 Sed
982 3468 1043 3517 ut
1071 3461 1127 3516 in
1154 3460 1407 3531 exemplo
1437 3460 1708 3517 seminum
1737 3460 1920 3516 cernis
1938 3501 1954 3526 ,
1984 3460 2080 3516 de-

500 3555 600 3611 bes
631 3553 987 3621 existimare,
1018 3552 1169 3625 quod
1202 3566 1449 3624 praesens
1480 3559 1602 3619 est,
1635 3550 1706 3608 ad
1738 3553 1873 3608 utile
1892 3558 1955 3607 et
1983 3567 2079 3607 ne-

504 3645 813 3701 cessarium
841 3643 1049 3716 aliquid
1077 3643 1305 3699 omnino
1338 3644 1538 3699 referri
1566 3656 1633 3699 ac
1659 3643 1861 3716 dirigi,
1901 3657 2079 3714 neque

501 3733 639 3790 illud
670 3749 794 3792 esse
824 3734 986 3805 cujus
1013 3736 1191 3807 gratia
1229 3735 1402 3805 geniti
1435 3750 1652 3791 sumus.
1696 3734 1886 3806 Neque
1929 3735 2076 3791 enim

506 3824 681 3881 fetum
713 3834 930 3883 creator
957 3836 1147 3882 noster
1176 3825 1468 3893 formavit,
1501 3835 1563 3881 ut
1592 3827 1648 3882 in
1689 3828 1888 3883 matris
1920 3835 2078 3884 utero

503 3931 962 3988 permaneremus
992 3935 1007 3986 ;
1037 3933 1216 3988 neque
1249 3918 1375 3974 inde
1405 3933 1507 3974 nos
1539 3918 1726 3974 educit
1748 3957 1765 3983 ,
1795 3926 1856 3973 ut
1897 3918 1950 3973 in
1986 3919 2074 3974 in-

503 4005 716 4073 fantia,
751 4013 847 4061 aut
891 4004 998 4071 iis,
1036 4021 1158 4077 quae
1199 4005 1458 4076 deinceps
1498 4006 1914 4076 subsequuntur
1943 4013 2076 4060 aeta-

504 4095 658 4152 tibus
680 4135 696 4160 ,
744 4100 942 4150 natura
990 4111 1207 4166 semper
1238 4096 1401 4151 aliam
1436 4104 1559 4167 post
1589 4096 1754 4150 aliam
1785 4096 2074 4162 induente,

502 4195 558 4243 et
597 4186 828 4244 formam
856 4188 1106 4259 corporis
1136 4195 1546 4256 commutante,
1585 4187 1951 4260 degeremus;
1981 4203 2078 4245 ne-

503 4293 613 4349 que
660 4284 720 4333 ut
769 4292 975 4349 corpus
1024 4278 1204 4349 ipsum
1252 4277 1547 4335 accedente
1589 4289 1767 4334 morte
1809 4279 2077 4337 dissolve-

2170 1817 2513 1888 σπέρματος,
2538 1816 2655 1869 τότε
2682 1814 2774 1868 τοῦ
2803 1815 2996 1885 χόρτου
3028 1812 3213 1867 λοιπὸν
3235 1805 3605 1884 ἀμεληθέντος
3622 1857 3636 1879 ,
3656 1813 3733 1865 διὰ

2168 1909 2231 1961 τὸ
2285 1907 2480 1980 μηκέτι
2516 1906 2721 1961 δεῖσθαι
2770 1906 2869 1977 τὴν
2922 1905 3077 1979 ῥίζαν
3124 1903 3218 1958 τοῦ
3260 1904 3733 1975 προκαλύμματος,

2170 2001 2307 2072 πρὸς
2346 2000 2446 2072 τὴν
2477 2001 2575 2072 τῆς
2609 1999 2861 2072 καλάμης
2913 1997 3222 2069 ἀναδρομὴν
3252 2000 3400 2050 πᾶσα
3444 1996 3736 2050 συνδίδοται

2170 2095 2398 2165 δύναμις
2419 2133 2436 2158 ,
2483 2094 2755 2165 μηχανικῇ
2799 2107 2906 2145 τινι
2940 2090 3101 2163 σοφίᾳ
3144 2090 3241 2161 τὴν
3292 2080 3541 2160 αὑλοεῖδῆ
3579 2106 3741 2142 κατα-

2173 2186 2374 2257 σκευὴν
2400 2185 2816 2256 φιλοτεχνούσης
2834 2182 2935 2253 τῆς
2960 2182 3204 2252 φύσεως,
3229 2177 3297 2254 ἦς
3320 2180 3615 2254 εύθυτενὴς
3652 2181 3740 2251 μὲν

2173 2278 2209 2348 ὴ
2234 2276 2458 2349 βλάστη,
2481 2277 2704 2348 χιτῶσιν
2732 2274 3055 2346 ἐπαλλήλοις
3087 2276 3145 2328 ἐν
3165 2274 3348 2345 κύκλῳ
3366 2273 3739 2344 διειλημμένη.

2174 2368 2295 2441 Χρὴ
2329 2368 2439 2440 γάρ
2466 2367 2677 2432 τούτοις
2707 2366 2879 2439 ὑγρὰν
2908 2363 3072 2421 οὖσαν
3098 2366 3192 2419 καὶ
3224 2366 3409 2421 ἄτονον
3447 2366 3547 2438 τὴν
3577 2366 3745 2420 καλά-

2176 2476 2287 2531 μην
2324 2457 2479 2531 παρά
2508 2459 2606 2531 τὴν
2636 2458 2859 2531 πρώτην
2892 2456 3273 2531 ἐντρέφεσθαι,
3315 2460 3427 2522 τοῖς
3455 2457 3543 2511 διὰ
3577 2457 3745 2528 μέσου

2177 2548 2493 2619 συνδέσμοις
2506 2548 2801 2618 ἀσφαλείας
2826 2546 2984 2620 χάριν
3007 2546 3413 2618 ὑπεζωσμένην.
3442 2547 3505 2599 El
3526 2546 3584 2601 δέ
3610 2547 3745 2618 πρὸς

2174 2640 2237 2697 τδ
2268 2640 2579 2714 σύμμετρον
2604 2640 2903 2713 ἀναδράμοι
2934 2643 3110 2714 μῆκος
3134 2684 3149 2707 ,
3176 2639 3296 2693 τότε
3330 2640 3475 2711 κομᾷ
3514 2639 3549 2710 ἠ
3583 2639 3749 2693 καλά-

2177 2749 2256 2807 μη
2275 2770 2296 2803 ,
2320 2731 2417 2786 τοῦ
2443 2733 2754 2786 τελευταίου
2800 2732 3026 2803 χιτῶνος
3073 2731 3166 2802 ἀφ’
3195 2728 3389 2786 ἑαυτοῦ
3419 2732 3511 2784 τὸν
3550 2730 3750 2800 στάχυν

2177 2825 2562 2898 προδείξαντος
2598 2866 2614 2891 ,
2662 2826 2721 2890 ὃς
2775 2828 2853 2890 είς
2905 2814 3140 2888 πολλοὺς
3188 2824 3393 2894 ἀθέρας
3440 2824 3752 2895 τριχοειδῶς

2177 2917 2569 2989 διαιρούμενος,
2623 2916 2854 2988 κρύπτει
2896 2916 2995 2988 τὴν
3046 2916 3223 2988 κόμην
3255 2914 3397 2971 κατά
3439 2916 3541 2985 τὴν
3600 2913 3754 2985 βάσιν

2178 3010 2289 3063 τῶν
2321 3008 2530 3078 ἀθέρων
2560 3009 2673 3071 τοῖς
2705 3006 2951 3080 ἐλύτροις
2988 3007 3442 3078 ὑποτρεφόμενος.
3474 3006 3538 3060 Εἰ
3574 3006 3755 3060 τοίνυν

2178 3099 2303 3155 οὔτε
2335 3100 2472 3171 πρὸς
2495 3099 2595 3164 τὰς
2631 3098 2786 3171 ῥίζας
2815 3098 2925 3153 τῶν
2949 3098 3277 3170 σπερμάτων
3305 3100 3334 3152 6
3362 3098 3607 3167 γεωργὸς
3629 3097 3756 3150 δυσιι

2178 3194 2418 3266 χεραίνει
2442 3233 2457 3260 ,
2502 3191 2627 3246 οὔτε
2661 3192 2799 3264 πρὸς
2843 3188 2935 3247 τὸν
2993 3190 3497 3263 πρπκὸαλλόμενον
3548 3191 3615 3245 ἐκ
3658 3190 3757 3244 τοῦ

2182 3285 2494 3355 σπέρματος
2513 3283 2724 3355 χόρτον,
2747 3280 2874 3337 οὔτε
2899 3283 2978 3348 είς
3002 3282 3127 3346 τοὺς
3153 3280 3353 3353 ἀθέρας
3382 3278 3477 3335 τοῦ
3507 3282 3756 3352 στάχυος,

2182 3374 2296 3429 ἀλλ’
2329 3375 2389 3427 ἐν
2418 3372 2634 3445 ἑκάστῳ
2676 3371 2882 3426 τούτων
2929 3368 3185 3440 ἐνθεωρεϊ
3210 3387 3331 3425 τινα
3366 3372 3557 3443 χρείαν
3591 3372 3757 3436 ἀναγ-

2181 3465 2363 3529 καίαν,
2382 3464 2449 3519 δι’
2478 3458 2548 3538 ἧς
2568 3462 2830 3535 τεχνικῶς
2856 3464 2892 3535 ἡ
2917 3463 3077 3535 φύσις
3094 3462 3375 3526 ὁδεύουσα,
3409 3464 3646 3534 προάγει
3671 3466 3759 3517 τὸν

2181 3556 2394 3627 καρπὸν
2415 3556 2494 3619 είς
2518 3555 2813 3618 τελείωσιν,
2851 3554 2939 3609 διά
2958 3553 3057 3627 τῆς
3083 3553 3193 3608 τῶν
3229 3554 3463 3625 ἀχρείων
3490 3556 3760 3625 ἀποποιή-

2182 3664 2321 3713 σεως
2350 3647 2449 3719 τὴν
2489 3646 2710 3719 γόνιμον
2759 3646 3162 3718 ἐκκαθαίρουσα
3207 3646 3465 3717 δύναμιν·
3506 3646 3633 3718 ὥρα
3670 3648 3758 3701 καὶ

2183 3738 2267 3791 σοὶ
2296 3738 2372 3809 μὴ
2397 3737 2767 3809 δυσχεραίνειν
2796 3737 2884 3793 διά
2904 3738 3011 3792 τῶν
3039 3732 3350 3807 ἀναγκαίων
3369 3736 3500 3790 ὁδῶν
3531 3739 3762 3808 προϊού-

2183 3843 2283 3897 σης
2304 3826 2460 3898 ἡμῶν
2486 3828 2585 3899 τῆς
2611 3827 2825 3897 φύσεως
2859 3826 2951 3882 ἐπ)⁸
2978 3828 3037 3882 τὸ
3083 3824 3213 3882 ἴδιον
3250 3828 3426 3895 τέλος,
3452 3827 3565 3882 ἀλλ’
3604 3831 3765 3901 ἠγεῖ-

2185 3917 2310 3972 σθαι
2348 3919 2489 3973 κατά
2520 3919 2619 3991 τὴν
2643 3920 2701 3972 ἐν
2728 3922 2840 3984 τοῖς
2877 3920 3185 3991 σπέρμασιν
3226 3920 3549 3989 ἀναλογίαν,
3576 3920 3646 3974 τὸ
3676 3923 3765 3976 ἀεὶ

2183 4007 2361 4078 παρὸν
2384 4007 2519 4079 πρός
2555 4024 2610 4060 τι
2641 4007 2861 4071 πάντως
2884 4008 3170 4079 χρησίμως
3198 4025 3259 4063 τε
3303 4008 3398 4061 καὶ
3442 4009 3766 4077 ἀναγκαίως

2183 4095 2347 4167 ἐχειν,
2376 4097 2436 4151 οὐ
2464 4097 2572 4168 μὴν
2607 4097 2765 4151 τοῦτο
2794 4091 3021 4152 εἶναιίῶ
3052 4098 3211 4169 χάριν
3241 4098 3318 4162 είς
3342 4097 3561 4165 γένεσιν
3606 4098 3766 4169 ἤλθο-

2185 4203 2309 4260 μεν.
2329 4187 2415 4241 ’ού
2441 4187 2552 4259 γὰρ
2594 4187 2688 4241 ἐπὶ
2717 4187 2778 4241 τὸ
2804 4188 3040 4260 ἔμϐρυον
3069 4188 3315 4257 γενέσθαι
3344 4185 3498 4257 παρά
3528 4188 3639 4241 τοῦ
3670 4190 3764 4259 δη-

2186 4278 2617 4351 μιουργήσαντος
2637 4280 2783 4350 ἡμᾶς
2811 4280 3123 4352 ὑπέστημεν
3144 4320 3160 4347 ,
3189 4279 3306 4334 οὐδὲ
3335 4277 3474 4353 πρὸς
3496 4278 3599 4332 τὸν
3646 4280 3768 4351 βρε-

502 4376 679 4433 retur,
715 4368 812 4424 sed
845 4375 905 4422 ut
934 4384 1030 4438 per
1066 4368 1182 4424 haec
1218 4377 1275 4424 et
1310 4369 1418 4424 alia
1447 4368 1758 4440 ejusmodi,
1799 4384 1923 4439 quae
1947 4379 2070 4426 sunt

2185 4370 2335 4443 φὼδη
2365 4371 2479 4442 βίον
2508 4373 2538 4426 6
2580 4371 2780 4435 σκοπὸς
2814 4372 2917 4442 τῆς
2962 4372 3176 4441 φύσεως
3218 4371 3435 4443 βλέπει,
3468 4369 3596 4425 οὐδὲ
3632 4372 3768 4443 πρὸς

506 4467 768 4529 tanquam
801 4468 989 4529 partes
1028 4460 1175 4514 illius
1203 4461 1340 4526 viae,
1386 4475 1486 4529 per
1516 4474 1684 4530 quam
1732 4459 2075 4525 incedimus,

507 4549 577 4603 ad
606 4557 806 4603 statum
837 4559 1084 4605 nostrum
1116 4549 1410 4619 pristinum
1432 4589 1449 4616 ,
1483 4549 1589 4605 hoc
1630 4557 1747 4617 est,
1776 4550 1845 4607 ad
1875 4551 2075 4608 simili-

506 4638 755 4695 tudinem
808 4638 905 4694 Dei
955 4640 1356 4709 perveniamus.
1395 4639 1477 4694 Ac
1514 4640 1976 4711 quemadmodum
2008 4641 2079 4697 ad

504 4729 897 4801 perﬁciendum
934 4730 1141 4800 spicam
1178 4745 1247 4785 ex
1288 4737 1498 4787 natura:
1541 4732 1797 4788 instituto
1851 4733 2076 4790 herbam

506 4823 857 4879 ostendimus
888 4837 1012 4879 esse
1046 4823 1462 4891 necessariam;
1505 4839 1609 4879 nec
1641 4831 1826 4881 tamen
1854 4835 2079 4897 propter

504 4915 682 4983 ipsam
712 4914 938 4971 herbam
961 4953 978 4979 ,
1015 4929 1119 4970 nec
1144 4921 1372 4986 propter
1402 4915 1657 4983 tunicas',
1704 4926 1800 4972 aut
1845 4918 2077 4986 aristas,

506 5012 603 5058 aut
647 5007 893 5062 culmum
940 5008 1250 5065 instituitur
1299 5009 1675 5081 agricultura,
1706 5009 1805 5066 sed
1853 5020 2080 5082 propter

505 5095 717 5167 frugem
747 5097 918 5155 victui
952 5099 1421 5156 accommodatam
1442 5139 1458 5167 ,
1492 5099 1562 5157 ad
1594 5100 1755 5173 cujus
1784 5101 2079 5173 perfectio-

506 5202 633 5242 nem
664 5196 863 5244 natnra
910 5205 1008 5261 per
1058 5191 1149 5246 illa
1181 5191 1532 5264 progreditur
1558 5210 1574 5248 :
1607 5193 1690 5250 sic
1719 5202 2077 5265 exspectatus

506 5277 673 5348 hujus
706 5279 830 5335 vitae
859 5279 985 5336 ﬁnis
1010 5288 1094 5337 est
1125 5281 1425 5338 beatitudo.
1454 5282 1586 5350 Quae
1614 5299 1748 5340 vero
1777 5299 1926 5341 nunc
1952 5299 2079 5341 cor-

506 5369 626 5444 pori
653 5370 911 5435 eveniunt
929 5412 944 5434 ,
972 5380 1032 5427 ut
1060 5387 1209 5428 mors
1225 5413 1242 5438 ,
1267 5381 1524 5431 senectus
1543 5414 1558 5439 ,
1578 5374 1869 5445 juventus,
1895 5374 2079 5431 infan-

508 5458 582 5511 tia
604 5499 619 5522 ,
656 5459 912 5517 formatio
942 5461 1087 5519 fetus
1120 5467 1175 5519 in
1208 5471 1398 5530 utero,
1437 5474 1497 5521 ut
1527 5465 1745 5533 herbe,
1776 5474 1833 5522 et
1857 5466 2077 5535 arista,

507 5554 563 5600 et
597 5550 803 5615 culmi,
838 5562 967 5610 sunt
1004 5553 1171 5610 veluti
1203 5556 1339 5622 vias,
1376 5571 1476 5628 per
1504 5572 1644 5627 quas
1676 5557 1744 5612 ad
1778 5555 2077 5628 perfectio-

507 5649 630 5693 nem
664 5652 941 5709 speratam
976 5647 1383 5706 contendimus.
1431 5648 1604 5715 Quam
1650 5648 1750 5706 tibi
1791 5648 1910 5721 ipse
1949 5664 2077 5721 pro-

2181 4463 2281 4529 τάς
2320 4464 2519 4535 ἐφεξῆς
2547 4464 2764 4535 ἡλικίας
2801 4465 2923 4536 ὁρᾷ,
2958 4465 3023 4528 ἀς
3054 4464 3251 4520 ἀεὶδιά
3280 4467 3378 4537 τῆς
3418 4464 3768 4527 ἀλλοιώσεως

2183 4554 2527 4627 μετενδύεται
2544 4554 2621 4627 τῷ
2645 4556 2821 4627 χρόνῳ
2841 4557 2902 4611 τδ
2920 4550 3061 4620 εἶδος
3086 4554 3617 4620 συνεξαλλάσσουσα,
3645 4556 3766 4609 οὐδὲ

2182 4646 2323 4719 πρὸς
2372 4647 2471 4719 τὴν
2502 4647 2887 4719 ἐπιγινομένην
2934 4646 3025 4702 διά
3069 4647 3163 4701 τοῦ
3218 4646 3445 4701 θανάτου
3479 4643 3647 4698 λύσιν
3691 4646 3766 4716 τῷ

2182 4736 2394 4809 σώματι
2416 4754 2432 4769 °
2471 4737 2608 4793 ἀλλά
2634 4738 2811 4794 πάντα
2839 4738 3013 4793 ταῦτα
3043 4739 3139 4793 καὶ
3166 4739 3234 4794 τά
3258 4739 3478 4793 τοιαῦτα
3506 4738 3619 4810 τῆς
3647 4739 3762 4795 6δοῦ

2178 4828 2248 4884 δι’
2277 4825 2347 4904 ἦς
2381 4829 2727 4902 πορευόμεθα
2781 4830 2920 4903 μέρη
2955 4830 3102 4885 ἐστίν
3123 4846 3138 4862 ·
3190 4833 3221 4885 6
3249 4832 3306 4885 δὲ
3346 4831 3547 4896 σκοπὸς
3581 4836 3679 4889 καὶ
3706 4833 3760 4885 τὸ

2179 4922 2355 4993 πέρας
2388 4921 2487 4993 τῆς
2528 4921 2617 4977 διά
2659 4920 2862 4976 τούτων
2907 4922 3134 4995 πορείας
3154 4961 3170 4987 ,
3197 4923 3231 4993 ἡ
3264 4923 3400 4994 πρὸς
3422 4922 3484 4976 τὸ
3528 4923 3755 4996 ἀρχαῖον

2178 5016 2641 5080 ἀποκατάστασις,
2664 5016 2799 5088 ὅπερ
2823 5014 2973 5070 οὐδὲν
3007 5015 3210 5087 ἕτερον,
3235 5016 3270 5086 ἢ
3296 5018 3329 5086 η
3358 5018 3495 5087 πρὸς
3518 5016 3589 5071 τὺ
3610 5017 3759 5071 Θιῖόν

2178 5105 2329 5159 ἐστιν
2356 5105 2632 5177 ὁμοίωσις.
2661 5107 2773 5160 Καὶ
2798 5106 2985 5178 ὥσπερ
3013 5107 3106 5160 ἐπὶ
3131 5103 3231 5178 τῆς
3260 5105 3401 5160 κατά
3432 5107 3525 5161 τὸν
3555 5108 3763 5178 στάχυν

2177 5197 2417 5263 είκόνος,
2458 5197 2752 5267 ἀναγκαῖος
2788 5198 2885 5270 μὲν
2916 5199 3086 5271 ἐφάνη
3119 5198 3198 5270 τῷ
3241 5198 3384 5269 λόγῳ
3414 5200 3516 5271 τῆς
3544 5202 3768 5269 φύσεως

2178 5288 2273 5342 καὶ
2297 5287 2327 5341 6
2358 5289 2859 5360 nposx6anépevoq
2886 5290 3078 5363 χόρτος
3100 5308 3116 5323 ο
3147 5290 3207 5344 ού
3236 5290 3343 5362 μὴν
3374 5290 3433 5343 δέ
3459 5292 3527 5345 δι’
3550 5293 3771 5345 ἐκεῖνόν

2178 5376 2328 5430 ἐστιν
2362 5378 2395 5447 ἡ
2417 5378 2683 5449 γεωργία,
2710 5379 2831 5439 οὐδὲ
2853 5380 3080 5449 χιτῶνες
3103 5418 3118 5445 ,
3154 5380 3248 5435 καὶ
3276 5379 3475 5451 ἀθέρες
3492 5422 3510 5446 ,
3540 5380 3627 5434 καὶ
3651 5399 3776 5434 και

2177 5468 2324 5541 λάμη
2349 5510 2365 5535 ,
2394 5470 2491 5524 καὶ
2523 5470 2857 5541 ὑποζώματα
2909 5473 3223 5543 πρόκεινται
3254 5475 3320 5545 τῇ
3355 5473 3460 5541 τῆς
3484 5464 3784 5542 γεωργίας

2179 5561 2405 5631 σπουδῇ,
2433 5561 2546 5614 ἀλλ’
2568 5563 2597 5614 ό
2621 5563 2883 5632 τρόφιμος
2910 5563 3122 5633 καρπὸς
3148 5567 3177 5618 6
3206 5565 3296 5619 διά
3322 5563 3527 5618 τούτων
3547 5565 3785 5634 προϊὼν

2178 5652 2260 5716 είς
2289 5652 2568 5708 τελείωσιν
2592 5672 2605 5685 ·
2645 5654 2786 5710 οὕτω
2816 5657 2909 5711 καὶ
2932 5657 3031 5729 τῆς
3049 5656 3194 5730 ζωῆς
3220 5659 3283 5714 τὸ
3310 5659 3412 5729 μὲν
3438 5658 3781 5731 προσδοιὼ-
