3896 6204
304 263 399 319 59!

1704 263 1789 320 DE
1818 260 2151 320 MORTUIS.

3451 278 3557 336 5‘22

298 395 469 448 μενον
515 377 683 450 πέρας
719 380 1057 452 μακαριότης
1091 380 1360 436 ἐστίν.Τά
1400 380 1457 434 δέ
1513 382 1612 435 ὅσα
1665 382 1790 452 περὶ
1820 381 1870 433 τὲ

1985 392 2191 446 ponens
2214 416 2228 438 ,
2262 376 2309 433 si
2341 377 2524 447 sapis,
2572 392 2675 433 nec
2724 387 2948 449 propter
2987 382 3101 436 haec
3147 383 3554 456 indignaberis,

293 469 468 540 σῶμα
492 469 586 523 νῦν
613 470 930 541 καθορᾶται,
966 470 1192 536 θάνατος
1214 512 1229 536 ,
1261 474 1354 526 καὶ
1381 473 1559 543 γῆρας
1582 513 1596 534 ,
1639 473 1735 526 καὶ
1762 473 1879 524 νεό-

287 577 406 631 της
426 601 443 624 ,
478 561 572 613 καὶ
625 561 888 630 νηπιότης
910 603 924 627 ,
956 561 1050 615 καὶ
1103 563 1137 632 ἡ
1187 563 1245 615 ἐν
1298 563 1524 633 ἐμϐρύῳ
1553 562 1838 625 διάπλασις
1862 604 1876 627 ,

289 653 483 706 πάντα
513 650 678 705 ταῦτα
709 647 818 704 οἷόν
850 669 994 716 τινες
1026 653 1205 722 χόρτοι
1235 654 1326 706 καὶ
1357 654 1548 724 ἀθέρες
1581 655 1674 707 καὶ
1713 654 1879 708 κάλα-

296 761 414 813 μοι,
450 743 563 806 ὁδὸς
590 743 682 796 καὶ
708 743 997 798 ἀκολουθία
1029 746 1122 797 καὶ
1143 745 1369 816 δύναμις
1393 745 1494 816 τῆς
1522 745 1880 816 ἐλπιζομένης

292 837 417 890 ἐστὶ
451 834 807 897 τελειώσεωςο
847 834 985 905 πρὸς
1017 837 1082 906 ἢν
1132 835 1344 905 βλέπων
1369 876 1383 900 ,
1431 836 1526 888 ἐὰν
1570 836 1838 907 εὐφρονῇς
1861 875 1875 899 ,

290 926 421 980 οὔτε
451 925 707 995 ἀπεχθῶς
750 926 892 991 ἕξεις
923 926 1060 996 πρὸς
1097 925 1268 980 ταῦτα
1310 925 1432 979 οὔτε
1475 927 1580 998 μὴν
1617 926 1878 996 ἐμπαθῶς

293 1033 356 1069 τε
399 1017 497 1069 καὶ
535 1014 945 1085 ἐπιθυμητικῶς
978 1016 1298 1090 διατεθήσῃ,
1334 1017 1408 1081 ὡς
1442 1018 1474 1088 ἢ
1510 1018 1878 1089 χωριζόμενος

293 1104 480 1158 αὐτῶν
508 1105 797 1171 ἀνιᾶσθαι,
829 1105 862 1175 ἢ
915 1105 1232 1175 αὐτομολεῖν
1260 1107 1394 1175 πρὸς
1425 1108 1514 1160 τὸν
1540 1108 1787 1164 θάνατον.
1814 1110 1877 1162 Et

291 1195 353 1248 δὲ
375 1197 481 1266 χρὴ
513 1196 828 1264 προσθεῖναι
860 1197 954 1250 καὶ
979 1196 1136 1251 τοῦτο
1161 1185 1239 1268 τῷ
1267 1198 1439 1269 λόγῳ,
1467 1200 1567 1253 οὐκ
1606 1201 1876 1272 ἄχρηστον

294 1283 427 1346 ἴσως
469 1285 587 1336 ἐστὶ
611 1325 626 1348 ,
663 1285 767 1338 κᾶν
795 1286 899 1353 ἔξω
932 1287 1032 1356 τῆς
1064 1287 1383 1352 ἀκολουθίας
1414 1287 1549 1343 εἶναι
1596 1291 1725 1362 δοκῇ
1749 1334 1763 1357 ,
1796 1294 1876 1347 ὅτι

294 1375 573 1446 ἐμμελετᾷ
599 1376 679 1447 τῷ
707 1376 922 1449 Θανάτῳ
948 1379 1038 1433 διὰ
1080 1379 1281 1444 παντὸς
1312 1382 1344 1450 ἡ
1373 1380 1533 1450 φύσις
1551 1422 1565 1447 ,
1612 1382 1705 1435 καὶ
1735 1400 1876 1452 συμ-

293 1467 508 1535 πέφυκε
537 1469 626 1521 διά
658 1469 752 1522 τοῦ
804 1471 996 1541 χρόνου
1045 1472 1310 1546 προῖούσῃ
1338 1476 1404 1544 τῇ
1451 1474 1562 1545 ζωῇ
1599 1473 1816 1539 πάντως
1847 1476 1875 1526 ὁ

292 1558 547 1622 θάνατος.
602 1561 746 1631 Πρὸς
782 1561 892 1633 γὰρ
918 1561 980 1615 τὸ
1014 1563 1204 1632 μέλλον
1229 1564 1321 1616 τοῦ
1351 1564 1740 1635 παρῳχηκότος
1777 1566 1874 1636 τῆς

295 1646 447 1716 ζωῆς
493 1651 721 1703 πὰντοτε
780 1653 1138 1724 κινουμένης,
1191 1655 1286 1709 καὶ
1334 1655 1585 1710 οὐδέποτε
1631 1657 1766 1728 πρὸς
1813 1658 1874 1710 τὸ

297 1741 536 1794 κατόπιν
575 1743 940 1815 ἀναλυούσης,
977 1731 1212 1810 θάνατός
1255 1749 1370 1800 ἐστι
1419 1747 1478 1800 τὸ
1531 1747 1758 1801 πάντοτε
1805 1751 1869 1820 τῇ

299 1827 507 1902 ζωτικῇ
555 1833 797 1904 ἐνεργείᾳ
834 1837 1190 1907 συνημμένως
1218 1839 1501 1909 ἑπόμενον.
1541 1841 1630 1894 Ἐν
1657 1843 1764 1911 γὰρ
1795 1841 1873 1911 τῷ

299 1924 652 1992 παρῳχηκότι
685 1924 777 1977 τοῦ
799 1926 1012 1995 χρόνου,
1041 1928 1272 1983 παύεται
1297 1931 1512 1996 πάντως
1538 1934 1685 1986 πᾶσα
1717 1932 1875 2002 κίνη-

296 2028 386 2075 σις
430 2013 628 2086 ζωτικὴ
661 2017 754 2069 καὶ
782 2018 1047 2088 ἐνέργεια.
1096 2020 1247 2073 Ἐπεὶ
1293 2018 1387 2075 οὖν
1443 2023 1574 2076 ίδιόν
1628 2024 1745 2076 ἐστι
1780 2022 1873 2076 τοῦ

291 2100 524 2156 Θανάτου
556 2105 618 2157 τὸ
665 2107 945 2176 ἄπρακτόν
983 2127 1041 2162 τε
1073 2111 1168 2164 καὶ
1205 2112 1591 2183 ἀνενέργητον·
1625 2112 1782 2166 τοῦτο
1813 2113 1871 2166 δέ

289 2193 526 2246 κατόπιν
569 2195 657 2248 ἀεὶ
698 2199 765 2266 τῇ
800 2197 1001 2270 ζωτικῇ
1033 2201 1282 2273 ἐνεργείᾳ
1315 2202 1530 2265 πάντως
1569 2203 1828 2272 ἐφέπεται
1854 2220 1866 2234 ·

1981 483 2083 522 nec
2115 467 2226 526 ullo
2257 467 2417 522 modo
2449 472 2530 524 sic
2578 469 2760 522 animo
2806 471 3054 528 allicleris
3074 513 3088 536 ,
3121 483 3181 528 ut
3211 477 3295 531 vel
3337 476 3423 533 ab'
3449 479 3553 536 hac

1980 558 2092 611 vita
2122 557 2392 613 decedens
2414 545 2680 629 iangaris,
2716 563 2802 616 vel
2835 572 3030 631 sponte
3080 576 3308 622 mortem
3358 573 3557 640 prteri-

1982 651 2122 720 pias.
2161 649 2281 703 Jam
2319 650 2454 704 illud
2479 689 2494 714 ,
2533 652 2659 705 licet
2697 668 2726 706 a
2762 657 3042 725 pmposito
3086 666 3274 714 nostro
3309 662 3548 718 alienum

1980 755 2103 797 esse
2127 741 2396 807 videatur,
2428 742 2670 799 fortasse
2696 761 2806 800 non
2835 749 2940 802 erit
2967 750 3161 805 inutile
3189 760 3249 806 ut
3278 755 3550 825 adjunga-

1980 849 2134 896 mus,
2176 847 2372 900 nempe
2416 843 2671 892 naturam
2708 840 2934 895 assidue
2973 841 3028 894 in
3074 851 3304 897 mortem
3340 847 3550 901 incum-

1980 922 2143 986 bere,
2181 923 2416 993 vitaeque
2445 933 2693 995 tempore
2731 931 3078 986 antecedenti
3122 942 3352 988 mortem
3395 953 3551 1005 pror-

1983 1030 2076 1068 sus
2117 1016 2324 1069 instare
2354 1024 2517 1085 atque
2549 1019 2832 1075 inbzerere.
2867 1021 3078 1076 Etenim
3109 1038 3235 1078 eum
3271 1026 3380 1080 vita
3412 1043 3551 1096 prte-

1982 1105 2182 1159 teriens
2212 1122 2426 1176 semper
2453 1107 2520 1161 ad
2553 1108 2797 1163 futurum
2823 1113 3152 1177 contendat,
3179 1131 3282 1177 nec
3314 1116 3380 1170 ad
3411 1133 3550 1186 prae-

1979 1195 2198 1248 teritum
2232 1213 2472 1266 unquam
2508 1192 2836 1261 revertatur,
2873 1202 3006 1270 quid
3048 1204 3198 1258 aliud
3231 1215 3350 1271 est.
3381 1224 3547 1278 quam

1979 1301 2130 1339 mors
2151 1325 2166 1347 ,
2198 1285 2250 1339 id
2275 1325 2289 1349 ,
2323 1288 2470 1356 quod
2499 1289 2715 1343 vitalem
2747 1291 3018 1345 actionem
3048 1307 3220 1362 usque
3254 1297 3548 1367 subsequi-

1978 1375 2110 1428 tur?
2139 1375 2320 1442 Quare
2351 1393 2473 1432 cum
2497 1379 2550 1433 in
2588 1387 2849 1449 tempore,
2877 1383 3020 1451 quod
3041 1391 3166 1439 ante
3199 1384 3371 1450 ﬂuxit,
3396 1388 3546 1444 desi-

1978 1476 2072 1520 nat
2102 1477 2282 1525 motus
2313 1471 2492 1526 omnis
2539 1481 2592 1526 et
2632 1475 2776 1528 actio
2821 1475 3001 1529 vitalis
3025 1515 3039 1538 ,
3074 1479 3379 1548 mortisque
3415 1497 3546 1550 pro-

1979 1560 2158 1628 prium
2187 1562 2294 1628 sit,
2319 1576 2408 1616 res
2439 1563 2506 1617 ad
2535 1564 2819 1618 interitum
2844 1603 2857 1628 ,
2889 1567 3232 1638 nihilumque
3259 1570 3544 1639 redigere;

1977 1651 2123 1720 quod
2172 1651 2394 1720 quidem
2451 1668 2668 1721 semper
2719 1655 2924 1709 actioni
2975 1659 3268 1726 praeterita
3321 1662 3546 1716 omnino

1975 1743 2270 1813 contingit,
2319 1759 2427 1798 non
2483 1747 2767 1813 mentitur,
2817 1749 2912 1818 qui
2965 1749 3096 1804 huic
3140 1751 3269 1806 vitze
3313 1762 3545 1807 mortem

1969 1831 2102 1886 dicit
2132 1848 2254 1888 esse
2279 1834 2653 1903 coniunctam.
2688 1836 2801 1892 Hoc
2831 1848 3014 1893 autem
3057 1855 3146 1895 res
3193 1842 3309 1911 ipsa
3351 1858 3541 1898 verum

1970 1936 2094 1976 esse
2142 1922 2464 1986 conﬁrmat,
2502 1925 2984 1996 quandoquidem,
3032 1930 3178 1998 quod
3231 1932 3298 1984 ad
3353 1933 3542 2002 subje-

1971 2024 2115 2069 ctam
2163 2017 2453 2074 materiam
2490 2018 2764 2086 pertinet,
2802 2017 2967 2072 homo
3004 2034 3112 2074 non
3147 2029 3231 2075 est
3266 2019 3410 2076 idem
3444 2022 3542 2076 ho-

1974 2106 2094 2168 die,
2124 2106 2217 2175 qui
2257 2106 2370 2161 heri
2411 2106 2531 2160 fuit.
2566 2107 2788 2176 Aliquid
2831 2107 2975 2162 enim
3021 2123 3087 2161 ex
3135 2124 3201 2164 eo
3247 2111 3543 2165 momentis

1978 2196 2210 2264 singulis
2240 2197 2491 2258 moritur,
2521 2204 2575 2250 et
2601 2196 2763 2262 fetet,
2796 2205 2851 2250 et
2879 2199 3276 2268 corrumpitur,
3313 2208 3368 2254 et
3399 2199 3542 2268 abji-

286 2283 390 2336 οὐκ
421 2283 528 2348 ἔξω
555 2287 654 2355 τῆς
686 2287 938 2356 ἀληθείας
969 2291 1092 2343 ἐστὶ
1133 2292 1193 2345 τὸ
1223 2294 1634 2364 συμπεπλέχθαι
1655 2297 1720 2365 τῇ
1759 2294 1869 2364 ζωῇ

1977 2288 2121 2341 citur
2165 2304 2178 2341 :
2231 2301 2355 2340 cum
2405 2297 2605 2342 tetrum
2641 2298 2839 2342 natura
2888 2287 3115 2343 fetorem
3160 2305 3226 2342 ex
3275 2305 3538 2359 oorpore,

284 2373 466 2444 ταύτῃ
497 2375 590 2428 τὸν
618 2376 842 2431 θάνατον
870 2379 1065 2446 λέγειν.
1096 2383 1204 2434 Καὶ
1241 2382 1414 2446 ἄλλως
1441 2383 1484 2435 δ’
1526 2383 1591 2436 ἀν
1614 2399 1698 2446 τις
1725 2382 1784 2436 εὖ
1795 2400 1870 2453 ροι

1981 2389 2237 2445 tanquam
2273 2375 2437 2430 funus
2465 2393 2530 2431 ex
2568 2378 2750 2446 aliqua
2787 2377 2982 2440 domo,
3030 2377 3254 2442 efferat,
3305 2385 3360 2432 et
3391 2380 3538 2449 quod

286 2462 352 2514 τὸ
383 2465 626 2517 τοιοῦτον
655 2465 825 2536 νόημα
854 2468 939 2522 διὰ
979 2469 1080 2539 τῆς
1104 2470 1360 2541 ἀληθείας
1387 2474 1517 2542 ἡμῖν
1539 2471 1870 2542 κρατυνόμε-

1981 2469 2199 2522 vitalem
2234 2466 2546 2522 facultatem
2579 2468 2690 2538 jam
2725 2468 2910 2533 exuit,
2939 2475 3099 2523 terrae
3129 2469 3328 2522 tradat.

284 2569 400 2615 νον,
431 2555 601 2626 αὐτῆς
623 2560 720 2628 τῆς
744 2560 938 2629 πείρας
973 2563 1351 2632 μαρτυρούσης
1377 2563 1455 2633 τῷ
1481 2562 1708 2633 δόγματι
1734 2601 1748 2624 ,
1784 2562 1867 2615 ὅτι
1903 2559 2000 2629 οὐχ
2031 2561 2059 2611 ὁ
2087 2559 2246 2622 αὑτός
2279 2560 2396 2611 ἐστι
2420 2559 2498 2629 τῷ
2518 2557 2688 2629 χθιζῷ
2711 2561 2738 2611 ό
2762 2560 2998 2630 σήμερον
3061 2558 3342 2630 ἄνθρωπος
3401 2562 3540 2614 κατά

285 2647 351 2699 το
392 2648 594 2711 ὑλικῶς
628 2648 984 2720 ὑποκείμενον
1009 2693 1025 2718 ,
1059 2654 1193 2708 ἀλλά
1233 2672 1284 2708 τι
1337 2655 1576 2716 πάντως
1628 2652 1794 2706 αὐτοῦ
1851 2650 1938 2704 διὰ
1973 2650 2172 2712 παντὸς
2208 2649 2494 2720 νεκροῦται
2518 2689 2533 2713 ,
2579 2649 2671 2702 καὶ
2712 2650 2822 2713 ὄζει
2848 2687 2863 2712 ,
2896 2650 2987 2702 καὶ
3023 2649 3410 2719 διαφθείρεται,
3445 2653 3539 2704 καὶ

285 2738 612 2792 ἐκϐάλλεται
637 2780 651 2803 ,
688 2741 938 2812 καθάπερ
966 2742 1144 2807 οἰκίας
1178 2744 1320 2804 τινὸς
1355 2745 1454 2814 τῆς
1495 2741 1588 2796 τοῦ
1616 2743 1863 2814 σώματος
1900 2739 2043 2810 λέγω
2087 2739 2429 2808 κατασκευῆς
2471 2737 2566 2808 τὴν
2590 2737 2830 2810 νεκρώδη
2873 2739 3134 2792 δυσωδίαν
3205 2742 3539 2816 ἐκφερούσης

285 2831 388 2901 τῆς
433 2831 685 2900 φύσεως,
721 2835 813 2888 καὶ
866 2838 932 2906 τῇ
985 2839 1052 2907 γῇ
1091 2835 1483 2907 παραδιδούσης
1518 2836 1580 2889 τὸ
1618 2836 1720 2907 ήδη
1767 2837 1866 2906 τῆς
1902 2831 2138 2900 ζωτικῆς
2163 2831 2442 2900 δυνάμεως
2471 2827 2574 2893 ἔξω
2601 2830 2906 2900 γενόμενον.

358 2927 458 2979 Διὸ
504 2928 646 2982 κατά
693 2928 792 3000 τὴν
825 2930 919 2983 τοῦ
971 2931 1204 3000 μεγάλου
1263 2933 1447 3002 φωνὴν
1489 2932 1698 2986 Παύλου
1751 2931 1871 2985 καθ’

2038 2926 2438 2993 Quamobrem,
2472 2934 2529 2979 ut
2555 2925 2760 2980 Paulus
2787 2928 2896 2991 ait,
2929 2927 3171 2996 quotidie
3198 2931 3461 2986 morimur
3481 2933 3534 2988 τι

287 3018 504 3090 ἡμέραν
537 3021 950 3092 ἀποθνήσκομεν
976 3065 990 3087 ,
1021 3025 1118 3094 οὐχ
1166 3026 1215 3076 οἱ
1265 3025 1418 3077 αὐτοὶ
1447 3024 1536 3096 διά
1567 3023 1760 3087 παντὸς
1808 3024 1867 3076 ἐν

1973 3019 2169 3088 quippe
2193 3017 2286 3086 qui
2317 3032 2428 3070 non
2460 3016 2621 3071 iidem
2651 3032 2866 3086 semper
2888 3034 3171 3075 manemus
3200 3020 3255 3074 in
3279 3021 3399 3091 ipso
3426 3038 3550 3078 cor-

287 3110 366 3182 τῷ
397 3111 551 3182 αὐτῷ
581 3111 924 3182 διαμένοντες
972 3113 1106 3185 οἴκῳ
1159 3113 1253 3168 τοῦ
1286 3113 1566 3186 σώματος,
1602 3115 1718 3169 ἀλλ’
1745 3115 1872 3168 ἐκά-

291 3219 446 3256 στοτε
481 3203 630 3256 ἄλλοι
661 3201 720 3268 ἐξ
751 3203 910 3257 άλλου
939 3205 1213 3275 γινόμενοι
1235 3204 1324 3258 διὰ
1347 3205 1663 3276 προσθήκης
1693 3222 1753 3257 τε
1777 3206 1872 3257 καὶ

291 3296 677 3365 ἀποποιήσεως
700 3333 714 3357 ,
753 3293 830 3357 ὡς
878 3293 1012 3365 πρὸς
1038 3295 1224 3350 καινὸν
1251 3294 1410 3365 σῶμα
1435 3294 1523 3348 διὰ
1551 3294 1750 3357 παντὸς
1777 3295 1871 3348 ἀλ·

1969 3109 2120 3178 poris
2147 3107 2429 3163 domicilio
2450 3147 2465 3172 ,
2491 3105 2587 3162 sed
2613 3109 2930 3162 accessione
2956 3110 3384 3181 decessioncque
3407 3127 3535 3166 eon-

1966 3201 2118 3254 tinua
2159 3199 2253 3253 alii
2297 3214 2362 3253 ex
2411 3198 2517 3251 alio
2550 3197 2852 3263 reddimur,
2891 3205 2946 3253 et
2977 3200 3034 3253 in
3081 3216 3277 3254 novum
3315 3203 3537 3257 assidue

1963 3305 2164 3360 corpus
2197 3290 2572 3344 immutamur.
2602 3288 2742 3354 Quid
2779 3288 2942 3359 igitttr
2971 3304 3093 3344 cum
3127 3299 3302 3346 morte
3336 3308 3438 3349 nos
3477 3303 3536 3347 ut

288 3384 612 3454 λοιούμενοι.
639 3384 705 3436 Τί
737 3381 831 3438 οὖν
862 3385 1178 3457 ξενιζόμεθα
1226 3387 1364 3456 πρὸς
1394 3386 1485 3440 τὸν
1519 3385 1745 3439 θάνατον
1764 3423 1778 3448 ,
1805 3379 1868 3437 οὗ

1973 3383 2191 3453 ιοερὶιεδ
2207 3377 2630 3449 peregrinosque
2656 3378 2919 3448 gerimus,
2947 3395 3072 3435 cum
3095 3381 3534 3438 demonstratum

289 3477 585 3548 ἀπεδείχθη
615 3477 810 3549 μελέτη
829 3478 1111 3549 διηνεκὴς,
1133 3480 1225 3532 καὶ
1252 3479 1548 3548 γυμνάσιον
1573 3479 1606 3548 ἡ
1629 3476 1717 3530 διὰ
1738 3494 1869 3548 σαρ-

290 3569 384 3631 κὸς
417 3565 554 3623 οὖσα
589 3569 738 3640 (toi);
772 3569 891 3622 Κᾶν
918 3570 1009 3622 τὸν
1056 3569 1222 3623 ὕπνον
1251 3569 1410 3640 εἴπῃς
1444 3569 1538 3622 καὶ
1579 3568 1677 3638 τὴν
1705 3568 1871 3638 ἐγρή-

290 3675 482 3730 γορσιν
510 3702 524 3724 ,
556 3659 721 3731 ἀλλην
751 3660 980 3715 θανάτου
1027 3660 1204 3730 λέγεις
1248 3661 1384 3730 πρὸς
1424 3660 1523 3729 τὴν
1556 3660 1701 3730 ζωὴν
1734 3675 1868 3728 σύμ--

288 3751 503 3820 πλοκὴν
530 3792 545 3812 ,
593 3752 1096 3822 κατασϐεννυμένης
1143 3753 1204 3806 ἐν
1247 3755 1360 3815 τοῖς
1397 3750 1716 3805 καθεύδουσι
1767 3750 1869 3821 τῆς

284 3842 636 3908 αἰσθήσεως,
669 3842 757 3894 καὶ
803 3841 964 3896 πάλιν
992 3842 1091 3912 τῆς
1123 3843 1502 3913 ἐγρηγόρσεως
1537 3839 1864 3910 ἐνεργούσης

285 3935 432 4004 ἡμῖν
455 3933 514 3984 ὲν
540 3933 669 4003 αὐτῇ
699 3934 789 4004 τὴν
815 3933 1174 4004 ἐλπιζομένην
1196 3935 1518 3998 ἀνάστασιν;
1552 3932 1689 3986 Ἀλλ’
1711 3930 1864 3985 οὓπω

281 4025 350 4077 τὸ
395 4024 747 4094 προκείμενον
795 4029 926 4096 ἡμῖν
970 4025 1337 4096 εὐσαφηνίσθη
1372 4024 1459 4079 διά
1487 4024 1594 4078 τῶν
1639 4023 1865 4094 είρημέ-

284 4131 415 4176 νων,
443 4112 538 4166 τού
571 4114 866 4167 ἐπεισοδίου
915 4115 1184 4185 νοήματος
1212 4114 1347 4184 πρὸς
1389 4113 1582 4184 ἑτέραν
1628 4112 1862 4182 θεωρίαν

289 4204 706 4273 παραγαγόντος
725 4205 815 4258 τὸν
845 4205 1018 4272 λόγον.

1967 3474 2071 3536 sit,
2100 3472 2266 3524 vitatu
2298 3471 2440 3525 hanc
2468 3484 2629 3540 quam
2664 3471 2716 3524 in
2745 3485 2910 3525 carne
2937 3471 3203 3542 degimus,
3231 3473 3365 3528 nihil
3390 3474 3535 3530 aliud

1965 3579 2122 3626 esse,
2172 3561 2280 3616 nisi
2320 3569 2638 3631 perpetuam
2689 3563 2881 3616 mortis
2925 3565 3436 3620 commentationem
3471 3581 3535 3621 ac

1966 3653 2254 3710 studium?
2301 3652 2486 3719 Quid?
2517 3652 2635 3722 ipse
2665 3667 2892 3708 somnus
2927 3664 3090 3723 atque
3145 3655 3330 3722 vigilia
3351 3695 3366 3719 ,
3403 3657 3532 3726 quid

1964 3744 2113 3798 aliud
2149 3753 2311 3808 sunt,
2360 3744 2467 3798 nisi
2516 3745 2708 3799 mortis
2743 3747 2972 3815 vitaaque
3017 3747 3334 3816 complexus
3374 3757 3535 3818 atque

1963 3834 2315 3904 coniunctio?
2339 3848 2463 3887 cum
2504 3842 2558 3887 et
2593 3833 2926 3889 dormientes
2959 3845 3212 3905 tanquam
3240 3839 3535 3895 exstinctos

1966 3939 2161 3979 sensus
2209 3939 2308 3979 nos
2352 3924 2602 3988 deserat,
2649 3934 2702 3995 et
2751 3926 3020 3980 excitatos
3077 3926 3258 3996 vigilia
3309 3939 3534 3996 speratae

1968 4016 2396 4071 resurrectionis
2435 4016 2762 4070 admoneat?
2809 4015 3006 4069 Verum
3046 4016 3388 4086 digt'essione
3429 4019 3534 4074 hac

1968 4107 2037 4160 ad
2073 4107 2176 4160 alia
2209 4105 2609 4162 consideranda
2641 4121 2742 4159 nos
2778 4105 3115 4167 addueente,
3149 4106 3293 4175 quod
3325 4123 3529 4176 propo-

1969 4197 2182 4253 suimus
2214 4196 2455 4251 nondum
2490 4193 2902 4263 explicavimus.

361 4271 531 4344 Πάλιν
563 4293 742 4347 τοίνυν
781 4294 842 4346 τὸ
889 4271 1148 4366 προτεθὲν
1199 4293 1592 4364 ἀναλάϐωμεν,
1642 4295 1722 4347 ὅτι
1763 4294 1864 4347 οὐκ

2037 4289 2220 4356 Quare
2258 4287 2324 4342 ad
2364 4285 2704 4358 propositum
2742 4293 3104 4349 revertamur,
3142 4286 3532 4342 ostendamus-

283 4384 579 4453 ἀχρήστως
619 4386 756 4456 πρὸς
776 4388 872 4456 τὴν
911 4386 1362 4458 προσδοκωμένην
1393 4385 1502 4439 τῶν
1535 4385 1755 4454 ἀγαθῶν
1780 4385 1865 4438 ἐλ-

284 4475 415 4528 πίδα
443 4515 459 4537 ,
490 4477 612 4529 οὐδὲ
643 4480 676 4548 ἡ
717 4478 809 4531 τοῦ
859 4477 1109 4549 σώματος
1133 4478 1296 4548 φύσις
1338 4478 1469 4548 ἔχει.
1518 4478 1580 4531 El
1612 4477 1708 4548 μὲν
1757 4476 1865 4548 γὰρ

282 4558 426 4631 ἦμεν
467 4566 604 4633 ὅπερ
639 4565 700 4631 ἐξ
730 4568 904 4638 ἀρχῆς
933 4567 1256 4636 ἐγενόμεθα,
1296 4566 1395 4618 οὐκ
1426 4564 1490 4617 ἀν
1530 4564 1743 4626 πάντως
1771 4562 1864 4615 τοῦ

285 4654 612 4723 δερματίνου
659 4657 882 4726 χιτῶνος
929 4657 1402 4727 προσεδεήθημεν,
1454 4653 1865 4728 ἐπιλαμπούσῃς

288 4746 421 4815 ἡμῖν
459 4746 561 4816 τῆς
595 4749 733 4818 πρὸς
764 4749 823 4800 τὸ
851 4749 1002 4801 Θείον
1041 4747 1374 4818 ὁμοιώσεως.
1419 4747 1476 4799 '0
1515 4745 1573 4799 δέ
1606 4745 1746 4806 θεῖος
1774 4762 1870 4815 χα-

287 4837 501 4908 ρακτὴρ
521 4841 550 4891 6
571 4840 987 4909 ἐπιφαινόμενος
1014 4842 1145 4909 ἡμῖν
1169 4839 1232 4892 τὸ
1260 4839 1378 4892 κατ’
1407 4836 1601 4908 ἀρχὰς,
1633 4836 1693 4889 ού
1715 4835 1865 4889 ποιοῦ

283 4927 572 4996 σχήματός
611 4946 754 4992 τινος
798 4929 830 4999 ἢ
864 4928 1153 5000 χρώματος
1181 4928 1246 4999 ἦν
1289 4927 1485 4996 ἰδιότης
1508 4965 1524 4990 ,
1555 4925 1669 4978 ἀλλ’
1699 4921 1779 4987 οἷς
1807 4924 1868 4976 τὸ

277 5020 432 5072 Θεῖον
470 5019 750 5090 θεωρεῖται
792 5021 983 5084 κάλλος
1009 5060 1023 5084 ,
1061 5021 1323 5083 τοιούτοις
1356 5015 1752 5081 ἐκαλλωπίζετο
1774 5014 1868 5068 καὶ

271 5114 306 5163 ὁ
333 5110 646 5179 ἄνθρωπος,
686 5113 756 5165 δι’
801 5113 1069 5174 ἀπαθείας
1094 5129 1154 5166 τε
1206 5112 1299 5165 καὶ
1341 5110 1736 5182 μακαριότητος
1774 5108 1867 5160 καὶ

270 5198 626 5266 ἀφθαρπας.
680 5200 777 5271 τὴν
820 5202 1128 5272 ἀρχέτυπον
1181 5200 1341 5271 χάριν
1397 5195 1862 5268 ἀπομιμούμενος.

282 5290 518 5360 Ἐπειδὴ
555 5291 610 5344 δὲ
659 5293 725 5345 δι’
757 5294 972 5363 ἀπάτης
1003 5293 1097 5347 τοῦ
1128 5292 1323 5364 ἐχθροῦ
1371 5292 1468 5362 τῆς
1504 5291 1648 5358 ζωῆς
1688 5289 1865 5358 ἡμῶν.

277 5381 419 5453 πρὸς
469 5381 530 5433 τὸ
578 5383 856 5452 κτηνῶδες-
882 5386 974 5438 καὶ
1032 5385 1226 5453 ἄλογον
1260 5382 1520 5445 ἑκουσίως
1561 5382 1659 5452 τὴν
1697 5379 1867 5451 ῥοπὴν

283 5473 440 5543 ετλεν
492 5473 522 5524 ό
552 5473 834 5544 ἄνθρωπος
858 5514 871 5540 ,
923 5476 984 5529 τὸ
1020 5478 1117 5537 μὲν
1165 5478 1394 5539 ἄκοντας
1438 5477 1738 5546 ἀποστῆναι
1773 5469 1865 5525 τοῦ

350 5643 416 5701 Ἰ
459 5642 592 5701 Cor.
624 5661 712 5708 xv.
747 5647 834 5701 51.

609 5735 881 5798 Parnm.
911 5737 1032 5795 (in.
1079 5736 1294 5803 XLVI.

1970 4397 2076 4450 que
2109 4397 2178 4434 ne
2212 4379 2462 4449 corporis
2492 4376 2712 4448 quidem
2746 4385 3000 4431 naturam
3037 4377 3285 4433 inutilem
3315 4394 3437 4434 esse
3466 4381 3531 4436 ad

1969 4487 2120 4542 spem
2153 4471 2450 4531 bonorum,
2484 4483 2604 4540 quae
2629 4483 2660 4523 a
2684 4468 2844 4523 nobis
2875 4477 3284 4538 exspectantur.
3323 4470 3533 4526 Etenim

1969 4565 2014 4618 si
2047 4564 2183 4618 tales
2214 4563 2631 4625 mattsissemus,
2671 4561 2862 4629 quales
2886 4561 3040 4616 initio
3073 4560 3273 4616 fuimus
3307 4576 3531 4632 procre-

1970 4660 2080 4724 ati,
2135 4658 2225 4713 Dei
2274 4657 2634 4714 similitudine
2675 4658 2731 4712 in
2779 4657 2936 4713 nobis
2976 4658 3260 4722 elucente,
3306 4659 3532 4728 pellicea

1969 4750 2153 4804 tunica
2187 4750 2502 4819 neutiquam
2536 4747 2986 4817 indiguissemus.
3024 4748 3210 4801 Divina
3243 4751 3386 4802 enim
3415 4765 3534 4819 qua:

1968 4842 2238 4911 principio
2283 4841 2337 4895 in
2387 4840 2544 4895 nobis
2582 4841 2910 4895 cernebatur
2959 4847 3116 4902 nota,
3159 4855 3265 4893 non
3309 4840 3363 4893 in
3395 4856 3533 4907 qua-

1964 4932 2225 5000 licunque
2260 4933 2444 5001 figura:
2475 4931 3117 5002 colorisve-proprietate
3161 4933 3495 4987 consistebat
3517 4973 3531 4995 .

1965 5023 2060 5078 sed
2089 5021 2288 5090 quibus
2317 5021 2627 5092 insignibus
2653 5019 2745 5075 Dei
2778 5021 3127 5092 pulchritudo
3173 5022 3530 5090 conspicis-ar,

1965 5113 2159 5169 iisdem
2219 5112 2379 5165 homo
2441 5111 2738 5166 decoratus
2789 5127 2884 5182 per
2934 5112 3325 5166 beatitudinem
3383 5114 3534 5182 aegri-

1967 5203 2173 5259 tudinis
2221 5209 2274 5256 et
2317 5203 2687 5272 corruptionis
2718 5213 2993 5274 expertem
3039 5204 3368 5270 exemplaris
3405 5218 3532 5272 gra-

1967 5295 2097 5349 tiam
2141 5293 2500 5362 exprimebat.
2547 5292 2653 5346 Sed
2697 5303 3052 5363 posteaquam
3096 5309 3125 5347 a
3170 5295 3291 5346 vita:
3331 5303 3534 5348 nostra:

1968 5384 2194 5441 inimico
2234 5383 2372 5439 dolis
2422 5384 2680 5454 deceptus
2741 5385 2805 5437 ad
2873 5385 3172 5440 bestiarum
3224 5386 3534 5455 rationique

1967 5478 2301 5532 contrariam
2361 5474 2526 5530 vitam
2601 5475 3032 5545 amplectendam
3095 5479 3374 5533 voluntate
3435 5491 3534 5532 sua

3217 5743 3292 5804 l7
