3896 6204
1619 296 1677 352 S.
1702 294 2031 353 GREGORII

392 412 716 487 propensior
773 408 982 476 evasit,
1038 404 1504 461 inconsideratius
1552 402 1789 461 fortasse
1841 421 1955 461 rem
1985 410 2030 469 Α

390 502 825 577 expendentibus
851 499 1132 555 videretur
1166 497 1333 565 utile,
1366 504 1427 553 ut
1464 511 1495 551 a
1538 497 1684 552 malo
1716 495 1959 554 discede-

391 612 577 653 remus
612 593 803 658 inviti,
839 590 1130 661 coactique
1163 588 1229 644 ad
1266 589 1470 644 bonum
1504 595 1862 644 revertemur.
1889 585 1957 642 At

387 673 642 743 huma’na
690 692 899 740 natura
945 680 1186 738 ell‘ectori
1219 680 1412 735 inutile
1455 678 1633 734 visum
1672 685 1757 734 est
1796 684 1961 748 atque

389 782 638 851 iniquum
663 821 677 845 ,
710 787 772 832 ut
804 777 875 831 ob
906 790 1027 831 eam
1060 773 1478 845 dispositionem
1504 779 1705 827 natura
1733 769 1958 825 maximi

350 872 355 944 ς
388 871 517 926 boni
549 871 825 942 iacturam
862 868 1082 921 laceret.
1118 863 1254 919 Nam
1287 878 1412 918 cum
1449 861 1557 917 Deo
1586 861 1804 926 similis,
1826 861 1959 915 bea-

390 972 587 1032 tusque
632 974 695 1015 ea
741 974 802 1014 re
836 965 983 1014 esset
1033 956 1230 1021 homo,
1279 953 1424 1025 quod
1477 952 1648 1008 libera
1697 952 1959 1023 praeditus

387 1061 507 1107 erat
532 1053 812 1107 voluntate
839 1048 1017 1119 (juris
1045 1048 1190 1103 enim
1215 1061 1339 1102 esse
1367 1046 1485 1111 sui,
1510 1053 1565 1099 et
1590 1044 1796 1100 nullius
1830 1043 1959 1099 sub-

383 1146 587 1214 jectum
618 1141 870 1212 imperio,
898 1140 1098 1195 divina
1121 1146 1206 1194 est
1237 1135 1601 1215 beatitudinis
1625 1134 1955 1207 proprium),

388 1236 435 1291 si
472 1234 801 1290 necessitate
841 1232 993 1286 illum
1016 1270 1031 1295 ,
1068 1236 1122 1285 et
1160 1230 1213 1283 vi
1254 1228 1321 1283 ad
1359 1226 1568 1298 aliquid
1615 1227 1958 1297 impulisset,

387 1341 451 1382 ca
502 1324 798 1395 spoliasset
846 1322 1026 1397 ipsum
1078 1320 1362 1391 dignitate.
1416 1318 1519 1383 Qui
1569 1317 1715 1372 enim
1767 1323 1962 1387 sponte

388 1427 648 1489 motuque
706 1416 1019 1472 voluntario
1073 1422 1327 1468 naturam
1401 1426 1557 1467 suam
1617 1410 1686 1465 ad
1754 1408 1961 1482 aliquid

387 1528 612 1575 eorum,
663 1525 785 1581 qua
840 1524 952 1563 non
1006 1505 1376 1569 conveniunt,
1429 1510 1861 1566 converterunt,
1913 1504 1961 1557 si

386 1618 484 1674 per
506 1601 616 1654 vim
645 1599 712 1653 ab
742 1598 810 1651 iis
831 1636 846 1661 ,
876 1610 999 1667 qua
1029 1595 1131 1650 sibi
1168 1594 1270 1664 ipsi
1309 1592 1665 1663 delegerunt,
1695 1591 1962 1646 desistere

386 1699 675 1763 cogantur,
723 1689 930 1743 bonum
981 1685 1091 1741 illis
1143 1684 1422 1748 adimitur,
1482 1682 1629 1753 quod
1677 1680 1955 1736 habebant

385 1759 581 1858 prius:
616 1798 788 1852 eaque
819 1797 909 1836 res
941 1790 1022 1834 est
1063 1777 1298 1849 privatio
1348 1775 1525 1831 divini
1568 1773 1818 1829 honoris.
1865 1771 1955 1827 Li-
1989 1759 2028 1813 Β

388 1883 575 1935 herum
621 1878 765 1933 enim
807 1871 1106 1929 voluntatis
1148 1869 1439 1924 arbitrium
1498 1874 1584 1922 est
1638 1866 1817 1920 honor
1872 1864 1958 1918 di-

386 1971 515 2025 vino
555 1966 804 2038 aequalis.
848 1962 1219 2031 Quamobrem
1272 1968 1334 2014 ut
1381 1959 1546 2015 simul
1602 1965 1657 2013 et
1706 1958 1957 2011 humana

386 2070 595 2115 natura
640 2058 1050 2126 relinqueretur
1099 2051 1341 2122 dignitas
1387 2050 1573 2105 libera:
1622 2049 1955 2115 voluntatis,

385 2162 440 2207 et
478 2153 655 2222 ipsum
700 2147 1015 2202 auferretur
1053 2144 1289 2203 malum.
1336 2143 1476 2196 hanc
1516 2140 1700 2194 divina
1741 2140 1959 2209 sapien-

388 2245 463 2297 tia
510 2242 774 2297 rationem
808 2227 1170 2306 excogitavit,
1202 2243 1263 2288 ut
1299 2234 1357 2288 in
1401 2233 1469 2288 iis
1516 2231 1789 2286 hominem
1837 2244 1960 2285 esse

387 303 492 362 5’23

388 2337 622 2398 sineret,
658 2346 779 2401 qua
812 2328 913 2383 sibi
949 2327 1068 2397 ipse
1109 2325 1398 2396 elegisset,
1432 2338 1542 2393 quo
1575 2320 1808 2393 gustatis
1842 2334 1959 2374 ma-

388 2430 489 2495 lis,
537 2441 659 2498 qua
711 2422 1139 2493 concupiverat,
1194 2417 1638 2489 experiendoque
1689 2415 1956 2476 discens.

387 2533 510 2588 qua
550 2515 749 2587 quibus
789 2517 1223 2576 commutasset,
1270 2524 1334 2563 ea
1387 2506 1688 2577 cupiditate
1736 2518 1960 2561 rursum

386 2610 791 2671 incenderetur,
818 2611 879 2659 ut
903 2604 1157 2658 vitiorum
1192 2599 1775 2673 perturbationumqne
1793 2638 1808 2663 ,
1839 2612 1962 2668 qua

388 2696 584 2752 rationi
642 2694 878 2748 inimica
928 2682 1093 2756 sunt,
1150 2705 1317 2745 onere
1347 2689 1633 2758 deposito,
1692 2695 1747 2743 et
1778 2688 1863 2743 vel
1902 2689 1959 2743 in

387 2785 644 2858 praesenti
674 2784 786 2840 vita
813 2784 1071 2854 precibus
1104 2781 1500 2850 sapientiaque
1544 2780 1729 2835 studio
1760 2795 1962 2851 purga-

385 2889 512 2946 tus,
540 2877 621 2933 vel
654 2885 774 2947 post
803 2874 1015 2929 obitum
1054 2888 1150 2943 per
1182 2871 1543 2942 expurgantis
1585 2870 1729 2941 ignis
1772 2868 1963 2924 forna-

382 2986 501 3025 cem
533 2968 817 3039 expiatus,
864 2965 931 3020 ad
980 2964 1271 3035 pristinam
1304 2963 1465 3018 vellet
1509 2961 1691 3018 redire
1738 2961 1964 3017 felicita-

2061 294 2356 353 NYSSENI
3527 295 3628 352 526

2060 406 2300 478 χείρονος
2318 446 2333 471 ,
2366 405 2460 459 καὶ
2497 404 2631 477 πρὸς
2657 403 2720 458 τὸ
2758 404 3002 476 κρεῖττον
3025 404 3442 476 ἀναγκαστικῶς
3473 425 3626 479 μετα-

2058 497 2227 552 θεῖναι
2252 538 2266 562 ,
2300 499 2411 562 τοῖς
2450 499 2547 569 μὲν
2588 497 2965 565 ἀνεξετάστως
3000 498 3268 569 χρήσιμον
3298 493 3441 552 εἰναι
3467 498 3625 553 δοκεῖ⁸
3651 508 3664 578 ζ

2056 589 2133 661 τῷ
2188 590 2245 644 δὲ
2291 589 2503 663 πλάστῃ
2555 590 2655 661 τῆς
2703 590 2919 660 φύσεως
2966 587 3277 653 ἀλυσιτελὲς
3318 590 3493 661 ἐφάνη
3541 591 3633 644 καὶ

2057 681 2241 737 ἀδικον
2262 722 2277 747 ,
2312 680 2411 753 τὴν
2456 680 2551 734 τοῦ
2602 680 2859 751 μεγίστου
2906 679 3015 735 τῶν
3062 679 3282 750 ἀγαθῶν
3315 680 3518 752 ζημίαν
3548 681 3635 734 διά

2058 772 2157 843 τῆς
2186 771 2440 843 τοιαύτης
2467 770 2776 843 οἰκονομίας
2802 772 3188 843 ἐμποιῆσαιτῇ
3222 770 3400 841 φύσει.
3417 768 3640 842 Ἐπειδὴ

2058 864 2166 935 γάρ
2194 863 2435 935 θεοειδὴς
2464 864 2494 916 6
2528 862 2814 934 ἄνθρωπος
2840 863 3058 932 ἐγένετο
3081 884 3101 930 ,-
3127 866 3222 917 καὶ
3265 863 3535 935 μακάριος
3556 861 3637 934 τῷ

2058 956 2391 1027 αὐτεξουσίῳ
2411 955 2769 1027 τετιμημένος
2800 955 2898 1020 (τὸ
2939 956 3049 1027 γὰρ
3083 955 3417 1026 αὐτοκρατές
3452 971 3512 1007 τε
3542 955 3639 1010 καὶ

2058 1048 2350 1102 ἀδέσποτον
2384 1048 2514 1101 ίδιόν
2572 1048 2687 1100 ἐστι
2740 1047 2837 1118 τῆς
2888 1047 3037 1110 Θείας
3067 1045 3547 1119 μακαριότητος),
3576 1044 3639 1098 τὸ

2058 1137 2125 1190 δι’
2158 1137 2401 1208 ἀνάγκης
2434 1137 2597 1191 αὐτὸν
2624 1138 2714 1190 ἐπί
2761 1155 2813 1190 τι
2855 1137 3186 1208 μεταχθῆναι
3214 1136 3437 1207 βιαίως,
3473 1135 3638 1205 ἀφαί-

2064 1245 2211 1301 ρεσις
2256 1227 2350 1281 τοῦ
2389 1227 2696 1300 ἀξιώματος
2734 1223 2821 1300 ἦν.
2861 1229 2923 1282 Εἰ
2969 1229 3077 1299 γὰρ
3115 1227 3373 1292 ἑκουσίως
3400 1226 3500 1299 τὴν
3542 1228 3640 1281 ἀν-

2062 1320 2339 1392 θρωπίνην
2391 1319 2551 1390 φύσιν
2585 1320 2725 1375 κατά
2755 1320 2853 1391 τὴν
2893 1319 3236 1385 αὐτεξούσιον
3280 1319 3492 1391 κίνησιν
3541 1317 3637 1371 ἐπί

2060 1427 2114 1463 τι
2145 1409 2254 1463 τῶν
2282 1410 2344 1464 οὐ
2392 1410 2619 1464 δεόντων
2660 1411 3017 1481 ὁρμήσασαν,
3059 1410 3246 1481 βιαίως
3280 1428 3341 1464 τε
3375 1411 3469 1464 καὶ
3499 1426 3639 1464 κατα

2061 1503 2488 1574 ηναγκασμένως
2504 1503 2611 1557 τῶν
2643 1504 2975 1576 αἱρεσάντων
3002 1505 3327 1576 ἀπέστησεν,
3348 1504 3639 1576 ἀφαίρεσις

2060 1595 2127 1649 ἂν
2155 1592 2223 1668 ἦν
2254 1595 2349 1650 τοῦ
2399 1598 2720 1668 προέχοντος
2754 1596 2959 1666 ἀγαθοῦ
2986 1597 3047 1650 τὸ
3069 1597 3380 1668 γινόμενον,
3410 1596 3505 1650 καὶ
3535 1596 3640 1667 τῆς

2066 1687 2270 1742 ἰσοθέου
2291 1689 2456 1759 τιμῆς
2483 1688 2871 1761 ἀποστέρησις.
2911 1688 3137 1743 ’ἰσόθεον
3155 1689 3266 1759 γάρ
3292 1687 3482 1744 ἐστιτὸ
3510 1687 3645 1742 αὐτ-

2057 1776 2316 1842 εξούσιον.
2358 1779 2445 1843 Ὠς
2479 1778 2545 1832 ἂν
2582 1773 2674 1832 οὗν
2708 1780 2860 1850 καὶὴ
2891 1778 3108 1846 ἐξουσία
3148 1780 3301 1849 μένοι
3327 1782 3396 1852 τῇ
3445 1778 3638 1848 φύσει,

2059 1870 2154 1923 καὶ
2185 1870 2245 1923 τὸ
2270 1871 2437 1925 κακὸν
2465 1852 2785 1942 ἀπογένοιτο
2809 1911 2825 1935 ,
2860 1870 3063 1942 ταύτην
3089 1865 3248 1941 εὗρεν
3279 1873 3314 1942 ἡ
3354 1871 3519 1940 σοφία
3539 1868 3642 1924 τοῦ

2059 1961 2197 2016 Θεοῦ
2234 1962 2332 2033 τὴν
2357 1964 2600 2017 ἐπίνοιαν
2623 2003 2639 2029 ,
2668 1963 2730 2017 τὸ
2779 1964 2939 2018 ἐᾶσαι
2975 1963 3065 2017 τὸν
3117 1962 3399 2033 ἄνθρωπον
3445 1965 3507 2017 ἐν
3553 1958 3645 2028 οἷς

2060 2052 2323 2124 ἐϐουλήθη
2353 2054 2643 2123 γενέσθαι,
2675 2055 2762 2110 ἵνα
2789 2055 3125 2125 γευσάμενος
3162 2054 3269 2108 τῶν
3307 2055 3492 2109 κακῶν
3516 2096 3533 2120 ,
3559 2049 3643 2110 ὧν

2060 2143 2426 2215 ἐπεθύμησεν,
2455 2144 2548 2199 καί
2566 2148 2632 2217 τῇ
2665 2145 2833 2217 πείρα
2870 2144 3057 2215 μαθὼν
3075 2184 3091 2209 ,
3125 2139 3213 2199 οἷα
3239 2146 3353 2199 ἀνθ’
3379 2146 3509 2199 οἴων
3541 2145 3645 2216 ηλ-

2058 2234 2255 2301 λάξατο
2278 2272 2294 2298 ,
2342 2233 2751 2307 παλινδρομήσῃ
2786 2234 2877 2289 διὰ
2918 2234 3020 2306 τῆς
3057 2234 3348 2306 ἐπιθυμίας
3371 2234 3643 2300 ἑκουσίως

2061 2327 2198 2398 πρὸς
2219 2326 2318 2399 τὴν
2345 2326 2569 2399 πρώτην
2573 2327 2972 2410 ,μακαριότητα
2989 2368 3006 2393 ,
3040 2327 3185 2382 ἆπαν
3208 2328 3269 2382 τὸ
3296 2325 3541 2397 ἐμπαθές
3570 2343 3639 2380 τε

2061 2416 2156 2471 καὶ
2183 2416 2375 2485 ἄλογον
2397 2457 2412 2482 ,
2460 2416 2648 2488 ὥσπερ
2677 2434 2729 2471 τι
2770 2416 2935 2487 ἀχθος
2977 2415 3356 2481 ἀποσκευάσας
3396 2416 3495 2487 τῆς
3530 2414 3639 2483 φύ-

2061 2524 2199 2571 σεως
2220 2549 2235 2574 ,
2269 2508 2388 2577 ἦτοι
2418 2507 2559 2562 κατὰ
2587 2507 2685 2578 τὴν
2711 2505 2992 2578 παροῦσαν
3016 2505 3177 2577 ζωὴν,
3210 2506 3298 2559 ὂιά
3326 2503 3640 2576 προσευχῆς

2059 2614 2120 2652 τε
2147 2599 2241 2651 καὶ
2273 2597 2587 2666 φιλοσοφίας
2616 2596 3014 2667 ἐκκαθαρθεκ,
3047 2594 3080 2666 ἢ
3113 2595 3250 2666 μετὰ
3282 2593 3379 2665 τὴν
3425 2592 3644 2648 ἐνθένδε

2063 2689 2478 2759 μετανάστασιν,
2502 2687 2591 2742 διὰ
2614 2687 2719 2757 τῆς
2741 2686 2834 2741 τοῦ
2861 2686 3158 2758 καθαρσίου
3194 2685 3362 2758 πυρὸς
3386 2684 3641 2755 χωνείας.

2063 2780 2274 2851 ’Ὥσπερ
2302 2780 2411 2851 γὰρ
2440 2780 2493 2833 εί
2508 2796 2592 2842 τις
2629 2778 2867 2851 ἰατρικὸς
2898 2777 2975 2832 ὢν
2998 2818 3013 2843 ,
3053 2780 3150 2832 καὶ
3199 2780 3379 2833 πᾶσαν
3412 2778 3647 2849 ἐπιστή-

2065 2886 2173 2942 μην
2194 2870 2303 2924 τῶν
2330 2887 2392 2923 τε
2423 2869 2723 2940 σωτηρίων,
2750 2870 2972 2925 καὶτῶν
2995 2870 3332 2942 δηλητηρίων
3355 2871 3422 2923 ἐκ
3440 2870 3646 2940 τέχνης

2063 2964 2236 3036 ἔχων,
2274 2964 2655 3036 συμϐουλεύων
2680 2963 2761 3036 τῷ
2797 2962 3065 3035 μειρακίῳ
3090 2963 3157 3016 τά
3187 2961 3408 3027 δέοντα,
3437 2960 3517 3031 μὴ
3551 2960 3648 3013 δυ-

385 3073 515 3116 tem.
550 3058 619 3115 Ut
653 3058 799 3113 enim
841 3057 887 3113 si
920 3057 1047 3127 quis
1077 3056 1304 3111 medica
1334 3054 1616 3111 facultatis
1638 3096 1653 3121 ,
1685 3061 1741 3109 et
1766 3068 1955 3109 eorum

2062 3055 2250 3127 νηθείη
2284 3056 2374 3109 διά
2422 3056 2730 3128 συμσουλῆς
2760 3056 3001 3114 κωλῦσαι
3037 3054 3130 3109 τὸν
3159 3054 3324 3124 ἀτελῆ
3368 3054 3513 3107 κατά
3541 3052 3644 3123 τὴν

384 3171 505 3226 qua
530 3150 826 3207 valetudini
852 3150 934 3206 vel
966 3148 1181 3220 prosint
1207 3148 1289 3202 vel
1320 3146 1537 3211 obsint,
1567 3145 1957 3216 peritissimus,

394 3244 805 3299 adolescentulo
835 3239 1053 3311 quidem
1099 3235 1418 3293 consuleret
1455 3236 1739 3301 salutaria,
1783 3235 1880 3293 sed
1908 3236 1959 3292 ei

387 3347 567 3389 tamen
599 3340 821 3403 propter
855 3330 1036 3385 atatis
1070 3328 1485 3400 prudentiaque
1527 3327 1958 3384 imbecillitatem

382 3426 618 3482 consilio
662 3440 763 3479 suo
809 3421 1143 3493 persuadere
1187 3433 1296 3474 non
1338 3426 1556 3488 posset,
1595 3419 1894 3489 quominus
1927 3432 1957 3472 a

384 3516 565 3571 fructu
584 3554 598 3579 ,
634 3521 728 3567 aut
758 3513 925 3568 herba
954 3512 1136 3581 aliqua
1162 3509 1473 3580 perniciosa
1512 3517 1876 3581 temperaret,
1908 3511 1957 3566 is

368 3623 508 3663 ecum
541 3621 701 3661 omne
730 3604 1095 3659 remediorum
1126 3616 1299 3671 genus
1330 3602 1384 3655 in
1417 3610 1671 3673 promptu
1702 3603 1954 3668 haberet,

380 3697 725 3769 permitteret
756 3696 889 3759 ﬁlio,
912 3702 970 3749 ut
997 3708 1058 3749 re
1082 3693 1244 3749 noxia
1274 3702 1613 3761 vesceretur,
1636 3709 1748 3764 quo
1778 3693 1958 3749 morbi

384 3787 637 3842 molestia
688 3795 783 3841 aut
829 3785 1020 3841 dolore
1053 3785 1237 3854 aliquo
1283 3784 1571 3851 alTectum,
1622 3800 1791 3856 reque
1835 3785 1957 3855 ipsa

380 3878 596 3949 paterni
635 3876 850 3932 consilii
895 3877 1185 3931 utilitatem
1232 3884 1654 3947 agnoscentem,
1691 3876 1957 3933 valetudio

381 3970 579 4041 nisque
609 3968 949 4042 cupidiorem
981 3968 1399 4024 medicamentis
1426 3969 1542 4025 suis
1572 3969 1626 4023 in
1659 3966 1954 4039 pristinum

382 4061 668 4116 reduceret
709 4066 911 4115 statum
929 4100 942 4123 ,
972 4057 1117 4112 unde
1146 4065 1368 4128 prepter
1393 4058 1616 4114 stultam
1645 4058 1755 4113 cibi
1796 4058 1958 4128 pesti-

380 4153 481 4209 feri
528 4152 882 4222 cupiditatem
918 4150 1216 4206 excidisset
1254 4170 1267 4204 :
1318 4151 1398 4206 sic
1444 4150 1698 4205 humanae
1745 4158 1955 4207 natura

378 4244 732 4300 dulcissimus
775 4251 938 4316 atque
977 4243 1219 4314 Optimus
1262 4250 1437 4313 pater,
1479 4258 1601 4314 qua
1648 4242 1949 4307 salutaria,

377 4350 565 4409 quave
600 4334 905 4408 perniciosa
954 4343 1140 4389 essent
1189 4334 1433 4399 homini,
1470 4335 1631 4404 plane
1679 4341 1948 4388 noverat:

377 4427 562 4496 itaque
594 4425 745 4481 illum
781 4424 1100 4489 admonuit,
1132 4440 1198 4479 ne
1236 4425 1551 4494 perniciosa
1583 4426 1947 4495 contingeret.
1985 4461 2028 4517 ο

377 4514 579 4572 Verum
622 4531 745 4570 cum
783 4517 859 4569 rei
892 4514 1183 4568 deterioris
1212 4515 1511 4584 cupiditate
1552 4512 1733 4569 victus
1762 4521 1948 4581 esset,

377 4605 792 4662 medicamentis
824 4619 932 4657 non
965 4604 1201 4674 iudiguit
1223 4644 1237 4666 ,
1272 4598 1478 4673 quibus
1506 4617 1629 4657 eum
1664 4603 1731 4657 ad
1766 4603 1953 4673 pristi-

377 4713 502 4753 nam
539 4698 826 4752 sanitatem
869 4702 1178 4750 revocaret.
1230 4694 1437 4747 Etenim
1474 4708 1598 4747 cum
1627 4708 1949 4764 corpoream

377 4791 537 4843 istam
567 4789 905 4861 voluptatem
957 4786 1127 4840 animi
1163 4785 1362 4839 latitia
1393 4786 1756 4856 pratulisset,
1800 4786 1950 4842 visus

373 4889 458 4933 est
481 4876 887 4948 quodammodo
913 4876 1058 4932 Deus
1080 4877 1417 4947 permittere,
1453 4876 1728 4930 hominem
1757 4890 1824 4931 eo
1849 4876 1951 4930 im-

373 4976 504 5039 petu
537 4966 698 5033 ferri,
731 4976 953 5039 propter
977 4967 1218 5023 tunicam
1249 4968 1397 5022 illam
1433 4967 1714 5038 pelliceam
1737 5006 1753 5031 ,
1780 4983 1947 5039 quam

374 5060 446 5114 ob
476 5058 598 5129 ejus
625 5060 1050 5129 propensionem
1082 5060 1147 5113 ad
1182 5060 1382 5114 malum
1415 5058 1590 5114 induit
1620 5060 1806 5125 illum,
1839 5073 1949 5131 qua

375 5151 597 5223 quidem
629 5151 816 5206 tunica
846 5159 1055 5206 natura
1079 5151 1293 5205 ratione
1312 5153 1557 5207 vacantis
1584 5152 1949 5223 proprietates

377 5242 583 5297 homini
621 5238 869 5296 a'dmista
902 5232 1052 5297 sunt.
1091 5240 1369 5312 Sapientia
1400 5241 1546 5295 enim
1574 5241 1668 5297 illa
1698 5255 1820 5311 qua
1852 5255 1950 5311 per

374 5333 655 5388 contraria
681 5373 692 5395 ,
722 5333 866 5404 quod
900 5332 1095 5387 melius
1123 5340 1241 5392 est,
1278 5330 1563 5400 disponit,
1606 5339 1818 5385 natura
1860 5344 1948 5385 ra-

376 5425 524 5479 tione
576 5426 819 5496 pradita
874 5424 1175 5478 bestiarum
1232 5422 1622 5477 indumentum
1680 5422 1942 5478 confecit.

375 5510 509 5565 Nam
540 5515 722 5568 tunica
757 5513 844 5566 illa
877 5514 1100 5583 pellicea
1137 5527 1323 5565 secum
1358 5509 1540 5566 ferens
1580 5526 1772 5566 omnes
1821 5526 1948 5581 pro-

377 5602 672 5671 prietates,
737 5620 875 5673 quas
935 5619 999 5658 ex
1056 5602 1355 5658 bestiarum
1412 5611 1608 5656 natura
1666 5604 1943 5672 continet,

376 5706 572 5765 nempe
633 5694 997 5762 voluptatem,
1062 5693 1436 5761 iracundiam,
1503 5694 1745 5764 gutturis
1808 5711 1943 5751 ven-

2061 3148 2276 3220 ήλικίαν
2324 3164 2385 3201 τε
2430 3147 2526 3201 καί¹
2578 3146 2677 3220 τὴν
2712 3147 2995 3218 φρόνησιν,
3050 3144 3463 3215 ἐπιθυμητικῶς
3506 3143 3644 3214 πρός

2058 3256 2179 3294 τινα
2211 3238 2530 3311 φθοροποιὸν
2565 3238 2833 3310 καρπὸνῆ
2874 3237 3010 3292 πόαν
3047 3236 3380 3299 διατεθέντα,
3414 3235 3555 3306 ἔχων
3582 3234 3647 3288 δὲ

2059 3330 2318 3386 παντοίαν
2343 3330 2454 3385 τῶν
2495 3330 2954 3403 ἀλεξιφαρμάκων
2999 3328 3350 3402 παρασκευὴν
3374 3368 3391 3393 ,
3424 3326 3653 3398 ἐπιτρέ-

2056 3420 2177 3490 ψειε
2214 3419 2292 3491 τῷ
2320 3419 2472 3474 ’πιαιδί⁵
2507 3422 2799 3490 μετασχεῖν
2838 3420 2946 3475 τῶν
2976 3419 3320 3490 βλαπτόντων
3340 3459 3356 3485 ,
3387 3419 3475 3490 ἐφ’
3510 3412 3558 3489 ᾧ
3584 3436 3651 3473 τε

2055 3509 2145 3564 διά
2185 3511 2285 3581 τῆς
2315 3509 2424 3564 τῶν
2460 3510 2724 3580 ἀλγεινῶν
2768 3512 2965 3582 πείρας
3002 3512 3065 3567 τὸ
3088 3513 3357 3585 χρήσιμον
3390 3512 3495 3583 τῆς
3534 3529 3653 3565 πα-

2055 3601 2239 3674 τρῴας
2271 3601 2583 3673 συμϐουλῆς
2630 3601 2868 3672 μαθόντα
2897 3643 2912 3669 ,
2966 3605 3061 3659 καὶ
3110 3606 3170 3659 ἐν
3220 3603 3488 3674 ἐπιθυμίᾳ
3538 3604 3655 3675 τῆς

2059 3693 2270 3761 ὑγιείας
2301 3693 2613 3764 γενόμενον,
2651 3695 2814 3750 πάλιν
2863 3695 2952 3750 διά
2977 3696 3086 3750 τῶν
3114 3695 3485 3769 ἀλεξητηρίων
3534 3695 3652 3750 ἐπ-

2055 3783 2306 3854 αναγάγῃ
2335 3782 2473 3853 πρὸς
2501 3769 2713 3849 εὐεξίαν
2742 3785 2833 3840 τὸν
2874 3786 3059 3852 παῖδα,
3084 3781 3152 3859 ἧς
3181 3786 3270 3842 διά
3295 3786 3397 3857 τῆς
3428 3785 3647 3840 ἀτόπου

2054 3874 2163 3929 τῶν
2182 3874 2521 3946 δηλητηρίων
2548 3876 2842 3948 ἐπιθυμίας
2863 3877 3119 3944 ἐξέπεσεν
3135 3897 3149 3911 ο
3171 3878 3346 3943 οὕτως
3376 3880 3406 3932 6
3433 3877 3656 3949 γλυκύς

2054 3985 2115 4023 τε
2142 3967 2236 4023 καὶ
2263 3966 2467 4037 ἀγαθὸς
2488 3968 2590 4041 τῆς
2618 3968 2833 4039 φύσεως
2859 3971 3018 4043 ήμῶν
3046 3971 3260 4044 πατὴρ,
3293 3974 3324 4026 6
3350 3972 3510 4036 εἰδὼς
3542 3971 3661 4030 καὶ

2054 4062 2124 4116 δι’
2153 4054 2229 4116 ὧν
2254 4059 2561 4131 σωζόμεθα,
2591 4061 2854 4135 ἐγνώρισε
2908 4063 3006 4135 μὲν
3044 4063 3122 4135 τῷ
3152 4061 3421 4133 ἀνθρώπῳ
3444 4064 3507 4117 τὸ
3537 4064 3659 4136 δη-

2054 4150 2331 4223 λητήριον,
2362 4149 2458 4204 καὶ
2487 4154 2549 4205 τὸ
2583 4150 2660 4224 μὴ
2692 4156 2981 4225 μετασχεῖν
3015 4153 3421 4210 συνεϐούλευσεν
3442 4171 3457 4186 ·
3489 4171 3662 4225 κρα-

2053 4243 2299 4315 τησάσης
2317 4240 2375 4295 δὶ
2401 4242 2503 4314 τῆς
2525 4243 2822 4317 ἐπιθυμίας
2844 4243 2940 4299 τοῦ
2962 4245 3231 4318 χείρονος,
3259 4244 3356 4298 οὐκ
3378 4245 3667 4318 ἠπόρησα

2054 4336 2164 4389 τῶν
2198 4336 2420 4406 ἀγαθῶν
2446 4337 2895 4412 ἀντιφαρμάκων,
2924 4337 2993 4391 δι’
3025 4332 3101 4392 ὧν
3127 4337 3452 4410 ἐπαναγάγῃ
3470 4337 3667 4393 πάλιν

2061 4427 2197 4497 πρὸς
2231 4428 2329 4500 τὴν
2369 4428 2470 4500 τῆς
2502 4427 2677 4499 ἀρχῆς
2702 4426 2913 4495 εὐεξίαν
2935 4428 3031 4482 τὸν
3056 4428 3359 4500 ἄνθρωπον.
3385 4428 3498 4499 Τὴν
3527 4428 3675 4503 γὰρ

2058 4517 2249 4590 ὐλικὴν
2275 4518 2478 4590 ταύτην
2525 4518 2719 4591 ⁴ἡδονὴν
2764 4518 2870 4590 πρὸ
2911 4519 3010 4590 τῆς
3034 4519 3272 4591 ψυχικῆς
3296 4519 3676 4592 εὐφροσύνης

2052 4606 2147 4660 τοῦ
2176 4610 2468 4680 ἀνθρώπου
2493 4610 2880 4682 προελομένου,
2909 4610 3221 4681 συντρέχειν
3245 4612 3343 4683 μέν
3371 4629 3488 4674 πως
3517 4612 3680 4668 ἔδο-

2055 4696 2144 4761 ξεν
2193 4698 2342 4769 αὐτῷ
2378 4702 2443 4771 τῇ
2487 4701 2631 4771 ὁρμῇ
2678 4698 2767 4753 διὰ
2799 4700 2894 4754 τοῦ
2930 4700 3255 4773 δερματίνου
3287 4701 3555 4773 χιτῶνος,
3596 4706 3681 4760 ὃν

2052 4788 2141 4842 διά
2168 4788 2268 4859 τὴν
2294 4788 2430 4861 πρὸς
2466 4788 2528 4842 τὸ
2560 4791 2744 4860 χεῖρον
2769 4789 2920 4862 αὐτῷ
2961 4790 3134 4863 ῥοπὴν
3182 4791 3507 4863 περιέθηκεν
3529 4832 3548 4858 ,
3588 4795 3681 4851 δι’

2050 4876 2112 4936 οὗ
2157 4881 2256 4952 τῆς
2290 4881 2484 4952 ἀλόγου
2543 4882 2757 4953 φύσεως
2806 4879 3075 4957 ἐπεμίχθη
3130 4884 3209 4957 τῷ
3258 4884 3540 4958 ἀνθρώπῳ
3592 4890 3681 4944 τὰ

2055 4972 2342 5045 ἰδιώματα,
2370 4967 2446 5030 ὧν
2468 4974 2578 5030 τῶν
2598 4975 2808 5047 ἀλόγων
2836 4975 2992 5042 ζώων
3032 4978 3133 5049 τῆς
3165 4977 3389 5049 λογικῆς
3420 4978 3679 5048 φύσεως

2053 5064 2257 5137 ἔνδυμα
2287 5068 2698 5140 κατεσκευάσθη
2723 5070 2789 5141 τῇ
2821 5070 2983 5141 σοφίᾳ
3010 5069 3107 5125 τοῦ
3138 5070 3227 5124 διά
3241 5070 3352 5124 τῶν
3375 5072 3677 5128 ἐναντίων

2050 5158 2461 5230 οἰκονομοῦντος
2500 5158 2570 5214 τὰ
2619 5161 2923 5231 κρείττονα.
2971 5161 3161 5217 Πάντα
3208 5161 3320 5234 γὰρ
3360 5162 3561 5233 φέρων
3602 5168 3676 5218 ἐν

2050 5248 2227 5319 ἑαυτῷ
2270 5249 2337 5305 τά
2389 5249 2655 5322 ἰδιώματα
2704 5253 2734 5306 6
2761 5252 3087 5323 δερμάτινος
3126 5252 3292 5324 χιτὼν
3317 5294 3331 5317 ,
3366 5255 3467 5307 ὃσα
3524 5251 3681 5326 εἶχε

2050 5340 2320 5412 περιέχων
2351 5342 2451 5413 τὴν
2478 5342 2671 5413 ἀλογον
2699 5342 2883 5413 φύσιν,
2910 5345 3105 5416 ἡδονήν
3132 5363 3190 5399 τε
3225 5347 3320 5400 καὶ
3345 5347 3519 5417 θυμὸν
3550 5352 3691 5407 καὶ

2049 5434 2526 5504 γαστριμαργίαν,
2556 5433 2651 5487 καὶ
2691 5434 2999 5507 ἀπληστίαν
3018 5478 3034 5501 ,
3065 5438 3158 5492 καὶ
3186 5438 3257 5491 τά
3283 5438 3479 5509 ὃμοια,
3516 5440 3697 5498 ὁδδν

2050 5518 2231 5574 δίδωσι
2262 5523 2327 5592 τῇ
2359 5521 2676 5595 ἀνθρωπίνῃ
2712 5526 3029 5597 προαιρέσει
3074 5528 3177 5597 τῆς
3216 5528 3341 5582 καθ’
3376 5528 3705 5601 ἑκάτερον

2053 5611 2225 5680 ῥοπῆς
2248 5654 2261 5675 ,
2290 5614 2368 5675 εἰς
2394 5613 2595 5684 ἀρετήν
2621 5630 2679 5667 τε
2702 5616 2795 5677 καί
2823 5616 3022 5671 κακίαν
3045 5616 3144 5689 ὕλη
3173 5619 3474 5691 γινόμενος.
3495 5620 3717 5681 Τοῦ.

2050 5717 2163 5763 τοις
2195 5700 2303 5771 γὰρ
2331 5701 2663 5773 ἐμϐιοτεύων
2695 5704 2837 5760 κατά
2875 5705 2968 5760 τὸν
2996 5708 3121 5779 τῇδε
3155 5707 3268 5779 βίον
3294 5711 3323 5764 6
3347 5708 3723 5793 ἀνθριιιπος
