3896 6204
334 271 444 329 S25

1730 274 1820 331 DE
1886 275 2217 347 MORTUIS,

3487 292 3591 348 526

328 393 402 462 τῇ
438 388 766 458 αύτεξουσίιμ
804 390 1035 461 κινήσει,
1069 391 1118 443 εί
1157 391 1253 462 μὲν
1300 391 1628 461 διακρίνοιτο
1666 392 1757 446 τοῦ
1797 392 1918 446 ἀλό-

2045 398 2232 468 risque
2281 399 2452 463 vitia,
2503 406 2559 455 et
2605 400 2710 454 alia
2755 399 3001 469 ejusdem
3054 400 3308 472 generis,
3357 403 3595 464 hominis

332 499 442 550 γου
468 480 531 535 τὸ
554 481 700 543 ἴδιον,
734 480 829 533 καὶ
856 480 994 551 πρὸς
1026 480 1216 533 ἑαυτὸν
1251 481 1438 551 βλέποι
1469 482 1556 536 διά
1579 481 1678 552 τῆς
1717 484 1924 536 ἀστειοο

332 575 512 646 τέρας
542 572 682 642 ζωῆς
701 612 718 638 ,
748 572 1045 643 καθάρσιον
1076 572 1175 643 τῆς
1210 573 1574 646 ὲμμιχθείσης
1604 575 1797 638 κακίας
1833 575 1925 628 τὸν

336 665 586 737 παρόντα
614 663 729 734 βίον
773 664 1059 734 ποιήσεται
1081 706 1097 726 .
1138 664 1357 735 κρατῶν
1384 665 1473 720 διὰ
1504 664 1598 718 τοῦ
1640 666 1799 734 λόγου
1823 665 1925 737 τῆς

336 756 579 826 ἀλογίας·
621 756 668 808 εί
700 754 759 809 δὲ
793 754 928 825 πρὸς
956 753 1053 826 τὴν
1075 755 1267 824 ἄλογον
1302 755 1411 810 τῶν
1459 754 1795 828 παθημάτων
1831 759 1923 827 ρο-

333 847 444 919 πὴν
492 845 800 918 ἑπικλιθείη
828 886 844 906 .
877 845 954 917 τῷ
1005 845 1112 899 τῶν
1159 846 1371 915 ἀλόγων
1402 846 1633 919 δέρματι
1678 846 1923 917 συνεργῷ

332 939 683 1010 χρησάμενος
727 937 863 1009 πρὸς
893 938 961 991 τὰ
993 937 1159 1009 πάθη,
1195 937 1371 1002 ἄλλως
1422 940 1560 1009 μετά
1603 936 1778 991 ταῦτα
1804 937 1924 1008 βου-

332 1030 586 1082 λεύσεται
631 1030 768 1099 πρὸς
794 1028 855 1079 τὸ
885 1028 1133 1099 κρεῖττον
1156 1067 1170 1091 ,
1209 1028 1348 1100 μετὰ
1378 1029 1475 1100 τὴν
1507 1029 1572 1082 ἐκ
1602 1028 1697 1082 τοῦ
1737 1028 1922 1100 σώμα-

333 1138 425 1184 τος
456 1120 637 1187 ἔξοδον
659 1120 819 1188 γνοὺς
846 1120 947 1189 τῆς
979 1121 1179 1192 ἀρετῆς
1204 1120 1266 1174 τὸ
1295 1121 1430 1193 πρὸς
1463 1122 1560 1192 τὴν
1584 1121 1778 1175 κακίαν
1804 1121 1921 1176 διά-

334 1229 500 1281 φορον
526 1251 541 1274 ,
580 1212 640 1262 ἐν
664 1208 744 1280 τῷ
775 1209 848 1281 μὴ
879 1208 1138 1265 δύνασθαι
1169 1213 1456 1282 μετασχεῖν
1484 1211 1582 1281 τῆς
1619 1210 1911 1283 θειότητος,

336 1303 409 1373 μὴ
436 1301 535 1356 τοῦ
584 1302 882 1371 καθαρσίου
931 1303 1101 1375 πυρὸς
1152 1302 1242 1356 τὸν
1298 1301 1632 1375 ἐμμιχθέντα
1678 1307 1741 1375 τῇ
1770 1304 1913 1376 ψυχῇ

333 1393 508 1464 ρύπον
543 1393 1010 1464 ἀποκαθήραντος.

2022 489 2306 557 proposito
2333 490 2541 559 praebet
2570 491 2918 547 occasionem
2942 532 2957 557 ,
2984 500 3041 547 ut
3065 535 3081 559 ,
3112 494 3182 549 ad
3214 501 3397 552 utrum
3426 498 3558 553 velit
3576 541 3595 567 ,

2022 593 2145 633 sese
2171 589 2487 646 convertat,
2531 597 2658 637 cum
2707 582 2928 638 virtutis
2971 592 3027 637 et
3068 586 3186 639 vitii
3230 588 3457 642 materia
3486 590 3603 652 sit,

2021 669 2078 722 in
2105 669 2307 739 quibus
2329 711 2342 734 .
2375 671 2505 726 dum
2536 672 2626 727 hic
2652 672 2820 738 vivit,
2866 688 2967 743 pro
3013 675 3281 731 arbitratu
3328 692 3432 733 suo
3476 694 3600 734 ver-

2023 768 2197 815 satur.
2228 760 2291 815 Si
2322 762 2602 834 neglecto,
2632 763 2778 833 quod
2823 764 3127 819 bestiarum
3169 774 3287 832 est,
3328 768 3600 824 urbanius

2020 851 2236 911 vivendi
2270 868 2443 922 genus
2476 857 2898 926 complectetur,
2925 859 3138 913 ratione
3159 860 3417 925 vincens,
3449 862 3596 931 quod

2022 944 2225 998 rationi
2254 947 2595 1001 contrarium
2643 957 2763 1013 est,
2804 951 3062 1019 praesenti
3104 951 3208 1005 hac
3251 951 3360 1005 vita
3406 952 3602 1007 vitium

2020 1033 2127 1088 sibi
2167 1035 2461 1091 admistum
2512 1038 2778 1107 expiabit.
2835 1039 2932 1093 Sin
2978 1056 3088 1110 quo
3124 1042 3601 1110 perturbationum

2021 1124 2257 1194 impetus
2288 1124 2479 1192 ducet,
2513 1128 2834 1194 inclinabit,
2866 1131 3278 1201 bestiarumque
3308 1132 3499 1201 pellem
3531 1130 3604 1187 ad

2020 1216 2154 1271 vitia
2190 1219 2502 1274 ministram
2536 1228 2590 1277 et
2638 1222 2966 1291 adiutricem
2994 1222 3313 1291 adhibebit,
3356 1225 3508 1279 aliud
3546 1224 3601 1280 ei

2023 1307 2224 1365 deinde
2250 1311 2547 1365 ineundum
2576 1312 2684 1366 erit
2709 1313 3001 1367 consilium
3025 1353 3041 1378 ,
3073 1321 3134 1367 ut
3161 1313 3229 1367 ad
3260 1315 3463 1370 bonum
3487 1328 3605 1384 per-

2022 1400 2208 1454 veniat
2252 1417 2376 1455 cum
2412 1418 2442 1456 e
2470 1418 2702 1473 corpore
2732 1420 2989 1474 egressus
3013 1445 3028 1468 ,
3073 1407 3292 1475 cognita
3313 1448 3328 1473 ,
3360 1422 3485 1477 qua
3515 1407 3605 1461 in-

334 1495 417 1539 ter
446 1484 712 1539 virtutem
754 1492 808 1539 et
843 1484 1037 1538 vitium
1079 1484 1389 1540 dilicrentia
1434 1494 1539 1546 esl.
1593 1502 1703 1541 non
1736 1490 1938 1557 poterit
1973 1487 2281 1547 divinitatis
2335 1493 2610 1563 particeps
2657 1493 2806 1558 ﬁeri,
2838 1495 2945 1551 nisi
2974 1498 3222 1553 maculas
3282 1498 3468 1553 animo
3502 1499 3606 1554 im—

333 1582 535 1637 mistas
567 1582 920 1651 purgatorius
952 1581 1095 1651 ignis
1125 1582 1436 1636 abstulerit.

407 1672 597 1725 Ταῦτά
632 1674 777 1725 ἐστιν
816 1670 853 1725 ἃ
874 1673 972 1741 τὴν
995 1671 1087 1726 τοῦ
1119 1670 1373 1742 σώματος
1406 1673 1593 1744 χρείαν
1619 1674 1921 1743 ἀναγκαίαν

2094 1674 2195 1730 llis
2244 1674 2312 1730 de
2367 1673 2553 1729 causis
2605 1675 2855 1743 corporis
2896 1692 3030 1732 usus
3083 1676 3244 1734 nobis
3283 1686 3369 1733 est
3414 1693 3607 1736 neces-

339 1763 479 1834 ἡμῐν
507 1762 772 1833 ἐποίησεν,
805 1763 872 1817 δι’
900 1755 963 1815 οὗ
1000 1762 1060 1815 τό
1084 1780 1144 1815 τε
1170 1763 1514 1829 αὐτεξούσιον
1539 1764 1801 1830 σώζεται,
1828 1766 1923 1818 καὶ

343 1853 381 1924 ἡ
407 1852 545 1923 πρὸς
574 1854 633 1907 τὸ
654 1854 855 1923 ἀγαθὸν
886 1855 1046 1909 πάλιν
1081 1854 1337 1918 ἐπάνοδος
1362 1856 1425 1909 οὐ
1453 1855 1720 1910 κωλύεται
1744 1873 1758 1886 ·
1788 1856 1926 1910 ἀλλά

343 1947 409 2015 τῇ
450 1946 724 2017 περιοδικῇ
749 1945 921 2019 ταύτῃ
944 1945 1233 2017 ἀκολουθίᾳ
1256 1988 1269 2008 ,
1292 1946 1380 2000 διά
1421 1947 1514 2001 τοῦ
1554 1949 1802 2003 ἑκουσίου
1839 1950 1925 2018 γί-

341 2054 490 2091 νεται
511 2039 641 2109 ἡμῖν
678 2040 712 2110 ή
743 2038 877 2110 πρὸς
901 2038 962 2092 τὸ
991 2041 1234 2109 κρεῖττον
1266 2038 1406 2110 ῥοπὴ
1429 2078 1445 2103 ,
1475 2039 1583 2095 τῶν
1614 2042 1712 2111 μὲν
1745 2041 1927 2097 ἐντεῦ-

339 2128 432 2183 θεν
456 2130 556 2201 ἤδη
591 2130 682 2183 διὰ
728 2130 830 2199 τῆς
857 2132 917 2184 ἐν
950 2131 1115 2203 σαρκὶ
1158 2131 1302 2202 ζωῆς
1331 2135 1421 2185 τὸν
1469 2134 1836 2203 πνευματικὸν
1867 2136 1926 2187 ἐν

339 2220 580 2291 ἀπαθείᾳ
613 2220 1023 2292 κατορθούντων
1059 2221 1171 2291 βίον
1200 2264 1216 2290 ,
1269 2223 1415 2287 οἴους
1444 2225 1771 2295 γεγενῆσθαι
1801 2226 1927 2288 τοὺς

338 2313 689 2384 πατριάρχας
736 2328 796 2365 τε
829 2313 924 2366 καὶ
974 2312 1101 2377 τοὺς
1148 2317 1434 2386 προφήτας
1483 2313 1754 2384 ἀκούομεν
1779 2355 1795 2379 ,
1832 2315 1927 2367 καὶ

340 2406 473 2467 τοὺς
514 2406 613 2458 σὺν
649 2405 830 2471 αὐτοίς
870 2418 928 2458 τε
963 2405 1057 2459 καὶ
1099 2406 1216 2474 μετ’
1245 2406 1484 2469 ἐκείνους
1520 2406 1587 2459 δι’
1621 2406 1821 2477 ἀρετῆς
1866 2423 1926 2459 τε

339 2498 437 2551 καὶ
463 2496 781 2567 φιλοσοφίας
809 2496 1219 2569 ἀναδραμόντας
1253 2498 1346 2551 ἐπὶ
1374 2496 1435 2550 τὸ
1478 2496 1683 2550 τέλειον
1703 2535 1717 2560 ,
1749 2494 1929 2568 μαθη-

337 2583 440 2647 τάς
473 2583 620 2651 λέγω
644 2585 738 2638 καὶ
764 2584 1095 2649 ἀποστόλους
1127 2586 1221 2638 καὶ
1247 2585 1550 2656 μάρτυρας,
1590 2584 1684 2639 καὶ
1719 2584 1930 2649 πάντας

330 2677 469 2739 τοὺς
497 2675 598 2746 τὴν
621 2675 876 2746 ἐνάρετον
914 2675 1059 2746 ζωὴν
1086 2675 1193 2747 πρὸ
1216 2676 1308 2730 τοῦ
1344 2676 1529 2729 ύλικοῦ
1568 2676 1929 2746 τετιμηκότας

333 2766 463 2839 βίου
486 2809 503 2833 ,
530 2767 581 2821 οἱ
615 2768 716 2821 κᾶν
759 2768 1012 2832 ἐλάττους
1053 2766 1154 2825 ὦσι
1190 2768 1268 2839 τῷ
1308 2768 1525 2840 ἀριθμῷ
1554 2768 1648 2822 τοῦ
1695 2769 1930 2840 πλήθους

331 2860 453 2915 τῶν
496 2861 631 2932 πρὸς
686 2861 748 2915 τὸ
792 2863 972 2933 χεῖρον
1017 2861 1396 2935 ἀπορρεόντων
1420 2903 1435 2927 ,
1485 2862 1635 2916 οὐδὲν
1665 2857 1827 2933 ἦττον
1868 2862 1931 2917 τὸ

334 2951 567 3006 δυνατὸν
620 2947 763 3007 εἶναι
808 2951 899 3007 διά
950 2953 1152 3024 σαρκὸς
1181 2952 1279 3023 τὴν
1329 2953 1529 3026 ἀρετὴν
1586 2952 1930 3024 κατορθῶσαι

2031 1766 2237 1823 sarius.
2283 1763 2361 1819 Eo
2402 1779 2639 1834 namque
2690 1775 2743 1822 et
2790 1764 3027 1822 liberum
3064 1768 3224 1824 nobis
3257 1768 3413 1825 adest
3456 1771 3608 1826 arbi-

2029 1859 2222 1921 trium,
2263 1864 2318 1912 et
2352 1856 2562 1913 reditus
2606 1872 2715 1912 non
2750 1859 3159 1925 intercluditur,
3191 1859 3290 1917 sed
3331 1860 3525 1916 ordine
3552 1867 3611 1917 et

2030 1962 2193 2003 versu
2238 1946 2484 2003 volentes
2543 1947 2609 2002 ad
2649 1947 2852 2002 bonum
2888 1948 3265 2018 provehimur,
3326 1949 3451 2005 aliis
3487 1950 3612 2021 qui-

2031 2038 2153 2094 dem
2179 2039 2294 2109 jam
2338 2040 2467 2096 inde
2504 2038 2575 2095 ab
2597 2055 2662 2094 eo
2690 2046 2961 2110 tempore,
3011 2056 3123 2111 quo
3155 2041 3345 2096 vivunt
3372 2042 3461 2097 hic
3492 2042 3611 2112 spi-

2030 2128 2264 2193 ritalem,
2325 2137 2380 2184 et
2445 2144 2478 2183 a
2511 2129 2659 2185 vitiis
2710 2144 2774 2183 ac
2826 2133 3331 2201 perturbationibus
3375 2134 3612 2189 alienam

2032 2221 2200 2275 vitam
2248 2221 2701 2284 instituentibus,
2738 2223 2928 2291 quales
2970 2224 3330 2295 intelligimus
3373 2225 3612 2294 patriar-

2031 2312 2165 2367 chas
2187 2323 2240 2368 et
2268 2313 2566 2384 prophetas
2614 2314 2919 2378 exstitisse,
2951 2325 3007 2369 et
3027 2314 3121 2384 qui
3153 2329 3260 2369 una
3290 2330 3416 2369 cum
3450 2316 3610 2386 ipsis.

2032 2414 2087 2462 et
2120 2416 2242 2475 post
2274 2405 2424 2475 ipsos
2453 2419 2551 2475 per
2584 2405 2841 2460 virtutem
2882 2414 2937 2461 et
2965 2405 3248 2476 sapientiae
3270 2406 3516 2461 studium
3540 2407 3613 2463 ad

2035 2497 2430 2569 perfectionem
2466 2503 2835 2560 reverterunt,
2867 2497 3195 2567 discipulos,
3222 2505 3279 2553 et
3306 2500 3610 2568 apostolos,

2033 2596 2368 2658 etmartyres
2401 2586 2548 2651 dico,
2599 2595 2656 2642 et
2684 2587 3000 2657 quicunque
3030 2602 3297 2657 corporeo
3340 2588 3396 2643 in
3437 2596 3614 2645 mate-

2036 2681 2227 2750 riaque
2254 2679 2507 2735 demerso
2539 2678 2860 2742 honestum,
2892 2687 2948 2733 et
2982 2692 3108 2733 cum
3138 2678 3344 2733 virtu-te
3378 2679 3615 2749 conjun-

2035 2780 2184 2826 ctum
2218 2771 2438 2826 vivendi
2468 2785 2643 2842 genus
2694 2778 3133 2841 anteposuerunt
3166 2790 3180 2826 :
3211 2771 3308 2841 qui
3352 2772 3483 2827 licet
3511 2787 3617 2826 nu-

2034 2880 2189 2920 mero
2212 2863 2503 2936 pauciores
2535 2860 2762 2925 fuerint,
2796 2876 2961 2931 quam
2991 2860 3093 2926 illi,
3123 2863 3218 2933 qui
3250 2863 3318 2918 ad
3340 2863 3617 2920 deteriora

2035 2955 2395 3019 deﬂexerunt,
2427 2953 2680 3022 exemplo
2714 2962 2895 3008 tamen
2932 2966 2999 3008 ac
3027 2954 3344 3009 testimonio
3379 2969 3484 3010 suo
3506 2954 3617 3009 vir-

341 3043 791 3115 μαρτυροῦνται·
841 3043 950 3099 τῶν
999 3045 1057 3097 δὲ
1089 3044 1290 3098 λοιπῶν
1320 3044 1409 3099 διὰ
1438 3045 1537 3117 τῆς
1582 3046 1662 3109 είς
1710 3045 1935 3118 ὕστερον

2039 3052 2210 3100 tutem
2261 3044 2318 3099 in
2373 3059 2540 3101 carne
2575 3042 2683 3096 coli
2731 3042 3156 3113 compararique
3195 3058 3360 3112 posse
3404 3049 3618 3099 testan-

337 3135 576 3204 ἀγωγῆς
600 3137 659 3188 ἐν
678 3133 759 3205 τῷ
788 3135 1071 3206 καθαρσίῳ
1105 3132 1241 3208 πυρὶ
1263 3136 1643 3192 ἀποϐαλόντων
1670 3138 1767 3209 τὴν
1801 3139 1936 3210 πρὸς

338 3225 448 3296 τὴν
477 3224 611 3294 ὓλην
639 3225 1011 3295 προσπάθειαν
1037 3265 1052 3291 ,
1081 3228 1175 3280 καὶ
1203 3226 1340 3298 πρὸς
1385 3227 1482 3300 τὴν
1512 3228 1572 3296 ἐξ
1598 3228 1774 3301 ἀρχῆς
1802 3231 1939 3283 ἀπο-

344 3318 726 3390 κληρωθεῖσαν
758 3321 826 3389 τῇ
876 3318 1034 3388 φύσει
1068 3320 1226 3391 χάριν
1251 3361 1267 3386 ,
1296 3319 1388 3373 διὰ
1429 3321 1529 3390 τῆς
1562 3321 1668 3374 τῶν
1715 3321 1938 3390 ἀγαθῶν

348 3410 649 3481 ἐπιθυμίας
677 3410 938 3473 ἀκουσίως
969 3410 1319 3464 ἐπανιόντων.
1347 3411 1423 3464 Οὐ
1452 3410 1561 3482 γὰρ
1593 3413 1674 3475 είς
1705 3411 1793 3465 ἀεὶ
1824 3429 1932 3465 πα-

356 3504 581 3575 ραμένει
619 3502 732 3558 τῶν
773 3502 1070 3574 ἀλλοτρίων
1114 3504 1147 3573 ἡ
1183 3502 1450 3574 ἐπιθυμία
1476 3505 1542 3573 τῇ
1578 3502 1737 3572 φύσει
1757 3503 1937 3567 ’,διότι

355 3595 628 3665 πλήσμιον
655 3595 871 3664 ἑκάστῳ
902 3596 997 3648 καὶ
1026 3593 1329 3665 προσκορές
1361 3595 1477 3647 ἐστι
1503 3593 1565 3649 τὸ
1589 3593 1666 3664 μὴ
1698 3594 1848 3657 ίδιον,
1877 3588 1939 3649 οὗ

360 3684 437 3756 μὴ
475 3686 595 3738 κατ’
616 3685 792 3757 ἀρχὰς
825 3685 983 3756 ἔσχεν
1026 3686 1086 3739 ἐν
1119 3685 1287 3756 ἑαυτῇ
1327 3685 1425 3755 τὴν
1454 3685 1738 3739 κοινωνίαν
1769 3687 1803 3757 ἡ
1840 3684 1942 3755 φύ-

356 3795 480 3840 σιςο
528 3776 685 3846 μόνον
715 3778 774 3831 δὲ
825 3777 888 3830 τὸ
921 3777 1183 3846 συγγενὲς
1232 3777 1329 3830 καὶ
1371 3776 1640 3847 ὁμόφυλον
1692 3777 1943 3831 ποθεινὸν

357 3870 461 3922 καὶ
489 3868 744 3937 ἐράσμιον
776 3870 858 3933 είς
903 3869 990 3921 ἀεὶ
1025 3868 1291 3938 διαμένει,
1321 3867 1426 3931 ἐως
1457 3868 1524 3921 ἀν
1553 3868 1638 3938 ἐφ’
1672 3868 1866 3939 ἑαυτῆς
1908 3871 1941 3939 ἡ

365 3959 536 4028 φύσις
568 3958 981 4029 ἀπαράτρεπτος
1016 3958 1172 4032 μένῃ·
1215 3960 1265 4012 εί
1305 3958 1364 4013 δέ
1393 3976 1512 4012 τινα
1539 3960 1811 4032 ἐκτροπὴν
1840 3960 1944 4015 πά-

360 4050 449 4104 θοι
475 4048 569 4103 διὰ
610 4050 884 4122 μοχθηρᾶς
913 4050 1285 4122 προαιρέσεως
1303 4088 1319 4113 .
1347 4051 1470 4104 τότε
1496 4051 1635 4121 αὐτῇ
1660 4051 1769 4104 τῶν
1797 4051 1947 4105 ἀλλο-

347 4144 530 4214 τρίων
554 4144 589 4213 ἡ
619 4143 883 4214 ἐπιθυμία
907 4142 1182 4211 ἐγγίνεται
1208 4182 1223 4207 ,
1254 4134 1331 4198 ὧν
1354 4143 1387 4212 ὴ
1422 4141 1717 4205 ἀπόλαυσις
1742 4141 1944 4212 ἡδύνει,

350 4232 482 4304 οὐχὶ
523 4232 626 4304 τὴν
658 4230 854 4301 φύσιν,
888 4232 1026 4287 ἀλλά
1053 4231 1115 4285 τὸ
1158 4231 1331 4295 πάθος
1360 4231 1460 4302 τῆς
1492 4230 1734 4299 φύσεως·
1770 4233 1946 4300 ἐκχω-

356 4325 634 4396 ρήσαντος
662 4323 839 4378 δὲ’τοῦ
866 4322 1073 4387 πάθους
1093 4362 1108 4388 ,
1142 4324 1236 4378 καὶ
1261 4324 1294 4394 ἠ
1320 4321 1427 4376 τῶν
1455 4323 1606 4393 παρὰ
1640 4323 1802 4391 φύσιν
1822 4323 1946 4375 ἐπι-

2036 3143 2156 3203 tur;
2193 3135 2317 3191 aliis
2350 3144 2532 3191 autem
2582 3141 2706 3205 post
2750 3132 2895 3187 hanc
2942 3133 3111 3188 vitam
3145 3133 3465 3204 purgatorio
3494 3134 3619 3205 igne

2038 3230 2283 3283 materiae
2319 3226 2471 3282 labes
2498 3233 2552 3282 et
2586 3225 3017 3295 propensionem
3051 3223 3121 3280 ad
3162 3225 3367 3279 malum
3400 3225 3619 3281 abster-

2037 3316 2316 3386 gentibus,
2351 3324 2405 3370 et
2436 3313 2507 3369 ad
2547 3315 2782 3386 gratiam
2830 3312 2988 3367 initio
3032 3321 3247 3368 naturae
3291 3327 3614 3371 concessam

2040 3407 2349 3485 voluntaria
2392 3406 2667 3462 bonorum
2704 3405 3006 3476 cupiditate
3049 3406 3434 3462 redeuntibus.
3469 3406 3620 3462 Alie-

2038 3512 2234 3554 norum
2296 3497 2444 3552 enim
2489 3496 2762 3567 cupiditas
2823 3495 2879 3550 in
2939 3504 3137 3551 natura
3189 3504 3455 3567 perpetuo
3504 3509 3618 3551 non

2041 3590 2287 3644 inhaeret.
2327 3587 2597 3654 Quoniam
2630 3587 2775 3657 quod
2808 3593 3021 3641 naturae
3051 3600 3161 3642 non
3201 3595 3285 3642 est
3312 3586 3617 3657 proprium,

2040 3677 2297 3749 quodque
2347 3676 2551 3732 nullam
2611 3677 2885 3747 principio
2932 3692 3057 3731 cum
3107 3676 3229 3747 ipso
3290 3677 3613 3734 societatem

2043 3769 2300 3832 habebat,
2338 3768 2638 3839 unicuique
2669 3769 2977 3823 satietatem
3022 3775 3077 3824 et
3126 3768 3407 3825 fastidium
3435 3766 3617 3832 aifert,

2043 3863 2331 3933 solumque
2383 3859 2461 3924 id,
2496 3860 2643 3932 quod
2688 3859 2767 3913 illi
2802 3868 3100 3929 cognatum
3148 3874 3215 3915 ac
3278 3859 3460 3916 simile
3512 3865 3618 3922 est,

2044 3953 2342 4022 optandum
2402 3951 2506 4024 ipsi
2553 3967 2768 4023 semper
2817 3952 3224 4022 amandumque
3270 3950 3620 4021 relinquitur.

2046 4042 2203 4109 Quod
2252 4044 2301 4100 si
2341 4044 2473 4098 vitio
2519 4043 2829 4113 depravata:
2860 4044 3162 4098 voluntatis
3220 4043 3406 4119 aliquo
3458 4039 3623 4095 modo

2045 4136 2414 4206 degeneravit,
2454 4143 2587 4190 tunc
2616 4136 2758 4190 inest
2806 4135 2886 4189 illi
2926 4134 3198 4204 cupiditas
3225 4147 3409 4189 rerum
3440 4142 3624 4187 exter-

2047 4241 2268 4292 narum,
2324 4226 2528 4295 quibus
2584 4224 2834 4278 fruendis
2909 4239 3023 4278 non
3079 4222 3199 4293 ipsa
3257 4233 3469 4287 natura,
3522 4221 3624 4279 sed

2048 4329 2262 4374 naturae
2305 4315 2520 4372 aﬂectio
2549 4315 2852 4371 delectatur
2886 4333 2900 4370 :
2929 4329 3039 4385 qua
3077 4312 3300 4384 quidem
3338 4312 3625 4369 aﬂectiono

352 4415 537 4486 θυμία
574 4414 1017 4487 συνανεχώρησεν
1042 4454 1059 4479 ,
1107 4415 1201 4467 καὶ
1251 4415 1458 4484 γίνεται
1495 4414 1656 4469 πάλιν
1700 4415 1837 4485 αὐτῇ
1885 4413 1935 4467 τί

2054 4410 2306 4479 depulsa,
2333 4422 2519 4464 rerum
2561 4406 2725 4462 etiam
2749 4412 3103 4461 externarum
3136 4403 3411 4474 cupiditas
3442 4401 3626 4459 disce.

352 4509 564 4561 οἰκεῖον
612 4506 860 4561 ποθεινὸν
894 4507 988 4560 καὶ
1023 4506 1372 4577 κατάλληλον.
1419 4505 1589 4559 Τοῦτο
1632 4506 1690 4559 δέ
1733 4508 1850 4560 ἐστι
1890 4505 1951 4559 τὸ

347 4597 610 4669 καθαρόν
638 4615 700 4650 τε
734 4598 828 4652 καὶ
854 4597 1016 4652 ἀῦλον
1042 4597 1136 4650 καὶ
1161 4595 1450 4666 ἀσώματον
1470 4636 1486 4663 ,
1529 4597 1667 4667 ὅπερ
1695 4596 1825 4650 ίδιον
1853 4596 1951 4666 τῆς

364 4689 775 4762 ὑπερκειμένης
816 4689 928 4743 τῶν
978 4689 1195 4744 πάντων
1229 4689 1481 4759 θεότητος
1528 4686 1697 4743 είπών
1734 4705 1817 4753 τις
1854 4688 1953 4759 οὐχ

355 4781 769 4851 ἁμαρτήσεται.
819 4782 909 4845 Ὠς
958 4781 1069 4852 γάρ
1110 4782 1226 4845 τοῖς
1282 4783 1613 4851 σωματικοῖς
1656 4779 1954 4851 ὀφθαλμοῖς

356 4871 644 4945 ῥεύματός
676 4889 822 4937 τινος
844 4871 1175 4944 δριμυτέρου
1207 4872 1269 4926 τὸ
1295 4871 1516 4926 όπτικδν
1540 4870 1757 4941 πνεῦμα
1789 4868 1957 4925 θολώ-

350 4978 600 5025 σαντος,
630 4963 796 5032 ἡδίων
824 4966 855 5018 ό
879 4962 1042 5033 ζόφος
1069 4963 1299 5032 γίνεται,
1325 4963 1414 5016 διὰ
1443 4964 1541 5033 τὴν
1579 4963 1680 5033 τῆς
1720 4962 1956 5034 παχύτη·

344 5069 469 5117 τος
495 5054 629 5123 πρὸς
650 5054 713 5107 τὸ
733 5055 925 5117 σκότος
958 5053 1300 5122 συγγένειαν.
1324 5054 1386 5108 Ei
1415 5053 1472 5106 δὲ
1509 5052 1842 5125 δαπανηθείη
1869 5052 1958 5107 διά

336 5159 521 5205 τινος
553 5143 849 5214 θεραπείας
889 5145 952 5198 τὸ
1008 5144 1296 5215 διοχλῆσαν
1323 5142 1402 5214 τῷ
1451 5142 1755 5214 πνεύματι,
1797 5142 1958 5196 πάλιν

334 5236 435 5293 τὸ
454 5235 572 5304 φῶς
594 5237 790 5289 οίκείον
819 5237 913 5290 καὶ
933 5235 1268 5307 κατάλληλον
1295 5235 1522 5304 γίνεται,
1550 5233 1628 5305 τῷ
1649 5232 1875 5305 καθαρῷ
1899 5249 1959 5287 τε

328 5329 473 5388 καί
501 5327 768 5395 αύγοειδεί
811 5328 911 5398 τῆς
935 5329 1105 5399 κόρης
1154 5325 1646 5397 καταμιγνύμενον
1681 5325 1771 5378 τὸν
1799 5324 1961 5378 αὑτὸν

322 5417 579 5492 τρόπον
609 5418 795 5488 ἐπειδὴ
848 5417 1115 5489 ῥεύματός
1157 5433 1301 5481 τινος
1329 5415 1486 5485 δίκην
1513 5415 1582 5468 δι’
1615 5414 1832 5485 ἀπάτης
1867 5412 1959 5467 τοῦ

346 5508 793 5578 Ἀντικειμένου
809 5509 1051 5582 ἐπερρύη
1074 5508 1152 5578 τῷ
1172 5506 1381 5578 όπτικῷ
1402 5506 1499 5577 τῆς
1516 5506 1692 5577 ψυχῆς
1719 5506 1753 5576 ἡ
1774 5505 1960 5569 κακία.

326 5599 645 5663 ἑκουσίως
693 5601 829 5673 πρὸς
891 5600 982 5656 τὸν
1029 5599 1301 5654 σκοτεινὸν
1349 5598 1463 5672 βίον
1499 5600 1528 5651 ὁ
1567 5597 1826 5668 λογισμὸς
1867 5596 1966 5648 ἐπι

329 5691 594 5765 nolim).
622 5690 708 5747 διὰ
733 5690 827 5748 τοῦ
859 5691 1064 5759 πάθους
1087 5691 1383 5758 οίκειωθεὶς
1408 5690 1485 5763 τῷ
1510 5690 1679 5763 ζόφῳ.
1707 5690 1822 5754 Πᾶς
1854 5687 1964 5761 γὰρ

2051 4500 2174 4566 dit;
2203 4509 2260 4556 et
2297 4500 2444 4569 quod
2494 4498 2573 4553 illi
2606 4512 2766 4553 suum
2814 4512 2878 4552 ac
2921 4497 3202 4568 proprium
3249 4501 3356 4558 est,
3407 4508 3625 4549 rursum

2053 4588 2289 4645 amabile
2341 4596 2527 4644 manet
2602 4595 2658 4643 et
2710 4584 3074 4658 expetendum
3120 4603 3135 4641 :
3192 4584 3249 4640 id
3297 4591 3478 4638 autem
3541 4590 3629 4638 est

2054 4695 2255 4752 purum
2301 4688 2355 4735 et
2396 4694 2427 4734 a
2460 4678 2691 4736 materia
2733 4693 3073 4750 corporeque
3107 4678 3417 4748 seiunctum
3439 4713 3455 4738 ,
3484 4673 3632 4743 quod

2055 4774 2101 4828 si
2134 4771 2261 4843 quis
2294 4771 2767 4842 praestantissima:
2809 4784 2994 4824 rerum
3042 4769 3287 4824 omnium
3326 4764 3634 4821 divinitatis

2056 4864 2343 4935 proprium
2369 4862 2541 4929 dicat,
2573 4877 2683 4916 non
2714 4861 2943 4917 errabit.
2973 4858 3447 4927 Quemadmodum
3485 4858 3632 4911 enim

2056 4954 2306 5024 corporis
2341 4954 2538 5017 oculis,
2584 4953 2631 5008 si
2685 4952 2902 5006 acutior
2941 4952 3123 5020 aliqua
3169 4950 3458 5005 distillatio
3511 4962 3637 5002 ner-

2057 5061 2179 5107 vos,
2212 5043 2433 5101 videndi
2475 5044 2730 5115 spiritum
2787 5043 3298 5104 subministrantes.
3350 5039 3639 5112 perturba-

2059 5139 2220 5197 vcrit,
2256 5136 2445 5189 amica:
2476 5142 2606 5189 sunt
2641 5135 2903 5197 tenebrae,
2937 5141 3157 5204 prapter
3196 5130 3637 5190 similitudinem,

2060 5242 2223 5297 quant
2258 5227 2441 5280 obtusi
2470 5225 2582 5295 jam
2623 5234 2789 5297 atque
2821 5226 3043 5281 hebetes
3071 5240 3195 5279 cum
3231 5223 3342 5277 illis
3384 5222 3636 5276 habent:

2061 5325 2118 5371 at
2153 5318 2197 5373 si
2239 5318 2528 5373 curatione
2574 5317 2759 5387 aliqua
2790 5317 3139 5381 conficiatur,
3183 5332 3248 5371 ac
3279 5315 3533 5370 deleatur
3560 5313 3637 5377 id,

2063 5410 2209 5481 quod
2252 5410 2438 5465 nervis
2472 5409 2583 5464 illis
2612 5408 2902 5472 oﬂicicbat,
2940 5411 3116 5464 lucem
3146 5407 3292 5462 oculi
3328 5420 3547 5461 rursum
3578 5410 3642 5460 ut

2063 5502 2338 5572 propriam
2370 5501 2589 5570 sibique
2617 5508 3007 5570 congruentem
3036 5507 3241 5563 amant,
3274 5512 3395 5568 qua:
3422 5496 3642 5568 pupillae

2065 5608 2258 5663 purae,
2311 5596 2365 5645 ct
2412 5606 2511 5661 per
2577 5606 2637 5647 se
2683 5589 2890 5646 videnti
2954 5590 3349 5646 commiscctnr
3391 5607 3405 5643 :
3449 5587 3642 5643 eodem

2067 5684 2268 5752 modo,
2324 5689 2679 5755 posteaquam
2732 5680 2940 5739 inimici
2994 5678 3183 5738 fraude
3229 5679 3421 5736 vitium
3469 5681 3646 5735 instar
