3930 6210
338 313 405 367 5?.
411 312 449 366 7·

1603 315 1659 368 S.
1702 310 2028 367 GREGOIHI
2065 315 2361 374 NYSSENI

3485 329 3579 385 528

336 428 618 498 cujusdam
660 429 1034 487 distillationis
1084 431 1311 487 deﬂuxit
1360 434 1413 488 in
1469 437 1658 490 oculos
1704 435 1906 499 animi,

2013 440 2038 491 ὁ
2067 440 2134 492 τά
2165 442 2339 509 φαῦλα
2369 442 2644 511 πράσσων,
2678 444 2826 512 μισεῖ
2858 441 2917 496 τὸ
2958 441 3071 511 φῶς
3096 482 3110 503 ,
3159 441 3338 503 καθώς
3370 459 3530 514 φησιν
3553 447 3615 528 ἡ,

337 520 503 576 vitam
548 524 947 580 tenebricosam
1013 533 1071 580 ut
1120 527 1223 583 sibi
1261 539 1481 600 propter
1529 527 1904 598 mgritudiuem

337 615 752 668 convenientem
823 617 1168 674 adamarunt.
1236 619 1496 695 Quisquis
1554 621 1698 675 enim
1766 620 1908 675 male

340 707 469 775 agit,
515 707 631 761 odit
679 710 877 774 lucem,
929 719 989 764 ut
1037 727 1140 767 vox
1190 713 1374 768 divina
1421 714 1712 768 testatur“.
1768 711 1908 767 Malo

340 807 520 853 autem
558 811 909 872 consumpto,
962 813 1015 860 et
1044 821 1238 862 rursus
1269 807 1335 861 ad
1385 806 1612 860 nihilum
1662 807 1903 872 redacto,

338 901 534 943 natura
571 908 636 946 eo
669 893 918 962 depulso,
964 896 1108 964 quod
1152 895 1316 950 animi
1362 896 1552 952 oculos
1592 898 1904 963 hebetabat,

340 996 462 1035 cum
511 983 787 1052 voluptate
818 985 994 1039 lucem
1027 987 1222 1042 iterum
1259 988 1523 1043 intuetur.
1563 989 1637 1044 Ex
1679 991 1764 1046 his
1801 991 1905 1061 igi-

342 1079 430 1124 tur
481 1087 602 1141 qua:
643 1073 786 1129 dicta
819 1083 966 1138 sunt,
998 1087 1166 1145 patet,
1203 1080 1388 1136 carnis
1432 1089 1682 1136 naturam
1714 1083 1906 1153 iniquo

341 1163 524 1215 animo
574 1166 854 1234 prosequi,
920 1169 1146 1222 stultum
1202 1186 1342 1226 csse.
1396 1171 1582 1241 Neque
1635 1175 1780 1228 enim
1837 1175 1904 1229 ab

339 1255 428 1308 illa
488 1258 684 1324 pendet
740 1259 1007 1313 malorum
1070 1275 1256 1317 causa.
1309 1263 1443 1318 Nam
1495 1267 1542 1322 si
1602 1269 1683 1322 sic
1722 1276 1903 1332 esset,

339 1347 582 1401 eamdem
637 1349 858 1404 haberet
911 1351 966 1405 in
1019 1367 1209 1409 omnes
1256 1355 1388 1421 vim,
1439 1359 1531 1427 qui
1585 1373 1930 1429 corpoream

338 1439 519 1493 sortiti
558 1447 685 1493 sunt
709 1441 898 1495 vitam.

413 1529 608 1584 Verum
649 1547 771 1585 cum
821 1532 880 1597 ii,
931 1549 1068 1603 quos
1096 1533 1793 1605 commemoravimus,sic
1840 1556 1906 1594 ex

338 1619 543 1674 virtute
573 1622 830 1686 vixerint,
880 1631 940 1678 ut
985 1639 1108 1678 cum
1157 1628 1213 1680 iu
1257 1643 1424 1682 carne
1473 1639 1678 1693 essent,
1737 1631 1905 1685 nullis

2014 531 2131 586 θεία
2175 535 2356 604 φωνή·
2397 533 2855 604 ὲκδαπανηθέντος
2909 532 2964 586 δὲ
3007 531 3100 586 τοῦ
3147 533 3318 586 κακοῦ
3365 535 3429 587 ἐκ
3485 534 3620 587 τῶνῖ

2010 624 2199 687 ὄντων,
2227 626 2321 678 καὶ
2344 626 2422 688 είς
2454 624 2514 677 τὸ
2550 624 2622 694 μὴ
2656 624 2714 678 ὂν
2743 620 2900 687 αὖθις
2929 623 3414 696 μεταχωρήσαντος
3439 665 3453 688 ,
3485 624 3587 679 πά-

2009 715 2093 767 λιν
2123 714 2242 783 μεθ’
2271 713 2463 785 ἡδονῆς
2486 714 2780 768 άναὸλέπει
2803 714 2940 784 πρὸς
2966 712 3027 765 τὸ
3057 713 3171 781 φῶς
3196 715 3229 783 ἡ
3265 714 3424 781 φύσις
3447 754 3460 776 ,
3498 713 3591 766 τοῦ

2011 805 2382 868 ὲπιθολοῦντος
2413 805 2472 858 τὸ
2521 804 2756 876 καθαρὸν
2803 805 2900 875 τῆς
2938 803 3115 874 ψυχῆς
3157 805 3589 874 ἐκχωρήσαντος.

2009 895 2252 949 Μάταιον
2282 895 2460 949 τοίνυν
2488 895 2754 949 δέδεικται
2787 894 2874 948 διὰ
2913 895 3019 947 τῶν
3049 895 3348 964 εἰρημένων
3373 894 3444 948 ,τὸ
3468 894 3591 946 δυσ-

2012 985 2362 1057 μενῶς’πρὸς
2404 986 2504 1057 τὴν
2552 988 2649 1056 τῆς
2699 985 2897 1056 σαρκὸς
2949 983 3094 1054 ἔχειν
3147 983 3324 1052 φύσιν.
3367 985 3441 1037 Ού
3482 984 3592 1054 γὰρ

2007 1077 2210 1147 ταύτης
2239 1080 2470 1149 ἤρτηται
2505 1077 2613 1131 τῶν
2634 1077 2820 1131 κακῶν
2848 1079 2881 1147 ὴ
2914 1077 3083 1131 αἰτία.
3119 1072 3196 1129 Ἦ
3225 1076 3331 1147 γὰρ
3356 1075 3420 1130 ἂν
3451 1079 3594 1131 κατὰ

2010 1170 2225 1223 πάντων
2272 1171 2469 1242 ἐπίσης
2509 1171 2636 1242 ἔσχε
2673 1171 2734 1226 τὸ
2772 1169 2973 1241 κράτος
3011 1169 3120 1223 τῶν
3165 1167 3256 1222 τὸν
3287 1169 3593 1239 σωματικὸν

2008 1261 2299 1332 εἰληχότων
2327 1261 2461 1330 βίον.

2098 1522 2237 1576 Ἀλλ’
2265 1521 2454 1592 ἐπειδὴ
2479 1522 2589 1576 τῶν
2615 1522 2701 1574 ἐπ’
2724 1523 2924 1593 ἀρετῆς
2960 1521 3441 1592 μνημονευομένων
3459 1520 3593 1574 Exa-

2008 1630 2131 1677 στος
2169 1615 2263 1667 καὶ
2291 1615 2349 1667 ἐν
2379 1615 2541 1683 σαρκὶ
2578 1609 2666 1684 ἦν,
2695 1613 2789 1666 καὶ
2819 1616 2875 1666 ὲν
2908 1613 3078 1682 κακίᾳ
3109 1613 3208 1665 οὐκ
3231 1607 3320 1682 ἦν,
3357 1611 3594 1681 φανερὸν

337 1720 520 1768 tamen
582 1729 642 1769 se
695 1715 844 1770 vitiis
893 1717 1333 1789 obstringerent,
1398 1723 1751 1791 perspicuum
1815 1732 1903 1777 est

2011 1701 2094 1756 διά
2117 1702 2319 1755 τούτων
2349 1703 2516 1763 ἐστὶν,
2533 1703 2613 1756 ὅτι
2642 1703 2702 1755 οὐ
2731 1702 2793 1754 τὸ
2824 1702 2981 1772 σῶμα
3005 1701 3112 1754 τῶν
3139 1700 3479 1771 παθημάτων
3507 1701 3592 1752 αἴ-

337 1819 538 1874 corpus
569 1820 676 1860 non
713 1822 836 1861 esse
881 1808 1136 1862 vitiorum
1186 1825 1429 1876 causam,
1485 1813 1578 1869 sed
1626 1815 1904 1884 propriam

2011 1806 2140 1855 τιον,
2167 1790 2280 1844 ἀλλ’
2311 1793 2344 1861 ὴ
2378 1791 2696 1862 προαίρεσις
2724 1792 2756 1861 ἡ
2788 1790 3196 1861 δημιουργοῦσα
3233 1791 3301 1843 τὰ
3325 1789 3492 1860 πάθη.

337 1897 608 1965 cujusque
649 1897 1013 1964 voluntatem,
1068 1916 1189 1969 qum
1242 1917 1301 1957 se
1346 1904 1495 1974 vitiis
1540 1907 1904 1960 contaminat.

338 1985 552 2055 Corpus
603 1988 748 2040 enim
796 1997 1005 2043 natura:
1053 2006 1165 2045 sua:
1194 1995 1582 2049 convenienter
1632 2005 1906 2060 movetur,

339 2075 404 2128 ad
441 2091 633 2140 eaque,
665 2078 864 2146 quibus
911 2089 1114 2134 statum
1158 2098 1317 2137 suum
1355 2091 1537 2138 tuetur
1576 2093 1739 2156 atque
1779 2103 1908 2141 con-

339 2174 538 2230 servat,
581 2167 813 2236 impulsu
849 2169 1069 2238 proprio
1108 2169 1282 2225 fertur
1337 2182 1390 2226 et
1429 2175 1684 2230 trahitur.
1718 2174 1910 2230 Exem-

336 2254 410 2322 pli
461 2255 654 2322 gratia,
715 2256 838 2310 cibo
903 2257 1235 2328 potioneque
1312 2259 1546 2332 indiget,
1617 2272 1695 2327 ut,
1761 2264 1908 2333 quod

337 2337 656 2408 deperalitur
694 2342 908 2403 vitium,
965 2343 1305 2402 instauretur
1347 2348 1532 2420 itaque
1583 2351 1765 2406 cibum
1821 2369 1910 2423 p0-

340 2428 653 2500 tionemque
702 2433 932 2502 appetit.
973 2433 1187 2492 Rursus
1233 2447 1427 2494 natura
1481 2444 1748 2511 corporis,
1788 2459 1910 2514 qua:

336 2518 585 2573 mortalis
635 2527 756 2584 est,
812 2525 1206 2590 procreationis
1255 2529 1396 2583 serie
1441 2531 1498 2583 lit
1539 2532 1904 2590 immortalis:

338 2611 546 2665 idcirco
575 2617 903 2671 conveniens
939 2617 1013 2670 illi
1051 2622 1377 2688 procreandi
1407 2626 1679 2693 appetitus
1710 2628 1906 2683 insitus

335 2713 441 2757 est.
474 2703 554 2756 Ad
589 2704 702 2758 haec
729 2720 852 2759 cum
884 2707 1082 2762 idoneo
1115 2711 1350 2778 pilorum
1382 2715 1636 2781 praesidio
1677 2732 1908 2787 corpora

342 2800 530 2847 nostra
568 2795 778 2848 munita
829 2812 938 2849 non
997 2799 1130 2862 sint,
1176 2802 1522 2859 vestimentis
1561 2809 1908 2865 extrinsecus

338 2883 572 2939 admotis
602 2885 940 2956 indigemus;
971 2904 1207 2960 cumque
1238 2893 1457 2958 caloris,
1484 2903 1538 2949 et
1571 2897 1819 2968 frigoris,
1855 2910 1908 2956 et

339 2977 596 3030 imbrium
662 2979 771 3033 vim
833 2981 1087 3051 perferre
1158 3000 1526 3054 nequeamus,
1592 2990 1786 3048 domos
1855 3004 1908 3050 et

335 3075 478 3122 tecta
511 3070 668 3124 nobis
703 3073 1097 3130 construimus.
1138 3075 1242 3141 Qui
1276 3079 1569 3147 prudenter
1605 3087 1906 3139 necessita-

337 3165 447 3213 tem
489 3161 822 3228 considerat,
867 3164 987 3234 ejus
1029 3165 1216 3222 habita
1264 3171 1497 3234 ratione,
1553 3173 1666 3228 haec
1704 3184 1752 3230 et
1799 3177 1904 3231 alia

335 3252 609 3319 ejusmodi
651 3254 770 3309 siue
811 3257 1185 3314 sollicitudine
1222 3272 1522 3337 comparat,
1559 3268 1908 3335 appetitioni-

339 3359 446 3412 que
485 3347 774 3400 terminum
814 3350 1124 3415 constituit,
1162 3369 1318 3408 usum
1367 3359 1739 3413 necessarium
1773 3361 1910 3416 :do-

339 3451 487 3488 mum
537 3438 733 3507 igitur,
793 3444 1212 3508 vestimentum,
1265 3447 1578 3517 conjugiqu
1620 3451 1910 3522 cibumque

338 3538 550 3584 natura:
582 3533 914 3602 suppeditat,
953 3546 1012 3589 ut
1055 3537 1222 3593 rebus
1266 3542 1599 3597 necessariis
1643 3552 1911 3600 sustente-

338 3628 449 3674 tur.
504 3621 606 3687 Qui
641 3639 775 3678 vero
813 3626 1149 3695 voluptatum
1199 3638 1282 3683 est
1336 3645 1550 3695 servus,
1588 3649 1686 3702 per
1719 3650 1908 3691 neces-

338 3715 515 3767 sarios
548 3730 681 3770 usus
723 3716 871 3772 vitiis
919 3718 1127 3773 aditum
1162 3721 1356 3790 aperit,
1389 3723 1744 3795 alimentique
1785 3727 1909 3782 loco

339 3803 567 3859 delicias
609 3807 835 3874 quaerit;
887 3823 986 3877 pro
1035 3812 1362 3866 vestimento
1412 3823 1654 3869 sectatur
1693 3818 1909 3888 elegan-

339 3894 470 3947 tiam
509 3905 957 3952 oruamenlorum
986 3917 1000 3964 ;
1034 3917 1132 3970 pro
1157 3904 1352 3958 mdium
1388 3921 1491 3961 usu
1517 3909 1648 3962 colit
1681 3912 1908 3980 amplis-

339 3985 476 4039 sima
523 3987 1176 4063 magniﬁcentissimaque
1229 3995 1466 4064 palatia;
1517 4015 1616 4068 pro
1666 4000 1908 4070 legitima

338 4076 638 4137 liberorum
692 4083 1058 4151 susceptione,
1114 4087 1323 4155 legibus
1367 4091 1676 4147 contrarias
1743 4099 1908 4163 atque

338 4167 579 4225 nefarias
629 4171 885 4228 libidines
949 4187 1278 4246 aucupatur.
1338 4179 1550 4247 Quibus
1608 4184 1673 4239 de
1723 4186 1909 4241 causis

337 4260 463 4314 latis
498 4263 669 4329 portis
703 4265 950 4335 ingressa
984 4275 1067 4323 est
1103 4271 1156 4322 in
1203 4271 1482 4327 hominum
1515 4277 1679 4329 vitam
1725 4279 1907 4333 avari-

338 4350 433 4413 tia,
472 4353 752 4414 mollities,
786 4364 841 4409 et
884 4358 1075 4419 otium,
1107 4369 1161 4414 et
1208 4364 1484 4431 superbia,
1526 4373 1580 4420 et
1614 4369 1907 4424 ostentatio

2012 1883 2109 1952 μὲν
2132 1882 2239 1953 γάρ
2263 1882 2420 1953 σῶμα
2447 1882 2796 1954 καταλλήλως
2819 1885 2885 1953 τῇ
2925 1882 3030 1953 ίδίᾳ
3053 1885 3280 1936 κινεῖται
3308 1881 3488 1949 φύσει,
3522 1880 3594 1934 δι’

2007 1967 2081 2027 ὧν
2129 1977 2474 2042 συντηρεῖται
2507 1975 2644 2045 πρὸς
2679 1973 2777 2045 τὴν
2811 1973 3003 2026 ἑαυτοῦ
3039 1973 3296 2026 σύστασιν
3326 1974 3418 2026 καὶ
3468 1972 3595 2024 δια-

2012 2068 2179 2138 μονήν
2201 2083 2212 2097 ⁸
2255 2067 2391 2139 πρὸς
2419 2067 2590 2122 ταῦτα
2631 2070 2750 2131 ταῖς
2787 2068 2946 2130 ἰδίαις
2978 2068 3174 2138 ὁρμαῖς
3201 2065 3593 2134 διοικούμενον.

2009 2153 2132 2212 Οἷόν
2146 2177 2198 2211 τι
2217 2159 2380 2228 λέγωο
2411 2159 2675 2232 Βρὼσεώς
2698 2164 2842 2214 ἐστιν
2871 2160 3018 2230 αὐτῷ
3045 2160 3200 2231 χρεία
3223 2160 3316 2212 καὶ
3355 2158 3593 2225 πόσεως,

2009 2251 2148 2306 ὥστε
2183 2251 2243 2304 τὸ
2263 2251 2612 2306 διαπνευσθὲν
2633 2255 2730 2323 τῆς
2746 2252 3024 2321 δυνάμεως
3055 2251 3215 2305 πάλιν
3231 2250 3597 2319 ἀντεισαχθῆ-

2009 2359 2096 2395 ναι
2127 2340 2202 2412 τῷ
2227 2341 2498 2395 λείποντι·
2532 2342 2667 2413 πρὸς
2695 2342 2854 2395 τοῦτο
2900 2344 3127 2395 κινεῖται
3155 2341 3398 2411 ἠδρεξις.
3420 2340 3594 2394 Πάλιν

2007 2432 2096 2485 διά
2150 2433 2249 2503 τῆς
2300 2433 2408 2485 τῶν
2441 2433 2738 2502 γινομένων
2771 2433 3038 2503 διαδοχῆς,
3066 2433 3230 2502 θνητὴ
3277 2429 3410 2485 οὖσα
3435 2435 3469 2502 ἡ
3494 2430 3591 2485 τοῦ

2010 2523 2259 2595 σώματος
2283 2523 2441 2592 φύσις
2468 2523 2848 2587 ἁθανατίζεται
2873 2540 2886 2553 ·
2912 2523 3000 2576 διὰ
3022 2523 3174 2576 τοῦτο
3197 2521 3438 2594 καὶπρὸς
3460 2523 3595 2577 ταύ-

2007 2634 2106 2687 την
2152 2618 2249 2687 τὴν
2298 2617 2475 2688 ὁρμὴν
2523 2615 2842 2686 ἐπιτηδείως
2893 2615 3024 2685 ἔχει.
3059 2617 3179 2668 Ἔτι
3211 2616 3349 2686 πρὸς
3380 2616 3596 2679 τούτοις

2009 2709 2212 2780 γυμνὸν
2244 2708 2337 2763 τοῦ
2372 2710 2436 2762 ἐκ
2469 2709 2578 2763 τῶν
2606 2708 2806 2781 τριχῶν
2835 2708 3216 2777 σκεπάσματα
3234 2708 3470 2778 τὺσῶμα
3499 2725 3600 2760 πε-

2008 2803 2247 2872 ποίηται,
2275 2797 2336 2856 οὗ
2369 2801 2526 2872 χάριν
2571 2801 2668 2870 τῆς
2700 2799 2897 2864 ἔξωθεν
2941 2800 3231 2871 περιϐολῆς
3267 2800 3593 2870 ἐδεήθημεν.

2021 2894 2177 2947 Ἀλλὰ
2207 2893 2302 2946 καὶ
2329 2892 2462 2963 πρὸς
2486 2893 2728 2962 φλογμόν
2748 2908 2806 2944 τε
2838 2892 2930 2944 καὶ
2957 2891 3122 2963 κρύος
3161 2891 3256 2944 καὶ
3289 2891 3598 2962 ἐπομϐρίαν

2009 2987 2277 3054 ἀντισχεῖν
2326 2985 2386 3038 ού
2433 2985 2740 3052 δυνάμενοι,
2787 2982 2886 3052 τὴν
2921 2983 3114 3036 ἐκτῶν
3154 2982 3341 3035 οἰκιῶν
3383 2981 3598 3051 σκέπην

2007 3075 2441 3149 ἐπεζητήσαμεν.
2470 3075 2653 3128 Ταῦτα
2682 3075 2776 3128 καὶ
2805 3075 2873 3128 τὰ
2908 3073 3129 3127 τοιαῦτα
3173 3075 3200 3126 ὁ
3247 3074 3346 3143 μὲν
3387 3073 3596 3141 λελογιο

2010 3170 2222 3239 σμένως
2250 3168 2384 3240 πρὸς
2418 3167 2514 3239 τὴν
2541 3167 2728 3237 χρείαν
2753 3167 2980 3237 βλέπων,
3003 3166 3212 3235 δέχεται
3234 3166 3441 3218 τούτων
3463 3165 3593 3218 ἕκα-

2010 3277 2134 3314 στον
2167 3259 2537 3330 ἀπραγμόνως
2567 3257 2730 3328 δρῶν,
2760 3258 2858 3327 τῆς
2877 3257 3106 3327 ὀρέξεως
3132 3256 3222 3308 τὸν
3258 3256 3466 3309 σκοπὸν
3497 3255 3596 3325 τῆς

2008 3353 2196 3425 χρείας
2221 3351 2559 3420 ποιούμενος,
2587 3345 2754 3414 οἷκον,
2784 3347 3018 3416 ἱμάτιον,
3057 3347 3334 3414 συζυγίαν,
3361 3346 3595 3417 τροφὴν,

2008 3446 2074 3499 δι’
2105 3447 2334 3499 ἑκάστου
2362 3443 2564 3496 τούτων
2593 3441 2910 3513 θεραπεύων
2930 3442 2990 3494 τὸ
3019 3440 3196 3494 ἐνδέον
3222 3441 3322 3510 τῆς
3351 3439 3595 3506 φύσεως.

2020 3539 2078 3591 Ὀ
2106 3537 2163 3590 δὲ
2213 3534 2319 3589 τῶν
2366 3534 2566 3605 ἡδονῶν
2604 3533 2901 3602 ὑπηρέτης,
2930 3529 3082 3592 ὁδοὺς
3121 3529 3463 3599 παθημάτων
3491 3526 3599 3590 τὰς

2008 3629 2307 3698 ἀναγκαίας
2329 3627 2519 3697 χρείας
2548 3625 2800 3694 ἐποίησεν
2818 3640 2832 3654 ο
2859 3623 2982 3676 ἀντὶ
3009 3623 3105 3692 μὲν
3125 3621 3223 3691 τῆς
3238 3620 3461 3691 τροφῆς,
3488 3618 3596 3688 τὴν

2007 3718 2214 3790 τρυφὴν
2245 3715 2515 3786 ἐπιζητῶν
2535 3730 2550 3745 ο
2602 3713 2721 3766 ἀντὶ
2757 3712 2814 3765 δὲ
2859 3712 2958 3780 τῆς
2987 3709 3298 3780 περιϐολῆς,
3328 3708 3415 3761 τὸν
3453 3706 3592 3760 καλ-

2007 3810 2285 3880 λωπισμὸν
2335 3805 2764 3878 προαιρούμενος
2791 3819 2806 3833 ⁸
2866 3803 2988 3857 ἀντὶ
3039 3803 3096 3855 δὲ
3140 3802 3239 3870 τῆς
3263 3801 3372 3854 τῶν
3400 3799 3591 3852 οἰκιῶν

2008 3902 2197 3974 χρείας
2253 3901 2352 3970 τὴν
2385 3897 2732 3951 πολυτέλειαν
2758 3913 2771 3926 ·
2828 3895 2948 3948 ἀντὶ
2987 3893 3044 3946 δὲ
3075 3894 3173 3963 τῆς
3219 3891 3587 3955 παιδοποιίας,

2010 3995 2145 4066 πρὸς
2177 3993 2275 4056 τάς
2313 3991 2661 4062 παρανόμους
2692 4005 2752 4041 τε
2790 3987 2888 4040 καὶ
2915 3987 3366 4057 ἁπηγορευμὲνας
3397 3984 3594 4054 ἡδονὰς

2011 4087 2241 4156 βλέπων.
2277 4082 2374 4136 Διὰ
2402 4081 2558 4134 τοῦτο
2583 4081 2618 4150 ἦ
2642 4097 2699 4132 τε
2720 4077 3001 4140 πλεονεξία
3028 4078 3300 4138 πλατείαις
3327 4078 3448 4136 ταῖς
3481 4073 3598 4126 πύ-

2008 4177 2127 4240 λαις
2159 4179 2223 4246 τῇ
2245 4173 2557 4246 ἀνθρωπίνῃ
2589 4171 2700 4243 ζωῇ
2724 4169 3118 4240 είσεκὼμασεν,
3146 4169 3233 4221 καὶ
3264 4169 3294 4236 η
3316 4166 3588 4234 μαλακία,

2010 4269 2103 4322 καὶ
2134 4270 2162 4321 ὁ
2194 4266 2381 4335 τῦφος,
2435 4264 2528 4318 καὶ
2564 4266 2597 4334 ἡ
2627 4262 2912 4333 χαυνότης,
2945 4262 3094 4332 καὶὴ
3126 4257 3400 4328 πολυειδὴς
3434 4259 3602 4311 ἀσωο

2009 4361 2115 4414 τία.
2155 4358 2338 4412 Ταῦτα
2368 4356 2460 4410 καὶ
2486 4355 2554 4407 τά
2575 4353 2816 4419 τοιαῦτα,
2851 4351 3040 4421 ὥσπερ
3066 4352 3208 4414 τινὲς
3236 4349 3347 4412 δζοι
3369 4349 3466 4403 καὶ
3494 4348 3611 4418 eq-

338 4443 729 4513 multiplexque
771 4447 1010 4502 luxuria.
1048 4448 1172 4504 Haec
1200 4460 1255 4504 et
1289 4453 1481 4508 horum
1525 4456 1723 4510 similia
1750 4458 1903 4523 vitia,

2016 4452 2169 4524 ράδες
2199 4449 2305 4502 τῶν
2342 4445 2651 4514 ἀναγκαίων
2681 4443 2879 4514 χρειῶν
2913 4442 3387 4513 παρεόλάστησαν,
3412 4441 3502 4493 διά
3531 4442 3617 4495 τὸ

337 4537 398 4583 ut
431 4532 691 4598 stolones,
724 4544 818 4589 aut
842 4537 979 4590 rami
1012 4539 1228 4607 quidam
1267 4542 1511 4608 inutiles,
1547 4555 1745 4616 praeter
1784 4551 1908 4605 vita:

337 4633 474 4674 usus
533 4624 873 4678 necessarios
924 4639 1328 4694 provenerunt,
1383 4633 1510 4687 dum
1563 4639 1909 4696 necessitatis

335 4710 604 4765 terminos
651 4713 890 4766 transilit
942 4719 1238 4786 appetitus,
1278 4719 1633 4793 hominesque
1666 4743 1774 4780 non
1811 4743 1909 4781 cu-

335 4810 461 4852 rant
499 4801 746 4859 honestis
793 4806 991 4863 studiis
1036 4808 1278 4866 dilatari.
1327 4812 1470 4880 Quid
1519 4817 1662 4872 enim
1712 4820 1908 4875 alendo

335 4891 558 4956 corpori
609 4903 841 4960 prosunt
889 4906 1145 4966 argentea
1193 4916 1355 4969 vasa,
1393 4919 1528 4959 auro
1567 4910 1909 4980 gemmisque

334 4987 596 5050 tanquam
646 4984 870 5042 tioribus
919 4988 1174 5044 distincta
1207 5000 1370 5064 atque
1398 5001 1702 5054 exornata?
1732 5001 1905 5068 Quem

337 5086 499 5125 usum
565 5072 798 5130 ali‘erunt
864 5087 1043 5134 vestes
1097 5083 1279 5139 aureis
1335 5092 1736 5162 purpureisque
1805 5095 1910 5149 filis

336 5171 625 5230 contextze,
661 5174 714 5221 et
743 5170 892 5223 varia
931 5173 1224 5230 elaboratae
1259 5175 1492 5246 pictura,
1541 5199 1648 5252 qua
1685 5193 1738 5238 et
1767 5202 1910 5255 prae-

335 5255 430 5319 lia,
460 5267 513 5311 et
558 5261 893 5329 venationes,
929 5275 982 5320 et
1030 5267 1148 5322 aliae
1183 5285 1268 5324 res
1301 5271 1567 5340 ejusmodi
1606 5275 1659 5329 iu
1708 5278 1908 5333 tunicis

336 5354 390 5399 et
430 5348 768 5408 indumentis
819 5354 888 5408 ab
941 5358 1243 5415 artiltcibus
1300 5363 1732 5420 describuntur?
1777 5367 1908 5434 Quae

341 5437 559 5504 quidem
599 5441 815 5498 luxuria
848 5460 1063 5516 semper
1094 5454 1378 5508 avaritiam
1419 5457 1673 5511 comitem
1723 5459 1904 5514 habet.

338 5525 472 5582 Nam
520 5540 578 5584 ut
611 5534 756 5589 vires
808 5537 912 5592 sibi
947 5541 1011 5596 ad
1054 5543 1414 5616 hmc'parcut,
1462 5565 1641 5606 rerum
1693 5551 1907 5620 cupita-

410 5707 433 5739 ⁸
458 5705 615 5762 Joan.
648 5726 729 5777 Ill,
765 5714 852 5768 30.

2008 4543 2297 4615 παρελθεῖν
2321 4539 2450 4601 τοὺς
2473 4541 2570 4608 τῆς
2595 4536 2782 4606 χρείας
2820 4536 2979 4606 ὅρους
3007 4534 3103 4604 τὴν
3137 4533 3332 4604 ὄρεξιν,
3355 4533 3450 4586 καὶ
3479 4537 3619 4599 τοῖς

2009 4637 2094 4689 ἐπ’
2117 4633 2289 4688 οὐδενὶ
2315 4631 2571 4702 χρησίμῳ
2614 4626 3069 4696 σπουδαζομένοις
3105 4624 3615 4680 ὲπιπλατύνεσθαι.

2008 4726 2072 4778 Τί
2123 4723 2231 4795 γὰρ
2263 4721 2438 4776 κοινὸν
2470 4719 2581 4790 ἔχει
2615 4718 2751 4788 πρὸς
2779 4717 2840 4770 τὸ
2879 4716 2978 4785 τῆς
3021 4715 3230 4786 τροφῆς
3255 4716 3528 4785 χρήσιμον
3585 4719 3630 4770 ὁ

2007 4815 2297 4884 διάγλυφος
2311 4813 2568 4883 ἄργυρος,
2587 4808 2792 4879 χρυσῷ,
2817 4806 2912 4860 καὶ
2943 4805 3112 4895 λίθοις
3134 4804 3581 4895 ἑπανθιζόμενος
3607 4824 3629 4872 ;

2012 4906 2078 4959 Ἥ
2113 4905 2256 4968 τίνος
2283 4903 2440 4974 χάριν
2479 4897 2744 4970 ὲπεδεήθη
2794 4898 2856 4951 τὸ
2890 4894 3105 4966 ἱμάτιον
3125 4895 3219 4949 τοῦ
3257 4894 3465 4965 χρυσοῦ
3497 4898 3633 4966 νή.-

2012 5015 2198 5070 ματος,
2222 4997 2316 5049 καὶ
2337 4997 2433 5066 τῆς
2453 4992 2781 5066 εὐανθούσης
2803 4989 3150 5061 πορφυρίδος,
3175 4988 3270 5042 καὶ
3295 4988 3395 5057 τῆς
3419 4989 3634 5057 ὑφαν-

2007 5090 2164 5158 τικῆς
2209 5086 2543 5158 ζωγραφίας,
2582 5083 2654 5136 δι’
2682 5078 2751 5154 ἦς
2783 5082 3028 5151 πόλεμοι,
3065 5081 3159 5133 καὶ¹
3186 5079 3368 5149 θῆρες,
3403 5080 3503 5132 καλ⁸
3539 5085 3636 5138 τὰ

2006 5180 2230 5234 τοιαῦτα
2267 5181 2378 5241 τοῖς
2426 5175 2615 5246 χιτῶσί
2643 5190 2701 5226 τε
2728 5175 2820 5227 καὶ
2868 5175 2979 5234 τοῖς
3015 5172 3272 5240 ἐνδύμασι
3309 5171 3463 5240 παρὰ
3487 5174 3633 5228 τῶν

2015 5273 2345 5343 ὑφαινόντων
2380 5266 2884 5338 ὲνζωγραφοῦνταις
2911 5261 3006 5327 Οἷς
3029 5263 3394 5334 συμμαχοῦσα
3424 5265 3457 5333 ἠ
3499 5266 3628 5334 τῆς

2017 5361 2328 5424 πλεονεξίας
2376 5358 2576 5428 ἑνεφύη
2610 5357 2784 5419 νόσος.
2821 5356 2942 5408 Ἵνα
2993 5353 3100 5425 γὰρ
3126 5352 3425 5420 ἐπιτύχωσι
3463 5353 3626 5424 πρὸς

2014 5455 2186 5508 ταῦτα
2207 5451 2559 5523 παρασκευῆς
2581 5450 2674 5501 καὶ
2709 5447 3010 5516 δυνάμεως,
3039 5444 3136 5507 τάς
3159 5445 3264 5496 τῶν
3297 5443 3624 5511 Eme-431.02.:—

2021 5548 2192 5619 μένων
2227 5545 2356 5608 ὕλας
2392 5542 2540 5614 παρὰ
2592 5541 2690 5612 τῆς
2720 5538 3029 5605 πλεονεξίας
3064 5537 3397 5609 πορίζονται.
3450 5535 3525 5588 '11
3551 5533 3636 5592 δὲ
