3930 6210
285 293 385 348 529

1677 304 1768 360 DE
1805 304 2132 361 MORTUIS.

3433 327 3538 383 550

277 410 564 477 πλεονεξία
589 415 651 484 τῇ
678 414 907 488 ἀπιστία
944 417 1044 490 τὴν
1072 419 1274 476 εἴσοδον
1311 423 1540 493 ηνοιξεν,
1585 427 1704 499 ἥτις
1738 430 1852 482 ἐστὶ

1972 443 2075 480 ‘um
2137 429 2419 484 materiam
2479 430 2711 484 avaritia
2755 430 3141 489 subministrat
3183 453 3197 488 ι
3240 436 3541 507 eademque

274 508 427 561 κατά
464 508 556 560 τὸν
593 509 926 580 Σολομῶντα,
976 514 1006 566 ὁ
1041 516 1371 586 τετρημένος
1416 519 1587 585 πίθος,
1621 522 1706 574 ἀεὶ
1751 525 1862 586 τοῖς

273 598 613 652 ἀπαντλοῦσι
646 600 870 664 λείπων,
913 606 1007 657 καὶ
1033 606 1187 670 κενὸς
1220 609 1626 681 εὑρισκόμενος.
1656 614 1864 668 Οὑκοὺν

275 691 342 742 οὑ
375 690 437 741 τὸ
476 690 631 761 σῶμα
658 692 757 755 τὰς
786 693 894 747 τῶν
928 698 1112 751 κακῶν
1153 700 1426 773 ἀφορμὰς,
1459 705 1574 759 ἀλλ’
1599 708 1632 776 ή
1669 707 1865 780 προαίο

279 797 435 850 ρεσις
468 782 707 851 ἐμποιεῖ,
754 784 844 838 τὸν
897 788 1101 842 σκοπὸν
1157 791 1256 860 τῆς
1295 795 1484 864 χρείας
1514 797 1594 859 είς
1619 796 1717 868 τὴν
1757 797 1864 851 τῶν
1914 816 1918 818 ‘

277 870 502 924 ἀτόπων
522 873 822 944 ἐπιθυμίαν
838 877 1202 950 ἐκτρέπουσα.
1234 884 1326 956 Μὴ
1354 888 1533 940 τοίνυν
1556 889 1866 954 κακιζέσθω
1900 906 1902 909 '

277 964 432 1035 παρὰ
461 966 572 1018 τῶν
605 968 1026 1040 ἀπερισκέπτων
1049 972 1112 1026 τὸ
1152 975 1330 1047 σῶμα,
1353 971 1397 1046 ᾧ
1426 980 1562 1048 μετὰ
1585 979 1758 1034 ταῦτα
1779 980 1865 1036 διὰ

275 1057 377 1128 τῆς
410 1058 831 1128 παλιγγενεσίας
855 1069 1389 1138 μεταστοιχειωθέντι
1418 1073 1553 1143 πρὸς
1577 1073 1637 1126 τὸ
1670 1075 1866 1127 θειότε-

279 1167 375 1222 ρον
403 1152 435 1222 ή
486 1150 633 1224 ψυχὴ
663 1154 1084 1223 καλλωπίσεται,
1116 1160 1184 1213 τὰ
1221 1163 1448 1233 περιττά
1477 1181 1535 1217 τε
1568 1165 1660 1219 καὶ
1691 1166 1865 1238 ἀχρη-

280 1258 404 1304 στα,
429 1243 504 1307 ὡς
529 1245 666 1315 πρὸς
695 1245 793 1316 τὴν
819 1247 1116 1304 ἀπόλαυσιν
1139 1253 1238 1323 τῆς
1265 1255 1562 1327 μελλούσης
1579 1259 1743 1329 ζωῆς,
1769 1259 1862 1312 τοῦ

279 1331 511 1385 θανάτου
557 1334 1028 1406 ἀποκαθάραντος.
1059 1340 1133 1393 Οὐ
1164 1342 1271 1412 γάρ
1301 1344 1436 1414 πρὸς
1484 1343 1521 1398 ἃ
1555 1346 1647 1399 νῦν
1677 1347 1865 1415 ἐπιτη-

277 1422 434 1488 δείως
460 1423 594 1495 ἔχει,
627 1426 697 1479 τὰ
726 1427 866 1481 αὐτὰ
905 1431 997 1484 κοιλ¹
1020 1433 1078 1486 ἐν
1111 1433 1186 1504 τῷ
1214 1436 1350 1504 μετὰ
1376 1437 1546 1491 ταῦτα
1565 1439 1866 1510 χρησιμεὺο

281 1533 362 1569 σει
395 1517 515 1588 βίῳ,
551 1519 667 1573 ἀλλ’
695 1522 870 1575 οίκεία
904 1525 996 1577 καὶ
1020 1527 1355 1600 κατάλληλος
1372 1530 1523 1586 ἔσται
1543 1535 1608 1604 τῇ
1635 1534 1868 1587 ἀπολαύ-

280 1624 366 1660 σει
393 1610 491 1679 τῆς
525 1608 671 1680 ζωῆς
710 1613 925 1686 ἐκείνης
972 1619 1004 1687 ὴ
1054 1617 1148 1671 τοῦ
1192 1621 1442 1691 σώματος
1489 1625 1645 1695 ἡμῶν
1688 1643 1866 1697 παρα-

287 1699 478 1770 σκευὴ,
502 1702 770 1772 ἁρμοδίως
805 1707 938 1776 πρὸς
956 1708 1054 1778 τὴν
1083 1709 1191 1763 τῶν
1204 1711 1421 1781 ἀγαθῶν
1441 1715 1726 1785 μετουσίαν
1753 1718 1868 1770 δια··

1966 519 2192 572 avaritia
2242 519 2546 574 inlidelitati
2580 521 2783 576 aditum
2819 523 3079 593 patefacit
3107 535 3231 582 :est
3272 528 3443 592 enim,
3485 539 3543 584 ut

1966 607 2041 663 ait
2070 607 2392 675 Solomon”,
2435 611 2644 666 dolium
2681 621 2989 682 pertusum,
3023 617 3168 686 quod
3203 619 3296 689 qui
3335 635 3543 675 conan-

1965 707 2055 753 tur
2100 700 2345 771 implere,
2382 701 2589 757 frustra
2634 703 2907 772 laborant,
2951 714 3006 762 et
3049 723 3281 764 vacuum
3323 726 3541 780 semper

1966 791 2268 848 inveniunt.
2295 792 2508 863 Corpus
2535 810 2668 866 ergo
2697 811 2806 851 non
2835 797 2992 852 affert
3018 801 3283 855 malorum
3315 817 3538 864 causas,

1966 881 2062 937 sed
2125 883 2245 953 ipsa
2299 885 2584 953 voluntas,
2643 902 2766 958 quae
2821 891 3196 946 necessarium
3247 908 3406 948 usum
3470 893 3538 946 ad

1966 974 2233 1030 absurdas
2280 985 2334 1032 et
2376 977 2600 1034 inutiles
2650 981 2977 1050 cupiditates
3014 983 3344 1052 detorquet.-
3370 982 3540 1038 Nemo

1965 1064 2134 1137 igitur
2191 1075 2396 1124 temere
2441 1079 2497 1124 et
2545 1069 2954 1129 inconsiderate
3009 1082 3259 1136 nostrum
3321 1080 3542 1128 accuset

1965 1171 2185 1226 corpus,
2229 1173 2337 1229 quo
2368 1167 2558 1230 postea
2589 1177 2688 1232 per
2732 1165 3199 1234 regenerationem
3249 1165 3305 1219 in
3335 1173 3539 1220 statum

1966 1247 2294 1303 diviniorem
2318 1260 2650 1306 commutato
2673 1252 2889 1309 animus
2914 1253 3289 1319 decorabitur,
3322 1269 3447 1308 cum
3471 1255 3541 1309 ab

1966 1340 2255 1397 inutilibus
2301 1341 2434 1397 illud
2473 1350 2526 1398 et
2576 1342 3002 1414 supervacaneis
3050 1346 3306 1402 sordibus
3352 1353 3407 1401 et
3453 1346 3541 1399 in-

1967 1431 2277 1486 commodis
2327 1448 2474 1488 mors
2514 1439 2918 1505 expurgaverit,
2955 1443 3012 1488 ut
3045 1435 3157 1488 vita
3203 1435 3388 1491 futura
3417 1451 3540 1506 per-

1968 1521 2201 1577 fruatur.
2245 1523 2379 1578 Nam
2418 1541 2538 1595 qua:
2571 1526 2648 1582 illi
2693 1545 2842 1583 nunc
2873 1531 3228 1600 congruentia
3285 1537 3434 1596 sunt,
3469 1529 3539 1585 iis

1969 1629 2079 1667 non
2113 1621 2296 1668 utetur
2339 1615 2394 1669 in
2430 1602 2602 1672 altera
2633 1619 2760 1683 vita,
2817 1620 2884 1674 ad
2931 1621 3090 1689 cujus
3122 1620 3350 1676 fruenda
3395 1620 3539 1675 bona

1972 1703 2061 1758 fiet
2094 1713 2221 1775 apta
2267 1708 2788 1780 accommodataque
2820 1712 3067 1780 corporis
3113 1712 3285 1766 nostri
3328 1712 3538 1766 consti-

287 1791 524 1845 τεθεῖσα.
553 1790 669 1848 Οἷόν
687 1796 900 1866 τιλέγω
941 1802 1214 1871 (κρεῖττον
1244 1803 1352 1874 γὰρ
1381 1781 1734 1877 ὑποδείγματι
1756 1809 1864 1862 τῶν

1972 1797 2128 1850 tutio.
2168 1795 2287 1851 Non
2333 1799 2570 1856 alienum
2623 1809 2804 1856 autem
2849 1802 2977 1866 erit,
3027 1811 3084 1856 ut
3125 1803 3268 1872 quod
3304 1803 3538 1857 dicimus

290 1884 578 1955 γνωρίμων
602 1889 706 1940 τινὶ
727 1888 1111 1962 διασαφηνίσαι
1128 1895 1188 1947 τὸ
1210 1894 1428 1966 νόημα)’
1448 1897 1616 1952 Ἡτοῦ
1646 1900 1864 1970 σιδήρου

290 1973 458 2044 βῶλος
497 1979 820 2048 χρησιμεύει
865 1984 928 2052 τῇ
964 1983 1291 2056 χαλκευτικῇ
1335 1987 1532 2058 τέχνῃ,
1559 1988 1866 2061 ἀκατέργαο

290 2084 411 2132 στος
437 2068 629 2140 ἄκμων
662 2075 928 2144 γενομένη
963 2074 1056 2128 τοῦ
1101 2076 1516 2147 τεχνιτεύοντος.
1561 2081 1700 2135 Ἀλλ’
1738 2084 1866 2136 ἄταν

278 2155 363 2210 δεῖ
393 2159 528 2228 πρός
567 2176 620 2212 τι
665 2160 986 2232 λεπτότερον
1023 2164 1456 2235 μετεργασθῆναι
1504 2166 1595 2220 τὸν
1628 2167 1863 2239 σίδηρον,

279 2249 403 2302 τότε
425 2250 492 2302 δι’
515 2252 835 2322 ἐπιμελείας
862 2253 960 2326 τὴν
993 2253 1162 2326 βῶλον
1194 2255 1288 2309 τοῦ
1320 2258 1492 2329 πυρὸς
1520 2259 1866 2332 ἐκκαθήρανο

276 2358 394 2409 τος,
423 2341 571 2396 ἅπαν
601 2344 918 2399 ἀποτίθεται
958 2347 1018 2400 τὺ
1057 2347 1254 2416 γεῶδες
1287 2351 1382 2403 καὶ
1422 2352 1713 2422 ἄχρηστον,
1751 2353 1779 2406 ὃ
1800 2353 1863 2424 δὴ

279 2435 534 2521 σκωρίαν
555 2438 605 2488 οἱ
636 2440 876 2507 τεχνῖται
906 2441 1001 2510 τῆς
1038 2439 1300 2510 ἐργασίας
1328 2441 1533 2512 ταύτης
1563 2443 1864 2514 κατονομά-

275 2526 475 2593 ζουσιο
529 2531 620 2584 καὶ
650 2530 822 2595 οὕτως
867 2534 895 2585 ὁ
948 2534 1078 2594 ποτὲ
1121 2533 1312 2604 ἄκμων
1349 2534 1791 2606 λεπτουργηθεὶςν
1831 2535 1865 2607 ἢ

275 2623 490 2693 θώραξ,
523 2623 556 2693 ἢ
586 2624 713 2678 ἄλλο
745 2642 798 2677 τι
817 2625 926 2678 τῶν
954 2625 1164 2680 λεπτῶν
1184 2628 1723 2697 κατασκευασμάτων
1746 2628 1864 2696 ἐγέο

275 2732 427 2781 νετο,
456 2714 554 2767 τοῦ
578 2714 819 2770 τοιούτου
849 2715 1260 2788 περιττώματος
1284 2717 1641 2790 ἐκκαθαρθεὶς
1661 2719 1746 2774 διὰ
1769 2724 1868 2792 τῆς

275 2807 540 2878 χωνείας,
595 2807 731 2879 ὅπερ
787 2808 892 2871 ἓως
929 2809 1057 2862 ποτὲ
1103 2808 1296 2880 ἄκμων
1322 2805 1411 2881 ἦν,
1455 2811 1555 2864 οὑκ
1593 2811 1869 2882 ἐνομίζετο

277 2899 425 2970 πρὸς
440 2898 538 2968 τὴν
559 2898 682 2951 τότε
714 2899 902 2970 χρείαν
932 2895 1068 2952 εἶναι
1099 2900 1436 2972 περίττωμα.
1463 2902 1737 2958 Συνετέλει
1762 2905 1867 2978 γάρ

276 3007 332 3042 τι
357 2989 456 3041 καὶ
494 2991 529 3059 ή
554 2989 760 3058 σκωρία
780 2989 915 3060 πρὸς
947 2989 1036 3042 τὸν
1069 2989 1232 3058 ὄγκον
1265 2989 1356 3044 τοῦ
1387 2993 1604 3064 σιδήρου
1636 2995 1870 3062 ἐγκατα-

282 3079 606 3150 μεμιγμένη
639 3081 704 3149 τῇ
766 3078 942 3149 βώλῳ.
974 3077 1113 3149 Ἤδη
1165 3079 1412 3150 νενόηται
1467 3083 1598 3153 ἡμῖν
1640 3081 1701 3135 τὸ
1737 3082 1870 3135 ὑπό-

277 3173 520 3241 δειγμα·
578 3170 872 3242 μετακτέον
912 3170 1012 3241 ἤδη
1045 3171 1180 3242 πρὸς
1213 3172 1274 3224 τὸ
1302 3173 1661 3243 προκείμενον
1691 3173 1869 3244 νόημα

280 3262 384 3332 τὴν
411 3264 470 3314 ἐν
496 3260 576 3332 τῷ
605 3261 960 3331 ὑποδείγματι
1004 3261 1370 3332 θεωρηθεῖσαν
1403 3262 1657 3335 διάνοιαν.
1692 3263 1756 3316 Τί
1777 3260 1870 3317 οὑν

285 3355 404 3408 ἐστι
451 3353 639 3415 τοῦτος
679 3353 886 3417 Πολλὰς
931 3353 1043 3424 ἔχει
1075 3353 1171 3408 νῦν
1202 3353 1542 3425 σκωρεώδεις
1582 3355 1871 3428 ποιότητας

287 3446 322 3516 ἡ
378 3443 475 3498 τοῦ
517 3444 765 3516 σώματος
811 3445 995 3514 φύσις,
1036 3447 1092 3500 αἳ
1135 3446 1279 3500 κατά
1328 3447 1426 3517 μὲν
1463 3445 1560 3517 τὴν
1593 3446 1871 3517 παροῦσαν

293 3536 457 3608 ζωὴν,
494 3537 630 3607 πρός
672 3554 726 3590 τι
780 3538 1048 3608 χρήσιμον
1083 3537 1446 3602 συντελοῦσιν,
1483 3539 1772 3609 ἀχρήστως
1813 3539 1870 3592 δὲ

293 3630 606 3684 παντάπασι
636 3630 728 3683 καὶ
744 3629 1040 3702 ἀλλοτρίως
1057 3630 1238 3702 ἔχουσι
1268 3631 1405 3703 πρὸς
1430 3631 1527 3702 τὴν
1545 3629 1684 3702 μετὰ
1699 3630 1871 3686 ταῦτα

292 3725 749 3796 προσδοκωμένην
777 3724 1172 3796 μακαριότητα.
1206 3724 1382 3796 Ὅπερ
1412 3718 1505 3778 οὖν
1547 3725 1604 3778 ἐν
1630 3722 1708 3794 τῷ
1740 3723 1872 3795 πυρὶ

293 3819 428 3889 περὶ
454 3817 545 3871 τὸν
577 3817 786 3887 σίδηρον
811 3816 1039 3886 γίνεται,
1069 3816 1128 3870 τὸ
1164 3816 1433 3887 ἄχρηστον
1459 3815 1604 3872 ἇπαν
1635 3819 1733 3888 τῆς
1762 3834 1871 3888 χω-

291 3910 450 3971 νείας
478 3908 854 3980 ἀποποιούσης,
890 3907 1047 3962 τοῦτο
1073 3907 1162 3962 διὰ
1187 3907 1279 3962 τοῦ
1318 3908 1550 3963 θανάτου
1579 3906 1873 3980 κατορθοῦ-

294 4017 389 4053 ται
420 3998 497 4069 τῷ
530 3999 750 4070 σώματι,
775 4000 975 4064 παντὸς
994 3998 1406 4071 περιττώματος
1435 3999 1870 4070 ἀποποιουμένου

289 4091 385 4147 διὰ
399 4092 498 4161 τῆς
527 4092 583 4144 ἐν
607 4095 670 4162 τῇ
696 4093 980 4163 νεκρότητι
1009 4091 1236 4155 λύσεως.
1257 4091 1472 4162 Φανερὰ
1503 4090 1601 4162 μὲν
1633 4089 1726 4144 οὖν
1756 4093 1871 4144 ἐστι

289 4183 513 4246 πάντως
527 4184 638 4246 τοῖς
651 4182 1082 4253 ὲπεσκεμμένοις
1111 4183 1240 4236 ποῖα
1259 4181 1430 4236 ταῦτά
1444 4183 1613 4248 ἐστιν,
1643 4174 1718 4236 ὧν
1738 4182 1873 4236 ἀπο-

292 4274 616 4345 καθαίρεται
640 4274 698 4326 τὸ
719 4273 878 4344 σῶμα
909 4275 988 4337 είς
1015 4273 1238 4346 ὕστερον
1257 4290 1270 4304 °
1307 4275 1450 4345 ἆπερ
1481 4276 1528 4328 εί
1574 4273 1650 4346 μὴ
1669 4273 1870 4345 παρείη

293 4365 437 4420 κατά
479 4365 577 4436 τὴν
631 4365 914 4435 παροῦσαν
961 4367 1128 4438 ζωὴν,
1170 4364 1342 4436 ζημία
1385 4365 1594 4433 γίνεται
1623 4364 1715 4418 τοῦ
1753 4363 1868 4434 βίου

1967 1895 2111 1942 nota:
2146 1889 2586 1961 pervulgatmque
2621 1893 2699 1947 rei
2731 1892 3037 1964 cujuspiam
3071 1894 3317 1963 exemplo
3357 1894 3538 1948 decla-

1967 1993 2176 2034 remus.
2213 1979 2335 2034 Arti
2385 1983 2592 2037 aeraria:
2627 1983 2778 2040 utilis
2815 1993 2901 2040 est
2942 1983 3075 2039 ferri
3107 1985 3296 2039 infecti
3348 1986 3540 2040 illabo-

1967 2071 2184 2140 ratique
2223 2086 2427 2138 massa,
2471 2073 2600 2127 dum
2657 2091 2720 2130 ea
2763 2090 2863 2144 pro
2919 2075 3117 2130 incude
3149 2073 3302 2129 faber
3341 2076 3537 2128 utitur.

1966 2161 2037 2215 At
2063 2176 2188 2216 cum
2223 2177 2364 2232 opus
2396 2171 2481 2218 est
2513 2163 2660 2220 ferro
2709 2166 2776 2219 ad
2821 2180 2963 2235 opus
3013 2165 3233 2233 aliquod
3283 2165 3540 2220 subtilius

1966 2261 2021 2308 et
2057 2252 2234 2324 magis
2266 2254 2608 2310 elaboratum
2636 2255 3059 2321 conficiendum,
3097 2265 3230 2310 tunc
3259 2256 3384 2325 igne
3418 2255 3542 2310 dili-

1967 2352 2161 2416 genter
2220 2355 2597 2417 expurgantur
2659 2361 2857 2402 massce
2922 2347 3070 2402 illius
3128 2355 3323 2401 terrea:
3377 2352 3541 2415 atque

1967 2435 2192 2491 inutiles
2231 2435 2416 2500 faeces,
2469 2453 2626 2507 quas.
2671 2438 2766 2507 qui
2822 2437 2957 2492 artis
3011 2437 3130 2507 ejus
3185 2438 3346 2507 periti
3391 2446 3539 2505 sunt,

1969 2528 2210 2585 scoriam
2243 2529 2542 2600 appellant.
2586 2530 2763 2599 Atque
2815 2516 2890 2584 ita
2926 2530 3074 2599 quod
3112 2531 3242 2584 olim
3280 2535 3398 2584 erat
3453 2529 3542 2583 in-

1969 2635 2066 2676 cus
2121 2619 2343 2676 rudisve
2401 2619 2529 2676 ferri
2581 2636 2799 2686 massa,
2862 2622 3138 2678 subtiliter
3202 2623 3541 2677 elaboratum

1968 2711 2140 2765 lorica
2173 2710 2254 2776 lit,
2299 2719 2394 2766 aut
2431 2710 2654 2781 aliquod
2692 2710 2841 2765 aliud
2875 2727 3016 2782 opus
3045 2713 3323 2784 egregium
3367 2721 3421 2768 et
3451 2729 3546 2768 ex-

1968 2801 2222 2871 politum,
2273 2801 2697 2872 supervacaneis
2751 2802 2809 2855 in
2837 2800 3060 2858 fornace
3106 2803 3350 2858 excoctis
3397 2803 3548 2872 abje-

1970 2892 2184 2963 ctisque
2227 2892 2506 2958 sordibus,
2557 2908 2678 2962 qua:
2709 2901 2894 2948 tamen
2946 2893 3001 2947 in
3037 2893 3156 2964 ipsa
3211 2894 3406 2948 incude
3453 2904 3547 2948 aut

1971 3001 2156 3042 massa
2205 2985 2574 3042 consideratae
2623 2998 2979 3054 supervacuae
3029 3000 3137 3039 non
3185 2986 3545 3054 putabantur.

1971 3062 2200 3133 Confert
2241 3076 2387 3133 enim
2421 3075 2628 3146 aliquid
2661 3076 2729 3130 ad
2761 3076 2891 3131 ferri
2929 3076 3126 3131 molem
3163 3077 3328 3131 etiam
3367 3078 3548 3132 scoria

1971 3171 2029 3224 in
2085 3183 2266 3224 massa
2324 3168 2609 3239 permista.
2671 3166 3027 3236 Perspicuum
3096 3167 3200 3220 hoc
3248 3167 3406 3222 nobis
3465 3179 3551 3223 est

1971 3260 2279 3330 exemplum
2316 3276 2330 3312 :
2362 3257 2839 3314 accommodemus
2863 3272 3010 3312 nunc
3049 3268 3370 3326 praesentem
3416 3273 3549 3313 con-

1971 3349 2368 3406 siderationem
2415 3349 2482 3404 ad
2527 3363 2648 3404 eam
2683 3364 2804 3418 qua:
2837 3348 2890 3402 in
2921 3349 3171 3418 exemplo
3213 3350 3550 3420 conspicitur

1976 3439 2434 3510 intelligentiam:
2467 3437 2729 3508 quidnam
2775 3438 2942 3509 igitur
2975 3439 3120 3493 istud
3173 3439 3291 3494 est?
3325 3440 3429 3494 hoc
3463 3441 3549 3494 ni-

1972 3529 2194 3584 mirum.
2229 3529 2424 3584 Multas
2450 3544 2596 3584 nunc
2623 3529 2786 3585 habet
2811 3537 3006 3584 natura
3046 3532 3294 3601 corporis
3333 3534 3546 3598 sordes,

1972 3634 2038 3675 ac
2079 3620 2246 3676 veluti
2293 3621 2563 3687 scoriam,
2611 3622 2906 3691 quamdam
2955 3624 3211 3692 praesenti
3267 3625 3390 3680 vitae
3440 3640 3549 3680 non

1972 3712 2220 3767 inutilem
2268 3712 2418 3767 illam
2478 3712 2701 3783 quidem
2757 3714 2941 3782 aliquo
2987 3715 3169 3778 modo,
3223 3716 3316 3770 sed
3367 3724 3548 3770 tamen

1973 3801 2205 3856 alienam
2248 3816 2478 3872 prorsus
2514 3805 2584 3856 ab
2613 3816 2676 3857 ea
2725 3801 3008 3867 felicitate,
3047 3820 3210 3872 quam
3262 3814 3549 3874 exspecta-

1973 3907 2116 3948 mus.
2141 3891 2608 3959 Quemadmodum
2644 3893 2808 3965 igitur
2850 3895 2906 3949 in
2938 3894 3161 3952 fornace
3201 3896 3342 3967 ignis
3373 3898 3551 3952 aufert

1972 3992 2026 4040 et
2067 3983 2306 4040 absumit
2350 3984 2616 4056 quidquid
2673 3987 2729 4039 in
2785 3985 2934 4042 ferro
2988 3996 3072 4043 est
3102 3988 3318 4052 inutile,
3367 3990 3447 4044 sic
3495 3990 3549 4043 in

1973 4075 2093 4145 ipsa
2124 4084 2298 4130 morte
2327 4090 2526 4145 corpus
2557 4076 2625 4130 ab
2654 4077 2804 4130 omni
2838 4092 2896 4131 re
2934 4093 3342 4147 supervacanea
3384 4087 3550 4146 atque

1973 4165 2156 4220 inutili
2201 4181 2300 4236 per
2341 4166 2694 4220 mortalitatis
2723 4166 3056 4221 solutionem
3089 4169 3377 4222 liberatur.
3419 4171 3551 4234 Quae

1974 4265 2155 4312 autem
2191 4257 2303 4311 sint
2345 4271 2433 4322 ea,
2468 4271 2499 4308 a
2543 4255 2745 4325 quibus
2784 4270 2986 4326 corpus
3036 4257 3090 4311 in
3122 4267 3399 4328 posterum
3450 4277 3549 4316 ex-

1974 4349 2319 4424 purgabitur,
2361 4364 2483 4419 qua:
2527 4349 2637 4404 nisi
2689 4349 2782 4404 hic
2833 4351 3111 4415 adessent,
3149 4365 3391 4420 praesens
3436 4353 3550 4409 haec

285 4459 506 4511 τούτου.
544 4457 688 4528 Πλὴν
714 4458 850 4511 ἀλλὰ
899 4460 992 4512 καὶ
1041 4447 1183 4530 παρ⁹’
1202 4457 1359 4529 ἡμῶν
1387 4457 1685 4530 σαφηνείας
1713 4455 1869 4528 χάριν

1977 4442 2086 4496 vita
2116 4442 2378 4497 damnum
2407 4441 2634 4507 faceret,
2673 4442 2800 4497 licet
2821 4443 2998 4499 cuivis
3021 4443 3264 4500 studiose
3294 4446 3553 4502 conside-

284 4548 357 4602 δι’
387 4548 589 4618 ὀλίγων
615 4551 915 4621 εἰρήσεται.

367 4810 572 4876 Ἔστω,
596 4810 716 4864 καθ’
740 4811 1017 4876 ὑπόθεσιν,
1036 4811 1154 4865 ἀντὶ
1179 4812 1276 4882 μὲν
1287 4813 1386 4882 τῆς
1415 4810 1608 4882 βώλου,
1640 4813 1672 4883 ἡ
1697 4811 1873 4882 ὄρεξις

285 4905 326 4973 ή
351 4903 596 4971 φυσικῶς
616 4905 709 4957 ἐπὶ
738 4905 954 4960 πάντων
970 4904 1333 4976 ἐνεργουμένη
1353 4921 1367 4934 ·
1389 4905 1510 4959 ἀντὶ
1529 4903 1584 4957 δὲ
1613 4906 1709 4974 τῆς
1735 4920 1876 4956 σκω-

285 4994 421 5065 pia;
444 4993 630 5056 ταῦτα,
657 4994 796 5066 πρὸς
821 4995 856 5049 ἃ
888 4994 984 5048 νῦν
1011 4997 1109 5058 τάς
1132 4994 1308 5065 ὁρμὰς
1331 4994 1444 5065 ἔχει
1473 4995 1506 5064 ἡ
1531 4993 1728 5066 ὄρεξις,
1750 4992 1874 5064 ἡδο-

278 5086 406 5149 ναὶ,
437 5086 529 5137 καὶ
568 5086 809 5153 πλοῦτοι,
841 5087 935 5139 καὶ
964 5085 1282 5156 φιλοδοξίαι,
1304 5087 1394 5140 καὶ
1423 5086 1751 5147 δυναστεῖαι,
1783 5085 1876 5138 καὶ

275 5176 483 5247 θυμοὶ,
526 5178 618 5230 καὶ
647 5178 826 5247 τῦφοι,
856 5180 950 5233 καὶ
984 5179 1055 5232 τὰ
1093 5179 1337 5233 τοιαῦτα.
1374 5177 1590 5234 Τούτων
1624 5179 1875 5232 ἁπάντων

270 5271 387 5325 καὶ
408 5268 519 5320 τῶν
540 5269 814 5332 τοιούτων,
857 5271 1150 5342 καθάρσιον
1183 5270 1409 5341 ἀκριϐὲς
1425 5271 1454 5323 ὁ
1477 5270 1705 5334 θάνατος
1733 5271 1877 5339 γίνε-

265 5377 379 5416 ται
408 5375 424 5388 ⁸
455 5350 528 5411 ὧν
573 5359 922 5430 γυμνωθεῖσά
961 5378 1021 5414 τε
1068 5361 1162 5414 καὶ¹
1210 5359 1544 5431 καθαρθεῖσα
1579 5361 1796 5414 πάντων
1840 5361 1874 5429 ὴ

267 5451 500 5527 ὁρεξις,
535 5451 668 5522 πρὸς
695 5452 756 5506 τὸ
786 5453 944 5523 μόνον
964 5453 1188 5524 ὀρεκτόν
1225 5469 1284 5506 τε
1309 5453 1402 5507 καὶ
1427 5449 1759 5523 ἐπιθυμητὸν
1784 5450 1876 5503 καὶ

269 5545 562 5618 ἐράσμιον
607 5546 673 5615 τῇ
720 5543 968 5617 ἐνεργείᾳ
1007 5547 1364 5618 τραπήσεται,
1391 5544 1491 5599 οὑκ
1529 5542 1880 5600 ἀποσϐέσασα

361 5723 384 5755 ⁹
454 5719 623 5779 Ecclt.
655 5740 767 5791 nl,
799 5726 883 5780 l7.

1983 4533 2125 4586 ranti
2173 4531 2334 4588 facile
2381 4533 2685 4606 intelligere
2713 4554 2726 4588 :
2753 4544 2935 4590 tamen
2970 4552 3082 4606 quo
3127 4536 3344 4606 planius
3388 4539 3550 4592 etiam

1982 4633 2217 4689 constet,
2251 4634 2372 4680 uta
2423 4627 2706 4696 proposito
2755 4627 3007 4697 exemplo
3045 4643 3156 4683 non
3207 4627 3553 4692 recedamus,

1983 4715 2222 4772 breviter
2245 4733 2276 4772 a
2308 4717 2468 4774 nobis
2491 4719 2654 4774 etiam
2689 4721 3146 4774 recensebuntur.

2055 4807 2233 4866 Massa
2267 4811 2433 4881 igitur
2479 4811 2550 4867 sit
2581 4811 2860 4880 appetitio,
2914 4827 3036 4882 qua:
3089 4813 3417 4867 naturaliter
3471 4823 3556 4870 est

1983 4903 2239 4958 omnibus
2292 4903 2478 4970 insita,
2539 4901 2720 4957 scoria
2755 4909 2960 4965 autem,
3012 4913 3066 4957 et
3125 4903 3308 4969 faeces,
3349 4921 3433 4970 ea,
3487 4906 3555 4960 ad

1973 5013 2097 5072 qua:
2123 5012 2269 5051 nunc
2295 4998 2497 5066 impetu
2523 4996 2816 5052 dueituret
2843 4995 3076 5049 trahitur
3093 4997 3377 5066 appetitio,
3404 5013 3556 5051 nem-

1974 5104 2040 5159 pe
2070 5088 2398 5158 voluptates,
2425 5088 2650 5152 divitiae,
2686 5087 2879 5158 gloria,
2923 5087 3286 5158 principatus,
3339 5090 3555 5143 iracun-

1975 5180 2089 5243 dia,
2123 5187 2328 5243 tumor,
2361 5181 2692 5250 arrogantia,
2719 5187 2775 5234 et
2806 5178 2858 5234 id
2889 5193 3064 5249 genus
3102 5180 3231 5240 alia,
3279 5193 3310 5233 a
3355 5179 3554 5249 quibus

1975 5269 2232 5326 omnibus
2266 5285 2368 5327 nos
2399 5271 2647 5339 expiatos
2681 5286 2826 5326 mors
2856 5285 2918 5325 ac
2941 5271 3098 5342 plane
3120 5271 3323 5327 liberos
3355 5270 3554 5326 reddit.

1983 5361 2080 5417 llis
2103 5362 2246 5417 enim
2272 5370 2433 5418 exuta
2451 5378 2730 5433 vacuaque
2751 5363 3011 5434 appetitio
3035 5363 3103 5418 ad
3132 5363 3186 5417 id
3211 5362 3356 5434 quod
3380 5363 3554 5419 solum

1983 5455 2367 5524 expetendum,
2424 5454 2746 5526 optandum,
2818 5457 3220 5526 amandumque
3283 5465 3385 5517 est,
3449 5455 3556 5508 vim

1988 5545 2251 5604 transfert
2289 5561 2468 5612 suam,
2533 5563 2642 5603 non
2675 5545 3031 5618 exstinguens
3086 5547 3304 5618 penitus
3360 5546 3555 5602 insitos
