3930 6210
389 395 490 450 531
922 455 934 465 ι
1219 381 1226 386 ’
1617 391 1672 446 S.
1711 387 2036 445 GREGORII
2075 384 2355 441 NYSSENI
3523 375 3624 430 5'32

392 505 460 559 ad
494 505 608 561 hac
647 505 886 577 impetus
919 521 948 560 a
989 513 1204 568 natura,
1249 505 1344 560 sed
1382 520 1478 561 eos
1517 513 1841 560 convertens
1888 504 1944 558 ad

2072 500 2286 555 καθόλου
2312 498 2412 561 τάς
2440 498 2760 568 ἐγκειμένας
2778 496 3016 566 φυσικῶς
3041 497 3173 566 ἡμῖν
3201 493 3294 545 ἐπὶ
3325 487 3395 543 τά
3413 490 3624 543 τοιαῦτα

394 599 484 652 illa
518 597 659 653 bona
687 597 1034 668 perfruenda,
1065 614 1185 668 qua:
1221 613 1250 652 a
1281 600 1510 654 materia
1536 598 1782 668 sejuncta
1807 605 1946 653 sunt.

2075 591 2257 661 Βρμάς,
2290 589 2423 644 ἀλλά
2457 590 2592 660 πρὸς
2631 589 2728 658 τὴν
2762 588 2923 642 ἀῦλον
2957 585 3063 639 τῶν
3099 583 3318 652 ἀγαθῶν
3349 581 3627 654 μετουσίαν

393 686 528 740 Nam
557 688 668 742 illic
702 687 847 758 viget
871 704 1009 744 verae
1033 690 1454 760 pulchritudinis
1479 704 1650 755 amor,
1685 689 1779 758 qui
1819 705 1945 742 nun-

2073 683 2500 751 μεταποιήσασα.
2549 681 2696 734 Ἐκεῖ
2737 679 2846 748 γὰρ
2875 681 2903 732 ὁ
2932 677 3070 748 ἔρως
3094 673 3188 727 τοῦ
3227 671 3480 742 ἀληθινοῦ
3511 671 3625 723 κάλ-

397 793 561 848 quam
609 781 995 850 exstinguitur.
1049 780 1164 836 Illic
1221 781 1513 836 laudabilis
1561 781 1715 836 adest
1747 782 1949 851 sapien-

2085 789 2205 837 ους,
2240 774 2268 826 ό
2309 773 2581 834 ἄπαυστος
2603 787 2617 799 ·
2667 773 2784 823 ἐκεῖ
2820 771 2854 840 ἡ
2897 765 3152 836 ἐπαινετή
3171 764 3278 817 τῶν
3303 763 3403 831 τῆς
3447 760 3637 851 σοφίας

394 872 484 924 ῑῘιΕ
517 870 831 925 divitiarum
877 865 1168 944 cupiditas,
1202 882 1254 927 et
1286 874 1606 943 praeclarum
1654 887 1718 926 ac
1760 850 1946 927 bonun

2075 862 2350 934 θησαυρῶν
2385 860 2681 927 πλεονεξία,
2706 861 2799 913 καλ.
2822 861 2855 930 ἠ
2887 858 3025 928 καλή
3055 873 3113 909 τε
3129 855 3222 908 καὶ
3240 851 3418 922 ἀγαθὴ
3434 850 3627 944 φιλοδο

393 959 584 1026 gloriae
623 961 886 1023 studium,
933 942 1079 1030 quod
1111 961 1164 1014 in
1215 942 1309 1014 Dei
1344 960 1496 1029 regni
1535 959 1793 1014 societate
1831 973 1945 1012 coni

2088 953 2152 1018 ίία
2181 955 2214 1024 ἡ
2248 955 2314 1023 τῇ
2349 950 2603 1022 κοινωνίᾳ
2625 953 2724 1019 τῆς
2747 949 2842 1002 τοῦ
2869 947 3004 1001 Θεοῦ
3037 945 3310 1016 βασιλείας
3340 942 3640 1012 κατορθουο

395 1052 656 1116 sumitur,
709 1052 1106 1121 honestumque
1133 1051 1442 1106 divinarum
1472 1051 1758 1120 epularum
1816 1049 1947 1105 desi-

2089 1043 2224 1114 ιένη,
2264 1043 2442 1097 καὶτὸ
2471 1041 2632 1095 καλὸν
2663 1040 2832 1103 πάθος
2876 1039 2975 1108 τῆς
3014 1036 3338 1102 ἀπληστίας,
3385 1033 3641 1086 οὐδέποτε

396 1143 635 1208 derium,
678 1159 800 1214 qua:
844 1144 1142 1214 degustatae
1180 1143 1386 1197 nullam
1448 1157 1686 1212 unquam
1735 1141 1948 1198 afferunt

2088 1137 2212 1206 ιόρῳ
2238 1135 2345 1188 τῶν
2369 1133 2777 1205 ὑπερκειμένων
2811 1129 2948 1199 πρὸς
2976 1128 3067 1181 τὸν
3107 1127 3310 1195 ἀγαθὸν
3337 1124 3502 1178 πόθον
3523 1126 3640 1176 ἐπιο

401 1236 730 1292 satietatem.
768 1237 1132 1303 Quamobrem
1165 1236 1257 1306 qui
1288 1236 1438 1290 novit
1474 1237 1643 1290 totius
1677 1235 1828 1289 orbis
1865 1250 1953 1288 au-

2091 1227 2416 1296 ιοπτόμενον.
2433 1224 2636 1278 Οὐκοῦν
2657 1221 2862 1294 μαθὼν,
2887 1221 2966 1273 ὅτι
2993 1222 3101 1281 τοῖς
3119 1217 3416 1286 καθήκουσι
3433 1216 3643 1286 χρόνοις

403 1335 607 1379 ctorem
638 1332 692 1380 et
723 1325 968 1394 opiﬁcem
999 1323 1166 1379 Deum
1190 1333 1494 1395 opportuno
1510 1333 1749 1394 tempore
1771 1340 1955 1394 corpo-

2091 1339 2097 1368 ι
2137 1316 2232 1370 τοῦ
2274 1316 2472 1378 παντὸς
2514 1314 2762 1384 τεχνίτης
2804 1313 2902 1382 τὴν
2952 1310 3048 1364 τοῦ
3088 1309 3336 1378 σώματος
3369 1307 3539 1376 βῶλον
3568 1308 3643 1368 εἰς

403 1416 484 1470 ris
517 1416 716 1470 molem
747 1431 812 1470 ac
831 1430 1068 1472 massam
1105 1417 1156 1470 in
1191 1432 1340 1470 arma
1369 1417 1524 1472 bona;
1562 1417 1826 1471 voluntati
1858 1431 1955 1472 sua

2093 1408 2231 1462 ἱπλον
2249 1408 2556 1475 εὑδοκιμίας
2576 1403 3018 1476 μεταχαλκεύσει,
3033 1400 3258 1470 Θώρακα
3278 1396 3645 1465 δικαιοσύνης,

405 1512 558 1575 grata
590 1513 920 1574 acceptaque
945 1505 1331 1570 conﬂaturum,
1371 1514 1425 1561 et
1471 1507 1693 1561 loricam
1721 1507 1957 1576 justitiae,

2095 1499 2252 1562 ιαθώς
2277 1517 2439 1571 φησιν
2469 1502 2497 1552 ό
2524 1496 2865 1561 Ἀπόστολος,
2892 1494 2985 1548 καὶ⁶
3019 1494 3288 1564 μάχαιραν
3316 1488 3647 1559 πνεύματος,

407 1601 468 1647 ut
499 1594 676 1664 inquit
701 1595 1000 1664 Apostolus
1028 1597 1094 1659 ‘°,
1123 1595 1472 1666 gladiumque
1501 1597 1748 1666 spiritus,
1787 1606 1840 1653 et
1879 1612 1959 1669 ga-

2096 1594 2165 1646 ιαὶ
2200 1591 2626 1663 περικεφαλαίαν
2661 1589 2891 1653 ἐλπίδος,
2933 1587 3027 1639 καὶ
3068 1585 3245 1638 πᾶσαν
3273 1582 3369 1652 τὴν
3396 1581 3490 1635 τοῦ
3513 1581 3648 1634 Θεοῦ

408 1686 550 1741 leam
582 1686 720 1755 spei,
753 1695 916 1757 atque
958 1672 1446 1742 omnem'divinam
1482 1696 1814 1742 armaturam
1854 1704 1960 1758 per-

2098 1683 2371 1736 τανοπλίαν
2433 1680 2932 1753 κατεργασάμενος,
2989 1676 3178 1746 ἀγαπᾷ
3227 1675 3288 1727 τδ
3320 1674 3448 1727 ῐδιον
3492 1673 3650 1742 σῶμα

409 1773 703 1842 tecturum,
737 1776 913 1846 diligit
952 1791 1154 1846 corpus
1188 1791 1347 1831 suum
1378 1792 1443 1832 ex
1476 1779 1794 1848 praescripto
1816 1779 1961 1848 legis1

2099 1773 2214 1828 ιατά
2230 1773 2318 1826 τὸν
2342 1773 2434 1826 τοῦ
2470 1771 2790 1825 Ἀποστόλου
2815 1771 2996 1840 νόμον,
3023 1769 3081 1830 ὃς
3103 1784 3286 1837 φησιν,
3325 1767 3405 1819 ὅτι
3443 1765 3651 1830 Οὐδείς

411 1878 576 1933 quam
620 1864 747 1917 tulit
797 1842 1113 1934 Apostolus,
1157 1881 1334 1929 nemo,
1383 1842 1662 1935 inquiens,
1703 1842 1963 1935 proprium

2113 1867 2143 1921 ὸ
2172 1866 2387 1920 ἑαυτοῦ
2412 1863 2582 1933 σῶμα
2603 1864 2916 1932 ἐμίσησεν.
2933 1861 3008 1914 Τὸ
3030 1860 3188 1930 σῶμα
3216 1858 3274 1912 δὲ
3303 1858 3363 1911 τὸ
3386 1857 3665 1928 κεκαθαρ-

414 1970 602 2023 corpus
631 1955 740 2009 odit
777 1955 842 2008 “.
889 1955 1093 2010 Purum
1130 1956 1297 2026 igitur
1332 1971 1396 2011 ac
1455 1957 1716 2012 mundum
1774 1975 1966 2030 corpus

2104 1955 2240 2008 ιὲνον
2267 1953 2582 2021 ἀγαπᾶσθαι
2628 1952 2753 2023 χρὴ,
2795 1952 2855 2003 οὑ
2900 1951 2997 2020 τὴν
3039 1947 3477 2018 ἀποποιουμένην
3515 1963 3656 1998 σκω-

411 2052 628 2114 oportet
655 2045 898 2117 diligere,
929 2060 1037 2101 non
1062 2054 1240 2102 autem
1272 2048 1548 2103 sordidam
1573 2049 1689 2118 ejus
1718 2049 1963 2104 scoriam.

2129 2043 2220 2096 ἴαν.
2271 2041 2492 2111 Ἀληθές
2520 2042 2629 2112 γάρ
2663 2057 2847 2111 φησιν,
2873 2039 2948 2102 ὥς
2978 2055 3140 2110 φησιν
3160 2040 3194 2109 ἡ
3229 2037 3344 2090 θεία
3375 2035 3548 2103 φωνὴ,
3573 2035 3681 2087 ὅτι.

415 2150 536 2204 quae
566 2135 888 2206 repudiatur
913 2144 966 2191 et
998 2136 1272 2206 abjicitur.
1308 2136 1504 2192 Verum
1542 2147 1625 2193 est
1648 2141 1815 2203 enim,
1835 2139 1967 2209 quod

2113 2133 2236 2202 ἀνή
2287 2131 2525 2198 ἐπίγειος
2561 2129 2717 2200 ἡμῶν
2759 2130 2906 2183 οίκία
2961 2128 3053 2182 τοῦ
3099 2128 3328 2196 σκήνους
3354 2124 3660 2195 καταλυθῇ,

415 2225 661 2280 continet
687 2225 869 2280 divina
904 2225 1189 2298 Scriptura
1217 2228 1284 2293 ",
1314 2242 1436 2295 nos,
1473 2229 1516 2283 si
1553 2229 1832 2283 terrestris
1879 2229 1967 2283 do-

2102 2221 2201 2273 τότε
2235 2219 2404 2290 αὑτὴν
2434 2218 2740 2289 εὑρήσομεν
2761 2216 3048 2288 οἰκοδομὴν
3076 2217 3140 2268 ἐκ
3167 2213 3302 2268 Θεοῦ
3345 2212 3654 2283 γενομένην

416 2329 541 2368 mus
598 2327 786 2370 nostra
846 2316 1010 2387 hujus
1059 2317 1398 2372 tabernaculi
1452 2319 1790 2383 destruatur,
1851 2329 1968 2376 tum

2115 2314 2255 2367 ίκίαν
2276 2311 2706 2384 ἀχειροποίητον,
2735 2309 2951 2363 αἰώνιον
2976 2309 3033 2362 ἐν
3063 2310 3174 2371 τοῖς
3202 2307 3468 2378 οὐρανοῖς,
3499 2304 3663 2369 ἀξίαν

384 2404 592 2477 ⁴ἱρεκιιιι
623 2406 941 2462 inventuros
975 2407 1389 2466 aediﬁcationem
1425 2424 1454 2463 a
1491 2409 1602 2465 Deo
1631 2410 1851 2476 factam,
1888 2411 1936 2465 dt

2108 2405 2177 2458 τοῦ
2210 2400 2347 2457 εῖναι
2366 2403 2533 2472 αὑτὴν
2552 2401 2686 2454 Θεοῦ
2709 2401 3122 2471 κατοικητήριον
3152 2400 3209 2451 ἐν
3231 2397 3520 2468 πνεύματι.
3544 2396 3660 2450 Καί

418 2511 566 2550 mum
608 2513 714 2551 non
757 2513 919 2553 manu
959 2508 1358 2567 constructam,
1411 2508 1670 2556 aeternam
1720 2504 1776 2556 in
1826 2503 1970 2557 ccelis

2109 2512 2177 2548 ιοι
2205 2493 2391 2565 μηδεὶς
2424 2491 2874 2564 χαρακτῆρα,καὶ
2892 2490 3099 2560 σχῆμα,
3127 2489 3221 2542 καὶ
3244 2483 3383 2551 εῐδος
3415 2487 3661 2556 ὑπογρα-

419 2589 637 2658 dignam
669 2605 790 2660 qua:
849 2589 942 2645 Dei
976 2594 1047 2647 sit
1091 2594 1424 2669 domicilium
1452 2594 1505 2648 in
1532 2595 1744 2664 spiritu.
1780 2594 1858 2650 Ac
1898 2595 1971 2649 do

2112 2586 2234 2639 >έτω
2259 2587 2356 2656 τῆς
2387 2586 2798 2656 ἀχειροποιήτου
2841 2582 3052 2654 ἐκείνης
3083 2581 3277 2644 οἰκίας,
3328 2579 3451 2632 καθ’
3483 2577 3664 2648 ὁμοιό⁸

422 2695 542 2734 mus
578 2681 794 2750 quidem
826 2681 972 2738 illius
996 2698 1104 2738 non
1130 2685 1458 2739 manufacta:
1487 2685 1737 2756 figuram,
1768 2695 1821 2742 et
1883 2686 1974 2742 for-

2114 2695 2222 2748 ἠτα
2263 2677 2368 2730 τῶν
2421 2677 2517 2730 νῦν
2573 2677 3004 2745 ἐπιφαινομένων
3067 2675 3197 2744 ἡμῖν
3248 2671 3620 2743 χαρακτήρων
3653 2709 3666 2730 ,

421 2784 586 2833 mam,
617 2778 671 2825 et
701 2771 1004 2840 exemplum
1038 2774 1170 2826 mihi
1211 2790 1372 2830 nemo
1404 2776 1676 2830 describat
1726 2776 1793 2831 ad
1837 2777 1973 2832 simi-

2114 2771 2182 2823 :a‘t
2210 2769 2590 2840 διακρινόντων
2635 2770 2782 2839 ἡμᾶς
2808 2768 2902 2820 ἀπ’
2930 2766 3172 2837 ἀλλήλων
3197 2767 3311 2827 τοῖς
3355 2761 3666 2833 ίδιώμασιν.

425 2859 706 2913 Iitudinem
741 2875 950 2928 earum,
981 2863 1183 2932 quibds
1221 2865 1553 2933 proprietate
1574 2866 1977 2935 distinguimur.

2118 2861 2164 2912 Ιὺ
2186 2859 2295 2932 γάρ
2329 2861 2494 2931 μόνης
2523 2861 2622 2931 τῆς
2651 2859 2996 2920 ἀναστάσεως
3037 2859 3166 2927 ἡμῖν
3198 2855 3345 2926 παρὰ
3378 2855 3487 2906 τ’ὠν
3510 2855 3670 2907 θείων

424 2943 636 2998 Etenim
668 2961 788 3000 eum
823 2947 1024 3004 divinis
1050 2951 1290 3006 oraculis
1320 2967 1426 3005 non
1460 2954 1634 3007 solum
1670 2955 1976 3024 praedictum

2121 2953 2284 3022 ογίων
2329 2952 2767 3025 κεκηρυγμένης,
2812 2951 2946 3004 ἀλλά
2993 2951 3087 3003 καὶ
3128 2949 3190 3001 τὸ
3229 2949 3339 3001 δεῖν
3369 2947 3671 3016 ἀλλαγῆναι

425 3036 496 3088 sit
522 3036 700 3102 nobis,
734 3053 834 3094 nos
866 3039 919 3093 in
953 3041 1116 3096 vitam
1164 3057 1286 3098 esse
1324 3045 1680 3106 revocandos,
1713 3056 1768 3101 et
1816 3063 1977 3103 resur

2123 3045 2216 3107 οὺς
2248 3043 2724 3106 ἀνακαινισθέντας
2759 3039 2848 3095 διὰ
2873 3041 2973 3109 τῆς
3001 3038 3368 3104 ἀναστάσεως,
3396 3036 3495 3105 τῆς
3526 3035 3670 3097 Θείας

423 3133 702 3206 moturos,
720 3145 908 3186 verum
954 3132 1115 3187 etiam
1145 3135 1491 3204 promittatur
1523 3137 1596 3191 ~in
1658 3139 1776 3208 ipsa
1805 3140 1975 3195 divina

2118 3136 2495 3207 ῗιεγγυωμένης
2511 3134 2753 3203 Γραφῆς,
2792 3131 3006 3200 ἀνάγκη
3027 3132 3177 3183 πᾶσα
3195 3127 3503 3201 κεκρύφθαι
3532 3145 3670 3179 παν-

427 3217 709 3290 Seriptura
739 3238 836 3292 per
863 3225 1038 3295 ipsam
1067 3229 1547 3292 resurrectionem,
1582 3230 1858 3286 immutari
1903 3241 1979 3287 at-

2120 3228 2294 3282 ‘ésrast
2342 3228 2435 3280 καὶ
2477 3223 2785 3294 ἀγνοεῖσθαι
2819 3223 2953 3294 πρὸς
2982 3223 3010 3275 ὃ
3041 3239 3094 3274 τι
3122 3220 3563 3290 ἀλλαγησόμεθα,
3594 3218 3672 3287 τῷ

426 3329 532 3381 que
571 3317 820 3371 renovari
850 3333 952 3373 nos
974 3325 1246 3389 oportere,
1278 3321 1502 3377 omnino
1527 3337 1750 3378 necesse
1782 3331 1887 3388 est,
1909 3333 1978 3390 ut,

2116 3321 2262 3391 ιηδέν
2283 3319 2583 3390 ὑπόδειγμα
2597 3317 2704 3370 τῶν
2735 3315 3102 3385 ἐλπιζομένων
3129 3314 3184 3366 ἐν
3205 3313 3281 3384 τῷ
3310 3311 3408 3364 νῦν
3436 3312 3668 3382 καθορᾶ-

426 3405 633 3475 inquid
663 3407 985 3464 immutandi
1013 3426 1225 3479 sumus,
1259 3412 1382 3467 ideo
1407 3429 1633 3482 prorsus
1656 3417 1978 3488 ignoremus,

2125 3414 2218 3470 θαι
2243 3413 2361 3484 βίῳ.
2397 3409 2510 3465 Νῦν
2546 3411 2642 3482 μὲν
2671 3409 2779 3482 γὰρ
2807 3410 2914 3462 πᾶν
2942 3409 3004 3460 τὸ
3030 3406 3176 3477 παχὺ
3201 3407 3294 3459 καὶ
3325 3406 3677 3475 στερέμνιον,

427 3495 572 3563 quod
605 3497 811 3552 nullum
851 3515 1039 3555 eorum
1070 3517 1190 3573 qua:
1237 3520 1543 3574 speramus,
1578 3509 1884 3579 exemplum
1935 3511 1979 3563 in

2127 3525 2157 3560 κ
2190 3507 2403 3574 φύσεως
2428 3503 2541 3574 ἔχει
2573 3502 2671 3574 τὴν
2695 3502 2786 3554 ἐπὶ
2811 3501 2872 3554 τὸ
2891 3501 3039 3554 κάτω
3069 3498 3259 3570 φοράν.
3291 3497 3424 3550 Τότε
3453 3497 3508 3550 δὲ
3537 3497 3679 3562 πρὸς

428 3587 530 3641 liae
551 3589 659 3642 vita
691 3590 870 3646 simile
899 3605 1242 3651 contuemur.
1273 3596 1428 3652 Nune
1449 3601 1618 3662 enim,
1665 3616 1785 3670 quae
1803 3615 1980 3657 crassa

2130 3595 2464 3668 δάνωφερές
2514 3595 2548 3665 ἠ
2598 3593 2952 3664 μεταποίησις
2999 3591 3093 3644 τοῦ
3145 3589 3394 3660 σώματος
3437 3589 3682 3656 γίνεται,

426 3687 482 3731 et
510 3679 680 3733 solida
702 3691 849 3747 sunt,
881 3691 1075 3738 natura
1105 3685 1362 3741 deorsum
1390 3687 1655 3742 feruntur.
1700 3689 1855 3744 Tunc
1894 3706 1978 3744 au-

2130 3689 2264 3752 ὗτως
2285 3687 2526 3749 εἰπόντος
2556 3686 2650 3738 τοῦ
2683 3685 2863 3754 λόγου,
2894 3685 2975 3737 ὅτι
3016 3681 3153 3752 μετά
3179 3683 3240 3735 τὸ
3260 3681 3548 3750 ἀλλαγῆναι
3570 3679 3682 3750 τὴν

429 3775 537 3823 tem
585 3771 666 3825 sic
711 3773 1164 3841 immutabuntur,
1198 3787 1256 3831 ut
1304 3794 1524 3834 sursum
1577 3781 1820 3836 teudant.
1883 3781 1981 3838 Nos

2128 3781 2275 3844 ›ύσιν,
2319 3781 2377 3833 ἐν
2412 3781 2545 3833 πᾶσι
2594 3781 2704 3842 τοῖς
2772 3775 3166 3831 ἀναϐεϐιωκόσι
3189 3773 3277 3828 διὰ
3301 3773 3398 3842 τῆς
3430 3772 3680 3825 ἀναστά-

428 3861 596 3927 enim,
624 3864 970 3935 utseriptuui
1015 3877 1119 3930 est,
1151 3877 1506 3940 posteaquam
1562 3879 1757 3926 natura
1788 3887 1886 3943 per
1917 3889 1980 3928 re

2131 3890 2251 3936 εως,
2328 3871 2807 3941 Ἀρπατησόμεθα
2835 3870 2903 3923 ἐν
2923 3869 3200 3937 νεφέλαις
3223 3869 3310 3932 εἰς
3333 3864 3683 3932 ἀπάντησιν

430 3953 827 4010 surrectiouem
851 3956 907 4010 in
934 3958 1188 4014 omnibus
1214 3960 1269 4013 in
1307 3960 1470 4014 vitam
1503 3963 1772 4019 revocatis
1832 3964 1982 4020 fueril

2135 3964 2200 4019 οῦ
2231 3964 2452 4033 Κυρίου
2480 3965 2565 4029 εις
2593 3962 2758 4031 ἀέραο
2791 3961 2889 4015 καί
2923 3959 3074 4013 οὕτω
3105 3957 3360 4012 πάντοτε
3391 3957 3514 4013 σὺν
3564 3959 3687 4011 Ku-

431 4053 795 4101 eommutata:
835 4048 1124 4118 Rapiemur
1163 4052 1216 4104 iu
1259 4053 1481 4108 nubibus
1511 4055 1716 4109 obviam
1760 4057 1983 4110 Domina

2135 4056 2198 4120 ίῳ
2221 4055 2498 4124 ἐσόμεθα.
2531 4055 2596 4108 Εἰ
2629 4054 2808 4106 τοίνυν
2862 4052 2954 4104 ἐπὶ
2983 4049 3090 4104 τῶν
3121 4049 3465 4117 ἀλλαγέντων
3495 4049 3554 4101 τὺ
3585 4048 3687 4118 βά-

431 4138 495 4189 in
523 4154 651 4192 aera
683 4147 840 4209 atque
895 4141 970 4195 ita
1022 4158 1221 4210 semper
1273 4160 1388 4196 cum
1434 4144 1660 4199 Douzino
1710 4147 1983 4201 erimus".

2134 4164 2189 4209 ος
2223 4146 2284 4199 οὑ
2315 4146 2613 4216 παραμένει
2647 4145 2723 4214 τῷ
2780 4143 3010 4213 σώματι,
3040 4140 3172 4194 ἀλλά
3212 4156 3686 4210 συμμετεωροπο-

432 4227 490 4282 Si
530 4228 698 4299 igitur
723 4231 815 4301 qui
855 4232 1233 4301 immutantur,
1259 4237 1508 4307 corporis
1537 4237 1748 4306 pondus
1773 4254 1880 4292 non
1905 4255 1983 4292 re-

2137 4239 2249 4291 οῦσι
2301 4240 2368 4309 τῇ
2418 4237 2693 4306 ἀσωμάτῳ
2748 4234 2904 4304 φύσει
2944 4235 2993 4286 οί
3056 4231 3188 4303 πρὸς
3252 4230 3348 4300 τὴν
3394 4229 3689 4300 θειοτέραν

434 4321 632 4386 tinent,
651 4323 745 4378 sed
759 4323 1080 4380 diviniorem
1104 4327 1158 4380 in
1188 4334 1388 4381 statum
1420 4329 1674 4382 translati
1697 4328 1986 4383 simulcum

2138 4329 2669 4399 εταστοιχειωθέντες
2729 4327 3078 4380 κατάστασιν·
3111 4323 3326 4385 πάντως
3365 4323 3448 4374 ὅτι
3486 4323 3581 4375 καὶ
3613 4321 3690 4375 τὰ

432 4422 629 4468 natura
659 4415 976 4486 incorporea
1010 4419 1064 4472 in
1091 4419 1314 4473 sublimi
1346 4429 1667 4486 versantur;
1697 4421 1855 4490 plane
1873 4435 1984 4476 con

2141 4421 2255 4473 κπά
2278 4419 2384 4472 τῶν
2410 4419 2709 4489 ἰδιωμάτων
2739 4417 2830 4471 τοῦ
2861 4417 3127 4487 σώματος,
3159 4414 3293 4484 πρός
3321 4431 3373 4466 τι
3401 4413 3513 4465 τῶν
3538 4413 3693 4467 Θειο-

435 4513 756 4561 sentaneum
786 4516 892 4572 est,
928 4517 986 4561 ut
1015 4509 1184 4572 color,
1215 4510 1408 4578 ﬁgura,
1446 4511 1907 4581 circumscriptio,
1945 4521 1987 4565 el

2143 4509 2273 4579 ἐρων
2305 4508 2778 4579 συμμετατίθεται,
2810 4507 2870 4559 τὸ
2896 4505 3112 4576 χρῶμα,
3145 4505 3206 4556 τὸ
3236 4504 3439 4573 σχῆμα,
3465 4505 3500 4570 ὴ
3526 4521 3695 4574 περι-

432 4599 659 4670 reliquae
699 4600 950 4668 corporis
979 4599 1339 4668 pr0prietates
1377 4599 1559 4663 aliqua
1608 4601 1820 4655 ratione
1865 4600 1984 4654 divi-

2142 4601 2306 4671 ραιρὴ,
2373 4600 2466 4652 καὶ
2516 4599 2583 4652 τά
2631 4598 2751 4652 καθ’
2784 4599 3012 4651 ἕκαστον
3052 4597 3250 4650 πάντα.
3281 4593 3486 4646 Τούτου
3517 4595 3694 4664 χάριν

433 4691 584 4746 nitus
631 4697 1056 4746 commutentur.
1108 4689 1316 4744 Idcirco
1347 4690 1560 4743 tametsi
1613 4691 1860 4747 videmus
1892 4707 1985 4746 nor

2144 4691 2217 4743 ἣδε
2225 4691 2353 4760 μίαν
2383 4691 2628 4761 ἀνάγκην
2645 4689 2857 4761 ὁρῶμεν
2890 4691 3000 4753 τοῖς
3021 4688 3297 4754 ἀλλαγεῖσι
3319 4684 3406 4737 διὰ
3424 4685 3524 4753 τῆς
3548 4685 3696 4737 dum-

434 4797 556 4837 esse
581 4780 976 4843 necessarium,
1015 4788 1073 4834 ut
1101 4779 1157 4833 in
1210 4780 1298 4843 iis,
1327 4779 1421 4849 qui
1454 4783 1860 4835 resurrectione
1893 4783 1986 4835 im-

2145 4783 2338 4846 τάσεως
2368 4782 2748 4854 ἐνθεωρεῖσθαι
2771 4782 2867 4853 τὴν
2898 4780 3150 4848 τοιαύτην
3172 4775 3456 4847 διαφοράν,
3477 4776 3545 4845 ἦν
3588 4775 3697 4830 νῦν

433 4873 814 4939 mutabuntur,
868 4872 978 4926 ulla
1034 4871 1304 4942 ejusmodi
1362 4879 1619 4940 appareat
1674 4871 1985 4926 differentia.

2144 4872 2184 4925 κά
2245 4873 2342 4945 τὴν
2385 4873 2493 4925 τῶν
2557 4872 2950 4942 ἐπιγινομένων
3001 4868 3314 4924 ἀκολουθίαν
3363 4865 3696 4932 ἀναγκαίως

435 4964 650 5033 qualem
696 4973 916 5036 propter
953 4980 1164 5028 eorum,
1207 4965 1302 5033 qui
1350 4963 1674 5030 succedunt,
1729 4963 1987 5030 ordinem,

2139 4982 2260 5035 σχεν
2294 4963 2529 5035 ἡφύσις.
2566 4962 2701 5017 Οῦτε
2737 4965 2861 5034 μὴν,
2889 4964 2970 5015 ὅτι
2995 4961 3094 5015 οὑκ
3117 4961 3286 5022 ἔσται,
3319 4955 3505 5024 σαφῶς
3536 4956 3691 5008 ἐστιν

435 5057 750 5112 necessario
783 5065 980 5112 natura
1019 5072 1166 5112 nunc
1199 5057 1380 5123 habet,
1412 5072 1520 5111 non
1578 5064 1758 5110 tamen
1804 5071 1987 5125 possu«

2143 5054 2501 5126 ποφήνασθαι,
2531 5053 2867 5122 ἀγνοούντων
2907 5052 3066 5123 ἡμῶν
3094 5054 3172 5115 είς
3219 5051 3247 5102 ὅ
3294 5067 3345 5100 τι
3382 5038 3559 5099 ταῦτα
3601 5046 3691 5099 διὰ

435 5164 560 5205 mus
586 5148 861 5218 explicare
888 5149 1076 5220 quales
1105 5148 1273 5203 futuri
1302 5148 1412 5203 sint
1437 5148 1492 5202 in
1550 5147 1642 5201 illa
1697 5155 1987 5202 commuta-

2136 5147 2201 5216 ἦς
2222 5145 2459 5216 ἀλλαγῆς
2485 5146 2870 5216 μεταϐήσεται.
2931 5143 3072 5196 Ἀλλ’
3105 5145 3185 5196 ὅτι
3215 5142 3308 5212 μὲν
3337 5139 3498 5208 γένος
3530 5139 3685 5190 ἔσται

434 5240 602 5295 tione.
639 5238 816 5295 Unum
847 5239 1066 5310 quidem
1095 5239 1208 5294 fore
1235 5237 1478 5294 omnium
1505 5252 1697 5307 genus,
1723 5251 1986 5305 unumque

2135 5239 2208 5291 ὦν
2248 5239 2464 5292 πάντων
2504 5239 2580 5302 ἓν,
2636 5240 2762 5291 ὅταν
2831 5237 2888 5289 ἒν
2941 5235 3097 5307 σῶμα
3139 5232 3373 5305 Χριστοῦ
3402 5233 3451 5285 οἱ
3486 5232 3684 5290 πάντες

435 5329 641 5386 Christi
692 5343 894 5400 corpus
924 5329 1138 5384 futuros
1168 5343 1379 5392 omnes,
1435 5335 1598 5396 atque
1630 5341 1794 5380 unam
1827 5328 1987 5380 omni-

2126 5329 2405 5400 ἐνώμεθα.
2430 5331 2506 5402 τῷ
2534 5330 2613 5383 ἐνὶ
2640 5330 2948 5400 χαρακτῆρι
2977 5325 3418 5398 μεμορφωμένοι,
3448 5323 3546 5375 οὑκ
3575 5323 3678 5389 ἀμ-

437 5419 542 5475 bus
612 5419 842 5476 formam
908 5419 1345 5490 imprimendam,
1419 5417 1605 5471 divina
1669 5418 1726 5471 in
1785 5416 1989 5470 cunctis

2125 5419 2449 5490 ριὸἀλλομεν,
2479 5423 2612 5474 πᾶσι
2635 5419 2777 5473 κατά
2807 5419 2868 5471 τὸ
2884 5419 2996 5470 ἴσον
3015 5420 3114 5487 τῆς
3145 5414 3291 5475 θείας
3321 5413 3532 5473 εἰκόνος
3559 5411 3677 5460 ἑπι-

439 5509 676 5582 imagine
701 5513 980 5583 aequaliter
1017 5513 1283 5579 elucente,
1312 5526 1418 5566 non
1452 5510 1795 5580 ambigimus.
1818 5509 1991 5578 idque.

2135 5511 2443 5582 αμπούσης.
2471 5513 2534 5565 Τί
2560 5513 2615 5564 δέ
2635 5514 2768 5582 ἡμῖν
2807 5511 2926 5565 ἀντὶ
2955 5509 3064 5562 τῶν
3090 5505 3344 5560 τοιούτων
3372 5501 3684 5572 ἰδιωμάτων

440 5602 590 5668 quod
619 5605 806 5659 talium
837 5605 1226 5677 proprietatum
1265 5605 1384 5661 loco
1442 5604 1498 5657 iu
1551 5609 1758 5656 naturae
1819 5601 1992 5655 immu

2137 5620 2162 5656 ν
2190 5605 2256 5673 τῇ
2287 5602 2495 5674 ἀλλαγῇ
2541 5603 2641 5673 τῆς
2669 5603 2883 5672 φύσεως
2925 5599 3374 5674 προσγενήσεται.
3424 5595 3689 5664 ,κρεῖττον

517 5786 560 5820 ¹⁵
594 5785 788 5858 Ephes.
832 5806 904 5856 vi,
938 5789 1004 5844 t3
1033 5807 1152 5860 sqq.
1230 5791 1270 5822 “
1301 5790 1500 5860 Ephcs.
1532 5809 1583 5857 v,
1611 5791 1698 5847 29.
1781 5793 1822 5823 "
1852 5790 1894 5845 ll
1921 5792 2044 5848 Cor.
2068 5807 2123 5860 v,
2157 5793 2208 5846 l.
2288 5791 2332 5822 ¹³
2361 5788 2379 5842 l
2415 5787 2608 5843 Thess.
2641 5801 2714 5852 IV,
2778 5782 2864 5837 16η
