3930 6210
310 249 405 306 535

1716 242 1804 300 DE
1855 240 2182 302 MORTUIS.

3459 256 3563 314 534

303 358 447 417 εἶναι
481 363 661 434 πάσης
696 360 1058 432 στοχαστικῆς
1079 360 1288 424 ἐννοίας
1328 358 1765 429 ἀποφαινόμεθα.
1809 358 1896 420 Ὠς

2009 362 2204 416 Latione
2236 377 2426 417 sumus
2458 362 2720 428 habituri,
2745 363 3094 435 praestantius
3137 379 3259 421 esse
3305 366 3560 437 dicimus,

299 455 344 507 δ’
368 455 441 508 ἀν
475 456 550 525 μη
583 453 701 507 καθ’
756 453 879 506 ὅλου
935 452 1283 523 ἀγύμναστος
1321 454 1454 523 ἡμῖν
1494 453 1522 504 6
1549 451 1676 523 περὶ
1698 449 1887 503 τούτου

299 545 466 614 λόγος
499 544 905 615 καταλειφθείη,
955 545 1116 598 τοῦτό
1144 562 1343 617 φαμεν,
1373 547 1453 598 ὅτι
1475 547 1554 608 εἰς
1589 543 1743 598 οὐδὲν
1775 541 1892 595 ἓτε-

304 656 403 711 ρον
423 640 522 710 τῆς
542 638 757 693 κατὰτὸ
777 638 946 709 άρῤεν
971 638 1065 692 καὶ
1087 638 1221 708 θῆλυ
1241 639 1503 709 διαφορᾶς
1527 635 1891 708 συνεργούσης

301 733 372 802 τῇ
389 730 572 798 φύσει,
593 729 734 801 πλὴν
754 730 856 800 τῆς
889 729 1249 796 παιδοποιίας,
1279 729 1420 800 τάχα
1437 727 1560 782 τινὰ
1587 727 1894 798 στοχασμὸν

304 818 458 873 ἐστιν
488 820 779 874 ἀναλαϐεῖν
798 821 896 890 τῆς
917 819 1333 892 ἐπηγγελμένης
1352 819 1444 873 τοῦ
1464 819 1598 873 Θεοῦ
1620 818 1728 871 τῶν
1754 816 1890 884 ἀγα-

303 908 416 962 θῶν
467 909 719 979 εὐλογίας
772 911 992 978 ἐπάξιον
1025 912 1084 966 ἐν
1119 911 1199 982 τῷ
1226 911 1357 983 περὶ
1381 909 1572 964 τούτου
1622 909 1784 978 λόγῳ,
1809 908 1891 961 δτι

305 1001 384 1063 είς
407 1000 509 1070 τὴν
529 1001 741 1055 ἐκείνου
799 1000 896 1055 τοὺ
937 1001 1100 1054 τόκου
1127 1002 1430 1072 ὑπηρεσίαν
1469 999 1835 1071 μεταϐήσεται
1855 998 1890 1065 ὴ

305 1092 602 1162 γεννητικὴ
624 1095 726 1163 τῆς
746 1092 960 1161 φύσεως
1007 1093 1254 1164 δύναμις,
1290 1085 1351 1147 οὗ
1385 1093 1642 1164 μετέσχεν
1667 1094 1694 1145 6
1721 1091 1894 1162 μέγας

317 1183 548 1246 Ἡσαΐας
571 1183 759 1247 εἰπὼν,
785 1185 866 1237 ὅτι
899 1185 1032 1238 Ἀπὸ
1069 1185 1174 1239 τοῦ
1204 1185 1392 1252 φόϐου
1431 1198 1567 1248 σου,
1602 1184 1795 1250 Κύριε,
1824 1182 1895 1234 ἐν

309 1273 522 1344 γαστρὶ
558 1273 872 1344 ἐλάϐομεν,
906 1275 1003 1328 καὶ
1052 1274 1434 1344 ὼδινήσιιμεν
1469 1274 1565 1327 καὶ
1590 1272 1890 1342 ὲτέκομεν*

310 1366 548 1435 πνεῦμα
578 1367 874 1434 σωτηρίας
914 1383 1030 1420 σου
1057 1365 1429 1435 ἐποιήσαμεν
1445 1365 1539 1418 ἐπὶ
1558 1364 1668 1433 τῆς
1684 1364 1809 1434 γῆς.
1831 1363 1894 1418 Et

309 1457 418 1530 γάρ
438 1457 645 1525 ἀγαθὸς
658 1457 686 1509 6
709 1457 950 1521 τοιοῦτος
968 1457 1146 1523 τόκος,
1165 1457 1264 1511 καὶ
1291 1457 1562 1529 σωτηρίας
1581 1457 1729 1511 αίτία
1751 1457 1896 1526 γίνε-

312 1566 404 1602 ται
423 1550 459 1619 ἡ
475 1549 812 1616 τεκνογονία,
831 1547 1013 1612 καθώς
1031 1565 1195 1620 φησιν
1212 1550 1240 1602 6
1267 1548 1609 1613 Ἀπόστολος,
1641 1547 1895 1601 οὐδέποτε

315 1639 379 1692 τδ
393 1637 528 1691 πνεῦ
536 1656 608 1708 μα
625 1639 722 1708 τῆς
736 1639 1010 1708 σωτηρίας
1025 1638 1229 1706 γεννῶν
1241 1655 1324 1702 τις
1337 1637 1622 1702 παύεταιῷ
1642 1637 1787 1704 ἀπαξ
1806 1635 1895 1691 διά

1994 463 2158 520 quam
2181 457 2240 503 ut
2271 449 2380 504 ulla
2419 449 2752 520 cogitatione
2804 453 3076 520 conjicere
3125 454 3427 510 valeamus.
3489 458 3563 508 Ac

1994 554 2066 594 ne
2091 539 2188 594 tali
2227 539 2282 594 in
2308 555 2368 596 re
2399 549 2584 595 nostra
2621 542 2779 610 plane
2810 543 2964 598 rudis
2985 544 3161 598 oratio
3188 545 3560 615 deprehenda

1996 636 2106 694 tur,
2141 629 2398 695 dicimus,
2430 633 2597 686 maris
2621 641 2674 686 et
2722 632 2936 688 feminae
2963 634 3324 690 differentiam
3355 637 3564 691 nullum

1997 730 2209 776 natura:
2271 737 2430 778 usum
2468 723 2859 793 praebituram;
2911 725 3017 781 nisi
3074 728 3364 797 quamdam
3398 730 3565 783 veluti

1999 810 2233 866 filiorum
2263 813 2631 883 susceptionis
2681 814 3096 871 similitudinem
3154 821 3426 888 promissa
3476 820 3566 873 illa

1998 917 2029 956 a
2090 901 2202 958 Deo
2255 904 2523 959 bonorum
2577 907 2734 974 copia
2790 906 3008 978 dignam
3065 909 3452 982 intelligamus,
3511 921 3569 966 ut

1998 993 2272 1062 ejusmodi
2306 996 2486 1064 partui
2519 998 2776 1067 gignendi
2826 1002 2910 1055 vis
2959 1003 3224 1056 naturalis
3277 1004 3564 1069 inserviat,

2000 1084 2216 1154 qualem
2249 1087 2520 1142 sentiebat
2572 1088 2759 1155 Isaias,
2787 1105 2910 1145 cum
2947 1093 3192 1150 diceret:
3249 1095 3333 1149 Ea:
3382 1097 3567 1151 timore

2003 1183 2114 1241 tuo,
2137 1175 2376 1243 Domine,
2412 1181 2760 1248 concepimus,
2788 1192 2836 1234 et
2864 1185 3260 1248 parturivimus,
3285 1198 3334 1241 et
3363 1189 3568 1257 peperi-

2001 1280 2138 1327 mus,
2168 1266 2513 1336 spiritumque
2538 1270 2728 1324 salutis
2747 1279 2852 1324 tua:
2875 1273 3093 1340 fecimus
3117 1275 3167 1327 in
3195 1279 3406 1332 terra“.
3431 1275 3567 1332 Nam

2002 1351 2047 1405 si
2072 1351 2248 1408 bonus
2280 1363 2362 1410 est
2410 1365 2600 1424 partus
2661 1360 2996 1428 liujusmodi,
3050 1363 3354 1434 salutisque
3402 1381 3570 1423 causa

2001 1451 2086 1498 est
2119 1447 2426 1512 procreatio
2459 1447 2716 1514 filiorum,
2754 1461 2813 1504 ut
2842 1453 2918 1506 ait
2942 1455 3237 1523 Apostolus
3279 1458 3343 1522 “,
3385 1459 3570 1517 nullus

2002 1548 2241 1602 unquam
2261 1535 2374 1590 illic
2403 1539 2652 1608 gignendi
2681 1544 2872 1600 salutis
2903 1547 3155 1616 spiritum
3191 1549 3350 1605 linem
3391 1552 3569 1620 faciet,

2001 1622 2094 1692 qui
2125 1624 2218 1678 tali
2245 1636 2404 1695 partu
2428 1629 2528 1683 sibi
2560 1631 2773 1700 cepiam
2805 1633 3071 1690 bonorum
3093 1640 3258 1693 semel
3278 1643 3570 1710 pepererit.

319 1728 416 1783 τοῦ
440 1728 678 1782 τοιούτου
707 1729 868 1783 τόκου
885 1728 976 1782 τὸν
1004 1728 1321 1800 πληθυσμδν
1345 1729 1453 1783 τῶν
1476 1728 1697 1798 ἀγαθῶν
1723 1727 1899 1798 ἐαυτῷ

2009 1713 2098 1769 Sin
2124 1716 2322 1787 aliquis
2353 1721 2598 1776 eamdem
2633 1723 2862 1780 formam
2905 1727 3063 1785 nobis
3116 1732 3573 1793 reviviscentibus

321 1820 923 1889 τεκνωσάμνοςΰᾼλλά
953 1819 1056 1874 κᾶν
1086 1820 1178 1873 τὸν
1208 1821 1530 1893 χαρακτῆρα
1562 1819 1696 1894 λέγῃ
1717 1837 1828 1884 τις,
1853 1811 1897 1887 ᾧ

327 1910 751 1982 μεμορφὼμεθα,
781 1911 943 1966 πάλιν
973 1912 1104 1982 ἡμῖν
1131 1911 1189 1964 ἐν
1208 1913 1277 1982 τῇ
1301 1910 1595 1965 ἀναϐιώσει
1618 1912 1709 1964 τὸν
1735 1910 1898 1964 αὑτὸν

324 2002 790 2074 συμπαρέσεσθαι,
807 2004 926 2058 οὑδὲ
939 2004 1076 2076 πρὸς
1099 2003 1257 2057 τοῦτο
1271 2004 1560 2075 πρόχειρος
1575 2004 1734 2074 ἡμῶν
1754 2004 1899 2058 ἐστιν

317 2097 353 2168 ἡ
382 2095 610 2158 διάνοια,
639 2094 810 2160 οὑτως
833 2097 866 2166 ἢ
888 2097 1089 2167 ἑτέρως
1112 2095 1254 2166 ἔχειν
1299 2095 1616 2164 ὑπονοῆσαι.
1641 2093 1765 2148 Εἴτε
1792 2094 1899 2166 γάρ

314 2185 409 2238 ἐπὶ
432 2183 528 2238 τοῦ
559 2183 724 2238 αὑτοῦ
751 2185 899 2253 λέγοι
921 2202 1006 2249 τις
1033 2184 1207 2248 εἴδους
1232 2183 1330 2255 τὴν
1350 2183 1645 2247 ἀναϐίωσιν
1661 2183 1898 2249 ἔσεσθαι,

314 2280 397 2342 είς
429 2276 632 2348 πολλὴν
674 2277 986 2348 ἀμηχανίαν
1019 2277 1330 2329 ἐκπεσεῖται
1367 2277 1396 2330 6
1421 2275 1598 2343 λόγος,
1625 2273 1714 2328 διὰ
1741 2274 1801 2327 τὸ
1829 2273 1903 2345 μὴ

312 2370 412 2424 τὸν
436 2369 601 2423 αὑτὸν
626 2369 802 2440 ἐαυτῷ
831 2369 972 2424 κατὰ
1004 2369 1066 2423 τὸ
1109 2364 1247 2431 εἶδος
1273 2365 1367 2421 τοῦ
1393 2367 1740 2438 χαρακτῆρος
1771 2366 1905 2419 πάν-

308 2479 443 2517 τοτε
471 2461 742 2531 διαμένειν
765 2461 858 2514 τὸν
887 2460 1192 2530 ἄνθρωπον,
1215 2458 1318 2512 ὑπό
1339 2476 1400 2512 τε
1420 2457 1529 2511 τῶν
1558 2456 1784 2529 ἡλικιῶν
1812 2458 1906 2510 καὶ

310 2553 432 2608 τῶν
467 2552 805 2623 παθημάτων
837 2551 1025 2607 ἄλλοτε
1055 2552 1190 2622 πρὸς
1214 2550 1341 2605 ἀλλο
1363 2545 1502 2615 εἶδος
1530 2549 1905 2620 μεταπλασσό-

315 2663 506 2718 μενον.
540 2645 750 2708 ’Λλλως
772 2644 881 2715 γὰρ
915 2640 1213 2715 μορφοῦται
1251 2641 1312 2696 τὸ
1357 2643 1550 2713 νήπιον
1586 2640 1762 2695 καὶτὸ
1790 2656 1908 2711 μει-

315 2738 522 2810 ράκιον
542 2750 556 2762 °
581 2734 758 2798 άλλως
785 2736 815 2787 6
855 2735 1006 2796 παῖς,
1031 2733 1061 2784 6
1085 2731 1245 2803 ἀνὴρ,
1271 2733 1299 2784 6
1333 2728 1578 2802 μεσῆλιξ,
1603 2730 1631 2782 6
1659 2727 1904 2798 γηραιὸς.

310 2827 345 2880 6
384 2824 652 2896 πρέσϐυς.
695 2823 861 2877 Οὑδέν
882 2821 1087 2874 τούτων
1109 2820 1370 2885 ὡσαύτως
1390 2819 1504 2891 ἔχει
1533 2819 1670 2891 πρὸς
1702 2819 1762 2872 τὸ
1793 2818 1909 2871 Ets-

321 2935 418 2989 ρον
438 2934 452 2948 ·
477 2916 613 2970 ἀλλά
638 2917 732 2970 καὶ
778 2917 808 2968 6
834 2913 910 2984 τῷ
937 2913 1136 2984 ἰκτέρῳ
1165 2911 1471 2976 κατιωθεὶς,
1502 2911 1595 2964 καὶ
1622 2907 1910 2981 ἐξῳδηκὼς

313 3012 400 3084 τῷ
423 3012 620 3082 ὑδέρῳ,
667 3012 697 3063 ὂ
743 3027 802 3062 τε
851 3007 1138 3080 ξηρανθεὶς
1163 3007 1222 3059 ἐν
1245 3005 1492 3075 τηκεδόνι
1515 3045 1530 3069 ,
1559 3005 1652 3058 καὶ
1691 3006 1720 3057 6
1751 3003 1909 3056 πολυ·
1935 3046 1978 3106 c

317 3104 609 3174 σαρκήσας
639 3099 701 3154 ἐκ
738 3117 883 3162 τινος
903 3097 1258 3170 δυσκρασίας,
1278 3099 1306 3150 ὁ
1333 3096 1654 3166 κατάχολος,
1683 3095 1712 3148 6
1741 3096 1908 3164 αἱμα-

313 3195 519 3264 τώδης,
554 3196 582 3246 6
607 3191 948 3262 φλεγματίας
971 3206 986 3222 ο
1023 3189 1256 3242 ἑκάστου
1285 3185 1487 3240 τούτων
1517 3185 1651 3256 πρὸς
1680 3185 1777 3256 τὴν
1797 3184 1916 3236 ἐπι-

319 3285 634 3359 κρατοῦσαν
665 3283 1000 3354 δυσκρασίαν
1033 3279 1560 3353 συμμορφουμένου,
1594 3275 1716 3329 οὔτε
1747 3291 1919 3346 παρα-

325 3378 512 3450 μένειν
535 3375 708 3430 ταῦτα
744 3373 883 3446 μετὰ
925 3373 986 3427 τὸ
1015 3371 1313 3427 ἀναϐιῶναι
1357 3367 1538 3432 καλῶς
1569 3368 1681 3438 ἔχει
1709 3366 1918 3434 λογίσα-

326 3470 474 3535 σθαι,
503 3470 604 3538 τῆς
635 3465 876 3534 ἀλλαγῆς
911 3463 1089 3518 πάντα
1134 3459 1504 3530 σκευαζούσης
1535 3458 1669 3528 πρὸς
1693 3457 1754 3510 τὸ
1785 3455 1916 3509 θειό-

324 3575 504 3630 τερον,
529 3556 653 3612 οὑτε
682 3550 796 3609 οἷον
822 3557 955 3626 ἡμῖν
981 3550 1352 3624 ἐπανθήσειτὸ
1376 3546 1510 3613 εἶδος
1532 3547 1749 3601 εὑκολόν
1773 3549 1916 3601 ἐστιν

323 3647 774 3716 ἀναλογίσασθαι,
827 3645 937 3699 τῶν
987 3645 1109 3698 κατ’
1155 3643 1347 3696 ἐλπίδα
1381 3644 1510 3712 ἡμῖν
1543 3638 1916 3711 προκειμένων

327 3739 577 3808 ἀγαθῶν,
598 3738 737 3810 ὑπὲρ
757 3735 1056 3806 ὀφθαλμὸν,
1082 3736 1176 3788 καὶ
1196 3734 1387 3804 ἀκοὴν,
1413 3732 1504 3785 καὶ
1524 3732 1761 3785 διάνοιαν
1781 3724 1915 3782 εἷναι

328 3830 800 3899 πεπιᾰτευμένων.
833 3830 903 3881 Ἦ
955 3828 1096 3898 τάχα
1129 3824 1486 3898 γνωριστικδν
1517 3819 1656 3887 εἳδος
1686 3821 1915 3876 ἐκάστου

333 3925 443 3996 τὴν
477 3922 635 3976 ποιάν
670 3922 902 3993 ίδιότητα
925 3919 1034 3973 τῶν
1072 3917 1217 3988 ὴθῶν
1243 3915 1410 3970 εἰπών
1443 3933 1546 3978 τις,
1577 3914 1635 3966 οὑ
1661 3912 1752 3966 τοῦ
1779 3930 1915 3966 παν-

330 4017 430 4079 τὸς
462 4015 854 4086 ἁμαρτήσεται.
890 4012 1158 4081 Καθάπερ
1195 4008 1303 4079 γάρ
1338 4007 1430 4060 νῦν
1459 4009 1492 4077 ἡ
1524 4005 1664 4058 κατά
1693 4023 1744 4058 τι
1777 4021 1917 4074 παρο

326 4108 539 4179 ἀλλαγὴ
567 4107 673 4161 τῶν
720 4108 778 4158 ἐν
811 4106 944 4175 ἡμῖν
983 4101 1259 4171 στοιχείων
1291 4098 1390 4162 τὰς
1416 4097 1524 4150 τῶν
1555 4095 1914 4166 χαρακτήρων

325 4204 388 4256 ἐν
408 4199 628 4269 ἐκάστῳ
663 4197 924 4266 διαφορὰς
971 4193 1345 4264 ἐξεργάζεται,
1391 4187 1532 4242 κατά
1577 4185 1914 4256 πλεονασμὸν

329 4291 366 4364 f,
388 4290 688 4344 ἐλάττωσιν
736 4285 845 4339 τῶν
896 4279 1374 4352 ἀντιστοιχούντων
1409 4279 1552 4341 τινὸς
1583 4275 1914 4348 σχηματιζο-

2000 1803 2238 1861 futuram
2273 1808 2438 1873 dicat,
2472 1825 2597 1881 ego,
2644 1829 2746 1869 nec
2777 1823 2836 1870 ut
2867 1817 2986 1887 ejus
3019 1825 3299 1880 sententia:
3327 1827 3574 1882 subscri-

1998 1897 2148 1964 bam,
2177 1897 2337 1956 facile
2363 1901 2556 1957 adduci
2591 1919 2806 1974 queam,
2845 1925 2946 1965 nec
2974 1922 3156 1968 utrum
3187 1932 3276 1973 res
3300 1919 3459 1975 aliter
3477 1921 3577 1974 lia-

2000 1991 2145 2056 beat,
2182 1995 2441 2064 cogitare.
2468 1996 2636 2052 Multa
2664 2001 2809 2056 enim
2855 2004 3092 2061 absurda
3133 2008 3302 2075 illius,
3358 2012 3452 2083 qui
3501 2014 3576 2068 ita

2001 2083 2190 2148 sentit,
2220 2086 2535 2155 opinionem
2564 2102 2995 2162 consequuntur,
3025 2112 3157 2153 cum
3213 2116 3329 2157 non
3387 2104 3575 2159 eadem

2003 2178 2303 2247 semper‘in
2327 2180 2518 2236 eodem
2546 2182 2765 2241 bomine
2803 2190 3013 2256 species
3038 2190 3320 2263 formaque
3339 2207 3575 2259 maneat,

2006 2266 2098 2322 sed
2135 2283 2235 2338 pro
2269 2278 2491 2326 aetatum
2549 2274 3008 2349 aﬂ‘ectionumque
3062 2284 3328 2339 varietate
3361 2287 3578 2344 assidue

2005 2366 2390 2415 commutetur.
2425 2359 2634 2418 Etenim
2649 2366 2740 2432 qui
2765 2381 2912 2421 nunc
2933 2375 3016 2424 est
3034 2369 3377 2437 adolescens,
3396 2374 3578 2431 infans

2007 2462 2250 2519 puerque
2281 2449 2402 2518 fuit,
2434 2466 2561 2507 mox
2586 2454 2686 2508 erit
2717 2456 2820 2521 vir,
2847 2457 3043 2513 deinde
3065 2459 3132 2513 ad
3166 2461 3288 2516 vitae
3340 2463 3578 2519 medium

2008 2535 2304 2593 terminum
2328 2538 2528 2606 veniet,
2557 2550 2680 2611 post
2711 2543 2866 2598 illum
2895 2548 3170 2614 transibit,
3214 2552 3411 2622 ﬁetque
3465 2554 3580 2621 jam

2007 2635 2166 2684 aetate
2203 2641 2496 2700 provectus
2545 2642 2600 2690 et
2631 2651 2818 2692 senex.
2862 2637 2929 2692 Et
2956 2641 3049 2710 qui
3082 2641 3277 2697 borum
3311 2645 3366 2699 in
3397 2647 3582 2718 aliquo

2011 2731 2140 2778 sunt
2167 2724 2344 2780 aetatis
2373 2725 2563 2795 gradu,
2606 2742 2717 2782 non
2749 2737 2877 2783 sunt
2908 2730 3052 2787 inter
3083 2748 3143 2788 se
3189 2734 3422 2802 similes,
3485 2739 3581 2794 sed

2011 2813 2152 2869 alius
2182 2817 2334 2886 regio
2363 2817 2555 2872 morbo
2590 2820 2877 2888 squalidus
2910 2833 3016 2887 est,
3053 2824 3197 2879 alius
3224 2840 3366 2896 aqua
3415 2828 3584 2884 inter-

2011 2909 2136 2958 cute
2165 2903 2401 2972 inllatus,
2431 2907 2572 2963 alius
2595 2909 2881 2967 confectus
2921 2913 3064 2978 tabe,
3100 2914 3242 2971 alius
3278 2931 3443 2986 prava
3461 2932 3584 2973 car-

2012 2994 2098 3052 nis
2134 2997 2500 3053 redundantia
2528 3003 2904 3071 corpulentus,
2939 3005 3080 3060 alius
3116 3006 3262 3071 bilis,
3295 3009 3436 3064 alius
3453 3026 3584 3067 san-

2017 3087 2221 3156 guinis,
2278 3089 2422 3144 alius
2483 3090 2690 3160 pituita:
2737 3093 2905 3148 nimia
2971 3095 3184 3151 laborat
3237 3100 3432 3168 copia:
3491 3105 3582 3173 qui

2016 3177 2236 3247 quidem
2268 3193 2480 3244 omnes,
2512 3188 2570 3233 ut
2599 3181 2736 3236 tales
2771 3181 3122 3251 reviviscant,
3152 3194 3206 3241 et
3234 3188 3425 3244 iisdem
3457 3206 3581 3248 cum

2015 3269 2226 3325 morbis
2253 3279 2529 3334 maneant,
2562 3272 2784 3328 minime
2810 3276 3115 3344 putandum
3144 3288 3229 3334 est
3257 3297 3272 3348 ;
3309 3298 3432 3338 cum
3470 3300 3586 3340 om-

2017 3360 2107 3413 nia
2136 3367 2267 3416 tunc
2296 3363 2348 3415 in
2376 3363 2656 3418 meliorem
2682 3364 3120 3441 divinioremque
3151 3381 3352 3427 statum
3387 3375 3584 3430 immu~

2017 3451 2223 3507 tatione
2272 3452 2382 3508 sint
2430 3457 2818 3524 convertenda,
2861 3475 2962 3515 nec
3020 3461 3179 3518 facile
3227 3480 3446 3522 rursum
3501 3477 3588 3523 est

2015 3545 2308 3612 explicare,
2335 3546 2515 3616 qualis
2548 3546 2729 3603 futura
2765 3550 2837 3604 sit
2865 3552 3123 3621 praeclara
3155 3555 3455 3621 illaforma,
3478 3573 3586 3628 qua

2017 3635 2424 3702 decorahimur,
2452 3655 2574 3694 cum
2591 3656 2687 3709 spe
2717 3641 2877 3698 nobis
2891 3647 3169 3716 proposita
3187 3649 3297 3703 sint
3321 3664 3384 3704 ea
3420 3650 3585 3719 bona,

2016 3745 2138 3800 qua:
2160 3745 2261 3786 nec
2285 3732 2484 3797 oculis,
2517 3747 2618 3787 nec
2644 3734 2894 3802 auribus,
2924 3752 3026 3792 nec
3076 3740 3403 3810 cogitatione
3461 3758 3588 3813 pos-

2017 3836 2209 3877 sumus
2239 3824 2724 3893 comprehendere.
2756 3825 2913 3893 Quod
2943 3829 2987 3884 si
3018 3832 3141 3901 quis
3172 3831 3427 3900 formam,
3479 3851 3586 3906 qua

2016 3914 2264 3987 dignosci
2293 3919 2594 3984 valeamus,
2631 3920 2685 3975 in
2721 3929 2870 3976 certa
2920 3939 3131 3980 morum
3187 3929 3450 3997 qualitate
3503 3929 3590 3985 di-

2016 4012 2164 4060 ceret
2189 4006 2351 4062 sitam
2378 4008 2812 4079 collocatamque
2836 4010 2973 4074 fore,
3000 4013 3046 4067 is
3074 4030 3182 4068 non
3223 4032 3454 4086 prorsus
3478 4017 3590 4072 for-

2018 4095 2158 4150 sitan
2191 4097 2487 4154 aberraret.
2523 4100 2591 4154 Ut
2638 4103 3098 4170 quemadmodum
3147 4122 3293 4160 nunc
3352 4109 3585 4176 quadam

2016 4185 2410 4241 elementorum
2437 4189 2490 4242 in
2523 4189 2684 4243 nobis
2708 4192 3006 4246 mutatione
3030 4193 3342 4252 diﬂ‘ercntes
3370 4198 3422 4251 in
3447 4213 3588 4254 uno-

2017 4290 2234 4346 quoque
2265 4283 2424 4332 notas
2455 4277 2750 4346 impressas
2783 4281 3083 4350 cernimus,
3132 4293 3294 4353 prout
3354 4287 3588 4358 alicujus

329 4382 500 4454 μένου
521 4396 580 4432 τε
601 4379 698 4431 καὶ
716 4376 1095 4449 χρωννυμένου
1121 4371 1213 4427 τοῦ
1231 4371 1372 4425 κατά
1395 4370 1492 4440 τὴν
1526 4369 1738 4440 μορφὴν
1769 4367 1905 4420 ἰδιώ-

2017 4383 2205 4424 eorum
2233 4369 2441 4439 majore
2464 4371 2746 4426 minoreve
2802 4373 2978 4444 capia,
3034 4377 3252 4446 propria
3321 4381 3587 4451 cujusque

329 4490 506 4546 ματος
524 4488 541 4504 ο
565 4469 710 4524 οὑτω
733 4487 824 4541 μοι
856 4470 1002 4522 δοκεί
1026 4467 1093 4520 τά
1131 4463 1494 4519 είῶποιοῦντα
1519 4461 1638 4514 τότε
1663 4461 1761 4531 τὴν
1788 4461 1918 4514 ἐκά-

328 4582 459 4618 στού
500 4562 714 4635 μορφὴν
737 4561 800 4613 οὑ
827 4559 1002 4613 ταῦτα
1025 4559 1093 4612 τὰ
1126 4558 1362 4626 στοιχεῖα
1391 4552 1658 4623 γίνεσθαι,
1679 4551 1814 4606 ἀλλὰ
1846 4551 1916 4604 τά

328 4656 431 4727 τῆς
468 4655 668 4717 κακίας
687 4654 721 4724 ἢ
755 4652 858 4723 τῆς
907 4649 1108 4722 ἀρετῆς
1148 4647 1430 4718 ἰδιώματα,
1461 4637 1536 4699 ὧν
1567 4646 1600 4714 ἡ
1624 4642 1754 4697 ποιά
1779 4642 1915 4713 πρὸς

331 4748 539 4818 ἄλληλα
567 4747 732 4818 μίξις,
764 4745 798 4815 ἢ
834 4743 1004 4806 οὑτως
1026 4743 1060 4813 ἢ
1081 4741 1280 4812 ἑτέρως
1313 4737 1374 4791 τδ
1401 4733 1540 4800 εἶδος
1570 4735 1912 4805 παρασκευά-

333 4840 424 4903 ζει
472 4834 989 4909 χαρακτηρίζεσθαι.
1033 4827 1158 4887 Οἶον
1186 4831 1324 4901 δήτι
1356 4828 1542 4899 σχεδὸν
1573 4827 1665 4879 καὶ
1702 4827 1794 4878 ἐπὶ
1816 4824 1908 4878 τοῦ

332 4930 602 5000 παρόντος
634 4929 841 4998 γίνεται
878 4926 991 4997 βίου
1018 4964 1033 4989 ,
1067 4925 1194 4978 ὅταν
1221 4925 1255 4993 ἡ
1275 4919 1470 4985 ἔξωθεν
1497 4917 1590 4972 τοῦ
1618 4916 1909 4988 προσώπου

329 5020 576 5084 διάθεσις
610 5021 709 5091 τὴν
745 5019 806 5071 ἐν
849 5015 928 5086 τῷ
975 5011 1202 5085 κρυπτῷ
1241 5011 1338 5080 τῆς
1361 5009 1537 5080 ψυχῆς
1585 5005 1911 5078 καταμηνύῃ

327 5109 596 5165 διάθεσινο
617 5109 740 5162 ὅθεν
781 5106 979 5178 ῥᾳδίως
1019 5101 1451 5172 ἐπιγινώσκομεν
1472 5099 1562 5153 τόν
1595 5116 1652 5152 τε
1679 5101 1743 5169 τῇ
1766 5097 1912 5171 λύπῃ

327 5199 727 5270 κρατούμενον,
757 5195 962 5249 καὶτὸν
978 5192 1055 5264 τῷ
1087 5191 1244 5262 θυμῷ
1271 5190 1674 5260 διανεστηκότα,
1699 5190 1792 5244 καὶ
1823 5190 1914 5242 τὸν

324 5293 396 5345 ἐν
427 5289 689 5360 ἐπιθυμίᾳ
737 5287 1015 5359 λυόμενον-
1044 5285 1138 5338 καὶ
1166 5285 1230 5337 ἐκ
1255 5282 1348 5336 τοῦ
1391 5282 1652 5348 ἐναντίου,
1686 5282 1777 5335 τὸν
1798 5299 1914 5351 φαι·

320 5381 486 5454 ὀρὸν,
511 5381 601 5434 τὸν
629 5381 918 5452 ἀόργητον,
945 5378 1038 5431 τὸν
1050 5375 1129 5448 τῷ
1149 5373 1331 5446 σεμνῷ
1357 5374 1664 5446 χαρακτῆρι
1689 5374 1788 5444 τῆς
1818 5391 1914 5428 aw-

323 5472 614 5545 φροσύνης
644 5470 1137 5541 καλλωπιζόμενον.

416 5653 461 5684 ⁸⁵
502 5649 602 5707 ιω.
644 5664 794 5716 sui,
829 5648 916 5706 l8.
995 5647 1039 5680 ¹⁸
1070 5645 1089 5701 l
1119 5645 1259 5702 Tim.
1296 5660 1357 5714 ιι,
1385 5641 1478 5700 15.

2015 4460 2189 4515 forma
2223 4462 2482 4532 colorque
2516 4462 2773 4534 fingitur:
2839 4465 2911 4520 ita
2967 4482 3086 4537 qua:
3121 4477 3251 4523 tunc
3309 4470 3586 4540 prapriam

2013 4553 2356 4623 singulorum
2400 4552 2630 4609 formam
2666 4556 2995 4627 exprimant,
3038 4574 3147 4612 non
3186 4559 3454 4614 elementa
3509 4560 3587 4615 fu-

2013 4650 2136 4694 tura
2163 4641 2297 4707 sint,
2325 4643 2420 4698 sed
2455 4643 2710 4698 vitiorum
2741 4653 2835 4699 aut
2866 4647 3128 4700 virtutum
3161 4646 3408 4717 quaedam
3443 4647 3584 4704 inter

2013 4750 2072 4790 se
2096 4736 2198 4789 boc
2233 4736 2610 4794 autillomodo
2625 4738 2944 4793 commisto:
2979 4754 3085 4807 qua
3109 4755 3368 4809 expressa
3397 4742 3588 4797 unius-

2020 4827 2289 4898 cujusque
2358 4831 2568 4899 species
2597 4830 2899 4899 apparebit.
2930 4828 3100 4899 Cujus
3125 4832 3200 4884 rei
3231 4831 3590 4903 similcquid--

2020 4918 2144 4971 dam
2200 4917 2589 4987 pr0pemodum
2645 4918 2733 4972 hic
2787 4919 2952 4972 etiam
2991 4919 3240 4990 contigit,
3296 4936 3420 4975 cum
3477 4923 3593 4991 ipse

2022 5008 2204 5063 vultus
2234 5008 2479 5062 intimam
2511 5007 2675 5062 animi
2727 5005 3066 5063 affectionem
3096 5009 3320 5075 indicat,
3343 5022 3403 5065 ut
3443 5011 3589 5064 hunc

2020 5113 2254 5155 mmrore
2277 5099 2445 5165 vinci,
2479 5100 2628 5155 illum
2673 5098 2851 5154 efferri
2909 5100 3212 5165 iracundia,
3265 5102 3430 5156 alium
3491 5101 3587 5154 fla-

2021 5208 2181 5263 grare
2203 5192 2522 5261 cupiditate,
2559 5203 2651 5246 aut
2677 5201 2868 5247 contra
2927 5192 3075 5246 hunc
3135 5201 3332 5247 natura
3383 5193 3584 5257 laetum,

2017 5285 2167 5339 illum
2223 5285 2443 5338 minime
2496 5284 2838 5349 iracundum,
2883 5283 3048 5338 alium
3098 5283 3297 5354 insigni
3351 5283 3584 5355 quadarn

2016 5377 2281 5434 modestia
2319 5375 2624 5448 prmditum,
2663 5373 2820 5431 facile
2855 5388 3272 5447 cognoscamus.
