3930 6210
364 322 472 380 535

433 434 908 506 Quemadmodum
940 435 1108 505 igitur
1145 436 1201 490 in
1225 434 1332 490 hac
1377 433 1485 489 vita
1527 431 1696 486 animi
1732 429 1946 485 aﬁ‘ectio
1975 435 2022 490 Α

360 537 446 586 est
478 528 649 583 veluti
709 527 882 586 forma
917 524 1165 595 quaedam
1208 524 1272 579 in
1316 524 1488 589 vultu,
1541 529 1706 592 atque
1771 519 1950 574 oculis

357 632 641 690 expressa,
671 631 800 687 qua,
843 631 954 686 quo
987 615 1151 670 modo
1209 630 1269 670 se
1321 616 1470 670 intus
1529 613 1725 667 habeat
1761 611 1948 676 homo,

359 713 680 766 declaratur
711 727 724 763 :
758 709 840 764 sic
874 708 1009 762 mihi
1034 708 1271 775 videtur,
1293 722 1416 762 cum
1459 714 1655 760 natura
1710 704 1950 760 hominis

358 800 899 870 diviniorem,adepta
919 801 1302 864 sitstatum,ex
1323 799 1569 854 moribus
1583 798 1817 869 quisque
1834 797 1948 851 suis

358 891 558 962 ellingi,
578 906 679 946 nec
705 890 851 945 aliud
866 907 1008 956 esse,
1030 889 1179 945 aliud
1193 891 1382 955 videri,
1405 890 1498 946 sed
1513 889 1689 961 qualis
1706 898 1810 952 est,
1825 888 1950 942 talis

359 984 585 1037 omnino
615 983 900 1054 cognosci,
952 989 1012 1036 ut
1048 982 1141 1052 qui
1176 992 1384 1048 castus,
1443 981 1540 1052 qui
1591 980 1795 1052 justus,
1853 980 1949 1049 qui

359 1085 710 1141 mansuetus,
737 1075 832 1146 qui
875 1090 1069 1145 purus,
1125 1075 1218 1142 qui
1285 1075 1580 1145 benignus,
1647 1074 1740 1144 qui
1800 1075 1945 1143 pius,

358 1174 529 1238 atque
564 1167 712 1221 inter
740 1167 840 1221 bos
885 1166 979 1236 qui
1017 1165 1175 1220 bonis
1226 1167 1506 1231 omnibus,
1556 1172 1651 1220 aut
1703 1164 1796 1235 qui
1825 1179 1948 1220 .uno

363 1266 578 1312 tantum
618 1268 713 1312 aut
745 1257 996 1327 pluribus
1027 1266 1278 1322 ornatus,
1327 1257 1532 1328 quique
1579 1257 1634 1312 in
1665 1270 1778 1312 uno
1828 1255 1950 1325 qui-

359 1349 482 1404 dem
519 1349 755 1403 inl‘erior
791 1349 884 1412 sit,
917 1347 972 1402 in
1006 1347 1114 1402 alio
1155 1357 1335 1404 autem
1396 1349 1650 1419 superior
1707 1356 1946 1404 constet.

359 1439 438 1494 Ex
471 1439 559 1494 his
585 1438 730 1494 enim
764 1438 1151 1509 similibusque
1184 1440 1357 1510 magis
1395 1443 1644 1496 minusve
1682 1447 1949 1510 praestan-

358 1527 506 1583 tibus
535 1529 990 1598 proprietatibus,
1023 1546 1144 1600 qua:
1188 1532 1242 1585 in
1278 1531 1414 1600 ipsis
1463 1531 1775 1601 conspicuae
1794 1539 1945 1596 sunt,

355 1619 526 1674 varia‘
553 1621 900 1690 singulorum
933 1610 1253 1677 diii‘crentiae
1289 1622 1729 1694 distinguuntur,
1773 1623 1947 1677 donec

357 1710 660 1766 novissima
687 1711 932 1777 tandem,
981 1721 1040 1767 ut
1062 1712 1266 1768 Paulus
1297 1713 1371 1767 ait
1401 1714 1469 1779 ⁸⁸,
1504 1713 1725 1768 inimica
1763 1721 1940 1769 morte

1589 300 1678 366 'S.‘
1703 305 2031 366 GREGORII
2076 306 2364 364 NYSSENI

3519 314 3633 370 536

2122 429 2332 500 Ὥσπερ
2371 429 2550 482 τοίνυν
2585 426 2726 482 κατὰ
2760 427 2856 498 τὴν
2908 426 3212 482 ἐνεστῶσαν
3251 427 3396 499 ζωὴν
3447 434 3628 504 μορφὴ

2051 519 2257 588 γίνεται
2287 522 2320 592 ὴ
2349 520 2477 574 ποιὰ
2504 519 2742 583 διάθεσις
2762 519 2862 588 τῆς
2899 517 3144 590 καρδίας.
3162 519 3259 571 καὶ
3287 518 3425 588 πρὸς
3451 519 3512 573 τὸ
3534 523 3624 590 ἐγ-

2052 611 2300 682 κείμενον
2335 611 2506 676 πάθος
2523 612 2582 666 τὸ
2605 610 2698 664 τοῦ
2716 608 3004 682 ἀνθρώπου
3027 607 3163 673 εἶδος
3191 612 3622 676 ἁπεικονίζεταιο

2049 703 2311 774 οὓτωζμοι
2339 704 2487 758 δοκεῖ
2527 704 2663 775 πρὸς
2697 702 2759 756 τὸ
2791 702 3060 773 θειότερον
3099 701 3507 773 ὑπαλλαγείσης
3534 706 3626 773 τῆς

2052 794 2286 863 φύσεως,
2319 793 2700 848 είδοποιεῖσθαι
2736 793 2825 848 διὰ
2852 793 2945 846 τοῦ
2969 792 3130 864 ἤθους
3148 793 3176 844 6
3197 792 3507 863 ἄνθρωπος,
3532 795 3634 847 οὐκ

2050 883 2176 938 ἄλλο
2193 901 2244 938 τι
2267 881 2342 937 ὢν
2363 884 2458 937 καὶ
2477 883 2603 938 ἄλλο
2628 884 2970 953 φαινόμενος,
3013 882 3128 935 ἀλλ’
3160 883 3295 953 ὅπερ
3323 884 3441 936 ἐστὶ
3471 883 3634 937 τοῦτο

2050 975 2144 1030 καί⁵
2175 977 2596 1045 γινωσκόμενος,
2629 975 2703 1037 ὼς
2729 976 2756 1028 6
2784 974 3036 1044 σώφρων,
3062 975 3090 1027 6
3112 973 3340 1038 δίκαιος,
3367 975 3396 1026 6
3431 977 3629 1046 πρᾶος,

2049 1069 2078 1120 6
2106 1068 2360 1139 καθαρὸς,
2401 1071 2430 1122 6
2464 1069 2822 1140 άγαπητικὸς,
2866 1069 2894 1120 6
2933 1067 3200 1138 φιλόθεος,
3242 1071 3336 1123 xui.
3373 1070 3536 1122 πάλιν
3572 1071 3630 1123 ἐν

2049 1160 2278 1226 τούτοις,
2315 1159 2349 1230 ἢ
2379 1162 2407 1214 6
2435 1160 2610 1214 πάντα
2649 1159 2786 1230 ἔχων
2824 1159 2892 1213 τὰ
2939 1159 3138 1229 ἀγαθὰ,
3178 1160 3210 1232 ἢ
3240 1163 3268 1215 6
3301 1164 3360 1216 ἐν
3379 1162 3462 1215 ἐνὶ
3483 1163 3631 1232 μόνῳ

2051 1250 2440 1321 κοσμούμενος,
2466 1251 2499 1320 ἢ
2540 1254 2568 1305 6
2595 1254 2652 1304 ἐν
2679 1254 2793 1315 τοῖς
2825 1251 3064 1304 πλείοσιν
3097 1253 3508 1324 εὑρισκόμενος,
3536 1253 3571 1324 ἢ
3599 1254 3629 1304 6

2049 1344 2108 1396 ἐν
2149 1343 2282 1413 τῷδε
2328 1343 2427 1414 μὲν
2465 1343 2873 1414 ἐλαττούμενος,
2921 1342 3256 1397 πλεονεκτῶν
3296 1344 3353 1397 δὲ
3385 1345 3525 1398 κατὰ
3567 1343 3630 1398 τδ

2049 1433 2253 1504 ἓτερον.
2293 1433 2389 1488 Ἐκ
2407 1433 2610 1487 τούτων
2626 1433 2734 1504 γὰρ
2758 1434 2850 1486 καὶ
2871 1433 2978 1487 τῶν
3006 1434 3264 1488 τοιούτων
3287 1434 3394 1489 τῶν
3410 1453 3468 1488 τε
3485 1436 3632 1490 κατὰ

2048 1525 2110 1578 τὸ
2125 1528 2370 1598 κρεῖττον
2391 1525 2608 1580 καὶτῶν
2633 1525 2774 1579 κατὰ
2799 1526 2860 1578 τὸ
2882 1527 3120 1580 ἐναντίον
3143 1526 3630 1598 ἐπιθεωρουμένων

2053 1618 2380 1690 ἰδιωμάτων,
2415 1621 2495 1682 εἰς
2531 1618 2821 1689 διαφόρους
2853 1618 2993 1681 ἰδέας
3035 1618 3086 1670 οἰ
3130 1617 3250 1671 καθ’
3277 1619 3509 1672 ἕκαστον
3533 1623 3630 1674 ἀπ’

2037 1708 2292 1777 ’ἀλλήλων
2335 1706 2662 1779 μερίζονται,
2718 1708 2822 1771 ἓως
2873 1705 2938 1760 ἂν
2984 1706 3075 1760 τοῦ
3113 1708 3340 1777 ἐσχάτου
3395 1709 3631 1778 Ἐχθῳῦ

356 1801 659 1868 destructa,
694 1804 947 1872 maloque
977 1805 1194 1861 cunctis
1223 1821 1253 1860 e
1293 1806 1458 1861 rebus
1497 1806 1718 1874 penitus
1751 1814 1935 1860 extur-

2041 1799 2498 1871 καταργηθέντος,
2524 1798 2599 1862 ῶς
2633 1816 2796 1870 φησιν
2821 1801 2849 1853 ὁ
2895 1797 3234 1863 Ἀπόστολος,
3266 1799 3362 1851 καὶ
3390 1801 3494 1869 τῆς
3529 1818 3632 1854 κα-

355 1894 483 1949 bato
505 1903 670 1965 atque
703 1895 901 1960 deleto,
931 1911 1038 1950 una
1071 1897 1124 1952 in
1145 1899 1402 1952 omnibus
1451 1898 1634 1952 divina
1689 1899 1936 1969 pulchri-

355 1987 490 2042 tudo
544 1987 793 2056 fulgebit,
847 1988 914 2043 ad
963 1990 1123 2058 cujus
1173 1991 1454 2060 exemplar
1504 1992 1662 2045 initio
1719 1991 1935 2046 formati

361 2093 575 2134 sumus.
621 2078 749 2133 Haec
797 2090 978 2134 autem
1011 2089 1095 2137 est
1123 2081 1238 2145 lux,
1274 2081 1509 2152 puritas,
1542 2082 1934 2138 immortalitas

356 2169 466 2224 vita
506 2176 561 2225 et
588 2170 811 2237 veritas,
847 2180 902 2225 et
930 2170 1037 2224 alia
1060 2171 1306 2241 ejusdem
1324 2173 1561 2243 generis.
1583 2173 1771 2244 Neque
1787 2175 1933 2227 enim

355 2260 605 2326 dedecet,
639 2260 746 2316 diei
777 2262 1028 2332 lucisque
1052 2262 1194 2319 ﬁlios
1225 2273 1277 2319 ει
1303 2279 1428 2320 esse
1461 2271 1517 2319 et
1546 2264 1739 2319 videri.
1772 2263 1936 2321 Lucis

357 2360 568 2418 autem,
591 2359 645 2408 et
684 2337 963 2423 puritatis,
997 2363 1053 2408 et
1082 2353 1516 2411 immortalitatis
1558 2356 1708 2409 nulla
1752 2363 1934 2410 muta-

357 2444 435 2498 tio
467 2443 844 2500 diﬂ‘erentiave
891 2445 942 2498 it.
974 2445 1166 2500 eodem
1199 2461 1401 2516 genere
1451 2447 1771 2517 reperietur,
1839 2449 1934 2502 sed

360 2550 467 2588 una
497 2535 741 2605 gratiain
763 2536 1020 2591 omnibus
1043 2537 1301 2602 elucebit,
1333 2553 1457 2592 cum
1490 2538 1740 2594 liliilucis
1760 2537 1936 2593 οπεοιὶ

357 2624 642 2695 fulgebunt
671 2633 732 2678 ut
777 2625 881 2690 sol,
922 2627 1388 2695 quemadmodum
1434 2642 1568 2683 voce
1609 2643 1707 2682 sua
1763 2629 1938 2683 veris-

358 2716 500 2771 sima
527 2714 794 2770 Dominus
828 2715 945 2784 ipse
969 2715 1257 2778 denuntiat
1299 2719 1340 2750 ¹⁷
1361 2737 1374 2773 :
1398 2733 1632 2787 cumque
1664 2735 1729 2774 ex
1752 2719 1934 2772 divina

357 2806 729 2878 promissione
759 2807 988 2876 perfecti
1016 2817 1202 2872 erunt,
1232 2809 1488 2878 idemque
1520 2810 1779 2872 sentient,
1827 2824 1934 2863 una

355 2895 656 2964 eademque
682 2897 736 2949 in
771 2897 1029 2953 omnibus
1058 2899 1232 2968 gratia
1269 2900 1350 2953 sic
1379 2898 1690 2970 ell’ulgcnte,
1722 2911 1780 2954 ut
1805 2916 1932 2970 pro-

359 2987 767 3056 ximoquisque
822 3003 924 3043 suo
978 2989 1224 3043 laetitiam
1261 2989 1624 3059 impertiatur.
1687 2990 1765 3045 Ex
1824 3007 1935 3062 quo

2040 1891 2163 1954 κίας
2185 1891 2410 1945 καθόλου
2438 1891 2654 1944 πάντων
2677 1890 2784 1942 τῶν
2823 1891 2988 1943 ὄντων
3015 1889 3431 1959 ἐξοικισθείσης,
3474 1891 3536 1944 ἓν
3569 1892 3633 1946 τὸ

2031 1981 2268 2045 ,θεοειδὲς
2288 1981 2480 2044 κάλλος
2514 1982 2838 2054 ἐπαστράψῃ
2865 1983 2974 2043 τοῖς
3005 1984 3186 2045 πᾶσιν,
3213 1976 3258 2048 ᾧ
3289 1983 3408 2036 κατ’
3449 1983 3632 2053 ἀρχάς

2037 2071 2458 2143 ἐμορφώθημεν.
2516 2071 2686 2125 Τοῦτο
2732 2071 2788 2124 δέ
2831 2073 2946 2125 ἐστι
2993 2072 3128 2142 φῶς,
3160 2072 3256 2125 καὶ
3289 2073 3630 2144 καθαρότης,

2038 2162 2132 2214 καὶ
2146 2161 2448 2232 νάφθαρῶα,
2486 2163 2580 2214 καὶ
2607 2161 2741 2233 ζωὴ,
2768 2162 2862 2216 καὶ
2891 2162 3136 2233 ἀλήθεια,
3156 2163 3250 2216 καὶ
3275 2163 3345 2216 τὰ
3372 2163 3627 2220 τοιαῦτα,

2037 2256 2172 2310 osse
2186 2255 2293 2327 γὰρ
2315 2255 2538 2317 ἀπεικός
2556 2256 2704 2308 ἐστιν
2735 2253 2945 2324 ἡμέρας
2967 2254 3132 2307 τέκνα
3162 2253 3254 2308 xui.
3280 2253 3462 2322 φωτὸς
3482 2250 3630 2310 εἶναί

2034 2365 2096 2400 τε
2141 2348 2235 2401 καὶ
2283 2331 2608 2417 φαίνεσθαι·
2668 2345 2844 2414 φωτὸς
2893 2345 2950 2398 δὲ
2999 2346 3094 2398 καὶ
3125 2347 3496 2420 καθαρότητος
3527 2350 3628 2402 καὶ

2036 2441 2367 2512 ἀφθαρσίας,
2397 2441 2618 2511 οὐδεμία
2643 2437 2964 2510 παραλλαγὴ
2993 2439 3113 2491 οὐδὲ
3139 2439 3370 2512 διαφορὰ
3399 2441 3536 2512 πρὸς
3561 2441 3626 2494 τὸ

2037 2533 2293 2602 ὁμογενὲς
2344 2530 2734 2602 εὑρεθήσεταιο
2770 2527 2906 2582 ἀλλὰ
2959 2527 3056 2597 μία
3111 2529 3270 2599 χάρις
3323 2528 3624 2599 ἐπιλάμψει

2037 2626 2148 2687 τοῖς
2175 2627 2360 2689 πᾶσιν,
2392 2624 2520 2677 ὅταν
2547 2621 2652 2674 υἱοὶ
2707 2620 2883 2688 φωτὸς
2905 2621 3176 2689 γινόμενοι
3215 2620 3504 2690 λάμψωσιν
3546 2620 3624 2686 ὡς

2036 2715 2064 2766 ὁ
2117 2715 2288 2786 ἥλιος,
2320 2714 2460 2768 κατὰ
2493 2713 2590 2785 τὴν
2618 2710 2819 2782 ἀψευδῆ
2859 2709 2952 2763 τοῦ
2988 2711 3194 2782 Κυρίου
3227 2713 3412 2781 φωνήν
3437 2728 3452 2741 ο
3486 2710 3624 2764 ἀλλὰ

2039 2808 2131 2860 xui.
2157 2807 2216 2860 τὸ
2248 2806 2452 2868 πάντας
2482 2804 2700 2859 ἔσεσθαι
2732 2801 3183 2872 τετελειωμένους
3209 2803 3289 2866 εἰς
3314 2802 3376 2854 τὸ
3399 2803 3457 2854 ἓν
3480 2801 3624 2854 κατᾶ

2036 2898 2134 2970 τὴν
2163 2898 2496 2966 ἐπαγγελίαν
2550 2898 2644 2951 τοῦ
2675 2896 2809 2951 Θεοῦ
2847 2897 3041 2964 Λόγου,
3075 2896 3174 2965 τῆς
3228 2895 3401 2965 αὐτῆς
3441 2894 3624 2964 ἔχεται

2036 2989 2295 3054 διανοίας,
2337 2989 2398 3042 τὸ
2435 2989 2560 3059 μίαν
2591 2989 2684 3042 καὶ
2703 2989 2802 3058 τὴν
2829 2989 2996 3058 αὐτὴν
3025 2989 3136 3050 τοῖς
3165 2988 3328 3039 πᾶσιν
3354 2988 3622 3057 ἐπιφανή-

359 3077 471 3144 ﬁet,
497 3084 557 3131 ut
615 3078 846 3134 aliorum
907 3080 1001 3134 alii
1059 3080 1527 3149 pulchritudinem
1580 3091 1932 3150 contuentes,

2041 3080 2228 3134 σεσθαι
2257 3081 2436 3152 χάριν,
2468 3081 2540 3141 ὡς
2579 3081 2677 3152 τὴν
2712 3065 2879 3151 αὐτὴν
2918 3079 3254 3151 εὐφροσύνην
3278 3080 3514 3134 ἕκαστον
3542 3079 3621 3151 τῷ

356 3169 564 3226 mutuis
597 3171 740 3226 inter
764 3186 824 3227 se
861 3172 1076 3243 gaudiis
1125 3173 1367 3229 vicissim
1404 3173 1729 3241 adiciantur,
1784 3178 1936 3232 nulla

359 3261 512 3326 mali,
555 3271 649 3316 aut
673 3263 809 3328 vitii,
839 3271 933 3317 aut
961 3263 1322 3335 turpitudinis
1351 3268 1566 3321 macula
1597 3267 1768 3325 decus
1799 3269 1936 3324 illud

357 3352 415 3408 in
444 3353 743 3410 deformem
759 3357 996 3425 speciem
1024 3365 1416 3414 commutante.
1443 3357 1567 3414 Haec
1597 3360 1758 3417 nobis
1779 3376 1934 3419 mens

356 3453 546 3500 nostra
579 3461 678 3518 pro
702 3447 1096 3505 decedentibus
1131 3463 1196 3504 ex
1229 3449 1333 3504 hac
1374 3450 1505 3517 vita,
1532 3468 1694 3508 voces
1743 3468 1932 3508 eorum

356 3537 538 3603 nobis,
559 3547 619 3592 ut
648 3538 764 3594 ﬁeri
794 3546 998 3609 potest,
1020 3539 1295 3606 indicans,
1318 3542 1598 3598 disseruit.
1623 3542 1735 3600 Nos
1749 3553 1931 3600 autem

359 3624 518 3680 Pauli
537 3627 744 3696 _verbis
790 3637 1032 3694 utentes,
1094 3631 1385 3694 consilium
1427 3641 1678 3689 nostrum
1713 3635 1780 3690 ad
1837 3651 1932 3692 eos

356 3717 449 3789 qui
474 3717 530 3774 in
570 3720 828 3789 squalore
862 3720 1126 3791 luctuque
1162 3732 1455 3780 versantur
1499 3727 1928 3782 concludemus:

357 3808 501 3865 Nolo
532 3827 620 3865 vos
647 3814 911 3883 ignorare,
937 3813 1155 3881 fratres,
1188 3815 1252 3870 de
1288 3816 1690 3884 dormientibus,
1727 3835 1790 3872 ne
1805 3834 1930 3873 con-

358 3901 661 3968 tristemiui,
689 3903 824 3956 sicut
850 3912 900 3957 et
930 3906 1126 3970 cwteri,
1165 3907 1255 3975 qui
1310 3922 1454 3976 spem
1485 3924 1588 3962 non
1635 3909 1824 3963 habent
1863 3909 1935 3987 ‘3.

426 4077 639 4148 Siquid
687 4094 818 4150 ergo
844 4082 1027 4136 studio
1089 4083 1312 4153 dignum
1361 4084 1429 4140 de
1479 4085 1546 4140 iis
1576 4085 1668 4155 qui
1693 4086 1930 4141 dormie-

353 4175 504 4232 runt,
565 4167 898 4238 didicimus,
960 4172 1282 4243 degenerem
1339 4175 1505 4230 istum
1567 4177 1930 4248 servilemque

351 4275 644 4316 maerorem
679 4263 916 4333 amplius
949 4280 1018 4320 ne
1063 4266 1473 4336 suscipiamus;
1517 4277 1611 4324 aut
1645 4271 1692 4325 si
1743 4271 1927 4342 lugen-

351 4350 479 4405 dum
527 4360 630 4415 est,
672 4351 996 4409 laudabilem
1042 4355 1193 4410 illum
1227 4359 1656 4428 complectamur
1695 4362 1930 4428 luctum,‘

2041 3172 2207 3236 πέλας
2229 3173 2692 3244 ἀντιχαρίζεσθαι.
2729 3174 2807 3226 Δι’
2838 3167 2914 3226 ὧν
2938 3173 3168 3235 ἕκαστος
3202 3173 3296 3226 καὶ
3325 3174 3616 3244 εὐφραίνε-

2037 3283 2128 3318 ται.
2154 3265 2245 3318 τοῦ
2280 3266 2468 3336 ἐτέρου
2499 3266 2559 3318 τὸ
2597 3265 2792 3328 κάλλος
2822 3264 3054 3336 βλέπων,
3086 3265 3179 3318 καὶ
3206 3266 3615 3336 ἁντευφραίνει,

2040 3358 2307 3431 μηδεμιᾶς
2337 3358 2535 3421 κακίας
2558 3358 3014 3433 μεταμορφούσης
3041 3359 3102 3411 τὸ
3132 3354 3268 3421 εἶδος
3294 3360 3374 3422 είς
3404 3359 3618 3432 εἰδεχθῆ

2035 3450 2372 3521 χαρακτῆρα.
2407 3449 2592 3504 Ταῦτα
2621 3451 2751 3521 ἡμῖν
2789 3453 2818 3503 6
2845 3449 2968 3513 νοῦς
2995 3452 3022 3503 6
3060 3451 3326 3520 ἡμέτερος
3359 3451 3481 3504 ἀντὶ
3507 3451 3620 3506 τῶν

2034 3539 2434 3610 κατοιχομένων
2463 3540 2772 3607 διείλεκται,
2803 3541 2902 3604 τὰς
2941 3541 3124 3610 φωνὰς
3161 3541 3382 3594 ἐκείνων
3415 3543 3493 3606 ὡς
3523 3543 3618 3596 δυ-

2033 3631 2191 3684 νατὸν
2218 3634 2351 3703 ⁴ἡμῖν
2389 3633 2834 3704 ὑποκρινόμενος.
2863 3633 3053 3704 Ἡμεῖς
3082 3633 3140 3687 δὲ
3160 3637 3225 3705 τῇ
3255 3634 3346 3688 τοῦ
3371 3635 3616 3703 μεγάλου

2031 3723 2244 3777 Παύλου
2275 3728 2424 3795 φωνῇ
2441 3724 2536 3795 τὴν
2569 3723 2704 3796 πρὸς
2725 3727 2849 3788 τοὺς
2879 3725 3343 3798 βαρυπενθοῦντας
3371 3727 3613 3797 συμϐου-

2031 3809 2128 3885 λὴν
2177 3814 2628 3885 περιγράψωμεν,
2676 3815 2758 3868 ὅτι
2812 3817 2893 3869 Οὐ
2945 3817 3096 3871 θέλω
3151 3816 3305 3884 ὑμᾶς
3345 3819 3607 3886 ἀγνοεῖν,

2028 3905 2300 3975 ἀδελφοὶ,
2337 3906 2467 3974 περί
2506 3906 2625 3960 τῶν
2668 3907 3134 3976 κεκοιμημένων,
3175 3910 3382 3978 ἵναμὴ
3414 3911 3612 3983 λυπῆ-

2028 4001 2158 4063 σθε,
2189 3999 2269 4064 ὡς
2295 3999 2397 4055 καὶ
2421 4001 2474 4052 οί
2511 3999 2732 4064 λοιποὶ,
2756 4002 2812 4052 οἱ
2830 4000 2912 4069 μὴ
2935 3999 3180 4069 ἔχοντες
3203 4001 3444 4054 ἐλπίδα.

2099 4091 2162 4143 Εἰ
2191 4086 2284 4144 οὖν
2315 4108 2368 4144 τι
2419 4091 2820 4162 μεμαθήκαμεν
2870 4091 3108 4162 σπουδῆς
3143 4091 3291 4156 ἄξιον
3343 4094 3618 4165 περὶτῶν

2027 4183 2464 4254 κεκοιμημένων,
2500 4182 2566 4236 δι’
2597 4177 2671 4237 ὧν
2716 4185 2849 4254 ἡμῖν
2880 4184 2908 4235 6
2931 4183 3088 4252 λόγος
3117 4185 3182 4238 τὰ
3228 4185 3357 4255 περί
3401 4185 3614 4242 τούτων

2027 4275 2422 4346 ἐφιλοσόφησε,
2471 4275 2665 4346 μηκέτι
2719 4274 2816 4345 τὴν
2847 4275 3079 4346 δυσγενῆ
3117 4275 3321 4348 ταύτην
3360 4277 3456 4331 καὶ
3508 4279 3614 4332 ἀν-

2026 4364 2337 4436 δραποδώδη
2377 4364 2554 4436 λύπην
2585 4366 3057 4436 ίπαραδεξώμεθα.
3101 4366 3242 4420 Ἀλλ’
3275 4369 3325 4421 εἰ
3368 4371 3474 4439 χρὴ
3510 4372 3613 4425 καὶ

347 4440 444 4510 qui
477 4455 600 4493 cum
641 4442 843 4496 virtute
885 4445 1212 4512 conjunctus
1239 4456 1344 4502 est.
1378 4447 1446 4503 Ut
1486 4455 1631 4506 enim
1676 4455 1924 4524 voluptas

2038 4458 2331 4523 λυπεῖσθαι,
2355 4456 2570 4529 ἐκείνην
2610 4456 2859 4528 ἑλώμεθα
2895 4458 2992 4528 τὴν
3016 4457 3223 4529 λύπην,
3257 4458 3357 4529 τὴν
3381 4462 3612 4514 ἐπαινε-

350 4531 455 4586 alia
484 4533 786 4603 pecudibus
814 4536 1070 4588 convenit
1111 4539 1418 4609 rationique
1445 4542 1786 4609 adversatur,
1819 4547 1923 4600 alia

349 4638 488 4693 pura
525 4631 630 4688 est,
683 4635 737 4680 et
766 4640 796 4678 a
829 4626 1069 4680 materia:
1123 4629 1381 4685 sordibus
1435 4641 1679 4698 remota;
1729 4637 1809 4690 sic
1846 4637 1921 4704 id,

347 4713 494 4786 quod
528 4716 790 4786 voluptati
821 4719 1158 4771 contrarium
1190 4727 1296 4784 est,
1331 4723 1384 4775 in
1419 4723 1608 4778 vitium
1642 4726 1923 4781 virtutem-

346 4820 452 4874 que
483 4805 766 4862 dividitur.
803 4805 898 4861 Est
923 4807 1085 4876 igitur
1109 4809 1323 4879 lugendi
1356 4825 1526 4881 genus
1557 4827 1748 4876 unum,
1777 4815 1923 4885 quod

344 4896 563 4951 beatum
599 4907 847 4963 vocatur,
899 4908 953 4953 et
1003 4899 1056 4954 in
1101 4901 1396 4957 excolenda
1430 4903 1783 4975 parandaque
1817 4907 1924 4962 vir-

346 4993 460 5041 tute
509 5001 618 5041 non
653 4989 929 5060 abjicitur,
977 4993 1123 5062 quod
1174 4992 1393 5063 quidem
1449 4995 1517 5049 ab
1570 4996 1760 5051 insana
1817 4998 1920 5054 ista

342 5077 639 5148 servilique
655 5081 916 5136 maestitia
933 5083 1090 5154 longe
1109 5084 1386 5140 diversum
1422 5087 1602 5142 est.ln
1642 5089 1743 5145 bac
1776 5091 1919 5145 enim

341 5170 658 5241 quicunque
683 5181 950 5239 versatur,
985 5175 1039 5228 in
1071 5184 1350 5245 posterum
1377 5179 1686 5250 paenitebit,
1719 5183 1920 5253 quippe

341 5264 434 5335 qui
463 5281 494 5321 e
531 5267 854 5322 constantiae
881 5267 1053 5339 gradu
1084 5269 1346 5340 depulsus
1367 5287 1426 5329 se
1447 5288 1478 5327 a
1506 5276 1914 5343 perturbatione

341 5353 592 5422 superari
633 5353 958 5424 permiserit.
992 5354 1060 5410 At
1104 5357 1296 5414 beatus
1340 5360 1431 5417 ille
1477 5361 1656 5418 luctus
1691 5364 1913 5420 minime

343 5445 733 5510 repudiandum
798 5447 1174 5516 pudendamve
1229 5452 1506 5508 tristitiam
1567 5456 1769 5524 praebet
1821 5457 1908 5522 iis,

341 5534 434 5601 qui
483 5549 579 5604 per
623 5537 775 5592 illum
827 5553 893 5594 ex
937 5541 1135 5596 virtute
1169 5543 1334 5598 vitam
1389 5561 1544 5600 suam
1593 5546 1906 5603 instituunt.

2022 4547 2120 4620 τὴν
2150 4550 2241 4601 καὶ
2292 4549 2562 4620 ἐνάρετον.
2602 4548 2690 4611 Ὠς
2719 4547 2829 4618 γάρ
2867 4547 2968 4616 τῆς
2995 4548 3187 4618 ἡδονῆς
3227 4548 3288 4601 τὸ
3337 4549 3440 4619 μέν
3486 4552 3614 4607 ἐστι

2023 4640 2292 4713 κτηνῶδες
2341 4640 2436 4693 xui.
2484 4640 2696 4708 ἄλογον,
2728 4639 2791 4692 τὸ
2825 4638 2882 4692 δὲ
2906 4639 3145 4711 καθαρόν
3173 4657 3235 4692 τε
3275 4640 3369 4693 καὶ
3396 4641 3566 4695 άῦλον
3590 4659 3610 4676 ο

2023 4731 2165 4786 οὕτω
2190 4731 2284 4785 xui.
2308 4731 2369 4784 τὸ
2399 4730 2774 4801 ἀντικείμενον
2802 4732 2868 4800 τῇ
2902 4731 3061 4802 ἡδονῇ
3094 4731 3230 4802 πρὸς
3269 4733 3470 4786 κακίαν
3505 4735 3609 4787 καὶ

2021 4823 2222 4896 ἀρετὴν
2251 4822 2635 4877 διαστέλλεται.
2658 4821 2846 4875 Ἔστιν
2872 4818 2964 4876 οὖν
2991 4840 3044 4877 τι
3075 4825 3170 4876 καί
3195 4824 3425 4888 πένθους
3460 4821 3612 4891 εἶδος

2025 4913 2476 4986 μακαριζόμενον,
2505 4913 2597 4966 καὶ
2627 4912 2764 4983 πρὸς
2793 4913 2983 4984 κτῆσιν
3014 4915 3214 4984 ἀρετῆς
3232 4915 3332 4969 οὐκ
3352 4916 3609 4987 ἀπόϐλη-

2019 5021 2128 5070 τον,
2155 5006 2290 5076 ὄπερ
2315 5003 2570 5068 ἐναντίως
2601 5004 2712 5075 ἔχει
2761 5003 2898 5076 πρὸς
2923 5005 3022 5075 τὴν
3056 5004 3248 5073 ἄλογον
3266 5005 3476 5075 ταύτην
3504 5008 3610 5062 καὶ

2017 5094 2400 5167 ἀνδραποδώδη
2427 5099 2751 5168 κατήφειαν.
2799 5096 2857 5150 'U
2882 5096 2979 5169 μὲν
3012 5096 3116 5168 γὰρ
3138 5099 3196 5150 ἐν
3234 5097 3406 5168 ταύτῃ
3443 5099 3602 5163 γενόα

2020 5205 2198 5258 μενος,
2225 5188 2422 5242 ἐαυτοῦ
2461 5191 2601 5259 μετὰ
2627 5189 2796 5243 ταῦτα
2841 5191 2928 5244 διὰ
2971 5189 3332 5261 μεταμελείας
3360 5189 3603 5258 καθάψε-

2017 5293 2129 5343 ται,
2161 5278 2237 5342 ὡς
2271 5278 2374 5344 ἔξω
2400 5279 2496 5332 τοῦ
2547 5281 2886 5350 καθεστῶτος
2933 5280 3288 5353 παρενεχθεὶς
3309 5321 3324 5344 ,
3356 5282 3450 5334 ὅτε
3502 5279 3594 5334 τοῦ

2020 5370 2223 5435 πάθους
2254 5372 2430 5442 ἥττων
2461 5372 2693 5441 ἐγένετο.
2715 5373 2788 5426 Τὸ
2816 5373 2872 5426 δὲ
2912 5373 3347 5445 μακαριζόμενον
3377 5372 3588 5434 πένθος,

2018 5462 2428 5533 ἀμεταμέλητον
2461 5465 2555 5517 xui.
2602 5464 3025 5535 ἀνεπαίσχυντον
3075 5464 3187 5534 ἔχει
3214 5465 3312 5534 τὴν
3345 5463 3587 5533 σκυθρω-

2019 5554 2245 5625 πότητα,
2276 5557 2385 5619 τοῖς
2409 5555 2476 5609 δι’
2506 5555 2670 5610 αὑτοῦ
2699 5555 2789 5610 τὸν
2823 5557 3074 5630 ἐνάρετον
3096 5553 3424 5624 κατορθοῦσι
3457 5554 3586 5626 βίον-

417 5707 460 5741 ¹⁶
486 5707 508 5763 Ι
542 5710 670 5771 Cor.
701 5735 789 5788 xv,
817 5721 906 5776 26.
986 5723 1026 5754 ³⁷
1069 5720 1260 5776 Matth.
1289 5739 1404 5788 xm,
1437 5723 1526 5778 45.
1602 5723 1645 5755 ³⁸
1675 5723 1695 5777 l
1730 5722 1927 5781 Thess.
1955 5740 2032 5795 tv,
2061 5725 2149 5781 12.
