3930 6210
276 292 374 350 537

1673 285 1763 342 DE
1801 281 2132 343 MORTUIS.

3422 293 3528 348 538

273 406 471 463 Πενθεῖ
492 405 604 478 γάρ
635 405 706 470 ὥς
727 403 940 477 ἀληθῶς
972 406 1000 458 ό
1032 404 1091 458 ἐν
1116 405 1461 478 συναισθήσει
1494 405 1602 460 τῶν
1637 404 1859 474 ἀγαθῶν

1976 401 2119 457 Dolet
2140 400 2285 457 enim
2303 416 2368 459 ex
2395 401 2601 468 animo,
2631 415 2866 474 vereque
2887 401 3035 474 luget
3065 403 3112 461 is
3137 406 3231 476 qul
3265 404 3356 460 illa
3385 405 3528 462 bona

269 501 501 554 ἐκείνων
547 498 852 568 γενόμενος,
882 491 959 551 ὧν
1005 498 1401 551 ἀποπέπτωκεν
1422 539 1436 562 ,
1467 497 1856 570 ἀντιπαραθεὶς

267 591 374 661 τὴν
409 589 672 659 ἐπίκηρον
697 587 902 658 ταύτην
916 589 1008 641 καὶ
1035 587 1289 660 ρυπῶσαν
1314 588 1457 662 ζωὴν
1502 592 1567 661 τῇ
1596 589 1858 660 ἀκηράτῳ

269 682 461 752 ἐκείνῃ
500 681 876 752 μακαριότητι,
907 674 976 750 ἦς
1001 681 1058 732 ἐν
1088 680 1306 752 ἐξουσίᾳ
1325 677 1423 752 ἦν,
1455 682 1584 752 πρὶν
1607 683 1674 751 τῇ
1691 679 1857 744 ’ἐξου-

274 772 372 843 σίᾳ
403 773 482 835 εἰς
508 771 675 824 κακὸν
707 769 1126 840 ἀποχρήσασθαι
1167 785 1180 799 ο
1211 771 1304 823 καὶ
1325 771 1432 840 ὅσῳ
1467 771 1628 824 πλέον
1656 771 1748 823 ἐπὶ
1781 768 1858 840 τῷ

273 862 502 932 τοιούτῳ
531 861 632 932 βίῳ
654 861 878 933 βαρύνει
910 860 970 913 τὸ
994 860 1209 924 πένθος,
1233 861 1472 932 τοσούτῳ
1505 861 1700 932 μᾶλλον
1736 861 1858 914 ἐπι-

275 949 499 1020 ταχύνει
541 950 720 1019 ἐαυτῷ
743 949 840 1018 τὴν
865 947 971 1001 τῶν
1005 946 1350 1018 ποθουμένων
1390 947 1611 1015 ἀγαθῶν
1644 949 1854 1020 κτῆσιν.

287 1042 356 1094 Ἦ
383 1041 492 1112 γὰρ
522 1041 622 1110 τῆς
643 1039 736 1092 τοῦ
767 1038 932 1092 καλοῦ
967 1038 1168 1109 ζημίας
1201 1038 1578 1108 συναίσθησις,
1609 1040 1707 1110 τῆς
1731 1040 1858 1112 περί

278 1133 343 1185 τὸ
381 1131 715 1202 ποθούμενον
758 1129 995 1200 σπουδῆς
1027 1129 1358 1201 ὑπέκκαυμα
1394 1130 1621 1198 γίνεται.
1651 1130 1858 1184 Οὐκοῦν

281 1223 465 1294 ἐπειδὴ
499 1221 609 1292 πέρ
635 1223 752 1275 ἐστι
792 1223 885 1274 καὶ
920 1222 1183 1292 σωτήριον
1219 1221 1435 1286 πένθος,
1457 1219 1640 1284 καθὼς
1659 1222 1686 1274 ὁ
1705 1221 1860 1290 λόγος

283 1313 588 1380 ὑπέδειξεν,
616 1312 885 1367 ἀκούσατε
907 1313 956 1366 οἱ
987 1312 1122 1384 πρὸς
1152 1313 1212 1366 τὸ
1244 1313 1344 1384 τῆς
1367 1312 1544 1383 λύπης
1574 1313 1742 1377 πάθος
1771 1314 1860 1366 εὐ-

283 1405 454 1467 κόλως
485 1404 940 1475 καταφερόμενοι,
975 1405 1055 1458 ὅτι
1086 1403 1146 1457 ού
1195 1403 1474 1474 κωλύομεν
1519 1403 1616 1476 τὴν
1665 1403 1858 1474 λύπην,

281 1498 398 1552 ἀλλ’
433 1497 557 1550 ἀντί
598 1496 700 1566 τῆς
750 1497 1202 1567 κατεγνωσμένης
1242 1497 1340 1567 τὴν
1387 1496 1594 1568 ἀγαθὴν
1623 1496 1860 1567 συμϐου-

282 1589 534 1660 λεύομεν.
568 1589 660 1658 Μὴ
689 1588 942 1642 λυπεῖσθε
967 1588 1145 1642 τοίνυν
1176 1588 1274 1659 τὴν
1309 1587 1402 1642 τοῦ
1450 1590 1654 1658 κόσμου
1687 1588 1860 1658 λύπην

284 1679 388 1748 τὴν
444 1677 923 1748 κατεργαζομένην
973 1678 1062 1754 τὸν
1115 1677 1376 1742 θάνατον,
1413 1677 1596 1741 καθώς
1646 1681 1860 1748 φησινὸ

1958 494 2290 560 considerat,
2354 509 2385 549 a
2429 494 2629 566 quibus
2678 495 3000 563 excidimus,
3060 497 3188 552 dum
3245 500 3528 556 mortalem

1957 585 2116 640 istam
2153 599 2216 639 ac
2240 585 2514 640 sordidam
2550 586 2718 642 vitam
2763 577 3040 657 comparat
3077 604 3200 643 cum
3236 589 3528 645 immortali

1957 674 2050 728 illa
2082 674 2434 739 beatitudine,
2466 691 2572 745 qua
2601 677 2909 747 potiebatur
2937 689 3227 748 antequam
3264 688 3531 750 potestate

1958 767 2023 820 ad
2053 767 2254 822 bonum
2283 767 2619 834 abuteretur,
2655 777 2969 840 quantoque
2994 771 3168 840 magis
3198 772 3253 825 in
3281 773 3384 826 hac
3416 773 3531 827 vita

1958 859 2226 928 ejusmodi
2257 859 2464 913 luctum
2515 859 2768 924 intendit,
2815 870 2967 915 tanto
2998 862 3233 917 celerius
3278 863 3346 916 ad
3377 871 3532 932 opta-

1960 953 2068 1000 tam
2101 945 2369 1000 bonorum
2405 949 2808 1017 possessionem
2850 950 3077 1018 aspirat.
3102 949 3234 1005 Nam
3270 950 3364 1022 (iui
3405 952 3531 1006 boni

1954 1037 2226 1106 iacturam
2257 1037 2659 1104 animadvertit,
2692 1039 2759 1094 ad
2805 1040 2937 1094 illud
2973 1043 3404 1110 recuperandum
3441 1057 3535 1096 ar-

1959 1129 2207 1184 dentiore
2258 1129 2441 1184 studio
2474 1130 2798 1184 concitatur.
2829 1129 3081 1197 Proinde,
3131 1126 3252 1188 eum
3297 1133 3535 1191 salutare

1959 1221 2176 1290 lugendi
2208 1237 2403 1291 genus,
2435 1229 2496 1276 ut
2522 1221 2882 1288 ostendimus,
2932 1221 3256 1288 inveniatur,
3289 1224 3536 1278 animad-

1959 1313 2177 1376 vertite,
2209 1313 2302 1382 qui
2370 1313 2437 1368 ad
2483 1329 2772 1369 mat-rorem
2805 1321 2860 1368 et
2888 1314 3091 1368 luctum
3125 1315 3260 1371 estis
3294 1331 3528 1385 propen-

1961 1405 2158 1470 siores,
2191 1420 2294 1461 nos
2345 1420 2453 1459 non
2493 1405 2841 1470 interdicere,
2874 1421 2982 1476 quo
3024 1406 3207 1463 minus
3258 1409 3530 1463 mosreatis

1961 1505 2014 1552 et
2044 1496 2381 1568 lacrymetis,
2437 1498 2531 1552 sed
2574 1499 2726 1556 vobis
2776 1501 3084 1565 consulere,
3124 1508 3184 1555 ut
3240 1514 3337 1570 pro
3391 1500 3535 1554 malo

1963 1585 2326 1656 damnatoque
2352 1587 2501 1642 luctu
2533 1588 2735 1643 bonum
2771 1599 2824 1646 et
2848 1591 3169 1646 laudabilem
3203 1591 3538 1660 complecta-

1965 1675 2121 1730 mini.
2175 1675 2362 1746 Itaque
2421 1678 2591 1734 nolite
2649 1681 2836 1734 mundi
2898 1681 3100 1734 luctum
3148 1680 3538 1749 tristitiamque

300 1739 646 1832 ’Ᾰπόστολός,
666 1739 798 1822 ἀλλά
836 1739 934 1839 την
977 1748 1117 1823 κατὰ
1153 1768 1304 1833 Θεὸν,
1330 1739 1398 1840 ἦς
1424 1769 1485 1822 τὸ
1509 1739 1681 1840 πέρας
1766 1770 1864 1840 τῆς

1976 1766 2261 1835 suscipere,
2291 1782 2433 1837 quae,
2471 1777 2531 1822 ut
2562 1769 2738 1839 inquit
2769 1769 3063 1839 Apostolus
3088 1770 3154 1834 ",
3185 1771 3378 1824 tnortis
3410 1739 3542 1823 cau-

288 1859 476 1929 ψυχῆς
506 1858 620 1911 ἐστι
670 1859 932 1931 σωτηρία.
980 1859 1053 1910 Τὸ
1083 1857 1192 1928 γάρ
1227 1859 1349 1929 εἰκῆ
1398 1859 1491 1914 καί
1537 1860 1711 1929 μάτην
1753 1863 1864 1923 τοῖς

293 1949 714 2018 κεκοιμημένοις
748 1946 1095 2018 ἐπιχεόμενον
1129 1948 1382 2020 δάκρυον,
1421 1949 1556 2019 τάχα
1581 1949 1671 2002 καὶ
1695 1965 1864 2002 κατα-

292 2039 529 2109 κρίσεως
559 2040 729 2092 αίτιον
778 2039 985 2106 γίνεται
1035 2039 1113 2109 τῷ
1157 2039 1340 2104 κακῶς
1392 2039 1778 2111 οἰκονομοῦντι
1807 2040 1868 2093 τὸ

289 2130 584 2201 χρήσιμον.
619 2127 810 2198 Είγάρ
839 2129 932 2181 ἐπὶ
966 2126 1138 2198 τούτῳ
1182 2128 1431 2200 λυπηρὰν
1464 2127 1667 2198 ταύτην
1689 2127 1870 2181 διάθε-

287 2237 379 2273 σιν
407 2219 796 2288 ἐνετεκτήνατο
824 2221 891 2290 τῇ
923 2218 1124 2287 φύσειό
1154 2219 1328 2274 πάντα
1354 2221 1412 2274 ἐν
1439 2219 1599 2291 σοφίᾳ
1619 2219 1866 2290 ποιήσας,

288 2310 380 2379 ἐφ’
478 2327 539 2362 τε
576 2310 870 2381 καθάρσιον
894 2311 992 2383 μὲν
1016 2313 1188 2384 αὐτὴν
1217 2308 1355 2365 εἶναι
1385 2313 1873 2384 προκατασχούσης

288 2395 499 2459 κακίας
521 2435 536 2459 ,
572 2397 778 2466 ἐφόδιον
822 2397 879 2451 δὲ
927 2399 1027 2467 τῆς
1076 2401 1184 2453 τῶν
1235 2400 1603 2471 ἐλπιζομένων
1655 2400 1875 2470 ἀγαθῶν

235 2543 244 2548 _
293 2486 598 2557 μετουσίας
635 2505 650 2520 ·
685 2488 821 2560 τάχα
852 2491 880 2543 ὁ
920 2491 1096 2562 μάτην
1127 2493 1222 2546 καὶ
1260 2493 1549 2562 ἀνωφελῶς
1577 2495 1782 2566 ἐκχέων
1815 2495 1876 2550 τὸ

289 2579 568 2650 δάκρυον,
597 2579 1011 2652 διαίληθήσεται
1058 2582 1137 2653 τῷ
1186 2583 1300 2654 ἰδίῳ
1325 2584 1580 2658 δεσπότῃ,
1615 2586 1756 2640 κατὰ
1786 2585 1879 2639 τὸν

292 2671 658 2739 εύαγγελικὸν
691 2671 870 2740 λόγον,
906 2674 982 2737 ὠς
1026 2675 1193 2738 κακὸς
1226 2675 1504 2746 οἰκονόμος
1548 2677 1877 2750 διασπείρων

293 2763 594 2832 ἀχρήστως
617 2763 709 2816 τὸν
741 2764 1096 2819 πιστευθέντα
1117 2765 1360 2821 πλοῦτον.
1402 2769 1516 2822 Πᾶν
1552 2772 1662 2840 γὰρ
1707 2770 1768 2824 τὸ
1791 2771 1877 2825 ἐπ’

295 2853 496 2923 ἀγαθῷ
542 2854 913 2925 χρησιμεῦον,
946 2856 1172 2921 πλοῦτός
1217 2860 1332 2912 ἐστι
1378 2862 1490 2923 τοῖς
1538 2861 1739 2932 τιμίοις
1771 2863 1878 2917 τῶν

297 2944 608 3015 κειμηλίων
624 2945 916 3016 ἐναριθμού
926 2965 1101 3016 μενος.
1120 2949 1194 3002 Οὐ
1214 2949 1351 3003 θέλω
1372 2945 1464 3004 οὖν
1486 2953 1629 3022 ὑμᾶς
1645 2954 1877 3022 ἀγνοεῖν,

1962 1869 2078 1909 sam
2112 1855 2288 1922 aﬂ‘ert,
2336 1856 2432 1911 sed
2473 1872 2592 1912 eam
2640 1858 2958 1913 mcestitiam
3008 1859 3228 1924 sumite,
3280 1873 3401 1928 quae
3431 1857 3542 1912 Deo

1964 1945 2164 2016 placet,
2208 1947 2365 2015 cujus
2397 1946 2523 2003 linis
2554 1955 2640 2003 est
2688 1949 2855 2003 animi
2891 1949 3060 2003 salus.
3091 1947 3302 2002 Etenim
3349 1947 3542 2002 inanes

1967 2047 2278 2108 temereque
2317 2039 2503 2094 etl'usaa
2548 2054 2646 2110 pro
2682 2039 2960 2096 defunctis
3005 2041 3259 2111 lacrymas
3312 2039 3544 2094 fortasse

1967 2141 2134 2182 causa
2162 2128 2534 2183 damnationis
2560 2136 2722 2183 erunt
2751 2129 2849 2195 illi,
2892 2130 2983 2199 qui
3020 2145 3078 2185 re
3107 2130 3349 2184 abutitur
3377 2129 3542 2184 bona.

1966 2215 2104 2271 Nam
2164 2217 2212 2273 si
2267 2217 2476 2272 tristem
2529 2219 2670 2273 hanc
2727 2219 2896 2274 animi
2951 2219 3291 2276 all‘ectionem
3337 2219 3544 2274 idcirco

1971 2309 2132 2366 nobis
2166 2311 2394 2368 inservit
2445 2311 2492 2365 is
2546 2311 2639 2380 qui
2681 2318 2877 2365 cuncta
2930 2311 3206 2373 sapienter
3235 2310 3362 2380 egit,
3419 2317 3544 2363 uta

1972 2401 2138 2465 malo,
2175 2401 2320 2470 quod
2368 2415 2469 2455 nos
2505 2400 2724 2468 invasit,
2773 2401 3039 2472 expiaret,
3087 2411 3140 2456 et
3170 2400 3236 2454 ad
3285 2415 3348 2455 ea
3378 2401 3542 2466 bona,

1973 2506 2095 2560 qua:
2125 2505 2433 2561 speramus,
2471 2491 2701 2545 fruenda
2737 2491 3056 2562 perduceret
3085 2509 3097 2544 :
3131 2490 3268 2546 [orte
3292 2491 3383 2561 qui
3426 2490 3545 2545 l'ru-

1976 2590 2090 2638 stra
2148 2591 2313 2652 atque
2342 2583 2578 2637 inaniter
2617 2582 2885 2653 lacrymas
2924 2582 3177 2646 fundunt,
3212 2582 3550 2636 vocabuntur

1975 2673 2033 2727 in
2059 2673 2266 2727 crimen
2297 2673 2439 2745 apud
2469 2673 2751 2728 dominum
2780 2690 2961 2738 suum,
2991 2683 3048 2728 ut
3079 2673 3254 2729 malus
3287 2674 3378 2729 ille
3411 2674 3552 2728 villi-

1979 2779 2100 2830 cus,
2134 2765 2249 2834 qui,
2293 2772 2352 2817 ut
2389 2764 2441 2818 in
2477 2764 2769 2836 Evangelio
2810 2765 3130 2836 legimus",
3172 2765 3391 2820 divitias
3447 2765 3552 2820 sibi

1978 2856 2218 2911 creditas
2253 2856 2516 2912 inutiliter
2571 2856 2956 2928 dissipaverat.
3005 2856 3356 2926 Quaecunque
3406 2859 3552 2912 enim

1980 2948 2046 3002 ad
2085 2949 2257 3004 bonos
2286 2965 2421 3005 usus
2452 2949 2645 3004 referri
2682 2961 2928 3020 possunt,
2957 2950 3158 3005 divitia:
3192 2961 3319 3005 sunt
3347 2951 3403 3004 in
3433 2950 3554 3004 the-

299 3035 546 3102 ἀδελφοὶ,
575 3035 828 3106 περὶτῶν
856 3038 1291 3108 κεκοιμημένων,
1316 3036 1538 3095 ταῦτ·αά
1561 3045 1874 3116 μεμαθήκα-

1984 3037 2163 3093 sauris
2193 3037 2508 3094 coelestibus
2537 3049 2888 3094 enumerata;
2920 3038 3057 3095 Nolo
3109 3041 3276 3111 igitur
3305 3041 3558 3110 ignorare

307 3142 434 3196 μεν,
472 3125 567 3177 καὶ
592 3125 645 3176 εἴ
667 3143 718 3179 τι
742 3125 870 3179 ἄλλο
895 3127 1031 3198 πρὸς
1053 3129 1260 3193 τούτοις
1288 3130 1438 3202 παρὰ
1461 3132 1551 3186 τοῦ
1571 3135 1874 3206 Πνεύματος

1984 3143 2102 3192 vos,
2133 3128 2352 3193 fratres,
2384 3144 2504 3198 qua:
2537 3128 2604 3183 de
2635 3130 2702 3184 iis
2733 3131 2826 3198 qui
2859 3129 3217 3194 dormierunt,
3244 3130 3552 3193 didicimus.

306 3216 402 3269 τοῦ
427 3216 588 3284 ἁγίου
618 3219 732 3280 τοῖς
765 3217 1119 3289 ’τελειοτέροις
1158 3223 1594 3279 ἀποκαλύπτεται
1635 3228 1879 3298 μάθημα,

311 3308 397 3362 ἵνα
427 3309 506 3378 μὴ
538 3307 802 3379 λυπῆσθε,
830 3309 906 3374 ὡς
955 3313 1047 3365 καὶ
1075 3313 1125 3365 οἱ
1158 3313 1332 3367 λοιποὶ
1364 3317 1412 3369 οἱ
1443 3317 1516 3388 μὴ
1549 3316 1761 3387 ἔχοντες
1800 3319 1886 3372 ἐλ-

312 3400 465 3454 πίδα.
501 3401 693 3454 Μόνων
740 3402 850 3471 γάρ
876 3404 992 3457 ἐστι
1036 3403 1145 3456 τῶν
1190 3406 1432 3460 ἀπίστων
1464 3409 1525 3461 τὸ
1551 3408 1627 3479 τῷ
1660 3410 1885 3480 παρόντι

317 3490 415 3561 βίῳ
442 3490 544 3554 τὰς
571 3491 662 3544 τοῦ
696 3490 797 3564 ζῇν
841 3492 1060 3557 ἐλπίδας
1091 3497 1438 3567 περιορίζειν,
1471 3499 1565 3552 καὶ
1597 3498 1685 3552 διά
1728 3499 1888 3554 τοῦτο

315 3587 602 3656 συμφορᾶς
627 3585 776 3652 ἀξιον
803 3585 1077 3640 ποιοῦνται
1104 3587 1196 3641 τὸν
1241 3587 1487 3653 θάνατον,
1516 3590 1597 3643 ὅτι
1618 3591 1800 3655 αὐτοῖς
1828 3592 1889 3646 τὸ

319 3678 709 3746 πιπευόμενον
751 3677 884 3748 παρ’
910 3677 1068 3748 ἡμῶν
1120 3679 1220 3732 οὐκ
1255 3678 1556 3745 ἐλπίζεται.
1611 3682 1801 3752 Ἡμεῖς
1831 3683 1890 3738 δὲ

314 3767 392 3838 τῷ
425 3769 651 3838 μεγάλῳ
671 3770 910 3841 ἐγγυητῇ
943 3771 1042 3840 τῆς
1074 3771 1138 3824 ἐκ
1165 3771 1376 3844 νεκρῶν
1415 3772 1762 3837 ἀναστάσεως
1795 3790 1892 3828 πε-

311 3857 698 3922 πιστευκότες,
727 3861 870 3931 αὐτῷ
920 3861 998 3932 τῷ
1024 3862 1266 3935 Δεσπότῃ
1300 3864 1481 3935 πάσης
1499 3865 1598 3935 τῆς
1640 3865 1889 3930 κτίσεως,

301 3949 381 4012 ὃς
399 3948 496 4000 διὰ
513 3947 669 4001 τοῦτο
697 3951 782 4004 καὶ
804 3951 1047 4005 ἀπέθανε·
1066 3954 1160 4006 καὶ
1184 3954 1404 4026 ἀνέστη,
1427 3955 1514 4008 ἴνα
1536 3953 1615 4025 τῷ
1642 3955 1786 4026 ἔργῳ
1801 3955 1892 4010 τὸν

304 4037 580 4111 περὶτῆς
622 4040 958 4105 ἀναστάσεως
983 4043 1138 4112 λόγον
1192 4044 1552 4115 πιστώσηται,
1587 4046 1894 4117 ἀναμφιϐό-

297 4133 428 4195 λως
448 4130 663 4203 ἔχωμεν
688 4132 794 4186 τῶν
838 4134 1057 4202 ἀγαθῶν
1088 4136 1188 4204 τὴν
1223 4135 1432 4200 ἐλπίδα,
1455 4131 1524 4208 ἧς
1554 4137 1832 4207 παρούσης
1857 4139 1890 4208 ὴ

297 4223 414 4277 ἐπὶ
450 4225 565 4285 τοίς
592 4223 996 4293 κατοιχομένοις
1023 4221 1166 4295 λύπη
1207 4223 1391 4294 χώραν
1416 4225 1516 4294 οὐχ
1563 4225 1694 4290 ἕξει.
1731 4226 1790 4279 '0
1839 4225 1896 4281 δὲ

293 4312 453 4375 Θεὸς
485 4313 643 4383 ἡμῶν
683 4313 778 4366 καὶ
804 4313 1005 4384 Κύριος
1041 4313 1244 4386 Ἰησοῦς
1286 4316 1538 4387 Χριστὸς,
1573 4317 1602 4369 ό
1645 4335 1898 4389 παρακα-

1983 3230 2038 3275 et
2064 3225 2107 3274 si
2140 3221 2270 3290 quid
2305 3229 2566 3291 pra-terea
2608 3222 2845 3291 Spiritus
2880 3233 3105 3277 sanctus
3138 3220 3559 3292 perfectioribus

1983 3310 2264 3380 patefacit,
2319 3325 2388 3365 ne
2436 3311 2659 3365 tristitia
2735 3326 3076 3382 mmroreque
3114 3311 3446 3378 alliciamini,
3499 3319 3558 3364 ut

1985 3402 2166 3456 caeteri
2213 3401 2308 3472 qui
2340 3416 2489 3473 Spem
2523 3417 2631 3456 non
2676 3401 2897 3466 habent.
2928 3402 3038 3458 Soli
3065 3403 3232 3469 enim,
3261 3402 3352 3472 qui
3389 3417 3418 3456 a
3448 3401 3554 3457 (ide

1986 3493 2146 3548 alieni
2204 3503 2349 3560 sunt,
2409 3495 2690 3565 przesentis
2728 3497 2850 3549 vitae
2905 3494 3102 3550 ﬁnibus
3142 3493 3357 3550 vivendi
3406 3508 3557 3562 spem

1987 3585 2286 3641 terminant
2319 3593 2373 3642 et
2401 3587 2886 3650 circumscribunt,
2934 3586 3169 3656 ideoque
3201 3594 3428 3640 mortem
3467 3584 3564 3640 de-

1990 3678 2309 3748 plorandam
2367 3687 2582 3749 putant,
2635 3679 2780 3748 quod
2827 3694 2911 3742 ea,
2967 3693 3087 3748 quae
3121 3693 3220 3734 nos
3262 3676 3559 3742 credimus,

1991 3784 2100 3823 non
2144 3777 2384 3838 sperant.
2421 3769 2532 3825 Nos
2568 3777 2771 3834 autem,
2815 3771 2908 3840 qui
2948 3785 3145 3841 magno
3199 3770 3566 3840 locupletique

1991 3860 2415 3915 resurrectionis
2453 3874 2485 3914 a
2530 3861 2760 3916 mortuis
2801 3862 3055 3930 sponsori
3106 3861 3340 3931 vadique
3385 3860 3565 3915 credi-

1993 3964 2138 4015 mus,
2191 3949 2294 4020 ipsi
2345 3949 2812 4005 rerum'omnium
2868 3959 3277 4020 procreatarum
3314 3947 3564 4011 Domino,

1994 4038 2088 4109 qui
2138 4038 2209 4094 ob
2259 4037 2312 4092 id
2360 4046 2612 4094 mortuus
2663 4046 2748 4094 est
2789 4047 2844 4094 et
2879 4039 3196 4102 resurrexit,
3253 4045 3312 4091 ut
3360 4054 3418 4090 re
3451 4037 3568 4104 ipsa

1993 4130 2416 4186 resurrectionis
2431 4129 2698 4184 rationem
2718 4128 3068 4184 conﬁrmaret
3083 4136 3136 4182 et
3159 4127 3564 4198 comprobaret,

1995 4232 2198 4278 certam
2219 4228 2382 4290 atque
2401 4221 2736 4289 exploratam
2767 4221 3034 4275 bonorum
3065 4234 3214 4285 spem
3239 4217 3566 4284 habeamus,

1996 4328 2105 4385 qua
2151 4319 2420 4382 prasente
2458 4312 2638 4366 luctus
2693 4311 2747 4365 in
2778 4325 2969 4366 eorum
3005 4309 3178 4374 obitu,
3237 4308 3328 4378 qui
3361 4322 3428 4362 ex
3467 4309 3569 4364 bac

291 4404 430 4459 λῶν
454 4407 584 4468 τοὺς
607 4406 918 4470 ταπεινοὺς,
941 4406 1303 4478 παρακαλέσῃ
1339 4407 1490 4477 ὑμῶν
1521 4407 1620 4472 τάς
1649 4410 1873 4480 καρδίας

1999 4403 2106 4457 vita
2128 4399 2417 4464 decedunt,
2467 4399 2676 4454 nullum
2710 4399 2929 4454 habebit
2963 4398 3163 4452 locum.
3209 4395 3352 4452 Deus
3384 4405 3566 4451 autem

284 4497 416 4552 καὶ
448 4494 680 4569 στηρίξῃ
706 4498 787 4559 εἰς
829 4497 926 4567 τὴν
952 4496 1145 4550 ἑαυτοῦ
1177 4497 1398 4570 ἀγάπην
1423 4498 1512 4552 διά
1559 4500 1667 4553 τῶν
1693 4503 1897 4572 οἰκτιρ-

280 4586 443 4663 μῶν
480 4586 680 4652 αὐτοῦ,
714 4588 796 4641 ὅτι
840 4587 990 4660 αὐτῷ
1019 4590 1052 4659 ἡ
1085 4587 1209 4654 δόξα
1248 4591 1328 4654 εἰς
1381 4591 1508 4656 τοὺς
1550 4591 1754 4658 αἰῶνας
1791 4593 1897 4648 τῶν

279 4678 561 4738 αἰώνων.
605 4680 661 4732 ’Δ
671 4680 795 4766 μήν.

373 5024 441 5054 "
471 5021 516 5078 ιι
542 5020 670 5080 Cor.
704 5040 800 5095 vtt,
831 5026 916 5082 10.
993 5027 1039 5060 ³ο
1065 5025 1196 5082 an.
1230 5044 1338 5092 xw,
1377 5029 1425 5095 l,
1467 5044 1590 5100 sqq.

2003 4501 2212 4560 noster,
2241 4492 2507 4548 Dominus
2533 4490 2694 4548 Jesus
2722 4490 2996 4555 Christus,
3029 4490 3118 4559 qui
3155 4489 3384 4544 alllictos
3410 4497 3572 4558 atque

2007 4585 2239 4640 humiles
2285 4583 2620 4647 consolatur,
2659 4581 2974 4637 consoletur
2999 4580 3209 4634 animos
3250 4587 3481 4643 vestros,
3520 4586 3574 4631 et

2007 4672 2383 4729 misericordia
2403 4672 2844 4743 benignitatequc
2862 4686 2960 4725 sua
2978 4665 3073 4726 v'os
3091 4669 3156 4723 ad
3175 4684 3233 4723 se
3249 4665 3574 4738 diligendum

2007 4765 2304 4822 inﬂammet
2334 4774 2495 4835 atque
2518 4764 2856 4827 corroboret,
2885 4761 3140 4833 quoniam
3165 4758 3269 4831 ipsi
3293 4765 3375 4815 est
3403 4757 3576 4830 gloria

2005 4858 2062 4911 in
2093 4856 2290 4912 saecula
2319 4855 2662 4912 steculorum.
2690 4853 2882 4908 Amen.
