3930 6210
272 312 373 370 5η

1545 303 1826 358 CONTRA
1869 302 2310 359 MANICIIEOS.

3434 299 3540 355 542

276 449 3488 489 W

1573 617 1800 703 ΤΟΥ
1880 616 2258 703 ΑΥΤΟΥ

901 805 1324 920 ΚΑΤΑ
1405 809 2290 926 ΜΑΝΙΧΑΙΩΝ
2383 799 2914 920 ΛΟΓΟΣ

269 1021 506 1078 Δώδεκα
536 1013 991 1088 συλλογισμῶν,
1025 1013 1118 1069 ὅτι
1152 1014 1222 1070 τὸ
1251 1014 1461 1083 κακὸν,
1492 1015 1760 1091 ςςθᾳρτρν
1916 1015 2212 1091 γεννητὸν
2243 1013 2340 1068 καὶ
2377 1013 2782 1082 ἀνύπαρκτον,
2817 1013 2915 1069 καὶ
2939 1016 2973 1069 ό
3001 1015 3213 1070 τούτου
3245 1015 3313 1070 δὲ
3346 1020 3544 1091 πατέω

1505 1085 1785 1153 διάϐολος
1829 1088 1941 1140 οὐκ
1964 1085 2310 1156 ἀγέννητος.

1853 1203 1930 1216 —

1631 1347 2174 1440 EJUSDEM

775 1563 1359 1687 CONTRA
1513 1559 2389 1679 MANICEIIEOS
2528 1559 3064 1732 ORATIO

277 1802 475 1860 Decem
499 1807 736 1858 constans
773 1795 1116 1872 syllogismis,
1145 1811 1248 1868 qua
1265 1789 1786 1872 probatur,__l{atttm
1819 1787 2157 1872 eorruptibitc
2195 1804 2307 1843 esse
2353 1797 2404 1842 et
2431 1797 2682 1872 creatum
2719 1794 2770 1842 et
2806 1803 2911 1842 non
2952 1782 3264 1854 subsistens,
3324 1788 3543 1860 ejusque

1294 1875 1496 1937 patrem
1528 1860 1799 1916 diabolum
1834 1861 2125 1914 increatum
2154 1875 2257 1914 non
2293 1873 2402 1914 esse
2427 1857 2524 1929 (li.

351 2183 421 2238 Et
438 2199 494 2236 τι
518 2179 587 2236 ἂν
613 2178 783 2236 κακὸν
804 2218 820 2243 ,
854 2174 1141 2231 κολαστέον
1159 2191 1173 2206 ·
1220 2172 1371 2228 οὐδὲν
1405 2171 1463 2227 δέ
1493 2169 1853 2243 κολαζόμενον

2029 2166 2086 2222 Si
2129 2165 2261 2237 quid
2294 2164 2366 2222 sit
2397 2165 2621 2229 malum,
2651 2163 2984 2234 puniendum
3009 2174 3093 2219 est
3134 2181 3148 2217 :
3190 2164 3324 2219 nihil
3361 2173 3540 2220 autem

274 2271 573 2346 ἄφθαρτον.
603 2271 768 2326 Οὐδὲν
800 2269 909 2341 ἄρα
936 2266 1105 2322 κακὸν
1132 2265 1430 2338 ἄφθαρτον.

346 2450 518 2505 Οὐδὲν
550 2447 782 2520 φθαρτὸν
809 2446 1103 2518 ἀγέννητον
1126 2461 1142 2478 ·
1169 2444 1285 2500 ἐστι
1314 2444 1372 2498 δὲ
1396 2442 1458 2497 τὸ
1494 2442 1664 2497 κακὸν
1689 2441 1864 2512 φθαρ-

268 2538 386 2595 τόν.
418 2539 497 2593 To
527 2540 637 2611 ἄρα
665 2537 834 2592 κακὸν
863 2536 963 2590 οὑκ
990 2536 1304 2607 ἀγέννητον.

345 2627 517 2682 οὐδὲν
549 2627 669 2680 κατ’
695 2625 884 2680 οὑσίαν
917 2625 1084 2679 κακόν
1103 2640 1118 2655 ο
1146 2622 1226 2695 τῷ
1250 2622 1312 2676 τὺ
1336 2621 1506 2677 κακὸν
1526 2619 1678 2695 ποιὸν
1703 2616 1859 2675 εἶναι.

267 2717 444 2772 Οὐδὲν
472 2717 530 2770 δὲ
564 2716 714 2771 ποιὸν
740 2715 915 2770 οὐσία.
957 2715 1032 2770 Τὸ
1060 2716 1168 2786 ἄρα
1199 2714 1366 2768 κακὸν
1398 2713 1500 2768 οὑκ
1530 2711 1708 2768 οὐσία.

347 2891 540 2946 Πάντα
561 2889 628 2944 τὰ
650 2887 868 2942 ἐναντία
891 2887 1136 2958 ἀλλήλων
1159 2887 1377 2959 φθαρτά
1393 2904 1406 2919 ο
1427 2886 1498 2941 τὰ
1516 2886 1572 2940 δὲ
1596 2884 1866 2957 ἀγέννητα

270 2983 406 3037 δντα
434 2982 498 3035 οὑ
529 2979 764 3052 φθαρτά.
795 2978 875 3033 Τὰ
911 2978 1018 3050 ἄρα
1052 2978 1272 3033 ἐναντία
1301 2978 1402 3032 οὑκ
1430 2977 1701 3049 ἄφθαρτα.

346 3160 518 3215 οὐδὲν
553 3131 844 3230 ἀγέννητον
875 3159 1129 3230 τρεπτόνο
1181 3157 1443 3229 τρέπεται
1475 3157 1533 3211 δὲ
1569 3157 1628 3212 τὺ
1660 3158 1868 3226 ἀγαθὸν

279 3249 556 3322 κρατηθὲν
578 3249 685 3302 ὑπὸ
702 3248 798 3302 τοῦ
845 3249 1054 3330 κακοῦ.⁸
1076 3249 1150 3302 Τὸ
1189 3249 1299 3321 ἄρα
1333 3247 1534 3318 ἀγαθὸν
1563 3249 1664 3302 οὑκ
1711 3249 1870 3317 ἀγέν-

280 3358 465 3395 πῖον.

303 3357 465 3395 πτον.

309 3383 429 3511 ..Τὸ
457 3429 753 3502 ἀγέννητον
779 3430 880 3483 οὑκ
925 3429 1070 3484 ἔστιν
1105 3430 1389 3502 ὀρεκτικὸν
1442 3431 1648 3504 φθορᾶς
1700 3449 1868 3496 τινος,

1962 2258 2109 2331 quod
2139 2256 2368 2328 punitur
2395 2255 2816 2326 incorruptibile
2845 2262 2950 2311 est.
2983 2253 3127 2308 Nihil
3149 2254 3316 2325 igitur
3339 2255 3541 2310 malum

1969 2360 2055 2409 est
2082 2347 2516 2420 incorruptibile.

2033 2438 2181 2494 Nihil
2213 2436 2572 2507 corruptibile
2592 2443 2677 2492 est
2709 2435 3013 2492 increatnm
3053 2455 3067 2492 :
3099 2437 3301 2491 malum
3359 2444 3541 2492 autem

1963 2539 2048 2589 est
2073 2529 2448 2600 corruptibile.
2479 2526 2622 2598 Ergo
2655 2527 2858 2581 malum
2889 2543 2999 2583 non
3025 2529 3466 2584 est-increatum.

2032 2618 2180 2675 Nihil
2206 2619 2510 2677 secundum
2549 2619 2924 2674 substantiam
2966 2620 3168 2673 malum
3224 2626 3308 2674 est
3349 2638 3362 2673 :
3397 2617 3547 2688 quod

1964 2713 2177 2768 malitia
2204 2712 2277 2768 sit
2309 2712 2569 2782 qualitas.
2605 2709 2764 2765 Nulla
2808 2725 2973 2781 porro
3009 2712 3247 2780 qualitas
3295 2718 3380 2766 est
3412 2710 3548 2767 sub-

1966 2804 2192 2868 stantia,
2231 2803 2435 2857 malum
2469 2801 2636 2872 igitur
2666 2816 2776 2856 non
2806 2809 2892 2856 est
2921 2802 3253 2856 substantia.

2037 2893 2230 2948 Omnia
2261 2891 2538 2947 contraria
2574 2906 2605 2944 a
2669 2907 2727 2947 se
2762 2891 2996 2947 invicem
3056 2901 3489 2963 corrumpuntur
3529 2907 3545 2946 :

1967 2997 2089 3053 qua:
2113 2990 2292 3037 autem
2329 2981 2572 3036 increata
2601 2989 2754 3046 sunt,
2805 2997 2914 3037 non
2961 2991 3090 3038 sunt
3145 2985 3546 3057 corruptibilis.

1967 3072 2109 3142 Ergo
2135 3073 2412 3127 contraria
2443 3086 2549 3124 non
2581 3079 2709 3127 sunt
2738 3071 3194 3140 incorruptibilia.

2039 3162 2182 3216 Nihil
2221 3163 2531 3216 increatum
2562 3161 2901 3214 immutabile
2940 3172 3025 3216 est
3057 3181 3070 3216 :
3123 3163 3325 3216 bonum
3361 3170 3540 3218 autem

1971 3265 2002 3304 a
2032 3251 2175 3304 malo
2202 3258 2525 3320 superatum
2557 3256 2823 3302 mutatur.
2852 3247 3062 3302 Bonum
3107 3249 3273 3320 igitur
3305 3265 3414 3305 non
3457 3259 3544 3307 est

1971 3341 2303 3410 increatum.

2040 3431 2196 3498 Quod
2231 3431 2532 3486 increatum
2565 3437 2669 3495 εει,
2703 3445 2815 3484 non
2847 3437 2933 3486 est
2967 3430 3260 3500 ejusmodi,
3287 3440 3346 3486 ut
3374 3432 3548 3488 inter-

283 3520 404 3576 οὑδέ
426 3537 490 3589 γε
521 3519 820 3592 φθαρτικόν
839 3538 852 3552 ·
883 3520 944 3574 τὸ
968 3521 1024 3574 δέ
1049 3539 1112 3590 γε
1144 3523 1312 3576 κακὸν
1337 3522 1618 3596 ὀρεκτικὸν
1643 3522 1868 3594 φθορᾶς.

1995 3530 2107 3576 tum
2155 3528 2395 3592 appetat,
2434 3529 2528 3575 aut
2574 3521 2858 3576 interitum
2908 3521 3106 3578 afferre
3147 3524 3356 3594 possit:
3397 3526 3548 3594 atqui

287 3609 363 3662 Τδ
387 3609 497 3682 ἄρα
527 3609 696 3664 κακδν
731 3611 834 3665 οὑκ
860 3611 1173 3681 ἀγέννητον.

355 3790 428 3845 Αἱ
460 3790 605 3845 θεῖαι
626 3791 842 3864 Γραφαὶ
895 3793 1018 3856 ταῖς
1062 3791 1319 3846 κολάσεσι
1366 3790 1754 3863 παραδίδοσθαι
1804 3791 1866 3844 οὑ

287 3882 419 3944 τοὺς
481 3881 670 3947 ἄλλους
719 3883 909 3954 μόνους
947 3884 1150 3947 κακοὺς
1169 3924 1185 3950 ,
1225 3883 1361 3937 ἀλλὰ
1419 3883 1514 3937 καὶ
1564 3883 1726 3937 αὑτὸν
1777 3882 1868 3936 τὸν

287 3974 543 4027 διάϐολον
568 3973 812 4043 λέγουσι’
848 3976 958 4029 πᾶν
990 3975 1046 4028 δὲ
1088 3975 1150 4028 τὺ
1196 3975 1412 4029 κολάσει
1446 3974 1868 4046 παραδιδόμενον

286 4067 525 4136 ⁸ιιρεπ-ιόν
545 4083 559 4097 ·
589 4066 737 4120 οὐδὲν
766 4067 822 4120 δὲ
849 4067 1079 4138 τρεπτδν
1100 4065 1596 4139 ἀγέννητον.οὑδὲν
1627 4064 1736 4134 ἄρα
1761 4063 1868 4117 τῶν

289 4155 479 4210 κακῶν
504 4155 822 4227 ἀγέννητον.

360 4247 482 4301 Τῶν
513 4247 582 4302 δι’
611 4249 733 4302 ὅλου
777 4247 1200 4318 ἐναντιουμένων
1224 4286 1240 4311 ,
1285 4247 1434 4301 οὐδὲν
1476 4248 1671 4301 κοινόν.
1706 4246 1868 4300 Ὥστε

291 4341 441 4393 πᾶσι
466 4339 685 4409 ἀνάγκη
723 4338 786 4392 τὸ
833 4338 1081 4412 [ἀγαθὸν]
1138 4338 1390 4409 ὑπάρχει,
1447 4337 1521 4408 μὴ
1566 4336 1625 4390 ὃν
1653 4335 1760 4406 ἄρα
1806 4334 1867 4387 τὸ

281 4425 482 4480 κακόν.

363 4519 481 4581 Πᾶς
507 4518 538 4570 ὁ
571 4517 808 4587 εὐλόγως
844 4516 1167 4589 ὁρεγόμενός
1226 4531 1368 4579 τινος
1408 4514 1869 4585 ἐπιτετευγμένην

279 4607 408 4679 εχει
445 4611 546 4681 τὴν
574 4611 755 4680 ὕρεξιν
777 4649 792 4675 ,
899 4610 1131 4680 εὐλόγως
1161 4609 1411 4682 ὀρέγεται
1436 4622 1448 4635 °
1484 4608 1592 4663 τῶν
1619 4607 1870 4677 φθαρτῶν

273 4701 406 4773 ἄρα
429 4701 575 4756 ἐστὶν
600 4704 635 4774 ἠ
675 4701 840 4756 κακία
859 4719 875 4732 ο
906 4701 1015 4755 τῶν
1062 4701 1316 4772 φθαρτῶν
1345 4695 1478 4754 οὖσα
1504 4697 1871 4770 ἀφανισθήσε-

269 4811 410 4850 ται.
443 4793 835 4866 ’Δφανιζομένη
867 4793 946 4859 δέ,
968 4793 1069 4847 οὑκ
1101 4791 1245 4847 ἔστιν
1272 4790 1587 4862 ἀγέννητος.

381 4964 699 5038 ’Δγέννητον
746 4966 808 5021 τὸ
839 4967 1042 5034 κακὸν,
1075 4966 1218 5020 κατὰ
1267 4964 1427 5036 φύσιν
1459 4964 1609 5036 αὑτῷ
1639 4964 1872 5036 ὑπάρχει

243 5061 354 5116 τὸ
386 5058 558 5112 κακὸν
584 5055 740 5115 εἶναι.
771 5061 958 5124 Οὐδεὶς
980 5059 1038 5114 δὲ
1072 5060 1213 5113 κατὰ
1240 5056 1401 5128 φύσιν
1431 5056 1670 5126 ἐνεργῶν
1697 5057 1878 5128 ἀμαρ-

235 5150 488 5205 τάνει’
536 5148 597 5201 τὸ
655 5149 762 5221 ἄρα
815 5151 1107 5221 ἀγέννητον
1152 5149 1251 5220 οὑχ
1310 5149 1634 5220 ἁμαρτάνει.
1686 5147 1760 5200 Τὸ
1805 5147 1880 5218 μὴ

239 5239 614 5314 ἁμαρτάνον
633 5241 732 5312 οὑχ
759 5242 1008 5296 ὑπαίτιον
1027 5259 1041 5273 ·
1070 5240 1318 5304 ὑπαίτιος
1346 5239 1404 5293 δέ
1432 5239 1737 5303 όΣατανᾶς.
1765 5237 1882 5294 Οὐκ

241 5339 286 5391 ἃ
295 5354 346 5408 ρ
357 5349 404 5386 a.
450 5329 764 5403 ἀγέννητον.

387 5603 449 5672 1)
482 5601 943 5678 Ρηεωεῐιιείιινε
958 5603 1015 5678 S.
1041 5603 1304 5678 Gregorio
1328 5603 1488 5678 Nyss.
1512 5604 1877 5678 abjudicanda

377 5680 588 5749 cntur.
639 5676 1075 5749 quandoquidem
1125 5677 1361 5749 integra
1381 5676 1513 5732 ‘nec
1555 5677 1667 5749 ullo
1696 5678 1876 5749 iverbo

260 5753 519 5805 -ιιιειο
572 5744 631 5800 in
659 5744 822 5802 'libro
872 5744 1079 5803 Didvmi
1109 5744 1282 5806 Alex:
1320 5746 1519 5806 Contra
1554 5745 1875 5804 Manicltazos

1971 3612 2174 3667 malum
2209 3612 2492 3667 interitum
2528 3612 2755 3683 appetit.
2794 3611 2995 3667 Malum
3031 3628 3164 3684 ergo
3196 3630 3306 3670 non
3340 3625 3426 3671 est
3459 3616 3546 3670 in-

1972 3711 2238 3758 creatum.

2047 3791 2339 3863 Suppliciis
2368 3792 2528 3861 plecti
2562 3807 2668 3846 non
2729 3792 2868 3849 alios
2919 3801 3129 3849 tantum
3199 3797 3394 3862 malos,
3452 3797 3549 3853 sed

1973 3881 2154 3952 ipsum
2189 3883 2466 3938 diabolum
2498 3883 2799 3954 Scriptura:
2832 3900 3006 3940 sacrae
3039 3894 3309 3942 testantur
3337 3905 3352 3947 ;
3387 3887 3550 3958 quid-

1974 3973 2105 4044 quid
2149 3982 2330 4029 autem
2368 3974 2639 4045 supplicio
2689 3976 2947 4044 plectitur
2982 3987 3068 4034 est
3115 3978 3550 4041 mutabile;nihil

1974 4077 2142 4132 porro
2171 4063 2436 4118 mutabile
2463 4064 2765 4118 increatum
2793 4072 2898 4119 est.
2926 4064 3073 4118 Nihil
3100 4065 3267 4135 igitur
3294 4081 3360 4120 ex
3389 4065 3548 4121 malis

1975 4152 2275 4207 increatum
2308 4163 2414 4210 est.

2045 4242 2191 4297 Nihil
2224 4257 2515 4296 commune
2540 4249 2624 4298 est
2659 4243 2748 4306 iis,
2791 4259 2913 4314 quae
2959 4243 3180 4313 penitus
3231 4255 3358 4300 sunt
3413 4261 3548 4302 con-

1976 4335 2167 4389 traria.
2211 4333 2396 4402 Itaque
2429 4334 2799 4388 necessarium
2861 4333 3084 4388 omnino
3131 4341 3256 4398 est,
3319 4341 3376 4388 ut
3425 4352 3550 4392 cum

1976 4427 2180 4482 bonum
2209 4427 2460 4488 exsistat,
2497 4424 2549 4478 id
2579 4423 2727 4494 quod
2758 4425 2959 4478 malum
3000 4433 3086 4479 est
3115 4439 3222 4479 non
3260 4428 3512 4481 exsistat.

2047 4517 2372 4589 Quicunque
2404 4532 2527 4573 cum
2561 4518 2776 4572 ratione
2809 4516 3018 4587 appetit
3043 4517 3342 4587 appetitum
3386 4534 3548 4573 suum

1978 4609 2182 4678 expleri
2211 4623 2273 4662 ac
2300 4609 2486 4678 perﬁci
2522 4608 2690 4672 videt,
2723 4616 2994 4678 quatenus
3032 4623 3158 4663 cum
3199 4607 3409 4662 ratione
3452 4623 3550 4678 ap-

1978 4701 2149 4769 petit:
2181 4713 2305 4754 cum
2337 4707 2520 4754 autem
2555 4700 2991 4770 corruptibilium
3018 4701 3258 4770 appetitu
3300 4707 3550 4755 teneatur

1979 4791 2208 4857 malitia,
2249 4792 2541 4849 delebitur.
2576 4790 2633 4847 Si
2669 4801 2852 4848 autem
2885 4792 3151 4858 deleatur,
3180 4808 3290 4846 non
3338 4801 3420 4847 est
3461 4793 3548 4847 in-

1901 4895 1942 4953 c
1978 4893 2181 4939 creata.

2053 4973 2357 5028 lncreatum
2389 4973 2436 5030 si
2471 4974 2541 5028 sit
2585 4973 2788 5028 malum
2838 4973 3138 5028 secundum
3178 4985 3450 5042 naturam,
3482 4991 3550 5032 eo

1978 5065 2097 5135 ipso
2124 5063 2344 5120 exsistit
2377 5065 2524 5134 quod
2556 5065 2759 5119 malum
2808 5072 2914 5120 est.
2947 5064 3112 5135 Atqui
3165 5083 3327 5121 nemo
3351 5082 3548 5122 secun-

1977 5158 2106 5213 dum
2139 5164 2386 5210 naturam
2415 5172 2582 5227 agens
2613 5164 2804 5226 peccat
2837 5157 3022 5227 :quod
3063 5173 3195 5227 ergo
3242 5158 3546 5212 increatum

1976 5258 2092 5314 est,
2123 5263 2232 5302 non
2273 5256 2462 5317 peccat
2489 5270 2500 5301 :
2529 5247 2673 5315 quod
2708 5262 2817 5302 non
2857 5254 3068 5316 peccat,
3109 5262 3215 5300 non
3250 5255 3334 5300 est
3374 5241 3547 5299 obno-

1978 5340 2126 5394 xium
2168 5337 2462 5408 supplicio.
2491 5335 2723 5392 Satanas
2751 5345 2930 5391 antem
2964 5344 3050 5392 est
3080 5336 3348 5407 supplicio
3373 5335 3549 5392 obno-

1981 5430 2130 5484 xius.
2167 5427 2284 5484 Non
2311 5442 2443 5500 ergo
2471 5443 2558 5484 res
2586 5437 2670 5483 est
2701 5427 2961 5482 increata.

1975 5604 2245 5661 contineri
2301 5605 2498 5659 deteri.
2555 5602 2795 5660 Fessus
2855 5600 3034 5658 lnstit.
3095 5601 3245 5657 Patr.
3294 5599 3348 5662 l,
3406 5599 3546 5665 595,

1975 5684 2091 5729 not.
2124 5706 2192 5716 ——
2235 5676 2369 5729 Vide
2430 5674 2757 5747 Patrulogiw
2815 5672 3044 5743 hujusce
3097 5684 3230 5730 tom.
3291 5667 3549 5738 XXXIX,

1974 5746 2078 5804 col.
2121 5747 2255 5804 1087
2286 5748 2348 5803 C.
