3930 6210
458 361 560 416 545

453 507 1570 544 W

487 530 672 542 -σ-

1695 349 1752 404 S.
1780 345 2107 403 ωιεοοιιιι
2136 341 2428 400 NYSSENI

3590 333 3699 386 5H

1571 489 3130 528 Ψ

1356 705 1582 792 ΤΟΥ
1672 703 2049 791 ΑΥΤΟΥ
2154 696 2776 788 ΓΡΗΓΟΡΙΟΥ

1718 907 2118 964 ΕΠΙΣΚΟΠΟΥ
2163 905 2438 962 ΝΥΣΣΗΣ

872 1059 1112 1198 ΕΙΣ
1149 1087 1463 1202 ΤΗΝ
1511 1080 2097 1201 ΕΑΥΤΟΥ
2171 1023 3270 1221 ΧΕΙΡΟἹῘΟΝΙΑΝ.

1371 1508 1921 1600 EJUSDEM
2015 1508 2110 1598 S.
2191 1503 2583 1598 GREGO
2607 1505 2769 1650 ΒΗ

1753 1716 2060 1776 EPISCOPI
2119 1716 2415 1775 NYSSENI

1168 1916 1320 2032 IN
1385 1915 1763 2034 SUAM
1841 1911 2733 2032 ORDINATION
2744 1913 2982 2026 ΕΜ.

1745 2141 1830 2192 Fr.
1853 2141 2026 2192 Ducceo
2052 2133 2330 2199 interprete.

528 2455 608 2510 Ad
635 2470 735 2512 nos
760 2457 923 2512 etiam
951 2457 1252 2528 spiritualis
1280 2459 1587 2516 instruendi
1619 2461 1857 2517 convivii
1889 2477 2010 2517 sors
2063 2468 2108 2524 Α

458 2555 513 2602 et
545 2547 783 2602 officium
839 2547 1151 2604 devolutum
1197 2561 1300 2617 est,
1354 2553 1570 2608 tametsi
1612 2553 1794 2608 idonei
1852 2557 2032 2625 potius

459 2637 652 2702 simus,
710 2645 770 2692 ut
811 2639 1111 2694 alienarunt
1161 2642 1454 2711 participes
1493 2643 1688 2698 fiamus
1739 2645 2030 2708 bonorum,

460 2743 626 2796 quam
660 2738 716 2783 ut
752 2728 853 2798 ipsi
886 2738 1073 2784 nostra
1110 2731 1424 2801 largiamur.
1455 2732 1719 2800 Equidem
1752 2733 1900 2788 omni
1931 2749 2034 2804 ope

459 2829 768 2889 conatuque
808 2821 1087 2884 contendi,
1124 2831 1185 2876 ut
1211 2823 1276 2877 ab
1301 2823 1569 2894 ejusmodi
1603 2825 1905 2896 pendendis
1935 2827 2034 2880 tri-

461 2911 608 2966 butis
639 2917 863 2982 prOpter
894 2927 1069 2966 meam
1107 2913 1161 2967 in
1190 2912 1424 2968 dicendo
1452 2916 1734 2984 penuriam
1773 2917 2033 2972 immunis

460 3016 659 3066 essem,
701 3012 862 3072 prout
887 3003 1051 3058 etiam
1081 3002 1186 3060 fert
1215 3005 1300 3060 lex
1331 3006 1598 3076 quaepiam
1634 3007 2029 3063 conviviorum.

462 3093 554 3149 Sic
600 3096 746 3150 enim
779 3095 961 3165 accepi
1014 3096 1283 3163 homines,
1329 3099 1423 3168 qui
1456 3098 1601 3153 lauta
1642 3106 1698 3154 et
1745 3099 2034 3170 magnifica

459 3184 637 3238 victus
670 3185 876 3238 ratione
898 3192 1146 3251 utuntur,
1178 3201 1302 3240 cum
1329 3188 1712 3242 communibus
1741 3204 2036 3260 compran-

463 3274 685 3330 scribus
719 3276 972 3332 omnibus
1027 3277 1081 3331 in
1116 3277 1304 3332 orbem
1347 3278 1598 3333 convivia
1630 3280 2031 3347 instruxerunt,

463 3367 510 3422 si
545 3367 669 3437 quis
697 3383 764 3422 ex
793 3382 1024 3422 numero
1057 3369 1412 3424 convivarum
1455 3369 1526 3424 sit
1556 3371 1888 3439 angustioris
1920 3370 2035 3426 for-

464 3465 631 3522 tunae,
663 3459 854 3512 solitos
877 3474 1000 3513 eum
1048 3473 1079 3512 a
1117 3461 1393 3516 communi
1428 3463 1670 3532 symbola
1697 3463 2033 3520 conferenda

464 3549 758 3604 immunem
803 3563 1004 3603 mensa:
1033 3549 1241 3604 socium
1273 3567 1378 3606 non
1400 3553 1744 3636 .repudiare;
1770 3549 1846 3610 lt'a
1886 3571 2029 3626 quo-

465 3655 571 3711 que
601 3641 858 3711 Optabam
891 3641 1008 3712 ipse
1037 3641 1293 3698 ditiorum
1325 3644 1500 3714 epulis
1530 3651 1790 3715 tanquam
1819 3661 2037 3702 mensa-

465 3747 586 3788 rum
643 3733 852 3787 assccla
887 3733 1157 3788 adhiberi.
1203 3731 1430 3800 Quando
1482 3743 1662 3790 autem
1718 3736 1950 3794 eximius
1983 3747 2038 3793 et

2206 2457 2375 2514 Ἦλθε
2414 2459 2506 2513 καὶ
2534 2458 2618 2528 ἐφ’
2639 2458 2784 2529 ἡμᾶς
2813 2457 2846 2528 ἠ
2880 2455 2978 2527 τῆς
3000 2458 3374 2527 πνευματικῆς
3412 2455 3708 2520 ἑστιάσεως

2136 2553 2462 2625 λειτουργία,
2485 2551 2735 2622 μετέχειν
2766 2549 2962 2621 μᾶλλον
2997 2548 3217 2618 ἑτέρων,
3259 2547 3289 2617 ἤ
3321 2549 3549 2613 ἑαυτοὺς
3570 2567 3711 2622 παρ-

2139 2645 2282 2717 έχειν
2334 2643 2532 2706 ἄλλοις,
2571 2642 2729 2706 ὄντας
2781 2640 3134 2711 ἐπιτηδείους.
3173 2640 3364 2693 Καίτοι
3411 2657 3477 2709 γε
3537 2641 3711 2709 ἔγωγε

2138 2737 2232 2790 καὶ
2265 2734 2541 2798 παντελῶς
2580 2734 2762 2804 ἠξίουν
2795 2731 2986 2803 ἀτελὴς
3015 2726 3152 2784 εἶναι
3190 2731 3298 2784 τῶν
3336 2733 3596 2786 τοιούτων
3619 2737 3713 2802 qd-

2141 2843 2270 2898 ρων,
2293 2827 2378 2880 διὰ
2402 2825 2499 2896 τὴν
2528 2825 2620 2878 τοῦ
2644 2824 2820 2893 λέγειν
2843 2823 3050 2885 πενίαν,
3068 2822 3207 2875 κατά
3243 2839 3364 2874 τινα
3384 2822 3548 2892 νόμον
3577 2836 3718 2889 συμ-

2139 2917 2378 2972 ποτικόν.
2426 2916 2632 2970 Ἀκούω
2675 2915 2782 2988 γὰρ
2824 2915 2950 2978 τοὺς
2982 2914 3310 2986 ἀκροτέρους
3350 2913 3448 2984 τὴν
3481 2913 3714 2980 δίαιταν,

2141 3009 2269 3064 ὅταν
2298 3011 2362 3063 ὲκ
2407 3007 2652 3078 περιόδου
2704 3005 2782 3076 τῷ
2832 3005 2994 3076 κοινῷ
3038 3005 3293 3074 συσσιτίῳ
3332 3004 3431 3068 τὰς
3481 3005 3717 3075 εὐωχίας

2139 3097 2650 3170 παρασκευάσωσιν,
2675 3096 2826 3160 εἴτις
2854 3097 2918 3149 ὲκ
2954 3093 3047 3148 τοῦ
3070 3095 3370 3163 καταλόγου
3399 3095 3506 3149 τῶν
3531 3096 3717 3149 δαιτυ-

2143 3193 2318 3264 μόνων
2347 3188 2667 3259 πενέστερος
2695 3188 2802 3258 εῐη,
2825 3185 3013 3240 τοῦτον
3032 3187 3215 3256 κοινῆς
3245 3185 3514 3256 συνθήκης
3545 3185 3719 3254 ἀτελῆ

2143 3283 2452 3338 σύνδειπνον
2503 3281 2668 3350 ἔχειν.
2717 3277 2871 3333 Οὕτω
2918 3278 3012 3332 καὶ
3050 3277 3209 3342 αὐτὸς
3249 3277 3547 3350 ὲΰουλόμην
3593 3280 3723 3332 ἐπι-

2143 3375 2308 3437 σίτιος
2336 3368 2471 3426 εἶναι
2496 3371 2595 3440 τῆς
2628 3368 2736 3423 τῶν
2764 3368 3031 3422 πλουσίων
3052 3368 3286 3439 τροφῆς·
3321 3367 3439 3421 ἀλλ’
3469 3369 3657 3440 ἐπειδὴ
3692 3371 3723 3423 ὁ

2143 3464 2310 3528 καλός
2352 3480 2412 3517 τε
2449 3461 2544 3516 κοιλ¹
2591 3461 2840 3522 πλούσιος
2871 3459 3137 3530 ἑστιάτωρ
3187 3452 3341 3520 οὗτος
3381 3458 3501 3510 οὐδὲ
3558 3459 3726 3529 ήμῶν

2143 3556 2397 3625 φείδεται,
2428 3553 2700 3607 διακονεῖν
2744 3551 2801 3605 δὲ
2835 3551 3195 3622 προστάττει,
3221 3550 3330 3620 ἐρῶ
3360 3550 3496 3620 πρὸς
3526 3551 3722 3616 αὐτὸν,

2143 3645 2304 3709 Φίλε,
2331 3641 2565 3712 χρῆσόν
2581 3659 2682 3711 μοι
2706 3639 2824 3695 τῶν
2853 3638 2980 3694 σῶν
3007 3639 3200 3708 ἄρτων
3223 3654 3237 3669 ο
3266 3638 3457 3708 ἄρτους
3487 3638 3546 3691 δὲ
3570 3637 3728 3708 λέγω

2141 3735 2239 3808 τῆν
2275 3735 2362 3788 διὰ
2397 3734 2506 3788 τῶν
2539 3733 2711 3803 εὐχῶν
2752 3731 3089 3803 συμμαχίαν.
3141 3731 3264 3794 Πῶς
3287 3729 3390 3801 γὰρ
3433 3730 3549 3782 ἔστι
3600 3733 3728 3796 τοῖς

467 3822 758 3892 opulentus
793 3822 880 3877 hic
909 3823 1146 3878 convivii
1195 3823 1451 3879 dominus
1502 3839 1571 3880 ne
1624 3825 1784 3882 nobis
1815 3825 2034 3896 quidem

2139 3823 2530 3892 πνευματικοῖς
2554 3821 2764 3884 τούτοις
2788 3821 2998 3890 κηρίοις
3028 3819 3124 3890 τὴν
3153 3819 3316 3891 ἀκοὴν
3345 3818 3490 3888 ὑμῶν
3519 3819 3726 3891 ἐντρυ-

467 3915 582 3968 vult
609 3929 854 3985 parcere,
887 3913 982 3968 sed
1007 3921 1060 3968 et
1095 3913 1406 3968 ministrare
1433 3930 1534 3970 nos
1559 3915 1748 3984 jubet:
1781 3917 1862 3972 sic
1884 3931 2039 3987 agam

467 4016 591 4055 cum
623 4001 737 4066 illo,
767 4001 971 4063 Amice.
1007 3999 1283 4054 commoda
1320 4000 1449 4054 mihi
1485 4003 1686 4072 aliquot
1713 4019 1778 4057 ex
1808 4003 2032 4071 panibus

471 4093 576 4146 tuis
603 4092 670 4157 '°,
713 4106 879 4162 panes
909 4099 1087 4147 autem
1146 4092 1377 4164 appello,
1411 4093 1554 4164 quod
1587 4093 1840 4164 precibus
1871 4094 2042 4150 fertur

472 4184 754 4240 auxilium.
795 4183 936 4249 Quid
983 4183 1127 4238 enim
1176 4185 1370 4239 attinet
1417 4200 1578 4242 aures
1627 4193 1862 4249 vestras,
1917 4200 2038 4257 qua:

469 4274 844 4346 spiritualibus
902 4273 1024 4329 istis
1071 4273 1209 4330 favis
1265 4289 1388 4329 sese
1435 4275 1800 4340 oblectarunt,
1849 4277 2037 4347 jejuna

470 4379 751 4435 egenaque
781 4365 1030 4434 excipere
1053 4366 1336 4421 oratione?
1368 4366 1445 4420 Ac
1486 4365 1722 4424 fortasse
1753 4369 1948 4423 melius
1979 4384 2039 4424 se

470 4456 686 4524 habeat,
727 4457 772 4512 si
802 4456 1257 4527 quemadmodum
1289 4457 1344 4512 in
1366 4459 1633 4529 gymnicis
1649 4461 2041 4516 certaminibus

472 4551 690 4606 illorum
738 4556 823 4606 est
871 4550 1132 4614 stadium,
1181 4551 1273 4621 qui
1307 4551 1515 4607 viribus
1545 4552 1792 4622 corporis
1838 4553 1894 4608 in
1935 4553 2042 4608 illis

470 4643 671 4707 valent,
712 4641 892 4697 caeteri
924 4655 1052 4695 vero
1079 4639 1474 4696 decertantium
1513 4641 1647 4697 fiunt
1679 4644 2041 4714 spectatores:

471 4735 546 4788 ita
592 4732 649 4787 in
691 4732 795 4786 hoc
826 4730 1111 4801 spirituale
1150 4731 1390 4786 stadium
1444 4732 1522 4787 illi
1556 4733 1680 4798 soli,
1712 4735 1806 4805 qui
1839 4737 2043 4788 virtute

473 4829 789 4877 sanctorum
846 4834 910 4874 ac
956 4820 1153 4876 robore
1206 4821 1431 4890 pollent,
1493 4823 1757 4879 adversus
1808 4823 2042 4878 athletas

471 4912 736 4979 prodeant
774 4928 788 4965 :
842 4911 888 4966 si
922 4910 1047 4981 quis
1083 4918 1264 4966 autem
1297 4910 1368 4965 sit
1395 4926 1462 4966 ex
1496 4911 1586 4974 iis,
1632 4927 1863 4982 quorum
1899 4928 2042 4968 unus

471 5014 573 5071 ego
610 5015 752 5066 sum,
806 5002 894 5056 cui
946 5002 1068 5056 cani
1101 5001 1212 5056 sint
1259 5001 1462 5069 crines,
1520 5002 1708 5058 fractae
1750 5011 1930 5058 autem
1973 5005 2043 5058 ob

471 5097 684 5147 aetatem
711 5091 876 5156 vires,
915 5092 1146 5148 tremula
1175 5091 1341 5148 etiam
1365 5101 1420 5148 et
1445 5093 1693 5148 nonnihil
1723 5094 2042 5151 claudicans

2143 3915 2412 3983 φὴσασαν,
2432 3911 2670 3985 πενιχρῷ
2698 3912 2790 3966 καὶ
2811 3910 3142 3981 πτωχεύοντι
3163 3910 3511 3976 δεξιώσασθαι
3532 3910 3691 3982 λόγῳ
3709 3928 3727 3975 ;

2141 4005 2250 4059 Καὶ
2280 4006 2422 4075 τάχα
2459 4003 2639 4066 καλῶς
2675 3996 2840 4072 εἶχεν,
2865 4001 3136 4073 ἶν’ῶσπερ
3170 4001 3261 4054 ἐπὶ
3298 3999 3405 4053 τῶν
3435 4001 3729 4067 γυμνικῶν

2140 4094 2393 4164 ἀγώνων·
2420 4094 2594 4166 μόνων
2629 4091 2736 4164 γὰρ
2767 4092 2874 4146 τῶν
2907 4092 3194 4162 ἰσχυόντων
3235 4091 3293 4146 ὲν
3332 4090 3558 4155 ἐκείνοις
3599 4091 3727 4146 ἐστὶ

2142 4186 2204 4240 τὸ
2239 4185 2468 4250 στάδιον,
2501 4184 2550 4239 οἱ
2577 4183 2634 4237 δὲ
2657 4185 2832 4238 λοιποὶ
2881 4183 3069 4238 θεαταὶ
3097 4184 3333 4252 γίνονται
3366 4183 3477 4238 τῶν
3518 4183 3729 4252 ἀγωνι-

2141 4277 2382 4349 ζομένων
2401 4294 2415 4309 ο
2449 4275 2593 4331 οὕτω
2617 4277 2710 4331 καὶ
2737 4278 2815 4340 είς
2839 4275 2899 4328 τὸ
2920 4275 3286 4347 πνευματικὸν
3317 4275 3478 4329 τοῦτο
3506 4276 3728 4330 στάδιον

2145 4370 2336 4440 μόνους
2350 4369 2474 4431 τοὺς
2493 4366 2831 4437 σφριγῶντας
2850 4367 2908 4420 ὲν
2924 4368 2989 4437 τῇ
3014 4365 3238 4435 δυνάμει
3259 4365 3366 4418 τῶν
3391 4367 3565 4434 ἁγίων
3584 4370 3730 4439 πρὸς

2141 4461 2265 4522 τοὺς
2311 4457 2611 4526 ἀγωνιστὰς
2653 4455 2978 4519 ἀποδύεσθαι
3007 4471 3022 4486 ·
3055 4457 3104 4508 εί
3137 4455 3194 4508 δέ
3235 4473 3320 4520 τις
3356 4456 3441 4528 εἴη
3474 4456 3586 4508 τῶν
3613 4453 3730 4520 οἷος

2141 4542 2334 4618 ὲγὼ,ᾦ
2364 4549 2525 4602 πολιά
2561 4549 2657 4620 μὲν
2688 4549 2721 4619 ἡ
2749 4545 2890 4617 θρὶξ,
2909 4546 3092 4618 νωθρὰ
3113 4546 3169 4600 δὲ
3203 4547 3306 4600 ὑπὸ
3331 4546 3424 4600 τοῦ
3453 4547 3655 4617 χρόνου
3689 4549 3722 4614 ὴ

2141 4641 2367 4712 δύναμις
2387 4682 2402 4705 ,
2427 4640 2731 4710 ὑπότρομος
2761 4639 2817 4692 δὲ
2863 4637 2958 4692 καὶ
2990 4637 3314 4702 ὑποσκάζων
3341 4639 3368 4690 ὁ
3395 4638 3575 4706 λόγος,
3607 4639 3730 4692 τοῦ-

2140 4749 2231 4786 τον
2255 4733 2348 4804 ὲᾷν
2379 4732 2491 4795 τοῖς
2517 4730 2701 4802 ἱδρῶσι
2735 4730 2843 4784 τῶν
2883 4728 3200 4798 ἀγωνιστῶν
3236 4729 3724 4806 ἐπευφραίνεσθαι.

2142 4817 2256 4872 Οὐκ
2287 4812 2380 4872 οὖν
2412 4816 2738 4889 μηκύνωμεν
2769 4817 2917 4887 ὑμῖν,
2943 4815 3181 4885 ἀδελφοὶ,
3211 4817 3273 4870 τὸ
3308 4817 3620 4889 προοίμιον,
3640 4820 3724 4870 Ev-

2141 4910 2523 4982 ασχολούμενοι
2564 4909 2644 4980 τῷ
2687 4909 2922 4978 θαύματι
2969 4909 3079 4962 τῶν
3128 4909 3527 4980 προλαϐόντων.
3585 4909 3717 4976 Ἤδη

2143 4998 2528 5071 κεκορεσμένοι
2557 4997 2699 5065 ἐστὲ,
2731 4998 2830 5069 ἤδη
2859 4997 3224 5069 ἐπλουτήσατε
3249 5016 3262 5029 ·
3291 4999 3320 5050 ό
3342 4998 3395 5052 δὲ
3423 4999 3593 5070 κόρος
3619 4998 3720 5052 ἀπὸ

2142 5085 2539 5157 γλυκασμάτων
2569 5085 2714 5139 ἐστίν
2751 5101 2763 5114 ·
2793 5084 3000 5149 τούτοις
3029 5085 3138 5157 γὰρ
3173 5087 3318 5157 ὑμᾶς
3355 5089 3384 5141 ό
3432 5087 3720 5159 προλαϐὼν

473 5181 670 5246 oratio,
701 5182 830 5238 huic
846 5185 1213 5255 permittatur,
1233 5191 1291 5239 ut
1311 5199 1368 5240 se
1395 5186 1719 5240 athletarum
1739 5187 2039 5241 contentio-

2143 5178 2297 5246 λόγος
2327 5178 2626 5250 ὲτιθήνατο.
2653 5178 2803 5249 Τάχα
2833 5173 2926 5231 οὖν
2964 5178 3234 5250 ἄχρηστον
3269 5180 3428 5251 κόρον
3458 5179 3718 5234 ὲπέὁαλλε

475 5277 638 5332 nibus
663 5278 972 5346 spectandis
1000 5277 1250 5334 oblectet.
1289 5277 1366 5335 Ne
1392 5279 1557 5350 igitur
1601 5278 1816 5349 longius
1861 5277 2038 5341 vobis,

475 5367 692 5430 fratres,
748 5369 1019 5424 sermonis
1073 5368 1358 5424 exordium
1429 5370 1850 5440 protrahamus,
1915 5384 2040 5423 cum

475 5459 719 5514 mirificis
747 5474 935 5514 eorum
966 5461 1058 5530 qui
1093 5472 1218 5518 ante
1266 5479 1365 5518 nos
1394 5462 1653 5518 dixerunt
1699 5459 2040 5517 orationibus

474 5563 694 5618 operam
725 5549 1010 5610 dederitis;
1059 5550 1178 5608 Jam
1225 5555 1456 5611 saturati
1493 5553 1660 5617 estis,
1695 5551 1809 5622 jam
1843 5550 2042 5607 divites

476 5639 602 5697 facti
633 5643 796 5711 estis;
828 5660 858 5698 a
886 5645 1050 5703 rebus
1079 5648 1280 5720 quippe
1311 5649 1566 5707 dulcibus
1605 5647 1829 5704 satietas
1859 5645 2038 5718 gigni-

549 5812 594 5844 “
659 5812 792 5869 Luc.
823 5830 898 5884 χι,
931 5816 982 5871 5.

2149 5272 2294 5343 κόρῳ
2315 5270 2497 5324 ἐπάνω
2518 5268 2625 5324 τῶν
2650 5269 2861 5341 χρυσῶν
2890 5269 3081 5338 λόγων,
3114 5264 3224 5324 οἷόν
3251 5287 3360 5324 τισι
3389 5271 3722 5341 μολυόδένοις

2151 5362 2442 5434 νομίσμασι
2472 5361 2571 5431 τὴν
2606 5363 2824 5432 μνήμην
2852 5360 3266 5432 ὲπιφορτίζοντα
3285 5378 3296 5390 ·
3321 5363 3463 5443 πλῆν
3487 5364 3566 5416 ὅτι
3592 5378 3725 5413 συν-

2150 5453 2293 5508 τελεῖ
2324 5453 2582 5517 πολλάκις
2617 5455 2695 5516 είς
2734 5453 3050 5524 συνέργειαν
3072 5451 3298 5517 κάλλους
3332 5453 3428 5506 καὶ
3469 5455 3501 5524 ἠ
3529 5452 3734 5522 χείρων

2107 5577 2111 5580 -
2153 5545 2251 5616 ὕλη
2283 5545 2677 5616 καταμιχθεῖσα
2714 5545 2779 5614 τῇ
2827 5542 3123 5614 κρείττονι,
3159 5543 3322 5611 ἐγγὺς
3365 5545 3399 5615 ὴ
3434 5540 3733 5606 ἀπόδειξις.

2163 5640 2324 5712 Ὁρᾷς
2365 5638 2454 5692 τὸν
2499 5637 2638 5708 ὑπὲρ
2680 5633 2920 5706 κεφαλῆς
2962 5631 3148 5688 τοῦτον
3185 5632 3412 5705 ὄροφον,
3439 5633 3515 5698 ὡς
3558 5631 3742 5698 καλὸς
