3930 6210
231 244 331 306 565

1432 247 1496 303 IN
1538 244 1725 305 SUAM
1782 248 2297 309 ΟΠΠΙΝΑΤΙΟΝΕΜ

3387 256 3490 318 656

232 366 376 429 my,
401 361 482 427 ὥς
503 357 781 432 γλαφυρὸς
809 359 929 424 ταῖς
951 358 1182 427 γλυφαῖς
1213 358 1437 414 ἐπανθεῖ
1459 360 1520 414 τὸ
1547 360 1768 431 χρυσίον
1793 378 1809 429 ;

1915 371 2036 419 tur:
2071 366 2270 435 quibus
2305 365 2564 422 nimirum
2586 381 2684 426 vos
2706 343 2923 429 abunde
2947 375 3261 445 pracedens
3282 386 3489 437 tracta-

227 450 395 518 Οὗτος
431 455 659 526 χρύσεος
682 449 760 504 ὣν
782 450 903 515 ὅλος
931 449 1030 523 τὴν
1079 451 1419 520 ἐπιφάνειαν,
1447 450 1666 517 κύκλοις
1696 453 1807 507 τισὶ

228 546 584 613 πολυγωνίοις
620 542 798 613 κυανῷ
846 541 1298 615 διακεχρισμένος
1344 541 1808 613 ὑπκεχάρακται.
1847 544 1851 548 ’

222 640 286 693 Τί
317 634 419 692 οὖν
446 634 686 707 βούλεται
713 635 792 706 τῷ
816 635 1033 708 τεχνίτῃ
1063 636 1096 706 ἡ
1129 634 1354 701 κυανός;
1396 632 1485 697 Ὠς
1510 633 1596 697 ἂν,
1627 626 1811 705 οἴμαι,

220 729 304 803 τῷ
336 723 729 783 ’ἐναλλάσσοντι
776 726 876 792 τὰς
900 727 1072 799 χρόας
1101 726 1751 799 ἀντιπαραθεωρούμενος
1780 726 1810 780 6

219 821 425 892 χρυσὸς
452 820 616 874 πλέον
648 819 938 890 ὲκλάμποι.
967 812 1032 872 El
1061 814 1156 874 οὖν
1182 820 1215 891 ὴ
1247 818 1442 881 κυανὸς
1480 818 1811 889 ἐμμιχθείσα

222 913 304 983 τῷ
330 911 515 983 χρυσῷ
544 910 1040 983 περικαλλεστέραν
1069 911 1169 980 τὴν
1205 909 1381 982 αὐγὴν
1409 909 1808 975 ἀποδείκνυσιν,

223 1006 325 1058 οὐκ
350 1005 578 1075 ἄκαιρον
623 1003 754 1066 ἴσως
785 1003 850 1073 τῇ
896 999 1202 1071 λαμπηδόνι
1236 998 1347 1054 τῶν
1388 998 1811 1071 προρρηθέντων

224 1093 398 1162 λόγων
440 1093 536 1145 xui.
593 1091 694 1161 τὴν
744 1089 1022 1160 ἡμετέραν
1067 1088 1500 1161 παραγραφῆναι
1549 1087 1806 1157 μελάνην.

229 1185 352 1239 Ἔτι
402 1184 529 1257 ὑμῖν
579 1183 640 1236 ὲν
686 1180 990 1253 προοιμίοις
1038 1178 1452 1252 ἀδολεσχοῖῳεν,
1489 1176 1604 1233 ἀλλ’
1645 1177 1809 1233 ἀκού-

229 1292 381 1330 σατε.

1915 460 2005 509 tus
2021 454 2304 511 enutrivit.
2329 456 2516 526 ltaque
2535 456 2648 529 jam
2675 460 2809 516 nihil
2835 463 2993 519 aliud
3008 466 3245 525 fortasse
3270 480 3482 543 agetur,

1916 559 2080 615 quam
2110 553 2172 601 ut
2206 547 2435 603 satietas
2452 548 2699 606 satietati
2730 552 3041 623 adjiciatur,
3075 572 3139 613 ac
3164 562 3331 616 veluti
3362 571 3489 633 post

1916 649 2111 691 aureos
2142 653 2424 696 sermones
2449 647 2772 698 memoriam
2816 656 3051 703 vestram
3080 652 3349 721 plumbeis
3382 670 3487 709 nu-

1914 727 2260 785 mismatibus
2316 745 2644 803 oneremus;
2705 734 2811 791 nisi
2849 736 3007 804 forte,
3042 743 3297 810 quoniam
3338 761 3484 815 szepe

1915 819 2167 874 nonnihil
2197 820 2262 876 ad
2307 822 2709 881 conciliandam
2767 829 3227 899 pulchritudinem
3271 835 3486 892 confert

1916 911 2079 965 etiam
2109 913 2339 968 materia
2378 914 2616 971 deterior
2646 918 2877 977 admista
2909 922 3155 988 meliori,
3210 926 3368 996 cujus
3403 928 3483 984 rei

1917 1000 2313 1057 demonstratio
2365 1020 2472 1059 non
2524 1006 2684 1080 longe
2718 1012 2826 1081 peti
2887 1021 3085 1084 potest.
3135 1013 3297 1074 Vides
3342 1018 3486 1074 hanc

1913 1091 2467 1158 concamerationem,
2493 1112 2615 1166 qum
2646 1099 2921 1169 capitibus
2951 1104 3159 1160 nostris
3193 1106 3487 1162 imminet?

1913 1191 2075 1247 quam
2125 1179 2351 1248 pulchra
2410 1182 2482 1238 sit
2510 1184 2794 1256 adspectu,
2848 1204 3011 1259 quam
3068 1191 3272 1247 allahre
3325 1192 3485 1251 factis

1913 1269 2207 1339 sculpturis
2238 1286 2431 1329 aurum
2455 1276 2923 1349 intersplendeat?
2945 1280 3072 1338 Haec
3098 1298 3222 1339 cum
3257 1292 3367 1340 tota
3401 1286 3482 1341 vi-

227 1369 425 1423 deatur
447 1382 638 1431 aurea,
689 1364 918 1421 circulis
947 1363 1275 1436 quibusdam
1305 1363 1956 1435 multorum-angulorum
1988 1367 2237 1423 caeruleis
2306 1370 2448 1439 picta
2512 1370 2885 1444 distinguitur.
2960 1376 3245 1443 Quodnam
3319 1380 3484 1451 igitur

227 1461 328 1515 fuit
378 1460 672 1516 consilium
726 1459 979 1523 artificis,
1029 1458 1159 1513 dum
1211 1456 1505 1513 caruleum
1561 1456 1800 1513 colorem
1843 1455 2444 1528 adjecit?utefilceret,
2473 1465 2688 1534 opinor,
2734 1466 2862 1521 dum
2911 1469 3126 1525 colores
3176 1471 3481 1537 variantur,

226 1558 287 1604 ut
330 1565 527 1606 aurum
570 1549 729 1604 alteri
772 1549 1032 1605 collatum
1083 1548 1355 1605 illustrius
1393 1546 1692 1618 effulgeret.
1742 1544 1801 1601 Si
1839 1561 1975 1617 ergo
2000 1548 2154 1604 color
2177 1551 2443 1607 caaruleus
2496 1553 2770 1611 immistus
2800 1571 2936 1613 auro
2996 1559 3168 1614 efficit
3228 1569 3286 1615 ut
3314 1561 3485 1618 multo

225 1642 509 1713 pulchrior
535 1641 653 1712 ejus
677 1622 941 1712 splendor
962 1639 1200 1705 emicet,
1242 1652 1351 1693 non
1399 1634 1833 1703 incommodum,
1866 1636 2085 1706 opinor,
2134 1635 2337 1705 fuerit,
2368 1640 2416 1695 si
2459 1640 2574 1711 jam
2622 1646 3099 1718 pronuntiatorum
3168 1664 3483 1708 sermonum

229 1737 433 1808 {uigori
491 1744 796 1791 nostrorum
857 1734 1011 1790 color
1076 1733 1167 1790 hic
1226 1732 1382 1805 niger
1446 1731 1803 1805 appingatur.
1842 1729 2037 1787 Adhuc
2077 1733 2360 1803 prooemiis
2398 1736 2602 1807 garruli
2654 1753 2752 1795 vos
2825 1739 3161 1809 detinemus,
3224 1745 3321 1800 sed
3389 1758 3490 1800 au-

226 1828 370 1883 dite.

317 1915 522 1969 Ἃκούω
561 1914 800 1971 Μωῦσέα
829 1914 923 1969 τὸν
959 1914 1132 1986 μέγαν
1156 1952 1171 1977 ,
1202 1913 1289 1967 ὅτε
1333 1910 1432 1983 τὴν
1466 1912 1669 1983 σκηνὴν
1699 1911 1811 1974 τοῖς

1982 1907 2235 1980 Magnum
2272 1908 2422 1964 illum
2464 1908 2705 1983 Moysem
2745 1911 2933 1980 audio,
2968 1928 3078 1985 quo
3122 1922 3367 1988 tempore
3400 1923 3488 1972 ta-

238 2007 601 2079 Ἷσραηλίταις
630 2008 922 2078 ἐπήγνυτο,
954 2006 1050 2058 καὶ
1088 2003 1183 2057 τὸν
1212 2000 1475 2073 Βεζελεὴλ
1503 2002 1731 2065 ὲκείνον,
1749 1998 1808 2064 ὃς

225 2099 512 2163 Πνεύματι
538 2095 669 2166 θείῳ
699 2097 797 2168 τὴν
824 2094 1018 2163 σοφίαν
1047 2092 1204 2164 ἔσχεν
1233 2095 1332 2165 τῆς
1362 2090 1809 2162 ἀρχιτεκτονικῆς

220 2180 635 2250 αὐτοδίδακτον,
659 2189 808 2258 κοινῇ
860 2183 1143 2257 προθεῖναι
1170 2184 1270 2257 τὴν
1298 2181 1609 2254 φιλοτιμίαν
1644 2180 1810 2234 πλου-

191 2281 365 2351 βίοις
392 2278 489 2333 καὶ
509 2279 731 2350 πένησι,
751 2279 859 2333 τῶν
883 2278 981 2350 μὲν
1016 2275 1282 2331 πλουσίων
1306 2275 1525 2347 χρυσὸν,
1552 2273 1648 2330 καὶ
1674 2290 1809 2345 πορ-

221 2371 405 2444 φύραν
444 2371 695 2434 καὶτοὺς
741 2370 956 2442 τιμίους
992 2370 1101 2424 τῶν
1137 2369 1301 2423 λίθων
1333 2366 1677 2436 ἐκλέγοντας,
1700 2364 1810 2418 τῶν

218 2462 279 2516 δὲ
337 2461 591 2531 πενήτων
625 2457 758 2525 ξύλα
808 2460 904 2514 καὶ
939 2459 1184 2532 δέρματα
1216 2458 1311 2512 καὶ
1348 2456 1447 2519 τὰς
1496 2457 1607 2509 τῶν
1636 2456 1808 2525 αίγῶν

217 2553 418 2625 τρίχας
464 2551 568 2604 ούκ
620 2549 1041 2614 ἀποϐάλλοντας.
1101 2548 1240 2603 Ἀλλ’
1287 2548 1387 2602 οὒκ
1436 2549 1663 2618 ἄκαιρος
1709 2547 1811 2616 τῆς

216 2644 469 2716 ίστορίας
500 2644 631 2706 τσως
657 2645 691 2714 ἡ
745 2643 933 2715 μνήμη
960 2657 974 2670 ·
1006 2640 1034 2694 ὃ
1054 2641 1162 2712 γάρ
1191 2656 1292 2711 μου
1330 2639 1431 2710 τὴν
1459 2637 1685 2710 καρδίαν
1707 2637 1808 2689 ἑπ-

213 2736 430 2809 έδραμε
469 2735 684 2806 νόημα,
711 2732 970 2804 βούλομαι
991 2732 1086 2786 καί⁵
1122 2729 1199 2802 τῷ
1235 2728 1398 2801 κοινῷ
1445 2726 1807 2801 παραθέσθαι.

214 2829 510 2901 Πνεύματι
539 2826 668 2897 θείῳ
688 2828 718 2880 6
735 2822 1001 2896 Βεζελεὴλ
1040 2819 1202 2892 σοφὸς
1226 2820 1284 2889 es
1319 2818 1528 2874 ίδιώτου
1558 2819 1773 2887 ἐγένετο
1791 2832 1809 2849 ’

214 2925 361 2981 οὕτω
388 2925 503 2996 γὰρ
532 2924 566 2994 ἡ
604 2920 815 2993 ἱστορία
846 2920 1029 2990 φησίν.
1079 2916 1348 2971 Ἀκουέτω
1376 2915 1554 2969 τοίνυν
1590 2914 1620 2966 6
1646 2929 1809 2966 πνευ-

220 3018 565 3092 ματομάχος·
591 3016 622 3069 6
648 3012 791 3067 θεῖον
829 3011 998 3065 είπὼν
1028 3009 1090 3063 τὸ
1120 3006 1344 3080 Πνεῦμα
1373 3007 1436 3060 τὸ
1471 3006 1647 3075 ἅγιον,
1673 2996 1734 3058 οὗ
1772 3004 1806 3075 ή

217 3111 479 3172 ὲπίϐασις
502 3102 616 3161 οἷόν
641 3122 695 3159 τι
724 3104 869 3176 ῐχνος
889 3103 989 3173 τὴν
1025 3102 1125 3172 τῆς
1152 3099 1346 3169 σοφίας
1379 3098 1537 3170 χάριν
1562 3098 1629 3167 τῇ
1664 3094 1808 3167 ψυχῇ

221 3200 655 3273 ὶνσημαίνεται,
692 3195 800 3269 ἆρα
844 3192 1163 3264 καθυϐρίζει
1195 3194 1263 3264 τῇ
1306 3189 1402 3273 τοῦ
1448 3188 1595 3242 θείου
1644 3203 1812 3258 προσ-

222 3271 425 3365 ηγορίᾳ
451 3290 556 3360 τὴν
598 3287 754 3354 ἀξίαν
803 3284 901 3340 τοῦ
951 3283 1271 3352 Πνεύματος
1302 3271 1491 3351 ;⁷Δρα
1522 3279 1716 3351 μικρόν
1757 3295 1811 3330 τι

225 3385 319 3439 καὶ
342 3380 608 3438 ταπεινὸν
632 3379 759 3450 περὶ
786 3376 952 3431 αὐτοῦ
981 3377 1121 3431 νοεῖν
1147 3370 1457 3428 ὑποτίθεται
1479 3388 1495 3439 ;
1525 3369 1592 3423 Τί
1622 3370 1730 3423 τῶν
1756 3370 1814 3421 ὲν

224 3478 293 3547 τῇ
330 3475 513 3528 κτίσει
662 3470 887 3542 ὀνόματι
938 3466 1114 3539 τούτῳ
1157 3464 1508 3538 σημαίνεται;
1547 3461 1640 3532 Μὴ
1692 3459 1815 3514 ἐπί-

226 3584 427 3638 κτητον
480 3564 655 3619 οίεται
689 3562 771 3633 τῷ
832 3558 1109 3630 Πνεύματι
1147 3559 1245 3628 τὴν
1283 3556 1513 3628 θεότητα
1549 3571 1564 3621 ;
1598 3553 1690 3624 Μὴ
1738 3552 1815 3606 δι-

229 3658 401 3729 πλόην
422 3655 547 3711 τινὰ
566 3657 660 3709 καὶ
686 3652 936 3708 σύνθεσιν
959 3651 1087 3722 περὶ
1109 3649 1169 3703 τὸ
1192 3647 1394 3707 ἁπλοῦν
1412 3644 1505 3699 καὶ
1525 3642 1814 3698 ἀσύνθετον

232 3749 439 3811 ἐννοεῖς
465 3746 606 3816 τάχα
631 3747 730 3799 ούκ
768 3745 883 3798 ἔστι
909 3746 1030 3808 ταῖς
1059 3740 1333 3803 τοιαύταις
1367 3736 1645 3799 ὑπονοίαις
1684 3750 1813 3788 συν-

233 3839 547 3910 ενεχθῆναι.
586 3837 718 3890 Ἀλλ’
751 3836 1005 3905 ὁμολογεῖ
1032 3823 1249 3896 πάντως
1279 3830 1422 3884 θεῖον
1456 3829 1516 3883 δν
1545 3827 1606 3881 τὸ
1635 3824 1811 3879 Πνεῦ-

228 3947 313 4002 μα
354 3932 426 3999 τῇ
476 3925 634 3997 φύσει
674 3927 908 3981 τοιοῦτόν
932 3943 992 3979 τε
1024 3920 1164 3981 εἶναι
1216 3922 1311 3977 καὶ
1337 3920 1616 3990 λέγεσθαι.
1649 3918 1816 3990 Ὁρᾷς

220 4021 305 4083 ὼς
334 4017 659 4088 αὐτομάτως
698 4014 1099 4072 ὲκκαλύπτεταί
1141 4029 1223 4066 σοι
1253 4013 1287 4084 ἡ
1316 4010 1578 4090 amem;
1612 4007 1815 4071 πολλὰς

218 4114 336 4185 γὰρ
368 4111 523 4177 θείας
555 4112 745 4181 φύσεις
781 4111 843 4165 τὸ
872 4110 983 4164 τῶν
1026 4106 1370 4179 Χριστιανῶν
1393 4105 1491 4159 οὐκ
1529 4103 1816 4157 ἐπίσταται

222 4207 496 4277 κήρυγμα
541 4216 557 4230 ⁸
592 4202 719 4256 ἐπεὶ
764 4202 981 4272 ἀνάγκη
1034 4200 1183 4253 πᾶσα
1239 4197 1332 4251 καὶ
1380 4192 1606 4257 πολλοὺς
1660 4191 1817 4254 θεοὺς

210 4294 687 4351 ἀναπλάττεσθαι.
713 4294 788 4346 Ού
820 4293 928 4365 γάρ
967 4294 1085 4346 ἐστι
1113 4289 1336 4346 δυνατὸν
1366 4286 1593 4349 πολλοὺς
1620 4282 1818 4354 νοηθῆ-

206 4404 317 4442 ναι
337 4388 515 4449 θεοὺς.
547 4385 624 4457 μή
646 4384 745 4456 τῆς
772 4384 914 4438 κατὰ
938 4383 1098 4453 φύσιν
1119 4382 1435 4453 ἑτερότητος
1462 4377 1523 4432 τὸ
1547 4375 1655 4430 τῶν
1679 4374 1817 4430 θεῶν

198 4480 432 4551 πλῆθος
459 4477 908 4549 διαγγελλούσης.
936 4479 1000 4532 Et
1024 4472 1117 4531 οὖν
1144 4476 1242 4548 μία
1271 4473 1423 4549 παρά
1457 4471 1675 4527 πάντων
1696 4468 1816 4523 θεία

1838 3246 1882 3305 G

1913 2000 2267 2056 bernaculum
2290 1999 2552 2059 lsraelitis
2573 2003 2836 2076 erigebat,
2866 2021 2930 2061 ac
2953 2006 3283 2064 Bezeleelem
3307 2011 3483 2077 illum,

1908 2089 2002 2162 qui
2021 2090 2208 2146 divino
2226 2088 2432 2161 Spiritu
2455 2102 2666 2163 partam
2690 2096 3015 2164 sapientiam
3036 2098 3482 2157 architectonica:

1908 2194 2020 2236 non
2055 2182 2123 2237 ab
2168 2183 2276 2238 alio
2325 2183 2552 2241 edoctus
2594 2186 2690 2240 sed
2738 2202 2769 2242 a
2813 2202 2872 2242 se
2907 2187 3162 2256 habebat,
3209 2192 3486 2248 communi

1910 2273 2144 2344 quadam
2175 2275 2524 2331 aemulatione
2551 2276 2748 2332 divites
2779 2278 2941 2332 simul
2969 2293 3031 2333 ac
3059 2294 3326 2351 pauperes
3359 2296 3487 2353 pro-

1909 2366 2092 2421 vocari
2132 2367 2390 2432 voluisse,
2447 2367 2579 2423 dum
2633 2370 2864 2425 divitum
2921 2372 3138 2442 quidem
3188 2388 3380 2428 aurum
3429 2384 3485 2432 et

1910 2471 2232 2527 purpuram,
2272 2460 2588 2530 lapidesque
2627 2462 2897 2532 pretiosos
2927 2465 3239 2536 seligerent,
3284 2482 3486 2538 egenu—

1911 2562 2032 2601 rum
2060 2563 2191 2602 vero
2225 2548 2367 2620 ligna
2421 2551 2700 2623 pellesque
2751 2567 2815 2607 ac
2864 2554 3005 2624 pilos
3036 2564 3325 2626 caprarum
3376 2574 3487 2615 non

1912 2638 2223 2707 rejicerent.
2268 2639 2561 2696 Enimvero
2602 2642 2747 2698 haud
2779 2644 3087 2716 importuna
3133 2647 3295 2703 fuerit
3325 2658 3419 2705 aut
3452 2665 3485 2705 ιι

1912 2728 2194 2797 proposito
2237 2728 2414 2783 aliena
2455 2730 2704 2787 fortassis
2750 2732 2994 2789 historia:
3040 2734 3202 2807 hujus
3240 2752 3485 2795 comme~

1912 2819 2181 2873 moratio:
2211 2819 2343 2874 libet
2368 2820 2513 2874 enim
2544 2822 2690 2891 quod
2720 2823 2851 2878 mihi
2887 2824 2940 2879 in
2972 2834 3207 2882 mentem
3229 2829 3398 2895 venit,
3427 2830 3485 2886 in

1913 2910 2151 2965 medium
2194 2912 2458 2982 proferre.
2514 2913 2723 2984 Spiritu
2768 2916 2953 2972 divino
2986 2917 3223 2976 Bezeleel
3270 2935 3335 2977 ex
3382 2921 3488 2977 im-

1913 3003 2088 3072 perito
2104 3004 2321 3072 sapiens
2342 3011 2425 3060 est
2445 3002 2654 3061 factus:
2689 3007 2766 3060 ita
2785 3008 2930 3063 enim
2953 3019 3140 3065 narrat
3164 3012 3484 3071 historia“.

1914 3093 2112 3149 Audiat
2138 3108 2268 3165 ergo
2305 3097 2397 3165 qui
2439 3094 2669 3166 Spiritui
2712 3106 2906 3154 sancto
2939 3102 3137 3155 bellum
3171 3102 3403 3172 indixit;
3437 3107 3486 3162 is

1913 3187 2006 3257 qui
2036 3186 2297 3257 Spiritum
2330 3195 2578 3243 sanctum
2613 3188 2749 3243 dixit
2780 3191 3048 3257 divinum,
3081 3194 3240 3265 cujus
3270 3197 3485 3267 ingres-

1916 3295 2011 3335 sus
2040 3286 2094 3334 et
2125 3279 2282 3350 quasi
2324 3279 2610 3351 vestigium
2644 3283 2921 3352 sapientia:
2951 3287 3181 3355 gratiam
3211 3289 3266 3343 in
3302 3291 3487 3347 anima

1917 3371 2185 3443 designat,
2244 3387 2375 3426 num
2429 3370 2668 3443 Spiritus
2714 3374 3030 3445 dignitatem
3083 3394 3181 3435 seu
3229 3378 3484 3439 deitatem

1914 3462 2083 3518 divini
2101 3463 2461 3533 appellatione
2485 3464 2764 3521 traducit?
2787 3482 2918 3521 num
2947 3469 3160 3535 suadet,
3195 3479 3254 3526 ut
3279 3473 3486 3544 aliquid

1915 3554 2169 3625 exiguum
2215 3561 2309 3608 aut
2350 3554 2556 3611 humile
2593 3555 2661 3611 de
2710 3557 2830 3627 ipso
2868 3559 3281 3630 concipiamus?
3321 3563 3485 3630 Quid,

1916 3659 2121 3717 quaeso,
2176 3661 2242 3701 ex
2298 3646 2463 3702 rebus
2515 3649 2717 3704 creatis
2774 3648 2877 3705 hoc
2926 3653 3148 3708 nomine
3190 3653 3488 3725 signiﬁcari

1916 3736 2091 3793 solet?
2149 3752 2279 3792 num
2336 3736 2661 3808 acquisitam
2717 3747 2771 3795 et
2828 3743 3121 3797 ascititiam
3175 3761 3296 3802 esse
3333 3754 3489 3818 putat

1919 3827 2144 3901 Spiritui
2171 3829 2547 3886 divinitatem?
2571 3847 2700 3886 num
2731 3832 3104 3903 duplicitatem
3131 3836 3367 3908 aliquam
3396 3846 3489 3893 aut

1916 3920 2362 3991 compositionem
2410 3921 2647 3993 simplici
2693 3933 2747 3979 et
2794 3924 3159 3996 incomposito
3205 3928 3491 3985 attribuit?

1915 4010 2170 4068 Fortasse
2202 4028 2309 4067 non
2345 4014 2470 4069 licet
2501 4014 2771 4085 ejusmodi
2815 4016 3163 4086 Opinionibus
3195 4018 3350 4075 fidem
3392 4021 3489 4075 ad-

1917 4102 2128 4159 hibere.
2160 4104 2321 4175 Atqui
2362 4105 2521 4174 plane
2572 4105 2865 4161 confitetur
2896 4107 3178 4175 Spiritum,
3221 4109 3313 4178 qui
3348 4109 3489 4164 divi~

1915 4209 2021 4251 nus
2049 4203 2153 4259 est,
2204 4204 2400 4248 natura
2448 4195 2610 4250 talem
2642 4195 2748 4249 dici
2784 4210 2848 4249 ac
2880 4196 3189 4267 praedicari.
3224 4197 3389 4253 Vides
3428 4209 3488 4255 ut

1916 4284 2012 4341 tibi
2057 4283 2263 4339 verilas
2312 4284 2460 4339 ultro
2493 4283 2801 4338 reveletur?
2853 4285 3038 4354 plures
3086 4285 3233 4340 enim
3269 4286 3488 4344 divinas

1917 4385 2142 4433 naturas
2184 4373 2499 4430 Christiana
2547 4375 2724 4431 nescit
2761 4374 2982 4447 religio,
3045 4376 3487 4449 quandoquidem

1917 4467 1992 4522 ita
2021 4467 2246 4523 omnino
2275 4482 2503 4522 necesse
2538 4474 2687 4522 esset
2720 4469 2905 4538 plures
2941 4484 3157 4540 quoque
3203 4470 3334 4525 deos
3363 4486 3492 4526 con-

194 4573 387 4645 φύσις
413 4567 556 4626 εἶναι
585 4571 922 4636 πιστεύεται,
947 4570 1088 4624 θεῖον
1123 4568 1179 4621 δὲ
1207 4570 1273 4640 τῇ
1306 4566 1465 4637 φύσει
1497 4563 1557 4618 τὸ
1591 4560 1812 4632 Πνεῦμα

1923 4558 2145 4630 fingere.
2172 4558 2290 4612 Non
2324 4558 2471 4614 enim
2506 4557 2622 4613 fieri
2662 4568 2861 4630 potest,
2897 4569 2956 4616 ut
2991 4563 3195 4619 multos
3220 4564 3490 4635 intelliga-

188 4664 285 4718 τὸ
330 4662 484 4731 ἀγιον
508 4679 523 4694 ·
551 4664 604 4717 τί
644 4662 953 4734 διατέμνεις
985 4658 1064 4732 τῷ
1093 4659 1238 4731 λόγῳ
1272 4659 1334 4713 τὸ
1372 4654 1716 4727 συνημμένον
1747 4655 1813 4727 τῇ

184 4755 430 4828 φύσεις
471 4754 638 4807 Ἀλλά
684 4754 765 4817 τίς
806 4770 900 4825 μοι
925 4751 1087 4806 δώσει
1126 4750 1225 4823 τὴν
1264 4749 1492 4819 δύναμιν
1533 4744 1628 4799 τοῦ
1653 4744 1814 4814 λόγου

174 4844 465 4907 ἐκείνου.
500 4839 564 4899 οὗ
614 4845 676 4899 τὸ
707 4844 858 4909 τέλος
912 4842 1155 4917 σωτηρία
1201 4841 1309 4896 τῶν
1358 4838 1666 4895 ἀκουόντων
1697 4832 1812 4907 ἦν;

168 4939 380 4999 Μίαν
410 4938 690 5010 προήκατο
713 4936 899 5009 φωνὴν
933 4934 1384 5007 Ἱεροσολυμίταις
1403 4933 1432 4985 6
1459 4932 1684 5003 Πέτρος,
1721 4929 1814 4984 καὶ

166 5027 491 5089 τοσαῦται
530 5027 767 5099 χιλιάδες
793 5027 1098 5101 ἀνθρώπων
1143 5029 1210 5099 τῇ
1247 5024 1505 5097 περιϐολῇ
1538 5021 1811 5091 τοῦλόγου

172 5124 326 5184 ὑπὸ
355 5119 459 5175 τοῦ
484 5120 679 5186 ἁλιέως
710 5120 1178 5193 έσαγηνεύθησαν.
1204 5117 1460 5172 Τοσοῦτοι
1484 5117 1541 5171 δὲ
1581 5116 1675 5171 καὶ
1703 5132 1814 5169 τοι-

172 5221 374 5275 ὥτοι
431 5212 583 5283 παρά
614 5213 721 5267 τῶν
774 5212 1109 5267 διδασκάλοιν
1157 5212 1214 5264 ὲν
1249 5211 1380 5282 ἡμῖν
1415 5207 1712 5281 τρίϐονται,
1734 5206 1817 5271 τίς

174 5312 422 5379 γέγονε
450 5303 560 5357 τῶν
587 5303 910 5375 σωζομένων
948 5301 1233 5375 προσθήκη
1265 5318 1280 5369 ;
1316 5299 1386 5355 Τὸ
1413 5298 1695 5354 ἐκλεῖπον
1722 5297 1822 5355 ἐκ·

178 5402 449 5458 λείπει.
486 5393 619 5464 φησι
665 5410 748 5458 τις
805 5391 914 5447 τῶν
958 5391 1252 5465 προφητῶν
1284 5433 1298 5457 ,
1325 5390 1390 5444 τὸ
1428 5386 1822 5457 ἀποθνῆσκον

183 5484 607 5553 ἀποθνήσκει
636 5502 650 5517 ·
678 5485 740 5537 τὸ
769 5483 1180 5556 πεπλανημένον
1206 5483 1305 5537 οὐκ
1333 5482 1651 5553 ἐπιστρέφει
1676 5496 1691 5512 ⁸
1725 5478 1816 5532 λέ-

182 5581 378 5637 λυσαι
410 5577 517 5647 τῆς
543 5576 762 5649 ἀγάπης
781 5578 811 5631 6
843 5575 1138 5647 σύνδεσμος
1155 5593 1170 5607 ·
1187 5576 1468 5647 ἥρπασται
1484 5572 1592 5628 τῶν
1615 5571 1816 5645 θησαυ-

280 5714 373 5747 ιοο
422 5708 605 5766 Exod.
630 5726 789 5776 xxxi,
817 5709 855 5764 2
893 5726 1019 5783 sqq.
1102 5734 1148 5772 ιι
1183 5733 1300 5789 Act.
1340 5746 1401 5797 ιι,
1433 5731 1518 5788 ιι.

1921 4665 2044 4705 mus
2070 4650 2223 4713 deos,
2264 4649 2370 4705 nisi
2400 4649 2514 4705 haec
2540 4649 2766 4705 deorum
2802 4653 3092 4708 multitudo
3126 4671 3221 4725 per
3253 4654 3489 4712 diversi-

1919 4750 2085 4798 tatem
2114 4745 2414 4799 secundum
2456 4751 2708 4798 naturam
2746 4745 3080 4801 enuntietur.
3120 4745 3177 4802 Si
3215 4762 3345 4819 ergo
3379 4764 3486 4804 una

1918 4834 1988 4888 ab
2017 4834 2274 4890 omnibus
2309 4842 2507 4889 natura
2544 4834 2728 4890 divina
2775 4849 2897 4891 esse
2934 4835 3197 4905 creditur,
3246 4836 3486 4910 Spiritus

1917 4940 2083 4996 porro
2109 4934 2337 4981 sanctus
2361 4933 2559 4980 natura
2598 4924 2837 4991 divinus,
2892 4926 3022 4996 quid
3066 4929 3315 4986 oratione
3344 4930 3486 4985 divi-

1918 5016 2005 5071 dis
2034 5013 2180 5087 quod
2202 5026 2396 5069 natura
2426 5015 2779 5086 conjunctum
2806 5016 2925 5072 est?
2951 5014 3149 5072 Verum
3181 5020 3304 5089 quis
3336 5021 3483 5075 illam

1921 5106 2053 5162 mihi
2086 5105 2355 5163 sermonis
2383 5105 2638 5161 virtutem
2674 5107 2956 5174 concedet,
2993 5107 3152 5177 cujus
3186 5110 3308 5165 ﬁnis
3337 5112 3489 5166 salus

1925 5199 2131 5255 exstitit
2151 5180 2517 5253 auditorum?
2554 5196 2723 5253 Unam
2759 5200 2943 5255 emisit
2978 5199 3491 5273 Hierosolymitanis

1932 5305 2112 5347 vocem
2147 5289 2365 5351 Petrus,
2394 5297 2447 5343 et
2480 5296 2559 5341 tot
2587 5288 2868 5345 hominum
2904 5291 3070 5345 millia
3100 5291 3245 5346 nuda
3278 5308 3489 5349 sermo-

1923 5383 2009 5439 nis
2030 5397 2228 5453 sagena
2251 5381 2318 5435 ab
2340 5381 2432 5437 illo
2465 5380 2734 5452 piscatore
2756 5392 2883 5438 sunt
2905 5393 3065 5454 capta
3081 5383 3148 5438 ".
3176 5382 3308 5438 Tam
3336 5385 3490 5440 multi

1921 5488 2049 5529 vero
2100 5472 2346 5543 tantique
2396 5488 2427 5527 a
2460 5472 2779 5528 doctoribus
2829 5473 2884 5527 in
2939 5488 3039 5529 nos
3096 5473 3487 5545 impenduntur

1920 5578 2377 5637 sermoneszqute
2404 5580 2535 5621 vero
2578 5580 2646 5621 ex
2691 5566 2758 5622 iis
2790 5565 2881 5636 qui
2916 5567 3199 5623 salvantur
3230 5567 3369 5624 facta
3408 5576 3492 5625 est
