3930 6210
447 269 550 326 567

1647 267 1704 322 S.
1747 265 2072 324 GREGORII
2109 264 2404 326 NYSSENI
2444 336 2447 337 ν

3591 272 3696 330 548

451 383 739 440 accessio?
767 383 916 448 Quod
945 383 1117 448 deﬁcit
1167 388 1365 455 deﬁcit,
1395 385 1470 440 ait
1499 385 1768 457 quispiam
1801 400 1865 441 ex
1888 400 2007 456 pro-

2121 390 2228 459 ρῶν
2250 386 2405 459 ἡμῶν
2433 388 2466 458 ὴ
2499 387 2708 459 εἰρήνη.
2751 387 2815 444 Ὅ
2839 386 2946 441 τῶν
2990 385 3207 440 κακῶνι
3239 386 3553 459 Προάγομαι
3575 388 3690 462 γὰρ

449 475 627 545 pbctis
649 477 717 538 ⁸³,
755 475 893 545 quod
933 477 1168 529 moritur
1210 479 1436 531 moritur
1477 493 1494 531 :
1535 476 1680 546 quod
1721 477 2016 544 aberravit,

451 581 559 620 non
594 567 924 632 revertitur;
977 568 1215 622 solutum
1260 577 1346 624 est
1380 568 1656 622 vinculum
1707 567 2016 631 charitatis,

448 655 673 725 abrepta
700 667 785 712 est
818 673 922 727 pax
965 673 1030 712 ex
1080 658 1352 714 thesauris
1391 659 1620 712 nostris.
1655 657 1699 712 0
1728 673 1842 713 rem
1871 658 2019 712 cala-

448 747 736 802 mitosami
769 749 913 818 cogit
939 750 1082 805 enim
1113 765 1199 806 me
1227 751 1356 804 mali
1388 765 1452 806 ac
1473 749 1678 806 doloris
1700 749 2018 820 magnitudo

448 834 834 907 ingemiscere;
893 853 1078 895 nostra
1110 849 1226 895 erat
1257 841 1384 895 olim
1433 841 1712 911 possessio
1740 841 2012 906 charitas;

449 936 673 997 paterna
703 940 889 985 nostra
917 933 1030 986 haec
1062 931 1374 997 hatreditas,
1399 946 1560 1003 quam
1591 947 1688 1002 per
1707 930 2005 1000 discipulos

448 1033 580 1074 suos
613 1019 774 1075 nobis
812 1019 1072 1077 Dominus
1106 1022 1567 1076 thesaurizaverat
1596 1021 1806 1086 dicens,
1854 1019 2013 1074 Man-

446 1108 630 1163 datum
655 1128 844 1165 novum
864 1111 932 1165 da
961 1114 1129 1176 vobis,
1161 1121 1218 1166 ut
1239 1113 1474 1183 diligatis
1496 1113 1716 1166 invicem
1737 1113 1812 1165 ":
1848 1112 2008 1165 istam

397 1217 403 1230 ·
450 1207 631 1255 autem
679 1201 1045 1257 haereditatem
1092 1203 1130 1256 ii
1174 1204 1414 1272 quidem,
1465 1204 1557 1274 qui
1591 1203 1790 1259 deinde
1837 1203 2012 1258 secuti

445 1297 596 1354 sunt,
624 1305 972 1348 successores
996 1292 1090 1346 ﬁlii
1121 1307 1150 1347 a
1179 1293 1427 1364 patribus
1457 1295 1647 1350 ordine
1679 1293 2011 1364 excipientes

445 1395 614 1450 usque
643 1381 710 1435 ad
741 1389 922 1450 patres
954 1390 1171 1438 nostros
1204 1392 1619 1440 conservarunt.
1652 1384 1718 1439 At
1742 1385 1855 1439 haec
1884 1400 2012 1455 pro-

441 1468 564 1537 diga
603 1469 883 1538 generatio
909 1471 1059 1525 illam
1097 1472 1324 1528 minime
1375 1471 1690 1528 custodivit.
1725 1473 2009 1539 Quomodo

439 1576 470 1616 e
499 1561 747 1617 manibus
793 1562 1001 1618 nostris
1051 1563 1249 1633 elapsae
1287 1563 1370 1619 hae
1415 1564 1775 1620 institutionis
1805 1564 2011 1619 divitiae

439 1652 712 1720 pereunt?
756 1667 858 1710 nos
891 1652 1175 1708 charitatis
1203 1653 1370 1725 indigi
1405 1670 1618 1719 sumus,
1652 1661 1706 1709 et
1733 1653 1821 1708 alii
1849 1653 2011 1710 bonis

439 1742 641 1812 nostris
664 1742 936 1797 luxuriant
957 1749 1010 1797 et
1031 1743 1356 1812 gloriantur.
1387 1742 1569 1799 Zelavi
1592 1760 1746 1813 super
1766 1745 1969 1814 iniquos
1990 1759 2009 1796 :

440 1830 519 1884 sic
563 1832 638 1884 ait
679 1828 965 1887 Psalmista
985 1831 1052 1886 “.
1090 1831 1200 1904 Ego
1250 1849 1379 1888 vero
1432 1834 1684 1889 nonnihil
1719 1835 1877 1897 quasi
1914 1849 2012 1902 per

441 1923 720 1992 parodiam
757 1922 1035 1981 inﬂectens
1068 1925 1273 1980 dictum
1304 1926 1434 1981 illud
1471 1927 1545 1981 ita
1590 1927 1787 1997 legam,
1825 1925 2008 1981 Zelavi

439 2029 604 2083 super
654 2015 891 2086 iniquos,
941 2017 1112 2071 zelavi
1158 2032 1345 2088 pacem
1390 2027 1740 2089 peccatorum
1791 2017 2003 2073 videns.

439 2104 517 2159 llli
544 2106 682 2161 inter
703 2123 761 2163 se
781 2106 1101 2177 junguntur,
1129 2120 1183 2163 et
1205 2124 1306 2164 nos
1328 2110 1397 2164 ab
1418 2110 1649 2165 invicem
1667 2124 2005 2180 separamur.

2120 477 2462 544 ἐπιστενάξαι
2499 479 2576 550 τῷ
2632 479 2794 535 πάθει
2813 495 2826 508 ·
2851 480 3116 550 ἡμέτερον
3150 479 3335 549 κτῆμα
3353 474 3421 548 ἦν
3462 477 3646 552 ἀγάπη
3672 499 3690 513 ο

2120 571 2246 623 ποτέ
2297 568 2547 640 πατρῷος
2586 570 2716 639 ἡμῖν
2743 561 2895 631 οὗτος
2923 568 2951 620 6
2979 567 3198 638 κλῆρος,
3231 567 3292 620 ὃν
3327 567 3414 620 διὰ
3447 568 3554 620 τῶν
3581 585 3691 640 μα-

2120 661 2296 732 θητῶν
2321 663 2450 732 ήμῖν
2472 663 2501 714 6
2525 661 2726 731 Κύριος
2761 659 3116 731 ἐθησαύρισεν
3159 658 3348 723 εἰπὼν,
3407 659 3693 728 Ἐντολὴν

2118 751 2338 819 καινὴν
2385 750 2592 820 δίδωμι
2639 749 2800 820 ὑμῖν,
2851 751 2952 804 ἵνα
3015 748 3279 819 ἀγαπᾶτε
3331 748 3650 816 ἀλλήλους
3673 768 3689 781 ·

2120 841 2255 897 ἀλλὰ
2283 842 2483 913 ταύτην
2524 841 2621 912 τὴν
2654 839 3015 912 κληρονομίαν
3043 841 3092 892 oi
3136 840 3232 910 μέν
3276 839 3476 910 ἐφεξῆς
3517 839 3691 892 διάδο-

2116 951 2202 1004 χοι
2247 933 2396 1004 παρά
2443 932 2648 1004 πατρὸς
2681 931 3023 1002 ἐκδεχόμενοι
3075 930 3235 1002 μέχρι
3283 930 3390 984 τῶν
3438 933 3693 1001 πατέρων

2116 1023 2271 1093 ἡμῶν
2297 1020 2619 1075 διεσώσαντο
2636 1034 2649 1048 ·
2687 1023 2719 1090 ὴ
2745 1020 2802 1073 δέ
2837 1019 3044 1084 ἄσωτος
3070 1018 3206 1090 αὕτη
3241 1019 3402 1088 γενεὰ
3428 1021 3532 1073 οὐκ
3559 1020 3690 1090 ἐφύου

2115 1111 2260 1177 λαξε.
2295 1111 2418 1174 Πῶς
2464 1111 2664 1180 οἴχεται
2705 1109 2812 1162 τῶν
2857 1110 3052 1180 χειρῶν
3088 1109 3244 1180 ἡμῶν
3289 1110 3570 1182 διαρρυεὶς
3595 1111 3693 1182 τῆς

2115 1203 2336 1272 ἀγωγῆς
2379 1203 2407 1254 6
2441 1201 2701 1265 πλοῦτοςς
2732 1203 2892 1271 ἡμεῖς
2922 1203 3020 1272 τῆς
3055 1201 3274 1272 ἀγάπης
3317 1201 3690 1272 πτωχεύομεν,

2115 1294 2209 1348 καὶ
2229 1287 2378 1347 ἄλλοι
2411 1293 2696 1364 ἡμετέροις
2718 1293 2937 1361 ἀγαθοῖς
2962 1292 3363 1363 ἐναὸρύνονται.
3394 1293 3692 1359 Ἑζήλωσα

2113 1383 2211 1436 ἐπὶ
2253 1382 2377 1449 τοῖς
2412 1385 2690 1452 ἀνόμοις,
2713 1381 2884 1446 οὕτως
2934 1383 3100 1453 φησὶν
3125 1382 3496 1452 ὁΨαλμῳδός.
3547 1382 3692 1450 Ἐγὼ

2042 1509 2085 1563 Β
2113 1473 2170 1527 δὲ
2210 1473 2402 1544 μικρόν
2425 1491 2475 1526 τι
2508 1473 2834 1544 παρῳδήσας
2862 1473 2923 1526 τὸ
2949 1471 3517 1563 ρηθένάναγνώσομαι,
3537 1470 3691 1563 Ἐζή-

2115 1563 2261 1617 λωσα
2285 1565 2377 1616 ἐπὶ
2402 1565 2514 1627 τοῖς
2542 1564 2794 1634 ἀνόμοις,
2821 1563 3064 1633 ἐζήλωσα
3092 1561 3314 1633 εἰρήνην
3347 1561 3687 1632 ἁμαρτωλῶν

2117 1653 2355 1726 θεωρῶν.
2409 1654 2634 1708 Ἐκεῖνοι
2680 1655 2928 1727 ἀλλήλοις
2973 1655 3346 1719 συνίστανται,
3395 1653 3493 1708 καὶ
3531 1653 3691 1723 ἡμεῖς

2115 1749 2207 1803 ἀπ’
2227 1748 2468 1820 ἀλλήλων
2491 1747 2902 1820 διατεμνόμεθα.
2929 1747 3154 1800 Ἐκεῖνοι
3187 1747 3394 1808 ἑαυτοῖς
3425 1744 3690 1800 συνασπί-

2114 1844 2288 1906 ζουσι,
2301 1842 2395 1896 καὶ
2412 1842 2572 1912 ἡμεῖς
2591 1840 2683 1894 τὸν
2706 1839 2970 1912 ἡμέτερον
2990 1838 3359 1907 συνασπισμὸν
3377 1835 3686 1907 διαλύομεν.

2115 1933 2332 2003 metu;
2363 1932 2424 1986 τὸ
2448 1932 2710 2004 ἡμέτερον
2737 1932 2922 2002 κτῆμα
2953 1932 2981 1984 6
3024 1929 3133 1985 τῶν
3157 1928 3340 1999 ψυχῶν
3371 1928 3688 1998 λωποδύτης

2113 2023 2228 2085 τοῖς
2273 2021 2487 2092 ἐχθροῖς
2533 2021 2633 2091 τῆς
2679 2019 2932 2090 ἀληθείας
2975 2018 3153 2090 φέρων
3181 2017 3571 2090 προσέρριψεν,
3591 2019 3689 2072 οὐκ

2107 2112 2348 2176 ἐκείνους
2382 2110 2717 2182 εὐεργετῶν,
2750 2109 2907 2163 τοῦτο
2959 2108 3150 2180 μηδεὶς
3203 2107 3395 2161 οἰέσθω
3429 2126 3443 2138 ·
3498 2110 3530 2164 6
3584 2107 3690 2180 γὰρ

438 2195 519 2250 11ιί
557 2197 714 2267 quasi
763 2199 1034 2255 testudine
1081 2200 1222 2256 facta
1263 2209 1464 2256 coeunt
1500 2203 1643 2256 inter
1690 2217 1772 2266 se,
1826 2210 1881 2255 at
1909 2215 2007 2256 nos

2111 2201 2212 2255 τῶν
2240 2199 2426 2255 κακῶν
2451 2199 2676 2273 εὑρετὴς
2708 2199 3001 2270 εὐεργέτης
3043 2196 3294 2266 γενέσθαι
3321 2197 3381 2249 οὐ
3409 2195 3635 2252 δύναται
3664 2213 3681 2229 ο

437 2287 767 2343 testudinem
808 2297 1050 2344 nostram
1081 2305 1427 2361 cuneumque
1454 2293 1807 2362 dissipamus.
1838 2290 2007 2347 Furto

2111 2290 2220 2345 ἀλλ’
2249 2290 2334 2344 ἵνα
2363 2291 2578 2364 χείρους
2623 2289 2819 2352 αὐτοὺς
2850 2289 2906 2344 ἐν
2934 2290 3000 2360 τῇ
3053 2287 3180 2357 περὶ
3206 2285 3269 2340 τὸ
3316 2286 3486 2340 κακὸν
3545 2304 3689 2358 συμ-

437 2385 741 2446 surreptam
767 2381 1172 2450 possessionem
1214 2391 1457 2437 nostram
1485 2383 1792 2438 animarum
1825 2382 2009 2454 praedo

2108 2379 2268 2451 πνοία
2299 2378 2718 2452 παρασκευάσῃ.

438 2466 507 2521 ad
535 2461 721 2525 hostes
762 2473 1005 2528 veritatis
1071 2473 1306 2528 delatam
1373 2475 1622 2545 projecit,
1689 2490 1798 2530 non
1830 2482 1889 2530 ut
1946 2472 2211 2530 beneﬁcio
2249 2489 2343 2529 eos
2397 2471 2650 2536 afﬁceret,
2689 2484 2852 2526 nemo
2896 2469 2976 2526 sic
3007 2469 3342 2524 arbitretur:
3388 2483 3497 2523 non
3539 2468 3690 2524 enim

435 2567 611 2628 potest
637 2561 855 2617 afﬁcere
893 2563 1159 2620 beneﬁcio
1187 2566 1439 2623 inventor
1466 2569 1732 2625 malorum
1767 2589 1780 2624 :
1819 2583 2030 2634 verum,

435 2655 696 2710 efﬁceret.

505 2745 610 2800 Sed
637 2748 766 2816 quid
805 2749 936 2804 mihi
971 2750 1037 2806 de
1077 2751 1145 2807 iis
1174 2753 1266 2822 qui
1303 2753 1434 2810 foris
1477 2763 1605 2812 sunt
1659 2757 1934 2826 judicare?
1958 2766 2016 2812 ut
2043 2760 2086 2817 C

435 2837 610 2907 inquit
642 2839 732 2908 ille
763 2840 833 2887 ⁸⁸-
873 2840 941 2895 At
987 2855 1086 2910 ego
1124 2842 1217 2910 qui
1246 2843 1449 2911 possim
1485 2845 1865 2901 alienationem
1898 2845 2010 2900 fra-

433 2935 578 2984 trum
627 2931 746 2986 sine
794 2931 1050 3001 lacrymis
1095 2931 1274 2987 ferre?
1317 2936 1588 3004 quomodo
1631 2945 1855 3008 paterna
1877 2939 2010 2994 sub—

434 3021 634 3075 stantia
681 3021 936 3078 derelicta
982 3022 1172 3092 junior
1217 3024 1306 3080 hic
1352 3024 1520 3082 frater
1549 3027 1838 3084 discessit?
1876 3029 2014 3086 alter

435 3111 526 3166 ille
562 3111 616 3166 in
653 3110 943 3183 Evangelia
977 3113 1306 3185 descriptus,
1349 3115 1474 3171 licet
1515 3117 1714 3173 canitie
1761 3119 2010 3189 corporis

431 3203 599 3257 animi
641 3203 1033 3273 juvenilitatem
1080 3207 1340 3273 occultet,
1380 3209 1652 3278 quomodo
1690 3208 1947 3280 fugitivus
1977 3227 2010 3267 a

432 3293 537 3350 ﬁde
593 3294 649 3348 in
701 3295 1055 3366 longinquam
1104 3299 1380 3368 regionem
1429 3299 1692 3366 secessit?
1735 3302 2010 3371 quomodo

431 3384 546 3438 abit
587 3393 641 3440 et
674 3385 790 3454 ipse
830 3388 1070 3457 paternis
1100 3387 1260 3444 bonis
1289 3389 1346 3443 in
1379 3388 1516 3444 duas
1546 3389 1799 3447 dimidias
1827 3399 2009 3460 partes

429 3473 642 3541 divisis,
687 3477 777 3547 qui
813 3477 941 3531 dum
986 3479 1240 3534 sublimia
1285 3479 1535 3550 dogmata
1579 3480 1645 3534 ad
1689 3481 1923 3537 humiles
1954 3490 2009 3538 et

430 3566 621 3634 suillas
646 3568 932 3638 opiniones
967 3569 1184 3639 dejecit,
1223 3585 1346 3624 cum
1375 3571 1752 3627 meretricibus
1785 3573 2004 3628 haereti-

435 3657 519 3713 cis
539 3672 669 3711 suas
689 3656 908 3713 divitias
931 3659 1216 3730 dissipavit
1235 3662 1315 3715 l‘0?
1341 3661 1590 3718 Meretrix
1619 3663 1761 3718 enim
1789 3673 1871 3719 est
1898 3663 2007 3719 hae-

429 3743 592 3811 resis,
634 3761 756 3814 qure
805 3748 1173 3816 voluptatibus
1219 3749 1373 3818 quasi
1425 3751 1712 3820 praestigiis
1761 3751 2001 3806 attrahit.

429 3832 584 3899 Quod
618 3835 663 3889 si
689 3837 904 3904 quando
927 3837 979 3890 in
1007 3838 1268 3908 seipsum,
1295 3846 1354 3893 ut
1379 3839 1486 3903 ille,
1517 3855 1768 3895 reversus
1797 3839 1960 3896 fuerit
1987 3859 2001 3897 :

429 3924 473 3978 si
516 3924 732 3994 quando
761 3944 952 3983 rursus
986 3929 1052 3983 ad
1084 3939 1432 4000 paternorum
1467 3932 1712 3986 ciborum
1734 3931 2002 4002 cupidita-

427 4025 533 4071 tem
559 4020 845 4083 exarserit,
881 4021 925 4074 si
965 4021 1030 4074 ad
1066 4022 1284 4078 divitem
1320 4039 1563 4078 mensam
1596 4024 1906 4089 recurrerit,
1947 4023 2000 4077 in

2108 2576 2168 2622 ut
2224 2581 2319 2623 eos
2370 2565 2425 2620 in
2477 2565 2744 2619 malarum
2797 2578 2980 2620 rerum
3044 2561 3337 2618 concordia
3383 2561 3692 2619 deteriores

2201 2748 2361 2804 Ἀλλὰ
2392 2749 2444 2802 τί
2476 2744 2732 2820 μοι’τοὺς
2779 2746 2882 2812 ἔξω
2926 2745 3167 2819 κρίνειν;
3205 2747 3369 2816 φησὶν
3414 2746 3444 2798 6
3493 2745 3691 2800 εἰπών.

2125 2841 2266 2911 Ἐγὼ
2293 2843 2351 2896 δέ
2397 2840 2516 2904 πῶς
2542 2838 2804 2910 ἀδακρυτὶ
2840 2835 3095 2908 βαστάσω
3142 2837 3240 2906 τὴν
3283 2835 3393 2889 τῶν
3441 2836 3694 2906 ἀδελφῶν

2113 2933 2500 3005 ἀλλοτρίωσιν;
2547 2929 2672 2994 Πῶς
2721 2927 2890 3000 ᾤχετο
2940 2926 3252 2982 καταλιπὼν
3293 2927 3394 2999 τὴν
3427 2929 3695 3001 πατρῴαν

2111 3023 2296 3078 οὐσίαν
2334 3023 2364 3076 6
2409 3021 2634 3090 ἀδελφὸς
2669 3022 2697 3074 6
2728 3019 2846 3082 νέος
2878 3009 3064 3087 οὖτοςς
3099 3017 3291 3082 ’Ἄλλος
3326 3019 3531 3084 ἐκεῖνος
3561 3022 3590 3074 6
3628 3019 3694 3072 ἐν

2109 3113 2186 3185 τῷ
2218 3111 2532 3183 Εὑαγγελίῳ
2557 3109 2904 3182 δηλούμενος,
2937 3107 3041 3161 κᾶν
3073 3106 3402 3180 ὑποκρύπτῃ
3427 3107 3494 3179 τῇ
3525 3107 3692 3179 πολιᾷ

2108 3204 2203 3258 τοῦ
2237 3202 2483 3274 σώματος
2516 3202 2619 3273 τῆς
2647 3201 2824 3272 ψυχῆς
2859 3199 2955 3270 τὴν
2979 3198 3228 3271 νεότητα,
3265 3199 3385 3264 πῶς
3411 3199 3698 3271 ἀνεχώρη-

2111 3312 2202 3348 σεν
2230 3297 2308 3358 είς
2333 3292 2514 3365 χώραν
2538 3290 2753 3363 μακρὰν
2775 3287 3144 3360 δραπετεύσας
3167 3289 3274 3342 ἀπὸ
3294 3289 3392 3360 τῆς
3415 3289 3694 3358 ario-rem;

2109 3386 2234 3449 Πῶς
2263 3385 2467 3455 οἴχεται
2516 3383 2612 3437 καὶ
2642 3379 2801 3444 αὐτὸς
2839 3378 3141 3450 ήμισεύσας
3187 3378 3282 3433 τοῦ
3331 3380 3540 3450 πατρὸς
3582 3381 3696 3453 τὴν

2107 3475 2291 3529 οὐσίαν
2338 3476 2397 3526 ἐν
2441 3470 2518 3542 τῷ
2551 3467 2880 3524 καθελκῦσαι
2922 3466 2992 3520 τὰ
3019 3464 3194 3538 ὑψηλά
3238 3464 3348 3520 τῶν
3389 3466 3698 3536 δογμάτων

2108 3565 2245 3637 πρὸς
2294 3564 2364 3618 τὰ
2407 3561 2637 3616 ταπεινά
2691 3560 2784 3614 καὶ
2828 3558 3062 3630 χοιρώδη
3107 3559 3354 3629 νοήματα
3379 3598 3396 3623 ,
3437 3559 3562 3621 ταῖς
3603 3560 3700 3613 αἱ·

2108 3656 2348 3724 ρετικαῖς
2414 3653 2637 3723 πόρναις
2715 3647 3171 3722 προσδαπανήσας
3236 3648 3324 3720 τὸν
3397 3647 3699 3718 πλοῦτον;

2107 3745 2284 3814 Πόρνη
2307 3743 2415 3815 γάρ
2440 3743 2640 3812 ἐστινὴ
2669 3741 2898 3809 αἵρεσις,
2923 3741 3043 3804 ταῖς
3063 3737 3439 3810 ὴγαπημέναις
3457 3737 3699 3808 ἡδοναῖς

2105 3835 2458 3904 γοητεύουσα.
2503 3835 2566 3887 Ei
2611 3832 2721 3904 γὰρ
2770 3831 2910 3886 έλθοι
2949 3831 3080 3884 ποτέ
3121 3832 3201 3894 είς
3229 3828 3438 3892 ἑαυτὸν,
3480 3827 3697 3903 ὥσπερ

2106 3926 2308 3988 ἐκεῖνος
2327 3925 2403 3976 ἐἰ
2423 3923 2530 3994 γὰρ
2559 3922 2911 3992 ἐπιθυμήσειε
2944 3920 3104 3974 πάλιν
3133 3920 3231 3990 τῆς
3259 3916 3514 3990 πατρῴας
3545 3937 3693 3991 τρο-

2107 4016 2211 4086 φῆς
2235 4031 2246 4044 '
2298 4016 2345 4067 si
2373 4015 2480 4082 γὰρ
2519 4011 2872 4082 ἐπαναδράμῃ
2923 4010 3059 4081 πρὸς
3104 4008 3202 4080 τὴν
3248 4008 3509 4063 πλουσίαν
3547 4011 3699 4081 τρά-

426 4122 533 4177 qua
565 4109 768 4164 multus
795 4112 1334 4180 sumersubstantialis
1357 4120 1439 4168 est
1465 4113 1642 4183 panis,
1666 4113 1756 4182 qui
1789 4111 2005 4168 Domini

2114 4105 2304 4168 πεζαν,
2336 4106 2393 4156 ἐν
2487 4103 2652 4166 πολὺς
2680 4105 2707 4155 6
2740 4099 3011 4163 ἐπιούσιος
3043 4100 3226 4169 ἄρτος,
3263 4100 3293 4151 6
3314 4098 3530 4170 τρέφων
3558 4102 3697 4162 τοὺς

427 4199 791 4254 mercenarios
821 4202 946 4268 alit;
979 4204 1298 4258 mercenarii
1319 4205 1517 4274 quippe
1545 4212 1671 4259 sunt
1694 4203 1784 4258 Dei
1815 4220 2004 4260 omnes

427 4292 514 4346 isti
550 4293 643 4362 qui
683 4293 754 4347 ob
799 4309 949 4363 spem
986 4297 1433 4374 repromissionis
1467 4297 1519 4350 in
1551 4297 1706 4351 vinea
1749 4293 1842 4350 Dei
1877 4310 2004 4365 ope-

425 4390 654 4437 rantur:
690 4384 866 4453 qualis
894 4385 958 4439 ad
990 4401 1113 4440 eum
1160 4385 1250 4440 ﬁet
1280 4402 1389 4440 non
1419 4387 1580 4440 unius
1611 4385 1873 4455 parentis,
1907 4383 2001 4440 sed

426 4482 535 4526 tam
586 4474 878 4527 multorum
930 4485 1142 4544 patrum
1187 4491 1508 4539 concursus,
1539 4476 1632 4548 qui
1675 4475 1889 4529 obviam
1926 4471 2005 4528 illi

425 4563 753 4634 prodihunt,
805 4565 898 4632 qui
953 4565 1380 4634 amplectentur,
1440 4566 1532 4635 qui
1587 4565 1790 4621 osculis
1850 4565 2000 4619 illum

421 4653 727 4721 excipient?
758 4651 968 4706 Prolata
1008 4661 1090 4707 est
1137 4655 1273 4707 stola
1314 4655 1432 4709 ﬁdei
1466 4656 1660 4725 prima,
1694 4669 1855 4725 quam
1889 4661 2000 4708 tre-

421 4749 592 4796 centae
624 4742 922 4797 octodecim
953 4742 1144 4798 animae
1182 4745 1439 4813 praeclara
1479 4745 1712 4800 textrina
1745 4744 2001 4799 Ecclesiae

420 4841 832 4887 contexuernnt.
877 4829 1032 4888 Unde
1081 4835 1313 4890 annulus
1366 4835 1420 4889 in
1465 4851 1628 4890 manu
1678 4848 1994 4905 expressum

424 4919 545 4976 ﬁdei
575 4923 812 4992 sigillum
845 4925 1070 4989 habens,
1106 4925 1337 4992 choreae,
1385 4926 1606 4991 vitulus,
1650 4925 1989 4997 symphonia,

419 5021 612 5068 caetera
667 5015 848 5070 omnia
889 5031 1008 5084 quae
1052 5017 1106 5070 in
1153 5017 1442 5086 Evangelio
1473 5023 1992 5078 commemorantur,

419 5110 644 5173 excepta
677 5103 858 5160 fratris
905 5105 1125 5160 invidia.
1185 5105 1659 5162 Verumenimvero
1697 5105 1828 5175 quid
1879 5106 1995 5158 l'ru-

420 5201 534 5247 stra
588 5193 744 5248 nobis
775 5194 907 5264 ipsis
963 5195 1173 5249 somnia
1215 5195 1506 5267 ﬁngimus?
1555 5195 1834 5249 Obdurata
1865 5203 1990 5247 sunt

418 5283 584 5338 corda
621 5283 881 5349 fratrum,
923 5293 975 5340 et
1011 5287 1284 5341 contraria
1340 5287 1548 5342 ratione
1594 5293 1722 5342 sunt
1771 5283 1990 5352 aﬁ’ecti;

303 5397 310 5404 κ
418 5389 733 5430 communes
773 5383 952 5445 patres
997 5378 1293 5449 objiciunt,
1345 5386 1398 5434 et
1447 5384 1720 5447 acceptam
1773 5377 1840 5430 ab
1885 5375 1991 5428 illis

421 5463 786 5520 hmreditatem
821 5482 930 5521 non
957 5469 1272 5535 admittunt;
1306 5483 1646 5524 communem
1678 5467 1780 5522 sibi
1817 5465 1994 5521 vindi-

417 5561 544 5608 cant
568 5556 926 5624 nobilitatem,
954 5565 1008 5613 et
1033 5574 1060 5612 a
1092 5568 1278 5616 nostra
1312 5558 1632 5630 cognatione
1663 5557 1990 5623 alienantur;

2110 4198 2203 4251 τοῦ
2244 4195 2447 4267 Κυρίου
2508 4193 2783 4266 μισθίουςο
2837 4191 3037 4264 μίσθιοι
3078 4191 3134 4244 δέ
3174 4189 3268 4244 τοῦ
3296 4189 3430 4244 Θεοῦ
3480 4192 3696 4256 πάντες

2110 4283 2275 4351 οὗτοι,
2306 4287 2355 4341 οἱ
2387 4285 2472 4340 ἐπ’
2518 4285 2688 4338 ἐλπίδι
2734 4284 2832 4353 τῆς
2873 4281 3198 4351 ἐπαγγελίας
3239 4279 3329 4334 τὸν
3381 4280 3698 4350 ἀμπελῶνα

2109 4377 2203 4432 τοῦ
2229 4377 2362 4432 Θεοῦ
2392 4375 2762 4449 ἐργαζόμενοι·
2791 4368 2902 4438 οἷος
2944 4374 3010 4427 ἂν
3042 4372 3258 4441 ἐγένετο
3285 4372 3422 4442 πρὸς
3456 4372 3636 4426 αὐτὸν
3668 4374 3701 4426 6

2108 4469 2324 4541 δρόμος,
2370 4471 2466 4540 οὐχ
2511 4468 2627 4531 ἐνὸς
2671 4466 2894 4543 πατρὸς,
2941 4463 3076 4519 ἀλλά
3122 4462 3386 4517 τοσούτων
3427 4464 3696 4535 πατέρων

2110 4559 2649 4631 προσαπαντώντων,
2708 4556 3184 4628 περιπλεκομένων
3209 4596 3224 4621 ,
3275 4555 3696 4626 ἀσπαζομένων

2109 4651 2433 4721 φιλήμασινς
2494 4649 2721 4720 Ἦνέχθη
2775 4647 2932 4718 στολὴ
2977 4648 3075 4717 τῆς
3124 4647 3358 4708 πίστεως
3394 4647 3427 4715 ή
3463 4647 3693 4717 πρώτη,

2106 4743 2173 4811 ἢν
2214 4743 2270 4797 αἱ
2309 4741 2614 4814 τριακόσιαι
2657 4737 2800 4791 ὀκτὼ
2843 4738 2938 4790 καὶ
2983 4736 3114 4790 δέκα
3145 4736 3315 4806 ψυχαὶ
3351 4735 3544 4800 καλῶς
3575 4738 3696 4807 ἐριο

2106 4831 2323 4887 θέουσαι
2367 4833 2430 4902 τῇ
2477 4827 2769 4900 Ἐκκλησία
2810 4827 3099 4896 ἐξύφηναν.
3144 4824 3380 4880 Ἐκεῖθεν
3413 4828 3483 4897 τῇ
3539 4827 3690 4897 χειρὶ

2104 4923 2383 4986 δακτύλιος
2426 4919 2874 4988 ἐκτετυπωμένην
2909 4916 3045 4988 ἔχων
3077 4917 3133 4968 ἐν
3162 4915 3338 4986 ἐαυτῷ
3374 4916 3477 4986 τὴν
3511 4933 3687 4985 σφρα-

2103 5013 2225 5081 γῖδα
2251 5012 2348 5082 τῆς
2376 5009 2628 5072 πίστεως,
2669 5008 2718 5060 οί
2749 5007 2918 5078 χοροὶ,
2963 5007 2991 5058 6
3044 5005 3260 5074 μόσχος,
3296 5004 3328 5074 η
3358 5004 3683 5072 ωμφωνέα,

2101 5103 2171 5156 τὰ
2211 5101 2342 5155 ἄλλα
2389 5099 2563 5152 πάντα
2608 5098 2710 5151 ὃσα
2752 5097 2811 5149 ἐν
2842 5091 2918 5165 τῷ
2954 5093 3268 5163 Εὐαγγελίῳ
3310 5093 3684 5154 κατείλεκται,

2102 5192 2241 5262 πλὴν
2265 5189 2364 5260 τῆς
2391 5186 2483 5242 τοῦ
2529 5185 2757 5256 ἀδελφοῦ
2805 5183 3152 5254 ζηλοτυπίας.
3201 5182 3361 5234 Ἀλλὰ
3409 5183 3464 5235 τί
3501 5183 3692 5252 μάτην

2101 5282 2339 5352 ὀνείρους
2370 5279 2579 5339 ἐαυτοῖς
2610 5274 3052 5343 ἀναπλάττομεν;
3103 5271 3498 5341 Ἑσκλήρυνται
3535 5285 3693 5339 καρ-

2101 5373 2207 5426 δίαι
2235 5371 2340 5423 τῶν
2371 5366 2636 5436 ἀδελφῶν,
2674 5368 2770 5420 καὶ
2804 5365 3112 5426 ἀντιτύπως
3149 5362 3354 5432 έχουσι,
3394 5365 3518 5424 τοὺς
3550 5377 3696 5416 κοι-

2095 5465 2216 5526 νοὺς
2263 5458 2501 5529 πατέρας
2544 5456 2933 5527 προϐάλλονται
2957 5495 2972 5519 ,
3021 5454 3113 5506 καὶ
3163 5452 3258 5522 τὴν
3305 5451 3704 5519 κληρονομίαν

2095 5554 2190 5626 τὴν
2211 5551 2304 5605 ἀπ’
2332 5548 2512 5604 αὐτῶν
2533 5548 2591 5601 οὐ
2623 5546 3028 5617 προσδέχονται,
3057 5548 3155 5617 τῆς
3187 5546 3373 5614 κοινῆς
3391 5546 3709 5614 εὐγενείας

559 5667 603 5698 ⁸¹
643 5665 870 5720 Zachar.
934 5679 1009 5728 xI,
1049 5662 1101 5716 9.
1179 5663 1224 5695 "
1258 5661 1415 5718 Joan.
1459 5677 1534 5728 xI,
1593 5659 1682 5716 34.
1759 5658 1804 5689 "'
1836 5656 1978 5715 Psal.

2111 5665 2248 5718 iXlll,
2285 5649 2342 5703 2.
2415 5650 2460 5682 ⁵⁸
2498 5650 2517 5704 l
2551 5649 2678 5706 Cor.
2723 5663 2821 5716 III,
2861 5649 2946 5703 H.
3019 5650 3066 5682 ”
3105 5647 3240 5706 Luc.
3282 5655 3372 5709 XV,
3430 5639 3483 5694 Η
3520 5653 3681 5712 sqq.
