3930 6210
321 254 416 312 545

298 658 364 693 τε
408 643 504 694 καὶ
544 642 651 694 τῶν
698 643 972 712 πολεμίων
996 646 1294 716 γενόμενοι,
1337 649 1432 702 καὶ
1471 650 1756 721 ἀμφότερά
1783 655 1888 706 εἰσι

300 732 404 784 καὶ
436 731 743 803 οὐδέτερον·
783 733 906 788 οὗτε
933 736 1026 790 τὸν
1061 737 1220 807 ὀρθὸν
1243 738 1398 806 λόγον
1425 739 1763 809 ὁμολογοῦσι,
1792 743 1888 797 καὶ

300 825 574 894 αἱρετικοὶ
618 825 975 895 ὀνομάζεσθαι
1024 829 1365 893 ἀπαξιοῦσιν.
1423 832 1487 884 Ὢ
1514 831 1703 886 καινοῦ
1743 833 1886 903 πρά-

301 930 548 982 γματοςο
595 917 689 968 καὶ
719 915 856 986 πρὸς
881 916 980 988 τὴν
1014 918 1274 987 ἀλήθειαν
1307 921 1400 974 καὶ
1432 922 1569 992 πρὸς
1597 923 1658 975 τὸ
1685 922 1881 992 ψεῦδος

304 1005 505 1074 ἐπίσης
547 1006 1011 1078 ἐκπεπολέμηται,
1040 1005 1150 1062 οἷόν
1189 1027 1242 1063 τι
1267 1011 1484 1083 δένδρον
1508 1012 1752 1085 ἄρριζον,
1780 1008 1884 1069 ὧδε

300 1101 403 1153 καὶ
433 1095 531 1154 ὧδε
565 1101 702 1172 πρὸς
726 1103 826 1165 τὰς
853 1102 1100 1168 ἐναντίας
1141 1104 1317 1175 ὁρμὰς
1348 1106 1583 1171 εὐκόλως
1613 1109 1885 1178 μετακλι-

303 1192 541 1262 νόμενοι.
612 1193 862 1247 Ἤκουσα
929 1193 1023 1246 τοῦ
1092 1194 1478 1263 εὐαγγελιστοῦ
1535 1197 1778 1252 Ἰωάννου
1824 1201 1882 1254 ἐν

305 1284 650 1356 ἀποκρύφοις
694 1284 830 1356 πρὸς
863 1285 989 1348 τοὺς
1033 1285 1307 1351 τοιούτους
1337 1286 1404 1340 δι’
1436 1288 1754 1359 αἰνίγματος
1794 1288 1882 1342 λέ-

302 1392 523 1443 γοντος·
551 1375 628 1439 ὡς
655 1375 774 1429 δέον
803 1376 1050 1447 ἀκριϐῶς
1078 1376 1221 1441 ζέειν
1251 1379 1350 1448 μὲν
1384 1377 1600 1442 πάντως
1624 1379 1702 1448 τῷ
1733 1379 1896 1432 πνεύ-

305 1484 457 1536 ματι,
509 1465 843 1536 κατεψύχθαι
889 1465 946 1518 δὲ
991 1469 1058 1537 τῇ
1117 1467 1360 1539 ἁμαρτίᾳ
1389 1484 1404 1498 ο
1457 1470 1719 1538 Ὄφελον
1767 1469 1878 1540 γὰρ

299 1553 484 1626 ἦσθα,
526 1557 679 1628 φησὶ,
722 1555 981 1625 ψυχρὸς,
1025 1556 1064 1626 ἢ
1111 1556 1351 1626 ζεστός’
1397 1559 1459 1612 τὸ
1488 1559 1545 1612 δὲ
1581 1560 1876 1632 μηθέτερον

300 1647 533 1712 τούτων,
564 1647 885 1718 ἀμφοτέρων
916 1647 973 1700 δέ
1015 1648 1389 1719 ἐφαπτόμενον
1421 1651 1710 1714 ναυτιῶδές
1736 1652 1872 1716 ἐστι,

1555 259 1619 314 IN
1652 260 1837 318 SUAM
1863 264 2397 330 0RDINATIONEM.

1986 668 2192 714 rectum
2230 679 2534 722 sermonem
2561 671 2909 741 conﬁtentur,
2933 683 2986 730 et
3028 678 3266 735 haeretici
3297 684 3554 753 appellari

1985 761 2260 809 recusant.
2315 759 2356 808 0
2402 773 2515 812 rem
2558 760 2889 818 inauditam!
2941 775 2995 821 et
3040 770 3254 825 veritati
3297 773 3460 828 simul
3499 783 3554 830 et

1987 840 2267 898 mendacio
2296 847 2498 915 pariter
2526 849 2726 906 bellum
2751 853 3084 922 indixerunt,
3107 867 3357 930 tanquam
3387 863 3554 920 arbor

1985 935 2246 1004 quaepiam
2271 938 2547 996 radicibus
2565 956 2762 998 carens
2790 942 2896 999 huc
2924 955 2978 1001 et
3000 948 3130 1004 illuc
3151 951 3251 1006 levi
3278 963 3552 1010 momento

1982 1028 2272 1083 contrariis
2305 1029 2624 1100 impulsibus
2668 1034 2932 1092 inclinati.
2979 1037 3242 1097 Joannem
3267 1042 3552 1117 Evangeli-

1982 1124 2122 1171 stam
2153 1120 2334 1175 audivi
2385 1122 2699 1193 huiusmodi
2743 1127 2992 1187 homines
3033 1133 3375 1202 anigmatica
3426 1151 3550 1192 ora-

1980 1206 2126 1262 tione
2173 1207 2228 1264 in
2271 1213 2597 1282 apocryphis
2655 1216 3012 1286 alloquentem
3053 1239 3066 1274 :
3105 1236 3226 1275 cum
3275 1231 3549 1292 oporteret

1978 1307 2166 1354 exacte
2213 1298 2416 1358 fervere
2453 1305 2668 1374 quidem
2718 1311 2940 1364 omnino
2977 1311 3193 1381 spiritu,
3225 1312 3420 1384 frigere
3446 1330 3547 1369 au—

1980 1394 2086 1442 tem
2115 1399 2354 1457 peccato.
2391 1392 2604 1449 Utinam
2627 1397 2764 1450 enim
2786 1415 2946 1467 esses,
2976 1401 3170 1471 inquit,
3194 1402 3424 1472 frigidus
3451 1415 3544 1459 aut

1978 1476 2180 1532 calidus
2231 1481 2306 1532 "l
2354 1484 2497 1551 quod
2555 1501 2680 1541 vero
2730 1497 2979 1545 neutrum
3035 1501 3119 1548 est
3197 1494 3412 1562 horum,
3449 1496 3542 1552 sed

1979 1574 2265 1638 utrumque
2293 1572 2524 1643 attingit,
2557 1591 2816 1632 nauseam
2857 1580 3075 1646 excitat,
3101 1590 3155 1637 et
3183 1583 3248 1638 ad
3283 1585 3541 1640 vomitum

1977 1665 2061 1710 est
2089 1659 2362 1715 idoneum.
2396 1661 2537 1727 Quid
2581 1665 2743 1734 igitur
2779 1681 2960 1723 causa:
2989 1679 3092 1736 est,
3129 1685 3228 1724 cur
3258 1672 3386 1727 olim
3415 1673 3540 1743 qui-

305 1740 406 1792 xa‘t
440 1739 576 1809 πρὸς
603 1739 787 1810 ἔμετον
815 1739 1138 1810 ἐπιτήδειον.
1175 1740 1239 1792 Τί
1268 1736 1359 1793 οὖν
1387 1741 1449 1794 τὸ
1483 1741 1672 1805 αῐτιον,
1707 1743 1860 1797 πάλαι

1975 1747 2097 1802 dem
2121 1726 2457 1820 temporibus
2478 1726 2866 1826 discipulorum
2894 1759 2961 1814 ad
2990 1726 3283 1817 Ecclesiam
3310 1726 3540 1833 plurima

308 1831 414 1901 μὲν
443 1832 533 1883 ἐπὶ
567 1832 668 1884 τῶν
702 1831 958 1901 μαθητῶν
1000 1830 1088 1884 διὰ
1127 1831 1223 1883 τοῦ
1268 1831 1474 1902 Κυρίου
1505 1832 1638 1886 πολὺ
1672 1831 1874 1902 πλῆθος

303 1925 373 1992 τῇ
424 1921 712 1992 Ἐκκλησία
749 1919 1152 1991 προσάγεσθαι,
1201 1922 1317 1974 νυνὶ
1359 1922 1417 1974 δὲ
1459 1923 1582 1986 τοὺς
1627 1922 1868 1994 μακροὺς

302 2014 400 2066 καὶ
424 2029 489 2064 πε
497 2011 765 2082 ρικαλλεῖς
794 2011 904 2066 τῶν
927 2011 1262 2067 διδασκάλων
1290 2012 1480 2081 λόγους
1507 2016 1872 2085 παρατρέχειν

297 2104 613 2174 ἀπράκτως
631 2118 648 2167 ;

380 2196 528 2265 Ἐρεῖ
557 2212 641 2258 τις
669 2195 818 2260 ἴσως,
844 2195 925 2249 δτι
952 2195 1073 2249 τότε
1107 2197 1367 2269 συνήργει
1400 2200 1514 2263 τοῖς
1553 2198 1870 2262 ἀποστόλοις

294 2285 364 2338 τὰ
395 2286 462 2338 ἐκ
484 2284 594 2338 τῶν
625 2283 799 2355 ἔργων
826 2283 1099 2356 θαύματα,
1151 2287 1245 2340 καὶ
1290 2287 1351 2340 τὸ
1387 2286 1695 2352 ἀξιόπιστον
1725 2290 1754 2341 ὁ
1784 2288 1870 2340 λό-

292 2393 390 2444 γος
418 2375 512 2428 διὰ
536 2374 642 2428 τῶν
671 2375 1024 2446 χαρισμάτων
1069 2371 1203 2446 εἷχε.
1248 2377 1396 2446 Φημὶ
1442 2376 1595 2446 κάγὼ
1627 2377 1869 2448 μεγάλην

286 2469 436 2526 εἷναι
461 2469 598 2539 πρὸς
620 2467 683 2519 τὸ
709 2465 912 2521 πείθειν
934 2467 1107 2538 ῥοπὴν
1127 2468 1226 2538 τὴν
1254 2469 1320 2522 ἐκ
1337 2454 1446 2523 τῶν
1473 2469 1647 2540 ἔργων
1676 2469 1828 2541 ίσχύν
1848 2486 1863 2502 ⁸

287 2560 409 2612 νυνὶ
439 2558 506 2611 δὲ.
541 2559 594 2611 τί
621 2558 728 2630 χρὴ
767 2558 838 2611 τά
868 2557 1125 2627 γινόμενα
1153 2557 1432 2629 ήγεῖσθαι;
1475 2559 1585 2612 Καὶ
1615 2560 1714 2630 οὑχ
1734 2561 1866 2632 δρᾷς

286 2653 357 2706 τά
382 2652 547 2721 ὃμοια
572 2651 672 2719 τῆς
699 2648 935 2712 πίστεως
967 2649 1218 2718 θαύματα
1241 2666 1256 2716 ;
1289 2649 1612 2738 Οίκειοῦμαι,
1627 2651 1734 2722 γὰρ
1757 2651 1866 2704 τῶν

288 2739 600 2812 ὁμοδούλων
630 2738 787 2811 ἡμῶν
825 2737 896 2793 τά
935 2737 1364 2811 κατορθώματα,
1407 2739 1485 2810 τῷ
1516 2740 1661 2812 αὑτῷ
1699 2741 1864 2794 πνεύ-

286 2849 423 2903 ματι
450 2830 790 2900 στοιχοῦντες
827 2831 884 2883 ἐν
909 2833 975 2900 τῇ
1002 2830 1228 2901 δυνάμει
1259 2831 1367 2885 τῶν
1400 2829 1612 2886 ἰάσεων.
1643 2833 1865 2904 Μαρτυ-

283 2922 444 2994 ροῦσι
485 2924 556 2992 τῇ
599 2921 825 2992 ἀληθείᾳ
863 2919 958 2974 τοῦ
1010 2920 1166 2990 λόγου
1212 2921 1402 2992 ἄνδρες
1451 2922 1510 2988 ἐξ
1566 2921 1863 2994 ὑπερορίας

1973 1838 2264 1894 multitudo
2309 1855 2342 1894 a
2392 1841 2621 1899 Domino
2644 1853 3048 1917 aggregaretur,
3073 1849 3182 1918 jam
3211 1865 3340 1906 vero
3367 1851 3542 1923 longa)

1972 1936 2025 1983 et
2075 1938 2282 1986 ornatae
2332 1932 2613 1989 doctorum
2676 1937 2966 1994 conciones
3013 1938 3132 1995 sine
3180 1941 3289 1996 ullo
3346 1942 3542 2000 eﬁ‘ectu

1972 2021 2388 2088 praetervolent?

2039 2205 2295 2264 Fortasse
2349 2209 2493 2266 dicet
2539 2211 2841 2282 quispiam,
2890 2215 3037 2286 quod
3095 2227 3208 2272 tum
3261 2219 3540 2289 apostolos

1967 2295 2228 2350 miracula
2253 2312 2317 2352 ex
2348 2299 2604 2368 operibus
2624 2301 2963 2370 adiuvarent,
2991 2297 3058 2360 et
3075 2305 3164 2362 illa
3189 2307 3369 2362 divina
3395 2309 3538 2364 dona

1967 2371 2207 2439 orationi
2231 2385 2388 2440 ﬁdem
2423 2389 2796 2445 conciliarent.
2831 2390 2944 2462 Ego
2981 2407 3130 2450 νει-ο-
3153 2411 3409 2466 magnum
3449 2398 3536 2452 al“-

1967 2471 2111 2529 ferre
2141 2474 2207 2528 ad
2232 2477 2643 2545 persuasionem
2674 2491 3006 2536 momentum
3033 2483 3142 2538 vim
3168 2499 3390 2555 operum
3425 2503 3536 2543 non

1965 2562 2212 2620 diﬁiteor.
2245 2565 2442 2622 Verum
2476 2567 2625 2638 quid,
2653 2585 2858 2640 quaeso,
2892 2572 2962 2627 de
3009 2573 3077 2629 iis
3117 2589 3237 2644 quae
3266 2591 3411 2631 nunc
3445 2592 3536 2647 ge-

1964 2661 2159 2708 runtur
2211 2656 2584 2712 arbitrandum
2637 2660 2759 2714 est‘l
2800 2677 2980 2717 nonne
3026 2665 3178 2732 paria
3228 2665 3352 2720 ﬁdei
3383 2667 3535 2722 vides

1963 2743 2274 2799 miracula?
2301 2760 2688 2803 conservorum
2739 2751 2882 2805 enim
2918 2761 3229 2807 nostrorum
3274 2755 3536 2824 praeclara

1963 2832 2205 2889 facinora
2237 2845 2425 2892 nostra
2448 2846 2658 2909 reputo,
2692 2841 2786 2911 qui
2820 2841 3009 2897 eodem
3052 2843 3107 2898 in
3143 2845 3345 2901 virtute
3371 2860 3534 2901 cura-

1960 2924 2171 2978 tionum
2205 2927 2399 2996 spiritu
2424 2930 2709 2985 nobiscum
2733 2931 3027 2988 ducuntur.
3061 2933 3236 3005 Hujus
3265 2938 3533 2994 orationis

279 3018 531 3087 ἥκοντες,
566 3014 777 3068 πολῖται
801 3012 896 3066 τοῦ
923 3013 1126 3084 πατρὸς
1149 3013 1304 3084 ἡμῶν
1336 3013 1672 3113 Ἀδραάμ,ἐξ
1690 3015 1860 3113 Μεσο-

1962 3014 2176 3071 veritati
2215 3018 2581 3076 testimonium
2611 3020 2802 3077 dicunt
2843 3023 2943 3079 viri
2976 3023 3045 3081 ab
3073 3026 3275 3084 exteris
3318 3035 3371 3084 et
3415 3029 3536 3087 lon-

277 3105 566 3176 ποταμίας
598 3104 948 3176 ὡρμημένοι,
995 3103 1300 3170 ἐξελθόντες
1340 3105 1435 3160 καὶ
1477 3099 1624 3160 οῦτοι
1655 3106 1720 3160 ἐκ
1759 3105 1859 3177 τῆς

278 3197 384 3267 γῆς
411 3199 510 3250 καὶ
559 3198 624 3250 ἐκ
649 3196 748 3266 τῆς
790 3193 1106 3263 συγγενείας
1151 3194 1330 3249 αὐτῶν
1379 3195 1474 3249 καὶ
1519 3193 1614 3249 τοῦ
1654 3195 1856 3266 κόσμου

280 3290 508 3355 παντὸς,
551 3289 687 3361 πρὸς
724 3290 950 3360 οὐρανὸν
980 3287 1287 3358 βλέποντες,
1336 3286 1699 3359 ἐκδημοῦντες
1733 3287 1858 3358 τρό-

279 3398 380 3435 πον
414 3381 538 3434 τινά
567 3380 667 3450 τῆς
695 3379 1060 3450 ἀνθρωπίνης,
1093 3377 1206 3432 ἀνω
1243 3377 1352 3433 τῶν
1382 3378 1481 3448 τῆς
1507 3377 1722 3446 φύσεως
1753 3395 1858 3430 πα-

282 3472 548 3542 θημάτων
576 3471 877 3542 ἱστάμενοι,
905 3467 1154 3524 τοσοῦτον
1181 3470 1544 3541 ἐφαπτόμενοι
1573 3469 1674 3540 τῆς
1707 3469 1855 3541 ζωῆς

278 3563 484 3633 ταύτης
532 3563 654 3616 ὅσον
701 3560 1031 3629 ἐπάναγκες,
1079 3558 1157 3630 τῷ
1205 3559 1261 3614 δέ
1295 3559 1496 3613 πλείονι
1541 3559 1694 3631 μέρει
1733 3562 1856 3625 ταῖς

280 3654 592 3723 ἀσωμάτοις
622 3651 1208 3723 συμμετεωροποροῦσι
1238 3652 1518 3722 δυνάμεσι,
1551 3652 1772 3724 γηραιοὶ
1790 3651 1853 3706 τὸ

281 3740 444 3808 εἶδος,
475 3745 659 3815 σεμνοὶ
702 3744 838 3816 πρὸς
888 3744 1054 3806 ἰδέαν,
1103 3743 1262 3814 πολιᾷ
1311 3744 1634 3811 στίλὸοντες,
1671 3747 1848 3816 σιωπῇ

281 3834 775 3906 κατ-ησφαλισμένοι
804 3834 875 3889 τά
923 3835 1185 3906 στόματα,
1225 3835 1547 3906 λογομαχεῖν
1585 3836 1684 3889 οὐκ
1717 3835 1852 3889 είδό-

283 3943 404 3990 τες,
439 3925 681 3995 συζητεῖν
722 3927 780 3980 ού
829 3925 1094 3998 μαθόντες
1123 3941 1139 3956 ο
1190 3925 1456 3998 τοσαύτην
1489 3927 1669 3998 ἐχουσι
1709 3926 1851 3981 κατά

277 4019 394 4072 τῶν
423 4017 742 4088 πνευμάτων
779 4017 880 4090 τὴν
911 4016 1179 4082 ἐξουσίαν,
1210 4017 1285 4081 ὼς
1313 4016 1566 4087 θαύματα
1602 4019 1747 4088 μόνῳ
1770 4016 1849 4088 τῷ

271 4109 524 4166 δοκοῦντι
551 4108 999 4182 κατεργάζεσθαι,
1043 4109 1137 4163 καὶ
1159 4109 1460 4180 ὑποχωρεῖν
1480 4107 1548 4162 τά
1576 4107 1844 4178 δαιμόνια,

271 4201 333 4254 οὐ
375 4198 752 4268 συλλογισμῶν
782 4197 1019 4267 τέχναις,
1064 4195 1178 4251 ἀλλ’
1218 4195 1436 4267 ἐξουσίᾳ
1462 4195 1564 4266 τῆς
1589 4196 1843 4262 πίστεως.

274 4290 371 4344 οὐκ
418 4291 498 4352 εἰς
534 4289 773 4359 ἀπορίαν
804 4288 1140 4356 ἀντιφάσεως
1174 4287 1544 4358 περιαγόμενα
1567 4326 1581 4348 ,
1618 4285 1732 4340 ἀλλ’
1767 4287 1846 4348 εἰς

1958 3105 2174 3176 ginquis
2214 3109 2524 3178 regionibus
2565 3111 2796 3177 advecti,
2829 3115 2998 3182 patris
3044 3117 3213 3171 nostri
3253 3116 3529 3174 Abraham

1958 3196 2105 3252 cives
2131 3211 2195 3252 ex
2230 3197 2614 3269 Mesopotamia
2649 3200 2899 3271 profecti,
2932 3205 3023 3274 qui
3064 3213 3118 3260 et
3165 3207 3266 3276 ipsi
3289 3208 3356 3264 de
3388 3218 3536 3264 terra

1955 3293 2010 3341 et
2061 3289 2386 3358 cognatione
2433 3306 2574 3355 sua,
2631 3301 2796 3364 atque
2841 3293 2978 3350 adeo
3033 3311 3102 3351 ex
3157 3305 3272 3355 toto
3324 3302 3532 3358 mundo

1954 3379 2201 3448 egressi,
2239 3381 2414 3437 oculis
2451 3381 2516 3436 ad
2558 3384 2757 3439 cmlum
2805 3386 3107 3455 conversis,
3140 3395 3195 3443 et
3233 3397 3385 3446 extra
3424 3391 3529 3446 hu-

1954 3483 2170 3523 manam
2202 3472 2604 3540 quodammodo
2638 3477 3045 3548 peregrinantes
3074 3481 3345 3547 naturam,
3371 3491 3526 3538 extra

1953 3571 2167 3614 omnem
2191 3563 2653 3630 perturbationum
2681 3567 2852 3622 aleam
2891 3571 3192 3636 constituti,
3221 3579 3426 3627 tantum
3458 3590 3528 3632 ex

1953 3649 2056 3705 hac
2084 3651 2191 3706 vita
2219 3651 2481 3720 delibant,
2505 3670 2765 3726 quantum
2787 3674 3012 3717 necesse
3035 3669 3120 3717 est
3144 3680 3158 3729 ;
3183 3665 3375 3733 potiori
3400 3681 3528 3720 vero

1952 3742 2037 3798 sui
2082 3755 2234 3814 parte
2282 3761 2405 3801 cum
2455 3747 2792 3820 incorporeis
2845 3752 3138 3810 virtutibus
3187 3755 3242 3809 in
3291 3757 3525 3812 excelsis

1949 3841 2260 3896 versantur,
2285 3834 2442 3890 senili
2489 3837 2690 3906 specie,
2725 3845 2889 3909 atque
2935 3849 3157 3912 aspectu
3194 3844 3522 3912 venerando,

1949 3922 2150 3977 canitie
2180 3925 2546 3994 splendentes,
2597 3936 2650 3982 et
2692 3929 2977 4000 obsignata
3019 3933 3235 3988 silentio
3273 3940 3518 3990 tenentes

1947 4025 2066 4078 ora,
2091 4011 2184 4081 qui
2218 4013 2497 4070 decertare
2525 4016 2704 4072 verbis
2733 4021 3190 4092 nesciunt,neque
3219 4024 3526 4094 disquirere

1947 4111 2041 4160 aut
2066 4104 2372 4176 disceptare
2409 4107 2737 4172 didicerunt,
2771 4117 3086 4179 tantamque
3117 4114 3378 4168 adversus
3413 4115 3526 4183 spi-

1947 4196 2082 4252 ritus
2126 4197 2371 4252 obtinent
2413 4205 2760 4269 potestatem,
2796 4209 2854 4252 ut
2881 4200 3142 4254 miracula
3171 4205 3288 4256 sola
3326 4206 3522 4258 volun-

1947 4290 2057 4339 tate
2087 4285 2384 4354 periiciant,
2415 4293 2470 4339 et
2513 4285 2777 4339 daemonia
2826 4287 3121 4342 abscedant
3150 4305 3255 4344 non
3299 4294 3522 4364 syllogi-

271 4380 330 4433 τὺ
366 4380 555 4442 σκότος
581 4380 642 4431 τὸ
677 4376 937 4448 ἐξώτερον
962 4377 1394 4448 ἀπελαυνόμενα.
1441 4375 1628 4439 Οὕτως
1653 4373 1792 4430 οἶδεν
1814 4377 1843 4428 ὁ

1961 4389 2187 4430 imorum
2219 4375 2468 4440 artiﬁcio,
2506 4376 2598 4430 sed
2637 4377 2760 4431 ﬁdei
2781 4379 3039 4447 potentia,
3076 4395 3181 4435 non
3225 4383 3276 4435 in
3311 4399 3403 4439 eas
3437 4401 3522 4440 re-

270 4469 600 4542 Χριστιανὸς
632 4467 1070 4538 συλλογίζεσθαι·
1111 4469 1281 4523 ταῦτα
1311 4467 1411 4537 τῆς
1438 4467 1670 4530 πίστεως
1693 4467 1848 4537 ἡμῶν

266 4561 337 4613 τὰ
359 4560 779 4632 κατορθώματα.
796 4560 896 4612 Διά
913 4559 962 4612 τί
978 4555 1069 4613 οὖν
1086 4561 1148 4612 ού
1178 4559 1458 4630 πείθομεν,
1489 4561 1536 4611 εἰ
1566 4559 1847 4621 πλεονάζει

267 4650 380 4703 τῶν
434 4650 677 4720 ἰαμάτων
717 4652 750 4720 ἡ
779 4651 976 4722 χάριςς
1020 4651 1068 4703 εἰ
1117 4649 1426 4720 περισσεύει
1468 4651 1502 4721 ἡ
1531 4649 1847 4704 διδασκαλία

268 4741 369 4794 τοῦ
391 4741 550 4808 λόγου
571 4757 586 4804 ;
615 4739 819 4794 Πάντα
848 4740 914 4794 δὲ
939 4742 1121 4794 ταῦτα
1144 4740 1374 4810 ἐνεργεῖ
1387 4739 1458 4793 ἐν
1487 4740 1586 4793 καὶ
1607 4740 1673 4794 τὸ
1698 4740 1848 4795 αὐτὸ

260 4831 515 4901 Πνεῦμα
534 4870 548 4896 ,
574 4831 845 4901 διαιροῦν
887 4832 1008 4898 ῑδίᾳ
1045 4831 1282 4894 ἑκάστῳ
1313 4829 1507 4896 καθὼς
1532 4830 1844 4896 βούλεται.

249 4920 370 4974 Διά
395 4921 449 4972 τί
476 4922 538 4973 οὐ
569 4921 778 4989 γίνεται
809 4923 843 4992 ὴ
874 4919 984 4973 τῶν
1016 4919 1341 4990 σωζομένων
1366 4919 1687 4991 προσθήκης
1735 4919 1845 4972 Καὶ

248 5011 468 5085 μηδεὶς
512 5012 806 5066 ὑπονοείτω
853 5010 1056 5082 μικράν
1107 5010 1205 5082 τὴν
1273 5009 1549 5081 παροῦσαν
1595 5009 1844 5081 ἡγεῖσθαι

244 5103 450 5172 χάριν,
487 5100 635 5173 Ὀρῶ
681 5101 942 5172 κομῶσαν
982 5101 1083 5173 τὴν
1128 5099 1406 5170 ἄμπελον,
1448 5101 1845 5172 εύθηνουμένην

241 5198 388 5258 ταῖς
427 5194 737 5263 κληματίσι,
769 5196 862 5247 καὶ
891 5194 968 5264 τῷ
996 5193 1195 5264 καρπῷ
1238 5192 1636 5256 πλεονάζουσαν
1667 5209 1680 5224 ·
1734 5191 1846 5262 ὁρῶ

243 5286 673 5356 κυμαινομένην
693 5284 772 5355 τῷ
800 5284 990 5355 πλήθει
1010 5284 1120 5338 τῶν
1139 5281 1426 5352 ἀσταχύων
1451 5282 1548 5353 τὴν
1573 5283 1839 5355 ἄρουραν⁸

242 5380 405 5450 βαθὺ
457 5380 518 5431 τὸ
561 5378 742 5449 λήϊον,
789 5377 948 5447 άδρδν
996 5376 1056 5429 τὸ
1089 5375 1330 5445 δράγμα,
1363 5373 1528 5436 πολὺς
1563 5374 1592 5426 ὁ
1621 5375 1838 5446 σπόρος.

256 5469 441 5524 Ἀλλὰ
473 5468 525 5520 τί
565 5469 754 5534 πάθω;
805 5468 1152 5538 ’Δπλήρωτον
1181 5466 1320 5536 ἐχων
1349 5466 1408 5517 ἐν
1441 5467 1553 5527 τοῖς
1582 5465 1840 5528 τοιούτοις

249 5562 352 5634 τὴν
409 5560 576 5629 φύσιν
618 5559 697 5629 τῷ
743 5559 903 5614 πάθει
954 5557 1062 5611 τῶν
1109 5556 1476 5628 φιλοπλούτων
1516 5557 1835 5628 κατέχομαι.

330 5747 376 5779 ι’
425 5747 598 5814 Apoc.
627 5759 707 5807 ιιι,
751 5745 836 5798 15.
993 5750 1038 5782 ³⁸
1077 5747 1098 5803 l
1144 5752 1270 5808 Cor.
1305 5767 1403 5820 xu,
1442 5750 1528 5806 lt.

1946 4465 2090 4520 daCti
2119 4467 2420 4536 angustias,
2451 4474 2510 4520 ut
2553 4466 2686 4520 nihil
2723 4469 3120 4536 contradicant,
3152 4471 3246 4526 sed
3287 4473 3341 4527 in
3371 4482 3522 4529 tene-

1945 4559 2072 4612 bras
2097 4559 2398 4614 exteriores
2423 4558 2620 4614 abacti.
2656 4557 2746 4612 Sic
2775 4561 2922 4615 novit
2956 4562 3297 4634 syllogismos
3338 4573 3519 4620 texere

1943 4647 2327 4703 Christianus:
2363 4663 2425 4702 ea
2473 4657 2603 4702 sunt
2659 4647 2778 4702 ﬁdei
2841 4658 3038 4705 nostra:
3086 4654 3345 4722 prmelara
3387 4652 3521 4708 faci-

1943 4753 2095 4792 nora.
2150 4739 2262 4794 Cur
2304 4755 2433 4810 ergo
2474 4754 2581 4794 non
2626 4740 2920 4806 credimus,
2968 4743 3013 4798 si
3059 4743 3298 4797 abundat
3341 4743 3516 4814 gratia

1942 4830 2234 4885 sanitatum
2254 4871 2268 4895 ,
2311 4833 2356 4886 si
2391 4832 2655 4888 exuberat
2681 4831 2929 4887 doctrina
2956 4835 3141 4888 verbi?
3184 4834 3314 4889 Ilarc
3341 4846 3518 4890 autem

1943 4923 2122 4976 omnia
2173 4933 2422 4992 operatur
2473 4940 2608 4977 unus
2648 4933 2803 4993 atque
2829 4924 2964 4978 idem
2989 4925 3244 4993 Spiritus,
3281 4927 3517 4983 dividens

1942 5012 2163 5083 singulis
2206 5022 2361 5082 prout
2395 5013 2506 5067 vult
2533 5014 2617 5068 ³⁸ε
2653 5029 2752 5068 cur
2778 5030 2887 5069 non
2937 5015 2993 5068 ﬁt
3037 5030 3226 5071 eorum
3273 5019 3366 5088 qui
3408 5019 3518 5073 sal-

1942 5113 2136 5158 ventur
2166 5107 2445 5160 accessio?
2475 5104 2659 5177 Neque
2693 5094 2820 5161 vero
2846 5106 2899 5161 in
2925 5116 3156 5162 mentem
3181 5110 3362 5164 veniat
3400 5109 3517 5162 cui-

1943 5211 2106 5267 quam
2134 5199 2383 5266 exiguam
2412 5207 2730 5266 praasenlcm
2755 5199 2980 5270 gratiam
3003 5199 3516 5255 cxistimare.Video

1949 5297 2249 5342 comanlem
2293 5289 2478 5353 vitem,
2509 5291 2776 5358 pampinis
2807 5299 2861 5345 et
2895 5293 3180 5346 sarmentis
3217 5293 3514 5346 silvescen-

1949 5388 2077 5438 tem,
2114 5394 2176 5432 ac
2220 5379 2450 5434 racemis
2489 5379 2904 5443 exuberantcni,
2933 5397 3118 5451 agrum
3158 5383 3324 5452 spicis
3353 5382 3515 5436 luxu-

1947 5471 2211 5539 riantem,
2269 5470 2492 5525 densam
2540 5478 2810 5540 segetem,
2848 5473 3084 5542 amplum
3137 5472 3514 5542 manipulum,

1946 5561 2170 5617 multam
2215 5568 2529 5619 sementem.
2579 5560 2718 5628 Quid
2757 5576 2887 5632 ergo
2935 5573 3017 5619 est
3064 5561 3204 5634 quod
3253 5578 3338 5618 me
3378 5562 3518 5618 male

3461 293 3563 348 550

314 366 735 433 ἀντιποιοῦνται,
780 371 877 423 καὶ
917 373 1016 442 τῆς
1051 372 1188 443 πρὸς
1218 376 1363 446 ἡμᾶς
1396 378 1712 446 συγγενείας
1733 381 1860 435 ἀλλο

1961 387 2242 447 .liostibus
2290 395 2494 450 nostris
2543 412 2603 453 se
2643 410 2946 471 opponunt,
2983 413 3038 460 et
3069 403 3250 466 hostili
3279 412 3461 468 animo
3503 416 3557 470 in

307 458 594 526 τριοῦνται
615 475 628 489 ·
659 460 768 522 τοῖς
795 461 1009 533 ἐχθροῖς
1046 465 1078 534 ἡ
1087 463 1203 534 μῶν
1229 465 1725 533 ἀντικαθίστανται,
1751 472 1860 542 πρὸ

1990 491 2090 532 nos
2137 479 2313 536 aﬁ‘ecti
2352 492 2518 540 sunt:
2552 495 2807 558 tanquam
2844 495 3134 551 conﬁnium
3175 498 3316 555 inter
3362 517 3464 558 nos
3505 517 3558 558 et

299 556 358 609 se
397 550 550 620 ἡμᾶς
578 549 850 620 δυσμενῶς
881 552 1118 624 ἐχουσινο
1154 554 1343 626 ῶσπερ
1367 573 1420 608 τι
1456 557 1706 630 μεθόριον
1732 561 1860 632 ἡμῶη

1989 565 2175 624 hostes
2217 571 2369 641 facti,
2417 583 2472 630 et
2519 588 2748 648 utraque
2792 593 2919 640 sunt
2971 597 3024 640 et
3060 599 3345 658 neutrum;
3382 608 3558 664 neque

3643 3529 3684 3556 θ’
