3930 6210
413 307 510 368 Sfil

1646 313 1702 369 S.
1744 311 2073 369 GBEGORII
2114 311 2408 371 NYSSENI

3555 308 3649 365 55!.

406 425 606 486 habet?
629 384 940 498 inexplebili
961 424 1196 496 quadam
1223 427 1278 482 in
1303 426 1571 499 ejusmodi
1599 427 1761 483 rebus
1783 436 1978 482 natura

2089 428 2278 493 Οὐδεὶς
2318 429 2635 500 περιουσίας
2679 429 2804 500 ὄρος
2848 426 2945 500 τὴν
2991 423 3286 496 ἐπιθυμίαν
3337 424 3534 495 ἵστησι.
3572 427 3642 480 re

407 519 689 590 praeditus,
723 519 910 574 eodem
941 533 1067 574 cum
1102 520 1282 576 avaris
1321 520 1514 575 morbo
1542 519 1766 576 laboro:
1798 520 1982 578 nullus

407 614 576 681 copiae
596 619 650 665 et
671 609 1042 665 redundantias
1063 611 1325 666 terminus
1349 611 1700 681 cupiditatem
1726 612 1976 678 cohibet;

408 703 463 756 id
487 701 632 772 quod
668 701 721 755 in
757 701 874 757 dies
911 701 1144 765 accedit,
1173 700 1241 756 ad
1284 703 1436 772 plura
1469 711 1729 772 provocat
1773 704 1984 774 appeti-

407 803 545 859 tum,
574 801 626 848 et
658 794 713 848 in
759 794 1000 849 fomitem
1041 794 1293 850 desiderii
1339 795 1608 864 majorum
1652 809 1817 864 opum
1847 809 1983 850 con-

408 886 654 939 vertitur.
688 884 772 941 Me
798 885 1014 955 quidem
1051 885 1320 941 oblectant
1348 899 1410 940 ea
1461 899 1580 955 qua:
1603 893 1887 940 versantur
1911 886 1982 940 ob

408 977 597 1033 oculos
620 993 636 1045 ;
663 979 1022 1048 praesentibus
1060 985 1356 1049 torqueor;
1387 991 1588 1032 novum
1619 977 1982 1047 perturbatio-

409 1068 495 1122 nis
527 1083 697 1138 genus
724 1084 789 1124 ex
811 1069 1102 1124 contrariis
1139 1069 1484 1126 commistum
1526 1069 1769 1124 animum
1798 1083 1980 1125 meum

408 1158 718 1226 occupavit,
748 1165 1004 1228 tanquam
1032 1158 1308 1228 voluptate
1343 1174 1466 1214 cum
1495 1159 1715 1215 tristitia
1736 1166 1981 1216 contem-

407 1255 614 1317 perata.
649 1247 826 1318 Atque
869 1249 923 1302 in
955 1263 1050 1304 vos
1088 1249 1306 1319 quidem
1341 1250 1388 1305 si
1426 1259 1739 1306 convertam
1769 1253 1978 1318 oculos,

407 1337 464 1391 in
486 1337 639 1392 vobis
659 1337 989 1393 desiderium
1011 1347 1258 1394 nostrum
1277 1340 1603 1410 acquiescit;
1631 1343 1678 1398 si
1694 1356 1824 1398 vero
1838 1343 1982 1413 quod

407 1426 558 1482 deest
607 1427 661 1482 in
706 1429 1022 1484 memoriam
1062 1429 1264 1496 redeat,
1306 1446 1413 1486 non
1454 1431 1628 1488 habeo
1672 1449 1782 1504 quo
1822 1442 1982 1504 pacto

406 1519 769 1575 calamitatem
801 1521 1094 1590 deplorem.
1125 1521 1384 1577 Homines
1407 1523 1551 1578 enim
1580 1527 1892 1581 omittentes
1923 1526 1978 1580 in

405 1607 636 1664 Domino
662 1611 919 1682 gaudere,
942 1621 995 1666 et
1025 1627 1092 1667 ex
1122 1612 1378 1668 Ecclesiae
1411 1628 1542 1682 pace
1572 1615 1756 1671 animo
1784 1630 1979 1686 capere

2087 522 2175 576 ἀεὶ
2204 521 2628 592 προσγινόμενον
2649 520 2784 591 πρὸς
2812 517 2874 572 τὸ
2898 518 3058 571 πλέον
3082 515 3318 587 ἐρεθίζει
3339 515 3436 586 τὴν
3461 516 3638 586 ὄρεξιν,

2095 611 2428 684 ὑπέκκαυμα
2474 612 2574 682 τῆς
2619 611 2714 665 τοῦ
2755 609 3000 673 πλείονος
3038 608 3331 678 ἐπιθυμίας
3357 609 3631 677 γινόμενον.

2091 703 2384 775 Εύφραίνει
2408 721 2474 775 με
2502 703 2573 756 τά
2599 701 2868 774 ὁρώμενα.
2891 703 3017 764 Τοῖς
3043 699 3305 771 παροῦσιν
3333 698 3637 768 ἀγάλλομαι,

2091 795 2184 847 καὶ
2208 796 2320 856 τοῖς
2349 792 2581 847 ἀποῦσιν
2613 791 2942 861 ἀλγύνομαι·
2986 790 3161 844 κοινόν
3185 807 3236 842 τι
3269 789 3438 852 πάθος
3465 790 3532 842 ἐκ
3553 789 3644 843 τῶν

2089 884 2347 939 ἐναντίων
2369 883 2673 954 σύμμικτον
2696 883 2792 954 τὴν
2817 882 2994 953 ψυχὴν
3021 881 3280 952 περιέχει,
3308 881 3505 952 ἡδονῆς
3524 880 3646 950 πρὸς

2085 975 2262 1048 λύπην
2294 975 2768 1045 συγκεκραμένης.
2821 973 2946 1026 Ἐἀν
2985 973 3123 1043 πρὸς
3167 973 3310 1042 ὑμᾶς
3349 970 3643 1040 ἀναϐλέψω,

2086 1069 2213 1140 ύμῖν
2247 1066 2579 1122 ἐπαναπαύω
2607 1066 2698 1119 τὸν
2737 1064 2899 1118 πόθον
2920 1079 2934 1094 ⁶
2979 1065 3073 1118 ἐὰν
3109 1063 3172 1117 τὸ
3212 1064 3394 1116 λεῖπον
3423 1061 3644 1130 λογίσω-

2087 1175 2207 1228 μαι,
2230 1157 2330 1210 οὐκ
2350 1156 2458 1227 ἔχω
2479 1158 2627 1219 ὅπως
2659 1153 2898 1218 στενάξω
2926 1153 3023 1224 τὴν
3063 1153 3372 1224 συμφοράν.
3404 1153 3515 1204 Καὶ
3544 1150 3642 1222 γάρ

2083 1247 2312 1317 ἀφέντες
2338 1249 2388 1300 οί
2425 1247 2700 1319 ἄνθρωποι
2728 1247 2787 1299 τὸ
2812 1248 3161 1318 κατατρυφᾷν
3188 1247 3281 1298 τοῦ
3311 1247 3537 1318 Κυρίου,
3560 1247 3645 1300 καὶ

2083 1340 2176 1393 ἐπί⁹
2212 1342 2277 1410 τῇ
2318 1340 2506 1410 εἰρήνῃ
2535 1339 2633 1409 τῆς
2677 1338 3000 1408 Ἐκκλησίας
3034 1337 3436 1409 εὐφραίνεσθαι,
3469 1338 3645 1402 οὐσίας

2084 1429 2237 1494 τινὰς
2268 1429 2661 1500 τεχνολογοῦσι,
2684 1430 2779 1483 καὶ
2814 1427 3015 1499 μεγέθη
3044 1427 3501 1499 καταμετροῦσιν,
3529 1430 3648 1482 Υίὸν

2085 1521 2260 1593 Πατρὶ
2281 1521 2778 1592 παραμετροῦντες,
2809 1521 2902 1574 καὶ
2926 1519 3308 1591 περισσότερον
3328 1519 3421 1572 τοῦ
3455 1520 3647 1590 μέτρου

2085 1611 2164 1683 τῷ
2198 1613 2372 1683 Πατρὶ
2397 1611 2761 1683 χαριζόμενοι.
2791 1611 2888 1675 Τίς
2930 1611 3072 1664 εἴποι
3105 1611 3316 1674 αὐτοῖς’
3356 1611 3428 1664 Τὸ
3456 1611 3649 1665 ἀποσον

402 1702 758 1773 voluptatem,
792 1704 858 1759 de
893 1705 1215 1760 substantiis
1257 1706 1441 1760 nescio
1474 1706 1672 1776 quibus
1723 1716 1981 1778 argutaa-

2089 1703 2140 1756 ού
2170 1705 2446 1774 μετρεῖται
2468 1719 2482 1734 ·
2525 1703 2587 1756 τὸ
2624 1702 2798 1766 ἀειδὲς
2824 1703 2886 1755 ού
2914 1701 3264 1774 δοκιμάζεται
3284 1717 3299 1732 ⁸
3329 1701 3392 1756 τὸ
3435 1701 3650 1773 ἀσώμα-

403 1801 515 1857 tur,
554 1802 609 1849 et
650 1795 1050 1864 magnitudines
1082 1796 1458 1861 dimetiuntur,
1491 1796 1687 1852 Filium
1722 1815 1788 1855 ex
1829 1815 1982 1855 com—

2089 1811 2173 1848 τον
2207 1795 2265 1847 οὐ
2305 1794 2692 1865 σταθμίζεται·
2728 1793 2790 1847 τὸ
2808 1795 3055 1864 ἀόριστον
3089 1795 3148 1847 ού
3181 1793 3532 1866 συγκρίνεται
3555 1811 3571 1828 ο
3595 1794 3650 1847 τὺ

402 1886 686 1954 paratione
728 1899 853 1940 cum
900 1883 1059 1940 Patre
1098 1887 1416 1953 metiuntur,
1465 1895 1519 1944 et
1573 1888 1718 1958 quod
1770 1891 1982 1946 excedit

2089 1883 2162 1956 μὴ
2217 1885 2640 1955 συγκρινόμενον
2677 1885 2772 1938 τοῦ
2820 1885 3061 1948 πλείονος
3110 1886 3204 1938 καὶ
3237 1885 3516 1949 ἐλάττονος
3559 1885 3651 1938 ούκ

332 2035 342 2044 ν
404 1991 741 2039 mensuram,
776 1976 919 2031 Patri
951 1977 1275 2047 largiuntur.
1309 1977 1441 2044 Quis
1482 1978 1584 2033 hoc
1608 1973 1810 2035 dixerit
1833 1981 1969 2036 illis:

404 2066 558 2133 Quod
583 2075 849 2136 quantum
878 2084 987 2124 non
1017 2079 1122 2134 est,
1162 2085 1270 2124 non
1305 2077 1688 2137 mensuratur;
1721 2071 1864 2140 quod
1897 2071 1983 2126 in-

403 2172 726 2228 corporeum
773 2167 894 2227 est,
950 2176 1059 2216 non
1109 2161 1479 2232 ponderatur;
1525 2161 1669 2232 quod
1709 2162 1978 2216 infinitum

401 2257 507 2314 est,
544 2265 651 2304 non
676 2261 1064 2321 comparatur;
1098 2253 1242 2322 quod
1271 2267 1378 2307 non
1407 2262 1776 2323 comparatur,
1808 2254 1978 2324 pluris

358 2410 371 2421 ο
402 2348 497 2393 aut
546 2339 773 2396 minoris
805 2343 1070 2398 rationem
1113 2359 1220 2399 non
1257 2344 1494 2399 admittit
1533 2362 1546 2397 :
1597 2345 1862 2416 siquidem
1913 2361 1979 2401 ex

402 2444 584 2485 rerum
625 2431 765 2486 inter
811 2431 959 2500 ipsas
1001 2433 1409 2504 comparatione
1457 2444 1743 2490 excesSum
1783 2435 1983 2507 colligi-

402 2533 545 2574 mus.
602 2518 733 2590 Ejus
781 2528 993 2588 autem,
1039 2524 1199 2594 cujus
1248 2524 1373 2580 ﬂnis
1428 2527 1814 2597 comprehendi
1871 2545 1983 2584 non

402 2617 601 2680 potest,
655 2624 938 2666 excessum
990 2620 1170 2670 mente
1207 2615 1524 2685 contingere
1575 2630 1736 2671 nemo
1778 2615 1986 2686 potem?

403 2699 625 2756 Memini
647 2716 748 2772 ego
770 2703 917 2758 illius
939 2704 1153 2772 psalmi,
1179 2720 1337 2774 quem
1363 2708 1709 2762 succinentes
1732 2706 1981 2764 ac'simul

403 2793 635 2864 hymnos
663 2804 1018 2864 personantes
1049 2797 1506 2867 ingrediebamur,
1540 2804 1767 2871 Magnus
1795 2801 1982 2858 Domi-

2084 1975 2394 2046 ἐπιδέχεται
2415 1975 2592 2044 λόγον.
2638 1975 2731 2028 Ἐκ
2759 1976 2867 2046 γάρ
2895 1976 2993 2048 τῆς
3025 1975 3134 2028 τῶν
3157 1976 3492 2046 πραγμάτων
3520 1975 3652 2047 πρὸς

2086 2066 2290 2138 ἄλληλα
2315 2067 2672 2138 παραθέσεως
2699 2067 2761 2120 τὸ
2793 2067 2953 2121 πλέον
2988 2065 3441 2136 ἐπιγινώσκομεν.
3483 2058 3559 2120 Οῦ
3597 2064 3654 2119 δέ

2084 2160 2145 2212 τὸ
2192 2160 2346 2223 τέλος
2399 2159 2656 2229 ἄληπτον,
2713 2157 2905 2212 τούτου
2953 2158 3014 2211 τὸ
3076 2158 3236 2211 πλέον
3284 2157 3660 2227 ἀνεπινόητον;

2090 2251 2335 2304 Ἤκουσα
2371 2251 2464 2304 τοῦ
2499 2250 2904 2321 ύποψάλματος,
2949 2249 2978 2302 ὃ
3016 2252 3168 2320 κοινῇ
3207 2248 3405 2310 πάντες
3434 2247 3652 2318 ύμνολο-

2086 2341 2310 2411 γοῦντες
2351 2343 2611 2414 ἐπῄειμεν
2645 2359 2659 2373 ·
2715 2342 2913 2411 Μέγας
2957 2343 3172 2410 Κύριος
3205 2341 3301 2394 καὶ
3341 2341 3586 2409 μετάλησ
3612 2340 3651 2407 ἦ

2090 2433 2267 2504 ἰσχὺς
2287 2435 2494 2498 αὑτοῦ,
2520 2435 2618 2489 καί
2642 2429 2754 2503 τῆς
2777 2433 3085 2499 συνέσεως
3119 2430 3307 2486 αὑτοῦ
3346 2433 3459 2485 οὐκ
3487 2430 3650 2484 ἐστιν

2083 2525 2348 2594 ἀριθμός.
2396 2524 2461 2577 Τί
2497 2520 2591 2579 οῦν
2623 2523 2782 2578 τοῦτό
2811 2525 2994 2589 ἐστιν;
3033 2521 3361 2593 Ἀρίθμησον
3395 2523 3467 2573 τά
3505 2520 3649 2590 είρη-

2087 2616 2248 2687 μένα,
2287 2617 2380 2669 καὶ
2423 2619 2564 2681 νοεῖς
2605 2616 2666 2669 τὸ
2717 2615 3032 2686 μυστήριον.
3078 2612 3274 2683 Μέγας
3292 2613 3528 2679 Κύριος,
3555 2611 3651 2664 οὐκ

2086 2706 2206 2762 εἷπε
2230 2709 2393 2762 πόσον
2431 2708 2656 2783 μέγεθος
2687 2723 2700 2738 ·
2753 2708 2873 2762 ούδέ
2901 2708 3008 2779 γὰρ
3034 2702 3102 2778 ἦν
3134 2705 3358 2760 δυνατὸν
3387 2704 3562 2756 εἰπεῖν
3595 2700 3656 2756 τὸ

2086 2799 2271 2865 πόσον,
2302 2799 2440 2854 ἀλλὰ
2472 2797 2550 2869 τῷ
2579 2799 2812 2872 ἀορίστῳ
2836 2799 2934 2868 τῆς
2971 2796 3243 2867 σημασίας
3285 2796 3377 2848 ἐπὶ¹
3404 2794 3469 2848 τὸ
3507 2794 3656 2847 ἀπει-

403 2898 502 2936 nus
533 2891 583 2936 et
616 2900 807 2953 magna
841 2887 1006 2940 virtus
1032 2886 1185 2955 ejus;
1221 2899 1270 2942 et
1319 2891 1594 2958 sapientia:
1623 2892 1738 2962 ejus
1776 2909 1879 2946 non
1904 2903 1982 2948 est

2089 2909 2177 2963 ρον
2220 2893 2404 2963 ὁδηγεῖ
2428 2891 2528 2963 τὴν
2560 2891 2815 2944 διάνοιαν.
2875 2889 3126 2958 Ὁμοίως,
3156 2888 3424 2958 Μεγάλη,
3473 2887 3654 2958 φησὶν,

401 2990 650 3030 numerus
677 2976 744 3029 ”.
776 2975 918 3042 Quid
957 2977 1060 3032 hoc
1090 2994 1218 3050 ergo
1247 2981 1364 3036 est?
1402 2980 1670 3038 Enumera
1691 2998 1812 3053 quae
1837 2984 1985 3039 dicta

403 3075 554 3131 sunt,
584 3075 636 3121 et
670 3069 984 3140 mysterium
1014 3071 1290 3143 intelligis.
1320 3074 1542 3146 Magnus
1565 3075 1846 3143 Dominus,
1875 3093 1984 3133 non

403 3160 564 3227 dixit,
592 3173 793 3232 quanta
828 3164 898 3220 sit
923 3165 1274 3235 magnitudo:
1313 3183 1485 3238 neque
1516 3170 1660 3226 enim
1687 3171 1800 3227 fieri
1831 3177 1983 3242 pote;

403 3262 490 3308 rat
529 3261 589 3307 ut
630 3254 834 3310 diceret
861 3266 1096 3325 quantus
1125 3257 1411 3314 essetzsed
1437 3259 1541 3314 hoc
1577 3261 1696 3330 ipso
1728 3261 1872 3332 quod
1909 3263 1982 3316 ita

401 3355 523 3396 eam
555 3343 825 3416 designat,
868 3353 927 3399 ut
961 3362 1069 3402 non
1113 3347 1526 3404 circumscribat
1569 3360 1660 3405 aut
1707 3354 1979 3419 terminet,

403 3433 606 3486 sensim
658 3449 723 3489 eo
773 3446 1005 3492 mentem
1049 3437 1316 3508 provehit,
1371 3447 1430 3493 ut
1493 3439 1812 3496 immensam
1860 3458 1983 3498 esse

403 3531 716 3592 cognoscat.
752 3523 875 3594 Pari
911 3526 1091 3594 modo,
1135 3525 1352 3597 Magna,
1385 3528 1580 3597 inquit,
1615 3534 1784 3586 virtus
1817 3532 1932 3602 ejus
1962 3550 1980 3586 :

401 3611 654 3666 virtutem
677 3629 806 3668 vero
838 3629 958 3668 cum
997 3615 1175 3681 audis,
1214 3617 1507 3686 potentiam
1535 3618 1790 3692 intelligc.
1823 3622 1982 3676 Chri-

403 3710 521 3758 stus
555 3711 735 3758 autem
766 3703 859 3759 Dei
890 3706 1129 3774 potentia
1160 3716 1244 3762 est
1275 3715 1330 3762 et
1357 3707 1451 3762 Dei
1481 3709 1767 3778 sapientia,
1799 3711 1894 3767 sed
1927 3719 1982 3767 et

2087 2987 2124 3054 ἠ
2179 2983 2358 3052 ἰσχὺς
2412 2981 2598 3038 αὑτοῦ
2629 2999 2641 3014 ·
2708 2982 2860 3053 ίσχὺν
2902 2981 2959 3034 δὲ
3015 2978 3399 3049 ἁκούσας,τὴν
3431 2977 3657 3047 δύναμιν

2089 3077 2299 3148 νόησον.
2349 3075 2584 3148 Χριστὸς
2610 3075 2667 3129 δὲ
2710 3073 2844 3129 Θεοῦ
2891 3072 3118 3142 δύναμις
3167 3071 3260 3124 καὶ
3287 3069 3425 3124 Θεοῦ
3458 3071 3613 3139 σοφία
3637 3086 3654 3102 ο

2086 3168 2222 3223 ἀλλὰ
2278 3167 2380 3236 τῆς
2455 3166 2723 3229 συνέσεως
2798 3163 2963 3219 αὑτοῦ
3024 3165 3124 3216 οὐκ
3195 3161 3342 3216 ἐστιν
3407 3162 3656 3234 ἀριθμός.

2098 3258 2420 3330 Ἐρμηνεύει
2477 3257 2576 3328 τὴν
2645 3256 2857 3313 σύνεσιν
2915 3256 3143 3320 Ἡσαΐας
3196 3254 3384 3324 σαφῶς
3445 3254 3656 3322 λέγων·

2089 3347 2332 3415 Πνεῦμα
2377 3347 2598 3416 σοφίας
2639 3345 2738 3398 καί
2781 3343 3109 3410 συνέσεως.
3156 3345 3402 3397 Ἤκουσα
3443 3343 3505 3396 ὲν
3550 3345 3662 3407 τοῖς

2091 3441 2460 3510 μακαρισμοῖς
2521 3435 2993 3508 μακαριζομένους
3052 3435 3180 3498 τοὺς
3240 3433 3509 3503 διψῶντας
3567 3434 3664 3487 τὸν

2088 3532 2315 3603 Κύριον.
2347 3530 2500 3600 Τάχα
2523 3524 2617 3584 οῦν
2657 3528 2757 3582 ούκ
2795 3527 2899 3592 ἔξω
2932 3525 3027 3580 τοῦ
3057 3526 3250 3599 καιροῦ
3273 3526 3333 3579 τὺ
3359 3525 3620 3594 ἐνθύμιον
3647 3541 3662 3556 ο

2088 3623 2180 3676 καί
2238 3640 2326 3693 μοι
2373 3621 2593 3688 δέξασθε
2639 3620 2732 3674 τὸν
2774 3619 2929 3690 λόγον
2953 3658 2970 3685 ,
2995 3654 2997 3657 -
3021 3618 3124 3674 κᾶν
3168 3616 3511 3690 ἀπηρτῆσθαι
3547 3616 3668 3669 τῶν

2092 3714 2378 3784 παρόντων
2403 3714 2568 3766 δοκεῖ.

401 3796 682 3865 sapientiae
714 3797 832 3866 ejus
879 3815 987 3854 non
1018 3809 1102 3856 est
1148 3799 1292 3856 finis.
1330 3800 1662 3872 Sapientiam
1702 3805 1871 3862 Isaias
1903 3807 2293 3880 interpretatur
2321 3816 2505 3878 aperte
2570 3808 2778 3870 dicens,
2851 3797 3087 3876 Spiritus
3117 3805 3382 3875 sapientia:
3444 3813 3493 3858 et
3526 3818 3669 3872 pru-

403 3887 596 3940 dentia:
627 3888 692 3943 ⁸ο.
724 3890 917 3945 Audivi
949 3892 1092 3947 inter
1122 3893 1483 3951 beatitudines
1561 3912 1656 3952 eos
1716 3898 1904 3958 beatos
1963 3903 2266 3972 praedicari,
2299 3903 2393 3973 qui
2428 3903 2621 3958 sitiunt
2665 3902 2991 3958 Dominum:
3026 3899 3289 3956 attendite
3333 3912 3460 3970 ergo
3493 3904 3667 3965 atque

404 3978 634 4050 accipite
684 3996 793 4036 non
843 3983 1075 4038 alienum
1126 3985 1358 4042 fortasse
1391 4002 1420 4040 a
1452 3997 1713 4058 tempore,
1747 3990 1800 4046 id
1835 3994 1981 4063 quod
2019 3995 2187 4049 menti
2218 4010 2350 4050 meae
2388 4009 2534 4050 nunc
2574 3994 2919 4060 observatur,
2948 3991 3162 4046 tametsi
3205 3990 3276 4045 ab
3299 4005 3367 4045 eo
3438 3989 3496 4043 in
3552 4001 3669 4058 quo

405 4086 709 4138 versamur,
732 4072 947 4130 videtur
985 4075 1384 4146 quodammodo
1413 4078 1738 4150 dependere.

474 4209 533 4266 Si
565 4212 690 4283 quis
732 4213 835 4270 sub
879 4216 1177 4284 meridiem,
1199 4218 1314 4273 sole
1363 4218 1533 4275 radiis
1571 4219 1982 4280 ardentiorib’us

2161 4223 2228 4276 Εἴ
2243 4239 2326 4286 τις
2345 4220 2434 4275 διὰ
2454 4217 2798 4291 μεσημϐρίας
2813 4215 3007 4270 ὁδεύων
3022 4212 3114 4268 τοῦ
3135 4213 3287 4285 ἡλίου
3308 4208 3670 4285 θερμοτέραις

400 4302 568 4372 capiti
646 4303 962 4361 imminente
1027 4322 1352 4380 omnemque
1411 4313 1656 4382 corporis
1705 4313 1984 4370 humorem

403 4407 504 4448 sua
541 4393 760 4450 ﬂamma
822 4405 1081 4460 torrente.
1128 4401 1231 4455 iter
1285 4402 1514 4466 habeat,
1571 4404 1813 4473 subjecta
1856 4419 1986 4461 vero

403 4487 478 4541 sit
505 4485 626 4556 ejus
657 4487 854 4568 calceis
882 4489 1042 4544 tellus
1071 4505 1284 4560 aspera,
1311 4493 1398 4546 via
1429 4492 1661 4548 diﬂicilis
1714 4502 1769 4548 et
1794 4493 1985 4549 admo-

398 4578 534 4635 dum
561 4577 711 4632 arida
735 4617 750 4644 ,
793 4578 988 4633 deinde
1029 4590 1284 4636 occurrat
1324 4582 1594 4651 ejusmodi
1630 4583 1836 4640 homini
1863 4585 1986 4643 fons

407 4667 623 4736 aliquis,
649 4667 807 4736 cujus
851 4667 1071 4737 limpida
1103 4680 1230 4725 sunt
1277 4686 1341 4725 ac
1375 4674 1654 4742 perlucida
1683 4675 1908 4741 ﬂuenta,
1932 4683 1987 4732 et

400 4758 606 4814 aﬂatim
639 4759 1038 4830 refrigerantia,
1063 4762 1390 4833 copioseque
1427 4764 1747 4835 proﬂuentia
1785 4785 1798 4821 :
1838 4783 1980 4822 nun-

405 4849 537 4917 quid
571 4858 696 4907 ante
725 4865 921 4921 aquam
949 4852 1271 4919 considebit,
1294 4854 1468 4925 deque
1489 4857 1612 4926 ejus
1641 4868 1832 4912 natura
1865 4859 1985 4928 phi-

401 4941 798 5011 losophabitur,
820 4942 985 5009 unde,
1019 4951 1075 5000 et
1103 4960 1212 5014 quo
1247 4946 1428 5013 modo,
1459 4963 1675 5018 quaque
1702 4964 1768 5004 ex
1796 4966 1984 5016 causa,

403 5040 709 5101 ceteraque
745 5033 1014 5102 ejusmodi
1062 5036 1402 5105 perquirens,
1449 5053 1570 5108 qua:
1611 5039 1680 5094 ab
1729 5041 1836 5099 illis
1874 5050 1988 5096 tra-

401 5125 542 5181 ctari
569 5124 764 5191 solent,
793 5126 884 5196 qui
916 5126 970 5180 in
998 5125 1265 5196 ejusmodi
1297 5128 1456 5198 nugis
1507 5142 1864 5200 occupantur,
1895 5148 1988 5188 va-

409 5231 590 5286 porem
619 5217 828 5273 scilicet
849 5217 1135 5288 quemdam
1163 5219 1216 5272 in
1244 5217 1530 5288 profundis
1561 5231 1720 5278 terrae
1745 5225 1988 5294 partibus

410 5307 716 5379 dispersum
776 5318 826 5366 et
895 5311 1264 5380 prosilientem
1335 5320 1499 5382 atque
1569 5328 1978 5389 compressum,

409 5411 602 5466 aquam
635 5399 772 5462 fleri,
808 5408 900 5454 aut
929 5415 1116 5465 venas,
1147 5416 1268 5471 quae
1300 5400 1355 5456 in
1381 5405 1808 5460 concavitatibus
1835 5415 1990 5462 terrae

409 5489 615 5547 diffusae
640 5501 787 5558 sunt,
818 5493 864 5548 si
893 5493 973 5549 eis
1001 5508 1093 5548 ora
1126 5493 1378 5550 laxentur
1402 5512 1597 5567 aquam
1621 5496 1982 5566 profundere:

407 5593 477 5633 an
540 5596 668 5637 vero
721 5584 935 5638 cunctis
1011 5584 1278 5654 ejusmodi
1351 5585 1658 5640 valedicens
1721 5585 1986 5644 incumbit

511 5762 556 5794 ⁸³
585 5760 730 5816 Psal.
767 5779 945 5830 cxm,
991 5765 1041 5818 5.
1179 5769 1224 5803 ⁶⁰
1260 5769 1363 5828 lsa.
1401 5787 1477 5838 ιε,
1516 5772 1566 5825 2.

1343 6107 1608 6180 Λ

2091 4316 2210 4377 ταῖς
2237 4315 2421 4368 ἀκτῖσι
2446 4311 2544 4381 τῆς
2572 4307 2812 4378 κεφαλῆς
2851 4306 3226 4377 ύπερζέοντος,
3257 4306 3352 4358 καὶ
3383 4306 3491 4356 πᾶν
3515 4305 3580 4356 τὸ
3609 4306 3673 4357 ἐν

2094 4404 2306 4475 σώματι
2333 4403 2498 4474 ὑγρὸν
2523 4405 2588 4473 τῇ
2620 4401 2776 4472 φλογὶ
2807 4397 3313 4470 καταφρύσσοντος⁶
3353 4397 3674 4468 προκείσθω

2090 4495 2148 4549 δὲ
2173 4495 2252 4565 τῷ
2295 4494 2598 4564 ὑποδήματι
2632 4495 2702 4562 γῆ
2747 4492 2974 4562 τραχεῖα
3017 4491 3110 4544 καὶ
3161 4489 3526 4559 δυσπόρευτος
3574 4489 3675 4541 καὶ

2089 4583 2324 4654 διψώδης
2348 4600 2362 4616 ’
2410 4580 2529 4636 εἶτα
2570 4581 2810 4652 ἐπιτύχοι
2839 4581 3020 4652 πηγῆς
3055 4583 3084 4633 ό
3109 4581 3367 4644 τοιοῦτος,
3405 4575 3471 4649 ἧς
3501 4580 3678 4632 καλὸν

2093 4677 2187 4728 καὶ
2216 4673 2470 4743 διαφανὲς
2499 4674 2559 4727 τὸ
2583 4675 2753 4742 νᾶμα,
2776 4673 2869 4726 καὶ
2895 4671 3181 4743 προσηνῶς
3212 4670 3548 4740 καταψύχον,
3575 4671 3681 4723 καὶ

2091 4766 2337 4836 ἀφθόνως
2401 4766 2796 4836 ὑπερχεόμενον
2834 4780 2846 4792 ⁸
2917 4759 3025 4835 ἆρα
3086 4763 3540 4834 προσκαθεδεῖται
3594 4763 3682 4832 τῷ

2094 4856 2265 4922 ὕδατι,
2297 4857 2391 4910 καὶ
2422 4855 2772 4926 φιλοσοφήσει
2815 4855 2943 4926 περὶ
2985 4855 3082 4924 τῆς
3122 4853 3356 4923 φύσεως,
3394 4853 3544 4918 ὅθεν,
3579 4853 3682 4906 καὶ

2091 4948 2259 5010 ὅπως,
2287 4947 2381 5000 καὶ
2409 4945 2496 4999 διά
2536 4946 2702 5010 τίνος,
2733 4947 2828 4999 καὶ
2855 4945 2924 4998 τὰ
2949 4943 3171 4998 τοιαῦτα
3200 4943 3548 5008 διεξετάζων,
3585 4939 3679 4995 οἷα

2091 5036 2155 5108 δὴ
2185 5039 2299 5099 τοῖς
2329 5034 2739 5106 ματαιολογοῦσι
2774 5034 3000 5104 σύνηθες
3033 5032 3241 5100 λέγειν·
3271 5033 3352 5084 ὅτι
3387 5032 3562 5101 ίκμάς
3591 5047 3680 5093 τις

2094 5127 2574 5198 ἐγκατεσπασμένη
2605 5125 2682 5197 τῷ
2711 5126 2862 5198 βάθει
2893 5125 2991 5195 τῆς
3019 5128 3143 5196 γῆς,
3190 5124 3281 5178 καὶ
3324 5123 3674 5194 διαπηδῶσα,

2093 5221 2185 5274 καὶ
2229 5219 2636 5290 συνθλιϐομένη,
2673 5218 2816 5289 ὕδωρ
2847 5217 3074 5286 γίνεται,
3123 5215 3280 5287 nam
3333 5213 3535 5284 φλέϐες
3581 5217 3680 5265 ἐκ-

2093 5312 2388 5383 κεχυμέναι
2416 5315 2535 5374 ταῖς
2581 5310 2732 5364 κάτω
2769 5309 3092 5379 κοιλότησιν,
3145 5307 3302 5378 εἴπερ
3350 5308 3680 5375 ἀναστομω-

2094 5403 2248 5466 θῶσι,
2280 5403 2340 5456 τὸ
2369 5403 2510 5473 ὕδωρ
2540 5401 2885 5474 προχέουσιν·
2927 5401 2960 5472 ἢ
2990 5400 3166 5454 πάντα
3204 5397 3271 5451 τά
3295 5398 3523 5450 τοιαῦτα
3553 5393 3689 5464 χαί-

2098 5511 2211 5566 ρειν
2246 5495 2412 5559 ἐάσας
2461 5494 2748 5548 ἐπικύπτει
2793 5493 2869 5565 τῷ
2915 5494 3139 5563 νάματι,
3189 5489 3282 5543 καὶ
3313 5488 3570 5559 προσθεὶς
3602 5484 3693 5537 τὰ

2095 5584 2266 5654 χείλη,
2297 5583 2585 5656 θεραπεύει
2611 5584 2709 5655 τὴν
2737 5583 2894 5652 δίψαν
2928 5583 3021 5638 καὶ
3057 5580 3320 5652 ἀναψύχει
3357 5579 3457 5651 τὴν
3491 5574 3684 5647 γλῶσι
