3930 6210
361 313 470 374 555

1637 307 1696 361 S.
1736 302 2063 363 GREGORII
2101 303 2393 362 NYSSENI

3517 306 3629 370 556

358 434 438 488 tio
486 441 763 488 summum
805 430 889 483 est
933 437 1313 495 saepenumero
1362 438 1473 479 non
1518 425 1888 490 assequuntur
1925 434 1937 472 :

2050 418 2258 489 διάνοια
2286 420 2423 491 πρὸς
2443 417 2533 472 τὸν
2562 417 2802 491 λειμῶνα
2831 417 2927 491 τῆς
2949 408 3174 491 Γράφῆς
3201 416 3625 484 amem-.0;

357 523 469 580 tale
500 522 761 594 quiddam
789 518 955 577 etiam
989 516 1176 571 animo
1209 532 1331 573 meo
1383 522 1596 586 pratum
1631 513 1930 580 Scriptum

353 616 663 689 spectantis
698 628 801 667 usu
838 611 1008 666 venit.
1044 608 1453 665 Sententiarum
1513 606 1659 661 enim
1692 605 1937 676 pulchri-

360 709 566 765 tudinis
593 707 829 761 varietas
843 702 911 758 ad
934 700 1116 757 omnia
1140 701 1345 772 pariter
1372 699 1613 754 animum
1636 697 1938 759 attrahens,

358 802 529 857 efﬁcit
568 808 628 853 ut
655 795 928 867 cupiditas
964 794 1103 865 ejus,
1139 793 1270 847 dum
1327 793 1381 846 in
1419 791 1534 862 pari
1583 788 1780 850 decore
1807 803 1944 857 prae-

359 894 487 949 ditis
509 890 654 947 haud
678 889 838 945 facile
860 886 1006 957 quod
1041 884 1226 956 potius
1276 893 1542 954 sequatur
1575 882 1820 952 reperire
1848 897 1944 952 po-

360 992 490 1047 test,
535 984 858 1039 inconstans
889 980 982 1045 sit,
1022 986 1077 1033 et
1131 979 1201 1032 ab
1261 976 1385 1031 aliis
1431 975 1496 1030 ad
1544 976 1650 1030 alia
1689 980 1943 1047 properet

362 1085 528 1148 atque
551 1075 795 1131 festinet.
834 1070 973 1125 Ecce
993 1069 1141 1125 enim
1172 1067 1446 1139 quomodo
1482 1082 1578 1140 per
1600 1066 1941 1139 praphetiam

363 1167 543 1239 magni
577 1164 795 1220 Davidis
824 1161 988 1218 ﬂores
1036 1159 1493 1229 enitent?qualls
1553 1174 1684 1214 vero
1726 1156 1826 1213 ﬂos
1858 1156 1944 1212 di-

363 1260 524 1316 vinus
551 1258 869 1328 Apostolus,
917 1252 1159 1323 paradisi
1217 1252 1448 1306 cultura:
1478 1249 1945 1322 pulchritudinem

362 1349 680 1411 ostendens,
714 1361 777 1402 ac
795 1345 1021 1401 multam
1052 1342 1244 1399 odoris
1273 1341 1481 1398 Christi
1533 1342 1787 1397 redoleas
1817 1353 1948 1396 sua-

2047 509 2122 565 Τδ
2153 511 2264 582 γὰρ
2299 510 2544 565 ποικίλον
2571 510 2671 581 τῆς
2701 510 2854 582 ὥρας
2890 510 3000 565 τῶν
3028 509 3317 581 νοημάτων
3349 510 3625 581 ὁμοτίμοις

2045 601 2139 654 ἐπὶ
2187 602 2366 657 πάντα
2398 600 2497 673 τὴν
2557 601 2734 672 ψυχὴν
2777 602 3161 672 ἐφελκόμενον,
3198 601 3452 656 ἀστατείν
3489 604 3630 654 ποιεῖ

2045 693 2144 764 τὴν
2161 690 2486 764 ἐπιθυμίαν,
2513 692 2590 763 τῷ
2622 694 2698 764 μὴ
2730 693 2989 748 δύνασθαι
3015 694 3213 765 ῥᾳδίως
3237 694 3418 765 εὑρεῖν
3438 694 3498 746 ὲν
3519 695 3629 757 τοῖς

2047 783 2331 855 ὁμοτίμοις
2360 783 2423 837 τὸ
2469 785 2880 856 προτιμότερον.
2921 784 3052 840 Ἰδοὺ
3095 784 3203 855 γὰρ
3237 784 3356 848 πῶς
3384 783 3631 853 ὑπολάμ-

2049 892 2140 929 πει
2166 875 2253 929 διὰ
2282 875 2376 929 τοῦ
2415 876 2651 947 μεγάλου
2675 875 2840 930 Δασὶδ
2871 876 2972 947 τῆς
2999 877 3329 949 προφητείας
3359 876 3429 929 τὰ
3453 874 3589 945 ἄνθη
3614 889 3630 906 ο

2046 963 2160 1021 οἷον
2186 968 2242 1023 δὲ
2279 967 2440 1032 ἄνθος
2467 970 2496 1021 ὁ
2522 969 2664 1034 θεῖος
2704 968 3028 1033 ’Δπόστολος
3050 970 3150 1041 τῆς
3178 969 3272 1032 τοῦ
3299 967 3632 1040 παραδείσου

2049 1058 2321 1130 γεωργίας
2355 1059 2741 1130 ὑποσημαίνων
2771 1060 2834 1113 τὺ
2871 1059 3085 1124 κάλλος,
3127 1061 3220 1114 καὶ
3261 1058 3463 1130 πολλὴν
3497 1060 3634 1112 ἀπο-

2053 1150 2229 1205 πνέων
2259 1149 2353 1203 τοῦ
2392 1150 2629 1222 Χριστοῦ
2671 1150 2771 1222 τὴν
2802 1151 3064 1206 εὐωδίανί
3094 1150 3214 1204 Τῶν
3243 1150 3301 1204 δὲ
3347 1149 3635 1220 εὐαγγελι-

2051 1240 2166 1294 κῶν
2185 1239 2463 1312 λειμώνων
2491 1241 2552 1295 τὸ
2579 1241 2775 1305 κάλλος
2795 1242 2881 1305 τίς
2929 1242 2996 1297 ἂν
3027 1241 3309 1310 ὑπεξέλθοι
3353 1241 3513 1312 λόγος
3545 1242 3635 1294 ἀν·

2053 1332 2325 1407 θρώπινος
2349 1350 2365 1399 ;

363 1440 622 1497 vitatem?
648 1437 780 1491 Nam
822 1433 1274 1504 Evangelicorum
1321 1430 1783 1502 pulchritudinem
1815 1435 2097 1499 pratorum
2130 1437 2381 1493 quamam
2401 1422 2578 1478 oratio
2611 1423 2848 1494 explicet
2867 1422 3139 1480 humana?

430 1535 631 1591 Verum
663 1532 797 1587 mihi
836 1528 979 1586 haud
1011 1528 1248 1584 alienum
1285 1542 1413 1583 esse
1439 1527 1678 1589 videtur,
1709 1521 1780 1580 "in
1804 1532 1944 1579 tem-

362 1642 491 1698 pore
514 1622 873 1696 proverbialis
899 1620 1047 1675 illius
1080 1608 1410 1677 mentionem
1438 1615 1622 1672 facere
1670 1614 1944 1669 laudatio—

363 1721 467 1784 nis,
500 1727 553 1772 et
582 1730 737 1788 apem
769 1711 972 1768 imitari
1006 1731 1017 1765 :
1053 1724 1218 1780 quam
1251 1709 1386 1769 dicit
1416 1707 1700 1779 Scriptura
1733 1704 1945 1760 viribus

363 1809 584 1881 quidem
636 1806 908 1862 infirmam
950 1819 1074 1861 esse
1099 1805 1115 1836 ¹
1154 1802 1457 1875 (nunquam
1511 1800 1656 1855 enim
1705 1798 1824 1851 visa
1861 1805 1947 1852 est

364 1912 536 1958 totum
560 1900 818 1970 colligere
844 1897 1056 1962 ﬂorem,
1076 1906 1130 1951 et
1161 1909 1327 1966 super
1356 1895 1582 1949 dorsum
1610 1892 1677 1948 ad
1706 1890 1946 1946 alvearia

363 1994 627 2066 portare),
654 1989 749 2046 sed
783 1995 1002 2044 tenuem
1037 1986 1187 2040 illum
1205 1985 1299 2056 qui
1324 1984 1377 2039 in
1405 1982 1586 2039 medio
1611 1980 1762 2036 ﬂoris
1784 1977 1945 2051 quasi

364 2084 608 2157 lanugini
642 2082 903 2147 adhaeret,
932 2079 1036 2134 alis
1061 2091 1356 2134 excussum
1388 2076 1667 2147 pulverem
1699 2072 1946 2129 curvatis

363 2179 669 2246 suscipiens
692 2172 968 2239 cruribus,
1001 2184 1096 2241 per
1120 2169 1211 2224 illa
1233 2169 1430 2224 scitum
1454 2165 1587 2221 illud
1611 2157 1779 2219 efficit
1808 2178 1947 2233 opus

365 2273 515 2327 senis
550 2268 748 2340 pedum
771 2263 1082 2320 curvatnris
1112 2275 1338 2317 numero
1368 2274 1542 2340 pares
1583 2259 1641 2312 in
1678 2255 1944 2311 directum

359 2364 612 2421 excitans
655 2359 903 2431 angulos,
935 2370 999 2410 ac
1044 2371 1140 2426 per
1174 2352 1415 2409 medium
1460 2334 1679 2406 levitate
1707 2347 1944 2410 alarum,

241 2502 247 2509 .
356 2455 521 2528 quasi
557 2446 1183 2525 quibusdamuncturis,
1238 2453 1432 2501 tenues
1459 2442 1585 2498 illos
1632 2440 1687 2495 in
1724 2437 1946 2493 modum

362 2548 697 2621 membranae
724 2544 997 2614 parietum
1024 2540 1246 2595 ordines
1265 2536 1565 2608 expoliens.
1591 2531 1747 2600 Quod
1782 2530 1829 2586 si
1864 2528 1950 2584 fu-

363 2650 546 2695 turum
585 2644 671 2692 est
719 2643 779 2689 ut
831 2640 1018 2688 nostra
1058 2644 1278 2702 quoque
1309 2628 1487 2683 oratio
1531 2634 1587 2683 et
1624 2624 1847 2696 regibus
1893 2630 1949 2679 et

365 2729 595 2802 privatis
624 2725 962 2789 hominibus,
996 2732 1056 2778 ut
1086 2723 1268 2794 inquit
1297 2719 1583 2785 Solomon,
1620 2717 1687 2772 ad
1741 2714 1951 2771 sanitas

367 2832 474 2877 tem
495 2817 804 2889 ,Icornlucat.
844 2815 1094 2884 precibus
1125 2824 1180 2868 et
1209 2812 1349 2867 votis
1373 2824 1493 2866 eam
1522 2809 1758 2880 gratiam
1783 2806 1948 2864 nobis

367 2912 572 2989 pariter
603 2906 963 2962 conciliemus
1008 2910 1062 2958 et
1103 2917 1204 2974 ego
1235 2912 1291 2957 et
1322 2916 1437 2958 vos.
1499 2899 1739 2955 Lucrum
1799 2897 1949 2953 enim

366 3015 659 3058 commune
720 3004 843 3063 est,
893 2997 1001 3051 imo
1057 2995 1229 3065 major
1278 3008 1407 3064 pars
1451 2992 1570 3063 ejus
1600 2997 1785 3046 vestra
1810 2996 1947 3045 est:

367 3088 808 3164 quandoquidem
865 3085 1113 3155 accipere
1166 3081 1372 3153 aliquid
1424 3078 1555 3137 boni
1605 3078 1731 3149 plus
1789 3074 2018 3159 aﬂ‘ertc

364 3185 529 3249 lucri,
554 3196 717 3253 quam
745 3177 950 3249 aliquid
985 3176 1245 3248 praebere.
1290 3172 1452 3229 Vetat
1499 3170 1851 3241 Evangelium
1890 3169 1944 3223 in

367 3289 518 3335 utres
546 3284 756 3331 veteres
802 3272 989 3327 vinum
1021 3283 1221 3323 novum
1277 3262 1568 3321 infundere
1612 3263 1671 3317 ἐ
1716 3252 1971 3317 ΐοιείιιιιι

369 3372 435 3427 ad
473 3371 584 3425 lucc
601 3375 847 3437 tempora
867 3372 1077 3435 spectat
1109 3358 1379 3419 sermonis
1405 3355 1533 3412 tecti
1576 3352 1943 3410 involucrum.

369 3464 502 3519 Nam
550 3460 736 3516 vinum
776 3471 967 3512 recens
1009 3466 1351 3523 expressum,
1403 3454 1624 3520 propter
1671 3460 1793 3502 eum
1853 3442 1945 3513 qui

358 3556 695 3612 naturaliter
780 3547 998 3606 exsisdt
1070 3546 1125 3601 in
1178 3559 1245 3599 eo
1322 3541 1555 3613 liquoris
1630 3538 1943 3605 fervorem,

360 3647 499 3702 ﬂatu
535 3645 760 3716 plenum
813 3646 918 3715 est,
970 3633 1207 3691 naturali
1259 3641 1408 3687 motu
1445 3632 1669 3687 limosas
1724 3629 1793 3685 ab
1825 3643 1947 3684 sese

367 3756 464 3811 per
520 3749 775 3808 spumam
833 3730 1099 3787 exhalans
1162 3736 1325 3797 atque
1388 3722 1643 3793 rejiciens
1730 3719 1944 3775 sordes.

368 3808 485 3885 line
513 3836 693 3884 autem
740 3824 884 3879 nihil
938 3819 1087 3875 aliud
1134 3825 1239 3878 est,
1282 3823 1342 3870 ut
1400 3828 1522 3869 mea
1580 3811 1800 3885 quidem
1842 3808 1947 3865 fert

367 3915 574 3989 Opinio,
605 3908 710 3968 nisi
765 3925 829 3966 ea
889 3922 1012 3978 quae
1070 3907 1138 3962 de
1189 3904 1399 3974 Spiritu
1447 3909 1643 3960 sancto
1702 3899 1942 3955 traditur

368 4009 638 4070 doctrina,
686 3997 1143 4073 quemadmodum
1188 3996 1321 4051 dicit
1372 3993 1693 4064 Apostolus,
1740 3991 1943 4061 Spiritu

366 4094 676 4169 ferventes',
696 4107 856 4163 quam
886 4097 1076 4161 putres
1102 4084 1536 4157 perﬂuentcsque
1565 4092 1717 4139 utres
1747 4097 1810 4136 ac
1834 4096 1945 4154 prae

371 4187 745 4246 incredulitate
768 4178 1054 4236 inveterati
1086 4193 1194 4232 non
1213 4175 1524 4238 continent,
1558 4173 1653 4228 sed
1685 4171 1945 4228 doctrinae

366 4281 650 4353 majestate
682 4280 1028 4346 rumpuntur.
1046 4268 1260 4325 idcirco
1281 4268 1326 4325 si
1356 4282 1463 4338 qua
1495 4265 1746 4322 sublimis
1773 4264 1854 4320 eis
1876 4278 1941 4318 ev

366 4376 610 4434 doctrina
669 4373 979 4440 ingenerata
1037 4364 1200 4422 fuerit
1253 4363 1556 4429 sententia,
1615 4359 1945 4415 scinduntur

2136 1518 2297 1572 Ἀλλά
2332 1534 2422 1589 μοι
2444 1518 2594 1573 δοκεῖ
2635 1517 2816 1582 καλῶς
2849 1518 2994 1590 ἔχειν
3023 1519 3082 1582 ἐν
3114 1518 3290 1591 καιρῷ
3325 1518 3631 1591 μνησθῆναι

2047 1612 2148 1683 τῆς
2181 1610 2558 1682 παροιμιακῆς
2584 1610 2935 1676 ἐπαινέσεως,
2979 1611 3073 1666 καὶ
3128 1610 3369 1683 ζηλῶσαι
3405 1610 3507 1683 τὴν
3541 1612 3633 1682 μέ-

1999 1757 2020 1802 !
2050 1702 2240 1802 λισσαν
2259 1718 2275 1735 ⁸
2297 1702 2365 1802 ἦν
2391 1717 2556 1802 φησιν
2584 1702 2617 1774 ἡ
2642 1701 2832 1773 Γραφὴ
2850 1705 2918 1775 τῇ
2944 1701 3100 1774 ῥώμῃ
3134 1703 3231 1774 μὲν
3257 1698 3395 1757 εἶναι
3430 1703 3634 1774 ἀσθενῆ

2052 1796 2134 1864 (οὐ
2168 1795 2276 1866 γὰρ
2309 1793 2465 1865 ὤφθη
2521 1795 2650 1848 ποτὲ
2695 1795 2814 1849 ὅλον
2868 1794 3181 1866 δρεψαμένη
3216 1796 3279 1849 τὸ
3322 1795 3513 1863 ἄνθος,
3539 1798 3635 1851 καὶ

2050 1886 2188 1954 ὑπὲρ
2216 1885 2386 1941 νῶτον
2426 1886 2520 1938 ἐπὶ
2548 1884 2750 1955 σίμϐλα
2787 1884 3135 1957 κομίζουσα),
3166 1884 3301 1940 ἀλλὰ
3347 1885 3410 1939 τὸ
3438 1885 3634 1939 λεπτὸν

2046 1980 2139 2030 καὶ
2162 1977 2394 2048 χνοῶδες
2426 1980 2527 2048 τῆς
2566 1978 2624 2031 ἐν
2655 1975 2735 2047 τῷ
2786 1976 2939 2047 μέσῳ
2987 1976 3160 2047 κόμης
3201 1974 3521 2046 ἐκτιναχθὲν
3549 1975 3638 2028 διὰ

2044 2070 2154 2123 τῶν
2170 2068 2455 2141 πτερύγων
2480 2071 2601 2133 ταῖς
2628 2067 2890 2137 ἀγκύλαις
2926 2066 3289 2132 ὑπολαϐοῦσα,
3312 2066 3379 2120 δι’
3409 2065 3636 2121 ἐκείνων

2047 2162 2336 2234 ἐργάζεται
2369 2162 2467 2232 τὴν
2491 2160 2657 2232 σοφὴν
2688 2161 2950 2232 ἐργασίαν
2973 2159 3212 2230 ἐκείνην,
3241 2161 3359 2221 ταῖς
3380 2158 3441 2226 ἒξ
3461 2159 3639 2228 ἀγκύο

2046 2252 2166 2318 λαις
2221 2251 2541 2325 ἰσαρίθμους
2571 2252 2773 2321 γωνίας
2800 2252 2880 2315 εἰς
2919 2250 3101 2323 ὄρθιον
3145 2250 3520 2322 ἀνεγείρουσα,
3542 2252 3677 2304 καὶ.

2047 2343 2133 2397 διὰ
2183 2344 2349 2416 μέσου
2398 2345 2466 2413 τῇ
2516 2341 2754 2412 λειότητι
2805 2339 2913 2395 τῶν
2966 2339 3284 2412 πτερύγων,
3328 2336 3439 2392 οἷόν
3493 2356 3636 2392 τισιν

2049 2434 2317 2505 ἀλοιφαῖς,
2342 2433 2469 2497 τοὺς
2492 2431 2722 2496 λεπτοὺς
2744 2431 2985 2496 ἐκείνους
3006 2431 3100 2485 καί⁵
3124 2429 3417 2502 ὑμενώδεις
3442 2428 3635 2503 [ch-ol-

2048 2542 2177 2596 χους
2206 2524 2609 2579 ἐπιλεαίνουσα.
2640 2524 2704 2576 El
2734 2522 2791 2576 δέ
2844 2520 3026 2593 μέλλοι
3058 2522 3153 2575 καὶ
3181 2525 3210 2575 ὁ
3240 2521 3512 2593 ἡμέτερος
3547 2520 3635 2573 λό-

2049 2634 2145 2687 γος
2181 2616 2462 2689 βασιλεῦσί
2496 2633 2554 2670 τε
2585 2615 2681 2670 καὶ
2718 2613 2955 2678 ἰδιώταις
2974 2655 2989 2680 ,
3020 2612 3201 2676 καθώς
3231 2629 3397 2684 φησιν
3419 2615 3449 2666 ὁ
3486 2612 3641 2666 Σολο-

2051 2706 2191 2780 μὼν,
2226 2709 2307 2772 είς
2328 2707 2540 2777 ὑγίειαν
2562 2707 2868 2779 ἐπιτήδειος
2893 2703 3309 2777 γίνεσθαι,εὑχῇ
3344 2705 3446 2778 τὴν
3473 2705 3636 2777 χάριν

2047 2798 2482 2870 ἐπισπασώμεθα
2545 2797 2657 2867 ἐγώ
2713 2814 2776 2852 τε
2829 2797 2923 2851 καὶ
2990 2797 3148 2870 ὑμεῖς
3212 2797 3631 2869 παραπλησίως.

2046 2889 2240 2945 Κοινδν
2265 2888 2375 2962 γὰρ
2405 2889 2466 2943 τὸ
2494 2890 2709 2962 κέρδος.
2745 2889 2944 2961 μᾶλλον
2967 2889 3023 2944 δὲ
3050 2890 3112 2944 τὸ
3139 2889 3304 2944 πλέον
3337 2891 3601 2963 ὑμέτερον
3618 2910 3631 2922 ο

2047 2979 2276 3052 ἐπείπερ
2298 2975 2368 3034 ’τὸ
2403 2979 2588 3034 λαϐεῖν
2613 2998 2665 3034 τι
2695 2980 2856 3037 καλὸν
2893 2980 2987 3035 τοῦ
3021 2984 3324 3053 παρασχεῖν
3351 3000 3406 3037 τι
3438 2983 3632 3053 κερδα-

2048 3072 2333 3145 λεώτερον.
2366 3073 2721 3146 Ἀπαγορεύει
2738 3075 2799 3127 τὸ
2817 3074 3145 3144 Εὑαγγέλιον
3174 3075 3422 3139 παλαιοῖς
3444 3076 3633 3139 ἀσκοῖς
3666 3093 3672 3097 ·

2052 3159 2193 3219 οἶνον
2230 3164 2348 3219 νέον
2392 3165 2842 3219 ἐναποτίθεσθαι·
2874 3167 3016 3237 τάχα
3071 3165 3211 3239 πρὸς
3257 3167 3351 3222 τδν
3393 3167 3635 3240 παρόντα

2052 3256 2244 3329 καιρὸν
2275 3255 2461 3328 βλέπει
2488 3256 2552 3335 τὸ
2586 3256 2834 3328 αἴνιγμα.
2893 3257 2953 3312 '0
2992 3256 3100 3330 γὰρ
3150 3256 3431 3330 νεοθλιὸὴς
3471 3255 3634 3324 οἶνος,

2052 3345 2140 3402 διὰ
2165 3347 2262 3419 τὴν
2294 3347 2538 3418 φυσικῶς
2563 3349 2922 3419 ἐγγινομένην
2943 3347 3038 3403 τοῦ
3077 3348 3247 3421 ὑγροῦ
3274 3349 3447 3415 ζέσιν,
3465 3352 3642 3406 Ilvati-

2056 3455 2225 3509 ματος
2260 3440 2477 3512 πλήρης
2525 3440 2672 3507 ἐστὶ,
2699 3439 2788 3493 διὰ
2814 3441 2914 3511 τῆς
2965 3440 3201 3511 φυσικῆς
3244 3441 3514 3513 κινήσεως
3555 3443 3645 3510 ὲξο

2052 3531 2298 3603 αφρίζων
2325 3532 2416 3586 τὸν
2455 3531 2647 3604 ἰλυώδη
2672 3531 2841 3588 ῥύπον
2865 3532 2958 3602 ἀφ’
2982 3531 3190 3586 ἐαυτοῦ.
3213 3532 3379 3587 Τοῦτο
3403 3533 3461 3587 δὲ
3485 3534 3641 3588 οὐδὲν

2052 3621 2180 3676 ἄλλο
2216 3623 2333 3676 ἐστὶ
2359 3662 2374 3690 ,
2408 3623 2550 3677 κατά
2580 3639 2643 3691 γε
2685 3622 2777 3676 τὸν
2821 3622 2954 3693 ἐμὸν
3002 3622 3177 3692 λόγον,
3222 3624 3315 3695 ἢή
3360 3626 3491 3697 περὶ
3537 3626 3638 3679 τοῦ

2052 3715 2208 3783 ἁγίου
2267 3715 2581 3785 Πνεύματος
2616 3713 2929 3768 διδασκαλία
2950 3755 2964 3781 ,
2998 3714 3178 3780 καθώς
3212 3732 3367 3787 φησιν
3390 3720 3419 3770 ὁ
3469 3718 3641 3770 Ἀπό-

2054 3806 2256 3871 στολος,
2286 3807 2366 3861 ὃτι
2402 3805 2486 3873 Τῷ
2528 3806 2824 3876 [Ir-3151mm
2869 3805 3132 3873 ζέοντες,
3159 3808 3225 3879 ἣν
3253 3810 3300 3861 ol
3337 3808 3524 3882 σαθροί
3568 3827 3636 3864 τε

2052 3898 2145 3951 καὶ
2176 3889 2554 3969 διερρυηκότες
2592 3898 2783 3963 ἀσκοὶ,
2825 3898 2922 3951 καὶ
2967 3898 3072 3952 ὑπὸ
3103 3899 3201 3969 τῆς
3241 3901 3497 3965 ἀπιστίας
3529 3920 3636 3956 πε-

2052 3987 2417 4057 παλαιωμένοι
2445 3990 2503 4042 οὐ
2532 3989 2863 4059 ,στέγουσιν,
2897 3988 3030 4043 ἀλλὰ
3070 3995 3536 4064 περιῤῥήγνυνται
3566 4000 3634 4069 τῇ

2055 4080 2391 4152 μεγαλοφυῖᾳ
2426 4081 2519 4135 τοῦ
2559 4082 2849 4153 δόγματος.
2880 4082 2979 4136 Διὰ
3020 4083 3178 4137 τοῦτο
3200 4085 3295 4140 ἐάν
3339 4105 3391 4141 τι
3431 4088 3640 4160 ὑψηλὸν

2050 4170 2233 4233 αὐτοῖς
2265 4170 2329 4222 ἐκ
2370 4169 2717 4235 διδασκαλίας
2767 4172 3070 4244 ἐγγένηται
3106 4174 3285 4245 νόημα
3307 4216 3322 4240 ,
3356 4176 3639 4247 σχίζονται

2052 4265 2178 4336 περὶ
2211 4263 2303 4317 τὸν
2328 4262 2489 4332 ὄγκον
2517 4263 2610 4317 τοῦ
2642 4263 2908 4335 δόγματος
2929 4281 2943 4296 ο
2974 4266 3067 4320 καὶ
3088 4265 3240 4319 αὐτοί
3266 4284 3328 4335 γε
3353 4268 3641 4340 ἀχρειοῦνο

2049 4375 2140 4411 ται
2169 4354 2255 4409 διὰ
2288 4354 2381 4409 τοῦ
2425 4357 2722 4441 ρήγματος,
2760 4358 2858 4428 τήν
2900 4374 2959 4410 τε
2997 4356 3090 4411 τοῦ
3124 4358 3441 4429 Πνεύματος
3472 4362 3641 4435 χάριν

367 4470 515 4523 circa
545 4461 955 4534 amplitudinem
986 4456 1252 4512 doctrina:
1283 4470 1297 4507 :
1340 4469 1406 4509 ac
1426 4468 1553 4509 cum
1586 4451 1692 4524 ipsi
1717 4450 1940 4520 quidem

2050 4451 2169 4519 εἰκῆ
2232 4448 2375 4519 ῥέειν
2420 4448 2950 4519 παρασκευάζουσιν.
2986 4449 3080 4512 Είς
3131 4449 3241 4521 γὰρ
3303 4452 3642 4523 κακότεχνον

366 4574 465 4632 per
492 4566 773 4628 rupturam
796 4552 1018 4608 inutiles
1039 4547 1365 4609 redduntur,
1396 4553 1511 4601 tum
1536 4543 1776 4599 elliciunt
1803 4553 1861 4596 ut
1884 4540 1938 4595 in

368 4667 566 4708 vanum
609 4665 673 4704 ac
744 4646 951 4701 frustra
1003 4640 1185 4698 eﬂluat
1254 4639 1430 4710 gratia
1467 4636 1709 4707 Spiritus
1741 4632 1936 4689 sancti.

365 4744 427 4799 lu
467 4743 705 4797 animum
756 4735 902 4792 enim
934 4734 1267 4788 malitiosum
1310 4726 1578 4801 sapientia
1623 4740 1732 4779 non
1762 4722 1941 4792 ingre-

365 4836 568 4901 dietur,
626 4826 1082 4903 quemadmodum
1140 4824 1317 4894 inquit
1385 4820 1671 4890 Scriptura
1729 4815 1772 4869 δ.
1829 4815 1941 4868 Ιιιιο

364 4925 527 4997 agite,
557 4922 852 4995 permittite
871 4918 999 4972 mihi
1022 4929 1319 4988 pauperum
1336 4906 1789 4969 Consuetudinem
1816 4904 1939 4961 imi-

364 5017 466 5073 tari
492 5010 524 5072 ε
562 5030 688 5069 nam
729 5012 886 5069 etilli
935 5012 1133 5073 solent,
1166 5023 1290 5062 cum
1337 5003 1536 5074 aliquis
1586 5014 1682 5055 eos
1712 4998 1938 5068 opipara

365 5123 555 5164 mensa
618 5106 780 5161 fuerit
827 5104 1103 5175 dignatus,
1160 5104 1372 5154 remoto
1395 5095 1605 5166 pudore
1641 5091 1711 5147 de
1762 5089 1938 5161 epulis

366 5202 469 5257 sibi
501 5196 766 5271 appositis
800 5196 959 5250 etiam
1016 5193 1071 5247 in
1129 5194 1401 5262 posterum
1445 5185 1587 5240 diem
1617 5183 1773 5237 cibos
1811 5195 1938 5251 pro-

326 5308 327 5311 ‘
365 5270 583 5345 videre.
601 5285 836 5342 Proinde
866 5299 967 5353 ego
1018 5296 1240 5352 quoque
1266 5294 1333 5332 ex
1367 5277 1623 5332 hesterna
1685 5270 1936 5341 magnifi-

365 5381 544 5435 centia
561 5376 773 5449 exiguis
797 5370 1125 5444 quibusdam
1147 5368 1482 5440 depromptis
1498 5365 1767 5435 reliquiis,
1789 5362 1939 5417 illinc

365 5486 467 5539 pro
490 5472 695 5528 viribus
719 5471 856 5525 meis
883 5467 1168 5523 conficiam
1203 5462 1532 5521 orationem,
1566 5458 1824 5527 pleraque
1849 5469 1938 5508 eo-

366 5577 511 5627 rum,
589 5577 708 5632 qua:
765 5558 926 5614 hodie
982 5555 1261 5628 prOposita
1312 5559 1462 5614 sunt,
1519 5543 1937 5617 perfectioribus

2044 4543 2221 4614 ψυχὴν
2254 4541 2351 4594 οὑκ
2400 4539 2765 4595 εἰσελεύσεται
2796 4542 2976 4612 σοφία,
3012 4541 3196 4607 καθώς
3229 4560 3393 4614 φησιν
3422 4547 3455 4615 η
3491 4546 3643 4618 Γρα-

1998 4675 2016 4695 ,
2047 4635 2144 4704 φή.
2182 4631 2397 4686 Μᾶλλον
2447 4631 2505 4685 δὲ
2565 4632 2959 4705 συγχωρήσατέ
3009 4650 3101 4704 μοι
3146 4634 3493 4704 μιμήσασθαι
3537 4638 3641 4709 τὴν

2046 4724 2153 4779 τῶν
2200 4724 2444 4796 πενήτων
2500 4723 2787 4795 συνήθειαν
2818 4741 2833 4759 ο
2868 4725 2992 4780 ἐπεὶ
3027 4725 3300 4789 κάκείνοις
3360 4726 3599 4797 σύνηθες
3621 4769 3638 4792 .

2045 4820 2174 4872 ὅταν
2196 4818 2325 4871 ποτὲ
2354 4816 2612 4880 πλουσίας
2637 4816 2906 4884 ἀξιωθῶσι
2946 4817 3247 4889 τραπέζης,
3266 4819 3640 4890 ἁνεπαισχύνο

2044 4927 2153 4974 τως
2195 4911 2259 4964 ἐκ
2309 4906 2418 4961 τῶν
2457 4906 2825 4980 προτεθέντων
2861 4908 3065 4970 αὐτοῖς,
3088 4908 3182 4961 καὶ
3224 4910 3304 4973 εἰς
3341 4911 3443 4982 τὴν
3474 4912 3640 4966 ὑστε-

2046 5002 2205 5072 ραίαν
2234 4997 2644 5063 ἐπισιτίζεσθαι.
2671 4996 2842 5067 Κάγὼ
2872 4999 3049 5052 τοίνυν
3082 4999 3148 5053 ὲκ
3178 5000 3277 5071 τῆς
3304 5001 3499 5074 χθιζῆς
3539 5023 3638 5059 πο-

2044 5089 2322 5152 λυτελείας
2345 5088 2537 5160 μικρὸν
2555 5107 2607 5142 τι
2626 5090 3113 5162 προχειρισάμενος
3131 5091 3402 5162 λείψανον,
3418 5094 3633 5149 ἐκεῖθεν

2045 5180 2186 5233 κατὰ
2216 5179 2313 5249 τὴν
2343 5176 2580 5249 ἐμαυτοῦ
2614 5176 2840 5248 δύναμιν
2884 5180 3194 5250 ὀψοποιήσω
3223 5181 3313 5236 τὸν
3345 5182 3531 5251 λόγον,
3568 5193 3630 5238 τὰ

2046 5271 2213 5325 πολλὰ
2267 5271 2375 5324 τῶν
2408 5270 2645 5341 σήμερον
2706 5271 3074 5340 προτεθέντων
3123 5275 3237 5337 τοῖς
3271 5273 3625 5346 τελειοτέρας

2045 5362 2153 5415 τῶν
2185 5360 2520 5432 δαιτυμόνων
2547 5362 2998 5432 ταμιευσάμενος.
3038 5363 3104 5416 Τί
3138 5364 3317 5418 τοίνυν
3346 5360 3417 5437 ἦν
3443 5366 3503 5419 τὺ
3533 5366 3624 5434 τῆς

2047 5451 2239 5522 χθιζῆς
2284 5450 2602 5514 πανδαισίας
2654 5450 2898 5522 ἄϐρωτον
2947 5470 3005 5506 τε
3051 5456 3143 5508 καὶ
3184 5441 3619 5529 ἀκμέτέργαστοη

2057 5542 2126 5595 Ἥ
2149 5541 2258 5595 τῶν
2297 5540 2667 5596 ἁποστολικῶν
2700 5543 2949 5614 πράξεων
2997 5546 3207 5619 ἱστορία
3232 5547 3334 5622 τὴν
3366 5550 3428 5602 ἐν
3469 5547 3620 5618 Ἀθη-

438 5715 455 5747 ι
486 5713 653 5769 Eccli.
699 5730 772 5779 ιι,
801 5714 857 5768 3.
932 5712 952 5742 ¹
990 5710 1177 5765 Matth.
1213 5726 1287 5775 ll,
1326 5709 1409 5761 l7.
1487 5707 1505 5737 ³
1538 5705 1695 5759 ﬂetu.
1722 5716 1823 5769 xu,
1853 5700 1938 5756 ll.
2020 5707 2040 5739 δ
2074 5698 2204 5771 Sap.
2248 5714 2288 5767 ι,
2315 5699 2393 5752 4.‘
