3930 6210
247 298 348 357 557

1146 288 1236 345 DE
1256 288 1554 346 DEITATE
1583 289 1737 346 FlLll
1771 287 1857 344 ET
1892 288 2215 347 SPlRlTUS
2256 288 2519 347 SANCTI.

3405 295 3511 356 558

239 435 366 482 ναις
412 411 709 485 ἐπιδημίαν
765 409 860 466 τοῦ
891 409 1107 468 Παύλου
1160 410 1457 484 διηγήσατο
1514 410 1675 482 ἡμῖν,
1708 410 1826 474 πῶς

1944 410 2175 467 :onn’vis
2206 409 2519 467 reservans.
2550 408 2683 477 Qum
2738 419 2867 468 sunt
2894 391 3062 483 igitur
3093 413 3334 469 hesterni
3364 416 3511 486 epuli

196 558 206 568 .
238 503 735 575 είδωλομανοῦντος
765 501 862 555 τοῦ
884 501 1012 573 τῇδε
1041 500 1195 567 λαοῦ,
1235 501 1332 555 καὶ
1363 503 1483 566 ταῖς
1509 500 1830 571 ὲπιϐωμίοις

238 599 499 662 κνίσσαις
535 594 967 668 προστετηκότος
989 592 1096 667 ,τὸ
1117 592 1341 665 Πνεῦμα
1372 592 1433 647 τὸ
1479 592 1635 661 ἅγιον
1665 594 1722 646 ἐν
1752 592 1830 664 τῷ

245 688 508 761 μακαρίῳ
551 683 903 757 παρωξύνετο
954 682 1172 755 Παύλῳ,
1200 678 1310 737 οἷόν
1337 700 1389 736 τι
1421 682 1601 755 ῥεῦμα
1651 682 1831 753 πλημ-

247 784 425 856 μύρον
460 783 518 835 ὲν
549 779 778 853 τῇψυχῇ
814 776 909 832 τοῦ
955 776 1275 831 ’Λποστόλου
1306 775 1827 848 στενοχωρούμενον,

242 878 342 932 καὶ
371 876 451 948 μὴ
487 875 743 947 εὑρίσκον
774 874 834 928 ὲν
880 874 992 937 τοῖς
1024 871 1265 939 ἀναξίοις
1307 874 1406 945 τὴν
1446 872 1696 938 διέξοδον.
1732 873 1830 927 Διὰ

242 968 407 1023 τοῦτο
427 968 688 1031 Στωϊκοῖς
732 982 794 1020 τε
838 964 935 1019 καὶ
994 965 1385 1037 Ἐπικουρείοις
1439 965 1827 1037 συμπλέκεται,

244 1062 342 1116 καὶ
383 1063 466 1125 εἰς
521 1062 740 1133 Ἀρειον
771 1057 1047 1123 καταστὰς
1095 1060 1289 1128 πάγον,
1330 1061 1396 1113 ὲκ
1422 1060 1530 1114 τῶν
1585 1059 1831 1131 συνήθων

244 1154 447 1217 αὐτοὺς
467 1153 607 1227 πρὸς
629 1154 733 1225 τὴν
753 1152 1085 1222 θεογνωσίαν
1115 1152 1483 1224 προσάγεται*
1518 1152 1699 1223 βωμὸς
1723 1154 1832 1224 γάρ

246 1245 396 1299 ἐστιν
440 1241 592 1313 αὐτῷ
617 1243 714 1297 καὶ
747 1242 1096 1314 ἐπίγραμμα,
1116 1241 1177 1295 τό
1203 1242 1298 1296 τοῦ
1329 1242 1487 1311 λόγου
1525 1242 1828 1315 προοίμιον.

248 1336 342 1399 Et;
367 1334 423 1388 τί
454 1334 634 1388 τοίνυν
661 1333 939 1406 ἐμνήσθην
966 1332 1062 1387 τοῦ
1093 1332 1552 1405 άναγνώσματος;
1587 1334 1711 1389 Ὀτι
1737 1336 1832 1390 καὶ

248 1426 343 1481 νῦν
371 1428 481 1480 είσι
527 1428 649 1481 κατ’
691 1426 934 1489 ἐκείνους
986 1424 1113 1489 τοὺς
1164 1425 1513 1497 Ἀθηναίους,
1548 1426 1629 1488 είς
1680 1426 1832 1481 οὐδὲν

248 1518 437 1590 ἕτερον
484 1517 897 1589 εὐκαιροῦντες,
925 1517 958 1589 ἢ
988 1516 1166 1587 λέγειν
1196 1536 1247 1572 τι
1279 1518 1371 1572 καὶ
1398 1518 1616 1572 ἀκούειν
1653 1518 1834 1573 καινό-

253 1627 430 1683 τερον,
459 1609 634 1681 χθιξοί
660 1627 805 1673 τινες
832 1610 924 1664 καὶ
949 1607 1177 1683 πρώῖζοι
1194 1611 1256 1665 ἐκ
1276 1611 1383 1665 τῶν
1410 1610 1835 1688 βαναύσωνὲπι-

253 1700 604 1771 τηδευμάτων
654 1698 987 1771 ὁρμώμενοι,
1038 1700 1370 1772 αύτοσχίδιοί
1403 1718 1547 1765 τινες
1580 1703 1680 1775 τῆς
1719 1701 1835 1756 Θεο-

257 1792 449 1861 ).ογίας
503 1791 875 1861 δογματισταὶ,
913 1792 1054 1863 τάχα
1086 1792 1229 1856 τινὲς
1268 1793 1479 1847 οἰκέται
1512 1794 1607 1847 καὶ
1642 1809 1834 1864 μαστι-

258 1884 409 1952 γίαι,
443 1886 532 1938 καὶ
574 1883 683 1937 τῶν
733 1884 999 1939 δουλικῶν
1065 1885 1481 1956 διακονημάτων
1529 1885 1831 1958 δραπέται,

258 1975 473 2046 σεμνῶς
500 1977 633 2046 ἡμῖν
673 1976 801 2047 περὶ⁵
837 1974 948 2031 τῶν
986 1975 1245 2047 ἀλήπτων
1279 1977 1680 2046 φιλοσοφοῦσιν.
1722 1978 1836 2032 Οὐκ

254 2069 500 2138 ἀγνοεῖτε
530 2069 769 2136 πάντως,
799 2070 937 2141 πρὸς
977 2069 1127 2133 τίνας
1158 2071 1187 2123 ό
1212 2068 1370 2138 λόγος
1406 2069 1613 2141 βλέπει.
1650 2066 1835 2124 Πάντα

200 2158 363 2237 ,γὰρ
394 2157 464 2212 τὰ
507 2159 649 2213 κατὰ
690 2159 790 2230 τὴν
829 2158 985 2211 πόλιν
1025 2157 1135 2213 τῶν
1162 2159 1417 2214 τοιούτων
1455 2160 1844 2233 πεπλήρωται,’

252 2250 303 2303 οί
334 2250 637 2312 στενωποὶ,
681 2251 738 2302 αἱ
773 2249 1004 2319 ἀγοραὶ,
1033 2250 1091 2303 αί
1132 2248 1415 2314 πλατεῖαι,
1463 2248 1530 2302 τά
1586 2249 1834 2319 ᾶμφοδαο

251 2343 301 2395 οί
325 2341 439 2393 τῶν
469 2342 701 2411 ἱματίων
753 2341 1013 2411 κάπηλοι,
1037 2341 1086 2393 οί
1125 2342 1242 2404 ταῖς
1272 2341 1573 2412 τραπέζαις
1604 2338 1833 2411 ἐφεστη-

251 2434 443 2497 κότες,’
486 2434 537 2485 oi
593 2433 661 2486 τὰ
719 2431 953 2504 ἐδώδιμα
1007 2435 1142 2503 ἡμῖν
1199 2433 1837 2504 ἀπεμπολοῦντες..Ἒὰν

248 2524 385 2596 περὶ
422 2523 532 2578 τῶν
554 2523 756 2577 όὸολῶν
783 2524 1089 2596 ἐρωτήσῃς,
1130 2524 1160 2579 ό
1188 2523 1246 2578 δέ
1287 2540 1369 2578 σοι
1411 2526 1540 2597 περὶ
1579 2526 1837 2597 γεννητοῦ

249 2618 351 2672 καὶ
406 2617 704 2686 ἀγεννήτου
740 2614 1100 2687 ἐφιλοσόφησε
1122 2633 1136 2646 ·
1176 2616 1284 2671 κᾶν
1342 2617 1471 2686 περὶ
1531 2619 1839 2689 τιμήματος

248 2710 425 2780 ἄρτου
458 2707 668 2772 πύθοιο,
710 2708 930 2772 Μείζων
954 2710 986 2762 ό
1011 2692 1222 2781 Πατήρ,
1249 2699 1641 2780 ἀποκρίνεται,
1674 2710 1769 2763 καὶ
1811 2711 1841 2763 6

250 2798 386 2864 Υἱὸς
411 2797 742 2870 ὑποχείριος.
778 2799 842 2852 Ei
874 2798 955 2863 δὲ,
987 2798 1061 2853 Τὸ
1087 2799 1310 2871 λουτρὸν
1341 2798 1645 2870 ἐπιτήδειόν
1670 2801 1837 2867 ἐστιν,

247 2892 467 2958 εἴποις,
495 2893 524 2945 ό
548 2890 609 2945 δὲ
638 2890 699 2956 ιξ
725 2891 826 2945 οὐκ
857 2890 1027 2945 όντων
1061 2890 1155 2946 τὸν
1188 2891 1316 2945 Υίὸν
1355 2886 1495 2946 εἶναι
1531 2891 1838 2964 διωρίσατο.

250 2982 374 3036 οὐκ
396 2976 516 3036 οἶδα
540 2981 596 3035 τί
623 2980 728 3054 χρὴ
760 2981 821 3036 τὸ
872 2981 1042 3037 κακὸν
1082 2981 1243 3037 τοῦτο
1280 2983 1567 3055 ὀνομάσαι,
1598 2987 1843 3057 φρενῖτιν

1930 503 2195 574 reliquiae,
2225 518 2363 573 quas
2382 502 2625 558 conviva:
2656 517 2765 558 non
2794 504 3148 560 comederunt
3176 521 3354 577 neque
3384 523 3515 563 con-

1930 596 2234 652 coxerunt?
2284 595 2527 653 Historia
2592 603 2835 651 actorum
2887 598 3341 669 apostolicorum,
3390 616 3516 671 qua:

1931 688 2091 744 nobis
2135 688 2396 744 narrabat
2467 697 2526 743 ut
2580 687 2811 744 Athenis
2862 688 3062 760 hospes
3128 688 3332 746 Paulus
3391 706 3516 747 sese

1932 789 2167 850 gereret,
2200 779 2661 851 quemadmodum
2702 781 2904 850 populo
2960 780 3108 836 illius
3135 781 3287 838 urbis
3315 784 3512 838 insano

1932 870 2352 926 simulacrorum
2383 870 2551 924 cultui
2583 870 2849 938 dedito,et
2876 873 3271 928 sacrificiorum
3300 873 3513 929 nidori-

1934 961 2036 1016 bus
2072 959 2308 1025 addicto,
2344 958 2584 1032 Spiritus
2611 972 2839 1019 sanctus
2870 963 2925 1018 in
2963 964 3126 1019 beato
3165 961 3340 1018 Paulo
3378 980 3514 1019 con-

1933 1055 2215 1116 citaretur,
2247 1062 2504 1123 tanquam
2532 1054 2752 1109 -ﬂumen
2805 1057 3079 1126 quoddam
3149 1057 3422 1113 inundans
3456 1058 3512 1112 in
3542 1055 3565 1080 '

1933 1145 2116 1200 animo
2155 1144 2398 1216 Apostoll
2429 1149 2846 1217 eoangustatus,
2873 1159 2927 1203 et
2954 1149 3097 1203 inter
3118 1148 3371 1220 indignos
3406 1162 3513 1231 non

1933 1239 2216 1294 inveniens
2244 1238 2423 1293 locum
2446 1239 2792 1308 erumpendi.
2825 1237 3171 1310 Quapropter
3208 1232 3332 1295 cum
3363 1240 3512 1295 Stoi-

1932 1330 2013 1387 cis
2046 1339 2102 1385 et
2156 1328 2436 1401 Epicureis
2493 1322 2857 1399 conﬂictatur,
2921 1339 2977 1385 et
3027 1331 3082 1385 in
3120 1332 3260 1388 colle
3320 1330 3514 1388 Martio

1934 1429 2108 1488 stans,
2146 1437 2211 1477 ex
2251 1421 2467 1476 illorum
2529 1421 2794 1477 institutis
2846 1421 3142 1478 occasione
3172 1433 3415 1494 sumpta,
3445 1424 3512 1478 ad

1934 1509 2031 1566 Dei
2064 1511 2397 1582 agnitionem
2445 1525 2543 1566 eos
2597 1510 2868 1567 adducere
2918 1519 3196 1568 conatur:
3253 1529 3379 1569 nam
3415 1530 3515 1586 pro

1933 1604 2198 1658 orationis
2225 1603 2493 1674 prooemio
2522 1604 2688 1660 sumit
2735 1605 2909 1660 altare
2934 1604 3227 1676 quoddam,
3285 1606 3515 1678 ejusque

1934 1692 2155 1747 titulum
2181 1692 2681 1765 etinscriptionem.
2720 1693 2993 1761 Quorsum
3021 1695 3187 1767 igitur
3214 1695 3360 1753 illius
3396 1712 3497 1753 me-

1935 1784 2071 1839 mini
2098 1784 2388 1841 lectionis?
2440 1786 2723 1852 Quoniam‘
2758 1800 2907 1842 nunc
2965 1802 3188 1858 quoque
3219 1796 3371 1851 sunt.
3397 1789 3513 1859 qui.

1937 1876 2097 1933 sicuti
2137 1875 2502 1934 Athenienses
2526 1878 2626 1941 illi.
2660 1878 2796 1933 nulli
2833 1878 2927 1933 alii
2961 1878 3037 1934 rei
3070 1887 3290 1946 vacant,
3324 1880 3431 1935 nisi
3457 1891 3516 1934 ιιι

1936 1969 2124 2024 dicant
2150 1979 2204 2025 et
2236 1968 2459 2024 audiant
2482 1969 2686 2040 aliquid
2704 1970 2851 2039 novi,
2872 1970 2966 2042 qui
2995 1970 3078 2027 vel
3106 1970 3223 2026 heri
3254 1971 3338 2028 vel
3355 1972 3519 2043 paulo

1937 2068 2067 2116 ante
2130 2060 2199 2117 ab
2224 2061 2539 2128 sellulariis,
2594 2062 2819 2133 plebeiis
2845 2070 2901 2119 et
2958 2063 3248 2119 servilibus
3286 2064 3520 2135 opiﬁciis

1936 2152 2275 2222 prodierunt,
2301 2152 2553 2210 subitarii
2582 2165 2744 2225 atque
2764 2153 3106 2209 tumultuarii
3123 2154 3342 2224 quidam
3368 2155 3519 2211 thcoc

1942 2244 2256 2313 lugicarutn'
2274 2245 2672 2301 sententiarum
2703 2252 2989 2312 auctores,
3039 2245 3268 2301 forsitan
3328 2246 3521 2303 famuli

1939 2336 2163 2404 quidam
2209 2343 2264 2391 et
2298 2337 2631 2393 verberones
2660 2351 2689 2391 a
2714 2337 3005 2393 servilibus
3034 2338 3357 2395 ministeriis
3389 2354 3521 2410 pro.

1940 2428 2075 2500 fugi,
2112 2428 2398 2500 magniﬁce
2441 2428 2601 2485 nobis
2630 2428 2698 2484 de
2736 2429 2899 2485 rebus
2952 2430 3519 2502 incomprehensibili-

1939 2521 2043 2577 bus
2066 2519 2545 2592 philosophantur.
2579 2520 2814 2578 Prorsus
2837 2521 2981 2577 haud
3005 2521 3271 2595 ignoratis
3287 2524 3356 2580 ad
3381 2540 3521 2597 quos

1940 2615 2122 2671 oratio
2142 2622 2371 2687 spectet.
2402 2617 2598 2672 Omnia
2618 2633 2855 2688 namque
2876 2617 2996 2673 loca
3025 2618 3178 2676 urbis
3202 2620 3405 2677 talibus
3428 2636 3520 2677 re-

1943 2705 2087 2775 pleta
2113 2713 2263 2774 sunt,
2303 2706 2610 2777 angiporta,
2640 2705 2810 2773 bivia,
2869 2707 3007 2772 fora,
3069 2702 3261 2779 plateae
3304 2711 3522 2766 :vesti-

1942 2804 2253 2853 mentorum
2306 2796 2609 2862 institores,
2644 2797 2851 2853 mensis
2879 2799 3210 2871 argentariis
3257 2800 3520 2871 praefecti,

1942 2887 2036 2956 qui
2068 2885 2349 2942 esculenta
2392 2886 2553 2943 nobis
2577 2888 2840 2943 vendunt.
2880 2885 2936 2943 Si
3004 2904 3168 2961 quem
3211 2905 3405 2947 eorum
3455 2892 3526 2949 de

1943 2979 2121 3036 obolis
2145 2980 2473 3052 interroges,
2524 2980 2615 3038 ille
2664 2981 2762 3038 tibi
2801 2982 2870 3038 de
2918 2984 3086 3055 geniti
3113 2992 3169 3040 et
3215 3000 3326 3042 non
3357 2969 3551 3060 geniti

251 3073 287 3146 ἦ
314 3073 542 3145 μανίαν,
565 3073 601 3145 ἦ
632 3091 688 3128 τι
714 3073 956 3128 τοιοῦτον
987 3075 1156 3129 κακὸν
1184 3074 1489 3148 ἐπιδήμιον,
1516 3076 1546 3130 δ
1566 3076 1673 3130 τῶν
1699 3076 1840 3147 λογι-

1945 3083 2145 3128 natura
2171 3074 2617 3145 philosophatur;
2642 3074 2788 3145 quod
2812 3074 2857 3131 si
2888 3076 2952 3131 de
2985 3079 3159 3147 pretio
3202 3086 3257 3135 et
3284 3081 3525 3135 aestima-

256 3166 415 3237 σμῶν
436 3167 537 3239 τὴν
569 3168 897 3240 παραφορὰν
930 3166 1305 3239 ἐξεργάζεται.

259 3254 434 3314 Filius
468 3258 752 3328 subjectus

1944 3170 2092 3223 tione
2121 3168 2279 3236 panis
2302 3165 2624 3233 scisciteris,
2666 3164 2829 3221 Pater
2881 3168 3059 3239 major
3092 3177 3198 3235 est,
3240 3170 3441 3242 inquit,
3472 3183 3526 3229 ct

811 3277 826 3313 ι
876 3260 1023 3330 quod
1062 3261 1110 3315 si
1169 3260 1447 3316 lavacrum
1495 3262 1844 3318 commodum
1871 3276 1996 3320 esse
2023 3259 2252 3321 dixeris,
2289 3258 2378 3313 ille
2407 3273 2470 3313 cx
2517 3273 2626 3313 non
2675 3259 2892 3316 entibus
2916 3259 3114 3318 Filium
3147 3279 3271 3321 esse
3314 3276 3522 3323 censet.

261 3354 458 3410 Nescio
488 3368 601 3425 quo
623 3354 845 3410 nomine
908 3355 1013 3412 hoc
1082 3356 1284 3411 malum
1354 3365 1605 3429 oporteat
1662 3358 1958 3430 appellare,
2038 3352 2335 3426 phrenesin
2407 3368 2475 3408 an
2511 3352 2749 3410 furorem
2784 3396 2802 3425 ,
2843 3365 2939 3412 aut
2989 3356 3211 3431 aliquod
3256 3361 3525 3432 ejusmodi

261 3453 462 3507 malum
490 3450 638 3521 quod
672 3451 729 3506 in
758 3452 961 3522 populo
984 3454 1445 3524 grassetur,quod
1502 3455 1700 3511 cﬂiciat
1739 3456 1937 3526 mentis
1965 3450 2390 3525 perversionem.

331 3541 430 3596 Διά
464 3539 624 3594 τοῦτό
656 3557 799 3611 φημι
832 3541 969 3609 πρὸς
1019 3542 1244 3607 τούτους
1293 3543 1512 3615 βλέπειν
1558 3546 1658 3618 τὴν
1704 3545 1846 3601 κατὰ

265 3633 354 3685 τὸν
386 3633 707 3686 ’Δπόστολον
737 3633 978 3705 ἱστορίαν
1000 3651 1014 3666 ·
1047 3633 1084 3689 ά
1107 3634 1215 3707 γὰρ
1245 3639 1373 3708 περὶ
1397 3636 1506 3690 τῶν
1547 3638 1844 3710 Ἀθηναίων

266 3725 304 3793 ἡ
334 3723 526 3793 Γραφὴ
564 3722 934 3794 διεξέρχεται,
971 3724 1144 3779 ταῦτα
1192 3726 1287 3781 νύν
1319 3728 1465 3781 ἐστιν
1506 3728 1599 3782 ἐπὶ
1642 3730 1844 3784 τούτων

278 3814 430 3868 ἰδεῖν*
482 3814 675 3884 μᾶλλον
723 3815 784 3869 δὲ
832 3817 880 3868 εί
927 3816 1034 3888 χρὴ
1080 3817 1288 3889 τάληοῆ
1335 3817 1533 3888 λέγειν,
1577 3821 1843 3875 κάκείνων

277 3905 395 3958 ἐστὶ
432 3904 506 3957 τὰ
545 3906 680 3960 κατὰ
704 3905 930 3971 τούτους
971 3908 1475 3980 άσυγγνωστότερα.
1511 3910 1572 3964 Οἱ
1607 3912 1705 3981 μὲν
1732 3911 1842 3985 γὰρ

270 3994 435 4048 οἱονεὶ
484 3994 628 4067 λήμῃ
687 3997 796 4050 τινὶ
844 4000 912 4069 τῇ
967 3999 1096 4070 περὶ
1144 3999 1213 4053 τά
1260 4000 1452 4054 εἴδωλα
1506 4001 1678 4073 πλάνῃ
1721 4004 1845 4066 τοὺς

264 4085 579 4158 ὀφθαλμοὺς
606 4089 703 4158 τῆς
735 4089 914 4161 ψυχῆς
962 4091 1342 4161 κατεχόμενοι,
1388 4092 1514 4147 ἰδεῖν
1539 4094 1844 4165 αὐτοπροσο

263 4172 431 4239 ώπως
480 4176 583 4248 τὴν
636 4177 836 4250 εύσεόῆ
892 4180 1022 4251 περὶ
1078 4180 1190 4234 τῶν
1241 4181 1410 4235 όντων
1462 4181 1847 4247 ἀδυνατοῦντες

264 4263 520 4336 ἀληθειαν
537 4282 551 4295 ’
583 4267 734 4337 ὅμως
754 4263 866 4323 οἷον
887 4269 1070 4341 ὶπαφῇ
1100 4288 1204 4322 τινι
1233 4270 1342 4323 τῶν
1361 4271 1634 4343 λογισμῶν
1660 4271 1847 4326 τοσοῦ-

265 4372 357 4410 τον
384 4360 705 4430 ἐνενόησαν,
740 4360 821 4414 δτι
867 4362 930 4415 ού
983 4364 1159 4434 πάντη
1204 4364 1546 4436 καταληπτὸν
1598 4366 1659 4419 τὸ
1688 4367 1842 4419 Θεῖόν

262 4450 433 4514 ἐστιν,
467 4451 590 4505 οὐδὲ
622 4447 735 4505 οἷον
764 4453 799 4505 ό’
821 4453 1077 4524 λογισμὸς
1101 4455 1292 4521 οἴεται,
1324 4456 1563 4510 τοιοῦτον
1590 4460 1657 4528 τῇ
1687 4458 1845 4527 φύσει
1876 4442 1922 4497 Π

260 4541 326 4594 τὸ
353 4542 771 4614 ὑπερκείμενον.
801 4545 893 4598 Διὸ
928 4545 1021 4599 τὸν
1049 4546 1218 4612 ὅντως
1245 4546 1378 4600 Θεὸν
1406 4546 1677 4616 ἄγνωστον
1710 4546 1848 4604 εἶναι

265 4634 741 4703 ὁμολογήσαντες,
796 4634 966 4707 βωμῷ
1020 4638 1114 4690 καὶ
1161 4638 1449 4710 γράμματι
1500 4639 1701 4708 τιμῶσι
1742 4639 1849 4692 -τὸν

265 4725 668 4797 ἀγνοούμενον·
715 4729 798 4782 ὅτι
852 4728 960 4802 γᾲρ
1006 4729 1143 4801 πρὸς
1196 4730 1286 4783 τὸν
1335 4731 1502 4795 ὅντως
1553 4731 1683 4784 ὄντα
1717 4731 1849 4785 Θεὸν

264 4814 495 4868 ἔϐλεπεν
540 4817 722 4871 αὐτῶν
765 4821 800 4891 ἠ
846 4819 1088 4882 διάνοια.
1123 4824 1390 4892 μαρτυρεῖ
1423 4820 1583 4883 αὐτὸς
1622 4821 1651 4873 ὁ
1692 4820 1851 4872 ’Λπό-

261 4905 476 4969 στολος.
516 4908 723 4962 ἐκεῖνον
762 4910 1149 4980 καταγγέλλων
1178 4912 1359 4976 αὐτοῖς
1395 4913 1482 4965 τὸν
1507 4912 1657 4976 Θεὸν,
1691 4914 1768 4977 εἰς
1791 4911 1851 4966 δν

255 4996 517 5049 εὐσεϐεῖν
557 5000 754 5052 ἐκεῖνοι
801 5000 891 5053 διά
938 5001 1038 5071 τῆς
1074 5000 1177 5074 ,τοῦ
1230 5002 1414 5072 βωμοῦ
1460 5004 1625 5074 τιμῆς
1658 5003 1847 5075 ᾤοντο.

252 5086 403 5151 Πῶς
450 5083 542 5141 οὖν
589 5091 650 5142 οὐ
702 5090 1072 5163 χαλεπώτεροι
1121 5091 1230 5146 τῶν
1275 5095 1755 5164 μνημονευθέντων
1800 5097 1850 5149 οἱ

251 5179 366 5234 νῦν
422 5182 838 5250 ματαιάζοντες;
884 5185 935 5237 οἱ
997 5184 1070 5254 μὴ
1119 5185 1526 5256 συγχωροῦντες
1567 5186 1707 5257 ὑπὲρ
1753 5186 1851 5259 τὴν

252 5271 580 5341 κατάληψιν
609 5274 789 5327 αὐτῶν
816 5270 957 5327 εἶναι
994 5275 1057 5327 τὸ
1084 5275 1258 5339 Θεῖον,
1294 5275 1405 5329 ἀλλ’
1436 5276 1577 5328 οὓτω
1602 5278 1694 5330 τὸν
1719 5277 1852 5331 Θεὸν

256 5363 598 5435 γιγνώσκειν
649 5367 1115 5438 μεγαλαυχοῦντες
1159 5367 1236 5430 ὼς
1279 5367 1441 5431 αὐτὸς
1474 5369 1696 5435 ἐαυτόν;
1727 5371 1853 5434 Πῶς

263 5458 325 5510 ἂν
354 5472 453 5519 τις
494 5456 614 5510 κατ’
660 5458 818 5525 ἀξίαν
846 5460 946 5530 τὴν
974 5460 1224 5530 πήρωσιν
1265 5457 1375 5512 τῶν
1411 5458 1656 5514 δειλαίων
1684 5478 1851 5515 κατα-

267 5547 628 5620 θρηνήσειεν,
683 5552 735 5604 0!
784 5550 1039 5605 τοσούτου
1089 5550 1266 5620 φωτὸς
1306 5550 1406 5621 τῆς
1458 5550 1713 5622 ἀληθείας
1755 5554 1853 5625 τὴν

273 5640 598 5711 οἰκουμένην
635 5644 815 5697 πᾶσαν
851 5646 910 5696 ιν
938 5647 1004 5716 τῇ
1033 5644 1155 5698 καθ’
1183 5647 1333 5716 ἡμᾶς
1359 5643 1597 5716 ζωῇ.διά
1622 5647 1719 5718 τῆς
1760 5649 1852 5700 et)-

277 5731 468 5794 αδοῦς
496 5732 731 5799 πίστεως
768 5736 1219 5807 περιλάμποντος,
1259 5738 1410 5810 μόνοι
1451 5737 1588 5809 πρὸς
1621 5737 1719 5810 τὴν
1752 5739 1852 5794 αύ-

2019 3540 2365 3612 Quapropter
2400 3539 2646 3611 Apostoli
2673 3540 2960 3599 historiam
2986 3544 3056 3601 ad
3084 3530 3185 3604 hos
3207 3548 3330 3604 dico
3358 3552 3527 3622 perti-

1945 3649 2116 3701 nere;
2144 3647 2269 3688 nam
2297 3647 2417 3703 quae
2440 3633 2507 3687 de
2539 3630 2967 3692 Atheniensibus
3000 3646 3191 3693 narrat
3216 3638 3524 3711 Scriptura,

1950 3725 2069 3781 haec
2097 3738 2244 3779 nunc
2288 3723 2341 3778 in
2374 3724 2458 3779 his
2495 3724 2622 3780 licet
2654 3725 2839 3782 videre
2873 3745 2887 3781 :
2944 3727 3057 3783 imo
3090 3745 3220 3785 vero
3245 3731 3291 3787 si
3318 3741 3530 3803 oportet
3572 3798 3584 3810 _

1942 3833 2071 3874 vera
2107 3816 2309 3879 dicere.
2344 3816 2538 3872 horum
2568 3826 2849 3887 peccatum
2879 3821 3090 3878 minore
3112 3838 3274 3894 quam
3309 3826 3529 3882 illorum

1944 3923 2124 3973 error,
2151 3909 2309 3965 venia
2348 3907 2570 3980 dignum
2592 3917 2697 3973 est,
2730 3919 2895 3983 atque
2913 3912 2998 3969 his
3024 3916 3207 3972 minus
3236 3932 3398 3987 quam
3424 3919 3533 3976 illis

1947 4002 2157 4073 ignosci
2205 4002 2387 4057 debet.
2435 4000 2759 4072 Quanquam
2810 4005 2957 4060 enim
3006 4006 3298 4078 illi,,quod
3340 4026 3530 4067 eorum

1948 4094 2117 4148 animi
2141 4096 2332 4149 oculos
2377 4101 2637 4163 tanquam
2685 4094 2951 4164 lippitudo
3006 4099 3252 4167 quaedam
3307 4102 3534 4158 simula-

1949 4199 2168 4239 Cl‘Otllltl
2207 4184 2391 4240 cultus
2420 4199 2577 4239 error
2602 4185 2898 4249 invaserat,
2931 4196 3077 4242 recta
3105 4188 3243 4245 facie
3266 4209 3364 4248 sua
3387 4195 3530 4264 piant

1948 4272 2017 4328 de
2052 4275 2215 4329 rebus
2250 4273 2560 4344 quibusque
2587 4278 2869 4331 veritatem
2896 4276 3209 4334 videtenon
3240 4292 3530 4353 poterunt;

1950 4370 2134 4418 tamen
2159 4366 2429 4418 rationum
2459 4367 2618 4434 quasi
2646 4368 2878 4438 quadam
2905 4375 3290 4431 attrectatioue
3321 4385 3533 4432 tantum

1950 4456 2361 4520 intellexerunt,
2422 4457 2570 4527 quod
2610 4476 2811 4516 numen
2859 4460 3104 4518 divinum
3135 4467 3351 4535 penitus
3380 4484 3536 4524 cutu-

1949 4545 2220 4616 prehendi
2253 4562 2359 4601 non
2393 4551 2586 4618 possit,
2617 4564 2717 4606 nec
2749 4554 2909 4621 quale
2933 4568 3048 4609 eam
3079 4557 3220 4611 ratio
3236 4573 3360 4615 esse
3384 4569 3536 4629 putat

1950 4646 2149 4692 natura
2186 4639 2312 4693 talis
2334 4655 2531 4710 supera
2555 4640 2739 4696 divina
2766 4644 3025 4715 majestas
3046 4648 3137 4703 sit.
3169 4650 3534 4715 Quamobrem

1953 4746 2138 4783 verum
2186 4725 2351 4784 Deum
2385 4732 2642 4801 cognosci
2689 4748 2796 4787 non
2830 4750 2990 4803 posse
3031 4735 3284 4805 fatentes,
3312 4754 3409 4795 ara
3454 4752 3537 4796 at-

1950 4840 2057 4895 que
2089 4825 2257 4887 titulo
2278 4824 2549 4880 honorant
2583 4843 2742 4897 quem
2780 4829 3033 4899 ignorant
3081 4850 3095 4886 :
3130 4847 3255 4887 nam
3296 4846 3534 4892 mentem

1952 4915 2169 4969 illorum
2199 4931 2348 4981 eum,
2377 4919 2471 4988 qui
2501 4933 2691 4974 revera
2722 4918 2867 4977 Deus
2899 4930 3007 4989 est,
3052 4938 3353 4995 spectasse,
3390 4928 3534 4998 Apo-

1954 5009 2128 5065 stolus
2178 5018 2433 5081 testatur,
2463 5013 2593 5066 dum
2641 5012 2795 5068 illum
2824 5012 2994 5070 Deum
3046 5016 3126 5073 eis
3151 5020 3531 5085 annuntiabat,

1951 5118 2109 5171 quem
2153 5103 2242 5173 pie
2292 5119 2352 5160 se
2378 5105 2557 5161 colere
2590 5120 2686 5176 per
2711 5106 2974 5164 honorem
3027 5110 3217 5166 altaris
3253 5110 3534 5166 existima-

1954 5193 2105 5247 bant.
2140 5192 2246 5259 Qui
2282 5195 2451 5266 igitur
2492 5197 2810 5255 memoratis
2871 5214 2979 5255 non
3014 5202 3237 5270 gravius
3284 5211 3538 5272 peccant,

1953 5284 2046 5353 qui
2076 5300 2222 5341 nunc
2246 5288 2531 5343 stultitiam
2558 5305 2715 5345 suam
2773 5291 3161 5363 produnt?qui
3191 5308 3302 5350 non
3338 5309 3539 5351 conce-

1953 5376 2091 5431 dunt
2119 5391 2288 5448 supra
2320 5387 2540 5449 captum
2570 5396 2731 5436 suum
2763 5397 2886 5438 esse
2910 5398 3113 5440 numen
3133 5386 3402 5452 divinum,
3439 5387 3536 5443 sed

1954 5469 2026 5522 ita
2056 5467 2225 5525 Deum
2257 5487 2379 5527 sese
2435 5488 2768 5545 cognoscere
2798 5460 3212 5546 gloriantur,'ut
3251 5481 3369 5551 ipse
3415 5495 3539 5537 sese

1954 5562 2394 5634 cognoscitiqui
2417 5567 2595 5636 possit
2634 5568 2831 5639 aliquis
2859 5568 3021 5642 digne
3082 5573 3247 5642 talem
3312 5573 3540 5629 misero-

1955 5667 2076 5706 rum
2137 5654 2335 5712 mentis
2389 5659 2688 5716 caecitatem
2739 5660 3183 5735 deplorare?qui
3230 5672 3382 5719 tanta
3416 5665 3538 5719 luce

1957 5745 2275 5810 universum
2297 5757 2566 5809 terrarum
2588 5755 2773 5813 orbem
2786 5754 2846 5825 in
2867 5756 2978 5812 vita
3008 5766 3196 5815 nostra
3225 5772 3318 5827 per
3334 5766 3534 5813 rectam

3486 6060 3517 6073 -Ι
