3930 6210
421 374 527 431 £759

1638 361 1695 416 S.
1737 354 2063 414 GllEGOllll
2092 355 2376 413 NYSSENI

3569 350 3686 408 566

423 489 582 545 ﬁdem
613 486 991 548 collustrnue,
1026 480 1128 536 soli
1157 479 1224 534 ad
1248 474 1776 550 splettdm'em,quod
1811 474 2007 529 attinet

2117 474 2212 545 γὴν
2256 452 2709 546 ἀμέλυωποῦσιν;
2761 474 2793 545 ἦ
2838 473 3078 539 ἀγνοεῖτε
3133 469 3284 521 ποῖον
3338 465 3479 534 λέγω
3524 464 3684 517 πλεο-

421 581 488 635 ad
535 577 780 634 veritatis
833 574 1208 645 agnitionem,
1247 568 1581 626 caacntiunt?
1631 582 1697 620 an
1747 565 2011 635 ignoratis

421 685 584 742 quam
610 652 786 723 luerim
811 667 862 719 in
892 665 1000 719 vita
1032 671 1217 719 nostra
1248 663 1425 717 dicam
1467 658 1787 715 abundare?
1812 655 2009 712 Nume-

423 773 539 818 rate
570 759 701 815 mihi
729 759 876 828 regia
903 755 1347 826 luminaria,quaa
1367 750 1698 822 evangelicis
1721 748 2008 805 luminari-

388 920 397 936 .
423 855 524 910 bus
549 868 774 908 numero
803 851 953 922 paria
980 848 1292 904 universum
1315 845 1706 917 propemodum
1727 845 2008 913 complexa

423 946 685 1000 mundum
713 944 765 998 in
795 958 926 1013 pace
946 953 1107 1011 atque
1129 941 1322 1010 pietate
1350 938 1661 992 illustrant:
1683 935 1901 1006 quando
1928 934 2008 988 fa—

422 1048 541 1093 rtor
567 1053 748 1092 rerum
797 1036 1175 1090 universarum
1211 1030 1352 1085 Dens
1388 1028 1621 1099 primum
1654 1028 1785 1082 illud
1818 1027 2006 1081 mundi

352 1192 355 1195 _
420 1131 648 1200 originis
671 1144 808 1199 opus
830 1126 1118 1181 miriﬁcum
1144 1123 1411 1181 imitatur,
1429 1121 1522 1190 qui
1542 1136 1649 1175 non
1679 1119 1855 1175 solum
1887 1134 2007 1171 ma-

422 1237 587 1290 gnum
617 1218 886 1272 luminare
920 1211 1205 1269 Constituit
1241 1211 1295 1263 in
1326 1210 1634 1280 principatu
1672 1225 1855 1264 rerum
1889 1224 2010 1277 qua:

422 1311 678 1365 videntur
697 1346 711 1371 ,
739 1321 928 1361 verum
952 1304 1117 1359 etiam
1148 1301 1196 1355 ei
1227 1300 1389 1354 simul
1419 1300 1709 1369 conjunxit
1738 1297 2009 1352 luminare

422 1415 642 1471 quoque
657 1399 860 1463 minus,
877 1394 1024 1466 quod
1043 1408 1072 1446 a
1090 1390 1337 1464 paternis
1361 1391 1527 1446 radiis
1551 1397 1776 1460 accepto
1803 1388 2009 1443 lumine

424 1507 532 1546 una
563 1488 817 1544 collucet.
840 1486 903 1540 Et
935 1484 1205 1556 ejusmodi
1238 1482 1396 1538 nobis
1426 1482 1478 1536 in
1501 1479 1778 1536 communi
1809 1493 2009 1549 propo-

423 1583 545 1638 sitis
562 1579 888 1644 commodis,
908 1576 1067 1648 quasi
1093 1591 1123 1629 a
1142 1573 1486 1630 daemonibus
1514 1580 1736 1642 accepta
1765 1572 1921 1642 plaga
1951 1572 2006 1626 in

420 1677 661 1731 furorem
683 1671 812 1737 acti,
832 1670 1175 1740 impudenter
1194 1666 1457 1722 adversus
1481 1664 1761 1720 veritatem
1785 1673 2007 1719 senten-

422 1769 618 1822 tiarum
647 1778 769 1820 sese
783 1760 1107 1833 opponunt?
1136 1742 1591 1828 quemadmodum
1611 1754 1781 1810 Stoici
1809 1763 1862 1810 et
1879 1753 2004 1824 Epi-

2111 568 2293 631 νάζειν
2342 566 2456 636 φῶς
2492 568 2548 620 ὲν
2598 568 2666 636 τῇ
2695 564 2942 636 ἡμετέρᾳ
2980 561 3126 633 {mf};
3177 558 3544 631 Ἀριθμήσατέ
3593 574 3682 626 μοι

2109 660 2237 722 τοὺς
2299 659 2609 729 βασιλικοὺς
2665 658 2993 729 φωστῆρας.
3035 655 3085 709 οῖ
3143 658 3255 715 τοῖς
3302 649 3682 718 Εὑαγγε).ικοῖς

2114 750 2391 823 ίσάριθμοι
2435 752 2612 805 πάντα
2666 749 2865 822 μικροῦ
2902 749 3013 802 δεῖν
3042 747 3133 800 τὸν
3166 745 3371 815 κόσμον
3408 740 3687 795 διαλαϐόν-

2111 858 2224 906 τες,
2258 842 2324 896 δι’
2358 844 2581 913 εἰρήνης
2624 843 2716 894 καὶ
2760 839 3039 901 εὐσεϐείας
3070 834 3569 904 καταφωτίζουσιν·
3603 833 3683 883 ὃτε

2113 938 2359 1005 μιμεῖται
2385 939 2413 989 6
2441 936 2592 999 Θεὸς,
2627 938 2657 988 6
2682 934 2772 987 τοῦ
2821 931 3021 994 παντὸς
3054 928 3305 999 ποιητὴς,
3332 928 3428 995 τὴν
3465 923 3690 993 πρώτην

2109 1027 2207 1096 τῆς
2235 1027 2627 1097 κοσμογενείας
2672 1022 3131 1097 Θαυματουργίαν,
3174 1020 3235 1073 οὑ
3281 1017 3438 1089 μόνον
3468 1015 3561 1067 τὸν
3594 1013 3691 1082 μὲο

2109 1134 2211 1185 γαν
2257 1120 2520 1189 φωστῆρα
2565 1120 2642 1181 εἰς
2672 1118 2771 1187 τὴν
2818 1116 2928 1168 τῶν
2959 1112 3248 1185 ὁρωμένων
3282 1110 3445 1174 τάξας
3494 1106 3687 1176 ἀρχὴν.

2108 1206 2243 1260 ἀλλά
2274 1208 2366 1261 καὶ
2412 1206 2872 1278 συμπαραζεύξας
2914 1204 3062 1274 αὑτῷ
3091 1202 3187 1256 καὶ
3212 1202 3302 1253 τὸν
3333 1200 3548 1252 ἐλάσσω
3578 1214 3690 1262 φω-

2110 1302 2313 1370 στῆρα,
2360 1299 2451 1351 τὸν
2512 1300 2629 1361 ταῖς
2690 1299 2980 1366 πατρικαῖς
3044 1296 3226 1348 ἀκτῖσι
3282 1289 3692 1361 συμπαραλὰμο

2110 1406 2304 1443 ποντα.
2332 1384 2463 1441 Εἶτα
2492 1388 2746 1441 τοιούτων
2778 1389 2910 1457 ἡμῖν
2946 1387 3003 1439 ἐν
3037 1384 3112 1455 τῷ
3142 1382 3303 1452 κοινῷ
3331 1382 3437 1433 τῶν
3468 1377 3692 1446 agri-1.06;:

2110 1480 2506 1550 προκειμένων,
2553 1479 2741 1550 ὥσπερ
2782 1478 2887 1532 ὑπὸ
2935 1476 3205 1547 δαιμόνων
3249 1473 3464 1544 πληγῆς
3506 1470 3686 1522 ἐνθου-

2109 1571 2352 1634 σιῶντες,
2401 1569 2634 1632 ἀναιδῶς
2670 1568 2804 1640 πρὸς
2836 1569 2935 1639 τὴν
2976 1566 3234 1637 ἀλήθειαν
3265 1564 3372 1616 τῶν
3403 1562 3693 1629 δογμάτων

2108 1659 2603 1723 ἀντικαθίστανται,
2654 1658 2793 1712 κατὰ
2832 1659 2957 1720 τοὺς
2997 1643 3271 1716 Στωϊκούς
3301 1670 3358 1707 τε
3406 1651 3503 1705 καὶ
3541 1651 3693 1701 Ἐπι-

2111 1754 2392 1825 κουρείους
2428 1752 2690 1815 ἐκείνους.
2744 1750 2880 1821 πρὸς
2923 1748 3017 1813 οὓς
3060 1752 3087 1802 6
3119 1747 3326 1811 Παῦλος
3358 1746 3488 1815 παρ’
3526 1743 3685 1810 Ἀϐη-

423 1855 575 1913 curei
609 1854 706 1918 illi,
732 1868 855 1907 cum
882 1849 1082 1921 quibus
1105 1848 1308 1903 Paulus
1334 1846 1476 1916 apud
1497 1846 1858 1901 Athenienses
1876 1861 2006 1900 con-

2117 1846 2280 1909 ναίοις
2311 1843 2714 1915 συμπλέκεται;
2747 1843 2855 1896 Καὶ
2878 1843 2964 1895 ἵνα
3011 1841 3083 1912 μὴ
3121 1839 3381 1910 νομίσητε
3419 1836 3692 1905 κατατρέ-

423 1950 682 2003 ﬁictatur.
698 1948 775 1998 Ac
795 1958 864 1998 ne
886 1940 1088 2013 p'utetis
1104 1956 1199 2010 per
1215 1939 1545 1993 calumniam
1561 1937 1859 1993 decurrere
1879 1953 2005 1992 ora-

423 2037 803 2108 tionem,ipsas
820 2034 1121 2091 sententias
1138 2039 1560 2087 memoratarum
1573 2031 2003 2086 consideremus.

424 2128 699 2185 ltlateriale
731 2141 931 2181 numen
978 2124 1221 2179 divinum
1252 2138 1376 2179 esse
1424 2121 1595 2177 Stoici
1632 2120 2004 2190 suspicantur,

423 2229 669 2277 rreatum
699 2218 862 2275 etiam
895 2217 946 2271 lii
983 2214 1322 2286 unigenitum
1359 2212 1560 2267 Filium
1601 2228 1724 2268 esse
1763 2212 2004 2283 ﬁngunt;

425 2327 653 2384 prorsus
682 2319 861 2365 antem
900 2307 1058 2363 scitis
1087 2313 1292 2377 quanta
1332 2312 1517 2360 creato
1578 2318 1706 2359 cum
1739 2304 2007 2359 materiali

425 2402 680 2475 cognatio
708 2400 801 2457 sit.
835 2398 964 2455 Item
988 2397 1237 2469 Epicurei
1272 2397 1568 2467 opinantur
1611 2396 1818 2450 nullam
1840 2392 2012 2466 supe—

422 2511 542 2552 ram
588 2501 910 2566 potestatem
944 2505 1175 2561 praeesse
1206 2504 1305 2544 nec
1354 2488 1730 2544 constitutioni
1780 2503 1881 2543 nec
1914 2486 2010 2541 ad-

427 2585 820 2642 ministrationi
869 2598 1079 2646 rerum,
1139 2580 1236 2636 sed
1281 2581 1466 2636 omnia
1504 2588 1710 2636 temere
1763 2595 2010 2650 casuque

424 2678 650 2734 fortuito
679 2676 828 2741 ferri,
854 2674 1004 2728 nulla
1037 2672 1376 2743 providentia
1407 2687 1495 2728 res
1524 2671 1856 2742 pervadentc
1885 2691 1899 2726 :
1936 2681 2009 2733 et.

430 2769 882 2826 utconcisiusac
932 2765 1152 2819 brevius
1190 2778 1432 2818 errorem
1465 2777 1653 2816 eorum
1685 2762 2011 2823 indicemus,

430 2863 498 2918 ad
532 2860 739 2925 ἀθείαν,
775 2858 828 2912 id
850 2866 954 2918 est,
985 2857 1327 2926 negationem
1354 2855 1594 2908 numinis
1620 2854 1786 2909 divini
1823 2868 2011 2908 eorum

430 2959 681 3023 spectant
718 2948 1030 3021 Opiniones.
1078 2943 1372 3001 Videamus
1421 2944 1587 3015 igitur
1615 2958 1684 2997 an
1737 2958 1846 2997 non
1903 2945 2013 2999 sint

434 3038 738 3094 imitatores
769 3033 1189 3104 Epicureorum,
1231 3032 1322 3101 qui
1356 3030 1551 3085 Filium
1594 3030 1734 3102 (Dei)
1776 3031 2009 3102 ignomi-

434 3120 523 3187 n'ia
548 3127 791 3185 alliciunt
807 3127 831 3181 Ἰ
847 3127 923 3182 Ac
948 3140 1111 3181 nemo
1135 3124 1369 3179 orationi
1394 3139 1457 3179 ex
1489 3120 1718 3179 adrerso
1740 3132 2009 3195 apponat:

2112 1955 2227 2009 χειν
2256 1939 2315 1991 ὲν
2363 1936 2693 2005 συκοφαντίᾳ
2718 1935 2809 1988 τὸν
2838 1934 3016 2002 λόγον,
3047 1931 3184 1986 αὑτά
3212 1930 3280 1984 τὰ
3304 1930 3554 1996 δόγματα
3585 1926 3697 1977 τῶν

2116 2025 2598 2099 μνημονευθέντων
2626 2024 3082 2094 ἐπισκοπήσωμεν
3098 2038 3112 2050 ·
3152 2019 3363 2072 ’Υλικὸν
3386 2019 3498 2077 τοῖς
3519 2017 3697 2068 Στωϊ-

2114 2121 2229 2182 κοῖς
2254 2117 2315 2170 τὸ
2344 2116 2497 2170 Θεῖον
2534 2111 2674 2170 εἶναι
2708 2116 3031 2178 ὑπονοείται,
3063 2111 3276 2166 κτιστὸν
3308 2109 3400 2162 καὶ
3426 2102 3577 2161 οὑτοι
3605 2105 3698 2157 τὸν

2117 2207 2384 2279 μονογενῆ
2419 2206 2548 2261 Υίὸν
2582 2200 2723 2260 εἶναι
2755 2201 3267 2267 κατασκευάζουσιν.
3300 2202 3439 2253 Ἰστε
3471 2199 3528 2251 δὲ
3556 2198 3697 2250 τεάν-

2115 2318 2242 2364 τως,
2273 2301 2372 2371 ὅση
2403 2300 2520 2352 ἐστὶ
2560 2297 2653 2351 τοῦ
2688 2296 2921 2351 κτιστοῦ
2956 2295 3090 2367 πρὸς
3134 2295 3195 2347 τὸ
3225 2292 3407 2346 ὑλικὸν
3435 2294 3469 2361 ὴ
3502 2290 3701 2358 συγγὲ-

2116 2409 2255 2446 νεια.
2313 2390 2480 2445 Πάλιν
2525 2392 2636 2453 τοῖς
2689 2387 3080 2458 Ἐπικουρείοις
3129 2385 3282 2439 οὐδὲν
3335 2383 3697 2455 ὑπερκεῖσθαι

2117 2488 2263 2541 δοκεῖ
2301 2486 2399 2556 τῆς
2440 2486 2549 2538 τῶν
2593 2485 2763 2538 ὄντων
2795 2479 3106 2542 συστάσεως
3140 2496 3197 2532 τε
3222 2477 3314 2531 καὶ
3338 2477 3692 2546 διοικήσεως,

2117 2577 2233 2631 ἀλλ’
2264 2575 2586 2646 αὐτομάτως
2619 2575 2689 2627 τὰ
2728 2573 2900 2627 πάντα
2950 2568 3229 2641 φέρεσθαι,
3260 2566 3529 2637 μηδεμιᾶς
3560 2579 3697 2635 προσ

2118 2668 2266 2731 νοίας
2289 2666 2376 2720 διὰ
2410 2666 2519 2719 τῶν
2558 2664 2898 2737 πραγμάτων
2930 2660 3200 2734 ἡκούσης·
3236 2658 3330 2713 καὶ
3358 2658 3435 2720 ὡς
3473 2656 3539 2710 ἂν
3574 2672 3702 2708 συνι

2119 2760 2428 2832 τομώτερον
2454 2759 2698 2829 εἴποιμεν
2732 2757 2831 2828 τὴν
2866 2754 3074 2824 πλάνην
3107 2752 3306 2815 αὑτῶν,
3342 2751 3480 2822 πρὸς
3504 2748 3699 2802 seats»

2120 2856 2302 2918 αὐτοῖς
2336 2853 2525 2925 βλέπει
2570 2853 2637 2906 τὰ
2678 2851 2950 2921 δόγματα.
2998 2848 3368 2917 Σκοπήσωμεν
3417 2842 3601 2897 τοίνυν
3651 2842 3703 2893 εἰ

2124 2946 2199 3018 μὴ
2235 2946 2470 3017 μιμηταὶ
2505 2944 2612 2998 τῶν
2658 2942 3048 3014 Ἐπικουρείων
3080 2941 3130 2992 οἱ
3162 2940 3250 2992 τὸν
3283 2938 3413 2991 Υίὶν
3436 2933 3703 2989 ἀθετοῦνο

2120 3054 2211 3099 τες
2236 3035 2361 3089 είσί.
2409 3036 2518 3089 Καὶ
2578 3034 2762 3105 μηδεὶς
2816 3030 3196 3100 ἀνθυπενέγκῃ
3241 3027 3318 3098 τῷ
3376 3027 3548 3097 λόγῳ,
3615 3025 3698 3079 ὅτι

2134 3124 2452 3194 Ἐπίκουρος
2489 3123 2609 3176 οὐδὲ
2651 3122 2742 3175 τὸν
2785 3120 3004 3190 Πατέρα
3051 3115 3212 3183 οἶδεν,
3270 3116 3391 3170 οὐδὲ
3442 3115 3699 3183 ὁμολογεῖ

435 3222 705 3292 [Epicurus
748 3231 926 3288 neque
951 3215 1167 3270 Patrem
1212 3214 1380 3280 norit,
1414 3228 1584 3282 neque
1608 3185 1865 3273 deitatem
1899 3212 2013 3280 ejus

2121 3214 2287 3269 αὑτοῦ
2314 3214 2410 3285 τὴν
2446 3214 2699 3284 θεότητα,
2728 3213 2821 3267 καὶ
2848 3212 2964 3275 πῶς
2999 3210 3138 3264 κατά
3167 3209 3229 3261 τὸ
3263 3208 3376 3260 ἴσον
3408 3206 3698 3260 ἅσεῦοὖσιν

422 3313 763 3378 Δυοιιίίιιιῑιιιπ
808 3317 865 3365 et
903 3305 1175 3379 quomodo
1200 3319 1355 3375 mque
1405 3303 1555 3374 impii
1603 3311 1733 3359 sunt
1778 3303 2020 3373 hiatque

437 3407 536 3468 illi,
569 3406 663 3477 qui
699 3402 880 3459 Patris
911 3401 1165 3456 deitatem
1200 3413 1309 3452 non
1351 3380 1551 3467 negant
1597 3411 1695 3451 nec
1730 3397 2022 3466 rejiciunt?

434 3498 725 3553 l’aululnm
755 3494 900 3551 enim
930 3498 1179 3547 moratus
1208 3495 1373 3558 atque
1425 3494 1739 3551 cunctatus,
1782 3486 2022 3556 reperies

435 3600 761 3648 Anommum
788 3587 1018 3643 alterum
1066 3596 1286 3654 quoque
1314 3594 1437 3634 esse
1459 3576 1778 3649 Epicurum.
1809 3577 1899 3631 Sic
1921 3592 2019 3632 au-

434 3698 544 3742 tem
575 3699 691 3740 rem
728 3679 1162 3737 consideremus.
1222 3671 1580 3744 Splendorem
1628 3670 1818 3742 gloria:
1853 3668 2005 3724 Clu-i-

434 3788 583 3832 stum
601 3789 724 3831 esse
752 3771 891 3827 dixit
940 3766 1252 3839 Apostolus,
1291 3772 1345 3819 et
1384 3776 1698 3833 expressam
1730 3760 2018 3832 imaginem

438 3857 762 3926 substantias
781 3864 826 3928 ',
852 3870 903 3918 et
932 3858 1235 3931 potentiam
1265 3854 1384 3919 Dei,
1431 3863 1486 3909 et
1537 3852 1858 3923 sapientiam
1886 3852 1929 3918 ‘,
1967 3859 2021 3905 et

437 3969 776 4031 quzocunque
808 3959 940 4008 sunt
957 3951 1105 4017 talia,
1156 3960 1389 4020 quorum
1443 3944 1870 4015 unumquodque
1903 3952 2023 3995 tan-

438 4064 602 4121 quam
646 4049 702 4102 in
761 4040 1248 4113 coniunctionibus
1303 4036 1633 4109 quibusdam
1691 4033 2019 4089 necessariis

441 4143 597 4199 nullo
628 4138 790 4195 modo
809 4151 904 4208 per
927 4149 1050 4191 sese
1078 4132 1256 4188 solum
1277 4144 1340 4185 ac
1357 4128 1655 4200 separatim
1674 4125 2018 4195 intelligitur,

441 4234 535 4289 sed
558 4239 788 4299 utraque
803 4225 1137 4295 coniunctim
1169 4230 1224 4278 et
1242 4236 1411 4276 unum
1434 4234 1557 4274 cum
1577 4217 1749 4271 altero
1773 4229 2021 4284 campre—

440 4323 713 4380 lienditnr.
731 4317 1000 4390 Splendor
1019 4316 1163 4371 enim
1181 4327 1407 4385 prorsus
1420 4310 1656 4380 alicujus
1672 4308 1748 4363 rei
1763 4306 2019 4378 splendor

438 4425 547 4479 est,
585 4417 711 4468 item
763 4410 971 4481 efﬁgies
1004 4419 1056 4463 et
1089 4408 1267 4477 imago
1294 4404 1526 4474 alicujus
1577 4401 1659 4457 rei
1693 4415 1919 4471 prorsus
1948 4398 2023 4453 ef-

437 4508 595 4577 ﬁgies
615 4511 718 4559 est.
753 4498 1225 4568 Quemadmodum
1246 4497 1412 4566 igitur
1430 4510 1494 4550 ex
1529 4492 1735 4548 lumine
1763 4490 2020 4561 splendor

438 4598 707 4653 exsistere
732 4608 838 4648 non
860 4591 1031 4662 possit
1049 4604 1157 4643 non
1183 4595 1429 4644 exstante
1445 4600 1609 4641 causa
1636 4584 2013 4639 collustrante:

440 4694 514 4747 ita
543 4686 888 4760 splendorem
917 4682 1084 4738 edens
1104 4690 1300 4735 natura
1327 4695 1421 4750 per
1451 4693 1574 4734 sese
1597 4677 1701 4732 nisi
1737 4674 1899 4730 simul
1934 4674 2019 4727 in-

442 4783 716 4852 telligatur
733 4776 1009 4849 splendor,
1025 4773 1250 4842 intelligi
1264 4786 1372 4828 non
1389 4772 1580 4840 possit.
1607 4767 1871 4823 Similiter
1886 4767 2015 4820 item

442 4871 650 4941 efﬁgies
696 4881 918 4939 queque
948 4875 1008 4919 et
1044 4865 1222 4933 imago
1266 4860 1630 4916 substantiam
1667 4856 1928 4921 ostendit,
1964 4863 2019 4909 et

444 4958 757 5016 substantia
768 4972 866 5027 per
884 4948 1547 5025 imaginemcognoscitur
1567 4967 1580 5003 ι
1605 4949 1678 5002 ita
1697 4945 2018 5016 Deiquoqne

444 5050 689 5123 potentia
717 5049 922 5117 absque
941 5046 1048 5101 Deo
1073 5060 1196 5100 esse
1215 5058 1328 5098 non
1348 5049 1546 5113 potest,
1569 5055 1633 5095 ac
1650 5039 1792 5095 Deus
1812 5040 2017 5109 absque

444 5143 686 5216 potentia
705 5139 935 5209 intelligi
966 5138 1290 5193 naturaliter
1323 5149 1428 5187 non
1467 5140 1666 5202 potest.
1703 5131 1806 5198 Qui
1855 5133 2019 5202 igitur

444 5254 610 5292 unum
630 5232 849 5303 aliquod
869 5246 1077 5295 eorum,
1095 5244 1215 5297 quae
1236 5243 1330 5296 per
1354 5226 1495 5282 lianc
1516 5227 1915 5297 copulationem
1946 5225 2022 5279 sic

443 5328 793 5399 guiﬁcantur,
831 5338 953 5379 esse
982 5328 1160 5390 negat,
1204 5334 1312 5373 una
1348 5334 1473 5373 cum
1516 5318 1753 5388 potentia
1792 5332 2021 5387 prorsus

442 5417 674 5473 etiamid
694 5414 836 5485 quod
870 5412 1136 5482 reliquum
1165 5419 1247 5466 est
1267 5409 1806 5480 tollit.Atquidicunt
1840 5409 2026 5478 impie-

446 5511 572 5562 tatis
584 5501 1219 5584 propugnatoresFilium
1234 5500 1525 5572 aliquando
1547 5515 1655 5555 non
1678 5501 1865 5555 fuisse.
1885 5500 2022 5572 Ergo

446 5598 493 5651 si
523 5596 692 5652 Filius
711 5612 820 5651 non
840 5606 980 5661 erat,
1012 5594 1235 5651 omnino
1266 5608 1442 5662 neque
1470 5590 1631 5647 Pater
1659 5602 1809 5659 erat;
1833 5593 1877 5645 si
1911 5607 2021 5645 non

516 5771 539 5803 ⁸
567 5761 803 5834 Helms,
834 5769 885 5824 5.
962 5767 1023 5822 ⁸1
1058 5767 1189 5823 Cor.
1222 5782 1261 5831 i,
1293 5765 1380 5819 2‘.

2118 3301 2284 3368 οῦτοι,
2329 3305 2378 3356 οἱ
2426 3304 2500 3374 μὴ
2543 3302 2863 3365 ἀθετοῦντες
2906 3299 3000 3354 τοῦ
3056 3299 3270 3369 Πατρὸς
3303 3297 3400 3368 τὴν
3432 3297 3702 3366 θεότητας

2119 3397 2330 3468 Μικρὸν
2373 3396 2482 3468 γὰρ
2522 3394 2795 3466 ἐπισχὼν,
2849 3394 3100 3463 εὑρήσεις
3130 3391 3221 3444 καὶ
3267 3389 3358 3442 τὸν
3418 3388 3703 3457 Ἀνὸμοιον

2118 3493 2275 3547 ἄλλον
2315 3492 2652 3563 Ἐπίκουρον.
2695 3488 2908 3543 Οὑτωσὶ
2953 3487 3009 3540 δὲ
3046 3486 3441 3555 ησκοπήσωμεν·
3492 3482 3704 3535 Ἀναύ-

2118 3598 2305 3655 γασμα
2342 3584 2443 3655 τῆς
2478 3583 2635 3653 δόξης
2685 3576 2807 3635 εἷπε
2851 3579 2945 3633 τὸν
2988 3578 3115 3631 Υἰὸν
3142 3579 3171 3631 6
3218 3573 3566 3636 Ἀπόστολος,
3603 3573 3705 3625 καὶ

2118 3677 2444 3750 χαρακτῆρα
2479 3677 2578 3746 τῆς
2627 3673 2993 3734 ὑποστάσεως,
3040 3670 3136 3723 καὶ
3180 3666 3404 3736 δύναμιν
3427 3663 3565 3715 Θεοῦ
3599 3664 3707 3715 καὶ

2120 3772 2332 3841 σοφίαν,
2371 3772 2463 3824 καὶ
2515 3770 2617 3823 ὅσα
2649 3766 2902 3821 τοιαῦτα’
2948 3758 3022 3819 ὧν
3059 3764 3289 3817 ἕκαστον
3329 3756 3577 3824 καθάπερ
3637 3760 3703 3809 ἐν

2122 3862 2402 3932 συζυγίαις
2444 3862 2584 3915 τισὶν
2615 3858 2975 3927 ἀναγκαίαις,
3021 3856 3171 3909 οὐδὲν
3220 3854 3312 3920 ἀφ’
3345 3847 3539 3903 ἑαυτοῦ
3588 3864 3703 3900 κα-

2117 3955 2359 4022 ταμόνας
2405 3955 2634 4016 νοεῖται,
2669 3951 2806 4004 ἀλλὰ
2857 3946 3213 4018 συνημμένως
3255 3943 3571 4014 ἀμφότερα,
3601 3940 3707 3993 καὶ

2124 4045 2238 4116 μετ’
2278 4043 2519 4115 ἀλλήλων
2557 4041 3052 4112 καταλαμϐάνεται.
3087 4039 3160 4093 Τὸ
3189 4037 3297 4106 γὰρ
3349 4034 3706 4102 ἀπαύγασμα

2120 4138 2335 4200 πάντως
2372 4138 2518 4199 τινός
2570 4139 2715 4189 ἐστιν
2756 4133 3133 4202 ἀπαύγασμα.
3183 4130 3276 4182 καὶ
3322 4129 3352 4180 6
3384 4125 3703 4198 χαρακτὴρ,

2118 4229 2262 4292 τινὸς
2287 4231 2573 4301 χαρακτὴρ
2604 4229 2820 4290 πάντως
2853 4225 3018 4278 ἐστίν.
3051 4224 3261 4293 ’Ὠσπερ
3293 4220 3473 4273 τοίνυν
3501 4219 3607 4271 οὑκ
3638 4217 3706 4270 ἂν

2120 4321 2463 4390 ἀπαύγασμα
2497 4319 2581 4388 εἴη
2616 4319 2677 4369 τὸ
2705 4318 2841 4386 φῶς,
2881 4314 2968 4387 μὴ
2999 4313 3165 4385 οὑσης
3192 4313 3289 4382 τῆς
3318 4306 3703 4376 καταυγαζού-

2124 4427 2223 4482 σης
2253 4409 2449 4471 αίτίας,
2478 4407 2650 4469 οὑτως
2680 4410 2712 4477 ἡ
2737 4405 3128 4474 ἀπαυγάζουσα
3158 4402 3318 4472 φύσις
3343 4400 3446 4452 οὑκ
3477 4399 3545 4452 ἂν
3578 4395 3706 4449 καθ’

2049 4522 2094 4577 Β
2124 4501 2320 4570 ἑαυτὴν
2354 4497 2604 4568 νοηθείη,
2653 4498 2727 4567 μὴ
2786 4495 3264 4564 συνεπινοουμένου
3313 4490 3409 4543 τοῦ
3445 4488 3712 4555 ἀπαυγάο

2124 4605 2348 4658 σματος.
2389 4586 2618 4658 Ὁμοίως
2661 4585 2717 4639 δὲ
2760 4588 2904 4638 καὶὸ
2947 4582 3234 4655 χαρακτὴρ
3259 4580 3360 4650 τὴν
3397 4577 3710 4631 ὑπόστασιν

2119 4678 2376 4742 δείκνυσι,
2404 4677 2501 4731 καὶ
2524 4676 2819 4739 ὑπόστασις
2846 4675 2935 4729 διὰ
2963 4673 3309 4745 χαρακτῆρος
3331 4669 3673 4739 γνωρίζεται
3693 4685 3706 4697 ·

2120 4765 2263 4819 οὕτω
2310 4766 2402 4819 καὶ
2443 4767 2476 4836 ἡ
2517 4763 2611 4818 τοῦ
2657 4763 2793 4817 Θεοῦ
2859 4764 3084 4833 δύναμις
3133 4763 3301 4832 χωρὶς
3358 4756 3494 4811 Θεοῦ
3558 4751 3710 4809 εἶναι

2120 4859 2181 4912 οὑ
2205 4858 2446 4922 δύναται,
2483 4858 2577 4911 καὶ⁵
2604 4859 2631 4910 6
2651 4855 2783 4919 Θεὸς
2814 4855 2981 4926 χωρὶς
3007 4853 3105 4923 τῆς
3134 4853 3412 4921 δυνάμεως
3438 4848 3709 4918 νοηθῆναι

2123 4953 2283 5022 φύσιν
2311 4952 2408 5006 οὑκ
2437 4951 2568 5023 ἔχει.
2608 4949 2666 5004 Ὀ
2696 4948 2876 5003 τοίνυν
2918 4947 2975 5001 ἓν
3002 4963 3057 4999 τι
3081 4944 3189 4998 τῶν
3227 4942 3371 4996 κατά
3405 4940 3503 5007 τὴν
3538 4939 3708 5004 συζυ-

2124 5043 2249 5110 γίαν
2268 5040 2470 5112 ταύτην
2499 5039 2906 5110 σημαινομένων
2943 5035 3016 5107 μὴ
3038 5031 3177 5088 εἶναι
3197 5034 3390 5101 λέγων,
3423 5030 3705 5083 συνανεῖλε

2126 5135 2344 5196 πάντως
2381 5134 2447 5203 τῇ
2486 5130 2712 5201 δυνάμει
2762 5130 2853 5183 καὶ
2897 5128 2959 5181 τὸ
3000 5127 3339 5197 λειπόμενον.
3397 5123 3561 5176 Ἀλλὰ
3595 5122 3703 5192 μὴν

2125 5224 2375 5291 λέγουσιν
2401 5223 2450 5275 οἱ
2481 5221 2577 5291 τῆς
2602 5220 2858 5282 ἀσεϐείας
2890 5217 3210 5288 προστάται,
3240 5217 3323 5269 ὅτι
3348 5216 3379 5267 6
3412 5214 3542 5275 Υἱός
3574 5227 3698 5264 ποτε

2127 5315 2227 5367 οὑκ
2252 5308 2338 5383 ἦν.
2371 5312 2433 5365 Εἰ
2461 5306 2554 5365 οὖν
2587 5312 2687 5364 οὐκ
2719 5306 2786 5380 ἦν
2821 5311 2849 5362 ὁ
2879 5309 3027 5374 Υἱὸς,
3056 5310 3273 5368 πάντως
3302 5305 3421 5357 οὑδὲ
3453 5307 3484 5357 6
3514 5300 3701 5369 Πατὴρ

2127 5402 2194 5478 ἦν
2219 5423 2231 5434 ·
2262 5406 2311 5459 εί
2333 5405 2432 5459 οὑκ
2456 5401 2523 5477 ἦν
2553 5405 2615 5458 τὸ
2636 5403 2995 5473 ἀπαύγασμα,
3022 5401 3143 5455 οὐδὲ
3170 5400 3231 5454 τὸ
3254 5397 3577 5468 ἁπαυγάζον
3606 5392 3694 5464 ἦν·

2129 5501 2177 5553 εἱ
2223 5497 2323 5552 οὑκ
2368 5493 2435 5569 ἧν
2472 5498 2502 5549 6
2540 5496 2845 5568 χαρακτὴρ,
2892 5494 3110 5557 πάντως
3158 5491 3279 5545 οὐδὲ
3317 5492 3351 5561 ἡ
3404 5488 3703 5543 ὑπόστασις

2128 5586 2215 5662 ἦν’
2243 5591 2290 5642 εἱ
2314 5590 2412 5643 οὑκ
2436 5584 2503 5660 ἦν
2530 5590 2564 5658 ἡ
2589 5587 2835 5656 δύναμις,
2872 5586 2972 5640 οὐκ
3004 5579 3073 5657 ἦν
3097 5587 3130 5656 ἠ
3164 5582 3344 5652 σοφία⁶
3376 5583 3425 5635 εί
3446 5581 3503 5634 δὲ
3531 5576 3709 5630 ταῦτα
