3930 6210
311 272 402 321 biit
1300 276 1388 332 DE
1424 276 1723 337 DEITATE
1745 284 1898 342 FlLll
1919 286 2007 343 ET
2039 286 2358 347 SPiRlTUS
2389 288 2654 349 SANCTI.

3472 304 3574 361 66?.

305 385 401 436 οὐκ
424 379 513 486 ἦν,
551 378 627 439 ὧν
657 386 785 441 ἀνευ
807 387 937 453 Θεὸς
978 391 1078 445 οὐκ
1108 392 1255 449 ἔστιν
1276 435 1290 461 ,
1323 400 1352 452 6
1382 399 1477 455 ἐπὶ
1504 401 1720 465 πάντων
1756 405 1876 471 Θεὸς

1990 416 2108 463 erat
2163 409 2446 480 splendor,
2497 426 2675 483 neque
2731 413 2786 467 id
2842 414 2986 484 quod
3040 414 3386 486 splendorem
3436 417 3571 481 edit,

302 476 423 539 πῶς
459 472 560 548 ἧνς
606 482 1075 548 κατασκευάζεται
1107 486 1215 560 γὰρ
1254 489 1344 547 διά
1396 492 1601 547 τούτων
1633 495 1695 548 τι)
1743 493 1882 551 εἶναι

293 565 460 621 Θεόν.
499 568 574 621 06
624 570 729 641 γὰρ
781 570 931 627 ἔστιν
982 577 1229 648 ἐννοῆσαι
1287 580 1444 647 δόξαν
1490 584 1736 658 ἀλαμπῆ,
1784 590 1881 660 οὐχ

291 658 604 713 ὑπόστασιν
639 662 1134 738 ἀχαρακτήριστον,
1174 672 1274 725 οὐκ
1305 673 1433 728 ἄνευ
1470 677 1661 747 σοφίας
1696 680 1877 750 σοφὸν,

287 746 405 801 06x
457 748 585 840 ἀνευ
631 749 914 823 δυνάμεως
959 756 1215 827 δυνατὸν,
1249 762 1348 815 οὐκ
1400 746 1603 818 ἄπαιδα
1639 746 1874 840 Πατέρα.

294 838 513 892 Οὐκοῦν
545 842 922 899 ἀποδέδεικται
970 847 1058 901 διά
1091 850 1199 905 τῶν
1245 854 1573 925 εἰρημένων,
1603 859 1686 911 ὅτι
1720 861 1748 911 6
1787 838 1884 914 τὸν

299 928 432 1019 Ἱῖίδν
471 930 714 995 ἀθετῶν,
757 936 1040 992 συναθετεί
1084 942 1175 995 καὶ
1226 944 1317 997 16v
1352 946 1602 1019 Πατέρα·
1657 948 1792 1003 ὅπου
1826 951 1882 1004 δὲ

295 1017 425 1073 οὔτε
451 1023 481 1075 6
504 1022 634 1086 Υἱὸς
657 1024 954 1094 δοξάζεται,
978 1029 1103 1084 061s
1123 1034 1151 1086 6
1179 1035 1368 1107 Πατὴρ
1383 1017 1522 1092 εἶναι
1545 1040 1878 1105 πιστεύεται,

298 1108 531 1163 καθόλου
566 1113 600 1184 ἡ
641 1112 829 1186 θεότης
872 1118 1159 1191 ἠθέτηται·
1201 1123 1263 1177 τὸ
1289 1124 1347 1179 δὲ
1380 1126 1595 1184 ἀθετεῖν
1634 1131 1735 1200 τὴν
1769 1131 1885 1186 θεό-

293 1216 469 1269 τητα,
503 1203 720 1268 οὐδενὸς
745 1206 902 1262 ἄλλου
935 1210 967 1282 ἦ
1010 1211 1329 1287 Ἐπικούρου
1360 1219 1526 1273 ἐστίν.

1989 512 2141 567 erat;
2178 502 2223 557 si
2255 517 2364 557 non
2395 512 2513 559 erat
2540 503 2751 575 effigies
2798 513 2853 562 et
2882 507 3081 578 imago,
3135 508 3362 565 omnino
3398 523 3574 579 neque

1989 591 2294 646 substantia
2325 600 2484 660 erat;
2518 594 2563 649 si
2600 610 2711 650 non
2740 603 2857 651 erat
2889 592 3153 667 potentia,
3183 613 3294 653 non
3338 606 3457 653 erat
3481 614 3574 652 sa-

1989 682 2190 752 pientia
2222 701 2234 737 :
2272 684 2418 754 quod
2450 686 2498 741 si
2532 686 2648 742 haec
2702 703 2812 742 non
2866 697 3025 744 erant
3055 690 3173 746 sine
3198 685 3398 761 quibus
3431 690 3574 745 Deus

1986 787 2093 826 non
2125 779 2242 854 est,
2262 774 2308 829 is
2339 775 2432 844 qui
2463 785 2549 832 est
2580 792 2746 847 super
2766 779 2968 844 omnia,
2997 778 3136 836 Deus
3179 782 3270 852 qui
3295 782 3454 837 erat?
3479 798 3574 853 per

1987 864 2100 919 haec
2126 866 2269 920 enim
2296 866 2534 923 efficitur
2561 868 2728 926 Deum
2778 888 2887 927 non
2921 888 3063 930 esse.
3097 873 3216 930 Non
3244 876 3389 931 enim
3420 879 3570 945 cogi-

1985 955 2089 1008 tari
2116 964 2293 1024 potest
2324 972 2423 1012 nec
2453 959 2627 1030 gloria
2657 961 2773 1017 sine
2791 963 3105 1033 splendore,
3139 980 3237 1021 nee
3260 966 3566 1022 substantia

1985 1047 2107 1103 sine
2135 1047 2336 1119 eﬂigie.
2366 1066 2468 1107 nee
2502 1051 2622 1109 sine
2660 1054 2930 1125 sapientia
2955 1058 3198 1127 sapiens,
3236 1073 3335 1114 nec
3365 1059 3572 1128 absque

1986 1141 2228 1208 potentia
2278 1149 2492 1213 potens,
2522 1159 2624 1201 nee
2676 1146 2883 1217 absque
2934 1148 3072 1203 Filio
3126 1150 3308 1207 Pater.
3369 1151 3567 1205 Annon

1985 1245 2082 1299 per
2112 1230 2275 1286 modo
2307 1231 2451 1288 dicta
2495 1233 2927 1293 demonstratum
2965 1251 3068 1307 est,
3096 1256 3218 1296 eum
3247 1244 3338 1312 qui
3373 1241 3567 1296 Filium

297 1305 485 1402 negat,
515 1297 679 1352 simul
710 1301 870 1357 etiam
907 1313 1120 1377 "negare
1153 1307 1415 1367 Patrem?
1453 1314 1541 1369 ubi
1610 1326 1790 1372 autem
1859 1338 2034 1393 neque
2081 1324 2252 1381 Filius
2323 1328 2678 1396 glorilicatur,
2729 1346 2831 1388 nee
2886 1331 3047 1389 Pater
3120 1350 3242 1393 esse
3303 1337 3569 1402 creditur,

299 1387 484 1491 Deitas
502 1397 1119 1491 prorsusreprobatur:
1153 1405 1448 1472 reprobate
1469 1422 1598 1463 vero
1625 1410 1882 1467 deitatem
1923 1387 2131 1473 nullius
2156 1387 2384 1475 alteritis
2413 1428 2579 1490 atque
2608 1387 2830 1491 Epicuri
2861 1431 2966 1478 est.

369 1480 586 1535 Οὐκοῦν
617 1482 983 1559 Ἐπικούρειοι
1013 1491 1063 1544 ol
1095 1492 1190 1546 νῦν
1215 1494 1573 1567 δογματισταὶ
1611 1501 1710 1572 τῆς
1743 1503 1885 1557 ἁπά-

297 1587 402 1663 της
428 1574 868 1645 ἀναπεφήνασιν,
898 1581 948 1633 oi
984 1582 1073 1635 διὰ
1112 1583 1212 1654 τῆς
1239 1588 1321 1650 είς
1347 1588 1438 1642 τὸν
1467 1593 1730 1663 μονογενῆ
1759 1594 1886 1648 Υὶὸν

2041 1506 2207 1587 _Erg0
2260 1509 2511 1580 Epicurei
2590 1512 2750 1568 nobis
2816 1528 2940 1569 esse
3010 1513 3373 1571 demonstrati
3441 1525 3572 1570 sunt

1995 1599 2202 1655 fraudis
2230 1600 2506 1667 doctores,
2539 1602 2633 1672 qui
2666 1617 2765 1672 per
2793 1605 3202 1670 contumeliam,
3235 1621 3344 1677 qua
3389 1604 3565 1661 Filius

301 1659 537 1765 669503;,
579 1666 676 1731 τὰς
706 1667 977 1740 ὑπεροχὰς
1009 1672 1088 1744 τῷ
1140 1675 1315 1747 Πατρὶ
1363 1659 1744 1751 χαριζόμενοι,
1790 1684 1876 1737 καὶ

1991 1688 2249 1752 afﬁcitur,
2285 1659 2846 1760 praestantiam-Patri
2906 1659 3342 1765 largitlntur,lac
3374 1695 3565 1751 dicunt

301 1753 557 1846 λέγοντες
577 1758 656 1811 ὃτι
678 1762 708 1812 6
733 1761 835 1830 μὲν
866 1763 1087 1833 μείζων,
1117 1770 1145 1820 6
1171 1767 1227 1822 δὲ
1257 1770 1494 1825 ἐλάττων
1517 1789 1528 1803 ·
1557 1774 1586 1826 6
1611 1775 1709 1843 μὲν
1739 1775 1881 1846 πέμ-

309 1859 425 1907 πει,
460 1845 489 1896 6
516 1844 573 1897 δὲ
609 1846 1017 1918 ἀποστέλλεται,
1066 1857 1113 1908 εί
1140 1856 1232 1910 καί
1274 1875 1426 1923 τινας
1471 1863 1655 1932 ῥήσεις
1687 1864 1751 1916 ἐκ
1784 1844 1883 1936 τῆς

308 1934 350 1986 Γ
354 1936 531 2006 ραφῆς
570 1939 698 2010 περὶ
738 1941 930 1996 τούτου
969 1948 1315 2016 παράγοντες
1346 1951 1396 2004 οί
1422 1952 1634 2023 ἀνόητοι
1664 1934 1881 2025 προτεί-

307 2043 508 2091 νονται,
543 2031 635 2083 καί
674 2050 835 2100 φασιν
866 2035 1027 2090 αὐτὸν
1067 2040 1349 2110 ὁμολογεῖν
1394 2042 1487 2097 16v
1537 2045 1762 2116 Κύριον,
1799 2048 1881 2102 ὅτι

304 2117 564 2209 ἐπέμφθη
604 2124 754 2193 παρά
785 2125 877 2179 106
914 2129 1149 2200 Πατρός.
1202 2127 1336 2187 Εἶτα
1371 2134 1453 2187 ὅτι
1494 2135 1593 2206 μὲν
1626 2137 1881 2209 ἐπέμφθη

301 2206 614 2276 γινώσκεις,
657 2212 741 2265 ὅτι
783 2214 841 2267 δὲ
875 2218 903 2269 6
946 2217 1168 2289 πέμψας
1204 2224 1322 2291 μετ’
1374 2223 1540 2277 αὑτοῦ
1589 2227 1737 2288 ἐστιν
1780 2229 1882 2283 οὐκ

301 2297 577 2369 ἀκήκοαςς
645 2302 701 2355 '0
724 2303 966 2374 πέμψας
982 2325 1079 2376 με,
1112 2313 1278 2382 φησι,
1318 2316 1448 2383 μετ’
1501 2315 1648 2385 ἐμοῦ
1677 2318 1879 2372 ἐστιν’

303 2388 400 2440 καὶ
427 2390 530 2443 οὐκ
565 2392 847 2465 ἐδιδάχθης
878 2398 965 2451 διὰ
1003 2399 1110 2453 τῶν
1152 2404 1476 2474 εἰρημένων,
1507 2406 1589 2459 ὅτι
1620 2408 1715 2460 καὶ
1747 2410 1883 2462 ἀποι-

304 2481 586 2537 στέλλεται
618 2486 711 2538 καὶ
736 2487 799 2540 οὐ
838 2488 1160 2558 χωρίζεται;
1197 2493 1586 2549 ἀποστέλλεται
1633 2497 1730 2568 μὲν
1772 2498 1883 2569 γὰρ

296 2572 387 2627 διὰ
430 2575 866 2648 φιλανθρωπίαν,
916 2582 975 2634 06
1015 2583 1308 2654 χωρίζεται
1348 2585 1405 2639 δὲ
1434 2585 1522 2641 διὰ
1551 2588 1611 2641 τὸ
1650 2590 1750 2659 τῆς
1779 2589 1935 2657 φύσχ

298 2676 443 2723 σεως
469 2665 732 2736 ἄτμητον.
773 2671 909 2724 Φασὶ
950 2672 1007 2724 δὲ
1046 2673 1209 2728 πάλιν
1232 2675 1384 2746 παρὰ
1414 2677 1510 2730 τοῦ
1544 2678 1883 2748 Μονογενοῦς

296 2753 707 2828 ὠμολογῆσθαι,
739 2760 801 2813 16
830 2761 1051 2831 μείζονα
1075 2762 1215 2820 εἶναι
1248 2767 1415 2828 αὐτοῦ
1437 2768 1530 2822 τὸν
1555 2763 1796 2842 Πατέρα,
1824 2774 1883 2825 ὲν

294 2845 376 2919 τῷ
399 2846 600 2919 λέγειν,
616 2851 698 2908 ὅτι
734 2852 796 2908 '0
817 2853 1019 2926 Πατήρ
1035 2877 1150 2928 μου
1168 2857 1381 2931 μείζων
1393 2878 1512 2932 μου
1537 2860 1727 2919 ἐστιν.
1744 2864 1883 2917 06x-

295 2940 395 2994 οῦν
425 2941 788 3017 ἐξετάσωμεν,
809 2948 1045 3020 ἀδελφοὶ,
1074 2947 1185 3023 ἆρα
1217 2954 1291 3025 μὴ
1340 2954 1593 3023 ψεύδεται
1635 2958 1664 3011 6
1689 2957 1878 3021 είπὼν,

1985 1778 2129 1833 hunc
2162 1779 2382 1850 quidem
2420 1782 2706 1851 majorem,
2750 1782 2907 1837 illum
2939 1799 3069 1838 vero
3103 1788 3369 1841 minorem
3397 1800 3559 1842 esse:

1983 1870 2130 1925 hunc
2150 1871 2367 1941 quidem
2394 1872 2627 1939 mittere,
2653 1873 2802 1928 illum
2828 1891 2957 1930 vero
2984 1876 3124 1930 mitti
3152 1896 3165 1932 :
3200 1885 3367 1948 atque
3394 1878 3559 1934 etiam

1982 1958 2124 2012 dicta
2154 1957 2403 2029 qumdam
2435 1974 2501 2014 ex
2531 1958 2819 2031 Scriptura
2849 1962 2953 2016 hac
2985 1965 3051 2020 de
3086 1980 3146 2020 re
3196 1964 3560 2036 proferentes.

1983 2050 2150 2104 stulte
2185 2049 2557 2120 praetendunt,
2586 2059 2641 2106 et
2669 2052 2824 2106 aiunt
2862 2052 3149 2110 Dominum
3183 2056 3361 2126 ipsum
3397 2056 3563 2111 contis

1983 2141 2084 2195 teri
2112 2156 2172 2197 se
2206 2142 2433 2197 missum
2486 2159 2609 2199 esse
2638 2160 2669 2199 a
2706 2143 2886 2201 Patre.
2918 2144 2984 2199 Et
3015 2145 3159 2217 quod
3184 2147 3411 2204 missum
3443 2148 3565 2218 qui-

1982 2230 2103 2287 dem
2135 2247 2257 2288 esse
2287 2232 2571 2305 intelligis,
2605 2251 2731 2291 eum
2758 2247 2943 2291 autem
2975 2237 3069 2307 qui
3103 2238 3252 2293 misit
3281 2253 3403 2293 eum
3469 2240 3564 2293 illo

1982 2336 2106 2378 esse
2161 2338 2270 2378 non
2305 2325 2561 2380 audisti?
2609 2326 2715 2392 Qui
2768 2328 2913 2382 misit
2949 2344 3075 2396 me,
3126 2328 3327 2399 inquit,
3362 2345 3563 2383 ruerunt

1982 2414 2096 2467 est'
2123 2430 2139 2481 ;
2167 2422 2222 2468 et
2255 2428 2364 2468 non
2396 2431 2496 2484 per
2525 2431 2585 2471 ea
2623 2416 2771 2473 dicta
2827 2418 3056 2475 edoctus
3085 2433 3144 2474 es
3175 2419 3319 2489 quod
3347 2427 3400 2473 et
3432 2420 3560 2475 mit-

1985 2496 2119 2551 titur
2138 2506 2193 2553 et
2224 2514 2332 2555 non
2358 2504 2690 2570 separatur?
2718 2503 2855 2560 Nam
2900 2506 3135 2561 mittitur
3176 2507 3394 2578 quidem
3426 2522 3559 2577 pro-

1983 2594 2103 2657 pter
2143 2588 2580 2658 humanitatem,
2631 2608 2740 2650 non
2787 2605 3077 2666 separatur
3128 2608 3306 2653 autem
3336 2607 3559 2670 pr0ptcr

1984 2687 2194 2735 naturae
2222 2680 2687 2740 individnitatem.
2717 2685 2887 2740 Aiunt
2917 2686 3047 2742 item
3103 2702 3298 2745 rursus
3356 2687 3556 2744 Filium

1985 2770 2327 2842 unigenitum
2377 2773 2692 2830 confessum
2746 2792 2870 2833 esse
2932 2777 3077 2849 quod
3121 2778 3244 2849 ipso
3278 2778 3453 2849 major
3486 2778 3561 2834 sit

1983 2860 2162 2927 Pater,
2196 2862 2326 2917 dum
2356 2863 2513 2930 dicit,
2544 2865 2711 2920 Pater
2740 2884 2883 2922 meus
2910 2869 3088 2939 major
3110 2885 3191 2923 me
3214 2880 3290 2924 est
3312 2870 3357 2924 ⁸.
3388 2870 3562 2941 Igitur

1983 2954 2347 3022 excutiamus,
2381 2955 2601 3022 fratres,
2630 2959 2880 3032 nunquid
2912 2962 3211 3017 mentiatur
3253 2962 3346 3033 qui
3393 2961 3554 3025 dixit.

296 3032 385 3086 δτι
410 3122 415 3123 ν
440 3033 590 3101 Ἐγὼ
625 3035 695 3088 ἐν
735 3036 818 3103 τῷ
848 3040 1049 3108 Πατρὶ,
1082 3042 1178 3096 και
1209 3022 1244 3096 δ
1279 3022 1482 3115 Πατὴρ
1519 3047 1589 3099 ἐν
1627 3047 1776 3118 ἐμοί.
1816 3050 1876 3103 El

1989 3046 2094 3117 Ego
2128 3048 2183 3102 in
2228 3048 2391 3105 Patre
2431 3068 2572 3117 sum,
2604 3061 2653 3107 et
2683 3052 2848 3107 Pater
2875 3054 2930 3107 in
2986 3071 3067 3108 me
3094 3056 3232 3109 est’.
3289 3053 3346 3110 Si
3382 3053 3559 3123 major

301 3122 511 3193 μείζων
530 3126 558 3178 6
581 3126 771 3198 Πατὴρ
796 3128 888 3182 τοῦ
911 3130 1062 3198 Υίοῦ,
1090 3132 1208 3197 πῶς
1243 3137 1501 3207 χωρεῖται
1521 3135 1582 3189 16
1607 3137 1791 3209 μεῖζον
1820 3139 1880 3192 ὲν

296 3210 378 3281 τῷ
423 3211 701 3275 ἑλάττονις
746 3217 808 3269 Et
838 3217 1074 3273 ἐλάττων
1120 3222 1148 3274 6
1181 3222 1310 3287 Υἱὸς
1351 3223 1445 3278 τοῦ
1492 3227 1725 3296 Πατρὸς,
1762 3227 1881 3291 πῶς

303 3301 608 3374 πληροῦται
647 3306 709 3358 16
754 3307 937 3377 μεῖζον
979 3311 1084 3364 6116
1119 3313 1212 3366 106
1242 3313 1554 3383 λείποντος;
1583 3318 1651 3371 Ὅ
1682 3335 1740 3371 τε
1769 3317 1879 3390 γὰρ

307 3392 509 3464 μείζων
542 3401 954 3470 στενοχωρεῖται
980 3403 1197 3468 πάντως
1233 3406 1291 3457 ἐν
1319 3406 1398 3477 τῷ
1430 3408 1694 3472 ἐλάττονι,
1725 3412 1818 3463 καὶ
1849 3413 1879 3465 6

306 3485 540 3542 ὲλάττων
576 3491 943 3562 ἐπεκταθῆναι
971 3494 1106 3565 πρὸς
1140 3496 1201 3549 16
1242 3497 1579 3569 ὑπερϐάλλον
1621 3502 1681 3554 06
1714 3501 1875 3555 δύνα-

305 3593 420 3632 ται·
469 3580 612 3633 ὥστε
651 3582 899 3654 ἀνάγκην
943 3580 1081 3639 εἶναι
1131 3586 1338 3642 λείπειν
1364 3590 1461 3660 μὲν
1509 3591 1568 3644 ὲν
1594 3590 1672 3662 τῷ
1703 3594 1877 3663 Πατρὶ

308 3669 396 3724 τὸν
418 3671 565 3737 Υίὸν,
594 3674 939 3745 περισσεύειν
960 3676 1017 3730 δὲ
1038 3678 1097 3730 ὲν
1116 3677 1202 3749 τῷ,
1217 3678 1332 3751 Υἱῷ
1355 3679 1447 3734 τὸν
1476 3683 1715 3755 Πατέρα.
1743 3684 1873 3748 Καὶ,

307 3760 555 3829 ψεύδεται
592 3764 622 3816 6
671 3764 882 3826 είπὼν.
936 3767 1017 3821 δτι
1070 3769 1218 3839 Ἐγὼ
1247 3771 1317 3825 ὲν
1363 3772 1443 3838 τῷ
1501 3774 1684 3843 Πατρὶ
1729 3775 1877 3844 (δέον

312 3853 504 3917 εἰπεῖν,
536 3854 685 3926 εἴπερ
727 3857 964 3912 ἐλάττων
998 3859 1164 3926 ἐστὶν,
1205 3862 1286 3915 ὃτι
1334 3862 1475 3932 Ἐγὼ
1502 3865 1560 3917 ὲν
1599 3864 1678 3937 τῷ
1719 3866 1874 3938 μέρει

311 3940 411 3994 106
458 3943 712 4014 Πατρδς),
741 3948 835 4002 καὶ
876 3949 938 4003 '0
971 3950 1170 4021 Πατὴρ
1196 3953 1267 4006 ἐν
1290 3953 1437 4024 ἐμοί.
1495 3956 1875 4028 ’Δληθέστερον

308 4032 422 4103 γάρ
443 4029 510 4105 ἣν
536 4038 720 4101 είπείν,
754 4040 915 4113 εῐπερ
956 4042 1156 4112 μείζων
1194 4045 1223 4096 6
1266 4046 1476 4117 Πατὴρ,
1504 4047 1585 4100 ὅτι
1610 4048 1787 4118 Μέρος
1822 4066 1874 4101 τι

301 4125 400 4178 106
438 4129 647 4200 Πατρὺς
685 4134 742 4185 ὲν
777 4134 931 4203 ὲμοί·
978 4136 1026 4186 εί
1058 4134 1114 4187 δὲ
1148 4135 1265 4199 ὅλος
1297 4136 1325 4188 6
1360 4137 1549 4209 Πατὴρ
1581 4138 1638 4190 ὲν
1665 4138 1772 4209 ὅλῳ
1795 4138 1873 4210 τῷ

300 4217 434 4288 Υίῷ,
457 4222 551 4274 καὶ
579 4221 698 4285 ὅλος
732 4226 761 4276 6
790 4224 918 4288 Υίὺς
946 4226 1002 4277 ὲν
1028 4225 1134 4296 ὅλῳ
1166 4224 1242 4294 τῷ
1272 4226 1463 4296 Πατρὶ,
1498 4225 1599 4280 1:06
1629 4228 1690 4281 16
1714 4227 1873 4281 πλέον

1984 3137 2121 3194 Filio
2154 3138 2317 3195 Pater
2338 3150 2445 3209 est,
2481 3142 2573 3213 qui
2603 3143 2818 3214 capitur
2846 3152 2901 3199 et
2924 3145 3103 3200 locum
3131 3145 3294 3200 habet
3325 3146 3376 3200 id
3408 3150 3553 3216 quod

1981 3227 2159 3297 majus
2191 3237 2275 3285 est
2298 3230 2352 3285 in
2383 3232 2626 3287 minore?
2654 3233 2704 3286 si
2733 3232 2912 3287 minor
2933 3232 3094 3289 Patre
3116 3233 3287 3290 Filius
3320 3244 3425 3300 est,
3455 3240 3552 3307 qui

1980 3319 2287 3390 completur
2314 3320 2368 3374 id
2399 3322 2544 3391 quod
2579 3322 2757 3392 majus
2817 3333 2897 3379 est
2935 3338 2963 3378 a
3022 3324 3278 3380 minore?
3327 3324 3463 3381 Nam
3499 3336 3554 3382 ct

1981 3409 2157 3478 major
2180 3419 2493 3466 coarctatur
2522 3427 2752 3483 prorsus
2784 3413 2838 3468 in
2871 3415 3100 3479 minore,
3136 3422 3190 3469 et
3238 3416 3416 3471 minor
3455 3433 3519 3472 ex
3539 3449 3552 3457 -

1981 3500 2128 3554 tendi
2177 3500 2246 3555 ad
2295 3503 2738 3572 exsuperantiam
2810 3511 2865 3559 et
2914 3506 3386 3576 exaggerationem
3444 3523 3552 3562 non

1983 3598 2160 3659 potest
2186 3609 2201 3645 :
2231 3592 2367 3647 adeo
2406 3600 2463 3648 ut
2488 3608 2713 3650 necesse
2745 3595 2817 3651 sit
2845 3595 3038 3651 deesse
3063 3597 3281 3666 quidem
3313 3598 3367 3653 in
3390 3598 3552 3654 Patre

1982 3681 2198 3746 Filium,
2251 3684 2558 3742 redundare
2623 3695 2803 3741 autem
2868 3687 2923 3741 in
2969 3685 3110 3741 Filio
3178 3686 3417 3744 Patrem.
3472 3693 3551 3746 Ae

1944 3836 1947 3843 ι
1979 3775 2240 3828 mentitur
2267 3775 2361 3844 qui
2389 3774 2548 3841 dixit,
2612 3775 2720 3847 Ego
2755 3792 2871 3832 sum
2902 3779 2957 3832 in
2991 3776 3155 3833 Patre
3186 3778 3353 3851 (cum
3388 3796 3553 3853 opor-

1978 3872 2116 3920 teret
2144 3865 2349 3930 dicere,
2402 3868 2449 3923 si
2494 3868 2714 3938 quidem
2751 3868 2934 3924 minor
2986 3878 3095 3935 est,
3150 3868 3262 3943 Ego
3316 3887 3438 3927 sum
3494 3875 3551 3929 in

1963 3958 2137 4022 'parte
2161 3956 2343 4013 Patris
2363 3956 2406 4027 ),
2441 3967 2491 4012 et
2520 3957 2683 4013 Pater
2703 3959 2759 4013 iu
2786 3976 2869 4015 me
2898 3969 2975 4015 est
3008 3976 3027 4015 :
3054 3961 3238 4017 verius
3263 3962 3408 4017 enim
3433 3971 3552 4018 erat

1977 4047 2160 4103 dicere
2190 4046 2272 4119 (si
2303 4048 2523 4119 quidem
2554 4052 2728 4120 major
2753 4058 2840 4108 est
2871 4051 3095 4124 Pater),
3134 4067 3260 4123 pars
3301 4054 3550 4124 quaedam

1978 4136 2156 4194 Patris
2178 4146 2265 4194 est
2292 4140 2347 4195 in
2380 4155 2483 4196 me.
2511 4139 2667 4207 Quod
2695 4142 2744 4197 si
2775 4151 2923 4198 totus
2963 4141 3147 4198 Pater-
3165 4144 3220 4198 in
3268 4151 3382 4199 toto
3410 4145 3550 4201 Filio

1976 4236 2080 4294 est,
2108 4239 2163 4285 et
2191 4238 2337 4286 totus
2366 4230 2541 4287 Filius
2570 4232 2626 4286 in
2658 4239 2777 4287 toto
2807 4231 2987 4292 Patre.
3018 4233 3108 4288 ubi
3137 4234 3189 4288 id
3222 4236 3367 4304 quod
3404 4236 3565 4304 plus.

296 4313 395 4363 καὶ
434 4313 535 4366 ποῦ
584 4314 645 4367 16
686 4314 901 4379 λεῖπονς
947 4316 1041 4369 καὶ
1072 4317 1124 4368 τί
1152 4317 1257 4387 χρὴ
1288 4317 1457 4370 πολλά
1487 4317 1668 4386 λέγειν
1689 4358 1703 4381 ,
1750 4318 1870 4372 δέον

1980 4331 2032 4374 et
2063 4319 2157 4374 ubi
2196 4320 2249 4375 id
2282 4320 2428 4390 quod
2468 4321 2648 4375 minus
2676 4322 2808 4377 est?
2834 4320 2901 4376 Et
2925 4322 3057 4393 quid
3084 4337 3226 4394 opus
3253 4334 3338 4381 est
3378 4327 3549 4382 multa

299 4404 401 4473 μιᾷ
435 4409 589 4477 φωνῇ
630 4409 806 4460 πᾶσαν
848 4408 1028 4462 αὐτῶν
1066 4410 1400 4481 περιγράψαι
1427 4410 1525 4481 τὴν
1566 4410 1867 4482 φλυαρίαν;

256 4552 265 4557 _
296 4510 319 4545 ι
336 4494 435 4558 Ὃς
462 4496 522 4547 ἐν
546 4500 727 4568 μορφῇ
754 4497 888 4552 Θεοῦ
905 4499 1182 4571 ὑπάρχων,
1209 4503 1306 4571 οὐχ
1321 4501 1610 4571 ἁρπαγμὸν
1629 4503 1872 4573 ἡγήσατο

288 4583 355 4637 16
383 4581 523 4639 εἶναι
566 4581 658 4639 ῐσα
681 4586 818 4658 θεῷ.
852 4607 871 4641 ι
907 4589 1041 4642 Εἰπέ
1073 4607 1185 4660 μοι,
1210 4590 1271 4644 16
1292 4588 1408 4645 ῐσον
1432 4592 1670 4655 ἀκούσας
1697 4592 1759 4645 16
1794 4592 1868 4663 μὴ

285 4671 411 4727 ἴσον
438 4674 697 4747 ἐνόησαςς
734 4679 798 4729 Ὠ
829 4680 1021 4743 καινῆς
1044 4679 1392 4745 διδασκαλίας
1420 4682 1508 4736 διὰ
1537 4682 1631 4736 106
1666 4683 1783 4736 ἴσου
1808 4682 1869 4735 16

287 4765 476 4819 ἄνισον
501 4768 934 4840 ἐρμηνευούσηςι
979 4770 1117 4824 Ἀλλ’
1149 4772 1279 4835 ἴσως
1298 4773 1445 4835 εἰκός
1468 4775 1584 4827 ἐστι
1632 4773 1726 4829 καὶ
1757 4774 1868 4827 τῶν

287 4857 786 4929 τωὶυμαθεστέρων
820 4862 943 4915 τινὰ
972 4863 1064 4917 16v
1095 4865 1223 4936 περὶ
1259 4865 1462 4920 τούτων
1491 4865 1648 4933 λόγον
1678 4865 1871 4937 ἐπιζη-

281 4950 429 5013 τεῖν,
462 4950 585 5014 Πῶς
610 4952 705 5005 καὶ
746 4953 949 5023 μείζων
973 4956 1003 5009 6
1031 4954 1217 5028 Πατὴρ
1258 4956 1352 5011 106
1380 4956 1535 5020 Υίοῦ,
1568 4956 1662 5011 καὶ
1691 4954 1807 5022 ἶσος
1833 4960 1863 5012 6

282 5042 425 5105 Υἱὸς
447 5042 539 5096 106
570 5038 812 5116 Πατρόςς
845 5048 1003 5101 Δοκεί
1027 5048 1137 5120 γάρ
1178 5065 1297 5112 πως
1325 5049 1401 5121 μὴ
1434 5049 1752 5120 συμϐαίνειν
1778 5049 1872 5103 ἀλ-

275 5133 476 5203 λήλοις
513 5134 703 5191 ταῦτα.
748 5136 959 5191 Οὐκοῦν
1013 5138 1173 5208 ἀφεὶς
1200 5138 1262 5191 16
1301 5137 1437 5209 πρὸς
1476 5139 1604 5199 τοὺς
1643 5138 1871 5202 πολλοὺς

268 5225 617 5289 ἀντιπάλους
660 5227 1173 5299 διαπληκτίζεσθαι,
1224 5229 1504 5301 πατρικῶς
1553 5230 1682 5299 ὑμῖν
1740 5230 1868 5298 περὶ

269 5317 397 5372 τῶν
435 5319 808 5389 προκειμένων
856 5318 1301 5392 διαλεχθήσομαι.
1353 5321 1427 5374 06
1474 5322 1653 5383 πάσας
1687 5321 1869 5392 ὁμοτί-

269 5425 433 5481 μους
463 5405 579 5462 οἶδα
620 5413 719 5473 τὰς
760 5412 853 5465 106
888 5412 1219 5481 Εὑαγγελίου
1251 5414 1462 5482 φωνὰς,
1486 5414 1611 5466 ὅσαι
1641 5412 1710 5466 τά
1737 5413 1866 5481 περὶ

268 5501 379 5557 τοῦ
422 5500 626 5571 Κυρίου
654 5501 1016 5568 διδάσκουσιν,
1062 5503 1181 5558 οὐδὲ
1209 5503 1317 5558 ἀπὸ
1345 5507 1442 5575 τῆς
1471 5503 1642 5574 αὐτῆς
1670 5502 1862 5575 δηλου-

347 5685 373 5718 τ
406 5681 571 5739 Joan.
611 5700 728 5750 νιιι,
752 5685 841 5740 29.

1977 4410 2180 4475 dicere,
2206 4425 2331 4465 cum
2377 4425 2484 4466 una
2518 4425 2651 4467 voce
2688 4425 2905 4468 omnem
2955 4427 3144 4467 eorum
3194 4415 3544 4471 circumscri-

1975 4503 2103 4557 bere
2144 4510 2397 4572 oporteat
2422 4502 2714 4558 verborum
2746 4504 3104 4573 petulantiam
3149 4516 3312 4576 atque
3355 4522 3543 4578 garru-

1972 4592 2230 4648 litatem?
2259 4594 2351 4664 qui
2396 4607 2520 4649 cum
2552 4602 2699 4650 esset
2731 4595 2786 4650 in
2820 4594 2997 4650 forma
3027 4594 3142 4663 Dei,
3204 4612 3314 4653 non
3347 4598 3542 4653 existi-

1975 4684 2141 4739 mavit
2174 4685 2420 4755 rapinam
2452 4698 2575 4741 esse
2599 4685 2745 4755 quod
2774 4685 2883 4742 Deo
2905 4701 3002 4757 par
3021 4695 3169 4743 esset
3189 4687 3257 4744 ιο.
3292 4686 3388 4742 Die
3414 4688 3545 4741 mihi

1972 4790 2098 4830 cum
2138 4776 2344 4833 audisti
2374 4777 2426 4832 id
2460 4777 2606 4847 quod
2644 4792 2745 4847 par
2789 4785 2896 4839 est,
2925 4777 2979 4833 id
3021 4779 3169 4848 quod
3225 4780 3402 4849 impar
3461 4787 3549 4835 est

1974 4868 2293 4924 intellexisti
2319 4868 2342 4921 ?
2364 4866 2409 4924 0
2435 4882 2631 4923 novam
2670 4869 2999 4931 doctrinam,
3030 4883 3153 4939 qua:
3182 4884 3278 4939 per
3319 4870 3371 4926 id
3399 4871 3545 4941 quod

1968 4976 2074 5031 par
2101 4969 2207 5026 est,
2240 4959 2292 5015 id
2326 4959 2471 5030 quod
2506 4960 2684 5031 impar
2714 4970 2798 5016 est
2832 4960 3244 5030 interpretatur.
3296 4963 3401 5019 Sed
3435 4963 3546 5019 for-

1974 5052 2115 5105 sitan
2171 5056 2605 5105 consentaneum
2656 5057 2743 5105 est
2791 5051 2955 5103 etiam
3008 5051 3246 5122 aliquem
3296 5053 3544 5110 discendi

1972 5141 2233 5214 cupidum
2284 5141 2474 5196 harum
2514 5155 2701 5198 rerum
2750 5141 3030 5212 requirere
3083 5145 3393 5211 rationem,
3447 5145 3541 5214 qui

1978 5235 2071 5288 fiat
2095 5243 2155 5289 ut
2183 5243 2240 5288 et
2269 5232 2429 5287 Pater
2476 5232 2617 5288 Filio
2656 5232 2850 5303 major,
2878 5242 2934 5289 et
2963 5232 3132 5290 Filius
3166 5236 3315 5291 Patri
3356 5251 3544 5307 mqua-

1975 5326 2041 5381 Iis
2078 5331 2133 5379 et
2166 5338 2266 5394 par
2291 5323 2408 5379 sit?
2439 5323 2704 5379 Videntur
2739 5324 2884 5379 enim
2918 5325 3031 5379 iure
3052 5324 3195 5379 inter
3235 5340 3359 5382 sese
3387 5326 3544 5383 nullo

1973 5415 2133 5470 modo
2159 5415 2475 5469 convenire.
2523 5414 2694 5485 Igitur
2744 5415 2948 5470 omissa
2992 5415 3366 5472 decertatioue
3410 5432 3539 5474 eum

1971 5506 2130 5576 vulgo
2153 5503 2614 5569 adversariorum,
2647 5504 2714 5560 de
2739 5504 2902 5565 rebus
2942 5496 3245 5579 propositis
3269 5507 3537 5565 disseram

951 5686 972 5717 ⁸
994 5683 1148 5742 Joan.
1182 5703 1301 5755 τιν,
1333 5689 1421 5744 28.
1464 5691 1483 5722 ⁸
1517 5690 1646 5746 ibid.
1689 5690 1770 5744 lO.
1852 5687 2151 5761 “Philipp.
2193 5706 2252 5758 ιι,
2280 5688 2333 5743 6.
