3930 6210
346 275 452 334 583
1605 277 1663 332 S.
1690 277 1920 334 GREGO

2052 276 2347 335 NYSSEM
2820 270 2823 275 ’
3483 267 3595 327 εει

354 394 507 450 vobis
541 407 695 448 more
734 400 981 464 paterno.
1008 390 1126 447 Non
1166 406 1356 450 omnes
1410 392 1688 467 Evangelii
1728 410 1913 460 voces,

2030 358 2188 467 μένας
2230 393 2418 462 ἀξίας·
2451 397 2507 459 at
2534 395 2634 465 μὲν
2672 392 2782 464 γὰρ
2824 392 2884 446 τὸ
2913 388 3044 460 ὕψος
3073 388 3173 459 τῆς
3199 384 3451 457 θεότητος
3491 385 3584 438 τοῦ

348 497 689 555 qua-cunque
745 498 833 540 res
877 499 908 539 a
958 482 1187 540 Domino
1232 493 1415 557 gestas
1476 486 1657 557 (nos)
1696 487 1913 551 docent,

346 573 592 644 ejusdem
621 575 860 631 arbitror
883 590 1007 631 esse
1035 564 1385 641 conditidnis,
1418 592 1595 646 neque
1627 577 1695 631 ab
1726 576 1914 633 eadem

351 665 584 733 proferri
619 665 923 738 dignitate;
954 682 1081 721 nam
1131 667 1251 724 alite
1292 668 1513 739 quidem
1571 669 1913 740 altitudinem

350 752 473 809 Filii
506 755 602 829 Dei
639 757 944 817 divinitatis
989 770 1114 812 cum
1148 744 1443 819 verborum.
1485 760 1774 827 majestate
1816 760 1914 815 de-

306 906 311 909 ὶ
350 846 602 914 clarant;
635 849 754 903 aliae
782 863 913 903 vero
940 864 1062 905 sese
1093 849 1375 907 dimittunt
1416 857 1472 904 et
1505 850 1918 906 accommodant

352 934 419 991 ad
449 937 807 995 humilitatem
838 939 1091 995 humanae
1120 947 1350 995 natura».
1380 938 1512 995 Nam
1534 940 1626 997 ubi
1656 939 1916 996 Dominus

352 1028 567 1099 quidem
608 1030 779 1083 dicit:
818 1028 924 1100 Ego
955 1031 1202 1100 principio
1237 1030 1330 1083 tibi
1355 1030 1394 1060 “
1420 1046 1436 1096 ;
1466 1040 1538 1091 et,
1578 1028 1728 1095 Volo,
1759 1046 1917 1083 mun-

352 1118 452 1173 dus
484 1122 652 1174 esto”
682 1137 696 1185 ;
728 1129 800 1186 el,
835 1121 993 1176 Pater
1029 1123 1188 1176 inme
1216 1129 1316 1184 est,
1350 1130 1399 1175 et
1431 1137 1525 1191 ego
1553 1136 1669 1174 sum
1704 1121 1759 1175 in
1805 1119 1909 1175 Ριισ

355 1220 431 1265 tre
455 1212 496 1243 ¹³
523 1229 537 1280 ;
572 1221 644 1267 et.
677 1212 781 1278 Qui
810 1213 940 1266 vidit
971 1230 1071 1277 me,
1104 1212 1231 1267 vidit
1263 1212 1481 1268 Patrem
1503 1213 1549 1246 “'
1575 1232 1589 1281 ;
1624 1223 1697 1276 et,
1726 1217 1838 1283 Ego
1869 1226 1917 1268 et

252 1340 265 1355 .
356 1301 520 1358 Pater
545 1321 707 1357 unum
741 1321 922 1360 sumus
943 1305 984 1337 ¹⁵
1018 1322 1033 1368 ;
1073 1311 1147 1367 et,
1185 1304 1361 1360 Nemo
1406 1304 1611 1358 Filium
1643 1306 1784 1359 novit
1816 1305 1919 1359 nisi

363 1392 516 1446 Pater
536 1393 603 1458 ’σς
636 1403 707 1459 et,
742 1392 936 1448 Omnia
965 1411 1079 1447 mea
1109 1404 1198 1448 tua
1226 1404 1369 1459 sunt,
1387 1405 1435 1450 et
1465 1404 1557 1449 tua
1585 1412 1698 1449 mea
1725 1395 1768 1427 ¹⁷
1796 1413 1811 1462 ;
1844 1406 1917 1461 et,

356 1483 701 1553 Gloriﬁcalus,
721 1500 837 1538 sum
868 1485 922 1541 in
950 1486 1024 1553 eis
1046 1485 1109 1549 ’³,
1141 1498 1193 1540 et
1214 1500 1559 1559 quaecunque
1596 1493 1725 1543 sunt
1772 1487 1920 1557 ejus:

356 1573 524 1637 modi,
554 1575 796 1630 indicant
821 1591 939 1635 eam
971 1578 1290 1646 potentiam,
1342 1593 1465 1648 qua:
1496 1593 1661 1649 supra
1700 1594 1917 1634 omnem

354 1676 438 1720 est
469 1675 520 1720 ct
571 1677 821 1725 naturam
873 1677 928 1724 et
982 1675 1321 1737 potestatem,
1365 1666 1472 1726 Sed
1499 1683 1623 1725 cum
1666 1670 1734 1724 ad
1766 1669 1919 1724 inﬂr-

2020 484 2149 540 Υίοῦ
2194 487 2287 541 τοῦ
2339 485 2476 541 Θεοῦ
2525 483 2925 557 μεγαλόφώνως
2973 479 3373 552 κηρύσσουσιν’
3425 475 3485 528 αι
3529 474 3586 528 δὲ

2019 577 2154 647 πρὸς
2187 577 2246 631 τὸ
2280 576 2532 631 ταπεινὸν
2571 574 2673 646 τῆς
2715 571 3060 645 ἀνθρωπίνης
3095 565 3589 639 συγκαταϐαίνωσι

2017 665 2250 734 φύσεως.
2284 666 2454 718 Ὅταν
2504 664 2605 734 μὲν
2651 662 2761 734 γὰρ
2800 661 2933 731 λέγῃ
2959 659 2988 711 ὁ
3015 656 3219 728 Κύριος
3241 670 3255 685 ·
3288 652 3439 723 Ἐγὼ
3472 652 3593 704 ἐπι-

2017 754 2224 811 τάσσω
2254 772 2385 810 σοι’
2446 756 2571 815 καί.
2630 753 2812 815 Θέλω,
2854 748 3274 817 καθαρίσθητι·
3332 743 3458 808 καὶ,
3532 741 3596 794 '0

2019 848 2219 916 Πατὴρ
2242 848 2310 901 ἐν
2330 846 2485 916 ἐμοὶ,
2517 843 2679 915 κάγὼ
2706 845 2776 898 ἐν
2798 842 2877 908 τῷ
2913 840 3099 908 Πατρί
3117 856 3131 868 ο
3154 837 3270 900 καὶ,
3311 836 3375 889 '0
3412 834 3594 900 ἑωρα-

2019 941 2136 1005 κὼς
2164 938 2287 1009 ἐμὲ.
2334 937 2555 1008 ἑώρακε
2604 935 2712 989 τὸν
2754 934 3015 1001 Πατέρα·
3075 929 3192 990 καὶ,
3251 924 3397 992 Ἐγὼ
3429 923 3529 977 καὶ
3564 924 3599 975 ό

2018 1030 2218 1099 Πατὴρ
2249 1031 2319 1084 ἓν
2365 1030 2583 1099 ἐσμεν·⁸
2637 1026 2752 1090 καὶ,
2796 1023 3004 1088 οὐδεὶς
3045 1017 3169 1074 οἶδε
3208 1018 3316 1072 τὸν
3355 1016 3514 1079 Iter,
3543 1014 3601 1066 εὶ

2013 1120 2099 1189 μὴ
2122 1124 2153 1174 d
2189 1119 2410 1189 Πατήρ·
2459 1119 2571 1183 καὶ,
2618 1116 2827 1172 Πάντα
2853 1114 2924 1168 τὰ
2956 1112 3067 1182 ἐμὰ
3100 1109 3183 1163 σά
3210 1109 3363 1169 ἐστι,
3386 1104 3483 1158 καί
3523 1103 3600 1157 τὰ

2019 1210 2101 1264 σὰ
2144 1210 2254 1279 ὲμὰ
2276 1226 2292 1243 ο
2349 1209 2466 1276 καὶ,
2506 1207 2876 1274 Δεδόξασμαι
2922 1202 2995 1256 ἐν
3041 1197 3279 1262 αὐτοῖς·
3345 1194 3442 1248 καὶ
3495 1194 3601 1246 ὅσα

2019 1303 2244 1358 τοιαῦτα
2269 1302 2367 1375 τὴν
2396 1302 2653 1354 ἐπέκεινα
2684 1299 2864 1367 πάσης
2893 1291 3108 1365 φύσεώς
3133 1308 3192 1343 τε
3223 1287 3319 1343 καὶ
3347 1285 3600 1352 ἐξουσίας

2021 1393 2349 1448 ἐνδείκνυται
2391 1391 2639 1462 δύναμιν.
2697 1386 2947 1442 Ἐπειδὰν
2999 1384 3057 1439 δὲ
3082 1382 3217 1455 πρὸς
3262 1380 3323 1433 τὸ
3371 1377 3599 1438 ἀσθενὲς

2021 1485 2120 1554 τῆς
2167 1484 2437 1558 ἡμετέρας
2483 1482 2697 1554 φύσεως
2741 1477 2991 1548 ὲπικλίνῃ
3042 1475 3135 1528 τὸν
3173 1471 3350 1540 λόγον,
3410 1469 3600 1521 ἐκεῖνα

2023 1578 2343 1647 φθέγγεται⁸
2386 1568 2717 1644 Περίλυπός
2752 1572 2920 1625 ἐστιν
2956 1569 2996 1637 ἡ
3026 1563 3198 1636 ψυχή
3233 1574 3378 1634 μου*
3404 1562 3475 1615 El
3496 1559 3603 1613 δυ-

2021 1670 2223 1734 νατὸν,
2271 1667 2607 1737 παρελθέτω
2653 1664 2719 1718 τὸ
2759 1660 3074 1729 ποτήριον
3133 1658 3214 1712 Οὐ
3261 1653 3512 1708 δύναται
3566 1649 3603 1701 ό

356 1754 598 1812 mitatem
648 1766 850 1815 nostra:
899 1766 1106 1813 naturae
1154 1772 1462 1816 sermonem
1510 1759 1774 1828 inclinat,
1826 1760 1917 1816 illa

2033 1762 2164 1827 Υἱὸς
2204 1730 2304 1830 ἀφ’
2330 1730 2547 1813 ἑαυτοῦ
2588 1775 2645 1812 τι
2686 1754 2898 1810 ποιεῖν’
2949 1749 3241 1816 Ἐντολήν
3280 1745 3506 1800 ἔλαϐον
3543 1743 3605 1797 τί

356 1849 672 1917 pronuntiat
699 1866 711 1903 :
741 1848 1020 1905 Pertristis
1044 1859 1119 1904 est
1136 1850 1315 1903 anima
1341 1866 1493 1917 mea;
1512 1851 1561 1905 si
1583 1852 1702 1922 fieri
1729 1861 1916 1922 potest,

359 1946 596 1990 transeat
631 1938 774 1993 calix
802 1939 901 1993 iste
925 1939 967 1981 '-’
997 1958 1009 1994 :
1051 1938 1097 1997 F
1101 1939 1224 1993 ilius
1261 1955 1364 1994 non
1408 1947 1576 2009 potest
1616 1956 1651 1995 a
1690 1956 1801 1995 sese
1830 1941 1921 2011 fa-

358 2044 471 2083 cere
494 2029 779 2098 quidquam
806 2031 874 2085 '°.
926 2028 1244 2091 Mandatum
1282 2031 1459 2100 accepi
1499 2030 1626 2103 quid
1667 2030 1842 2087 dicam
1871 2040 1924 2087 et

356 2118 482 2189 quid
510 2118 697 2189 loquar
731 2120 798 2172 “.
854 2119 1001 2175 Vallo
1041 2121 1110 2173 ad
1139 2120 1355 2177 Patrem
1389 2139 1562 2187 meum
1606 2130 1657 2177 et
1704 2122 1923 2179 Patrem

358 2221 607 2276 vestrum,
636 2223 685 2267 et
707 2213 775 2266 ad
808 2212 969 2267 Deum
1004 2230 1175 2268 meum
1198 2222 1249 2268 et
1286 2212 1355 2269 ad
1404 2214 1573 2270 Deum
1602 2224 1831 2273 vestrum
1854 2220 1921 2274 ²².

358 2301 415 2358 In
444 2305 528 2360 his
551 2320 689 2374 pone
721 2305 884 2365 etiam
917 2306 1186 2376 lacrymas
1211 2322 1377 2377 super
1403 2307 1611 2365 Lazaro
1643 2309 1921 2380 profusas,

358 2405 412 2450 et
443 2392 820 2452 lassitudinem
846 2412 912 2452 ex
937 2397 1134 2454 itinere
1180 2405 1539 2462 contractam,
1592 2407 1647 2456 et
1676 2401 1785 2456 cibi
1827 2416 1925 2474 ap.

358 2482 695 2553 petitionem,
736 2491 791 2540 et
820 2499 975 2556 aqua:
998 2486 1342 2556 petitionem,
1384 2495 1441 2544 et
1473 2503 1698 2545 cursum
1732 2490 1805 2549 ad,
1857 2490 1925 2545 ti-

358 2586 507 2638 cum,
536 2574 764 2645 etquod
799 2574 1064 2634 Dominus
1121 2577 1408 2648 ignorabat
1466 2579 1718 2637 arborem
1774 2581 1924 2637 illam

360 2663 541 2749 fructu
575 2681 782 2730 carere,
828 2674 882 2723 et
924 2668 982 2725 in
1021 2669 1241 2741 navigio
1278 2685 1553 2726 somnum.
1604 2668 1732 2729 Haec
1781 2672 1927 2729 enim

359 2757 545 2815 omnia
574 2765 630 2812 et
681 2773 1025 2831 quaecunque
1058 2767 1192 2816 sunt
1238 2761 1373 2816 talia
1428 2775 1538 2816 non
1586 2761 1731 2832 ejus,
1784 2762 1932 2834 quod

2021 1855 2187 1919 εἴπω,
2210 1851 2309 1906 καί
2331 1851 2389 1905 τι
2413 1848 2693 1918 λαλήσω·
2726 1845 3055 1915 Πορεύομαι
3074 1839 3223 1910 πρὸς
3243 1839 3351 1893 τὸν
3368 1835 3609 1903 Πατέρα

2017 1960 2136 2012 μου
2178 1942 2278 1996 καί
2314 1939 2544 2008 Πατέρα
2581 1934 2748 2006 ὑμῶν
2770 1975 2786 2002 ,
2832 1934 2929 1990 καὶ
2971 1934 3120 1987 Geor
3147 1945 3268 2000 μου
3307 1926 3406 1981 καί
3448 1925 3609 1980 Θεὸν

2022 2033 2210 2105 ὑμῶν.
2249 2033 2337 2086 Ἐν
2360 2031 2568 2095 τούτοις
2594 2029 2734 2085 τίθει
2755 2028 2849 2083 καὶ
2875 2025 2936 2081 τὸ
2960 2025 3053 2080 επὶ
3070 2023 3319 2093 Λαζάρου
3341 2019 3604 2091 δάκρυον,

2026 2125 2233 2181 καὶτὸν
2260 2125 2326 2177 ὲκ
2352 2122 2455 2193 τῆς
2481 2120 2787 2192 ὁδοιπορίας
2816 2119 3006 2182 κόπον,
3037 2116 3134 2170 καὶ
3159 2113 3259 2186 τὴν
3277 2112 3377 2183 τῆς
3392 2110 3607 2182 τροφῆς

2024 2216 2229 2286 ἔφεσιν,
2263 2214 2360 2268 καὶ
2384 2212 2481 2285 τὴν
2504 2212 2597 2267 τοῦ
2633 2211 2823 2279 ὓδατος
2852 2208 3090 2279 αἴτησιν,
3136 2206 3233 2260 καὶ
3257 2204 3346 2258 τὸν
3382 2203 3481 2256 ἐπὶ
3500 2202 3610 2271 τῆς

2027 2308 2197 2379 συκῆς
2236 2307 2455 2379 δρόμον,
2510 2304 2604 2359 καὶ
2654 2307 2754 2376 τῆς
2800 2301 2898 2356 τοῦ
2946 2297 3115 2371 φυτοῦ
3171 2294 3449 2368 ἀκαρπίας
3500 2293 3609 2365 τὴν

2025 2402 2268 2471 ἄγνοιαν,
2296 2399 2394 2455 καὶ
2429 2384 2533 2451 τὸν
2551 2397 2645 2451 ἐπὶ
2685 2394 2780 2449 τοῦ
2825 2394 3008 2448 πλοίου
3049 2390 3235 2445 ὕπνον.
3266 2386 3455 2443 Ταῦτα
3489 2384 3608 2458 γὰρ

2027 2492 2223 2556 πάντα,
2266 2490 2362 2545 καὶ
2403 2490 2504 2544 ὅσα
2548 2485 2798 2552 τοιαῦτα,
2848 2485 2969 2557 ούχὶ
3020 2482 3116 2540 τοῦ
3153 2484 3211 2537 ὲν
3258 2482 3401 2553 ἀρχῇ
3449 2478 3605 2541 δντος

2031 2583 2207 2652 Λόγου
2230 2581 2367 2636 Θεοῦ
2388 2581 2489 2653 τὴν
2518 2579 2695 2647 ἀξίαν,
2721 2577 2875 2632 ἀλλὰ.⁵
2895 2575 2989 2630 τοῦ
3018 2572 3452 2633 ταπεινώσαντος
3476 2571 3609 2624 ἑαν-

2032 2674 2122 2731 τδν
2155 2677 2213 2729 ἐν
2234 2677 2300 2746 τῇ
2321 2672 2416 2729 τοῦ
2453 2671 2641 2727 δούλου
2670 2672 2854 2743 μορφῇ
2877 2668 2980 2740 τὴν
3014 2666 3149 2738 πρὸς
3166 2664 3227 2718 τδ
3248 2662 3471 2725 ἀσθενὲς
3504 2659 3609 2730 τῆς

2026 2763 2242 2835 φύσεως
2270 2761 2430 2835 ἡμῶν
2462 2759 2766 2834 παραδηλοῖ
2784 2757 3213 2829 συγκατάϐασιν.

360 2860 480 2905 erat
511 2850 566 2903 in
631 2849 921 2921 principio,
956 2848 1122 2911 Verbi
1173 2848 1293 2915 Dei_
1320 2850 1663 2921 dignitatem,
1719 2852 1813 2908 sed
1858 2852 1979 2923 ejus
2015 2855 2111 2926 qui
2170 2868 2292 2910 sese
2336 2854 2392 2909 in
2427 2842 2603 2908 forma
2645 2850 2788 2908 servi
2823 2850 3223 2914 bumil'raverat,
3278 2846 3347 2901 ad
3382 2846 3611 2902 natura

358 2951 562 3000 nostra:
587 2940 1012 2998 imbecillitatem
1044 2942 1324 2998 declarant
1356 2945 1914 3003 accommodationem
1951 2954 2116 3020 atque
2144 2947 2551 3004 demissionem.

430 3035 645 3091 Dictum
681 3046 763 3091 est
793 3035 998 3107 igitur:
1034 3034 1142 3103 Qui
1161 3036 1306 3091 misit
1340 3053 1441 3104 me,
1468 3037 1641 3107 major
1662 3054 1743 3093 me
1767 3040 1927 3094 est”.

2103 3041 2330 3113 Εἴρηται
2368 3041 2568 3108 τοίνυν,
2605 3038 2689 3093 ὅτι
2738 3037 2792 3090 Ὁ
2831 3036 3073 3107 πέμψας
3112 3051 3218 3105 με,
3247 3032 3462 3103 μείζων
3486 3050 3609 3103 μου

362 3126 532 3201 igitur
561 3126 848 3183 videamus
884 3141 916 3182 a
938 3141 1049 3199 quo
1079 3127 1195 3182 haec
1223 3128 1403 3184 oratio
1424 3126 1756 3198 proferatur.
1783 3128 1933 3196 Quo-

364 3221 527 3277 modo
555 3221 761 3278 missus
783 3220 914 3277 est?
940 3220 1037 3275 An‘
1061 3219 1233 3289 forma
1260 3217 1354 3275 Dei
1385 3220 1671 3291 praeditus,
1700 3235 1770 3277 an
1818 3221 1934 3279 ior-

363 3327 451 3368 ma
506 3313 651 3368 servi
700 3311 970 3383 accepta?
1018 3311 1077 3367 In
1129 3312 1290 3384 plena
1336 3312 1538 3371 deitate
1584 3298 1832 3380 manens,
1864 3328 1935 3369 an

363 3419 487 3459 cum
515 3404 753 3474 scipsnm
789 3405 845 3459 in
876 3403 1052 3459 forma
1083 3405 1271 3460 servili
1299 3405 1734 3463 exinanivisset‘i
1774 3406 1935 3463 Peni-

362 3505 454 3551 tus
488 3496 636 3550 enim
679 3495 1031 3566 perspicuum
1076 3510 1200 3557 esse
1246 3496 1502 3563 arbitror,
1536 3497 1777 3559 divinam
1837 3514 1938 3570 po-

365 3587 593 3642 tentiam
646 3595 812 3657 atque
858 3599 1135 3652 naturam,
1182 3602 1308 3643 cum
1339 3589 1544 3659 ubique
1595 3590 1669 3646 sit
1714 3579 1786 3646 ac
1832 3606 1938 3662 ,per

363 3678 547 3745 omnia
599 3679 870 3747 pertineat
902 3685 1069 3749 atque
1117 3678 1399 3748 pervadat,
1419 3688 1475 3736 et
1502 3695 1591 3736 res
1646 3682 1936 3740 universas

363 3768 615 3838 amplexa
648 3769 739 3830 sit,
774 3767 916 3823 mitti
946 3768 1092 3824 haud
1121 3777 1270 3825 recte
1293 3768 1404 3825 dici
1430 3788 1446 3838 ;
1469 3785 1581 3829 non
1607 3773 1754 3831 enim
1781 3783 1937 3831 extra

363 3872 483 3912 eam
518 3858 721 3927 aliquid
754 3873 987 3914 vacuum
1022 3866 1078 3914 et
1109 3859 1275 3916 inane
1305 3868 1409 3926 est,
1444 3877 1576 3931 quo,
1607 3878 1735 3920 cum
1782 3868 1938 3936 prius

363 3949 442 4004 ibi
468 3964 579 4004 non
606 3958 774 4015 esset,
825 3956 1015 4019 postea
1049 3965 1213 4020 quam
1248 3951 1416 4007 missa
1467 3950 1636 4008 fuerit
1667 3955 1933 4011 accedat:

366 4040 462 4101 sed
490 4046 615 4107 cum
649 4042 1065 4107 conservatrice,
1097 4042 1153 4100 vi
1183 4057 1283 4099 sua
1331 4058 1420 4101 res
1460 4043 1749 4103 universas
1782 4062 1940 4104 coer-

364 4143 489 4192 ceat
513 4144 678 4206 atque
706 4134 1009 4200 contineat,
1042 4149 1165 4209 non,
1185 4135 1351 4199 habet
1381 4151 1491 4209 quo
1514 4130 1783 4206 transeat,
1812 4153 1937 4197 cum

367 4230 495 4307 ipsa
512 4231 585 4287 sit
609 4244 801 4289 rerum,
828 4228 1207 4289 universitatis
1238 4229 1543 4301 plenitudo.

441 4322 750 4378 Descensus
771 4320 937 4393 igitur
954 4320 1077 4376 Filii
1106 4320 1198 4387 Dei
1226 4322 1293 4378 ad
1312 4330 1553 4383 nostram
1576 4322 1937 4380 humilitatem

2032 3115 2226 3186 ἐστίν.
2289 3127 2500 3184 Οὐκοῦν
2551 3127 2912 3198 σκοπήσωμεν
2963 3122 3115 3195 παρά
3154 3122 3299 3185 τίνος
3350 3122 3380 3174 ό
3423 3121 3606 3191 λόγος.

2033 3222 2156 3286 Πῶς
2182 3219 2473 3292 ὲπέμφθη;
2518 3219 2606 3301 Ἐν
2633 3219 2814 3289 μορφῇ
2857 3215 2991 3270 Θεοῦ
3017 3214 3298 3284 ὑπάρχων,
3327 3211 3363 3282 ἢ
3393 3212 3606 3282 μορφὴν

2021 3310 2222 3366 «δούλου
2250 3309 2464 3374 λαϐών;
2507 3308 2595 3361 Ἐν
2620 3306 2701 3378 τῷ
2728 3304 3053 3378 πληρώματι
3075 3303 3149 3357 ὢν
3186 3304 3284 3374 τῆς
3319 3301 3609 3372 θεότητος,

2033 3403 2068 3475 ἢ
2090 3403 2334 3468 κενώσας
2383 3400 2573 3457 ἑαυτὸν
2609 3402 2667 3455 ὲν
2704 3401 2772 3473 τῇ
2810 3397 2902 3451 τοῦ
2938 3395 3122 3450 δούλου
3166 3397 3378 3467 μορφῆς
3417 3394 3609 3464 Πάντη

2033 3495 2143 3567 γὰρ
2167 3490 2321 3566 οἶμαι
2350 3492 2615 3566 πρόδηλον
2643 3485 2802 3554 εἶναι,
2829 3490 2912 3543 ὅτι
2933 3491 2967 3560 ἠ
3013 3486 3135 3541 θεία
3171 3485 3397 3555 δύναμίς
3428 3502 3490 3539 τε
3512 3484 3613 3539 καὶ

2036 3587 2199 3658 φύσις
2220 3585 2498 3658 πανταχοῦ
2526 3582 2681 3651 οὖσα,
2721 3583 2815 3638 καὶ
2833 3581 2921 3637 διὰ
2956 3582 3171 3636 πάντων
3198 3579 3485 3651 διήκουσα,
3512 3576 3627 3640 καὶ,

2033 3680 2129 3734 τοῦ
2164 3681 2360 3743 παντὸς
2408 3674 2871 3749 περιδεδραγμένη
2892 3713 2907 3738 ,
2964 3673 3065 3726 ούκ
3108 3671 3177 3726 ἂν
3208 3669 3424 3732 εἰκότως
3459 3667 3609 3738 πέμ-

2036 3772 2233 3828 πεσθαι
2273 3770 2501 3840 λέγοιτο.
2534 3769 2609 3823 Ού
2638 3767 2748 3839 γάρ
2774 3767 2888 3820 ἐστί
2909 3784 2960 3820 τι
2981 3763 3138 3819 κενὸν
3158 3762 3263 3831 ἔξω
3283 3760 3503 3831 ταύτης,
3540 3759 3605 3813 ἐν

2035 3859 2080 3935 ᾧ
2118 3864 2381 3936 πρότερον
2423 3861 2498 3933 μὴ
2540 3855 2710 3924 οὖσα,
2758 3857 2885 3912 ὅταν
2923 3854 3172 3927 πεμφθῇ,
3200 3851 3607 3926 παραγένηται·

2037 3957 2172 4014 ἀλλά
2211 3957 2279 4028 τῇ
2326 3952 2688 4024 συντηρητικῇ
2724 3947 2955 4019 δυνάμει
2983 3944 3351 4017 διακρατοῦσα
3374 3941 3438 3996 τδ
3474 3941 3613 4006 πᾶν,

2037 4051 2139 4104 οὐκ
2169 4049 2281 4119 ἔχει
2321 4048 2401 4111 εἰς
2427 4045 2457 4100 ὃ
2504 4041 2903 4115 μεταχωρήσει,
2942 4038 3079 4110 αὕτη
3117 4035 3211 4090 τοῦ
3245 4032 3447 4097 παντὸς
3476 4029 3619 4086 οὖσα

2039 4141 2329 4214 πλήρωμα·
3458 4237 3462 4240 ἠ

2133 4316 2199 4370 Ἦ
2226 4313 2403 4368 τοίνυν
2426 4310 2562 4381 πρὸς
2583 4309 2643 4363 τὸ
2672 4307 2937 4380 ἡμέτερον
2963 4304 3214 4360 ταπεινόν
3241 4320 3302 4358 τε
3330 4303 3429 4357 καὶ
3452 4302 3618 4358 ἀσθεο

365 4423 421 4469 et
447 4414 846 4481 inﬁrmitatem,
868 4414 963 4484 qui
986 4415 1266 4470 voluntate
1293 4414 1473 4470 Patris
1496 4415 1716 4478 accidit,
1745 4415 1927 4470 missio

2038 4406 2126 4469 νὲς
2159 4404 2252 4458 τοῦ
2288 4401 2419 4457 Υίοῦ
2461 4400 2557 4455 τοῦ
2595 4400 2730 4453 Θεοῦ
2765 4397 3018 4464 κάθοδος,
3061 4395 3205 4450 κατὰ
3244 4395 3471 4466 γνώμην
3514 4396 3628 4452 τοῦ

365 4504 592 4561 dicitur.
627 4503 762 4561 Nam
789 4507 856 4560 ab
902 4504 1199 4561 immortali
1233 4512 1429 4559 natura
1454 4505 1522 4559 ad
1560 4512 1806 4561 nostram
1847 4506 1932 4559 vi-

366 4608 477 4651 tam
508 4596 764 4666 migratio
787 4608 899 4651 non
925 4594 993 4649 de
1025 4593 1149 4648 loco
1176 4593 1244 4648 ad
1272 4594 1451 4648 locum
1482 4601 1691 4649 motum
1717 4593 1934 4651 Domini

366 4684 662 4757 signiﬁcat,
696 4684 793 4740 sed
825 4684 896 4739 ab
922 4676 1533 4753 altitudine'glorite'ad
1568 4683 1934 4740 humilitatem

363 4779 552 4833 carnis
584 4776 792 4834 indicat
819 4775 1167 4833 descensum.
1216 4772 1507 4829 Descendit
1555 4773 1721 4844 igitur
1759 4781 1815 4829 et
1840 4789 1938 4844 ap-

367 4866 548 4937 paruit
576 4882 688 4925 non
713 4867 922 4924 nudum
946 4865 1206 4931 Verbum,
1243 4865 1336 4922 sed
1373 4879 1504 4919 caro
1538 4864 1739 4923 factum
1770 4882 1784 4919 :
1824 4881 1936 4921 non

368 4958 463 5014 Dei
489 4958 663 5015 forma
696 4976 795 5031 per
826 4976 970 5028 sese,
1015 4960 1113 5016 sed
1144 4960 1200 5016 in
1243 4959 1421 5014 forma
1463 4959 1606 5016 servi
1640 4973 1932 5031 apparens.

367 5049 472 5106 llic
499 5049 665 5122 igitur
689 5061 772 5114 est
799 5053 894 5123 qui
920 5052 1062 5108 dixit
1096 5067 1157 5109 se
1199 5067 1307 5108 non
1352 5067 1515 5122 posse
1546 5050 1727 5109 facere
1778 5053 1939 5124 quid-

367 5155 533 5210 quam
567 5140 636 5197 ab
665 5141 870 5212 seipso,
900 5142 1177 5209 videlicet,
1213 5143 1267 5198 in
1299 5152 1563 5213 quantum
1597 5158 1728 5200 caro
1757 5143 1938 5203 factus

367 5243 485 5302 est;
514 5249 640 5291 nam
674 5250 783 5290 non
828 5251 1014 5306 posse,
1071 5235 1465 5293 imbecillitatis
1510 5245 1614 5294 est.
1676 5236 1751 5294 Ut
1790 5237 1937 5293 enim

324 5368 331 5385 ι
371 5324 481 5381 luci
515 5326 773 5391 tenebrae,
801 5333 855 5382 et
883 5326 1005 5382 vita:
1034 5341 1205 5391 mors,
1237 5328 1312 5382 ita
1343 5329 1603 5399 potentiae
1630 5327 1935 5399 opponitur

366 5417 698 5475 inﬁrmitas:
735 5418 888 5490 atqui
917 5418 1173 5476 Christus
1202 5418 1297 5474 Dei
1337 5423 1582 5491 potentia
1618 5428 1782 5492 atque
1832 5418 1943 5475 Dei.

440 5571 483 5641 ξι
522 5568 690 5625 Marc.
723 5586 799 5634 ιχ,
839 5571 930 5626 24.
1005 5572 1050 5604 ¹²
1088 5571 1256 5629 Marc.
1290 5591 1332 5641 ι,
1363 5575 1454 5630 41.
1531 5575 1574 5609 ¹³
1642 5574 1801 5630 Joan.
1837 5588 1926 5628 XIV

2030 5573 2073 5629 υ.
2149 5571 2195 5603 ιι
2226 5568 2360 5641 ibid.
2390 5568 2442 5623 9.

370 5638 591 5714 fidean.
615 5641 866 5714 }vu,10.
926 5641 988 5714 ff
1022 5642 1150 5702 ihid.
1192 5644 1276 5702 l0.
1318 5638 1398 5680 ’⁸³
1437 5643 1625 5703 Matth.
1661 5638 2032 5714 xxv1,58,7'59.

373 5712 457 5768 Π.
532 5711 577 5743 ⁸³
608 5708 761 5764 Joan.
798 5710 1008 5798 x1v,28.

2035 4495 2247 4567 [ἰατρὸς
2277 4491 2640 4566 γεγενημένη,
2685 4489 2959 4561 ἀποστολὴ
3003 4488 3240 4557 λέγεται.
3295 4487 3361 4541 Ἦ
3393 4487 3503 4557 γὰρ
3548 4488 3623 4540 ὲκ

2034 4588 2133 4659 τῆς
2163 4585 2440 4658 ἀκηράτου
2471 4582 2686 4653 φύσεως
2702 4582 2840 4653 πρρς
2860 4582 2959 4653 τὴν
2981 4579 3257 4652 ἡμετέραν
3277 4577 3422 4648 ζωὴν
3451 4580 3626 4647 μετά-

2038 4694 2226 4741 στασις
2252 4677 2313 4730 ού
2347 4674 2576 4746 τοπικὴν
2606 4675 2838 4728 ποιεῖται
2875 4671 2969 4725 τοῦ
2998 4672 3203 4741 Κυρίου
3240 4671 3339 4741 τὴν
3375 4670 3625 4741 κίνησιν,

2038 4772 2174 4829 ἀλλὰ
2198 4770 2296 4841 τὴν
2326 4768 2434 4823 ἀπὸ
2464 4766 2559 4822 τοῦ
2588 4766 2754 4836 ὕψους
2783 4764 2882 4835 τῆς
2917 4763 3074 4835 δόξης
3104 4762 3241 4834 πρὸς
3269 4762 3331 4815 τὸ
3354 4762 3627 4816 ταπεινὸν

2039 4866 2140 4939 τῆς
2172 4861 2374 4936 σαρκὸς
2403 4859 2732 4921 ἐνδείκνυται
2764 4856 3009 4912 κάθοδον.
3048 4853 3268 4926 Κατέὸη
3297 4854 3473 4908 τοίνυν
3517 4854 3627 4907 καὶ

2040 4959 2213 5029 ἐφάνη
2242 4956 2305 5010 ού
2333 4952 2541 5025 γυμνὸς
2566 4953 2595 5005 ό
2616 4950 2809 5020 Λόγος,
2838 4948 2976 5011 ἀλλὰ
3008 4947 3145 5019 σὰρξ
3173 4947 3489 5019 γενόμενος·
3515 4948 3626 5019 οὐχ

2041 5053 2075 5123 ἡ
2100 5048 2195 5103 τοῦ
2217 5044 2352 5102 Θεοῦ
2384 5042 2564 5116 μορφὴ
2589 5041 2710 5096 καθ’
2740 5041 2960 5112 ἑαυτὴν,
2986 5038 3100 5093 ἀλλ’
3129 5040 3188 5092 ἐν
3213 5040 3280 5109 τῇ
3310 5037 3402 5092 τοῦ
3424 5037 3623 5092 δούλου

2045 5142 2227 5214 μορφῇ
2276 5134 2666 5209 θεωρούμενος.
2700 5126 2872 5200 Οὗτος⁴
2905 5127 2999 5186 οὖν
3051 5132 3231 5194 ἐστιν,
3263 5132 3292 5185 ό
3332 5129 3503 5183 εἰπὼν
3541 5130 3620 5201 μὴ

2041 5227 2300 5287 δύνασθαί
2326 5243 2380 5280 τι
2407 5223 2500 5294 ἀφ’
2526 5220 2723 5287 ἑαυτοῦ
2753 5223 2943 5287 ποιεῖν,
2971 5220 3128 5292 δῆλον
3154 5221 3238 5273 ὅτι
3264 5219 3399 5273 καθὸ
3423 5219 3618 5289 γέγονε

2044 5324 2179 5395 σάρξ
2203 5337 2217 5353 ·
2244 5320 2307 5375 τὸ
2333 5318 2440 5390 γὰρ
2466 5317 2540 5388 μὴ
2567 5313 2844 5379 δύνασθαι,
2872 5312 3155 5379 ἀσθενείας
3182 5312 3350 5367 ἐστίν.
3393 5312 3483 5377 Ὠς
3506 5312 3614 5383 γάρ

2042 5415 2121 5486 τῷ
2148 5411 2288 5484 φωτὶ
2314 5410 2377 5465 τὸ
2406 5408 2614 5473 σκότος,
2649 5407 2743 5462 καὶ
2776 5408 2805 5460 ὁ
2843 5405 3070 5470 θάνατος
3111 5407 3177 5477 τῇ
3209 5403 3345 5476 ζωῇ,
3378 5403 3521 5457 οὕτω
3546 5405 3611 5474 τῇ

2542 5566 2587 5598 ³⁸
2619 5562 2777 5621 Joan.
2812 5576 2867 5625 ι,
2898 5559 2987 5616 50.
3086 5559 3129 5591 ’⁸
3168 5559 3354 5616 Matth.
3392 5579 3446 5617 ιι
3470 5604 3486 5628 ,
3518 5563 3611 5619 27.

2144 5642 2191 5675 ’θ
2221 5639 2377 5696 Joan.
2420 5654 2471 5708 ν,
2514 5636 2598 5692 19.
2675 5636 2715 5667 ¹¹
2757 5629 2914 5688 Joan.
2942 5646 3042 5698 xu,
3076 5629 3163 5686 49.
3240 5633 3285 5665 ³¹
3312 5631 3475 5691 Joan.
3516 5650 3610 5701 xx,

3786 3944 3819 3989 ν
