3930 6210
335 217 434 271 $.67

1532 225 1587 278 S.
1630 219 1955 278 GREGORll
1994 219 2285 283 NYSSENI

3463 230 3575 286 538

335 337 480 407 quod
510 338 783 393 acciderat
815 348 1009 409 praeter
1043 349 1316 407 naturam,
1368 343 1557 398 dicens
1587 361 1600 396 :
1636 345 1766 409 Qui:
1819 344 1901 397 di-

2025 347 2160 409 ίὰζει
2193 348 2406 404 τέκνον
2456 349 2492 415 ἠ
2548 349 2780 419 Σιίῤῥα;
2814 344 2943 403 Εἶτα
2986 348 3244 421 ήδρύνετο
3295 348 3355 401 τὸ
3386 348 3575 418 νήπιον

334 437 495 490 miscet
526 434 827 488 Abrahamo
879 432 1069 489 Suram
1114 433 1287 504 ﬁlium
1333 436 1648 491 lactare“?
1704 436 1904 493 Deinde

338 527 518 581 infans
552 526 775 597 grandis
821 524 1107 586 evadebat,
1159 533 1213 580 et
1252 526 1321 581 ad
1361 527 1895 582 adolescentulorum

340 618 594 673 tendebat
620 625 855 678 aetatem,
893 631 958 671 ac
984 617 1098 687 iam
1133 632 1267 687 puer
1309 624 1427 689 erat
1456 617 1513 671 in
1542 616 1677 671 ﬂore
1703 617 1902 681 aetatis,

341 715 394 767 in
427 725 642 765 summo
668 708 1094 779 pulchritudinis
1126 711 1328 779 vigore,
1372 708 1681 780 iucundum
1715 724 1908 780 paren-

339 810 484 861 tibus
549 804 920 874 spectaculum
981 801 1386 872 pulchritudine
1452 802 1780 873 proficiens,
1838 802 1909 855 ad

342 913 616 956 summum
656 895 1009 967 progrediens
1055 895 1232 950 aetatis
1269 894 1510 965 vigorem
1537 936 1551 960 ,
1608 909 1722 949 una
1782 908 1906 949 cum

345 990 591 1061 corporis
642 987 1045 1060 pulchritudine
1082 986 1311 1041 virtutes
1357 1000 1583 1055 augens.
1629 984 1911 1051 Quomodo

345 1090 566 1154 propter
591 1095 715 1137 eum
748 1079 973 1134 all'cctos
1005 1076 1176 1132 fuisse
1206 1085 1461 1147 parentes
1490 1075 1784 1132 verisimile
1811 1076 1905 1135 sit.

348 1188 441 1228 vos
491 1187 603 1227 rem
669 1169 1095 1242 cogitationibus
1144 1164 1446 1237 subiectam
1506 1170 1647 1223 intra
1705 1169 1909 1239 vosipsi

346 1262 661 1334 perpendite
690 1269 852 1330 atque
887 1260 1160 1325 indicate:
1216 1266 1277 1313 ut
1324 1257 1593 1314 adiciatur
1623 1266 1777 1329 pater
1830 1260 1911 1314 lu-

342 1357 563 1409 dentem
596 1354 787 1408 videns
818 1351 1009 1418 lilium,
1057 1359 1111 1406 et
1148 1352 1436 1421 palaestrae.
1475 1352 1699 1417 litteris,
1745 1351 1913 1407 disci-

346 1445 531 1516 plinis,
578 1443 998 1520 iucundissimis
1043 1443 1334 1513 atqualium
1389 1444 1623 1499 coetibus
1688 1459 1911 1513 operam

348 1534 615 1590 dantem?
662 1534 868 1589 Interea
919 1534 1235 1604 exploratur
1265 1542 1429 1603 atque
1476 1536 1780 1604 periculum
1831 1536 1910 1602 ﬁt,

350 1632 531 1678 utrum
580 1621 861 1679 dilectioni
912 1636 1041 1692 erga
1090 1621 1260 1677 Deum
1299 1623 1620 1703 patriarcha.
1645 1625 1769 1695 plus
1820 1627 1917 1680 tri-

2006 441 2126 495 κατ’
2149 439 2347 509 ὀλίγον,
2374 441 2467 493 καὶ
2498 442 2577 504 είς
2605 441 2704 511 τὴν
2732 439 2839 494 τῶν
2867 440 3166 511 μειρακίων
3192 439 3410 511 ήλικίαν
3436 438 3574 509 ἔτρε-

2007 548 2120 602 χεν,
2159 531 2253 585 καὶ
2279 530 2379 603 ήδη
2413 533 2543 595 παῖς
2568 527 2636 603 ἦν
2672 532 2728 583 ὲν
2760 529 2912 585 ἄνθει
2938 532 3037 602 τῆς
3068 529 3304 601 ἡλικίας,
3332 532 3390 582 ὲν
3426 531 3574 601 ἀκμῇ

2006 624 2104 695 τῆς
2134 622 2302 694 ὥρας,
2333 622 2503 691 γλυκὺ
2533 621 2710 693 θέαμα
2728 622 2843 684 τοῖς
2871 621 3404 693 γεννησαμένοις,είς
3433 620 3581 691 ὥραν

2008 714 2294 778 ἐπιδιδοὺς,
2328 716 2408 777 είς
2448 714 2633 785 ἀκμήν
2671 714 2897 787 προῖὼν,
2930 714 3030 778 τὰς
3060 715 3158 785 τῆς
3180 713 3358 785 ψυχῆς
3381 711 3585 783 ἀρετὰς

2012 806 2289 872 συναύξων
2314 807 2392 879 τῷ
2418 806 2602 862 κάλλει
2626 810 2720 862 τοῦ
2748 807 3021 879 σώματος.
3051 807 3237 869 Ὅπως
3261 805 3405 876 ἔχειν
3438 804 3587 867 είκδς

2009 898 2095 951 ἐπ’
2141 897 2289 969 αύτῷ
2329 899 2454 961 τοὺς
2500 899 2888 970 γεννήσαντας,
2922 899 3078 969 ὑμεῖς
3115 895 3175 949 τὸ
3206 898 3437 967 πρᾶγμα
3475 898 3589 958 τοίς

2009 990 2288 1060 λογισμοῖς
2340 989 2649 1055 ὑποθέντες,
2701 991 2761 1045 ὲν
2811 990 3028 1052 ἑαυτοῖς
3073 986 3381 1052 ἐξετάσατε·
3437 986 3588 1047 ὅπως

2009 1080 2302 1135 διατίθεται
2342 1081 2527 1152 πατὴρ
2556 1080 2819 1145 παίζοντα
2863 1080 3073 1152 βλέπων
3110 1078 3244 1143 υίδν,
3294 1078 3388 1130 καὶ
3421 1093 3591 1128 omu-

2010 1171 2237 1237 δάζοντα
2269 1172 2327 1226 έν
2351 1172 2731 1245 παλαίστραις,
2775 1175 2833 1227 ἐν
2870 1171 3133 1234 παιδιαῖς,
3164 1169 3222 1224 ὲν
3266 1167 3589 1239 μαθήμασιν

2013 1263 2047 1334 ἢ
2092 1265 2148 1317 ὲν
2186 1266 2303 1327 ταῖς
2335 1263 2577 1334 ἡδίσταις
2611 1263 2721 1318 τῶν
2765 1262 3072 1334 ἡλικιωτῶν
3116 1258 3446 1322 συνουσίαις.
3498 1257 3594 1309 Ἐν

2014 1356 2221 1420 τούτοις
2249 1359 2413 1426 πείρα
2457 1356 2788 1427 προσάγεται
2822 1355 2898 1425 τῷ
2930 1353 3242 1426 πατριάρχῃ
3286 1352 3380 1405 καὶ
3422 1349 3597 1420 βάσα-

2014 1462 2122 1509 νος,
2156 1447 2261 1500 τίνι
2282 1447 2345 1499 τὸ
2374 1446 2536 1500 πλέον
2564 1447 2735 1519 νέμει,
2765 1449 2830 1519 τῇ
2861 1447 2997 1519 πρὸς
3029 1446 3122 1500 τὸν
3150 1444 3280 1497 Θεὸν
3306 1442 3518 1514 ἀγάπῃ.
3554 1440 3590 1510 ἢ

2014 1544 2081 1612 τῇ
2112 1543 2239 1613 περὶ
2264 1542 2363 1612 τήν
2388 1541 2549 1612 φύσιν
2576 1544 2737 1614 ῥοπῇ.
2769 1544 2980 1614 Φρίττω
3011 1541 3209 1614 μεταξῦ
3239 1539 3598 1609 διηγούμενος

2017 1632 2078 1685 τὸ
2106 1632 2205 1703 τῆς
2242 1631 2434 1704 πείρας
2466 1632 2760 1704 ἀπότομον.
2796 1632 3140 1704 Χρηματίζει
3180 1632 3338 1686 πάλιν
3377 1634 3405 1685 ὀ
3437 1630 3595 1693 Θεὸς,

348 1716 566 1780 buerct,
615 1729 685 1769 an
720 1714 1072 1785 propensioni
1133 1729 1262 1785 erga
1314 1696 1917 1773 naturam-Horresco

2025 1721 2111 1774 καὶ
2145 1696 2530 1793 προσκαλεῖται
2559 1696 2653 1778 τὸν
2686 1696 2938 1788 αὐτὸν-ἐξ
2971 1722 3233 1794 ὀνόματος
3255 1738 3268 1751 ·
3301 1722 3329 1774 ὁ
3364 1720 3422 1774 δὲ
3458 1737 3602 1791 προ-

350 1809 477 1864 dum
508 1822 721 1877 expono
750 1806 1072 1862 tentationis
1106 1805 1505 1861 vehementiam
1544 1817 1706 1876 atque
1768 1809 1916 1877 peri-

350 1898 458 1950 t-uli
489 1896 853 1951 atrocitatem.
879 1894 1024 1950 Deus
1053 1910 1249 1951 rursus
1282 1895 1616 1966 colloquitur
1640 1912 1764 1951 cum
1796 1898 1913 1963 illo,

349 2003 411 2041 ac
460 1987 780 2041 nominatim
816 1986 1051 2056 appellat
1093 1985 1388 2053 eumdem;
1439 1994 1603 2056 atque
1641 1988 1732 2043 ille
1766 1989 1911 2044 haud

2021 1811 2208 1882 θύμως
2262 1814 2527 1867 ὑπακούει
2569 1817 2635 1886 τῇ
2675 1815 2888 1886 κλήσει,
2934 1815 2992 1881 ἐξ
3033 1806 3107 1870 ὧν
3155 1813 3255 1884 ’ήδη
3303 1814 3604 1882 τετυχήκει

2022 1901 2237 1966 πάντως
2272 1904 2605 1982 ,προσθήκην
2648 1904 2908 1977 δευτέρας
2943 1905 3167 1977 χάριτος
3216 1902 3600 1974 ἐκδεχόμενος.

2035 1992 2193 2047 Ἀλλά
2219 1994 2281 2048 τὸ
2311 1996 2611 2067 ἐπίταγμα,
2641 1996 2724 2065 τίς

349 2088 671 2134 cunctanter
698 2080 844 2134 dicto
887 2079 1114 2134 audiens
1166 2086 1251 2135 est
1293 2081 1532 2145 vocanti,
1580 2096 1645 2137 ex
1695 2082 1763 2138 iis
1823 2099 1944 2154 qua:
1976 2085 2090 2155 iam
2145 2098 2477 2146 consecutus
2527 2100 2664 2155 erat,
2712 2088 2940 2147 secundi
2983 2089 3115 2144 doni
3164 2087 3603 2144 additamentum

353 2186 575 2243 prorsus
612 2178 957 2241 exspectans.
991 2168 1098 2226 Sed
1128 2170 1372 2241 iubetur,
1394 2170 1570 2241 quid?

424 2268 613 2337 Accipe
641 2268 789 2334 mihi,
825 2266 1022 2337 inquit,
1047 2266 1220 2336 ﬁlium
1255 2275 1401 2320 tuum
1423 2267 1490 2321 ’⁷.
1527 2265 1780 2321 Nondum
1817 2266 1921 2321 for-

351 2372 497 2417 tasse
532 2376 628 2416 cor
664 2360 836 2431 patris
867 2359 1043 2413 oratio
1074 2358 1351 2429 percutit:
1383 2358 1544 2430 plane
1589 2357 1734 2412 enim
1771 2357 1923 2428 eius-

353 2452 496 2506 modi
533 2452 659 2522 quid
685 2451 1020 2521 suspicatur,
1049 2449 1309 2504 nimirum
1340 2449 1488 2521 quod
1513 2450 1718 2520 nuptiis
1753 2449 1921 2504 {ilium

352 2544 612 2615 copulare
633 2543 896 2614 iussurus
922 2548 1069 2598 esset
1088 2551 1141 2598 et
1165 2542 1573 2598 matrimonium
1593 2542 1919 2607 accelerare,

355 2646 413 2690 ut
444 2643 696 2691 eventum
726 2635 1018 2691 sortiretur
1045 2633 1359 2689 benedictio
1386 2649 1556 2705 super
1587 2634 1797 2690 semine
1843 2630 1924 2689 fa-

359 2739 466 2784 cta.
497 2727 603 2783 Sed
636 2729 918 2784 videamus
944 2727 1074 2798 quid
1104 2727 1394 2796 adjiciatur
1426 2727 1660 2782 orationi
1686 2746 1700 2782 :
1738 2727 1924 2794 Accipe

356 2822 503 2886 mihi,
544 2822 741 2891 inquit,
795 2821 967 2889 ﬁlium
1026 2827 1174 2872 tuum
1206 2821 1365 2873 istum
1415 2817 1664 2873 dilectum
1692 2858 1707 2882 ,
1755 2820 1919 2873 istum

357 2914 704 2983 unigenitum.
750 2911 886 2967 Vide
919 2911 1170 2968 stimulos
1224 2911 1515 2974 orationis,
1564 2911 1921 2982 quemadmo-

2090 2273 2245 2330 Λάϐε
2289 2291 2414 2344 μοι,
2456 2272 2618 2343 φησὶ,
2650 2272 2758 2327 τὸν
2798 2272 2932 2327 υἱόν
2974 2287 3110 2329 σου.
3163 2269 3327 2327 Οὔπω
3369 2272 3604 2344 πλήσσει

2019 2364 2158 2436 τάχα
2189 2365 2282 2418 τοῦ
2314 2364 2517 2436 πατρὸς
2549 2363 2647 2435 τὴν
2682 2352 2906 2436 καρδίαν
2938 2365 2967 2417 ὁ
3007 2362 3193 2433 λόγος’
3232 2364 3449 2427 πάντως
3491 2363 3604 2433 γάρ

2018 2453 2257 2510 τοιοῦτον
2302 2454 2715 2524 ὑπολογίζεται,
2758 2455 2841 2509 δτι
2888 2455 3053 2526 γάμῳ
3102 2454 3439 2526 συναρμόσαι
3479 2454 3603 2507 δια-

2019 2546 2300 2599 κελεύεται
2326 2546 2421 2600 καὶ
2449 2544 2772 2599 ἐπισπεῦσαι
2799 2545 2890 2599 τὸν
2914 2545 3177 2616 θάλαμον,
3205 2546 3280 2609 ὡς
3305 2545 3372 2598 ἂν
3399 2545 3479 2608 είς
3510 2545 3607 2597 πέ-

2027 2655 2127 2710 ρας
2154 2637 2296 2692 έλθοι
2318 2639 2351 2709 ή
2375 2639 2465 2692 ἐπὶ
2491 2637 2583 2691 τοῦ
2611 2637 2926 2709 σπέρματος
2953 2636 3191 2707 εὐλογία.
3231 2636 3369 2690 Ἀλλ’
3403 2638 3607 2708 ἴδωμεν

2023 2729 2119 2800 τὴν
2152 2729 2466 2802 προσθήκην
2490 2729 2585 2784 τοῦ
2610 2729 2790 2798 λόγον’
2819 2728 2976 2784 Λάϐε
2996 2747 3117 2799 μοι,
3150 2726 3306 2800 φησὶ,
3330 2729 3439 2783 τὸν
3467 2730 3609 2784 υἱόν

2024 2837 2140 2877 σου
2163 2823 2271 2876 τὸν
2301 2822 2630 2892 ἀγαπητὸν,
2656 2822 2760 2875 τὸν
2780 2819 3098 2891 μονογενῆ.
3136 2821 3278 2891 Ὅρα
3302 2820 3369 2874 τὰ
3399 2821 3606 2893 κέντρα

2020 2913 2114 2966 τοῦ
2140 2913 2319 2981 λόγου,
2343 2911 2460 2976 πῶς
2486 2913 2666 2965 κεντεῖ
2689 2911 2782 2966 τοῦ
2804 2912 3008 2985 πατρὸς
3027 2912 3097 2966 τὰ
3118 2912 3399 2983 σπλάγχνα
3422 2930 3437 2944 ·
3487 2913 3611 2977 πῶς

357 3009 485 3062 dum
530 3013 733 3076 pungat
778 3004 989 3059 viscera
1040 3001 1231 3074 patris.
1281 2999 1352 3057 Ut
1404 3002 1588 3057 eliciat
1649 3001 1920 3056 ﬂammam

2027 3002 2371 3078 άναρῤιπίζει
2401 3004 2499 3077 τὴν
2539 3005 2639 3075 τῆς
2682 3003 2898 3073 φύσεως
2936 3003 3138 3073 φλόγα·
3176 3002 3293 3067 πῶς
3331 3002 3607 3074 ἀνεγείρει

355 3106 605 3163 naturae;
640 3106 699 3150 ut
753 3094 958 3149 excitet
995 3092 1309 3149 incendium
1362 3092 1605 3155 amoris,
1659 3100 1715 3147 et
1754 3092 1922 3147 lilium

355 3191 616 3246 dilectum
645 3196 697 3243 et
728 3186 1067 3257 unigenitum
1112 3199 1360 3251 vocans;
1401 3191 1460 3239 ut
1506 3198 1601 3254 per
1652 3182 1926 3254 eiusmodi

355 3279 575 3335 nomina
598 3276 980 3334 eﬂ‘ervesceret
1005 3287 1132 3344 erga
1180 3288 1306 3328 eum
1346 3272 1552 3328 amoris
1593 3272 1695 3328 vis.
1731 3270 1798 3326 Et
1832 3271 1926 3328 ubi

355 3384 634 3440 accepero.
677 3367 807 3434 quid
842 3366 1080 3422 faciam?
1107 3364 1257 3435 Οπὶν
1283 3364 1431 3430 mihi,
1469 3365 1665 3435 inquit.
1712 3364 1795 3420 An
1839 3378 1927 3420 sa-

355 3459 631 3516 cerdotem
657 3458 992 3514 constituere
1018 3455 1201 3526 iubes.
1250 3471 1412 3526 quem
1436 3455 1632 3512 oﬂerre
1668 3456 1928 3527 prtecepi-

359 3551 477 3606 sti?
512 3549 630 3606 Non
680 3548 1042 3614 sacerdotem,
1095 3547 1192 3603 sed
1244 3548 1480 3604 hostiam
1522 3556 1578 3603 et
1627 3549 1925 3615 victimam,

357 3658 479 3715 qua:
510 3658 606 3712 per
660 3640 990 3697 sacrificium
1041 3639 1152 3711 igni
1212 3647 1325 3695 tota
1384 3639 1727 3695 absumatur.
1782 3640 1929 3710 Olfer

357 3734 510 3797 mihi,
537 3732 744 3802 inquit,
778 3732 832 3785 in
881 3730 1207 3800 sacriﬁcium
1258 3729 1558 3785 holocausli
1620 3731 1675 3785 in
1730 3742 1925 3796 monte,

357 3840 714 3898 quemcunque
739 3824 833 3877 tibi
862 3831 1247 3878 momtravero.
1276 3821 1562 3888 Quomodo
1586 3823 1761 3879 aﬂ'ecti
1793 3825 1929 3879 estis

359 3916 728 3972 narrationem
768 3913 1076 3977 audientes,
1108 3914 1423 3985 quicunque
1471 3924 1655 3985 patres
1693 3915 1828 3972 estis
1875 3925 1930 3972 et

358 4007 564 4064 amoris
594 4020 723 4078 erga
752 4005 954 4061 liberos
999 4003 1344 4061 all‘ectionem
1395 4006 1465 4061 ab
1513 4014 1709 4061 natura
1763 4022 1927 4063 acce-

360 4108 505 4172 ptam
554 4098 819 4155 habetis?
867 4095 1056 4153 Nostis
1107 4096 1270 4167 plane
1325 4105 1384 4152 ut
1441 4098 1716 4169 accipiant
1769 4115 1932 4155 aures

361 4203 596 4265 paterna:
641 4191 909 4264 unigeniti
942 4189 1037 4244 ﬁlii
1062 4189 1473 4245 mactationem.
1507 4188 1643 4255 Quis
1689 4206 1799 4244 non
1832 4190 1931 4244 ob-

362 4287 660 4357 stupuisset
706 4293 761 4339 et
784 4283 1067 4363 attonitus
1114 4281 1313 4337 fuisset
1368 4281 1436 4336 ad
1501 4282 1646 4337 hanc
1698 4281 1931 4337 vocem?

359 4378 493 4446 Quis
522 4392 685 4433 aures
719 4392 827 4431 non
858 4373 1190 4430 avertisset?
1215 4373 1350 4440 Quis
1380 4374 1435 4429 in
1460 4373 1622 4445 iusso
1649 4374 1929 4444 accipien-

359 4474 431 4527 do
461 4472 642 4544 potius
670 4477 955 4527 emortuus
977 4484 1085 4524 non
1119 4476 1287 4534 esset,
1316 4482 1479 4538 quam
1514 4468 1569 4522 in
1605 4481 1700 4522 cor
1729 4467 1931 4521 admit-

360 4573 499 4619 teret
530 4560 877 4617 orationem?
903 4561 987 4614 An
1020 4574 1131 4615 non
1161 4558 1360 4615 merito
1408 4572 1472 4613 ac
1521 4557 1648 4629 iure
1691 4571 1817 4612 cum
1865 4572 1932 4613 eo

359 4654 799 4725 expostulasset,
852 4650 1026 4720 ipsam
1065 4636 1468 4719 naturam'pro
1530 4664 1589 4704 se
1640 4656 1929 4719 patronam

360 4761 641 4817 opponens
662 4785 676 4809 ,
706 4760 770 4801 ac
797 4744 1045 4806 dixisset,
1087 4740 1198 4797 Cur
1247 4742 1363 4797 ham
1395 4782 1412 4806 ,
1439 4742 1686 4808 Domine,
1714 4741 1878 4812 iubes
1902 4742 1928 4797 ἲ

364 4840 638 4893 idcircone
676 4844 883 4908 patrem
918 4836 1117 4893 fecisti,
1154 4843 1214 4889 ut
1247 4834 1341 4889 iilii
1389 4849 1768 4905 percussorem
1805 4833 1930 4888 red-

360 4932 521 4985 deres
542 4929 565 4982 ?
592 4928 869 4983 idcircone
892 4942 977 4982 me
999 4925 1163 4994 huius
1184 4925 1312 4980 doni
1337 4924 1682 4980 dulcedinem
1706 4931 1930 4993 gustare

362 5018 573 5083 iecisti,
621 5024 685 5071 ut
736 5015 938 5071 mundo
1016 5014 1255 5069 fabulam
1309 5028 1396 5068 me
1449 5012 1733 5068 ediceres?
1796 5011 1930 5067 Meis

363 5114 534 5185 ipsius
563 5110 817 5177 manibus
852 5108 1021 5163 lilium
1053 5105 1368 5170 trucidabo,
1392 5111 1447 5160 et
1476 5115 1766 5175 cognatum
1801 5119 1931 5159 san-

363 5206 580 5274 guinem
620 5202 719 5257 tibi
752 5200 978 5256 libabo?
1021 5197 1086 5251 Et
1137 5205 1195 5251 tu
1241 5196 1355 5251 haec
1381 5193 1565 5265 iubes,
1613 5203 1668 5251 et
1729 5195 1931 5249 talibus

364 5297 603 5352 victimis
631 5292 964 5351 delectaris?
1005 5288 1333 5345 lnterﬁciam
1389 5287 1560 5342 lilium
1627 5304 1656 5342 a
1699 5301 1811 5357 quo
1846 5301 1933 5340 me

364 5390 637 5455 sepultum
685 5387 751 5440 iri
798 5383 1054 5456 speravi?
1111 5379 1465 5449 Eiusmodine
1505 5378 1556 5433 ei
1608 5386 1930 5436 construam

364 5478 701 5532 thalamum?
727 5474 988 5531 Talenme
1015 5473 1067 5530 ei
1096 5473 1336 5529 laetitiam
1365 5470 1677 5541 nuptiarum
1721 5484 1931 5540 praepa-

431 5656 476 5688 “
520 5654 654 5710 Gen.
698 5670 808 5720 xm,
842 5656 895 5707 7.
972 5654 1015 5686 ’⁷
1056 5652 1191 5708 Gen.
1230 5665 1365 5716 χχιι,
1397 5648 1430 5702 2
1459 5662 1580 5717 sqq.

2027 3097 2087 3152 τὸ
2112 3097 2350 3168 φίλτρον,
2382 3097 2477 3150 καὶ
2502 3095 2618 3150 υίδν
2643 3096 2925 3168 ἀγαπητὸν
2954 3096 3050 3150 καὶ
3091 3095 3353 3167 μονογενῆ
3384 3096 3567 3149 καλῶν
3586 3114 3603 3130 -

2025 3187 2098 3252 ὡς
2126 3189 2191 3241 ἂν
2213 3187 2299 3241 διὰ
2325 3187 2432 3241 τῶν
2461 3185 2719 3240 τοιούτων
2736 3185 3012 3257 ὀνομάτων
3051 3185 3108 3238 te
3133 3184 3351 3257 φίλτρον
3382 3186 3443 3239 τὸ
3467 3186 3608 3257 πρὸς

2027 3281 2187 3335 αὑτὸν
2209 3279 2542 3345 ἀναζέσειεν.
2571 3275 2704 3332 Εἶτα
2732 3277 2912 3332 λαϐὼν
2936 3277 2989 3331 τί
3017 3278 3259 3349 ποιήσω;
3302 3276 3608 3349 Ἀνένεγκέ

2022 3391 2147 3444 μοι.
2183 3372 2335 3445 φησί.
2375 3373 2468 3444 Μὴ
2515 3372 2664 3443 ἱερέα
2709 3373 3042 3442 καταστῆσαι
3072 3370 3315 3433 κελεύεις
3343 3411 3359 3435 ,
3399 3369 3460 3423 δν
3504 3372 3607 3424 ἀν·-

2028 3466 2271 3534 ενεγκείν
2303 3462 2676 3534 προσέταξαςς
2713 3462 2824 3531 Οὐχ
2854 3459 3022 3531 ἱερέα,
3054 3458 3192 3514 ἀλλὰ
3224 3459 3371 3530 θῦμα
3398 3458 3493 3512 καὶ
3532 3460 3612 3512 is-

2033 3559 2171 3628 ρεῖον
2218 3554 2307 3609 διὰ
2345 3554 2535 3617 θυσίας
2590 3551 3047 3622 ὁλοκαυτούμενον
3066 3592 3079 3605 .
3133 3550 3443 3620 Ἀνένεγκέ
3473 3567 3605 3619 μοι,

2031 3646 2215 3716 φησὶν,
2236 3647 2324 3711 εις
2362 3643 2782 3713 ὁλοκάρπωσιν
2804 3641 2903 3695 ἐπὶ
2928 3640 3035 3695 τοῦ
3059 3641 3256 3709 ὅρους,
3283 3636 3352 3696 οὗ
3375 3638 3484 3692 ἐάν
3500 3655 3609 3693 σοι

2029 3739 2227 3804 δείξω.
2254 3738 2320 3792 Τί
2351 3736 2651 3791 πεπόνθατε
2677 3733 2968 3796 ἀκούοντες
2990 3731 3084 3785 τοῦ
3109 3732 3461 3802 διηγήματος,
3488 3730 3608 3782 ὅσοι

2030 3831 2267 3904 πατέρες
2307 3829 2450 3895 ὲστὲ,
2487 3828 2580 3883 καὶ
2620 3828 2717 3899 τὴν
2766 3827 2903 3899 πρὸς
2947 3825 3073 3888 τοὺς
3125 3824 3321 3887 παῖδας
3376 3820 3610 3893 στοργὴν

2032 3923 2181 3996 παρὰ
2211 3924 2309 3994 τῆς
2340 3921 2555 3992 φύσεως
2592 3918 2906 3991 ἐδιδάχθητε
2931 3935 2947 3984 ;
2980 3916 3175 3971 υίδατε
3215 3916 3430 3978 πάντως
3460 3915 3615 3977 ὅπως

2029 4014 2243 4085 δέχεται
2276 4013 2483 4085 πατρὸς
2504 4011 2641 4083 ἀκοὴ
2680 4010 2999 4083 μονογενοῦς
3030 4008 3220 4065 τέκνου
3253 4008 3488 4079 σφαγήν.
3517 4006 3619 4060 Τί·-

2030 4121 2118 4168 vo;
2158 4103 2257 4159 οὐκ
2302 4099 2371 4175 ἦν
2415 4102 2833 4174 καταπλαγῆναι
2880 4102 3018 4174 πρὸς
3063 4102 3160 4173 τήν
3206 4101 3424 4170 φωνήνς
3475 4099 3615 4153 ἀπο-

2033 4195 2259 4264 στρέψαι
2305 4195 2404 4265 τὴν
2449 4196 2658 4267 άκοήν;
2706 4186 3079 4253 ἐναποθανεῖνῖ
3101 4191 3178 4264 τῷ
3226 4190 3614 4262 προστάγματι

2035 4287 2287 4359 μᾶλλονῆ
2321 4289 2387 4357 τῇ
2415 4286 2615 4359 καρδίᾳ
2642 4286 2732 4341 τὸν
2758 4286 2913 4357 λόγον
2941 4284 3234 4351 δέξασθαις
3262 4283 3381 4338 Οὐκ
3410 4282 3477 4337 ἂν
3506 4282 3619 4335 ἐδι-

1963 4360 2007 4415 D
2034 4366 2358 4447 καιολογήθη
2390 4374 2527 4444 πρὸς
2563 4374 2746 4439 αὐτὸν,
2795 4373 2963 4446 αὐτὴν
2990 4373 3087 4444 τὴν
3119 4373 3281 4442 φύσιν
3314 4373 3624 4443 συνήγορον

2031 4465 2226 4520 ἑαυτοῦ
2270 4466 2751 4538 προστησάμενος,
2795 4465 2860 4519 Τί
2898 4464 3072 4519 ταῦτα
3104 4463 3493 4536 προστάσσεις,
3524 4462 3624 4515 λέ-

2032 4576 2162 4627 γων.
2191 4549 2236 4610 ὧ
2261 4555 2465 4630 Κύριε;
2496 4556 2594 4610 Διά
2629 4557 2787 4611 τοῦτο
2819 4557 3028 4630 πατέρα
3052 4556 3336 4626 ἐποίησας,
3364 4554 3450 4607 ἵνα
3484 4570 3622 4607 παι-

2030 4647 2275 4702 δοκτόνον
2305 4647 2629 4720 άπεργάσῃ;
2654 4647 2752 4701 Διὰ
2779 4647 2938 4701 τοῦτό
2970 4664 3036 4719 με
3056 4648 3156 4717 τῆς
3186 4645 3442 4715 γλυκείας
3471 4644 3616 4698 ταύ-

2030 4757 2131 4809 της
2171 4738 2399 4808 ἕγευσας
2424 4739 2649 4810 δωρεᾶς,
2681 4739 2771 4794 ἵνα
2795 4738 2963 4810 μῦθόν
3001 4755 3069 4810 με
3104 4738 3338 4810 ποιήσῃς
3367 4736 3443 4806 τῷ
3472 4736 3615 4808 ﬂio);

2035 4834 2168 4897 Ταῖς
2190 4832 2427 4903 ἐμαυτοῦ
2467 4833 2621 4904 χερσὶ
2660 4830 2993 4902 κατασφάξω
3029 4830 3120 4884 τὸν
3159 4829 3356 4893 παῖδα,
3390 4830 3483 4881 καὶ
3513 4828 3618 4883 τοῦ

2037 4924 2331 4994 συγγενοῦς
2379 4924 2609 4995 αἵματος
2649 4924 2855 4978 σπείσω
2904 4940 3019 4989 σοις
3054 4924 3163 4976 Καὶ
3205 4923 3269 4975 σὺ
3303 4921 3473 4974 ταῦτα
3522 4937 3624 4973 κε-

2034 5015 2227 5080 λεύεις,
2259 5016 2353 5069 καὶ
2392 5014 2664 5078 τοιαύταις
2694 5015 2962 5087 ὲπιτέρπῃ
2994 5012 3240 5079 θυσίαις;
3282 5010 3620 5065 Ἀποκτείνω

2036 5110 2127 5163 τὸν
2165 5108 2297 5172 υἱὸν,
2338 5107 2426 5178 ὑφ’
2465 5102 2526 5162 οῦ
2559 5106 2895 5179 ταφήσεσθαι
2928 5104 3333 5177 προσεδόκησας
3361 5102 3618 5157 Τοιοῦτον

2038 5199 2186 5271 αὐτῷ
2212 5199 2366 5271 πήξω
2399 5199 2489 5253 τὸν
2520 5198 2787 5270 θάλαμον;
2817 5198 3084 5269 Τοιαύτην
3109 5196 3259 5267 αὐτῷ
3288 5195 3386 5268 τήν
3415 5196 3615 5267 εὐφρο-

2040 5290 2205 5361 σύνην
2236 5289 2636 5361 παρασκευάσω
2672 5288 2766 5342 τοῦ
2799 5290 3014 5359 γάμους
3050 5289 3160 5342 Kal.
3187 5287 3309 5358 ἆψω
3347 5287 3434 5341 ἐπ’
3463 5284 3614 5356 αὐτῷ

2034 5381 2155 5450 οὐχὶ
2176 5378 2432 5450 λαμπάδα
2461 5380 2726 5451 γαμήλιον
2745 5419 2760 5443 ,
2801 5379 2936 5433 ἀλλὰ
2975 5377 3086 5451 πῦρ
3116 5378 3437 5448 ὲπιτάφιον;
3473 5377 3612 5431 οὐκ·

2035 5471 2130 5526 οῦν
2174 5469 2267 5524 ἐπὶ
2314 5469 2522 5536 τούτοις
2556 5472 2649 5526 καὶ
2693 5469 3133 5541 στεφανώσομαι;
3174 5468 3361 5532 Οὕτως
3422 5466 3609 5539 ἔσομαι
