3930 6210
228 247 315 303 563
1133 255 1219 313 DE.
1246 256 1544 314 DE!T.—\TE
1585 256 1742 315 FlLll
1770 259 1858 316 ET
1906 258 2233 320 SPIRITUS
2274 261 2544 321 SANCTI.

3368 268 3471 325 570

221 365 387 438 πατὴρ
424 368 617 436 ἐθνῶν,
657 372 686 424 δ
724 372 859 443 μηδὲ
892 373 1077 438 παιδὸς
1117 376 1593 449 συγχωρούμενοςς
1637 374 1772 451 1Ἀρά

1888 382 2061 436 rabo?
2097 381 2158 436 Et
2193 383 2313 453 ejus
2353 383 2577 438 nomine
2611 382 2910 439 accendant
2969 400 3079 441 non
3117 386 3312 441 laedam
3369 406 3470 442 nn-

213 477 249 512 τι
283 458 536 513 τοιοῦτον
580 455 734 515 εἶπεν
764 465 793 516 ό
819 463 1091 536 Ἀϐραὰμ,
1124 466 1156 538 ἢ
1209 469 1520 537 ἐνενόησεν;
1570 469 1781 541 υΰμεν-

207 569 301 606 συν.
355 553 500 607 Ἀλλ’
528 555 709 627 ἐπειδὴ
740 555 834 610 τὸν
865 559 1068 613 σκοπὸν
1100 556 1204 613 εἶδε
1235 562 1327 615 τοῦ
1387 563 1779 634 ἐπιτάγματος,

204 642 331 713 πρὸς
365 644 464 715 τὴν
489 644 638 698 θείαν
661 648 970 718 ἀναϐλέψας
999 651 1240 723 ἀγάπην,
1273 652 1434 718 εὐθὺς
1487 654 1587 725 τὴν
1620 655 1781 723 φύσιν

202 736 485 805 ἠγνόησεν,
512 740 608 791 καὶ
632 736 743 793 οἷόν
765 758 817 795 τι
844 742 1045 810 γεῶδες
1072 743 1238 815 ἄχθος
1263 745 1362 809 τὰς
1389 746 1657 817 ἐμπαθεῖς
1682 747 1782 816 τῆς

201 826 412 895 φύσεως
439 829 710 895 διαθέσεις
739 832 1148 903 ἀποδυσάμενος
1166 878 1180 900 ,
1216 835 1335 890 ὅλον
1362 837 1560 891 ἔδωκεν
1586 838 1780 892 ἑαυτὸν

200 916 267 986 τῷ
311 916 458 989 Θεῷ,
513 920 611 972 καὶ
649 919 743 974 τοῦ
791 924 1212 995 προστάγματος
1254 921 1355 999 ἦν·
1398 926 1491 981 κα)⁵
1543 926 1668 981 οὔτε
1711 931 1777 1002 τῇ

200 1012 405 1080 γαμετῇ
440 1012 570 1081 περὶ
600 1013 793 1066 τούτου
835 1014 1260 1084 ἀνεκοινώσατο,
1308 1017 1489 1080 καλῶς
1518 1035 1579 1086 γε
1611 1019 1781 1072 ποιῶν

201 1099 287 1151 καὶ
335 1099 636 1164 λυσιτελῶς
676 1104 874 1174 ἐαυτῷ,
915 1106 1293 1172 ἁναξιόπιστον
1346 1111 1424 1174 είς
1473 1111 1780 1183 συμϐουλὴν

204 1190 386 1260 κρίνας
418 1192 480 1245 τὸ
510 1192 668 1263 θῆλυ.
701 1195 836 1249 Οὐδὲ
866 1197 977 1268 γὰρ
1009 1197 1087 1268 τῷ
1135 1200 1305 1270 Ἀδὰμ
1349 1203 1650 1272 συνήνεγκε
1680 1203 1781 1275 τὴν

206 1281 507 1354 συμϐουλὴν
543 1279 824 1358 δεξαμένῳ
849 1288 948 1359 τῆς
975 1288 1140 1355 Εὔας.
1175 1292 1275 1345 Διά
1306 1293 1463 1346 τοῦτο
1487 1295 1563 1358 ὼς
1608 1294 1675 1348 ἂν
1704 1297 1777 1366 μὴ

204 1372 342 1444 πάθῃ
372 1391 425 1427 τι
463 1380 772 1444 γυναικεῖον
804 1378 900 1432 καλ⁵
947 1380 1198 1453 μητρῷον
1248 1385 1281 1453 ὴ
1318 1385 1527 1456 Σάρρα,
1576 1387 1671 1438 καὶ
1719 1386 1780 1440 τὸ

205 1464 425 1537 σφοδρόν
449 1483 509 1520 τε
541 1469 636 1521 καὶ
665 1469 964 1539 ἀκραιφνὲς
992 1471 1093 1542 τῆς
1121 1473 1255 1544 πρὸς
1280 1474 1372 1527 τὸν
1397 1476 1530 1530 Θεὸν
1559 1478 1781 1548 ἀγάπης

199 1554 289 1608 τοῦ
353 1557 607 1630 ’Δδραὲμ
652 1561 1031 1630 ἑπικλάσειεν,
1083 1565 1267 1621 λαθεῖν
1311 1568 1638 1640 ἐπετήδευσε
1681 1572 1780 1643 τὴν

202 1648 483 1717 ὁμόζυγον.
513 1651 659 1705 Πόσα
698 1651 810 1725 γὰρ
843 1649 913 1725 ἧν
944 1656 1122 1722 εἰκὸς,
1171 1658 1226 1711 εί
1265 1676 1317 1713 τι
1356 1660 1595 1715 τοιοῦτον
1638 1662 1780 1732 ἔγνω

1883 472 2125 544 ptialem,
2167 472 2262 529 sed
2297 488 2489 543 rogum
2539 474 2951 543 sepulcralem?
2991 474 3135 545 Ergo
3183 493 3351 548 super
3386 479 3472 534 bis

1882 564 2044 620 etiam
2095 564 2449 620 coronabor?
2478 563 2630 620 ltane
2680 579 2776 620 ero
2822 574 2980 639 pater
3025 568 3268 638 gentium
3301 609 3316 635 ,
3381 571 3472 625 cui

1882 670 2059 722 neque
2096 654 2187 709 ﬁlii
2218 656 2381 712 unius
2412 671 2537 711 esse
2564 664 2771 726 patrem
2798 671 3124 713 concessum
3157 660 3271 716 sit?
3297 661 3459 715 Nun-

1882 745 2014 812 quid
2040 745 2309 815 ejusmodi
2341 746 2542 816 quippe
2568 746 2844 801 Abraham
2877 748 3015 804 dixit
3038 759 3133 806 aut
3159 753 3468 823 cogitavit?

1881 829 2028 884 Nihil
2085 832 2289 888 minus.
2342 831 2449 888 Sed
2504 834 2597 889 ubi
2646 851 2758 904 quo
2800 847 3133 908 pt-teceptum
3194 852 3465 912 spectaret

1883 923 2286 988 animadvertit,
2334 924 2427 980 Dei
2471 927 2777 998 respiciens
2837 928 3211 995 dilectionem,
3277 936 3463 988 statim

1882 1024 2092 1070 natura.-
2118 1017 2326 1072 oblitus
2366 1026 2470 1085 est,
2507 1026 2564 1074 et
2604 1028 2865 1091 tanquam
2916 1030 3194 1079 terrenum
3252 1026 3464 1095 pondus

1881 1107 2110 1164 vitiosos
2144 1118 2356 1166 natura;
2375 1112 2664 1168 excutiens
2696 1122 2749 1169 et
2774 1129 2983 1170 exuens
3016 1115 3264 1180 allectus,
3287 1125 3463 1172 totum

1883 1198 1994 1254 Deo
2044 1216 2167 1257 sese
2206 1203 2475 1272 permisit,
2512 1212 2566 1258 et
2596 1204 2649 1258 id
2697 1204 2844 1275 quod
2877 1205 3177 1275 jubebatur
3227 1208 3459 1280 exsequi

1883 1294 2154 1362 parabat:
2188 1310 2254 1348 ac
2306 1310 2373 1349 ne
2424 1309 2549 1349 cum
2614 1311 2786 1352 uxore
2839 1296 3061 1369 quidem
3117 1297 3221 1354 bac
3286 1299 3357 1354 de
3404 1313 3464 1354 re

1882 1384 2328 1466 communicavit,
2360 1394 2512 1441 recte
2541 1400 2673 1441 sane
2720 1388 2936 1459 sibique
2972 1388 3182 1444 utiliter
3217 1388 3452 1453 faciens,

1881 1477 1974 1547 qui
2022 1476 2278 1532 feminam
2340 1493 2447 1532 non
2507 1476 2761 1533 idoneam
2815 1480 3124 1549 judicarel,
3170 1496 3335 1551 quam
3402 1481 3461 1536 in

1881 1569 2171 1624 consilium
2199 1569 2505 1626 adhiberet.
2564 1569 2700 1625 Nam
2732 1586 2836 1627 nec
2866 1571 3081 1627 Adamo
3132 1573 3267 1629 utile
3295 1581 3463 1645 atque

1882 1658 2231 1714 conducibile
2261 1657 2394 1723 fuit,
2436 1659 2582 1729 quod
2609 1660 2903 1715 consilium
2938 1659 3062 1716 Evae
3100 1669 3325 1717 secutus
3353 1670 3457 1718 est.

204 1736 502 1808 γινόμενον,
530 1741 563 1811 ἢ
592 1719 791 1813 δράσαι
811 1719 912 1815 την
942 1719 1177 1818 Σάρραν,
1205 1748 1239 1818 ᾗ
1273 1748 1408 1819 πρὸς
1448 1749 1612 1803 αὐτὸν
1641 1719 1772 1804 ἀπο-

1881 1746 2249 1815 Quamobrem
2294 1765 2365 1805 ne
2418 1748 2552 1820 quid
2594 1747 2728 1805 Sara
2757 1750 3102 1806 muliebrium
3152 1761 3314 1823 atque
3346 1767 3463 1807 ma-

202 1826 494 1897 δύρασθαις
519 1825 601 1883 οἶα
628 1831 673 1885 δ’
704 1832 773 1886 ἂν
804 1832 972 1887 ἔπαθε
1000 1835 1354 1906 περιχυθεῖσα
1382 1836 1459 1908 τῷ
1490 1838 1641 1892 παιδὶ
1682 1839 1776 1893 καὶ

202 1919 317 1982 ταῖς
376 1920 639 1988 ἀγκάλαις
690 1921 1096 1995 ὲμπλεξαμένη,
1150 1928 1199 1979 εί
1248 1928 1384 1998 πρὸς
1422 1928 1521 2001 τὴν
1554 1930 1773 2003 σφαγὴν

199 2008 418 2065 ἔϐλεπεν
455 2012 617 2067 αὐτὸν
667 2013 856 2085 βιαίως
903 2016 1225 2088 ἑλκόμενονς
1259 2020 1390 2083 οἵοις
1418 2021 1464 2075 δ’
1504 2023 1571 2076 ἂν
1605 2024 1774 2096 ἐχρή-

202 2117 321 2155 σατο
349 2103 561 2172 λόγοιςς
586 2107 774 2161 Φεῖσαι
799 2107 900 2179 τῆς
926 2107 1171 2179 φύσεως,
1200 2111 1331 2182 ἄνερ
1353 2151 1368 2175 ,
1408 2112 1482 2184 μὴ
1511 2115 1642 2187 γένῃ
1674 2133 1773 2169 που

197 2194 353 2266 νηρὸν
391 2197 485 2250 τοῦ
517 2197 635 2268 βίου
668 2200 914 2271 διήγημα
934 2218 947 2232 ⁸
984 2206 1281 2276 μονογενής
1323 2224 1413 2276 μοι
1441 2209 1469 2261 ό
1497 2208 1655 2273 τόκος
1678 2202 1770 2264 οὗ-

197 2303 299 2351 τος,
336 2289 631 2362 μονογενὴς
658 2293 717 2345 ὲν
757 2292 942 2349 ὠδῖσιν
967 2294 997 2348 ὁ
1040 2296 1258 2361 Ἰσαὰκ,
1284 2298 1343 2350 ὲν
1383 2300 1649 2368 ἀγκάλαις
1682 2302 1772 2372 μό-

195 2397 278 2444 νος
298 2398 311 2411 σ
351 2376 512 2446 οὗτός
541 2401 632 2455 μοι
658 2385 816 2450 τόκος
844 2387 938 2441 καὶ
974 2387 1191 2460 πρῶτος
1220 2388 1314 2443 καὶ
1355 2389 1599 2456 ὕστατος.
1635 2392 1770 2448 Τίνα

198 2471 325 2541 μετὰ
369 2474 562 2528 τοῦτον
611 2477 704 2529 ἐπὶ
734 2478 1015 2550 τραπέζης
1046 2480 1321 2552 ὀψόμεθας
1373 2483 1468 2546 Τίς
1511 2487 1772 2556 προσερεῖ

197 2579 279 2633 μοι
303 2562 408 2638 τὴν
435 2566 692 2636 γλυκεῖαν
723 2571 907 2640 φωνήν
933 2588 946 2635 ;
987 2571 1084 2636 Τίς
1111 2572 1365 2643 ὀνομάσει
1395 2574 1642 2646 μητέρας
1672 2576 1768 2640 Τίς

196 2653 514 2726 θεραπεύσει
553 2659 616 2712 τὸ
652 2659 861 2732 γῆρας;
903 2663 1002 2726 Τίς
1039 2664 1347 2734 περιστελεί
1383 2665 1520 2736 μετὰ
1543 2664 1647 2721 ’τὸν
1673 2665 1769 2720 θά-

195 2764 376 2813 νατονς
420 2749 520 2812 Τίς
564 2749 825 2820 ἑπιχὼσει
864 2751 1034 2821 τάφον
1076 2753 1153 2824 τῷ
1195 2752 1448 2824 σώματις
1497 2754 1661 2828 Ὁρᾷς
1705 2756 1768 2810 τὸ

198 2840 340 2905 ἄνθος
367 2842 466 2896 τοῦ
499 2841 642 2909 νέου,
682 2842 711 2897 δ
752 2845 842 2897 καὶ
876 2846 934 2897 ὲν
962 2845 1143 2917 ἐχθρῷ
1167 2863 1251 2912 τις
1287 2846 1519 2918 βλέπων,
1546 2849 1769 2916 πάντως

198 2932 254 2985 ἄν
290 2934 391 3004 τὴν
433 2933 587 3004 ὥραν
622 2934 872 3006 ἠλέησεν.
919 2932 1085 3002 Οὗτος
1120 2938 1220 3009 τῆς
1266 2942 1480 3012 μακρᾶς
1532 2942 1700 3013 εὐχῆς
1736 2945 1766 2997 ὁ

197 3025 414 3095 καρπὸς,
443 3020 601 3090 οὗτος
639 3026 740 3097 τῆς
782 3027 1030 3100 διαδοχῆς
1059 3030 1088 3083 ὁ
1117 3028 1332 3095 κλάδος.
1356 3023 1513 3096 οὗτος
1537 3033 1631 3087 τοῦ
1668 3033 1763 3104 γέ-

197 3130 305 3180 νους
337 3116 400 3170 τὸ
438 3116 711 3187 λείψανον,
746 3112 901 3183 οὗτος
944 3120 977 3190 ἡ
1022 3119 1294 3193 βακτηρία
1329 3123 1424 3177 τοῦ
1463 3123 1672 3196 γήρως.
1704 3125 1768 3179 Εί

196 3204 321 3259 κατά
344 3205 543 3260 τούτου
570 3207 757 3279 φέρεις
787 3207 849 3260 τὸ
883 3206 1057 3277 ξίφος,
1094 3207 1300 3281 ταύτην
1323 3227 1414 3282 μοι
1437 3211 1528 3276 se;
1554 3214 1621 3284 τῇ
1656 3212 1771 3267 δει-

196 3291 310 3367 λαίᾳ
337 3296 441 3367 τὴν
464 3295 626 3367 χάριν
645 3314 660 3329 ’
684 3301 806 3353 κατ’
830 3296 963 3368 ἐμοῦ
990 3298 1207 3369 πρῶτον
1244 3300 1444 3372 χρῆσαι
1482 3299 1563 3371 τῷ
1601 3300 1767 3371 ξίφει,

196 3387 285 3439 καὶ
312 3389 433 3442 τότε
474 3388 701 3460 ποίησον
737 3390 801 3445 τὸ
828 3390 1020 3445 δοκοῦν
1045 3392 1138 3445 ἐπὶ
1176 3390 1368 3445 τούτου
1389 3408 1403 3424 ’
1435 3392 1614 3446 κοινὸν
1659 3393 1770 3464 ἀμ·

195 3479 427 3549 φοτέρων
450 3479 592 3534 εστω
616 3481 679 3535 τὸ
699 3482 888 3553 -χῶμα,
923 3482 1076 3555 κοινὴ
1105 3482 1253 3545 κόνις
1281 3482 1672 3553 ὲπικαλυψάτω
1699 3484 1769 3539 τὰ

195 3569 450 3640 σώματα,
485 3572 636 3644 κοινὴ
679 3573 850 3646 στήλη
895 3573 1186 3644 διηγείσθω
1227 3572 1297 3626 τὰ
1331 3572 1515 3643 πάθη·
1559 3573 1635 3646 μὴ
1684 3573 1769 3648 ἴδῃ

194 3662 407 3734 Σάρρας
442 3665 471 3717 δ
499 3664 776 3734 ὀφθαλμὸς
823 3665 961 3735 μήτε
1005 3663 1255 3735 Ἀϐραὰμ
1292 3662 1764 3732 παιδοκτονοῦντα,

193 3756 336 3825 μήτε
376 3755 556 3809 Ἰσαὰκ
579 3758 734 3829 χερσὶ
764 3756 1046 3829 πατρῴαις
1079 3756 1622 3828 παιδοκτονούμενον.

1881 1852 2164 1899 ternorum
2222 1843 2521 1899 aﬂectuum
2582 1845 2915 1914 impulsione
2962 1846 3357 1910 committeret,
3407 1856 3462 1902 et

1879 1935 2109 1989 sincera:
2135 1934 2400 1989 adversus
2430 1935 2598 1991 Deum
2628 1935 2942 1993 dilectionis
2965 1936 3265 1992 Abrahami
3294 1937 3463 1994 vehe-

1880 2027 2139 2082 mentiam
2172 2026 2513 2096 infringeret,
2547 2028 2839 2099 coniugem
2874 2042 3032 2084 suam
3066 2029 3252 2084 studio
3305 2028 3463 2086 fefel«

1877 2119 1959 2183 lit,
1999 2127 2060 2174 ut
2089 2135 2152 2175 ca
2193 2120 2341 2190 quod
2370 2120 2634 2191 agebatur
2679 2119 2978 2191 ignoraret.
3039 2119 3177 2175 Nam
3228 2121 3274 2176 si
3328 2121 3459 2191 quid

1878 2215 1985 2268 tale
2015 2212 2100 2284 agi
2138 2211 2305 2266 Sarra
2331 2208 2683 2275 rescivisset,
2724 2226 2889 2280 quam
2934 2211 3106 2266 multa
3167 2212 3466 2267 verisimile

1875 2312 1961 2360 est
1986 2317 2106 2359 eam
2144 2303 2229 2358 vel
2273 2302 2566 2367 facturam,
2608 2302 2697 2357 vel
2733 2302 2878 2372 apud
2922 2300 3078 2356 illum
3126 2312 3466 2372 conquestu-

1874 2406 1992 2448 ram
2032 2406 2097 2447 ac
2133 2391 2541 2463 deploraturam
2573 2388 2797 2446 fuisse?
2834 2388 3011 2457 Quam
3042 2403 3176 2444 vero
3227 2389 3463 2444 misera-

1875 2480 2084 2538 bilibus
2109 2480 2400 2536 affectibus
2426 2476 2764 2536 circumfusa
2780 2478 2890 2533 lilio
2908 2486 3076 2549 atque
3111 2477 3258 2533 ulnis
3280 2477 3464 2548 impli-

1874 2570 1985 2625 cita
2022 2567 2240 2633 fuisset,
2265 2569 2312 2624 si
2335 2583 2459 2624 eum
2483 2568 2754 2623 violenter
2794 2567 2938 2622 trahi
2958 2566 3029 2622 ad
3069 2580 3260 2622 necem
3289 2566 3461 2621 anim-

1874 2660 2245 2718 advertisset?
2274 2660 2485 2727 Quibus
2530 2659 2661 2715 item
2707 2673 2809 2714 usa
2859 2658 3040 2716 verbis
3090 2658 3284 2714 esset?
3325 2656 3463 2714 Par-

1873 2764 1937 2804 ce
1964 2758 2195 2813 naturre,
2220 2762 2255 2803 ο
2291 2750 2397 2814 vir,
2438 2763 2511 2804 ne
2539 2762 2707 2817 prava
2753 2747 2825 2803 de
2860 2755 2914 2803 te
2948 2746 3211 2802 narrandi
3244 2748 3452 2804 mundo

1873 2843 2119 2911 prmbeas
2136 2841 2528 2897 occasionem:
2575 2839 2775 2896 unicus
2804 2838 2896 2895 hic
2934 2839 3071 2895 mibi
3114 2847 3308 2911 partus
3350 2849 3459 2907 est,

1875 2934 2073 2987 unicus
2096 2930 2153 2985 in
2184 2929 2449 3001 pariendo
2480 2928 2657 2997 Isaac,
2690 2929 2749 2985 in
2776 2928 2926 2988 ulnis
2955 2930 3108 2988 solus
3133 2948 3150 2988 :
3190 2930 3281 2987 hic
3307 2933 3462 2998 .mibi

1872 3029 2064 3094 partus
2087 3032 2143 3079 et
2184 3022 2396 3093 primus
2433 3031 2489 3078 et
2528 3030 2865 3093 postremus.
2918 3022 3092 3090 Quem
3126 3030 3252 3094 post
3311 3024 3461 3080 hunc

1871 3113 1929 3171 in
1972 3128 2162 3171 mensa
2188 3113 2640 3184 conspiciemus?
2675 3112 2811 3179 Quis
2863 3102 2949 3169 me
3003 3113 3154 3169 dulei
3193 3113 3287 3168 illa
3328 3130 3462 3173 voce

1871 3204 2209 3277 appellabit?
2259 3202 2397 3270 Quis
2431 3211 2661 3259 matrem
2727 3204 3074 3259 nominabit?
3141 3205 3277 3273 Quis
3319 3205 3461 3261 colet

1870 3304 2036 3368 atque
2065 3294 2285 3352 curabit
2313 3294 2697 3351 senectutem?
2722 3295 2859 3362 Quis
2896 3304 3169 3352 mortuam
3206 3298 3461 3353 obvolvet

1870 3387 1939 3444 ad
1988 3386 2366 3460 sepulturam?
2419 3384 2555 3453 Quis
2595 3387 2817 3459 corpori
2872 3388 3037 3444 addet
3101 3389 3461 3460 sepulcrum?

1870 3479 2041 3538 Vides
2063 3479 2252 3537 florem
2286 3479 2532 3549 juvenis,
2563 3495 2729 3551 quem
2758 3481 2805 3537 si
2839 3481 2969 3552 quis
3012 3482 3069 3537 in
3110 3481 3334 3538 inimico
3380 3483 3464 3536 vi-
3508 3488 3519 3505 '

1875 3573 2067 3645 deretf,
2113 3571 2545 3645 pulchritudinis
2614 3572 2845 3628 omnino
2924 3571 3302 3629 misereretur.
3360 3572 3461 3629 llic

1875 3667 2168 3738 longarum
2197 3680 2424 3737 precum
2460 3665 2699 3731 fructus,
2740 3664 2830 3719 hic
2867 3679 3059 3721 ramus
3085 3673 3170 3721 est
3226 3679 3460 3721 succes-

1877 3757 2072 3825 sionis,
2099 3757 2183 3814 ba:
2223 3758 2442 3830 generis
2486 3767 2618 3813 sunt
2667 3756 2937 3827 reliquiae,
2968 3757 3061 3815 hic
3099 3757 3328 3814 baculus
3376 3768 3460 3814 est

189 3849 517 3903 senectutis.
546 3849 605 3903 Si
629 3850 683 3904 in
715 3842 863 3904 hun’c
884 3848 1129 3920 gladium
1161 3849 1294 3917 fers,
1324 3851 1467 3905 hanc
1496 3849 1630 3904 mihi
1658 3848 1875 3906 misera:
1949 3849 2165 3907 veniam
2214 3850 2305 3916 da,
2374 3849 2431 3905 in
2504 3864 2592 3906 me
2660 3848 2895 3920 primum
2944 3856 3101 3907 utere
3142 3850 3358 3923 gladio,
3404 3858 3462 3906 et

185 3949 331 3995 tunc
373 3939 456 3997 fac
483 3941 623 4013 quod
650 3943 866 4000 videtur
898 3943 952 3998 in
979 3944 1119 4001 hoc:
1148 3946 1458 4017 communis
1506 3946 1793 4020 amborum
1829 3945 2076 4002 tumulus
2110 3951 2252 4013 esto,
2310 3946 2621 4003 communis
2662 3953 2917 4014 contegat
2978 3961 3215 4019 corpora
3256 3947 3458 4029 pulvis,

184 4034 497 4091 communis
558 4035 747 4091 titulus
803 4035 1091 4107 utriusque
1144 4035 1355 4092 cladem
1398 4036 1630 4109 prodat,
1684 4051 1755 4093 ne
1792 4036 1972 4093 videat
2000 4036 2199 4094 oculus
2228 4035 2410 4093 Sarrae
2436 4052 2540 4093 nec
2615 4036 2991 4093 Abrahamum
3045 4037 3218 4093 lilium
3288 4053 3456 4095 suum

182 4125 513 4187 interﬁcere.
571 4142 672 4184 nec
704 4126 951 4184 lsaacum
1001 4129 1179 4184 lilium
1211 4129 1470 4186 manibus
1518 4131 1764 4201 paternis
1804 4129 2099 4186 trucidari.

251 4219 439 4274 Ταῦτα
460 4220 681 4283 πάντως
711 4218 777 4274 ἂν
810 4220 905 4274 καὶ
932 4219 1000 4274 τὰ
1032 4220 1259 4275 τοιαῦτα
1290 4221 1445 4293 παρὰ
1481 4221 1580 4292 τῆς
1623 4221 1766 4291 24p—

1947 4218 2045 4276 llis
2074 4233 2304 4290 prorsus
2336 4227 2391 4275 et
2419 4215 2692 4288 ejusmodi
2729 4214 2917 4273 verbis
2973 4214 3141 4270 Sarra
3186 4215 3458 4277 adversus

181 4314 282 4382 ρις
312 4310 531 4380 ἐγένετο
553 4309 634 4381 τῷ
668 4309 917 4382 Ἀϐραὰμ
944 4311 1012 4365 τὰ
1040 4313 1281 4383 ῥήματα,
1308 4311 1468 4383 εἴπερ
1493 4311 1603 4366 τῶν
1628 4329 1770 4382 γινο-

1876 4312 2250 4367 Abrabamum
2284 4324 2385 4366 usa
2422 4307 2638 4375 fuisset,
2670 4308 2718 4364 si
2752 4306 2975 4379 quidem
3006 4307 3155 4378 quod
3186 4310 3458 4379 agebatur

179 4403 362 4472 μένων
390 4402 712 4475 προῄσθετο.
761 4402 902 4456 Ἀλλ’
934 4404 1011 4468 ὡς
1043 4405 1110 4458 ἂν
1142 4404 1311 4475 μηδὲν
1346 4404 1603 4475 ἐμπόδιον
1635 4405 1771 4477 πρὸς

1876 4402 2284 4473 praesensisset.
2332 4399 2440 4456 Sed
2474 4415 2542 4455 ne
2598 4398 2731 4471 quid
2772 4412 2886 4455 rem
2926 4412 3090 4470 quam
3123 4402 3317 4470 agebat
3348 4401 3456 4457 im-

170 4495 272 4565 τὴν
300 4495 624 4567 ἐγχείρησιν
645 4495 871 4563 γένοιτο,
894 4494 1001 4567 δνῳ
1020 4495 1117 4560 τὰς
1139 4495 1398 4567 σχίδακας
1423 4494 1652 4560 ἐπιθεὶς,
1677 4497 1770 4551 καί

1876 4495 2116 4566 pediret,
2172 4492 2296 4551 cum
2345 4494 2561 4550 asinum
2593 4491 2758 4564 lignis
2796 4499 3123 4559 onerasset,
3150 4501 3205 4548 et
3259 4508 3450 4552 servos

171 4601 328 4649 τινας
374 4585 488 4639 τῶν
515 4585 724 4638 παίδων
756 4585 1115 4657 ἑπαγόμενος,
1153 4585 1272 4650 ὅλος
1318 4584 1410 4640 τοῦ
1440 4584 1585 4640 θείου
1617 4586 1773 4658 θελή-

170 4694 352 4748 ματος
378 4673 448 4748 ἦν
476 4695 490 4709 σ
534 4673 654 4731 εἶτα
681 4677 994 4732 καταλιπὼν
1018 4679 1144 4739 τοὺς
1169 4677 1384 4742 παῖδας,
1414 4677 1491 4742 ὡς
1518 4676 1584 4731 ἂν
1616 4679 1689 4749 μή
1714 4695 1770 4731 τι

162 4770 569 4842 ἀγεννέστερον
598 4770 691 4824 καὶ
718 4769 1124 4842 ἀνδραποδῶδες
1150 4772 1344 4823 ἐκεῖνοι
1375 4768 1766 4840 βουλεύσοιντο,

161 4861 525 4925 κωλύσαντες
570 4861 662 4915 τοῦ
698 4861 886 4923 παιδος
916 4861 1014 4933 τὴν
1044 4861 1354 4933 ἱερουργίαν
1377 4901 1391 4925 ,
1464 4862 1624 4931 μόνον
1666 4864 1769 4916 ὲπ-

160 4953 378 5021 άγεται
402 4951 494 5005 τὸν
527 4950 660 5015 υίδν,
694 4951 896 5015 ίκανῶς
938 4951 1038 5023 ἤδη
1090 4951 1231 5022 πρὸς
1264 4950 1335 5004 τὰ
1363 4949 1638 5023 βαρύτερα
1659 4950 1770 5004 τῶν

165 5042 361 5117 ἔργων
387 5042 484 5113 ὑφ’
505 5043 718 5114 ἡλικίας
746 5043 1148 5115 ἀνδριζόμενον.
1173 5042 1493 5108 Μετατάξας
1522 5044 1631 5115 γὰρ
1657 5043 1768 5098 ἀπὸ

163 5138 261 5209 τῆς
297 5136 440 5190 δνου
488 5138 578 5190 ἐπὶ
606 5138 699 5191 τὸν
728 5137 892 5193 παῖδα
929 5137 990 5191 τὸ
1021 5136 1185 5208 ἄχθος
1206 5176 1221 5202 ,
1276 5136 1482 5191 ἐκεῖνον
1514 5137 1770 5208 ὑπήγαγε

168 5230 235 5300 τῷ
266 5229 480 5299 φόρτιν
524 5228 633 5281 τῶν
664 5228 859 5295 ξύλων.
904 5229 1075 5284 Πάλιν
1106 5228 1392 5301 δριμύσσει
1428 5228 1496 5284 τὰ
1537 5229 1632 5283 τοῦ
1666 5245 1772 5284 πα-

169 5322 286 5391 τρὸς
323 5320 626 5391 σπλάγχνα
657 5324 691 5391 ἡ
727 5322 880 5394 φωνὴ
906 5322 1001 5375 τοῦ
1028 5321 1217 5385 παιδός
1240 5337 1257 5355 ⁸
1287 5320 1445 5386 ἄλλος
1468 5311 1623 5387 οὗτος
1651 5339 1772 5376 πει-

178 5412 388 5485 ρασμὸς
448 5412 599 5465 οὐδὲν
654 5411 750 5466 τοῦ
812 5413 1175 5483 προλαϐόντος
1242 5410 1766 5485 φιλανθρωπότερος.

176 5504 581 5575 Πρω-καλεῖται
607 5503 701 5558 τὸν
724 5504 937 5577 πατέρα
959 5506 989 5557 ὁ
1027 5505 1213 5560 Ἰσαὰκ
1242 5508 1310 5577 τῇ
1336 5504 1566 5577 γλυκείᾳ
1593 5505 1769 5579 ταύτῃ

173 5599 338 5667 φυῇ,
375 5594 484 5651 καί
515 5612 668 5667 φησι.
699 5595 891 5665 Πάτερ
909 5638 924 5651 .
985 5596 1044 5650 Ὀ
1074 5596 1131 5652 δὲ
1162 5598 1223 5652 οὐ
1256 5596 1649 5666 καταπνίγεται
1677 5597 1771 5652 δά-

172 5706 327 5758 κρντι
354 5732 371 5757 ,
444 5688 525 5760 τῷ
568 5690 762 5762 μικρὸν
810 5689 1034 5763 ὕστερον
1083 5692 1279 5763 μηκέτι
1313 5689 1640 5749 ἀκούσεσθαι
1672 5691 1769 5763 τῆς

1873 4585 2084 4657 aliquot
2120 4589 2537 4656 asstuupsissct,
2579 4591 2729 4640 totus
2768 4583 2972 4638 divina:
3000 4583 3269 4639 voluntati
3299 4583 3454 4641 dedi-

1872 4687 1962 4736 tus
1994 4687 2115 4735 erat
2152 4700 2163 4734 :
2200 4679 2398 4735 deinde
2427 4678 2635 4734 relictis
2667 4677 2872 4743 servis,
2911 4692 2980 4731 ne
3011 4677 3159 4747 quod
3215 4676 3294 4732 illi
3334 4692 3456 4733 ser-

1872 4770 1964 4824 vili
1996 4786 2111 4827 su:e
2136 4768 2442 4827 conditioni
2471 4772 2823 4825 conveniens.“
2839 4767 3120 4824 sordidum
3152 4768 3451 4825 consilium

1872 4874 2150 4932 caperent,
2185 4862 2518 4933 prohibituri
2549 4860 2647 4915 ﬁlii
2692 4859 3121 4916 immolationem
3147 4898 3164 4926 ,
3188 4861 3367 4918 solum
3394 4860 3459 4917 li-

1873 4955 2006 5011 lium
2040 4970 2228 5011 secum
2259 4954 2434 5017 ducit,
2464 4952 2560 5025 qui
2589 4951 2702 5023 jam
2733 4960 2892 5009 aetate
2919 4951 3057 5010 satis
3098 4953 3291 5011 ﬁrmus
3335 4962 3457 5010 erat

1872 5047 1940 5102 ad
1966 5060 2131 5113 Opera
2163 5045 2415 5116 graviora
2448 5043 2755 5100 subeunda.
2794 5043 2879 5100 Ab
2905 5043 3063 5100 asina
3088 5045 3236 5101 enim
3287 5060 3457 5101 onere

1871 5137 1928 5191 in
1967 5135 2140 5191 ﬁlium
2171 5135 2478 5201 translato,
2510 5134 2665 5190 illum
2695 5133 2942 5191 humeris
2983 5134 3172 5191 subire
3214 5150 3357 5191 onus
3385 5134 3455 5188 li-

1873 5243 2104 5298 guorum
2150 5224 2337 5297 jussit.
2386 5223 2602 5281 Rursus
2653 5223 2829 5295 patris
2870 5223 3083 5281 viscera
3129 5222 3223 5278 filii
3258 5223 3451 5278 vulne-

1872 5329 1959 5376 rat
1985 5335 2089 5376 vox
2110 5338 2124 5373 :
2143 5319 2252 5372 alia
2289 5318 2407 5374 hac
2433 5325 2519 5373 est
2549 5317 2786 5373 tentatio
2821 5317 2997 5373 nihilo
3027 5316 3212 5373 mitior
3241 5317 3449 5387 priore.

1873 5412 2122 5486 Appellat
2141 5421 2351 5484 patrem
2381 5410 2537 5468 Isaac
2563 5410 2712 5466 dulci
2733 5410 2838 5466 bac
2867 5424 3004 5467 voce
3033 5417 3090 5467 et
3123 5411 3234 5473 ait,
3268 5407 3453 5464 Pater.

1872 5506 1945 5561 At
1990 5505 2081 5562 ille
2110 5521 2222 5561 non
2255 5503 2561 5560 suffocatur
2612 5503 2913 5574 lacrymis‘,
2970 5510 3034 5559 ut
3061 5502 3154 5574 qui
3187 5501 3457 5574 cogitaret

1876 5594 1992 5651 fore
2026 5603 2084 5650 ut
2138 5594 2303 5668 paulo
2316 5603 2442 5665 post
2471 5593 2634 5650 talem
2667 5607 2778 5650 non
2810 5593 3047 5665 amplius
3079 5607 3267 5649 vocem
3300 5589 3457 5648 audi-

1878 5698 1978 5755 rct,
2024 5703 2204 5763 neque
2232 5686 2471 5745 orationi
2507 5686 2839 5760 ingemiscit,
2883 5701 2983 5743 nec
3013 5684 3362 5742 lamentabile
3390 5698 3454 5740 ac
