3930 6210
396 250 495 311 571

1592 258 1649 316 S.
1690 253 2019 315 GREGOBII
2058 254 2102 309 Ν
2109 255 2353 317 YSSENI

3557 264 3665 322 572

400 374 576 429 llebile
603 375 830 430 verbum
866 376 1035 433 ullum
1075 378 1301 449 profert,
1336 380 1433 437 sed
1463 381 1678 447 sedato,
1704 376 1973 435 constant‘

2090 356 2342 452 τοιαύτης
2375 383 2558 453 φωνῆς
2604 383 2885 453 ἐννοήσας,
2931 383 3038 437 οὐδ’
3070 381 3371 454 ἐποιμώζει
3399 381 3475 453 τῷ
3517 383 3664 455 λόγῳ

397 476 568 537 atque
613 469 914 539 tranquillo
980 473 1165 529 animo
1202 489 1328 530 cum
1363 473 1460 530 ﬁlii
1503 490 1687 529 vocem
1740 473 1981 542 accipit,

399 568 515 613 tum
546 574 705 614 suam
740 560 976 618 invicem
1012 565 1213 621 reddit.
1239 566 1330 621 Ait
1366 567 1517 622 enim
1545 565 1612 620 ad
1661 580 1807 632 eum,
1846 563 1978 628 Fili,

396 648 524 715 quid
552 652 673 704 est?
703 648 802 705 Hic
835 653 966 707 mihi
1005 655 1294 712 considera
1360 654 1772 727 intelligentiam
1818 656 1982 710 simul

398 745 453 790 et
489 739 815 806 prudentem
848 741 1069 812 juvenis
1132 745 1568 802 moderationem
1600 786 1617 811 ,
1665 762 1774 817 quo
1819 754 1981 817 pacto

396 843 522 882 cum
574 844 634 883 se
665 830 863 901 negligi
911 848 943 887 a
989 843 1143 904 patre
1173 843 1430 904 putaret,
1489 834 1610 905 ejus
1650 837 1743 891 rei'
1775 836 1982 906 absque

399 921 507 974 ulla
540 921 709 977 animi
745 923 1047 982 olfensionc
1099 927 1252 996 illum
1303 916 1980 997 commonefacit,neque

391 1010 730 1068 dementiam
773 1017 916 1086 patri
965 1034 1145 1089 neque
1200 1019 1530 1075 oblivionem
1597 1022 1975 1091 exprobrans,

397 1105 493 1161 sed
535 1106 851 1163 simulando
890 1124 1012 1167 sese
1049 1112 1194 1167 velle
1217 1113 1362 1168 scire
1393 1111 1526 1183 quid
1567 1120 1851 1182 ageretur,
1886 1129 1981 1169 ne-

395 1198 665 1269 gligentia:
716 1202 805 1259 sui
833 1209 997 1273 atque
1041 1202 1420 1274 despicientia:
1455 1204 1975 1261 coumionel'aciens.

398 1289 533 1346 Ecce
552 1293 713 1359 enim,
750 1293 951 1365 inquit,
1001 1294 1145 1365 ligna
1169 1333 1185 1361 ,
1215 1296 1376 1368 ignis,
1414 1295 1650 1366 gladius,
1693 1295 1783 1352 sed
1829 1297 1981 1352 victi-

396 1399 484 1438 ma
524 1383 617 1437 ubi
646 1386 775 1441 est?
807 1387 877 1440 At
932 1387 1025 1442 ille
1049 1387 1169 1444 sive
1202 1390 1447 1449 animum
1496 1388 1697 1446 addere
1729 1388 1840 1444 ﬁlio
1886 1404 1982 1442 vo-

395 1474 533 1539 lens,
590 1475 708 1531 sive
758 1481 1017 1547 tanquam
1054 1485 1207 1534 vates
1241 1477 1297 1533 id
1346 1478 1494 1548 quod
1546 1479 1793 1535 futurum
1845 1468 1979 1536 ὀι-ιιι

392 1567 694 1636 spondens,
728 1566 894 1634 Deus,
951 1568 1153 1641 inquit,
1204 1570 1306 1640 ﬁli,
1355 1570 1652 1639 providebit
1701 1570 1978 1626 sibiovem

391 1661 447 1716 in
472 1661 859 1717 holocaustum.
903 1661 967 1717 Et
1016 1678 1187 1733 super
1225 1664 1311 1719 his
1353 1664 1517 1721 etiam
1556 1680 1703 1721 nunc
1749 1665 1978 1720 tentatio

394 1762 558 1822 atque
607 1755 915 1824 eproratio
955 1755 1127 1810 animi
1167 1756 1497 1825 patriarchae
1557 1757 1973 1827 prorogabatur.
2010 1739 2051 1794 Β

396 1840 648 1899 Pervenit
697 1846 915 1901 tandem
951 1848 1018 1901 ad
1071 1848 1254 1902 locum
1308 1849 1414 1904 sibi
1470 1857 1974 1919 praemonstratum,

391 1933 622 1988 aediﬁcat
671 1932 782 1990 Deo
817 1936 1015 1999 altare,
1047 1935 1194 1992 ﬁlius
1240 1936 1395 2007 juxta
1448 1947 1657 2008 patrem
1693 1940 1838 2011 ligna
1877 1955 1979 2010 po—

394 2026 579 2093 nebat,
629 2027 933 2098 parabatur
968 2043 1135 2098 rogus
1163 2069 1179 2094 ,
1215 2044 1281 2085 ac
1313 2029 1558 2087 nondum
1598 2047 1739 2102 opus
1791 2032 1979 2103 prohi-

394 2116 553 2172 betur
594 2133 663 2175 ne
713 2119 837 2189 quis
885 2119 1250 2190 pusiilanimis
1320 2120 1511 2188 dicat,
1584 2124 1631 2179 si
1696 2124 1979 2196 hucusque

393 2211 753 2266 tentationem
795 2212 1106 2270 consistere
1143 2228 1217 2268 ac.
1249 2230 1572 2285 permanere
1605 2218 1932 2288 contigisset
1960 2259 1975 2285 ,

393 2317 502 2355 non
557 2303 642 2358 sui
672 2302 919 2359 similem.
953 2303 1008 2359 in
1064 2305 1248 2361 studio
1325 2306 1672 2363 sacriﬁcandi
1730 2310 2011 2366 Abraha--

393 2406 543 2445 mum
594 2407 1018 2462 permansurum
1072 2394 1247 2453 fuisse
1278 2434 1295 2461 ,
1352 2398 1398 2455 si
1443 2397 1753 2457 discrimini
1805 2402 1978 2473 magis

392 2485 908 2556 appropinquasset.

461 2578 594 2636 Post
620 2580 736 2636 haec
783 2590 939 2653 pater
985 2582 1155 2638 ﬁlium
1191 2584 1370 2656 tangit
1400 2625 1415 2650 ,
1449 2600 1552 2642 nec
1584 2602 1663 2642 rei
1725 2588 1978 2658 gerenda:

390 2678 587 2726 natura
616 2672 944 2729 adversatur
973 2692 991 2729 :
1015 2674 1186 2729 tradit
1213 2689 1336 2731 sese
1366 2675 1507 2746 putri
1543 2676 1689 2733 ﬁlius
1730 2686 1976 2735 tractan-

389 2763 551 2831 dum,
617 2763 1082 2833 quemadmodum
1118 2766 1210 2821 ille
1258 2766 1439 2822 vellet.
1502 2767 1703 2824 Utrum
1756 2770 1974 2826 illorum

389 2852 621 2908 duorum
655 2854 778 2924 plus
825 2853 1110 2910 admirer?
1145 2856 1291 2912 hunc
1323 2858 1419 2928 qui
1449 2867 1675 2929 propter
1725 2860 1976 2917 dilectio-

389 2961 514 3002 nem
562 2960 694 3018 erga
720 2947 891 3005 Deum
935 2948 1049 3003 lilio
1081 2962 1275 3005 manus
1309 2950 1533 3021 injecit,
1579 2967 1647 3007 an
1689 2953 1840 3008 illum
1879 2956 1972 3026 qui

390 3039 530 3108 patri
573 3055 749 3111 usque
832 3038 901 3095 ad
954 3050 1183 3112 mortem
1244 3043 1472 3113 parebat
1532 3058 1587 3100 et
1636 3046 1926 3102 obediebat
1950 3048 1974 3102 ?
1999 3084 2041 3142 ο

388 3130 615 3189 Certant
683 3133 828 3188 inter
876 3148 1038 3199 sese,
1091 3135 1182 3190 hic
1221 3135 1442 3207 quidem
1500 3154 1668 3209 super
1715 3149 1971 3197 natu-ram

388 3242 510 3283 sese
540 3226 774 3292 tollens,
823 3226 921 3283 ille
945 3242 1077 3283 vero
1126 3234 1303 3284 morte
1340 3230 1560 3300 gravius
1606 3240 1660 3288 et
1728 3233 1972 3288 atrocius

385 3332 512 3376 esse
553 3318 764 3374 ducens
811 3317 1095 3374 adversari
1132 3325 1298 3390 atque
1329 3320 1589 3378 resistere
1614 3323 1777 3393 patri.
1812 3323 1974 3380 Dein-

387 3410 455 3466 de
497 3410 652 3480 prius
698 3410 936 3466 vinculis
962 3410 1132 3465 ﬁlium
1181 3418 1339 3481 pater
1385 3415 1735 3485 constringit.
1787 3415 1970 3487 Smpe-

388 3518 625 3558 numero
647 3494 977 3559 miserabilis
1009 3502 1174 3573 hujus
1210 3503 1295 3559 rei.
1317 3504 1611 3576 imaginem
1646 3508 1700 3563 in
1753 3500 1967 3580 pictura

383 3592 498 3647 vidi
530 3631 545 3655 ,
580 3608 683 3648 nec
721 3592 931 3663 absque
985 3592 1245 3666 lacrymis
1274 3598 1650 3666 spectaculum
1709 3602 1968 3668 praeterii,

385 3685 522 3741 adeo
554 3685 840 3756 perspicue
869 3693 1032 3757 atque
1080 3686 1364 3743 evidenter
1416 3704 1506 3746 ars
1541 3691 1796 3761 pingendi
1834 3708 1971 3749 ecu-

387 3776 455 3832 lis
498 3793 613 3832 rem
653 3785 871 3847 gestam
913 3778 1169 3849 subjecit.
1241 3778 1560 3837 Procumbit
1600 3783 1784 3841 πιδοοο
1844 3798 1970 3845 ante

372 3877 596 3940 patrem
626 3877 852 3940 propter
902 3869 1081 3940 ipsum
1122 3874 1294 3929 altare
1328 3873 1483 3930 ﬂexis
1511 3877 1741 3947 genibus
1784 3880 1967 3948 nixus,

382 3965 439 4013 et
488 3972 686 4016 "ianus
729 3968 1034 4015 retrorsum
1089 3960 1299 4018 habens
1357 3965 1667 4021 adductas:
1707 3969 1796 4023 ille
1845 3986 1971 4026 vero

384 4057 511 4120 post
562 4064 811 4121 genuum
852 4061 1204 4107 curvaturam
1282 4054 1513 4125 pedibus
1581 4058 1882 4125 insistens,
1915 4072 1971 4118 et

382 4142 609 4199 sinistra
672 4158 838 4199 manu
905 4145 1161 4216 capillum
1205 4146 1323 4216 ejus
1364 4148 1432 4203 ad
1476 4164 1601 4205 sese
1649 4151 1964 4218 adducens,

383 4234 647 4291 inclinato
701 4236 885 4307 capite
944 4237 1197 4292 intuetur
1218 4240 1425 4295 vultum
1481 4242 1870 4300 miserabiliter
1898 4246 1965 4300 ad

380 4326 555 4395 ipsum
590 4326 780 4382 oculos
806 4329 1127 4388 attollentia.
1146 4344 1208 4384 ac
1239 4329 1518 4387 dexteram
1550 4346 1815 4389 armatam
1846 4338 1967 4407 gla-

2082 471 2201 525 οὖδέ
2251 490 2304 525 τι
2353 471 2622 543 θρηνῶδες
2669 474 2762 528 κα)⁸
2808 473 2998 545 γοερὸν
3040 474 3493 543 ἀποφθέγγεται,
3545 475 3658 528 ἀλλ’

2083 563 2297 637 ἑστώσῃ
2327 566 2420 618 καὶ
2452 565 2660 619 ἀκλινεί
2684 568 2750 637 τῇ
2782 566 2950 638 ψυχῇ,
2983 567 3077 620 καλ
3106 566 3319 637 δέχεται
3346 564 3443 619 τοῦ
3478 566 3661 629 παιδὸς

2081 656 2179 725 τὴν
2212 654 2416 726 φωνὴν,
2466 657 2561 709 καὶ
2602 657 2701 727 τὴν
2739 657 2875 711 ίδίαν
2906 658 3174 729 προΐεται.
3221 658 3359 728 Φησὶ
3391 657 3504 728 γάρ
3531 656 3662 728 πρὸς
3693 711 3698 716 .

2081 747 2244 800 αὐτόν
2266 764 2280 777 ’
2318 748 2377 802 Τί
2406 748 2555 811 ἐστι,
2593 747 2841 812 τέκνονς
2888 747 3155 803 Ἐνταῦθά
3198 765 3288 819 μοι
3327 746 3662 819 κατανόησον

2080 838 2140 891 τὸ
2171 840 2388 893 συνετὸν
2421 840 2539 909 ἅμα
2564 839 2658 894 καὶ
2684 839 3066 910 λελογισμένον
3110 839 3202 893 τοῦ
3247 839 3391 903 νέου,
3442 838 3566 902 πῶς
3610 838 3664 892 τὸ

2080 927 2267 981 δοκοῦν
2299 928 2591 1000 παρῶιρθαι
2621 927 2772 1000 παρὰ
2812 927 2908 982 τοῦ
2945 930 3172 999 πατρὸς,
3206 927 3665 999 ἀπροσκρούστως

2080 1021 2160 1083 είς
2192 1022 2496 1091 ὑπόμνησιν
2521 1023 2666 1091 ἄγει,
2691 1022 2813 1076 οὔτε
2846 1021 3167 1092 παράνοιαν,
3211 1019 3333 1074 οὔτε
3384 1019 3561 1092 λήθην
3592 1019 3664 1090 τῷ

2082 1112 2251 1183 πατρὶ
2275 1112 2549 1178 ὀνειδίζων
2572 1129 2585 1142 ⁸
2642 1112 2757 1167 ἀλλ’
2788 1114 2848 1167 ἐν
2887 1113 3245 1184 προσποιήσει
3268 1110 3429 1183 δῆθεν
3460 1112 3557 1165 τοῦ
3582 1111 3664 1165 θε-

2078 1201 2240 1274 λῆσαι
2268 1205 2476 1274 μαθεῖν,
2501 1205 2593 1259 τοῦ
2620 1206 3009 1278 παροράματος
3034 1205 3487 1276 ὑπομιμνήσκων.
3522 1203 3665 1259 Ἰδοὺ

2080 1294 2210 1365 γὰρ.
2238 1296 2389 1365 φησὶ,
2416 1296 2490 1351 τὰ
2519 1296 2697 1361 ξύλα,
2718 1296 2786 1350 τὸ
2811 1296 2953 1365 πῦρ,
2975 1296 3013 1365 ἡ
3029 1295 3294 1366 μάχαιρα
3317 1310 3331 1325 ο
3358 1295 3425 1349 τὸ
3453 1295 3664 1363 ιερεῖον

2079 1387 2232 1453 ποῦ;
2281 1389 2337 1441 '0
2365 1387 2442 1452 δὲ,
2480 1389 2591 1441 εἴτε
2627 1388 3067 1461 παραθαρρύνων
3094 1387 3186 1442 τὸν
3210 1388 3401 1453 παῖδα,
3450 1389 3563 1442 εἴτε
3593 1388 3663 1453 ὡς

2079 1485 2370 1556 προφήτης
2392 1485 2455 1538 τὸ
2482 1485 2673 1557 μέλλον
2698 1483 3119 1556 διεγγυιὶψενος,
3157 1483 3221 1537 '0
3257 1483 3400 1549 Θεὸς
3421 1523 3437 1546 ,
3478 1484 3661 1554 φησὶν,

2080 1566 2289 1646 ὄψεται
2314 1575 2504 1643 ἐαυτῷ
2524 1577 2824 1647 πρόϐατον
2843 1579 2930 1643 εὶς
2954 1574 3396 1645 ὀλοκάρπωσιν,
3429 1574 3660 1629 τέκνον.

2080 1667 2188 1719 Καὶ
2217 1667 2311 1719 ἐπὶ
2336 1666 2545 1731 τούτοις
2577 1667 2656 1720 ἑτι
2688 1668 2721 1737 ἡ
2753 1667 2918 1737 πεῖρα
2948 1666 3048 1737 τῆς
3072 1664 3168 1720 τοῦ
3197 1668 3543 1737 πατριάρχου
3567 1666 3662 1736 ψυ-

2079 1762 2182 1829 χῆς
2230 1759 2601 1830 παρετείνετο.
2661 1757 3087 1831 Καταλαμϐάνει
3150 1757 3241 1811 τὸν
3285 1754 3662 1833 προρρηθέντα

2078 1848 2253 1920 χῶρον
2287 1849 2456 1918 αὐτῷ,
2496 1849 2768 1920 οἰκοδομεῖ
2796 1847 2875 1919 τῷ
2900 1847 3019 1919 Θεῷ
3064 1847 3126 1901 τὸ
3167 1848 3591 1916 θυσιαστήριον,
3637 1845 3664 1897 ὁ

2077 1944 2208 2005 παῖς
2236 1942 2503 2011 παρετίθη
2555 1940 2634 2012 τῷ
2662 1941 2832 2012 πατρὶ
2881 1940 2980 2003 τὰς
3027 1939 3197 2003 ὕλαςο
3256 1937 3593 2011 ἡτοιμάζετο
3632 1939 3660 2007 η

2077 2032 2248 2107 πυρά,
2280 2033 2373 2086 καὶ
2400 2032 2554 2086 οὔπω
2581 2032 2641 2087 τὸ
2686 2033 2848 2105 ἔργον
2875 2032 3144 2087 κωλύεται
3163 2049 3181 2063 ο
3231 2032 3307 2094 ὡς
3333 2030 3400 2085 ἂν
3460 2030 3547 2100 μή
3586 2046 3663 2092 τις

2075 2123 2185 2179 τῶν
2214 2124 2691 2197 μικροψυχοτέρων
2721 2126 2887 2191 εἴποι,
2913 2126 2963 2178 εἰ
2995 2123 3188 2195 μέχρις
3216 2121 3425 2176 ἐκείνου
3462 2119 3662 2188 συνέϐη

2079 2217 2270 2289 στῆναι
2314 2218 2412 2290 τὴν
2440 2219 2633 2289 πεῖραν
2659 2256 2674 2280 ,
2715 2218 2818 2271 οὐκ
2850 2217 2917 2272 ἂν
2951 2216 3113 2281 αὐτὸς
3141 2214 3406 2287 διέμεινεν
3441 2211 3663 2283 ὁμοίως,

2076 2311 2126 2364 εί
2155 2310 2353 2382 μᾶλλον
2384 2307 2463 2381 τῷ
2493 2309 2654 2364 πάθει
2685 2309 2934 2382 ῆγγισεν.

2148 2576 2418 2632 ’Δπτεται
2456 2573 2594 2645 μετὰ
2620 2571 2797 2629 ταῦτα
2820 2571 2914 2626 τοῦ
2940 2570 3128 2636 παιδὸς
3157 2572 3186 2627 ὁ
3217 2568 3421 2640 πατὴρ,
3449 2567 3547 2621 καὶ
3566 2566 3667 2621 οὐκ

2075 2667 2378 2725 ἀντιϐαίνει
2406 2668 2486 2740 τῷ
2520 2666 2790 2738 γινομένῳ
2816 2667 2852 2738 ἡ
2882 2663 3045 2733 φύσις
3067 2682 3081 2697 ⁸
3127 2663 3339 2717 δίδωσιν
3367 2661 3562 2715 ἑαυτὸν
3588 2658 3664 2731 τῷ

2075 2764 2247 2835 πατρὶ
2277 2764 2306 2817 ὁ
2337 2764 2488 2829 παῖς,
2534 2759 2844 2833 χρησασθαι
2873 2760 2902 2813 ὅ
2930 2776 2982 2812 τι
3017 2756 3284 2829 βούλεται.
3326 2755 3462 2809 Τίνα
3502 2752 3666 2808 πλέον

2075 2854 2137 2922 ἐξ
2184 2855 2510 2926 ἀμφοτέρων
2556 2852 2864 2923 θαυμάσως
2909 2851 3002 2904 τὸν
3052 2847 3378 2902 ἐπιϐαλόντα
3421 2846 3508 2899 διὰ
3568 2845 3669 2916 τὴν

2077 2948 2212 3019 πρὸς
2241 2947 2373 3001 Θεὸν
2400 2945 2621 3017 ἀγάπην
2649 2943 2729 3016 τῷ
2756 2944 2911 2999 παιδὶ
2936 2941 3036 3003 τάς
3061 2942 3270 3012 χεῖρας,
3300 2938 3333 3009 ἢ
3365 2938 3458 2991 τὸν
3501 2938 3691 3008 μέχρι

2076 3032 2306 3093 θανάτου
2324 3037 2403 3109 τῷ
2423 3037 2592 3109 πατρὶ
2621 3035 3007 3089 ὑπακούσαντα
3030 3050 3045 3099 ;
3079 3028 3491 3100 Φὰοτιμοῦνται
3527 3029 3667 3099 πρὸς

2077 3129 2359 3200 ἀλλήλους,
2394 3129 2425 3182 ὁ
2460 3127 2558 3199 μὲν
2582 3127 2682 3196 τῆς
2714 3125 2929 3196 φύσεως
2962 3123 3153 3178 ἑαυτὸν
3181 3122 3514 3193 ὑπεραίρων,
3550 3122 3589 3172 δ
3610 3119 3669 3173 δὲ

2075 3221 2457 3296 χαλεπώτερον
2488 3220 2584 3276 τοῦ
2615 3220 2846 3275 θανάτου
2870 3218 2931 3271 τὸ
2962 3217 3253 3271 ἀντιτεῖναι
3285 3215 3364 3285 τῷ
3394 3212 3564 3284 πατρὶ
3589 3212 3675 3265 λο-

2075 3315 2387 3385 γιζόμενος.
2431 3311 2712 3367 Ἐντεῦθεν
2756 3310 2977 3381 δεσμοῖς
3005 3307 3269 3380 πρότερον
3298 3303 3671 3375 διαλαμϐάνει

2075 3409 2104 3461 ὁ
2131 3406 2316 3478 πατὴρ
2341 3405 2439 3460 τὸν
2478 3404 2665 3459 παῖδα.
2716 3398 2868 3457 Εἶδον
2897 3401 3158 3463 πολλάκις
3186 3399 3283 3453 ἐπὶ
3334 3397 3557 3470 γραφῆς
3586 3398 3671 3450 εί-

2074 3499 2207 3554 κόνα
2239 3498 2333 3552 τοῦ
2360 3497 2587 3562 πάθους,
2620 3496 2713 3550 καὶ
2743 3495 2844 3549 οὐκ
2870 3493 3137 3566 ἀδακρυτὶ
3162 3491 3262 3564 τὴν
3289 3491 3419 3545 θέαν
3453 3491 3674 3562 παρῆλο

2077 3593 2188 3657 θον,
2225 3593 2471 3663 ἐναργῶς
2502 3589 2611 3659 τῆς.
2630 3589 2825 3659 τέχνης
2855 3587 2945 3641 ὑπ’
2973 3586 3095 3656 ὄψιν
3121 3586 3357 3654 ἀγούσης
3382 3584 3485 3655 τὴν
3518 3586 3676 3639 ἱστο-

2075 3684 2223 3757 ρίαν.
2271 3683 2564 3755 Πρόκειται
2609 3682 2638 3734 ὁ
2676 3679 2864 3735 Ἰσαὰκ
2902 3678 2986 3749 τῷ
3025 3678 3193 3749 πατρὶ
3226 3678 3347 3749 παρ’
3392 3676 3551 3747 αύτῷ
3587 3678 3673 3749 τῷ

2073 3776 2440 3848 θυσιαστηρίῳ
2463 3813 2478 3837 ,
2528 3773 2769 3835 ὀκλάσας
2808 3772 2902 3825 ἐπὶ
2948 3770 3112 3839 γόνυ,
3149 3769 3242 3824 καὶ
3282 3769 3674 3839 περιηγμέναις

2072 3867 2218 3938 ἔχων
2243 3868 2322 3931 είς
2351 3865 2592 3919 τούπίσω
2615 3863 2713 3927 τὰς
2741 3864 2927 3934 χεῖρας
2951 3878 2965 3891 ·
2997 3862 3026 3914 ὁ
3053 3862 3111 3915 δὲ
3131 3859 3470 3931 ἐπιϐεϐηκὼς
3493 3861 3673 3914 κασιῖό⁹

2073 3978 2167 4016 πιν
2190 3957 2268 4014 τὼ
2295 3958 2429 4012 πόδε
2458 3957 2556 4027 τῆς
2583 3953 2848 4024 ἀγκύλης,
2897 3952 2992 4008 καὶ
3021 3956 3087 4025 τῇ
3113 3952 3242 4024 λαιᾷ
3270 3951 3414 4023 χειρὶ
3436 3951 3542 4021 τὴν
3572 3953 3673 4008 κόσ-

2073 4070 2182 4122 μην
2213 4051 2306 4106 τοῦ
2339 4049 2527 4113 παιδὸς
2577 4049 2714 4120 πρὸς
2745 4046 2938 4100 ἑαυτὸν
2983 4044 3319 4107 ἀνακλάσας,
3365 4044 3668 4099 ἐπικύπτει

2067 4142 2146 4214 τῷ
2179 4141 2475 4213 προσώπῳ,
2504 4139 2749 4202 ἐλεεινῶς
2781 4137 2919 4209 πρὸς
2946 4136 3108 4192 αὐτὸν
3147 4134 3526 4201 άναϐλέποντι,
3569 4134 3673 4189 καὶ

2067 4233 2166 4306 τὴν
2193 4233 2377 4300 δεξιὰν
2410 4231 2864 4301 καθωπλισμένην
2910 4227 2989 4299 τῷ
3024 4227 3166 4296 ξίφει
3214 4225 3355 4297 πρὸς
3395 4224 3494 4296 τὴν
3526 4242 3671 4295 σφα-

2068 4328 2171 4399 γὴν
2202 4325 2542 4392 κατευθύνει,
2580 4326 2675 4379 καλ⁵
2704 4325 2935 4378 ἅπτεται
2968 4321 3066 4392 ἤδη
3094 4318 3191 4373 τοῦ
3228 4317 3483 4390 σώματος
3506 4318 3543 4388 ἠ
3570 4317 3667 4372 τοῦ

377 4415 474 4471 dio
522 4415 708 4488 dirigit
737 4418 806 4473 ad
841 4422 1039 4475 caedem
1126 4420 1476 4488 faciendam,
1539 4440 1603 4481 ac
1631 4426 1742 4496 jam
1800 4429 1973 4513 gladii‘

2075 4416 2255 4486 ξίφους
2283 4415 2454 4486 ἀκμὴ,
2490 4415 2583 4468 καὶ
2612 4414 2732 4467 τότε
2766 4412 2914 4484 αὐτῷ
2961 4412 3171 4480 γίνεται
3202 4408 3387 4513 θεόθεν
3414 4408 3576 4477 φωνὴ
3607 4410 3670 4461 τὸ

381 4523 572 4563 nmero
601 4524 808 4579 corpus
833 4510 1111 4581 tangebat.
1152 4521 1206 4567 et
1244 4520 1374 4569 tunc
1407 4515 1625 4571 demum
1686 4517 1963 4576 divinitus

306 4649 312 4655 .
380 4600 459 4654 ad-
489 4615 621 4656 eum
653 4600 836 4656 editur
865 4615 971 4655 vox
1014 4618 1136 4672 quae
1168 4618 1281 4659 rem
1326 4607 1591 4677 agendam
1628 4608 1963 4679 prohiberet,

378 4707 484 4747 vox
513 4699 693 4748 autem
720 4692 985 4763 ejusmodi
1005 4694 1254 4764 quaedam
1278 4704 1417 4755 erat.
1448 4696 1548 4753 Vix
1603 4701 1746 4756 enim
1783 4718 1968 4772 quem-

380 4783 689 4839 admodum
710 4785 918 4857 pnllum
954 4786 1257 4856 quemdam
1278 4790 1540 4861 equinum
1587 4801 1962 4851 contumacem

380 4877 437 4927 et
468 4871 794 4930 indomitum
829 4874 1109 4948 ﬁ'enisque
1175 4886 1232 4933 et
1275 4877 1506 4938 habenis
1538 4882 1722 4938 minus
1749 4884 1966 4939 obtem-

381 4974 690 5038 perantem,
718 4984 782 5025 ac
814 4970 885 5027 de
913 4982 1071 5027 recto
1104 4970 1299 5029 itinere
1331 4974 1724 5041 declinantem,
1750 4978 1971 5034 multis-

379 5075 486 5131 que
515 5060 666 5132 gyris
692 5072 743 5116 et
770 5062 1112 5119 anfractibus
1140 5080 1210 5121 ex
1240 5073 1558 5122 transverso
1601 5070 1962 5126 exsultantem

378 5168 575 5208 rursus
604 5154 657 5207 in
703 5154 842 5209 viam
871 5162 1078 5211 rectam
1140 5156 1462 5213 reduximus
1499 5161 1820 5213 orationem.
1850 5158 1971 5216 Hoc

377 5243 523 5296 enim
555 5243 719 5299 nobis
760 5246 1100 5315 propositum
1130 5255 1248 5301 erat
1276 5254 1336 5302 ut
1365 5249 1777 5305 ostenderemus
1821 5250 1965 5321 Apo-

380 5335 584 5388 stolum
623 5335 863 5391 orationi
899 5337 1268 5393 testimonium
1302 5339 1608 5409 perhibere,
1634 5355 1828 5410 nempe
1859 5340 1967 5394 Pa-

388 5432 526 5480 trem
561 5423 702 5481 Filio
738 5427 998 5498 majorem
1035 5445 1145 5485 non
1175 5445 1320 5487 esse.
1374 5429 1481 5484 Hic
1505 5433 1650 5486 enim
1681 5432 1962 5503 Scriptura

382 5527 508 5569 cum
545 5520 807 5589 angelum;
834 5522 1074 5577 orationi
1108 5521 1219 5578 Deit
1256 5525 1644 5595 praeposuisset
1669 5565 1684 5588 ,
1742 5526 1966 5596 subjicit

381 5618 572 5660 vocem
605 5626 618 5662 :
662 5609 882 5665 Vocavit
911 5613 1193 5670 mimicum
1222 5615 1445 5686 angelus
1474 5614 1689 5670 Domini
1714 5626 1763 5671 et
1790 5617 1963 5672 dixin:

387 5696 671 5769 Propterea
707 5706 846 5774 quod
869 5706 1040 5777 [eristi
1074 5699 1283 5764 verbum
1328 5709 1444 5777 hoc,
1467 5719 1516 5764 et
1546 5726 1648 5765 non
1681 5713 1965 5778 pepercisti

2066 4507 2231 4580 ἔργον,
2273 4505 2573 4559 κωλύουσα.
2606 4506 2672 4559 Ἦ
2714 4504 2770 4557 δὲ
2803 4503 2953 4575 φωνὴ
2994 4502 3213 4573 τοιαύτη
3242 4519 3327 4565 τις
3358 4496 3445 4572 ἦν.
3481 4502 3669 4570 Μόγις

2066 4599 2175 4672 γὰρ
2201 4598 2451 4670 καθάπερ
2483 4598 2661 4652 πῶλόν
2687 4614 2809 4653 τινα
2837 4595 3103 4666 δυσπειθῆ
3139 4594 3233 4649 καὶ
3259 4594 3540 4664 δυσήνιον,
3565 4593 3668 4662 τῆς

2068 4692 2286 4757 εὐθείας
2311 4691 2764 4763 παρατραπέντα,
2812 4690 2907 4745 καὶ
2932 4689 3144 4752 πολλοῖς
3175 4686 3399 4750 κύκλοις
3426 4688 3494 4739 ἐκ
3524 4687 3671 4740 πλα-

2064 4787 2198 4855 γίων
2219 4785 2698 4856 διασκιρτήσαντα,
2731 4783 2892 4838 πάλιν
2915 4783 2996 4847 είς
3014 4783 3115 4853 τὴν
3139 4781 3353 4835 εὐθεῖαν
3380 4779 3475 4832 τὸν
3498 4780 3663 4849 λόγον

2065 4879 2367 4950 ἠγάγομεν.
2403 4876 2566 4936 Τουτὶ
2595 4875 2703 4947 γὰρ
2731 4871 2799 4947 ἦν
2824 4876 2885 4930 τὸ
2909 4873 3268 4947 προκείμενον
3300 4874 3455 4943 ἡμῖν,
3485 4872 3659 4939 δεῖξαι

2073 4970 2167 5025 τὸν
2204 4968 2525 5023 Ἀπόστολον
2560 4967 2941 5039 μαρτυροῦντα
2989 4966 3069 5038 τῷ
3113 4966 3286 5036 λόγῳ,
3336 4965 3421 5018 ὅτι
3455 4967 3661 5035 μείζων

2065 5064 2160 5118 τοῦ
2193 5061 2326 5118 Υἱοῦ
2355 5065 2384 5116 ό
2415 5061 2604 5133 Πατὴρ
2629 5062 2733 5114 οὐκ
2762 5060 2929 5115 ἐστιν.
2982 5058 3246 5123 Ἐνταῦθα
3277 5056 3385 5127 γὰρ
3423 5056 3659 5125 ἄγγελον

2062 5157 2157 5212 τοῦ
2177 5155 2438 5226 λόγουητοῦ
2461 5153 2594 5208 Θεοῦ
2617 5154 2847 5225 ηγραφὴ
2870 5151 3204 5225 προτάξασα,
3227 5150 3425 5220 ἐπάγει
3450 5150 3657 5220 φωνήν·

2067 5248 2312 5321 ἐφώνησε
2368 5246 2489 5320 γάρ
2525 5247 2684 5301 αὐτὸν
2710 5246 2938 5316 ἄγγελος
2982 5245 3187 5317 Κυρίου
3222 5242 3318 5297 καὶ
3350 5239 3525 5305 εἶπεν,
3566 5240 3667 5293 ὅτι

2080 5339 2224 5396 Ἀνθ⁹
2248 5332 2334 5394 ὧν
2348 5340 2642 5407 ἐποίησας
2671 5338 2734 5392 τὸ
2751 5336 2918 5409 ῥῆμα
2947 5337 3143 5401 τοῦτο,
3170 5335 3270 5390 καί
3298 5336 3412 5389 οὐκ
3434 5331 3671 5403 ἐφείσω

2067 5433 2171 5489 τοῦ
2194 5432 2327 5488 υἱοῦ
2360 5447 2477 5487 σου
2505 5431 2610 5485 τοῦ
2632 5429 2963 5499 ἀγαπητοῦ,
2986 5428 3113 5483 κατ’
3132 5425 3394 5498 ἐμαυτοῦ
3423 5427 3669 5495 ὤμοσα,

2066 5521 2318 5592 ποιῆσαι
2345 5523 2495 5593 ἅπερ
2524 5521 2623 5578 καί
2651 5521 2720 5576 ἐν
2752 5519 2829 5589 τῇ
2856 5519 3185 5595 enarratio
3211 5517 3309 5572 τοῦ
3338 5517 3498 5587 λόγου
3526 5514 3672 5573 ἔστι

2071 5616 2280 5687 μαθεῖν.
2332 5615 2428 5679 Τίς
2476 5609 2568 5668 οὖν
2615 5615 2759 5667 ἐστιν
2788 5616 2816 5667 ό
2846 5612 3191 5683 χρηματίσας
3239 5610 3319 5681 τῷ
3358 5608 3681 5680 ’Δϐραάμς

2068 5706 2211 5778 *Δρα
2243 5710 2316 5777 μὴ
2343 5712 2371 5764 ὁ
2392 5710 2578 5776 Πατήρ
2606 5725 2618 5775 ;
2669 5706 2806 5761 Ἀλλ’
2838 5706 2935 5761 οὐκ
2964 5704 3029 5762 ἂν
3054 5704 3229 5767 εἴποις
3251 5702 3480 5774 ἄγγελόν
3506 5717 3683 5773 τινος
