3930 6210
237 251 328 309 573

1147 249 1235 303 DE
1274 249 1570 307 DEITATE
1608 250 1761 306 FILII
1804 250 1892 307 ET
1934 250 2253 309 SPlRlTL‘S
2291 249 2558 336 SA’SCTI.

3369 252 3473 311 57o

227 362 350 419 εἶναι
380 362 477 416 τδν
506 360 746 434 Πατέρα.
793 362 1003 417 Ουκοῦν
1028 365 1057 417 ὀ
1086 364 1378 437 μονογενὴς
1401 366 1550 431 Θεὸς,
1580 368 1708 439 περὶ
1732 361 1793 422 οὗ

1898 367 2016 438 ﬁlio
2046 379 2135 423 tuo
2165 366 2379 431 dilecto,
2410 384 2502 438 per
2558 379 2641 420 me
2686 365 2886 435 juravi,
2928 366 3196 435 facturum
3242 382 3324 419 me
3362 382 3475 421 esse

220 459 244 509 ὁ
260 454 559 525 Προφήτης
577 453 762 524 φησὶν,
795 454 877 506 ὅτι
899 454 1175 511 Καλεῖται
1196 456 1264 511 τὸ
1286 456 1474 526 ὄνομα
1492 457 1678 514 αὐτοῦ
1693 475 1797 528 με·

213 541 409 611 τάλης
445 540 683 612 ,ϐουλῆς
714 543 1020 621 Ἄγγελος.
1055 544 1223 600 Τοῦτο
1248 547 1306 602 δὲ
1331 548 1430 602 οὐκ
1458 550 1642 617 ἀγνοεῖ
1666 549 1799 627 πήν-

211 652 316 696 τως
349 635 380 687 6
412 632 619 697 Παῦλος
647 635 677 686 6
717 634 774 687 ὲν
803 635 1115 708 παραδείσῳ
1147 639 1371 710 μυηθεὶς
1396 638 1464 694 τὰ
1490 640 1797 712 ἀπόρρητα,

208 725 287 776 ὅτι
321 723 479 795 παρὰ
504 723 599 779 τοῦ
625 725 964 793 Μονογενοῦς
995 727 1028 796 ἡ
1055 726 1276 799 ἔνορκος
1304 728 1445 800 αῦτη
1478 730 1795 802 ὑπόσχεσις.

207 814 374 883 Δέγει
399 815 456 867 δὲ
508 814 538 866 6
582 813 813 882 Παῦλος,
840 816 922 870 ὅτι
965 816 1048 882 Τῷ
1086 819 1342 889 Ἀϐραὰμ
1368 820 1796 893 ἐπαγγειλάμε-

208 920 335 969 νος.
366 906 396 956 6
424 902 557 966 Θεὸς
584 904 779 972 Λόγος,
808 905 938 960 ἐπεὶ
966 906 1093 961 κατ’
1112 909 1359 975 οὐδενὸς
1377 906 1503 980 εἶχε
1519 911 1795 980 μείζονος

209 993 451 1063 ὀμόσαι,
486 993 687 1064 ὤμοσε
715 995 843 1051 καθ’
875 995 1112 1052 ἑαυτοῦ.

1894 461 2072 515 omnia
2100 459 2231 528 lucc,
2262 476 2382 533 quas
2400 460 2567 515 etiam
2600 458 2652 513 in
2682 459 2949 515 orationis
2983 459 3347 529 promissione
3375 473 3476 513 co-

1896 551 2083 620 gnosci
2112 559 2362 620 possunt.
2407 549 2542 617 Quis
2578 550 2743 621 igitur
2763 546 2849 607 est
2884 554 2975 622 qui
3010 569 3132 608 cum
3167 552 3476 609 Abraltamo

1895 641 2204 697 collocutus
2230 652 2310 697 est
2335 642 2359 696 ?
2387 642 2643 712 Nunquid
2673 641 2838 698 Pater
2866 644 2890 696 ?
2914 644 2982 699 At
3008 660 3350 715 nequaquam
3381 643 3468 700 di-

1900 733 2046 787 xeris
2081 735 2316 803 alicujus
2374 735 2625 805 angelum
2663 751 2784 791 esse
2841 736 3078 792 Patrem.
3123 737 3263 807 Ergo
3298 735 3472 794 Filius

1900 822 2214 892 unigenitus
2246 825 2292 880 is
2321 832 2456 888 erat,
2485 825 2553 879 de
2585 841 2695 896 quo
2728 828 2990 897 propheta
3027 829 3197 891 dicit,
3243 827 3474 884 Vocatur

1900 929 2087 967 nomen
2116 915 2231 984 ejus
2283 919 2464 987 magni
2512 920 2723 974 consilii
2766 921 2987 990 Angelus
3014 922 3079 973 ".
3125 919 3237 975 lloc
3289 930 3470 975 autem

1899 996 2127 1069 Paulus,
2162 1008 2254 1076 qui
2302 1009 2522 1064 arcanis
2555 1010 2730 1066 sacris
2762 1010 2818 1065 in
2847 1010 3101 1081 taradiso
3141 1011 3390 1067 initiatus
3417 1020 3473 1067 et

212 1087 502 1142 institutus
544 1095 672 1153 est,
720 1101 947 1156 prorsus
991 1088 1135 1143 haud
1176 1089 1391 1160 ignorat
1422 1132 1438 1157 ,
1488 1109 1683 1165 nempe
1732 1094 1802 1151 ab
1854 1097 2137 1170 unigenito
2185 1100 2294 1155 lilio
2336 1100 2697 1171 jurejurando
2733 1102 3111 1157 conﬁrmatam
3181 1104 3323 1159 hanc
3388 1104 3473 1159 fa-

213 1186 359 1234 ctam
389 1196 515 1238 esse
540 1182 980 1252 promissionem.
1038 1182 1179 1240 Dicit
1208 1194 1390 1242 autem
1438 1188 1659 1253 Paulus,
1716 1191 2019 1250 Abraltamo
2062 1196 2329 1265 pollicitus
2378 1196 2512 1252 Deus
2552 1197 2628 1268 (id
2665 1208 2766 1261 eat,
2796 1196 2938 1254 Deus
2976 1196 3260 1263 Verbum),
3304 1216 3474 1269 quan.

212 1272 496 1340 doquidem
522 1289 616 1344 per
641 1275 899 1330 neminem
927 1276 1182 1345 majorem
1211 1287 1420 1347 poterat
1448 1280 1643 1349 jurare
1662 1324 1678 1348 ,
1695 1282 1901 1353 juravit
1933 1303 2026 1357 per
2065 1288 2398 1358 semetipsum
2418 1288 2486 1342 ”.

276 1368 408 1434 Πῶς
433 1365 530 1424 οὖν
561 1364 709 1426 οὗτοι
734 1371 951 1440 λέγουσι
985 1372 1208 1445 μείζονα
1253 1375 1348 1429 τοῦ
1389 1376 1521 1432 Υίοῦ
1552 1379 1644 1433 τὸν
1670 1381 1788 1434 Πα-

210 1460 366 1533 τέρα,
406 1462 503 1516 τοῦ
532 1463 749 1525 Παύλου
777 1464 1025 1534 λέγοντος
1069 1467 1152 1522 ὅτι
1183 1469 1284 1523 οὐκ
1312 1468 1425 1540 ἔχει
1455 1469 1517 1525 τδ
1564 1472 1745 1542 μεῖζον
1770 1490 1788 1539 ;

1965 1383 2069 1450 Qui
2102 1384 2265 1456 igitur
2290 1385 2379 1441 isti
2415 1386 2606 1441 dicunt
2632 1381 2848 1440 Patrem
2880 1385 3019 1439 Filio
3042 1384 3302 1453 majorem
3326 1399 3469 1445 esse,

1896 1490 2019 1529 cum
2067 1475 2270 1531 Paulus
2322 1484 2480 1547 neget
2536 1493 2659 1532 eum
2716 1478 2915 1532 habere
2949 1475 3198 1546 (aliquid)
3250 1473 3503 1545 majus‘if

224 1553 367 1607 Ἀλλ’
392 1555 775 1627 ἐπανέλθωμεν
822 1558 984 1613 πάλιν
1012 1560 1104 1614 ἐπὶ
1137 1561 1229 1615 τὸν
1268 1562 1620 1632 εὐαγγελικδν
1652 1561 1792 1620 οἶνον

1901 1563 2005 1619 Sed
2040 1566 2327 1622 redeamus
2362 1582 2555 1623 rursus
2589 1566 2656 1621 ad
2696 1567 3071 1637 evangelicum
3116 1564 3250 1619 illud
3281 1566 3468 1620 vinum

210 1642 307 1696 τὸν
333 1644 474 1709 νέον,
503 1646 580 1710 ὡς
623 1625 691 1702 ἂν
735 1646 1017 1717 δεξάμενοι
1054 1649 1143 1705 διὰ
1181 1651 1281 1721 τῆς
1324 1625 1672 1717 διδασκαλίας
1699 1654 1794 1708 καὶ

1899 1671 2119 1722 novum,
2154 1664 2213 1711 ut
2247 1665 2300 1712 et
2342 1657 2446 1728 ipsi
2489 1672 2584 1728 per
2630 1625 2938 1712 doctrinvam
2971 1658 3200 1727 spiritus
3245 1666 3469 1728 accepto

213 1734 375 1788 αὐτοὶ
400 1737 496 1807 τὴν
525 1736 667 1801 ζέσιν
690 1738 784 1792 τοῦ
810 1739 1146 1810 Πνεύματος,
1174 1742 1453 1815 ἐπιτήδεια
1487 1745 1666 1815 δοχεία
1696 1745 1792 1800 τοῦ

212 1826 467 1881 τοιούτου
489 1830 625 1882 οἴνου
649 1830 962 1902 γενοίμεθα,
1008 1833 1145 1904 μήτε
1187 1832 1341 1888 αὐτοὶ
1369 1835 1789 1909 διασχιζόμενοι,

220 1919 366 1991 μήτε
417 1919 514 1992 τήν
561 1923 1017 1995 ἐγκεκρυμμένην
1073 1926 1205 1995 ἡμῖν
1262 1926 1421 1999 χάριν
1484 1928 1785 2000 ἐκχέοντες.

221 2011 458 2063 Ἤκουον
484 2011 583 2081 τῆς
609 2012 928 2084 ψαλμῳδίας
962 2016 1093 2086 περὶ
1123 2016 1233 2070 τῶν
1268 2019 1569 2089 παρόντων,
1616 2016 1790 2093 οἶμαι,

217 2101 405 2156 κακῶν
435 2102 881 2176 προφητευούσης
904 2122 919 2138 ο
955 2106 1100 2176 λέγει
1143 2108 1252 2181 γὰρ
1271 2143 1283 2154 -
1305 2110 1431 2181 περὶ
1475 2111 1583 2165 τῶν
1615 2114 1793 2188 ἁμαρο

216 2190 437 2258 tum»,
487 2193 570 2246 ὅτι
612 2194 1209 2266 Ἀπηλλοτριὼθησαν
1251 2200 1366 2254 ἀπὸ
1396 2201 1651 2270 μήτρας,
1690 2205 1792 2260 καὶ

215 2283 652 2352 ἐπλανήθησαν
701 2286 823 2341 ἀπὸ
875 2288 1153 2357 γαστρός.
1211 2292 1439 2364 Μήτραν
1486 2289 1639 2365 οἶμαι
1684 2295 1793 2350 τῶν

214 2376 360 2430 κατὰ
398 2376 531 2430 Θεὸν
577 2379 951 2447 γεννωμένων,
1001 2380 1101 2452 τὴν
1146 2382 1470 2454 Ἐκκλησίαν
1502 2385 1752 2454 λέγεσθαι
1773 2403 1790 2420 ·

207 2469 355 2541 αὕτη
386 2471 496 2543 γὰρ
522 2472 867 2544 κυοφοροῦσα
906 2476 972 2546 τῇ
1006 2474 1111 2547 ἰδίᾳ
1133 2475 1287 2548 νηδύϊ
1311 2477 1436 2542 τοὺς
1463 2480 1521 2531 ὲν
1546 2479 1681 2550 αὐτῇ
1706 2497 1793 2533 τε-

208 2559 703 2634 λεσφορουμένους,
727 2565 809 2627 είς
837 2565 953 2635 φῶς
977 2565 1068 2621 διὰ
1090 2566 1189 2637 τῆς
1218 2567 1453 2632 πίστεως
1473 2569 1613 2637 ἄγει.
1652 2570 1791 2624 Ἀλλ’

208 2652 258 2704 οἱ
279 2651 604 2723 ἁμαρτωλοὶ
629 2654 772 2707 κατὰ
796 2653 868 2707 τὰ
889 2654 1267 2725 ἀμϐλωθρίδια
1283 2657 1393 2711 τῶν
1413 2658 1790 2731 γεννημάτων,

208 2740 308 2812 τῆς
344 2741 566 2813 μήτρας
603 2742 1045 2816 ἡλλοτριώθησαν
1069 2784 1086 2812 ,
1136 2746 1231 2802 καὶ
1278 2750 1379 2819 τῆς
1425 2749 1661 2821 γαστρὸς
1691 2751 1793 2822 τῆς

207 2832 445 2904 γνησίας
490 2833 955 2905 ἀπεπλανήθησαν
977 2851 994 2867 ο
1042 2836 1143 2908 οὐχ
1184 2838 1298 2910 ὁρῶ
1322 2839 1431 2911 γὰρ
1461 2842 1518 2894 ὲν
1544 2842 1657 2913 τοῖς
1686 2858 1793 2915 μη-

458 2922 680 2989 κόλποις
726 2924 854 2988 τοὺς
900 2926 1214 2991 ἀποστάτας
1259 2928 1361 3000 τῆς
1400 2930 1656 2997 πίστεως,
1696 2936 1794 2988 καὶ
1818 2955 1862 3017 c

208 3014 358 3085 λέγω
382 3014 485 3087 τήν
525 3018 862 3087 προφητείαν
907 3021 1037 3091 περὶ
1076 3020 1281 3077 τούτων
1324 3020 1522 3091 λέγειν,
1556 3024 1664 3080 τῶν
1703 3025 1793 3080 διὰ

208 3106 307 3176 τῆς
339 3104 564 3178 ἀπάτης
620 3109 1083 3181 πεπλανημένων,
1131 3112 1213 3166 ὅτι
1263 3112 1641 3185 ἐπλανήθησαν
1686 3117 1794 3171 ἀπὸ

210 3199 452 3271 γαστρός
476 3215 492 3230 ⁸
534 3199 913 3271 ἐπλανήθησαν
963 3203 1041 3274 τῷ
1085 3203 1313 3276 λαλῆσαι
1343 3204 1532 3279 ψευδῆ.
1601 3209 1795 3279 Θυμὸς

215 3292 437 3359 αὐτοῖς,
487 3293 641 3363 φησι,
678 3295 827 3348 κατὰ
853 3294 968 3362 τὴν
998 3295 1283 3364 ὁμοίωσιν
1320 3298 1428 3353 τοῦ
1456 3299 1663 3368 ὄφεως,
1695 3301 1794 3373 οὐχ

217 3382 398 3448 ἅπλῶς
430 3383 630 3453 ὄφεως,
661 3384 739 3448 ὡς
765 3386 832 3441 ἂν
881 3386 954 3457 μὴ
997 3386 1134 3458 πρὸς
1177 3387 1239 3441 τὸ
1279 3388 1467 3461 θηρίον
1505 3388 1664 3444 τοῦτο
1694 3391 1794 3462 τὴν

216 3474 465 3528 εἰκασίαν
490 3478 667 3546 σχοῖεν
691 3492 704 3506 ⁸
736 3476 852 3530 ἀλλ’
885 3477 919 3548 ή
948 3477 1042 3531 τοῦ
1070 3476 1274 3551 ἄρθρου
1306 3479 1591 3552 προσθήκη
1619 3479 1680 3533 τὸ
1702 3481 1797 3552 ἀρ·

214 3565 449 3635 χέτυπον
478 3568 644 3621 κακὸν
672 3567 740 3622 δι’
784 3570 1122 3640 αἰνιγμάτων
1168 3571 1460 3625 δείκνυσιν.
1521 3570 1659 3625 Ἀλλ’
1693 3572 1795 3626 οὐκ

217 3660 447 3729 ἄκαιρος
480 3659 629 3725 ἴσως
655 3660 786 3732 ἡμῖν
818 3662 853 3732 ή
885 3662 1069 3733 μνήμη
1097 3659 1190 3716 τοῦ
1218 3661 1414 3731 ὄφεως,
1465 3665 1545 3728 εἰς
1577 3662 1796 3734 ἔλεγχον

215 3746 338 3798 τῶν
361 3748 875 3820 θρασυστομούντων
902 3752 1044 3806 κατὰ
1066 3751 1159 3807 τοῦ
1194 3753 1526 3825 Πνεῦματος.
1579 3755 1795 3829 Ἐπειδὴ

218 3836 343 3908 γὰρ
366 3841 565 3893 οἴονται
590 3844 786 3914 ταύτην
817 3844 1045 3916 ἰσχυρὰν
1076 3843 1221 3916 ἔχειν
1251 3845 1394 3899 κατὰ
1418 3845 1513 3900 τοῦ
1545 3844 1796 3917 Πνεύμα-

212 3947 326 3993 τος
350 3930 537 4002 λαὸὴν,
555 3933 614 3985 τὸ
638 3933 710 4007 μὴ
735 3934 1125 4007 προσειρῆσθαι
1151 3936 1283 3990 Θεὸν
1307 3936 1368 3990 τὸ
1396 3938 1619 4009 Πνεῦμα
1644 3938 1797 4006 παρὰ

208 4021 333 4092 τῆς
358 4022 520 4091 ἁγίας
545 4023 758 4096 Γραφῆς
790 4026 889 4095 (ὡς
920 4025 1072 4079 αὐτοί
1102 4043 1165 4097 γε
1194 4017 1506 4098 νομίζουσιν
1533 4046 1547 4060 ·
1598 4028 1660 4082 οὐ
1687 4028 1796 4099 γὰρ

210 4113 386 4182 ἡμεῖς
413 4113 821 4187 συντιθέμεθα)·
862 4112 959 4171 καί
980 4134 1112 4187 φασι
1142 4117 1358 4189 φύσεως
1402 4119 1504 4192 μὲν
1533 4114 1670 4173 εἶναι
1700 4136 1796 4190 ση-

213 4200 490 4273 μαντικήν
533 4202 634 4273 τήν
676 4202 923 4275 θεότητα,
966 4205 1062 4259 τοῦ
1108 4205 1165 4259 δὲ
1209 4207 1467 4277 ὀνόματος
1494 4206 1682 4262 τούτου
1720 4208 1794 4279 μὴ

1900 1743 2133 1810 fervore,
2181 1746 2377 1801 idonea
2424 1761 2552 1802 vasa
2597 1754 2763 1817 atque
2807 1748 3151 1817 receptacula
3189 1748 3312 1802 talis
3355 1748 3470 1803 vini

1899 1836 2114 1897 fiamus.
2167 1851 2345 1906 neque
2393 1837 2496 1908 ipsi
2534 1844 2872 1907 rumpentes,
2918 1852 3093 1906 neque
3129 1838 3468 1892 reconditam

1895 1936 1950 1982 et
1983 1927 2223 1982 abditam
2282 1929 2336 1981 in
2389 1928 2549 1984 nobis
2582 1928 2813 1998 gratiam
2858 1926 3222 1983 eﬂundentes.
3275 1928 3468 1983 Audiri

1896 2018 2217 2088 scriptorem
2277 2016 2619 2073 Psalmorum
2674 2019 2743 2074 de
2788 2019 3188 2090 praesentibus,
3239 2021 3469 2090 opinor,

1893 2108 2056 2164 malis
2086 2108 2476 2162 vaticinantem
2512 2122 2577 2161 ac
2608 2107 2990 2177 praedicentem
3017 2124 3032 2173 ;
3074 2108 3206 2165 dicit
3236 2108 3473 2174 enim‘de

1895 2199 2278 2271 peccatoribus
2326 2198 2412 2253 his
2449 2198 2632 2253 verbis
2668 2216 2682 2252 :
2713 2197 3020 2253 Abalienati
3048 2208 3170 2252 sunt
3213 2200 3279 2252 ab
3321 2208 3472 2252 utero

1892 2297 2228 2358 peccatores,
2294 2295 2346 2340 et
2408 2285 2785 2340 aberraoerunt
2834 2301 2868 2338 α
2924 2286 3181 2339 ventre”.
3240 2284 3468 2341 Uterum

1893 2378 2090 2449 opinor
2141 2392 2331 2431 eorum
2387 2376 2481 2446 qui
2544 2376 2850 2431 secundum
2906 2374 3078 2431 Deum
3132 2385 3469 2443 nascuntur,

1892 2467 2194 2524 Ecclesiam
2240 2466 2372 2524 dici.
2419 2465 2543 2521 Haec
2591 2466 2737 2521 enim
2784 2466 2840 2520 in
2885 2474 3047 2522 utero
3089 2482 3191 2523 suo
3248 2475 3471 2536 gestans

1891 2574 1987 2615 eos
2011 2560 2106 2630 qui
2138 2558 2204 2614 ad
2235 2558 2622 2630 perfectionem
2659 2559 2713 2613 in
2744 2572 2806 2614 ea
2831 2559 3177 2629 perveniunt,
3212 2559 3264 2613 in
3294 2560 3469 2613 lucem

1892 2667 1991 2725 per
2041 2651 2201 2708 ﬁdem
2248 2651 2521 2723 producit.
2583 2650 2690 2707 Sed
2741 2660 3060 2723 peccatores
3114 2650 3471 2720 quemadmo~

1892 2745 2021 2802 dum
2064 2743 2466 2803 fetus’abortivi
2506 2742 2578 2798 ab
2620 2752 2780 2799 utero
2827 2743 3121 2799 abalienati
3163 2750 3314 2807 sunt,
3345 2751 3401 2798 et
3437 2758 3469 2797 a

1892 2852 2024 2893 vero
2076 2842 2240 2906 atque
2292 2849 2552 2906 germano
2608 2843 2797 2890 ventre
2858 2834 3255 2890 aberraverunt
3302 2851 3315 2887 :
3357 2849 3468 2889 non

1892 2929 2038 2985 enim
2070 2928 2127 2983 in
2159 2934 2412 2983 materno
2434 2928 2559 2982 sinu
2581 2924 2904 2998 gremioque
2936 2925 3094 2981 video
3122 2924 3243 2980 ﬁdei
3277 2923 3469 2979 deser-

1895 3026 2063 3082 tores,
2085 3025 2139 3074 et
2153 3018 2243 3072 aio
2261 3018 2598 3089 prophetiam
2618 3019 2688 3073 de
2715 3019 2800 3073 Itis
2818 3019 2967 3088 loqui
2993 3018 3085 3088 qui
3107 3034 3202 3089 per
3224 3017 3471 3073 fraudem

1895 3108 2109 3165 seducti
2160 3116 2369 3176 errant,
2427 3124 2620 3180 nempe
2668 3126 2697 3164 a
2753 3118 2945 3165 ventre
3003 3110 3127 3164 illos
3161 3111 3470 3173 aberrasse,

1893 3213 2217 3260 erraverunt
2254 3219 2321 3260 eo
2368 3204 2513 3274 quod
2562 3204 2728 3259 locuti
2776 3213 2904 3259 sunt
2956 3204 3115 3268 falsa,
3153 3202 3331 3257 Furor
3366 3204 3469 3266 eis,

1897 3296 2110 3365 inquit,
2160 3294 2231 3349 ad
2284 3295 2689 3350 similitudinem
2745 3294 2891 3348 illius
2942 3295 3205 3364 serpentis
3230 3295 3306 3356 ",
3359 3309 3470 3349 non

1894 3386 2056 3454 plane
2103 3392 2266 3455 atque
2298 3373 2623 3455 simpliciter
2660 3385 2957 3456 serpentis,
3004 3400 3073 3439 ne
3126 3400 3249 3439 cum
3294 3385 3469 3440 bestia

1895 3478 1999 3533 hac
2064 3475 2374 3548 comparari
2429 3483 2593 3547 atque
2652 3476 2945 3531 assimilari
3000 3476 3332 3533 videantur:
3369 3475 3467 3531 sed

1895 3568 2131 3639 adjectio
2160 3565 2375 3621 articuli
2420 3564 2686 3635 originale
2717 3573 2882 3634 atque
2915 3564 3215 3635 principale
3260 3563 3461 3617 malum

1893 3672 1993 3730 per
2043 3658 2334 3728 aanigmata
2396 3656 2801 3726 verborumque
2865 3656 3149 3710 involucra
3205 3655 3465 3711 ostendit.

1897 3750 2004 3806 Sed
2054 3747 2290 3805 fortasse
2324 3763 2436 3803 non
2481 3747 2865 3817 intempestive
2914 3760 2945 3801 a
2992 3745 3150 3802 nobis
3195 3746 3467 3818 serpentis

1893 3851 1978 3898 est
2002 3842 2205 3898 mentio
2240 3840 2406 3909 facta,
2446 3841 2515 3896 ad
2557 3838 2966 3910 coarguendam
3000 3854 3095 3895 eos
3124 3839 3218 3910 qui
3266 3848 3473 3896 temere

1893 3941 1950 3988 et
1992 3930 2393 3987 inconsiderate
2439 3931 2706 3986 adversus
2754 3929 3020 4000 Spiritum
3070 3938 3321 3985 sanctum
3388 3929 3472 3983 lo-

1895 4035 2159 4095 quuntur.
2195 4025 2463 4092 Quoniam
2509 4023 2655 4080 enim
2695 4022 2840 4077 hanc
2873 4022 3081 4075 firmam
3126 4035 3191 4075 ac
3234 4019 3470 4074 validam

1856 4134 1863 4139 ·
1896 4117 2158 4173 adversus
2204 4116 2470 4186 Spiritum
2507 4123 2763 4172 sanctum
2794 4113 2998 4186 habere
3048 4126 3109 4166 se
3141 4120 3339 4182 putant
3380 4124 3470 4166 re-

1898 4199 2337 4280 preltensionem,
2362 4204 2508 4277 quod
2555 4220 2586 4260 a
2636 4214 2827 4261 sancta
2869 4204 3127 4259 nimirum
3184 4203 3469 4272 Scriptura

216 4292 568 4362 ὶπικειμένου
595 4293 677 4364 τῷ
709 4292 1005 4366 Πνεῦματι.
1044 4297 1105 4349 τὸ
1140 4296 1216 4367 μὴ
1242 4297 1344 4368 τῆς
1382 4297 1555 4368 αὐτῆς
1581 4297 1794 4367 φύσεως

1900 4299 2137 4370 Spiritus
2174 4305 2400 4353 sanctus
2445 4310 2556 4352 non
2588 4295 2894 4367 appelletur
2920 4294 3063 4349 Deus
3110 4295 3191 4365 (ut
3224 4293 3468 4364 ipsorum

208 4373 461 4453 εἶναιτῷ
494 4384 675 4453 Πατρὶ
717 4385 813 4439 καὶ
843 4385 922 4457 τῷ
960 4385 1075 4459 Υίῷ
1100 4387 1162 4440 τὸ
1195 4387 1418 4459 Πνεῦμα
1454 4389 1795 4444 κατασκευάο

205 4468 404 4533 (manu
424 4491 440 4507 ⁸
473 4473 790 4529 λαϐέτωσαν
828 4477 930 4547 τῆς
971 4477 1199 4550 ἀνοήτου
1242 4480 1420 4534 αὐτῶν
1451 4480 1797 4554 βλασφημίας

193 4561 309 4617 τὸν
331 4563 458 4632 ὄφιν
485 4566 815 4638 κατήγορον.
862 4567 951 4632 Ὠς
973 4568 1081 4640 γὰρ
1108 4571 1270 4641 ἡμεῖς
1298 4587 1477 4643 φαμεν
1506 4572 1587 4625 ὅτι
1614 4573 1648 4642 ἡ
1677 4571 1798 4627 θεία

198 4653 384 4723 φύσις
410 4654 583 4726 ὄνομα
632 4656 962 4727 σημαντικὸν
989 4657 1023 4729 ἢ
1053 4658 1153 4713 οὐκ
1190 4658 1302 4731 ἔχει
1348 4661 1546 4732 ἑαυτῆς
1582 4660 1617 4732 ἦ
1663 4663 1798 4734 ἡμῖν

190 4749 321 4804 οὐκ
372 4748 483 4819 ἔχει
508 4765 524 4780 ·
550 4748 691 4825 ,ἀλλ’
721 4750 776 4803 εἴ
800 4767 853 4804 τι
882 4751 975 4804 καὶ
1004 4749 1219 4820 λέγεται
1248 4751 1359 4805 εἴτε
1384 4752 1535 4823 παρὰ
1562 4753 1661 4824 τῆς
1703 4755 1798 4808 ἀν-

188 4838 505 4912 θρωπίνης
540 4840 848 4910 συνηθείας,
893 4839 1004 4894 εἴτε
1029 4841 1180 4912 παρὰ
1211 4841 1311 4913 τῆς
1353 4842 1515 4911 ἁγίας
1548 4842 1794 4913 Γραφῆς,

183 4930 327 4988 τῶν
354 4946 407 4983 τι
429 4929 558 5001 περὶ
585 4931 754 5004 αὐτὴν
776 4930 1269 5004 ἁποσημανθέντων
1298 4932 1445 4987 ἐστίν
1471 4948 1486 4963 ·
1517 4931 1653 5005 αὐτὴ
1681 4924 1795 5005 δὲή

186 5023 343 5079 θεία
391 5021 551 5090 φύσις
608 5023 883 5095 ἄφραστος
925 5041 987 5077 τε
1033 5024 1129 5078 καὶ
1186 5024 1564 5095 ἁνεκφώνητος
1623 5023 1795 5095 μένει,

184 5111 621 5182 ὅπερὸαίνουσα
648 5110 968 5186 πᾶσαν’τὴν
995 5114 1083 5169 διὰ
1123 5116 1306 5187 φωνῆς
1339 5116 1615 5187 σημασίαν
1638 5132 1654 5148 ·
1706 5115 1797 5171 e6-

190 5220 415 5278 uzpov
441 5200 594 5277 οῐμαι
622 5205 779 5260 τοῦτο
804 5205 907 5277 τῆς
943 5207 1165 5279 Γραφῆς
1196 5208 1325 5279 ὑμῖν
1365 5209 1707 5279 παραθέσθαι
1738 5210 1799 5264 τὸ

193 5297 410 5370 μέρος,
439 5294 471 5348 6
500 5297 631 5367 πρὸς
655 5298 756 5370 τὴν
780 5296 924 5353 Εὔαν
943 5298 1215 5371 διεξῆλθεν
1242 5301 1271 5354 6
1294 5299 1437 5369 ὄφις,
1476 5300 1685 5367 δεικνὺς
1715 5304 1797 5358 ὅτι

189 5388 261 5441 τι
282 5388 409 5458 τῆς
441 5386 693 5460 θεότητος
724 5389 896 5461 ὄνομα
939 5391 1037 5464 τῆς
1072 5391 1337 5465 ὁρατικῆς
1376 5393 1657 5465 ἐνεργείας
1697 5393 1796 5465 τὴν

202 5481 499 5551 σημαίαν
521 5479 657 5550 ἔχει.
688 5480 1078 5554 Συμϐουλεύων
1108 5482 1217 5557 γὰρ
1266 5482 1505 5553 ἅψασθαι
1532 5484 1643 5538 τῶν
1685 5485 1793 5538 ἀπ-

1890 4390 2081 4446 saltem
2129 4389 2315 4461 opinio
2345 4387 2452 4444 fert
2484 4407 2498 4442 :
2528 4402 2637 4443 non
2672 4386 2821 4442 enim
2870 4401 2972 4442 nos
3018 4400 3143 4441 cum
3196 4384 3306 4439 illis
3335 4399 3470 4439 con-

1890 4480 2225 4552 cordamus),
2256 4490 2311 4537 et
2339 4481 2493 4537 aiunt
2533 4488 2743 4535 natura:
2769 4480 2989 4550 quidem
3022 4476 3467 4549 significatricem

1892 4590 2016 4631 esse
2054 4589 2243 4631 vocem
2277 4573 2525 4640 deitatis;
2574 4578 2629 4628 et
2658 4571 2804 4643 quod
2850 4570 2956 4625 hoc
2999 4585 3197 4625 nomen
3239 4567 3470 4640 Spiritui

1894 4672 2085 4721 sancto
2111 4663 2422 4739 impositum
2458 4677 2569 4717 non
2601 4663 2691 4727 sit,
2733 4676 2842 4715 non
2876 4660 3122 4730 ejusdem
3154 4675 3275 4715 cum
3310 4657 3470 4714 Patre

1892 4772 1958 4812 ac
2005 4755 2145 4812 Filio
2184 4764 2399 4811 naturae
2450 4753 2716 4826 Spiritum
2760 4759 3009 4808 sanctum
3056 4765 3180 4806 esse
3233 4750 3473 4819 lingunt,

1893 4848 2167 4919 accipiant
2208 4855 2518 4917 serpentem
2559 4845 2713 4900 illum
2747 4843 2928 4899 stulta:
2957 4856 3071 4898 suze
3111 4842 3469 4912 vituperatio-

1893 4939 1982 4993 nis
2028 4952 2094 4991 ac
2141 4935 2537 4991 maledicentia:
2566 4942 2944 4990 accusatorem
2974 4950 2988 4986 :
3024 4931 3471 5003 quandoquidem

1892 5027 2039 5085 enim
2086 5040 2187 5082 nos
2242 5025 2479 5082 dicimus
2526 5024 2769 5080 divinam
2822 5029 3069 5078 naturam
3112 5038 3310 5079 nomen
3357 5038 3471 5093 quo

1896 5117 2252 5186 signiﬁcetur,
2305 5125 2401 5171 aut.
2451 5130 2562 5172 non
2606 5115 2829 5182 habere,
2877 5122 2971 5168 aut
3008 5114 3178 5183 nobis
3215 5130 3323 5170 non
3362 5115 3467 5169 lia-

1893 5210 2055 5277 bere;
2093 5208 2186 5265 sed
2234 5207 2282 5263 si
2314 5206 2462 5279 quod
2494 5205 2661 5262 etiam
2703 5205 2909 5260 dicitur
2950 5205 3067 5260 sive
3107 5220 3139 5260 a
3172 5213 3466 5261 consuetu-

1892 5300 2021 5357 dine
2047 5300 2304 5363 ltumana,
2336 5298 2454 5353 sive
2483 5311 2512 5350 a
2547 5305 2741 5352 sancta
2790 5294 3078 5365 Scriptura
3107 5295 3312 5366 aliquid
3344 5310 3469 5352 esse

1891 5408 2080 5448 eorum
2093 5406 2213 5461 qua:
2230 5391 2374 5447 circa
2392 5404 2513 5446 eam
2535 5395 2795 5443 notantur
2812 5395 3003 5444 etesse
3021 5387 3465 5443 animadvertito.

1890 5492 2009 5552 tur,
2039 5483 2213 5554 ipsam
2239 5496 2366 5541 vero
2394 5480 2635 5539 divinam
2659 5489 2913 5538 naturam
2952 5478 3391 5552 inexplicabilem
3412 5484 3474 5540 el

317 5659 369 5694 ’³
398 5657 509 5719 lsa.
538 5674 617 5728 Ix,
646 5663 702 5721 6.
794 5662 1013 5723 "Hebr.
1036 5680 1113 5733 vr,
1157 5665 1242 5723 i3.
1280 5667 1324 5701 “
1363 5665 1505 5724 Psal.
1547 5681 1676 5737 ινιι,
1706 5665 1760 5720 ι.
1840 5664 1880 5698 ³¹
1916 5662 2047 5724 ibid.
2085 5664 2138 5721 5.
