3930 6210
416 321 521 377 5'75

1615 328 1673 383 S.
1713 323 2042 382 GREGORII
2086 324 2370 383 NYSSENI
3560 331 3667 388 ,εἴθ

408 431 735 489 inen‘abilcm
760 450 999 498 manere,
1024 445 1076 492 et
1092 452 1309 496 onmem
1333 455 1456 512 quae
1472 456 1568 511 per
1583 455 1772 496 vocem
1793 439 1872 506 ﬁt,
1897 457 1986 497 su-

2099 440 2495 512 ηγορευμένων,
2537 443 2693 498 τοῦτο
2726 443 2825 513 τῆς
2854 441 3134 514 παρακοῆς
3166 442 3348 505 αὐτοῖς
3379 442 3440 493 τὸ
3486 442 3668 511 κέρῗος

409 538 599 590 perare
627 525 1084 593 signiﬁcationem
1119 544 1133 580 :
1166 531 1550 600 tempestivum
1580 528 1800 584 videtur
1844 531 1987 602 lianc

2099 534 2607 602 κατεπαγγέλλεται,
2632 537 2714 588 ὅτι
2738 534 3175 604 Ἀνοιγήσονται
3198 532 3361 602 ὑμῶν
3381 536 3436 586 οι
3451 535 3665 601 ὀφθαλ-

410 615 566 667 vobis
600 614 902 682 Scriptura:
944 626 1150 686 partem
1186 635 1512 690 proponere,
1544 621 1688 690 (ιιιοά
1723 619 1791 673 ad
1821 618 1986 683 Evam

2099 625 2218 685 μοὶ,
2282 627 2379 678 καὶ
2446 627 2662 681 ἔσεσθε
2720 627 2801 691 ὡς
2848 626 2993 681 θεοί.
3057 625 3217 696 Ὁρᾷς
3277 626 3360 678 ὅτι
3421 624 3669 697 θεατικὴν

412 708 657 775 loquitur
713 708 803 762 ille
861 725 1112 779 serpens,
1171 711 1468 766 ostendens
1518 710 1741 766 deitatis
1789 725 1987 764 nomen

414 799 629 853 videndi
666 799 967 855 eﬁicientia:
991 803 1274 858 continere
1317 802 1801 873 signiﬁcationem.
1847 801 1990 857 Sua-

411 894 548 945 d«..-ns
590 894 731 946 enim
778 893 859 947 eis
914 901 975 947 ut
1012 896 1208 950 vetitos
1262 893 1474 949 fructus
1529 902 1836 963 gustarem,
1885 893 1989 947 hoc

413 984 563 1052 ipsos
610 1000 673 1038 ex
716 971 1462 1042 inobedientia‘commodnm
1510 1001 1574 1041 ac
1610 987 1822 1041 lucrum
1858 1000 1991 1040 con-

415 1085 707 1131 secuturos
778 1092 900 1133 esse
972 1078 1279 1147 pollicetur.
1349 1078 1706 1148 Aperiantur,
1767 1078 1987 1148 inquit,

415 1167 554 1220 oculi
580 1168 757 1230 vestri,
796 1176 847 1221 et
876 1169 1024 1222 eritis
1050 1171 1184 1222 sicut
1216 1168 1293 1222 dii
1316 1171 1383 1225 ³².
1416 1169 1584 1226 Vides
1612 1168 1759 1240 quod
1802 1184 1991 1225 vocem

414 1258 636 1314 dcitatis
669 1260 722 1312 in
756 1273 877 1313 sese
907 1260 1167 1314 cernendi
1198 1259 1499 1317 efﬁcientia:
1536 1261 1992 1332 signiﬁcationem

416 1352 704 1405 continere
729 1358 983 1406 testatur.
1031 1350 1150 1407 Non
1193 1353 1338 1408 enim
1387 1362 1566 1422 potest
1599 1352 1805 1423 aliquid
1842 1353 1993 1406 cerni

416 1442 525 1496 nisi
563 1441 742 1496 oculis
777 1442 1003 1510 apertis.
1042 1441 1187 1512 Ergo
1224 1459 1331 1497 non
1367 1454 1648 1508 naturam,
1687 1444 1783 1500 sed
1819 1443 1993 1499 facul-

420 1540 585 1587 tatem
616 1531 840 1587 videndi
875 1531 1150 1604 signiﬁcat
1179 1534 1472 1603 appellatio
1512 1536 1754 1593 deitatis.
1800 1535 1994 1591 Nonne

419 1624 587 1692 igitur
638 1622 968 1678 conﬁtentur
1005 1623 1267 1694 Spiritum
1315 1636 1565 1682 sanctum
1628 1630 1854 1685 videre?
1909 1631 1995 1685 An

419 1714 584 1768 etiam
619 1715 688 1770 de
735 1715 838 1770 hoc
882 1716 1254 1771 contendent?
1300 1716 1437 1771 Nam
1490 1720 1536 1774 si
1582 1721 1800 1790 quidem
1830 1722 1995 1785 videt,

421 1805 493 1859 ab
515 1805 802 1859 eﬁicientia
833 1820 1062 1874 prorsus
1086 1807 1506 1875 cognominatur
1531 1826 1546 1864 :
1572 1809 1658 1864 sin
1687 1819 1868 1865 autem
1892 1812 1995 1867 hoc
2025 1783 2067 1837 Β

422 1897 585 1949 etiam
637 1897 851 1981 ratione
884 1904 1049 1967 atque
1094 1899 1345 1954 oratione
1397 1916 1518 1956 sese
1549 1902 1735 1957 doceri
1784 1904 1998 1961 deside-

425 1994 568 2050 rant,
599 1986 703 2041 ctsi
725 2002 1124 2056 supervacuum
1156 1988 1372 2059 quidem
1396 2000 1484 2045 est
1517 1992 1789 2050 confessis
1819 1995 1998 2065 iisque

425 2073 592 2127 rebus
626 2072 696 2126 de
747 2073 950 2142 quibus
986 2083 1207 2129 constat
1256 2076 1536 2132 immorari
1561 2120 1577 2144 ,
1619 2089 1995 2135 verumtamen

426 2163 568 2217 banc
598 2179 817 2234 quoque
855 2178 977 2219 cum
1020 2166 1188 2219 animi
1234 2167 1456 2223 lenitate
1495 2169 1876 2240 ignorantibus
1906 2174 2002 2228 ad-

424 2255 683 2325 jiciamus
713 2256 1038 2312 orationem.
1071 2255 1206 2323 Quis
1254 2257 1482 2314 Ananiae
1511 2262 1858 2333 sacrilegium
1907 2264 2003 2319 de-

427 2348 763 2417 prehendit?
814 2347 918 2414 Qui
989 2348 1183 2405 Petrus
1228 2352 1451 2407 rescivit
1498 2354 1764 2408 Ananiam
1824 2355 2002 2426 ipsum

430 2440 504 2492 rei
544 2453 655 2493 suae
692 2438 865 2493 furem
914 2438 1107 2499 fuisse.
1142 2442 1286 2511 quod
1332 2444 1681 2513 sacrilegium
1721 2462 1828 2501 una
1878 2462 2002 2502 cum

430 2529 664 2599 conjuge
694 2530 848 2583 solus
890 2529 945 2584 in
982 2533 1200 2586 OCCUHO
1231 2533 1620 2589 commiserat?
1658 2535 1853 2593 Nonne
1886 2537 2008 2609 Spi-

431 2618 575 2672 ritus
624 2627 851 2676 sanctus
899 2632 952 2675 et
1003 2622 1056 2675 in
1109 2623 1273 2678 Petro
1319 2634 1457 2691 erat,
1511 2628 1733 2683 Ananiae
1774 2629 2007 2689 Satanas

431 2708 657 2764 aderat?
686 2711 892 2766 Idcirco
932 2712 1067 2766 dicit
1096 2713 1311 2777 Petrus,
1350 2715 1461 2771 Cur
1509 2719 1741 2789 implevit
1773 2720 2007 2779 Satanas

433 2818 528 2856 cor
552 2811 720 2865 tuum,
756 2815 812 2857 ut
865 2806 1157 2859 meutireris
1191 2805 1416 2874 Spiritui
1435 2820 1618 2865 sancto
1647 2813 1674 2865 Ζ)
1705 2822 1808 2867 non
1866 2831 2011 2869 men-

436 2894 563 2947 titus
592 2909 647 2949 es
674 2893 990 2961 hominibus,
1012 2896 1102 2952 sed
1135 2897 1240 2952 Deo
1258 2899 1327 2953 ³³.
1347 2900 1817 2965 Quemadmodum
1848 2908 2011 2978 igitur

435 2985 486 3040 is
518 2985 609 3055 qui
643 2984 777 3040 dicit
810 2985 955 3052 τρυε
992 2988 1192 3042 animal
1241 2991 1454 3045 ratione
1489 2996 1773 3062 praeditum
1817 3006 2011 3053 contu-

2089 714 2374 786 ἐνέργειαν
2416 718 2827 786 προσμαρτυρεῖ
2870 718 2936 785 τῇ
2970 716 3118 784 φωνῇ
3154 715 3250 784 τῆς
3278 713 3556 784 θεότητος.
3590 716 3661 768 Οῦ

2090 806 2194 876 γὰρ
2220 806 2334 859 ἔστι
2365 804 2660 859 θεάσασθαί
2688 823 2742 859 τι
2768 806 2843 877 μὴ
2869 805 2977 859 τῶν
3003 804 3293 875 ὀφθαλμῶν
3324 806 3670 874 ἀνοιγέντων.
3712 880 3718 887 .

2091 898 2298 952 Οὐκοῦν
2330 899 2451 968 οὐχὶ
2494 898 2592 968 τὴν
2618 897 2800 967 φύσιν,
2850 897 2985 951 ἀλλά
3017 896 3116 968 τὴν
3144 896 3403 968 θεατικὴν
3444 898 3676 970 δύναμίν

2091 993 2124 1062 ἡ
2150 991 2249 1062 τῆς
2273 991 2528 1062 θεότητος
2560 989 2896 1064 προσηγορία
2927 974 3272 1059 παρίστησιν.
3302 984 3427 1060 'Ap‘
3459 986 3555 1043 οῦν
3582 993 3678 1063 οὐχ

2090 1082 2407 1154 ὁμολογοῦσι
2439 1081 2733 1136 θεάσασθαι
2772 1081 2832 1133 τὸ
2882 1078 3103 1149 Πνεῦμα
3146 1080 3206 1134 τὸ
3239 1081 3423 1149 ἆγιον;
3477 1082 3550 1134 ’Ἡ
3584 1082 3675 1135 καὶ

2093 1174 2220 1246 περὶ
2244 1174 2434 1227 τούτου
2466 1172 2975 1244 ζυγομαχήσουσιν;
3035 1172 3096 1224 Εἰ
3128 1172 3227 1243 μὲν
3266 1171 3376 1243 γὰρ
3405 1172 3678 1237 τεθέαται,
3723 1184 3726 1186 ⁷

2091 1269 2158 1338 τῇ
2184 1267 2430 1339 ἐνεργείᾳ
2471 1267 2689 1323 πάντως
2717 1261 3146 1334 ἐπονομάζεται·
3198 1264 3248 1315 εί
3299 1262 3357 1317 δὲ
3400 1263 3496 1315 καὶ
3526 1263 3682 1318 τοῦτο

2094 1355 2316 1425 ζητοῦσι
2343 1355 2485 1423 λόγῳ
2516 1354 2733 1424 μαθεῖν,
2767 1353 3016 1424 napum
3048 1352 3144 1423 μὲν
3171 1354 3285 1416 τοῖς
3314 1352 3683 1424 ὁμολογουμέο

2094 1465 2205 1511 νοις
2222 1446 2595 1518 ὲνδιατρίϐειψ
2621 1444 2759 1515 πλὴν
2781 1443 2916 1497 ἀλλὰ
2943 1442 3268 1515 προσθῶμεν
3286 1446 3399 1506 τοῖς
3427 1444 3682 1511 ἀγνοοῦσι

2096 1541 2191 1595 καὶ
2222 1539 2409 1593 τοῦτον
2435 1539 2494 1590 ὲν
2523 1536 2874 1608 μακροθυμίᾳ
2912 1535 3004 1588 τὸν
3050 1535 3237 1602 λόγον’
3270 1535 3369 1599 Τίς
3397 1535 3492 1588 τοῦ
3527 1538 3683 1589 Ἀνα-

2094 1632 2209 1686 νίου
2243 1630 2343 1701 τὴν
2391 1628 2693 1700 ἱεροσυλίαν
2744 1625 3062 1697 ὲφώρασενς
3114 1624 3239 1688 Πῶς
3287 1624 3427 1693 ἔγνω
3476 1626 3684 1697 Πέτρος

2098 1724 2258 1777 αὐτὸν
2304 1720 2494 1776 ἑαυτοῦ
2540 1721 2631 1773 τὸν
2674 1718 2924 1772 ’Λνανίαν
2959 1717 3199 1785 κλέπτην
3240 1717 3570 1787 γενόμενον,
3623 1718 3685 1787 ἢν

2096 1819 2153 1869 ἐν
2178 1813 2504 1884 παραὸύστῳ
2536 1810 2672 1881 μετά
2705 1808 2805 1881 τῆς
2827 1807 3097 1880 ὁμοζύγου
3145 1808 3305 1879 μόνος
3348 1809 3687 1878 εἰργάσατος

2096 1908 2174 1963 Οὐ
2199 1910 2260 1961 τὸ
2291 1906 2516 1976 Πνεῦμα
2556 1904 2618 1958 τὸ
2651 1904 2803 1972 ἆγιον
2846 1901 2940 1954 καὶ
2980 1902 3040 1953 ὲν
3090 1900 3283 1971 Πέτρῳ
3326 1894 3414 1969 ἦν,
3458 1899 3558 1953 καὶ
3608 1900 3686 1969 τῷ

2110 1999 2326 2071 Ἀνανίᾳ
2368 1999 2398 2051 ὁ
2428 1983 2669 2058 Σατανᾶς
2718 1992 2936 2064 παρῆνς
2985 1991 3085 2045 Διά
3130 1990 3289 2044 τοῦτό
3325 2007 3490 2059 φησιν
3522 1993 3551 2043 ό
3588 1991 3690 2043 Πέ‹

2097 2110 2246 2165 τρος’
2262 2093 2362 2157 Είς
2382 2091 2436 2143 τί
2454 2090 2813 2157 ἐπλήρωσεν
2828 2088 2860 2138 ὀ
2878 2081 3148 2147 Σατανᾶς
3171 2081 3285 2149 τὴν
3306 2081 3559 2150 καρδίαν
3574 2100 3690 2136 σου

2099 2182 2445 2254 ψεύσασθαί
2477 2197 2550 2236 σε
2585 2179 2650 2233 τὸ
2674 2176 2913 2245 Πνεῦμα
2937 2176 3002 2230 τὸ
3043 2176 3257 2245 ᾶγιον;
3292 2178 3412 2229 Οὐκ
3444 2176 3692 2244 ἐψεύσω

2101 2273 2447 2339 ἀνθρώποις,
2489 2270 2648 2325 ἀλλὰ
2676 2267 2756 2334 τῷ
2794 2266 2936 2333 Θεῷ.
2981 2267 3191 2338 Ὥσπερ
3235 2266 3413 2320 τοίνυν
3439 2268 3469 2319 ό
3509 2266 3690 2333 λέγων

2101 2366 2183 2420 ὅτι
2204 2365 2266 2418 τὸ
2287 2363 2501 2432 λογικὸν
2530 2361 2779 2432 ὑϐρίσας,
2797 2357 2888 2411 τὸν
2912 2357 3194 2429 ἄνθρωπον
3223 2358 3463 2428 ὕϐρισεν,
3486 2358 3589 2409 οὐκ
3616 2359 3693 2419 εἰς

2103 2457 2195 2511 δύο
2208 2455 2358 2518 τινάς
2375 2453 2529 2524 φέρει
2549 2454 2647 2524 τὴν
2667 2451 2845 2524 ὓϐριν,
2867 2452 3001 2506 ἀλλά
3023 2450 3160 2523 πρὸς
3181 2451 3240 2503 ἓν
3266 2452 3380 2504 ἐστι
3400 2449 3692 2519 πρόσωπον

2106 2544 2139 2614 ἡ
2161 2541 2407 2614 ἀναφορὰ
2428 2540 2701 2612 διαφόροις
2723 2539 2971 2611 ἰδιώμασι
2991 2538 3411 2610 γνωριζόμενοψ
3435 2537 3582 2591 οὕτω
3600 2538 3692 2589 κιὶ

2105 2636 2134 2689 ὸ
2167 2634 2406 2705 Πέτρος,
2456 2632 2550 2686 καὶ
2597 2631 2819 2702 Πνεῦμα
2860 2631 2954 2685 καὶ
2998 2630 3130 2685 Θεὸν
3179 2628 3350 2683 εἰπὼν
3396 2628 3548 2699 παρά
3596 2627 3693 2680 τοῦ

2120 2725 2360 2779 ’Λνανίου
2401 2722 2788 2793 διεψευσμένον
2809 2762 2824 2786 ,
2867 2720 3062 2776 ταύτὸν
3106 2720 3177 2774 τὰ
3208 2719 3301 2772 δύο
3341 2721 3453 2782 τοῖς
3480 2717 3696 2771 νοοῦσιν

2109 2815 2349 2879 εὐσεϐῶς
2390 2813 2791 2868 ἀποδείκνυσιν.
2855 2812 3015 2866 Ἀλλά
3057 2809 3353 2881 γενοίμεθα
3398 2810 3494 2863 καὶ
3528 2810 3696 2879 ἡμεῖς

2108 2907 2402 2980 διορατικώ
2438 2905 2539 2975 τῆς
2584 2903 2863 2974 ἀληθείας,
2916 2904 3010 2956 καὶ
3034 2903 3248 2974 μέτοχοι
3275 2902 3374 2972 τῆς
3416 2900 3698 2971 θεότητος,

2111 2998 2254 3055 κατά
2281 2997 2381 3069 τὴν
2410 2994 2617 3067 δωρεὰν
2648 2994 2742 3049 τοῦ
2791 2994 2946 3063 ἁγίου
2994 2992 3309 3065 Πνεῦματος
3361 2993 3420 3046 ὲν
3466 2991 3694 3063 Χριστῷ

438 3076 601 3130 melia
638 3075 823 3141 allicit,
869 3077 1141 3133 horninem
1176 3081 1509 3137 contumelia
1557 3082 1742 3152 allicit,
1783 3105 1891 3144 non
1943 3090 1998 3146 ad

2126 3092 2303 3164 Ἰησοῦ
2330 3091 2406 3162 τῷ
2434 3090 2625 3161 Κυρίῳ
2651 3089 2829 3160 ἡμῶν,
2877 3080 2923 3155 ᾧ
2951 3088 2984 3158 ἡ
3015 3086 3144 3153 δόξα
3173 3086 3270 3140 καὶ
3290 3084 3351 3139 τδ
3380 3083 3579 3156 κράτος
3618 3084 3700 3147 εἰς

439 3165 579 3222 duos
630 3167 897 3238 quosdam
944 3168 1110 3224 refert
1148 3166 1563 3237 contumeliam,
1598 3178 1692 3231 sed
1739 3179 1808 3235 ad
1842 3198 2006 3237 unam

2115 3185 2242 3248 τοὺς
2267 3182 2467 3245 αἰῶνας
2490 3181 2598 3235 τῶν
2626 3179 2858 3235 αἰώνων.
2902 3180 3097 3251 Ἀμήν.

444 3276 731 3331 personam
770 3278 890 3332 quae
948 3263 1181 3321 diversis
1238 3269 1660 3338 pr0prietatibus
1715 3281 2065 3347 cognoscitur
2108 3280 2305 3337 relatio
2359 3279 2458 3333 ﬁt:
2506 3278 2581 3331 ita
2639 3275 2838 3332 Petrus
2879 3291 3126 3347 quoque,
3177 3288 3302 3329 cum
3354 3281 3408 3328 et
3467 3271 3703 3343 Spiritui

444 3362 636 3410 sancto
690 3362 745 3411 et
814 3355 924 3412 Deo
976 3357 1203 3414 dixisset
1246 3360 1511 3417 Ananiam
1562 3379 1685 3425 esse
1734 3373 2042 3439 mentitum,
2082 3389 2197 3430 rem
2230 3374 2477 3428 eamdem
2518 3385 2614 3440 per
2649 3369 2758 3424 duo
2794 3369 3059 3425 vocabula
3108 3367 3197 3437 pie
3268 3364 3707 3435 intelligentibus

445 3450 804 3511 demonstrat.
865 3450 1063 3507 Verum
1115 3454 1415 3511 cﬂiciamltr
1479 3460 1643 3514 etiam
1699 3478 1800 3519 nos
1866 3467 2012 3523 dono
2074 3469 2311 3540 Spiritus
2365 3465 2537 3521 sancti
2591 3464 2934 3535 perspicaces
2979 3460 3227 3517 veritatis
3278 3458 3708 3528 investigatores

448 3551 499 3594 et
554 3539 848 3610 participes
884 3539 1139 3603 deitatis.
1212 3559 1309 3614 per
1355 3545 1634 3602 Christum
1703 3551 1889 3610 Jcsum
1941 3539 2226 3614 Dominum
2265 3566 2542 3622 nostrum,
2578 3554 2666 3609 cui
2715 3553 2886 3624 gloria
2936 3558 3099 3622 atque
3146 3548 3433 3621 imperium
3476 3547 3533 3601 in
3584 3560 3711 3602 sa:-

450 3631 571 3685 cula
601 3632 945 3685 sa'culorum.
983 3632 1175 3687 Anien.

527 3807 571 3838 “
613 3808 743 3865 Cen.
778 3824 860 3875 In,
898 3810 950 3865 5.
1028 3811 1073 3845 ³³
1105 3814 1226 3869 Act.
1251 3829 1305 3880 ν,
1331 3815 1390 3871 ὅ.

1786 4268 2343 4297 μένα-αωευ--η
