  <div class='ocr_page' id='page_1' title='image "/cluster/home/n/w/nwhite01/storage/ocr_20150623/46/hvd.32044054112198/304.png"; bbox 0 0 3930 6210; ppageno 0'>
   <div class='ocr_carea' id='block_1_1' title="bbox 263 197 2321 265">
    <p class='ocr_par' dir='ltr' id='par_1_1' title="bbox 263 197 2321 265">
     <span class='ocr_line' id='line_1_1' title="bbox 263 197 2321 265; baseline -0.003 -3"><span class='ocrx_word' id='word_1_1' title='bbox 263 208 356 265; x_wconf 76' lang='lat'><strong>5&#39;77</strong></span> <span class='ocrx_word' id='word_1_2' title='bbox 1477 200 1542 256; x_wconf 78' lang='lat' dir='ltr'><strong>IN</strong></span> <span class='ocrx_word' id='word_1_3' title='bbox 1582 198 1985 258; x_wconf 71' lang='lat' dir='ltr'><strong>BAPTISMUM</strong></span> <span class='ocrx_word' id='word_1_4' title='bbox 2020 197 2321 256; x_wconf 80' lang='lat' dir='ltr'><strong>CHRISTI.</strong></span> 
     </span>
    </p>
   </div>
   <div class='ocr_carea' id='block_1_2' title="bbox 305 330 3531 369">
    <p class='ocr_par' dir='ltr' id='par_1_2' title="bbox 305 330 3531 369">
     <span class='ocr_line' id='line_1_2' title="bbox 305 330 3531 369; baseline -0 -3"><span class='ocrx_word' id='word_1_5' title='bbox 305 330 3531 369; x_wconf 52' lang='lat' dir='ltr'><strong>mw</strong></span> 
     </span>
    </p>
   </div>
   <div class='ocr_carea' id='block_1_3' title="bbox 1543 410 2809 585">
    <p class='ocr_par' dir='ltr' id='par_1_3' title="bbox 1543 464 2809 585">
     <span class='ocr_line' id='line_1_3' title="bbox 1543 464 2809 585; baseline 0.007 -9"><span class='ocrx_word' id='word_1_6' title='bbox 1543 492 1770 578; x_wconf 80' lang='grc' dir='ltr'><strong>ΤΟΥ</strong></span> <span class='ocrx_word' id='word_1_7' title='bbox 1851 464 2233 578; x_wconf 71' lang='grc' dir='ltr'>ΑΥΤΟΥ</span> <span class='ocrx_word' id='word_1_8' title='bbox 2795 571 2809 585; x_wconf 92' lang='grc'><strong>.</strong></span> 
     </span>
    </p>
   </div>
   <div class='ocr_carea' id='block_1_4' title="bbox 1430 701 3069 858">
    <p class='ocr_par' dir='ltr' id='par_1_4' title="bbox 1430 701 3069 858">
     <span class='ocr_line' id='line_1_4' title="bbox 1430 701 3069 858; baseline 0.007 -42"><span class='ocrx_word' id='word_1_9' title='bbox 1430 701 2072 821; x_wconf 84' lang='grc' dir='ltr'><strong>ΗΜΕΡΑΝ</strong></span> <span class='ocrx_word' id='word_1_10' title='bbox 2157 706 2460 822; x_wconf 76' lang='grc' dir='ltr'><strong>ΤΩΝ</strong></span> <span class='ocrx_word' id='word_1_11' title='bbox 2527 710 3069 858; x_wconf 75' lang='grc' dir='ltr'><strong>ΦΩΤΩΝ,</strong></span> 
     </span>
    </p>
   </div>
   <div class='ocr_carea' id='block_1_5' title="bbox 1418 910 2369 991">
    <p class='ocr_par' dir='ltr' id='par_1_5' title="bbox 1418 910 2369 991">
     <span class='ocr_line' id='line_1_5' title="bbox 1418 910 2369 991; baseline 0.005 -21"><span class='ocrx_word' id='word_1_12' title='bbox 1418 918 1509 971; x_wconf 85' lang='grc' dir='ltr'><strong>Ἐν</strong></span> <span class='ocrx_word' id='word_1_13' title='bbox 1542 910 1896 990; x_wconf 74' lang='grc' dir='ltr'>ᾕὲὸαπτίσθη</span> <span class='ocrx_word' id='word_1_14' title='bbox 1921 919 1949 973; x_wconf 85' lang='grc' dir='ltr'>ὁ</span> <span class='ocrx_word' id='word_1_15' title='bbox 1967 917 2169 991; x_wconf 79' lang='grc' dir='ltr'>Κύριος</span> <span class='ocrx_word' id='word_1_16' title='bbox 2201 919 2369 991; x_wconf 78' lang='grc' dir='ltr'>ἡμῶν.</span> 
     </span>
    </p>
   </div>
   <div class='ocr_carea' id='block_1_6' title="bbox 681 704 1334 819">
    <p class='ocr_par' dir='ltr' id='par_1_6' title="bbox 681 704 1334 819">
     <span class='ocr_line' id='line_1_6' title="bbox 681 704 1334 819; baseline 0.002 -1"><span class='ocrx_word' id='word_1_17' title='bbox 681 706 926 819; x_wconf 87' lang='grc' dir='ltr'><strong>ΕΙΣ</strong></span> <span class='ocrx_word' id='word_1_18' title='bbox 1016 704 1334 819; x_wconf 89' lang='grc' dir='ltr'><strong>ΤΗΝ</strong></span> 
     </span>
    </p>
   </div>
   <div class='ocr_carea' id='block_1_7' title="bbox 1286 1243 2166 1364">
    <p class='ocr_par' dir='ltr' id='par_1_7' title="bbox 1286 1243 2166 1364">
     <span class='ocr_line' id='line_1_7' title="bbox 1286 1243 2166 1364; baseline 0.001 -34"><span class='ocrx_word' id='word_1_19' title='bbox 1286 1360 1290 1364; x_wconf 8' lang='grc' dir='ltr'><strong>Α</strong></span> <span class='ocrx_word' id='word_1_20' title='bbox 1629 1243 2166 1334; x_wconf 87' lang='lat' dir='ltr'><strong>EJUSDEM</strong></span> 
     </span>
    </p>
   </div>
   <div class='ocr_carea' id='block_1_8' title="bbox 1140 1458 2669 1576">
    <p class='ocr_par' dir='ltr' id='par_1_8' title="bbox 1140 1458 2669 1576">
     <span class='ocr_line' id='line_1_8' title="bbox 1140 1458 2669 1576; baseline 0.001 -3"><span class='ocrx_word' id='word_1_21' title='bbox 1140 1460 1305 1573; x_wconf 84' lang='grc' dir='ltr'><strong>ΙΝ</strong></span> <span class='ocrx_word' id='word_1_22' title='bbox 1412 1458 1824 1572; x_wconf 84' lang='grc' dir='ltr'><strong>ΒΙΕΜ</strong></span> <span class='ocrx_word' id='word_1_23' title='bbox 1909 1458 2669 1576; x_wconf 89' lang='lat' dir='ltr'><strong>LUMINUM</strong></span> 
     </span>
    </p>
   </div>
   <div class='ocr_carea' id='block_1_9' title="bbox 1302 1680 2492 1753">
    <p class='ocr_par' dir='ltr' id='par_1_9' title="bbox 1302 1680 2492 1753">
     <span class='ocr_line' id='line_1_9' title="bbox 1302 1680 2492 1753; baseline 0.003 -17"><span class='ocrx_word' id='word_1_24' title='bbox 1302 1681 1361 1736; x_wconf 86' lang='lat' dir='ltr'><strong>In</strong></span> <span class='ocrx_word' id='word_1_25' title='bbox 1395 1696 1507 1753; x_wconf 86' lang='lat' dir='ltr'><strong>quo</strong></span> <span class='ocrx_word' id='word_1_26' title='bbox 1546 1680 1856 1753; x_wconf 75' lang='lat' dir='ltr'><strong>baptizatus</strong></span> <span class='ocrx_word' id='word_1_27' title='bbox 1878 1691 1963 1738; x_wconf 92' lang='lat' dir='ltr'><strong>est</strong></span> <span class='ocrx_word' id='word_1_28' title='bbox 1997 1681 2258 1739; x_wconf 83' lang='lat' dir='ltr'><strong>Dominus</strong></span> <span class='ocrx_word' id='word_1_29' title='bbox 2283 1690 2492 1741; x_wconf 88' lang='lat' dir='ltr'><strong>noster.</strong></span> 
     </span>
    </p>
   </div>
   <div class='ocr_carea' id='block_1_10' title="bbox 1559 1831 2232 1899">
    <p class='ocr_par' dir='ltr' id='par_1_10' title="bbox 1559 1831 2232 1899">
     <span class='ocr_line' id='line_1_10' title="bbox 1559 1831 2232 1899; baseline 0 -15"><span class='ocrx_word' id='word_1_30' title='bbox 1559 1831 1811 1887; x_wconf 80' lang='lat' dir='ltr'><strong>Laurentio</strong></span> <span class='ocrx_word' id='word_1_31' title='bbox 1832 1833 2005 1899; x_wconf 73' lang='lat' dir='ltr'><strong>Sirmio</strong></span> <span class='ocrx_word' id='word_1_32' title='bbox 2035 1832 2232 1899; x_wconf 76' lang='lat' dir='ltr'><strong>interpr.</strong></span> 
     </span>
    </p>
   </div>
   <div class='ocr_carea' id='block_1_11' title="bbox 1858 2010 1931 2024">
    <p class='ocr_par' dir='ltr' id='par_1_11' title="bbox 1858 2010 1931 2024">
     <span class='ocr_line' id='line_1_11' title="bbox 1858 2010 1931 2024; baseline 0 -2"><span class='ocrx_word' id='word_1_33' title='bbox 1858 2010 1931 2024; x_wconf 43' lang='grc' dir='ltr'><strong>ψ</strong></span> 
     </span>
    </p>
   </div>
   <div class='ocr_carea' id='block_1_12' title="bbox 324 2142 1927 2231">
    <p class='ocr_par' dir='ltr' id='par_1_12' title="bbox 324 2142 1921 2231">
     <span class='ocr_line' id='line_1_12' title="bbox 324 2142 1921 2231; baseline -0.004 -16"><span class='ocrx_word' id='word_1_34' title='bbox 324 2159 443 2215; x_wconf 80' lang='grc' dir='ltr'><strong>Νῦν</strong></span> <span class='ocrx_word' id='word_1_35' title='bbox 493 2159 747 2231; x_wconf 78' lang='grc' dir='ltr'>γνωρίζω</span> <span class='ocrx_word' id='word_1_36' title='bbox 776 2157 874 2230; x_wconf 84' lang='grc' dir='ltr'><strong>τὴν</strong></span> <span class='ocrx_word' id='word_1_37' title='bbox 930 2155 1069 2229; x_wconf 78' lang='grc' dir='ltr'>ἐμὴν</span> <span class='ocrx_word' id='word_1_38' title='bbox 1095 2155 1321 2226; x_wconf 81' lang='grc' dir='ltr'><strong>ἀγέλην,</strong></span> <span class='ocrx_word' id='word_1_39' title='bbox 1368 2157 1610 2228; x_wconf 76' lang='grc' dir='ltr'><strong>σήμερον</strong></span> <span class='ocrx_word' id='word_1_40' title='bbox 1662 2155 1846 2227; x_wconf 82' lang='grc' dir='ltr'><strong>βλέπω</strong></span> <span class='ocrx_word' id='word_1_41' title='bbox 1874 2142 1921 2198; x_wconf 78' lang='grc' dir='ltr'>Α</span> 
     </span>
    </p>
   </div>
   <div class='ocr_carea' id='block_1_13' title="bbox 1946 2142 3540 2231">
    <p class='ocr_par' dir='ltr' id='par_1_13' title="bbox 2025 2153 3540 2229">
     <span class='ocr_line' id='line_1_13' title="bbox 2025 2153 3540 2229; baseline 0.011 -21"><span class='ocrx_word' id='word_1_42' title='bbox 2025 2153 2182 2209; x_wconf 84' lang='lat' dir='ltr'><strong>Nunc</strong></span> <span class='ocrx_word' id='word_1_43' title='bbox 2217 2169 2461 2225; x_wconf 86' lang='lat' dir='ltr'><strong>agnoseo</strong></span> <span class='ocrx_word' id='word_1_44' title='bbox 2483 2171 2662 2211; x_wconf 80' lang='lat' dir='ltr'><strong>meum</strong></span> <span class='ocrx_word' id='word_1_45' title='bbox 2697 2172 2947 2229; x_wconf 86' lang='lat' dir='ltr'><strong>gregem;</strong></span> <span class='ocrx_word' id='word_1_46' title='bbox 2999 2160 3163 2218; x_wconf 82' lang='lat' dir='ltr'><strong>hodie</strong></span> <span class='ocrx_word' id='word_1_47' title='bbox 3200 2164 3372 2220; x_wconf 51' lang='lat' dir='ltr'><strong>’video</strong></span> <span class='ocrx_word' id='word_1_48' title='bbox 3429 2167 3540 2224; x_wconf 84' lang='lat' dir='ltr'><strong>for-</strong></span> 
     </span>
    </p>
   </div>
   <div class='ocr_carea' id='block_1_14' title="bbox 250 2246 1927 2325">
    <p class='ocr_par' dir='ltr' id='par_1_14' title="bbox 250 2248 1853 2325">
     <span class='ocr_line' id='line_1_14' title="bbox 250 2248 1853 2325; baseline -0.002 -19"><span class='ocrx_word' id='word_1_49' title='bbox 250 2255 446 2325; x_wconf 76' lang='grc' dir='ltr'>σχῆμα</span> <span class='ocrx_word' id='word_1_50' title='bbox 496 2252 596 2318; x_wconf 73' lang='grc' dir='ltr'>τῆς</span> <span class='ocrx_word' id='word_1_51' title='bbox 639 2249 964 2321; x_wconf 84' lang='grc' dir='ltr'>Ἐκκλησίας</span> <span class='ocrx_word' id='word_1_52' title='bbox 1020 2249 1082 2302; x_wconf 81' lang='grc' dir='ltr'><strong>τὸ</strong></span> <span class='ocrx_word' id='word_1_53' title='bbox 1106 2248 1372 2319; x_wconf 82' lang='grc' dir='ltr'>σύνηθες,</span> <span class='ocrx_word' id='word_1_54' title='bbox 1408 2249 1572 2320; x_wconf 80' lang='grc' dir='ltr'>ἡνίκα</span> <span class='ocrx_word' id='word_1_55' title='bbox 1610 2250 1704 2303; x_wconf 75' lang='grc' dir='ltr'><strong>καὶ</strong></span> <span class='ocrx_word' id='word_1_56' title='bbox 1744 2248 1853 2302; x_wconf 84' lang='grc' dir='ltr'>τῶν</span> 
     </span>
    </p>
   </div>
   <div class='ocr_carea' id='block_1_15' title="bbox 1946 2246 3534 2325">
    <p class='ocr_par' dir='ltr' id='par_1_15' title="bbox 1954 2246 3534 2320">
     <span class='ocr_line' id='line_1_15' title="bbox 1954 2246 3534 2320; baseline 0.008 -19"><span class='ocrx_word' id='word_1_57' title='bbox 1954 2262 2100 2301; x_wconf 90' lang='lat' dir='ltr'><strong>mam</strong></span> <span class='ocrx_word' id='word_1_58' title='bbox 2137 2246 2393 2302; x_wconf 73' lang='lat' dir='ltr'><strong>Ecclesiae</strong></span> <span class='ocrx_word' id='word_1_59' title='bbox 2424 2256 2769 2314; x_wconf 76' lang='lat' dir='ltr'><strong>consuetam,</strong></span> <span class='ocrx_word' id='word_1_60' title='bbox 2801 2253 3021 2320; x_wconf 77' lang='lat' dir='ltr'><strong>quando</strong></span> <span class='ocrx_word' id='word_1_61' title='bbox 3041 2254 3204 2308; x_wconf 89' lang='lat' dir='ltr'><strong>etiam</strong></span> <span class='ocrx_word' id='word_1_62' title='bbox 3232 2260 3534 2313; x_wconf 74' lang='lat' dir='ltr'><strong>carnalium</strong></span> 
     </span>
    </p>
   </div>
   <div class='ocr_carea' id='block_1_16' title="bbox 249 2339 1927 2418">
    <p class='ocr_par' dir='ltr' id='par_1_16' title="bbox 249 2341 1854 2418">
     <span class='ocr_line' id='line_1_16' title="bbox 249 2341 1854 2418; baseline -0.004 -18"><span class='ocrx_word' id='word_1_63' title='bbox 249 2346 538 2418; x_wconf 77' lang='grc' dir='ltr'><strong>σαρκικῶν</strong></span> <span class='ocrx_word' id='word_1_64' title='bbox 573 2343 870 2415; x_wconf 77' lang='grc' dir='ltr'>φροντίδων</span> <span class='ocrx_word' id='word_1_65' title='bbox 895 2341 993 2413; x_wconf 82' lang='grc' dir='ltr'><strong>τὴν</strong></span> <span class='ocrx_word' id='word_1_66' title='bbox 1023 2341 1278 2412; x_wconf 80' lang='grc' dir='ltr'><strong>ἀσχολίαν</strong></span> <span class='ocrx_word' id='word_1_67' title='bbox 1338 2342 1672 2412; x_wconf 79' lang='grc' dir='ltr'><strong>μισήσαντες</strong></span> <span class='ocrx_word' id='word_1_68' title='bbox 1696 2380 1712 2405; x_wconf 87' lang='grc'><em>,</em></span> <span class='ocrx_word' id='word_1_69' title='bbox 1734 2342 1854 2395; x_wconf 83' lang='grc' dir='ltr'>ἁκε-</span> 
     </span>
    </p>
   </div>
   <div class='ocr_carea' id='block_1_17' title="bbox 1946 2339 3535 2418">
    <p class='ocr_par' dir='ltr' id='par_1_17' title="bbox 1954 2339 3535 2414">
     <span class='ocr_line' id='line_1_17' title="bbox 1954 2339 3535 2414; baseline 0.008 -22"><span class='ocrx_word' id='word_1_70' title='bbox 1954 2352 2213 2392; x_wconf 87' lang='lat' dir='ltr'><strong>curarum</strong></span> <span class='ocrx_word' id='word_1_71' title='bbox 2258 2339 2574 2408; x_wconf 81' lang='lat' dir='ltr'><strong>posthabito</strong></span> <span class='ocrx_word' id='word_1_72' title='bbox 2603 2342 2843 2411; x_wconf 86' lang='lat' dir='ltr'><strong>negotio,</strong></span> <span class='ocrx_word' id='word_1_73' title='bbox 2876 2341 3026 2409; x_wconf 89' lang='lat' dir='ltr'><strong>justa</strong></span> <span class='ocrx_word' id='word_1_74' title='bbox 3082 2345 3421 2414; x_wconf 83' lang='lat' dir='ltr'><strong>plenitudine</strong></span> <span class='ocrx_word' id='word_1_75' title='bbox 3468 2350 3535 2404; x_wconf 88' lang='lat' dir='ltr'><strong>ad</strong></span> 
     </span>
    </p>
   </div>
   <div class='ocr_carea' id='block_1_18' title="bbox 248 2428 1927 2513">
    <p class='ocr_par' dir='ltr' id='par_1_18' title="bbox 248 2431 1846 2509">
     <span class='ocr_line' id='line_1_18' title="bbox 248 2431 1846 2509; baseline -0.003 -19"><span class='ocrx_word' id='word_1_76' title='bbox 248 2439 394 2509; x_wconf 84' lang='grc' dir='ltr'>ρσίῳ</span> <span class='ocrx_word' id='word_1_77' title='bbox 422 2435 503 2506; x_wconf 84' lang='grc' dir='ltr'>τῷ</span> <span class='ocrx_word' id='word_1_78' title='bbox 548 2433 878 2505; x_wconf 80' lang='grc' dir='ltr'><strong>πληρώματι</strong></span> <span class='ocrx_word' id='word_1_79' title='bbox 918 2433 1056 2504; x_wconf 84' lang='grc' dir='ltr'>πρὸς</span> <span class='ocrx_word' id='word_1_80' title='bbox 1100 2433 1200 2504; x_wconf 82' lang='grc' dir='ltr'>τὴν</span> <span class='ocrx_word' id='word_1_81' title='bbox 1238 2432 1537 2505; x_wconf 87' lang='grc' dir='ltr'>θεραπείαν</span> <span class='ocrx_word' id='word_1_82' title='bbox 1571 2431 1667 2486; x_wconf 82' lang='grc' dir='ltr'>τοῦ</span> <span class='ocrx_word' id='word_1_83' title='bbox 1709 2433 1846 2485; x_wconf 84' lang='grc' dir='ltr'><strong>Θεοῦ</strong></span> 
     </span>
    </p>
   </div>
   <div class='ocr_carea' id='block_1_19' title="bbox 1946 2428 3537 2513">
    <p class='ocr_par' dir='ltr' id='par_1_19' title="bbox 1951 2428 3537 2513">
     <span class='ocr_line' id='line_1_19' title="bbox 1951 2428 3537 2513; baseline 0.008 -29"><span class='ocrx_word' id='word_1_84' title='bbox 1951 2430 2159 2484; x_wconf 89' lang='lat' dir='ltr'><strong>cultum</strong></span> <span class='ocrx_word' id='word_1_85' title='bbox 2202 2428 2297 2484; x_wconf 88' lang='lat' dir='ltr'><strong>Dei</strong></span> <span class='ocrx_word' id='word_1_86' title='bbox 2320 2431 2705 2495; x_wconf 85' lang='lat' dir='ltr'><strong>concurristis,</strong></span> <span class='ocrx_word' id='word_1_87' title='bbox 2728 2440 2891 2503; x_wconf 87' lang='lat' dir='ltr'><strong>atque</strong></span> <span class='ocrx_word' id='word_1_88' title='bbox 2923 2434 3092 2490; x_wconf 81' lang='lat' dir='ltr'><strong>aedem</strong></span> <span class='ocrx_word' id='word_1_89' title='bbox 3118 2437 3336 2508; x_wconf 88' lang='lat' dir='ltr'><strong>quidem</strong></span> <span class='ocrx_word' id='word_1_90' title='bbox 3366 2457 3537 2513; x_wconf 87' lang='lat' dir='ltr'><strong>popu-</strong></span> 
     </span>
    </p>
   </div>
   <div class='ocr_carea' id='block_1_20' title="bbox 218 2512 1927 2602">
    <p class='ocr_par' dir='ltr' id='par_1_20' title="bbox 218 2512 1845 2600">
     <span class='ocr_line' id='line_1_20' title="bbox 218 2512 1845 2600; baseline -0.004 -16"><span class='ocrx_word' id='word_1_91' title='bbox 218 2512 631 2600; x_wconf 63' lang='grc' dir='ltr'><strong>⁸ουνιεδρςὶμειτε</strong></span> <span class='ocrx_word' id='word_1_92' title='bbox 656 2544 671 2558; x_wconf 87' lang='grc'><strong>·</strong></span> <span class='ocrx_word' id='word_1_93' title='bbox 704 2527 795 2581; x_wconf 70' lang='grc' dir='ltr'><strong>καὶ</strong></span> <span class='ocrx_word' id='word_1_94' title='bbox 829 2528 1154 2597; x_wconf 81' lang='grc' dir='ltr'>στενοχωρεῖ</span> <span class='ocrx_word' id='word_1_95' title='bbox 1186 2525 1289 2597; x_wconf 78' lang='grc' dir='ltr'><strong>μὲν</strong></span> <span class='ocrx_word' id='word_1_96' title='bbox 1327 2527 1355 2578; x_wconf 88' lang='grc' dir='ltr'>ὁ</span> <span class='ocrx_word' id='word_1_97' title='bbox 1382 2524 1508 2587; x_wconf 82' lang='grc' dir='ltr'>λαὸς</span> <span class='ocrx_word' id='word_1_98' title='bbox 1551 2524 1643 2579; x_wconf 83' lang='grc' dir='ltr'>τὸν</span> <span class='ocrx_word' id='word_1_99' title='bbox 1674 2518 1845 2587; x_wconf 82' lang='grc' dir='ltr'>οἷκον,</span> 
     </span>
    </p>
   </div>
   <div class='ocr_carea' id='block_1_21' title="bbox 1946 2512 3533 2602">
    <p class='ocr_par' dir='ltr' id='par_1_21' title="bbox 1952 2512 3533 2602">
     <span class='ocr_line' id='line_1_21' title="bbox 1952 2512 3533 2602; baseline 0.01 -28"><span class='ocrx_word' id='word_1_100' title='bbox 1952 2521 2041 2575; x_wconf 92' lang='lat' dir='ltr'><strong>lus</strong></span> <span class='ocrx_word' id='word_1_101' title='bbox 2079 2527 2373 2590; x_wconf 86' lang='lat' dir='ltr'><strong>angustam</strong></span> <span class='ocrx_word' id='word_1_102' title='bbox 2395 2521 2597 2587; x_wconf 82' lang='lat' dir='ltr'><strong>reddit,</strong></span> <span class='ocrx_word' id='word_1_103' title='bbox 2629 2522 2775 2577; x_wconf 85' lang='lat' dir='ltr'><strong>intra</strong></span> <span class='ocrx_word' id='word_1_104' title='bbox 2812 2539 2970 2579; x_wconf 86' lang='lat' dir='ltr'><strong>sacra</strong></span> <span class='ocrx_word' id='word_1_105' title='bbox 3025 2528 3185 2599; x_wconf 86' lang='lat' dir='ltr'><strong>adyta</strong></span> <span class='ocrx_word' id='word_1_106' title='bbox 3244 2512 3533 2602; x_wconf 85' lang='lat' dir='ltr'><strong>penetrans</strong></span> 
     </span>
    </p>
   </div>
   <div class='ocr_carea' id='block_1_22' title="bbox 249 2612 1927 2692">
    <p class='ocr_par' dir='ltr' id='par_1_22' title="bbox 249 2616 1851 2692">
     <span class='ocr_line' id='line_1_22' title="bbox 249 2616 1851 2692; baseline -0.002 -18"><span class='ocrx_word' id='word_1_107' title='bbox 249 2623 393 2676; x_wconf 75' lang='grc' dir='ltr'>εἶσω</span> <span class='ocrx_word' id='word_1_108' title='bbox 416 2620 529 2673; x_wconf 83' lang='grc' dir='ltr'>τῶν</span> <span class='ocrx_word' id='word_1_109' title='bbox 562 2618 726 2691; x_wconf 77' lang='grc' dir='ltr'>ἱερῶν</span> <span class='ocrx_word' id='word_1_110' title='bbox 752 2616 960 2671; x_wconf 78' lang='grc' dir='ltr'><strong>ἀδύτων</strong></span> <span class='ocrx_word' id='word_1_111' title='bbox 980 2617 1265 2688; x_wconf 83' lang='grc' dir='ltr'>γινόμενος</span> <span class='ocrx_word' id='word_1_112' title='bbox 1284 2632 1297 2645; x_wconf 91' lang='grc'><strong>·</strong></span> <span class='ocrx_word' id='word_1_113' title='bbox 1318 2616 1426 2688; x_wconf 88' lang='grc' dir='ltr'><strong>πλη</strong></span> <span class='ocrx_word' id='word_1_114' title='bbox 1437 2618 1520 2686; x_wconf 86' lang='grc' dir='ltr'>ροί</span> <span class='ocrx_word' id='word_1_115' title='bbox 1625 2617 1717 2670; x_wconf 84' lang='grc' dir='ltr'>τὸν</span> <span class='ocrx_word' id='word_1_116' title='bbox 1744 2617 1851 2684; x_wconf 76' lang='grc' dir='ltr'>ἔξω</span> 
     </span>
    </p>
   </div>
   <div class='ocr_carea' id='block_1_23' title="bbox 1946 2612 3536 2692">
    <p class='ocr_par' dir='ltr' id='par_1_23' title="bbox 1948 2612 3536 2691">
     <span class='ocr_line' id='line_1_23' title="bbox 1948 2612 3536 2691; baseline 0.008 -25"><span class='ocrx_word' id='word_1_117' title='bbox 1948 2620 2005 2666; x_wconf 90' lang='lat' dir='ltr'><strong>et</strong></span> <span class='ocrx_word' id='word_1_118' title='bbox 2034 2612 2352 2682; x_wconf 84' lang='lat' dir='ltr'><strong>irrumpens</strong></span> <span class='ocrx_word' id='word_1_119' title='bbox 2375 2628 2391 2666; x_wconf 91' lang='lat'><strong>:</strong></span> <span class='ocrx_word' id='word_1_120' title='bbox 2414 2619 2687 2683; x_wconf 88' lang='lat' dir='ltr'><strong>quotquot</strong></span> <span class='ocrx_word' id='word_1_121' title='bbox 2706 2621 2888 2670; x_wconf 89' lang='lat' dir='ltr'><strong>autem</strong></span> <span class='ocrx_word' id='word_1_122' title='bbox 2926 2617 2994 2671; x_wconf 89' lang='lat' dir='ltr'><strong>ab</strong></span> <span class='ocrx_word' id='word_1_123' title='bbox 3024 2619 3091 2674; x_wconf 90' lang='lat' dir='ltr'><strong>iis</strong></span> <span class='ocrx_word' id='word_1_124' title='bbox 3118 2621 3209 2691; x_wconf 90' lang='lat' dir='ltr'><strong>qui</strong></span> <span class='ocrx_word' id='word_1_125' title='bbox 3235 2623 3384 2678; x_wconf 90' lang='lat' dir='ltr'><strong>intus</strong></span> <span class='ocrx_word' id='word_1_126' title='bbox 3410 2631 3536 2679; x_wconf 86' lang='lat' dir='ltr'><strong>sunt</strong></span> 
     </span>
    </p>
   </div>
   <div class='ocr_carea' id='block_1_24' title="bbox 246 2708 1850 2785">
    <p class='ocr_par' dir='ltr' id='par_1_24' title="bbox 246 2708 1850 2785">
     <span class='ocr_line' id='line_1_24' title="bbox 246 2708 1850 2785; baseline -0.002 -19"><span class='ocrx_word' id='word_1_127' title='bbox 246 2713 435 2785; x_wconf 80' lang='grc' dir='ltr'>χῶρον</span> <span class='ocrx_word' id='word_1_128' title='bbox 482 2714 540 2765; x_wconf 79' lang='grc' dir='ltr'><strong>ἐν</strong></span> <span class='ocrx_word' id='word_1_129' title='bbox 575 2713 689 2774; x_wconf 81' lang='grc' dir='ltr'>τοίς</span> <span class='ocrx_word' id='word_1_130' title='bbox 722 2708 1247 2782; x_wconf 80' lang='grc' dir='ltr'>προτεμενίσμασιν,</span> <span class='ocrx_word' id='word_1_131' title='bbox 1306 2709 1431 2762; x_wconf 82' lang='grc' dir='ltr'>ὅσον</span> <span class='ocrx_word' id='word_1_132' title='bbox 1475 2709 1538 2763; x_wconf 83' lang='grc' dir='ltr'>οὺ</span> <span class='ocrx_word' id='word_1_133' title='bbox 1588 2711 1850 2782; x_wconf 83' lang='grc' dir='ltr'>χωρεῖται</span> 
     </span>
    </p>
   </div>
   <div class='ocr_carea' id='block_1_25' title="bbox 247 2798 1847 2876">
    <p class='ocr_par' dir='ltr' id='par_1_25' title="bbox 247 2798 1847 2876">
     <span class='ocr_line' id='line_1_25' title="bbox 247 2798 1847 2876; baseline -0.004 -17"><span class='ocrx_word' id='word_1_134' title='bbox 247 2804 409 2876; x_wconf 74' lang='grc' dir='ltr'>παρὰ</span> <span class='ocrx_word' id='word_1_135' title='bbox 436 2803 548 2856; x_wconf 86' lang='grc' dir='ltr'>τῶν</span> <span class='ocrx_word' id='word_1_136' title='bbox 579 2801 746 2863; x_wconf 73' lang='grc' dir='ltr'><strong>ἔνδον,</strong></span> <span class='ocrx_word' id='word_1_137' title='bbox 778 2799 922 2853; x_wconf 80' lang='grc' dir='ltr'>κατὰ</span> <span class='ocrx_word' id='word_1_138' title='bbox 950 2799 1052 2870; x_wconf 79' lang='grc' dir='ltr'>τὴν</span> <span class='ocrx_word' id='word_1_139' title='bbox 1090 2800 1274 2855; x_wconf 81' lang='grc' dir='ltr'><strong>εἰκόνα</strong></span> <span class='ocrx_word' id='word_1_140' title='bbox 1296 2798 1407 2853; x_wconf 84' lang='grc' dir='ltr'><strong>τῶν</strong></span> <span class='ocrx_word' id='word_1_141' title='bbox 1463 2799 1749 2871; x_wconf 81' lang='grc' dir='ltr'><strong>μελισσῶν.</strong></span> <span class='ocrx_word' id='word_1_142' title='bbox 1780 2801 1847 2853; x_wconf 82' lang='lat' dir='ltr'><strong>Al</strong></span> 
     </span>
    </p>
   </div>
   <div class='ocr_carea' id='block_1_26' title="bbox 249 2890 1846 2967">
    <p class='ocr_par' dir='ltr' id='par_1_26' title="bbox 249 2890 1846 2967">
     <span class='ocr_line' id='line_1_26' title="bbox 249 2890 1846 2967; baseline -0.003 -19"><span class='ocrx_word' id='word_1_143' title='bbox 249 2896 357 2967; x_wconf 82' lang='grc' dir='ltr'>μὲν</span> <span class='ocrx_word' id='word_1_144' title='bbox 382 2894 496 2966; x_wconf 70' lang='grc' dir='ltr'>γὰρ</span> <span class='ocrx_word' id='word_1_145' title='bbox 527 2893 675 2947; x_wconf 69' lang='grc' dir='ltr'>ἔνδον</span> <span class='ocrx_word' id='word_1_146' title='bbox 702 2890 1052 2964; x_wconf 72' lang='grc' dir='ltr'>ἐργάζονται,</span> <span class='ocrx_word' id='word_1_147' title='bbox 1072 2892 1129 2944; x_wconf 79' lang='grc' dir='ltr'><strong>αἱ</strong></span> <span class='ocrx_word' id='word_1_148' title='bbox 1150 2890 1208 2944; x_wconf 81' lang='grc' dir='ltr'><strong>δὲ</strong></span> <span class='ocrx_word' id='word_1_149' title='bbox 1228 2890 1427 2955; x_wconf 77' lang='grc' dir='ltr'>ἔξωθεν</span> <span class='ocrx_word' id='word_1_150' title='bbox 1452 2890 1846 2963; x_wconf 74' lang='grc' dir='ltr'>περιόομϐοὖσι</span> 
     </span>
    </p>
   </div>
   <div class='ocr_carea' id='block_1_27' title="bbox 245 2976 1846 3059">
    <p class='ocr_par' dir='ltr' id='par_1_27' title="bbox 245 2976 1846 3059">
     <span class='ocr_line' id='line_1_27' title="bbox 245 2976 1846 3059; baseline -0.003 -18"><span class='ocrx_word' id='word_1_151' title='bbox 245 2990 310 3042; x_wconf 67' lang='grc' dir='ltr'>τὸ</span> <span class='ocrx_word' id='word_1_152' title='bbox 338 2987 570 3059; x_wconf 82' lang='grc' dir='ltr'><strong>σμῆνος.</strong></span> <span class='ocrx_word' id='word_1_153' title='bbox 601 2984 789 3049; x_wconf 75' lang='grc' dir='ltr'>Οὕτως</span> <span class='ocrx_word' id='word_1_154' title='bbox 816 2979 910 3039; x_wconf 77' lang='grc' dir='ltr'><strong>οὖν</strong></span> <span class='ocrx_word' id='word_1_155' title='bbox 940 2985 1167 3046; x_wconf 80' lang='grc' dir='ltr'><strong>ποιεῖτε,</strong></span> <span class='ocrx_word' id='word_1_156' title='bbox 1192 2976 1238 3037; x_wconf 78' lang='grc' dir='ltr'><strong>ὦ</strong></span> <span class='ocrx_word' id='word_1_157' title='bbox 1267 2983 1483 3047; x_wconf 80' lang='grc' dir='ltr'>παῖδες,</span> <span class='ocrx_word' id='word_1_158' title='bbox 1515 2985 1610 3038; x_wconf 73' lang='grc' dir='ltr'><strong>καὶ</strong></span> <span class='ocrx_word' id='word_1_159' title='bbox 1639 2985 1846 3055; x_wconf 79' lang='grc' dir='ltr'>μήποτε</span> 
     </span>
    </p>
   </div>
   <div class='ocr_carea' id='block_1_28' title="bbox 248 3071 1846 3146">
    <p class='ocr_par' dir='ltr' id='par_1_28' title="bbox 248 3071 1846 3146">
     <span class='ocr_line' id='line_1_28' title="bbox 248 3071 1846 3146; baseline -0.002 -18"><span class='ocrx_word' id='word_1_160' title='bbox 248 3076 462 3146; x_wconf 83' lang='grc' dir='ltr'>ταύτην</span> <span class='ocrx_word' id='word_1_161' title='bbox 485 3075 586 3146; x_wconf 81' lang='grc' dir='ltr'>τὴν</span> <span class='ocrx_word' id='word_1_162' title='bbox 623 3073 861 3143; x_wconf 77' lang='grc' dir='ltr'>σπουδὴν</span> <span class='ocrx_word' id='word_1_163' title='bbox 888 3071 1214 3143; x_wconf 81' lang='grc' dir='ltr'>ἁπολίπητε.</span> <span class='ocrx_word' id='word_1_164' title='bbox 1258 3071 1440 3137; x_wconf 68' lang='lat' dir='ltr'><strong>meo;</strong></span> <span class='ocrx_word' id='word_1_165' title='bbox 1464 3072 1573 3143; x_wconf 83' lang='grc' dir='ltr'>γὰρ</span> <span class='ocrx_word' id='word_1_166' title='bbox 1601 3073 1846 3143; x_wconf 81' lang='grc' dir='ltr'>ὁμολογῶ</span> 
     </span>
    </p>
   </div>
   <div class='ocr_carea' id='block_1_29' title="bbox 252 3162 1845 3239">
    <p class='ocr_par' dir='ltr' id='par_1_29' title="bbox 252 3162 1845 3239">
     <span class='ocr_line' id='line_1_29' title="bbox 252 3162 1845 3239; baseline 0.003 -20"><span class='ocrx_word' id='word_1_167' title='bbox 252 3171 484 3239; x_wconf 67' lang='grc' dir='ltr'>πάσχων</span> <span class='ocrx_word' id='word_1_168' title='bbox 521 3165 901 3236; x_wconf 72' lang='grc' dir='ltr'>ποιμαντικδν,</span> <span class='ocrx_word' id='word_1_169' title='bbox 949 3165 1045 3217; x_wconf 74' lang='grc' dir='ltr'>καὶ</span> <span class='ocrx_word' id='word_1_170' title='bbox 1078 3162 1344 3234; x_wconf 79' lang='grc' dir='ltr'>βούλομαι</span> <span class='ocrx_word' id='word_1_171' title='bbox 1374 3163 1466 3216; x_wconf 73' lang='grc' dir='ltr'><strong>ἐπὶ</strong></span> <span class='ocrx_word' id='word_1_172' title='bbox 1490 3163 1592 3233; x_wconf 81' lang='grc' dir='ltr'>τῆς</span> <span class='ocrx_word' id='word_1_173' title='bbox 1634 3162 1845 3234; x_wconf 72' lang='grc' dir='ltr'>ὑψηλῆς</span> 
     </span>
    </p>
   </div>
   <div class='ocr_carea' id='block_1_30' title="bbox 253 3251 1846 3328">
    <p class='ocr_par' dir='ltr' id='par_1_30' title="bbox 253 3251 1846 3328">
     <span class='ocr_line' id='line_1_30' title="bbox 253 3251 1846 3328; baseline -0.004 -17"><span class='ocrx_word' id='word_1_174' title='bbox 253 3257 461 3328; x_wconf 75' lang='grc' dir='ltr'>ταύτης</span> <span class='ocrx_word' id='word_1_175' title='bbox 490 3254 798 3325; x_wconf 68' lang='grc' dir='ltr'>καθήμενος</span> <span class='ocrx_word' id='word_1_176' title='bbox 826 3253 1059 3316; x_wconf 81' lang='grc' dir='ltr'>σκοπιᾶς</span> <span class='ocrx_word' id='word_1_177' title='bbox 1081 3292 1096 3314; x_wconf 91' lang='grc'><em>,</em></span> <span class='ocrx_word' id='word_1_178' title='bbox 1125 3251 1311 3322; x_wconf 79' lang='grc' dir='ltr'>κύκλῳ</span> <span class='ocrx_word' id='word_1_179' title='bbox 1336 3252 1465 3323; x_wconf 78' lang='grc' dir='ltr'>περὶ</span> <span class='ocrx_word' id='word_1_180' title='bbox 1488 3253 1615 3315; x_wconf 85' lang='grc' dir='ltr'>τοὺς</span> <span class='ocrx_word' id='word_1_181' title='bbox 1638 3252 1846 3323; x_wconf 77' lang='grc' dir='ltr'>πρόπο-</span> 
     </span>
    </p>
   </div>
   <div class='ocr_carea' id='block_1_31' title="bbox 1949 2703 3541 2775">
    <p class='ocr_par' dir='ltr' id='par_1_31' title="bbox 1949 2703 3541 2775">
     <span class='ocr_line' id='line_1_31' title="bbox 1949 2703 3541 2775; baseline 0.008 -17"><span class='ocrx_word' id='word_1_182' title='bbox 1949 2718 2060 2762; x_wconf 89' lang='lat' dir='ltr'><strong>non</strong></span> <span class='ocrx_word' id='word_1_183' title='bbox 2089 2703 2475 2771; x_wconf 73' lang='lat' dir='ltr'><strong>admittuntur,</strong></span> <span class='ocrx_word' id='word_1_184' title='bbox 2529 2720 2692 2775; x_wconf 87' lang='lat' dir='ltr'><strong>apum</strong></span> <span class='ocrx_word' id='word_1_185' title='bbox 2750 2707 2807 2761; x_wconf 85' lang='lat' dir='ltr'><strong>in</strong></span> <span class='ocrx_word' id='word_1_186' title='bbox 2864 2707 3084 2763; x_wconf 89' lang='lat' dir='ltr'><strong>modum</strong></span> <span class='ocrx_word' id='word_1_187' title='bbox 3121 2710 3300 2767; x_wconf 89' lang='lat' dir='ltr'><strong>locum</strong></span> <span class='ocrx_word' id='word_1_188' title='bbox 3357 2724 3541 2771; x_wconf 82' lang='lat' dir='ltr'><strong>exter-</strong></span> 
     </span>
    </p>
   </div>
   <div class='ocr_carea' id='block_1_32' title="bbox 1949 2794 3532 2878">
    <p class='ocr_par' dir='ltr' id='par_1_32' title="bbox 1949 2794 3532 2878">
     <span class='ocr_line' id='line_1_32' title="bbox 1949 2794 3532 2878; baseline 0.008 -29"><span class='ocrx_word' id='word_1_189' title='bbox 1949 2809 2081 2849; x_wconf 93' lang='lat' dir='ltr'><strong>num</strong></span> <span class='ocrx_word' id='word_1_190' title='bbox 2109 2794 2167 2849; x_wconf 92' lang='lat' dir='ltr'><strong>in</strong></span> <span class='ocrx_word' id='word_1_191' title='bbox 2197 2795 2487 2852; x_wconf 82' lang='lat' dir='ltr'><strong>vestibulis</strong></span> <span class='ocrx_word' id='word_1_192' title='bbox 2532 2796 2780 2867; x_wconf 88' lang='lat' dir='ltr'><strong>implent.</strong></span> <span class='ocrx_word' id='word_1_193' title='bbox 2842 2798 2974 2853; x_wconf 79' lang='lat' dir='ltr'><strong>Nam</strong></span> <span class='ocrx_word' id='word_1_194' title='bbox 3024 2816 3188 2871; x_wconf 89' lang='lat' dir='ltr'><strong>apum</strong></span> <span class='ocrx_word' id='word_1_195' title='bbox 3246 2805 3365 2860; x_wconf 59' lang='lat' dir='ltr'><strong>alia:</strong></span> <span class='ocrx_word' id='word_1_196' title='bbox 3416 2807 3532 2878; x_wconf 91' lang='lat' dir='ltr'><strong>qui-</strong></span> 
     </span>
    </p>
   </div>
   <div class='ocr_carea' id='block_1_33' title="bbox 1948 2885 3531 2960">
    <p class='ocr_par' dir='ltr' id='par_1_33' title="bbox 1948 2885 3531 2960">
     <span class='ocr_line' id='line_1_33' title="bbox 1948 2885 3531 2960; baseline 0.01 -20"><span class='ocrx_word' id='word_1_197' title='bbox 1948 2885 2073 2943; x_wconf 86' lang='lat' dir='ltr'><strong>dem</strong></span> <span class='ocrx_word' id='word_1_198' title='bbox 2130 2886 2281 2942; x_wconf 89' lang='lat' dir='ltr'><strong>intus</strong></span> <span class='ocrx_word' id='word_1_199' title='bbox 2339 2887 2395 2942; x_wconf 88' lang='lat' dir='ltr'><strong>in</strong></span> <span class='ocrx_word' id='word_1_200' title='bbox 2442 2901 2607 2958; x_wconf 88' lang='lat' dir='ltr'><strong>opere</strong></span> <span class='ocrx_word' id='word_1_201' title='bbox 2658 2901 2939 2960; x_wconf 74' lang='lat' dir='ltr'><strong>occupata:</strong></span> <span class='ocrx_word' id='word_1_202' title='bbox 2991 2903 3162 2951; x_wconf 90' lang='lat' dir='ltr'><strong>sunt:</strong></span> <span class='ocrx_word' id='word_1_203' title='bbox 3223 2897 3342 2953; x_wconf 76' lang='lat' dir='ltr'><strong>alia:</strong></span> <span class='ocrx_word' id='word_1_204' title='bbox 3406 2916 3531 2956; x_wconf 89' lang='lat' dir='ltr'><strong>vero</strong></span> 
     </span>
    </p>
   </div>
   <div class='ocr_carea' id='block_1_34' title="bbox 1951 2976 3531 3056">
    <p class='ocr_par' dir='ltr' id='par_1_34' title="bbox 1951 2976 3531 3056">
     <span class='ocr_line' id='line_1_34' title="bbox 1951 2976 3531 3056; baseline 0.011 -25"><span class='ocrx_word' id='word_1_205' title='bbox 1951 2976 2087 3035; x_wconf 81' lang='lat' dir='ltr'><strong>foris</strong></span> <span class='ocrx_word' id='word_1_206' title='bbox 2118 2978 2336 3035; x_wconf 84' lang='lat' dir='ltr'><strong>alveare</strong></span> <span class='ocrx_word' id='word_1_207' title='bbox 2363 2979 2848 3050; x_wconf 85' lang='lat' dir='ltr'><strong>circumstrepunt.</strong></span> <span class='ocrx_word' id='word_1_208' title='bbox 2893 2980 2985 3038; x_wconf 87' lang='lat' dir='ltr'><strong>Sic</strong></span> <span class='ocrx_word' id='word_1_209' title='bbox 3026 2984 3191 3056; x_wconf 79' lang='lat' dir='ltr'><strong>igitur</strong></span> <span class='ocrx_word' id='word_1_210' title='bbox 3240 2989 3425 3054; x_wconf 81' lang='lat' dir='ltr'><strong>facite,</strong></span> <span class='ocrx_word' id='word_1_211' title='bbox 3494 3008 3531 3048; x_wconf 91' lang='grc' dir='ltr'><strong>ο</strong></span> 
     </span>
    </p>
   </div>
   <div class='ocr_carea' id='block_1_35' title="bbox 1948 3069 3531 3141">
    <p class='ocr_par' dir='ltr' id='par_1_35' title="bbox 1948 3069 3531 3141">
     <span class='ocr_line' id='line_1_35' title="bbox 1948 3069 3531 3141; baseline 0.008 -17"><span class='ocrx_word' id='word_1_212' title='bbox 1948 3069 2066 3132; x_wconf 79' lang='lat' dir='ltr'><strong>lilii,</strong></span> <span class='ocrx_word' id='word_1_213' title='bbox 2128 3079 2185 3126; x_wconf 92' lang='lat' dir='ltr'><strong>et</strong></span> <span class='ocrx_word' id='word_1_214' title='bbox 2230 3086 2510 3141; x_wconf 84' lang='lat' dir='ltr'><strong>nunquam</strong></span> <span class='ocrx_word' id='word_1_215' title='bbox 2543 3072 2648 3126; x_wconf 86' lang='lat' dir='ltr'><strong>lmc</strong></span> <span class='ocrx_word' id='word_1_216' title='bbox 2684 3072 2925 3127; x_wconf 75' lang='lat' dir='ltr'><strong>studium</strong></span> <span class='ocrx_word' id='word_1_217' title='bbox 2976 3074 3265 3135; x_wconf 86' lang='lat' dir='ltr'><strong>deseratis.</strong></span> <span class='ocrx_word' id='word_1_218' title='bbox 3324 3080 3531 3137; x_wconf 80' lang='lat' dir='ltr'><strong>Aﬂ‘ectu</strong></span> 
     </span>
    </p>
   </div>
   <div class='ocr_carea' id='block_1_36' title="bbox 1943 3159 3529 3231">
    <p class='ocr_par' dir='ltr' id='par_1_36' title="bbox 1943 3159 3529 3231">
     <span class='ocr_line' id='line_1_36' title="bbox 1943 3159 3529 3231; baseline 0.006 -16"><span class='ocrx_word' id='word_1_219' title='bbox 1943 3161 2091 3215; x_wconf 89' lang='lat' dir='ltr'><strong>enim</strong></span> <span class='ocrx_word' id='word_1_220' title='bbox 2112 3176 2199 3216; x_wconf 91' lang='lat' dir='ltr'><strong>me</strong></span> <span class='ocrx_word' id='word_1_221' title='bbox 2215 3162 2477 3231; x_wconf 81' lang='lat' dir='ltr'><strong>pastorali</strong></span> <span class='ocrx_word' id='word_1_222' title='bbox 2511 3159 2648 3215; x_wconf 79' lang='lat' dir='ltr'><strong>allici</strong></span> <span class='ocrx_word' id='word_1_223' title='bbox 2680 3161 2883 3229; x_wconf 79' lang='lat' dir='ltr'><strong>fateor;</strong></span> <span class='ocrx_word' id='word_1_224' title='bbox 2911 3178 2975 3217; x_wconf 91' lang='lat' dir='ltr'><strong>ac</strong></span> <span class='ocrx_word' id='word_1_225' title='bbox 2999 3167 3120 3219; x_wconf 82' lang='lat' dir='ltr'><strong>volo</strong></span> <span class='ocrx_word' id='word_1_226' title='bbox 3150 3168 3205 3222; x_wconf 92' lang='lat' dir='ltr'><strong>in</strong></span> <span class='ocrx_word' id='word_1_227' title='bbox 3226 3168 3328 3224; x_wconf 88' lang='lat' dir='ltr'><strong>bac</strong></span> <span class='ocrx_word' id='word_1_228' title='bbox 3355 3172 3529 3224; x_wconf 78' lang='lat' dir='ltr'><strong>subli-</strong></span> 
     </span>
    </p>
   </div>
   <div class='ocr_carea' id='block_1_37' title="bbox 1945 3252 3530 3325">
    <p class='ocr_par' dir='ltr' id='par_1_37' title="bbox 1945 3252 3530 3325">
     <span class='ocr_line' id='line_1_37' title="bbox 1945 3252 3530 3325; baseline 0.008 -19"><span class='ocrx_word' id='word_1_229' title='bbox 1945 3252 2020 3306; x_wconf 91' lang='lat' dir='ltr'><strong>mi</strong></span> <span class='ocrx_word' id='word_1_230' title='bbox 2084 3253 2308 3323; x_wconf 87' lang='lat' dir='ltr'><strong>spccula</strong></span> <span class='ocrx_word' id='word_1_231' title='bbox 2380 3254 2578 3308; x_wconf 87' lang='lat' dir='ltr'><strong>sedens</strong></span> <span class='ocrx_word' id='word_1_232' title='bbox 2616 3253 2763 3308; x_wconf 88' lang='lat' dir='ltr'><strong>circa</strong></span> <span class='ocrx_word' id='word_1_233' title='bbox 2806 3255 3084 3325; x_wconf 84' lang='lat' dir='ltr'><strong>subjectos</strong></span> <span class='ocrx_word' id='word_1_234' title='bbox 3135 3261 3324 3313; x_wconf 80' lang='lat' dir='ltr'><strong>vertici</strong></span> <span class='ocrx_word' id='word_1_235' title='bbox 3367 3263 3530 3319; x_wconf 66' lang='lat' dir='ltr'><strong>colles</strong></span> 
     </span>
    </p>
   </div>
   <div class='ocr_carea' id='block_1_38' title="bbox 254 3339 1927 3416">
    <p class='ocr_par' dir='ltr' id='par_1_38' title="bbox 254 3339 1837 3415">
     <span class='ocr_line' id='line_1_38' title="bbox 254 3339 1837 3415; baseline 0.003 -24"><span class='ocrx_word' id='word_1_236' title='bbox 254 3347 349 3409; x_wconf 78' lang='grc' dir='ltr'>δας</span> <span class='ocrx_word' id='word_1_237' title='bbox 371 3346 476 3415; x_wconf 76' lang='grc' dir='ltr'><strong>τῆς</strong></span> <span class='ocrx_word' id='word_1_238' title='bbox 506 3342 754 3415; x_wconf 80' lang='grc' dir='ltr'>κορυφῆς</span> <span class='ocrx_word' id='word_1_239' title='bbox 797 3341 1017 3412; x_wconf 76' lang='grc' dir='ltr'><strong>βλέπειν</strong></span> <span class='ocrx_word' id='word_1_240' title='bbox 1052 3339 1415 3411; x_wconf 78' lang='grc' dir='ltr'>ἠθροισμένον</span> <span class='ocrx_word' id='word_1_241' title='bbox 1456 3340 1517 3393; x_wconf 84' lang='grc' dir='ltr'><strong>τὸ</strong></span> <span class='ocrx_word' id='word_1_242' title='bbox 1550 3341 1800 3411; x_wconf 86' lang='grc' dir='ltr'>ποίμνιον</span> <span class='ocrx_word' id='word_1_243' title='bbox 1824 3358 1837 3372; x_wconf 87' lang='grc'><strong>·</strong></span> 
     </span>
    </p>
   </div>
   <div class='ocr_carea' id='block_1_39' title="bbox 1946 3339 3529 3416">
    <p class='ocr_par' dir='ltr' id='par_1_39' title="bbox 1946 3343 3529 3416">
     <span class='ocr_line' id='line_1_39' title="bbox 1946 3343 3529 3416; baseline 0.006 -18"><span class='ocrx_word' id='word_1_244' title='bbox 1946 3343 2187 3414; x_wconf 90' lang='lat' dir='ltr'><strong>undique</strong></span> <span class='ocrx_word' id='word_1_245' title='bbox 2198 3354 2585 3415; x_wconf 82' lang='lat' dir='ltr'><strong>congregatum</strong></span> <span class='ocrx_word' id='word_1_246' title='bbox 2609 3359 2824 3416; x_wconf 79' lang='lat' dir='ltr'><strong>gregem</strong></span> <span class='ocrx_word' id='word_1_247' title='bbox 2843 3349 3091 3402; x_wconf 86' lang='lat' dir='ltr'><strong>contueri</strong></span> <span class='ocrx_word' id='word_1_248' title='bbox 3109 3366 3124 3415; x_wconf 90' lang='lat'><strong>;</strong></span> <span class='ocrx_word' id='word_1_249' title='bbox 3142 3358 3196 3405; x_wconf 91' lang='lat' dir='ltr'><strong>et</strong></span> <span class='ocrx_word' id='word_1_250' title='bbox 3213 3351 3301 3405; x_wconf 88' lang='lat' dir='ltr'><strong>ubi</strong></span> <span class='ocrx_word' id='word_1_251' title='bbox 3327 3352 3378 3405; x_wconf 88' lang='lat' dir='ltr'><strong>id</strong></span> <span class='ocrx_word' id='word_1_252' title='bbox 3402 3354 3529 3407; x_wconf 86' lang='lat' dir='ltr'><strong>mihi</strong></span> 
     </span>
    </p>
   </div>
   <div class='ocr_carea' id='block_1_40' title="bbox 257 3428 1927 3535">
    <p class='ocr_par' dir='ltr' id='par_1_40' title="bbox 257 3428 1918 3535">
     <span class='ocr_line' id='line_1_40' title="bbox 257 3428 1918 3535; baseline -0.002 -46"><span class='ocrx_word' id='word_1_253' title='bbox 257 3441 352 3491; x_wconf 74' lang='grc' dir='ltr'><strong>καὶ</strong></span> <span class='ocrx_word' id='word_1_254' title='bbox 376 3428 552 3499; x_wconf 67' lang='grc' dir='ltr'>οὕτως</span> <span class='ocrx_word' id='word_1_255' title='bbox 593 3450 685 3505; x_wconf 88' lang='grc' dir='ltr'><strong>μοι</strong></span> <span class='ocrx_word' id='word_1_256' title='bbox 717 3431 1028 3504; x_wconf 81' lang='grc' dir='ltr'>συμϐαίνει,</span> <span class='ocrx_word' id='word_1_257' title='bbox 1064 3431 1375 3502; x_wconf 77' lang='grc' dir='ltr'><strong>προθυμίας</strong></span> <span class='ocrx_word' id='word_1_258' title='bbox 1399 3448 1460 3484; x_wconf 86' lang='grc' dir='ltr'><strong>τε</strong></span> <span class='ocrx_word' id='word_1_259' title='bbox 1489 3431 1842 3503; x_wconf 79' lang='grc' dir='ltr'>ὲμπίπλαμαι</span> <span class='ocrx_word' id='word_1_260' title='bbox 1873 3476 1918 3535; x_wconf 71' lang='grc' dir='ltr'><strong>Β</strong></span> 
     </span>
    </p>
   </div>
   <div class='ocr_carea' id='block_1_41' title="bbox 1946 3428 3529 3535">
    <p class='ocr_par' dir='ltr' id='par_1_41' title="bbox 1946 3435 3529 3506">
     <span class='ocr_line' id='line_1_41' title="bbox 1946 3435 3529 3506; baseline 0.005 -17"><span class='ocrx_word' id='word_1_261' title='bbox 1946 3435 2258 3504; x_wconf 87' lang='lat' dir='ltr'><strong>contigerit,</strong></span> <span class='ocrx_word' id='word_1_262' title='bbox 2286 3451 2409 3490; x_wconf 92' lang='lat' dir='ltr'><strong>cum</strong></span> <span class='ocrx_word' id='word_1_263' title='bbox 2433 3438 2568 3489; x_wconf 86' lang='lat' dir='ltr'><strong>mira</strong></span> <span class='ocrx_word' id='word_1_264' title='bbox 2616 3436 2844 3506; x_wconf 83' lang='lat' dir='ltr'><strong>impleor</strong></span> <span class='ocrx_word' id='word_1_265' title='bbox 2888 3440 3054 3494; x_wconf 89' lang='lat' dir='ltr'><strong>animi</strong></span> <span class='ocrx_word' id='word_1_266' title='bbox 3081 3441 3388 3506; x_wconf 85' lang='lat' dir='ltr'><strong>alacritate,</strong></span> <span class='ocrx_word' id='word_1_267' title='bbox 3414 3451 3529 3497; x_wconf 86' lang='lat' dir='ltr'><strong>tum</strong></span> 
     </span>
    </p>
   </div>
   <div class='ocr_carea' id='block_1_42' title="bbox 260 3522 1927 3599">
    <p class='ocr_par' dir='ltr' id='par_1_42' title="bbox 260 3522 1918 3599">
     <span class='ocr_line' id='line_1_42' title="bbox 260 3522 1918 3599; baseline -0.001 -18"><span class='ocrx_word' id='word_1_268' title='bbox 260 3528 601 3599; x_wconf 74' lang='grc' dir='ltr'>θαυμαστῆς,</span> <span class='ocrx_word' id='word_1_269' title='bbox 628 3526 726 3579; x_wconf 81' lang='grc' dir='ltr'><strong>καὶ</strong></span> <span class='ocrx_word' id='word_1_270' title='bbox 755 3526 951 3595; x_wconf 69' lang='grc' dir='ltr'>κάμνω</span> <span class='ocrx_word' id='word_1_271' title='bbox 992 3523 1083 3577; x_wconf 83' lang='grc' dir='ltr'><strong>τὸν</strong></span> <span class='ocrx_word' id='word_1_272' title='bbox 1112 3523 1271 3591; x_wconf 85' lang='grc' dir='ltr'>λόγον</span> <span class='ocrx_word' id='word_1_273' title='bbox 1309 3522 1504 3594; x_wconf 80' lang='grc' dir='ltr'><strong>ἡδέως,</strong></span> <span class='ocrx_word' id='word_1_274' title='bbox 1538 3522 1614 3588; x_wconf 84' lang='grc' dir='ltr'>ὡς</span> <span class='ocrx_word' id='word_1_275' title='bbox 1646 3526 1696 3577; x_wconf 80' lang='grc' dir='ltr'>οἱ</span> <span class='ocrx_word' id='word_1_276' title='bbox 1726 3542 1845 3579; x_wconf 86' lang='grc' dir='ltr'>ποι·</span> <span class='ocrx_word' id='word_1_277' title='bbox 1873 3522 1918 3535; x_wconf 81' lang='grc'>”</span> 
     </span>
    </p>
   </div>
   <div class='ocr_carea' id='block_1_43' title="bbox 1946 3522 3526 3599">
    <p class='ocr_par' dir='ltr' id='par_1_43' title="bbox 1946 3526 3526 3597">
     <span class='ocr_line' id='line_1_43' title="bbox 1946 3526 3526 3597; baseline 0.003 -15"><span class='ocrx_word' id='word_1_278' title='bbox 1946 3527 2109 3582; x_wconf 82' lang='lat' dir='ltr'><strong>sicuti</strong></span> <span class='ocrx_word' id='word_1_279' title='bbox 2140 3534 2390 3597; x_wconf 86' lang='lat' dir='ltr'><strong>pastores</strong></span> <span class='ocrx_word' id='word_1_280' title='bbox 2429 3526 2575 3581; x_wconf 91' lang='lat' dir='ltr'><strong>circa</strong></span> <span class='ocrx_word' id='word_1_281' title='bbox 2613 3529 2851 3584; x_wconf 86' lang='lat' dir='ltr'><strong>rusticas</strong></span> <span class='ocrx_word' id='word_1_282' title='bbox 2894 3529 3222 3596; x_wconf 77' lang='lat' dir='ltr'><strong>cantilenas,</strong></span> <span class='ocrx_word' id='word_1_283' title='bbox 3259 3533 3332 3585; x_wconf 89' lang='lat' dir='ltr'><strong>ita</strong></span> <span class='ocrx_word' id='word_1_284' title='bbox 3380 3534 3526 3588; x_wconf 66' lang='lat' dir='ltr'><strong>circa</strong></span> 
     </span>
    </p>
   </div>
   <div class='ocr_carea' id='block_1_44' title="bbox 264 3612 1927 3689">
    <p class='ocr_par' dir='ltr' id='par_1_44' title="bbox 264 3614 1848 3689">
     <span class='ocr_line' id='line_1_44' title="bbox 264 3614 1848 3689; baseline -0.002 -17"><span class='ocrx_word' id='word_1_285' title='bbox 264 3621 422 3689; x_wconf 77' lang='grc' dir='ltr'>μένες</span> <span class='ocrx_word' id='word_1_286' title='bbox 444 3619 514 3672; x_wconf 71' lang='grc' dir='ltr'>τὰ</span> <span class='ocrx_word' id='word_1_287' title='bbox 551 3618 689 3688; x_wconf 84' lang='grc' dir='ltr'><strong>μέλη</strong></span> <span class='ocrx_word' id='word_1_288' title='bbox 718 3616 789 3670; x_wconf 76' lang='grc' dir='ltr'>τὰ</span> <span class='ocrx_word' id='word_1_289' title='bbox 820 3617 1041 3686; x_wconf 85' lang='grc' dir='ltr'>νομαῖα.</span> <span class='ocrx_word' id='word_1_290' title='bbox 1081 3615 1253 3669; x_wconf 80' lang='grc' dir='ltr'>Ὅταν</span> <span class='ocrx_word' id='word_1_291' title='bbox 1278 3614 1338 3668; x_wconf 81' lang='grc' dir='ltr'><strong>δὲ</strong></span> <span class='ocrx_word' id='word_1_292' title='bbox 1367 3614 1572 3686; x_wconf 81' lang='grc' dir='ltr'><strong>ἑτέρως</strong></span> <span class='ocrx_word' id='word_1_293' title='bbox 1603 3615 1724 3688; x_wconf 79' lang='grc' dir='ltr'><strong>ἔχῃ,</strong></span> <span class='ocrx_word' id='word_1_294' title='bbox 1752 3617 1848 3671; x_wconf 61' lang='grc' dir='ltr'><strong>καί⁵</strong></span> 
     </span>
    </p>
   </div>
   <div class='ocr_carea' id='block_1_45' title="bbox 1946 3612 3526 3689">
    <p class='ocr_par' dir='ltr' id='par_1_45' title="bbox 1946 3612 3526 3681">
     <span class='ocr_line' id='line_1_45' title="bbox 1946 3612 3526 3681; baseline 0.003 -15"><span class='ocrx_word' id='word_1_295' title='bbox 1946 3612 2251 3667; x_wconf 86' lang='lat' dir='ltr'><strong>orationem</strong></span> <span class='ocrx_word' id='word_1_296' title='bbox 2281 3626 2502 3681; x_wconf 83' lang='lat' dir='ltr'><strong>Operam</strong></span> <span class='ocrx_word' id='word_1_297' title='bbox 2521 3628 2680 3667; x_wconf 87' lang='lat' dir='ltr'><strong>sumo</strong></span> <span class='ocrx_word' id='word_1_298' title='bbox 2704 3614 2974 3669; x_wconf 83' lang='lat' dir='ltr'><strong>lubenter.</strong></span> <span class='ocrx_word' id='word_1_299' title='bbox 3003 3615 3137 3669; x_wconf 83' lang='lat' dir='ltr'><strong>Cum</strong></span> <span class='ocrx_word' id='word_1_300' title='bbox 3161 3625 3339 3671; x_wconf 89' lang='lat' dir='ltr'><strong>autem</strong></span> <span class='ocrx_word' id='word_1_301' title='bbox 3366 3620 3526 3672; x_wconf 80' lang='lat' dir='ltr'><strong>aliter</strong></span> 
     </span>
    </p>
   </div>
   <div class='ocr_carea' id='block_1_46' title="bbox 259 3703 1927 3782">
    <p class='ocr_par' dir='ltr' id='par_1_46' title="bbox 259 3703 1846 3782">
     <span class='ocr_line' id='line_1_46' title="bbox 259 3703 1846 3782; baseline -0.001 -19"><span class='ocrx_word' id='word_1_302' title='bbox 259 3712 361 3782; x_wconf 76' lang='grc' dir='ltr'>τὴν</span> <span class='ocrx_word' id='word_1_303' title='bbox 390 3711 497 3775; x_wconf 66' lang='grc' dir='ltr'><strong>ἔξω</strong></span> <span class='ocrx_word' id='word_1_304' title='bbox 517 3709 722 3778; x_wconf 79' lang='grc' dir='ltr'>πλάνην</span> <span class='ocrx_word' id='word_1_305' title='bbox 747 3703 848 3779; x_wconf 77' lang='grc' dir='ltr'>ἦτε</span> <span class='ocrx_word' id='word_1_306' title='bbox 873 3706 1326 3777; x_wconf 79' lang='grc' dir='ltr'>πλανώμενοι,ὡς</span> <span class='ocrx_word' id='word_1_307' title='bbox 1349 3707 1609 3776; x_wconf 83' lang='grc' dir='ltr'><strong>ὑπόγυιον</strong></span> <span class='ocrx_word' id='word_1_308' title='bbox 1632 3708 1725 3761; x_wconf 74' lang='grc' dir='ltr'>ἐπὶ</span> <span class='ocrx_word' id='word_1_309' title='bbox 1747 3709 1846 3779; x_wconf 83' lang='grc' dir='ltr'>τῆς</span> 
     </span>
    </p>
   </div>
   <div class='ocr_carea' id='block_1_47' title="bbox 1946 3703 3527 3782">
    <p class='ocr_par' dir='ltr' id='par_1_47' title="bbox 1946 3705 3527 3779">
     <span class='ocr_line' id='line_1_47' title="bbox 1946 3705 3527 3779; baseline 0.001 -19"><span class='ocrx_word' id='word_1_310' title='bbox 1946 3720 2007 3760; x_wconf 90' lang='lat' dir='ltr'><strong>se</strong></span> <span class='ocrx_word' id='word_1_311' title='bbox 2031 3720 2120 3760; x_wconf 91' lang='lat' dir='ltr'><strong>res</strong></span> <span class='ocrx_word' id='word_1_312' title='bbox 2148 3705 2332 3768; x_wconf 86' lang='lat' dir='ltr'><strong>habet,</strong></span> <span class='ocrx_word' id='word_1_313' title='bbox 2360 3712 2415 3759; x_wconf 91' lang='lat' dir='ltr'><strong>et</strong></span> <span class='ocrx_word' id='word_1_314' title='bbox 2448 3712 2674 3760; x_wconf 79' lang='lat' dir='ltr'><strong>externo</strong></span> <span class='ocrx_word' id='word_1_315' title='bbox 2710 3706 2994 3776; x_wconf 75' lang='lat' dir='ltr'><strong>gentilium</strong></span> <span class='ocrx_word' id='word_1_316' title='bbox 3034 3720 3223 3763; x_wconf 87' lang='lat' dir='ltr'><strong>errore</strong></span> <span class='ocrx_word' id='word_1_317' title='bbox 3280 3712 3527 3779; x_wconf 88' lang='lat' dir='ltr'><strong>occupati</strong></span> 
     </span>
    </p>
   </div>
   <div class='ocr_carea' id='block_1_48' title="bbox 270 3795 1927 3873">
    <p class='ocr_par' dir='ltr' id='par_1_48' title="bbox 270 3797 1842 3873">
     <span class='ocr_line' id='line_1_48' title="bbox 270 3797 1842 3873; baseline -0.001 -18"><span class='ocrx_word' id='word_1_318' title='bbox 270 3801 640 3873; x_wconf 73' lang='grc' dir='ltr'>παρελθούσης</span> <span class='ocrx_word' id='word_1_319' title='bbox 651 3799 938 3872; x_wconf 68' lang='grc' dir='ltr'>Κυρωκῆς</span> <span class='ocrx_word' id='word_1_320' title='bbox 958 3799 1315 3868; x_wconf 81' lang='grc' dir='ltr'>πεποιήκατε,</span> <span class='ocrx_word' id='word_1_321' title='bbox 1336 3797 1633 3868; x_wconf 78' lang='grc' dir='ltr'>σχετλιάζω</span> <span class='ocrx_word' id='word_1_322' title='bbox 1654 3799 1842 3866; x_wconf 82' lang='grc' dir='ltr'>πολλὰ,</span> 
     </span>
    </p>
   </div>
   <div class='ocr_carea' id='block_1_49' title="bbox 1946 3795 3526 3873">
    <p class='ocr_par' dir='ltr' id='par_1_49' title="bbox 1946 3795 3526 3868">
     <span class='ocr_line' id='line_1_49' title="bbox 1946 3795 3526 3868; baseline 0.003 -20"><span class='ocrx_word' id='word_1_323' title='bbox 1946 3795 2102 3859; x_wconf 77' lang='lat' dir='ltr'><strong>estis,</strong></span> <span class='ocrx_word' id='word_1_324' title='bbox 2133 3796 2278 3851; x_wconf 88' lang='lat' dir='ltr'><strong>sicut</strong></span> <span class='ocrx_word' id='word_1_325' title='bbox 2306 3810 2414 3851; x_wconf 90' lang='lat' dir='ltr'><strong>non</strong></span> <span class='ocrx_word' id='word_1_326' title='bbox 2445 3795 2518 3851; x_wconf 86' lang='lat' dir='ltr'><strong>ita</strong></span> <span class='ocrx_word' id='word_1_327' title='bbox 2537 3796 2742 3866; x_wconf 84' lang='lat' dir='ltr'><strong>pridem</strong></span> <span class='ocrx_word' id='word_1_328' title='bbox 2769 3797 3011 3868; x_wconf 86' lang='lat' dir='ltr'><strong>(nempe)</strong></span> <span class='ocrx_word' id='word_1_329' title='bbox 3040 3800 3315 3868; x_wconf 66' lang='lat' dir='ltr'><strong>praeterita</strong></span> <span class='ocrx_word' id='word_1_330' title='bbox 3348 3799 3526 3853; x_wconf 77' lang='lat' dir='ltr'><strong>Domi-</strong></span> 
     </span>
    </p>
   </div>
   <div class='ocr_carea' id='block_1_50' title="bbox 265 3885 1927 3965">
    <p class='ocr_par' dir='ltr' id='par_1_50' title="bbox 265 3889 1844 3965">
     <span class='ocr_line' id='line_1_50' title="bbox 265 3889 1844 3965; baseline -0.003 -16"><span class='ocrx_word' id='word_1_331' title='bbox 265 3898 366 3950; x_wconf 76' lang='grc' dir='ltr'><strong>καὶ</strong></span> <span class='ocrx_word' id='word_1_332' title='bbox 381 3896 485 3965; x_wconf 76' lang='grc' dir='ltr'>τὴν</span> <span class='ocrx_word' id='word_1_333' title='bbox 505 3894 703 3964; x_wconf 85' lang='grc' dir='ltr'>σιωπὴν</span> <span class='ocrx_word' id='word_1_334' title='bbox 719 3891 1061 3961; x_wconf 74' lang='grc' dir='ltr'>ἀσπάζομαι’</span> <span class='ocrx_word' id='word_1_335' title='bbox 1087 3889 1413 3961; x_wconf 80' lang='grc' dir='ltr'>βουλεύομαι</span> <span class='ocrx_word' id='word_1_336' title='bbox 1427 3890 1484 3943; x_wconf 82' lang='grc' dir='ltr'>δὲ</span> <span class='ocrx_word' id='word_1_337' title='bbox 1507 3891 1607 3962; x_wconf 83' lang='grc' dir='ltr'>τὴν</span> <span class='ocrx_word' id='word_1_338' title='bbox 1634 3890 1844 3945; x_wconf 76' lang='grc' dir='ltr'><strong>ἐνθένδε</strong></span> 
     </span>
    </p>
   </div>
   <div class='ocr_carea' id='block_1_51' title="bbox 1946 3885 3526 3965">
    <p class='ocr_par' dir='ltr' id='par_1_51' title="bbox 1946 3885 3526 3957">
     <span class='ocr_line' id='line_1_51' title="bbox 1946 3885 3526 3957; baseline 0.002 -16"><span class='ocrx_word' id='word_1_339' title='bbox 1946 3887 2068 3941; x_wconf 87' lang='lat' dir='ltr'><strong>nica</strong></span> <span class='ocrx_word' id='word_1_340' title='bbox 2100 3885 2344 3941; x_wconf 81' lang='lat' dir='ltr'><strong>fecistis:</strong></span> <span class='ocrx_word' id='word_1_341' title='bbox 2382 3901 2579 3957; x_wconf 87' lang='lat' dir='ltr'><strong>magna</strong></span> <span class='ocrx_word' id='word_1_342' title='bbox 2609 3887 2860 3942; x_wconf 89' lang='lat' dir='ltr'><strong>molestia</strong></span> <span class='ocrx_word' id='word_1_343' title='bbox 2891 3888 3117 3951; x_wconf 82' lang='lat' dir='ltr'><strong>allicior,</strong></span> <span class='ocrx_word' id='word_1_344' title='bbox 3150 3897 3204 3944; x_wconf 93' lang='lat' dir='ltr'><strong>et</strong></span> <span class='ocrx_word' id='word_1_345' title='bbox 3252 3889 3526 3944; x_wconf 84' lang='lat' dir='ltr'><strong>silentium</strong></span> 
     </span>
    </p>
   </div>
   <div class='ocr_carea' id='block_1_52' title="bbox 268 3974 1927 4058">
    <p class='ocr_par' dir='ltr' id='par_1_52' title="bbox 268 3974 1841 4058">
     <span class='ocr_line' id='line_1_52' title="bbox 268 3974 1841 4058; baseline -0.002 -18"><span class='ocrx_word' id='word_1_346' title='bbox 268 4006 301 4057; x_wconf 62' lang='grc' dir='ltr'>ᾳ</span> <span class='ocrx_word' id='word_1_347' title='bbox 314 3986 469 4058; x_wconf 74' lang='grc' dir='ltr'>υγὴν,</span> <span class='ocrx_word' id='word_1_348' title='bbox 490 3987 581 4040; x_wconf 83' lang='grc' dir='ltr'>καὶ</span> <span class='ocrx_word' id='word_1_349' title='bbox 603 3974 748 4057; x_wconf 78' lang='grc' dir='ltr'><strong>ζητῶ</strong></span> <span class='ocrx_word' id='word_1_350' title='bbox 781 3985 874 4038; x_wconf 78' lang='grc' dir='ltr'>τὸν</span> <span class='ocrx_word' id='word_1_351' title='bbox 908 3983 1088 4037; x_wconf 85' lang='grc' dir='ltr'>Ἠλίου</span> <span class='ocrx_word' id='word_1_352' title='bbox 1108 3981 1203 4035; x_wconf 78' lang='grc' dir='ltr'>τοῦ</span> <span class='ocrx_word' id='word_1_353' title='bbox 1222 3983 1501 4053; x_wconf 75' lang='grc' dir='ltr'>προφήτου</span> <span class='ocrx_word' id='word_1_354' title='bbox 1528 3981 1841 4056; x_wconf 79' lang='grc' dir='ltr'>Κάρμηλον,</span> 
     </span>
    </p>
   </div>
   <div class='ocr_carea' id='block_1_53' title="bbox 1946 3974 3526 4058">
    <p class='ocr_par' dir='ltr' id='par_1_53' title="bbox 1946 3978 3526 4051">
     <span class='ocr_line' id='line_1_53' title="bbox 1946 3978 3526 4051; baseline 0.004 -21"><span class='ocrx_word' id='word_1_355' title='bbox 1946 3984 2105 4032; x_wconf 90' lang='lat' dir='ltr'><strong>teneo</strong></span> <span class='ocrx_word' id='word_1_356' title='bbox 2144 3996 2157 4032; x_wconf 89' lang='lat'><strong>:</strong></span> <span class='ocrx_word' id='word_1_357' title='bbox 2195 3984 2360 4045; x_wconf 87' lang='lat' dir='ltr'><strong>atque</strong></span> <span class='ocrx_word' id='word_1_358' title='bbox 2399 3978 2525 4033; x_wconf 83' lang='lat' dir='ltr'><strong>hinc</strong></span> <span class='ocrx_word' id='word_1_359' title='bbox 2572 3979 2757 4049; x_wconf 78' lang='lat' dir='ltr'><strong>fugere</strong></span> <span class='ocrx_word' id='word_1_360' title='bbox 2804 3981 2998 4050; x_wconf 88' lang='lat' dir='ltr'><strong>cupio,</strong></span> <span class='ocrx_word' id='word_1_361' title='bbox 3045 3995 3108 4034; x_wconf 88' lang='lat' dir='ltr'><strong>ac</strong></span> <span class='ocrx_word' id='word_1_362' title='bbox 3163 3997 3348 4051; x_wconf 56' lang='lat' dir='ltr'><strong>quarm</strong></span> <span class='ocrx_word' id='word_1_363' title='bbox 3405 3983 3526 4037; x_wconf 68' lang='lat' dir='ltr'><strong>lilia-</strong></span> 
     </span>
    </p>
   </div>
   <div class='ocr_carea' id='block_1_54' title="bbox 253 4067 1927 4153">
    <p class='ocr_par' dir='ltr' id='par_1_54' title="bbox 253 4073 1843 4153">
     <span class='ocr_line' id='line_1_54' title="bbox 253 4073 1843 4153; baseline -0.003 -19"><span class='ocrx_word' id='word_1_364' title='bbox 253 4082 293 4153; x_wconf 72' lang='grc' dir='ltr'>ἦ</span> <span class='ocrx_word' id='word_1_365' title='bbox 321 4098 438 4134; x_wconf 89' lang='grc' dir='ltr'>τινα</span> <span class='ocrx_word' id='word_1_366' title='bbox 467 4079 675 4151; x_wconf 85' lang='grc' dir='ltr'>πέτραν</span> <span class='ocrx_word' id='word_1_367' title='bbox 691 4077 970 4148; x_wconf 80' lang='grc' dir='ltr'>ἀοίκητον.</span> <span class='ocrx_word' id='word_1_368' title='bbox 995 4075 1153 4128; x_wconf 82' lang='grc' dir='ltr'>Φίλον</span> <span class='ocrx_word' id='word_1_369' title='bbox 1174 4074 1283 4144; x_wconf 82' lang='grc' dir='ltr'>γάρ</span> <span class='ocrx_word' id='word_1_370' title='bbox 1301 4090 1417 4137; x_wconf 85' lang='grc' dir='ltr'><strong>πως</strong></span> <span class='ocrx_word' id='word_1_371' title='bbox 1438 4076 1550 4138; x_wconf 85' lang='grc' dir='ltr'>τοῖς</span> <span class='ocrx_word' id='word_1_372' title='bbox 1573 4073 1843 4145; x_wconf 73' lang='grc' dir='ltr'>ἀθυμοῦσι</span> 
     </span>
    </p>
   </div>
   <div class='ocr_carea' id='block_1_55' title="bbox 1946 4067 3524 4153">
    <p class='ocr_par' dir='ltr' id='par_1_55' title="bbox 1946 4067 3524 4138">
     <span class='ocr_line' id='line_1_55' title="bbox 1946 4067 3524 4138; baseline 0.003 -19"><span class='ocrx_word' id='word_1_373' title='bbox 1946 4068 2225 4137; x_wconf 74' lang='lat' dir='ltr'><strong>propheta:</strong></span> <span class='ocrx_word' id='word_1_374' title='bbox 2243 4067 2577 4131; x_wconf 87' lang='lat' dir='ltr'><strong>Carmelum,</strong></span> <span class='ocrx_word' id='word_1_375' title='bbox 2610 4078 2704 4121; x_wconf 90' lang='lat' dir='ltr'><strong>aut</strong></span> <span class='ocrx_word' id='word_1_376' title='bbox 2733 4069 2972 4138; x_wconf 82' lang='lat' dir='ltr'><strong>aliquam</strong></span> <span class='ocrx_word' id='word_1_377' title='bbox 3000 4078 3210 4137; x_wconf 86' lang='lat' dir='ltr'><strong>petram</strong></span> <span class='ocrx_word' id='word_1_378' title='bbox 3256 4072 3524 4127; x_wconf 86' lang='lat' dir='ltr'><strong>inhabita-</strong></span> 
     </span>
    </p>
   </div>
   <div class='ocr_carea' id='block_1_56' title="bbox 246 4158 1927 4243">
    <p class='ocr_par' dir='ltr' id='par_1_56' title="bbox 246 4164 1843 4243">
     <span class='ocr_line' id='line_1_56' title="bbox 246 4164 1843 4243; baseline -0.004 -17"><span class='ocrx_word' id='word_1_379' title='bbox 246 4173 321 4226; x_wconf 76' lang='grc' dir='ltr'>τὸ</span> <span class='ocrx_word' id='word_1_380' title='bbox 346 4172 580 4243; x_wconf 73' lang='grc' dir='ltr'>ἄμικτον</span> <span class='ocrx_word' id='word_1_381' title='bbox 607 4169 703 4223; x_wconf 77' lang='grc' dir='ltr'>καὶ</span> <span class='ocrx_word' id='word_1_382' title='bbox 734 4168 1056 4241; x_wconf 81' lang='grc' dir='ltr'>φιλέρημον.</span> <span class='ocrx_word' id='word_1_383' title='bbox 1090 4165 1206 4220; x_wconf 81' lang='grc' dir='ltr'><strong>Νῦν</strong></span> <span class='ocrx_word' id='word_1_384' title='bbox 1237 4165 1295 4219; x_wconf 78' lang='grc' dir='ltr'><strong>δὲ</strong></span> <span class='ocrx_word' id='word_1_385' title='bbox 1328 4164 1541 4235; x_wconf 80' lang='grc' dir='ltr'><strong>βλέπων</strong></span> <span class='ocrx_word' id='word_1_386' title='bbox 1571 4167 1716 4237; x_wconf 79' lang='grc' dir='ltr'>ὑμᾶς</span> <span class='ocrx_word' id='word_1_387' title='bbox 1744 4168 1843 4221; x_wconf 79' lang='grc' dir='ltr'>σὺν</span> 
     </span>
    </p>
   </div>
   <div class='ocr_carea' id='block_1_57' title="bbox 1946 4158 3525 4243">
    <p class='ocr_par' dir='ltr' id='par_1_57' title="bbox 1952 4158 3525 4231">
     <span class='ocr_line' id='line_1_57' title="bbox 1952 4158 3525 4231; baseline 0.004 -20"><span class='ocrx_word' id='word_1_388' title='bbox 1952 4168 2082 4212; x_wconf 89' lang='lat' dir='ltr'><strong>tam.</strong></span> <span class='ocrx_word' id='word_1_389' title='bbox 2116 4158 2308 4213; x_wconf 88' lang='lat' dir='ltr'><strong>Amica</strong></span> <span class='ocrx_word' id='word_1_390' title='bbox 2342 4159 2488 4213; x_wconf 88' lang='lat' dir='ltr'><strong>enim</strong></span> <span class='ocrx_word' id='word_1_391' title='bbox 2537 4159 2942 4228; x_wconf 85' lang='lat' dir='ltr'><strong>quodammodo</strong></span> <span class='ocrx_word' id='word_1_392' title='bbox 2990 4160 3159 4213; x_wconf 90' lang='lat' dir='ltr'><strong>animi</strong></span> <span class='ocrx_word' id='word_1_393' title='bbox 3210 4162 3525 4231; x_wconf 59' lang='lat' dir='ltr'><strong>aegritudine</strong></span> 
     </span>
    </p>
   </div>
   <div class='ocr_carea' id='block_1_58' title="bbox 252 4248 1927 4330">
    <p class='ocr_par' dir='ltr' id='par_1_58' title="bbox 252 4257 1842 4330">
     <span class='ocr_line' id='line_1_58' title="bbox 252 4257 1842 4330; baseline -0.004 -13"><span class='ocrx_word' id='word_1_394' title='bbox 252 4264 441 4328; x_wconf 75' lang='grc' dir='ltr'>αὐτοῖς</span> <span class='ocrx_word' id='word_1_395' title='bbox 468 4265 583 4325; x_wconf 84' lang='grc' dir='ltr'>τοῖς</span> <span class='ocrx_word' id='word_1_396' title='bbox 614 4260 827 4328; x_wconf 77' lang='grc' dir='ltr'>γένεσιν</span> <span class='ocrx_word' id='word_1_397' title='bbox 860 4257 1075 4330; x_wconf 81' lang='grc' dir='ltr'>ἀθρόως</span> <span class='ocrx_word' id='word_1_398' title='bbox 1103 4257 1601 4327; x_wconf 77' lang='grc' dir='ltr'>πανηγυρίζοντας,</span> <span class='ocrx_word' id='word_1_399' title='bbox 1638 4258 1842 4329; x_wconf 80' lang='grc' dir='ltr'>ὑπομι-</span> 
     </span>
    </p>
   </div>
   <div class='ocr_carea' id='block_1_59' title="bbox 1946 4248 3524 4330">
    <p class='ocr_par' dir='ltr' id='par_1_59' title="bbox 1946 4248 3524 4320">
     <span class='ocr_line' id='line_1_59' title="bbox 1946 4248 3524 4320; baseline 0.003 -15"><span class='ocrx_word' id='word_1_400' title='bbox 1946 4248 2153 4305; x_wconf 80' lang='lat' dir='ltr'><strong>allectis</strong></span> <span class='ocrx_word' id='word_1_401' title='bbox 2180 4249 2305 4320; x_wconf 82' lang='lat' dir='ltr'><strong>fuga</strong></span> <span class='ocrx_word' id='word_1_402' title='bbox 2345 4249 2764 4305; x_wconf 90' lang='lat' dir='ltr'><strong>consuetudinis</strong></span> <span class='ocrx_word' id='word_1_403' title='bbox 2808 4260 2863 4304; x_wconf 90' lang='lat' dir='ltr'><strong>et</strong></span> <span class='ocrx_word' id='word_1_404' title='bbox 2916 4252 3158 4319; x_wconf 87' lang='lat' dir='ltr'><strong>captatio</strong></span> <span class='ocrx_word' id='word_1_405' title='bbox 3216 4254 3524 4311; x_wconf 89' lang='lat' dir='ltr'><strong>solitudinis</strong></span> 
     </span>
    </p>
   </div>
   <div class='ocr_carea' id='block_1_60' title="bbox 1943 4341 3523 4415">
    <p class='ocr_par' dir='ltr' id='par_1_60' title="bbox 1943 4341 3523 4415">
     <span class='ocr_line' id='line_1_60' title="bbox 1943 4341 3523 4415; baseline 0.002 -17"><span class='ocrx_word' id='word_1_406' title='bbox 1943 4351 2049 4399; x_wconf 89' lang='lat' dir='ltr'><strong>est.</strong></span> <span class='ocrx_word' id='word_1_407' title='bbox 2083 4341 2241 4397; x_wconf 89' lang='lat' dir='ltr'><strong>Nunc</strong></span> <span class='ocrx_word' id='word_1_408' title='bbox 2265 4357 2401 4397; x_wconf 74' lang='lat' dir='ltr'><strong>vero</strong></span> <span class='ocrx_word' id='word_1_409' title='bbox 2425 4357 2550 4396; x_wconf 89' lang='lat' dir='ltr'><strong>cum</strong></span> <span class='ocrx_word' id='word_1_410' title='bbox 2582 4342 2742 4398; x_wconf 74' lang='lat' dir='ltr'><strong>video</strong></span> <span class='ocrx_word' id='word_1_411' title='bbox 2779 4359 2878 4398; x_wconf 80' lang='lat' dir='ltr'><strong>vos</strong></span> <span class='ocrx_word' id='word_1_412' title='bbox 2911 4357 3017 4397; x_wconf 87' lang='lat' dir='ltr'><strong>una</strong></span> <span class='ocrx_word' id='word_1_413' title='bbox 3049 4357 3171 4397; x_wconf 92' lang='lat' dir='ltr'><strong>cum</strong></span> <span class='ocrx_word' id='word_1_414' title='bbox 3211 4344 3523 4415; x_wconf 74' lang='lat' dir='ltr'><strong>ipsisfanii-</strong></span> 
     </span>
    </p>
   </div>
   <div class='ocr_carea' id='block_1_61' title="bbox 1946 4432 3522 4504">
    <p class='ocr_par' dir='ltr' id='par_1_61' title="bbox 1946 4432 3522 4504">
     <span class='ocr_line' id='line_1_61' title="bbox 1946 4432 3522 4504; baseline 0.003 -17"><span class='ocrx_word' id='word_1_415' title='bbox 1946 4435 2032 4489; x_wconf 91' lang='lat' dir='ltr'><strong>liis</strong></span> <span class='ocrx_word' id='word_1_416' title='bbox 2061 4444 2115 4488; x_wconf 87' lang='lat' dir='ltr'><strong>et</strong></span> <span class='ocrx_word' id='word_1_417' title='bbox 2170 4432 2592 4504; x_wconf 87' lang='lat' dir='ltr'><strong>cognationibus</strong></span> <span class='ocrx_word' id='word_1_418' title='bbox 2637 4434 2956 4488; x_wconf 78' lang='lat' dir='ltr'><strong>catervatim</strong></span> <span class='ocrx_word' id='word_1_419' title='bbox 3006 4443 3332 4490; x_wconf 77' lang='lat' dir='ltr'><strong>conventum</strong></span> <span class='ocrx_word' id='word_1_420' title='bbox 3384 4438 3522 4492; x_wconf 89' lang='lat' dir='ltr'><strong>cele-</strong></span> 
     </span>
    </p>
   </div>
   <div class='ocr_carea' id='block_1_62' title="bbox 246 4347 1841 4424">
    <p class='ocr_par' dir='ltr' id='par_1_62' title="bbox 246 4347 1841 4424">
     <span class='ocr_line' id='line_1_62' title="bbox 246 4347 1841 4424; baseline -0.002 -17"><span class='ocrx_word' id='word_1_421' title='bbox 246 4356 580 4424; x_wconf 74' lang='grc' dir='ltr'>μνήσκομαι</span> <span class='ocrx_word' id='word_1_422' title='bbox 610 4351 793 4420; x_wconf 83' lang='grc' dir='ltr'>λογίου</span> <span class='ocrx_word' id='word_1_423' title='bbox 824 4347 1188 4423; x_wconf 79' lang='grc' dir='ltr'>προφητικοῢ,</span> <span class='ocrx_word' id='word_1_424' title='bbox 1228 4347 1258 4401; x_wconf 87' lang='grc' dir='ltr'><strong>ὃ</strong></span> <span class='ocrx_word' id='word_1_425' title='bbox 1285 4348 1570 4421; x_wconf 77' lang='grc' dir='ltr'>πόρρωθεν</span> <span class='ocrx_word' id='word_1_426' title='bbox 1613 4350 1841 4415; x_wconf 76' lang='grc' dir='ltr'>Ἡσαΐας</span> 
     </span>
    </p>
   </div>
   <div class='ocr_carea' id='block_1_63' title="bbox 239 4438 1842 4517">
    <p class='ocr_par' dir='ltr' id='par_1_63' title="bbox 239 4438 1842 4517">
     <span class='ocr_line' id='line_1_63' title="bbox 239 4438 1842 4517; baseline -0.004 -16"><span class='ocrx_word' id='word_1_427' title='bbox 239 4446 562 4517; x_wconf 75' lang='grc' dir='ltr'>ἀνύμνησε,</span> <span class='ocrx_word' id='word_1_428' title='bbox 590 4443 688 4515; x_wconf 79' lang='grc' dir='ltr'>τὴν</span> <span class='ocrx_word' id='word_1_429' title='bbox 716 4440 970 4496; x_wconf 73' lang='grc' dir='ltr'><strong>εὔτεκνον</strong></span> <span class='ocrx_word' id='word_1_430' title='bbox 992 4440 1087 4494; x_wconf 69' lang='grc' dir='ltr'>καὶ</span> <span class='ocrx_word' id='word_1_431' title='bbox 1108 4438 1416 4495; x_wconf 81' lang='grc' dir='ltr'>πολύπαιδα</span> <span class='ocrx_word' id='word_1_432' title='bbox 1436 4441 1842 4512; x_wconf 70' lang='grc' dir='ltr'>πρωναφωνῶν</span> 
     </span>
    </p>
   </div>
   <div class='ocr_carea' id='block_1_64' title="bbox 254 4524 1927 4606">
    <p class='ocr_par' dir='ltr' id='par_1_64' title="bbox 254 4530 1842 4606">
     <span class='ocr_line' id='line_1_64' title="bbox 254 4530 1842 4606; baseline -0.003 -14"><span class='ocrx_word' id='word_1_433' title='bbox 254 4536 617 4606; x_wconf 81' lang='grc' dir='ltr'>Ἐκκλησίαν.</span> <span class='ocrx_word' id='word_1_434' title='bbox 652 4534 839 4598; x_wconf 78' lang='grc' dir='ltr'>Τίνες.</span> <span class='ocrx_word' id='word_1_435' title='bbox 869 4532 1055 4603; x_wconf 75' lang='grc' dir='ltr'>φησιν,</span> <span class='ocrx_word' id='word_1_436' title='bbox 1077 4530 1201 4585; x_wconf 72' lang='grc' dir='ltr'>οἵδε</span> <span class='ocrx_word' id='word_1_437' title='bbox 1218 4545 1239 4595; x_wconf 88' lang='grc'><strong><em>;</em></strong></span> <span class='ocrx_word' id='word_1_438' title='bbox 1270 4530 1842 4601; x_wconf 70' lang='grc' dir='ltr'>ὡςνεερέλαιπέτον-</span> 
     </span>
    </p>
   </div>
   <div class='ocr_carea' id='block_1_65' title="bbox 1946 4524 3519 4606">
    <p class='ocr_par' dir='ltr' id='par_1_65' title="bbox 1946 4524 3519 4599">
     <span class='ocr_line' id='line_1_65' title="bbox 1946 4524 3519 4599; baseline 0.002 -20"><span class='ocrx_word' id='word_1_439' title='bbox 1946 4528 2123 4591; x_wconf 85' lang='lat' dir='ltr'><strong>brare,</strong></span> <span class='ocrx_word' id='word_1_440' title='bbox 2161 4526 2306 4580; x_wconf 75' lang='lat' dir='ltr'><strong>venit</strong></span> <span class='ocrx_word' id='word_1_441' title='bbox 2349 4525 2481 4579; x_wconf 78' lang='lat' dir='ltr'><strong>milii</strong></span> <span class='ocrx_word' id='word_1_442' title='bbox 2519 4524 2574 4580; x_wconf 92' lang='lat' dir='ltr'><strong>in</strong></span> <span class='ocrx_word' id='word_1_443' title='bbox 2619 4533 2856 4582; x_wconf 85' lang='lat' dir='ltr'><strong>mentem</strong></span> <span class='ocrx_word' id='word_1_444' title='bbox 2917 4527 3129 4583; x_wconf 88' lang='lat' dir='ltr'><strong>oraculi</strong></span> <span class='ocrx_word' id='word_1_445' title='bbox 3177 4529 3519 4599; x_wconf 87' lang='lat' dir='ltr'><strong>prophetici:</strong></span> 
     </span>
    </p>
   </div>
   <div class='ocr_carea' id='block_1_66' title="bbox 242 4617 1927 4694">
    <p class='ocr_par' dir='ltr' id='par_1_66' title="bbox 242 4622 1839 4694">
     <span class='ocr_line' id='line_1_66' title="bbox 242 4622 1839 4694; baseline -0.003 -11"><span class='ocrx_word' id='word_1_446' title='bbox 242 4646 374 4692; x_wconf 68' lang='grc' dir='ltr'>τοι,</span> <span class='ocrx_word' id='word_1_447' title='bbox 396 4628 496 4683; x_wconf 69' lang='grc' dir='ltr'>καὶ</span> <span class='ocrx_word' id='word_1_448' title='bbox 528 4628 611 4692; x_wconf 84' lang='grc' dir='ltr'>ὠς</span> <span class='ocrx_word' id='word_1_449' title='bbox 639 4624 975 4694; x_wconf 73' lang='grc' dir='ltr'>περιστεραί</span> <span class='ocrx_word' id='word_1_450' title='bbox 1007 4623 1137 4677; x_wconf 83' lang='grc' dir='ltr'><strong>σὺν</strong></span> <span class='ocrx_word' id='word_1_451' title='bbox 1172 4622 1456 4690; x_wconf 80' lang='grc' dir='ltr'>νεοσσοῖς</span> <span class='ocrx_word' id='word_1_452' title='bbox 1485 4625 1578 4678; x_wconf 73' lang='grc' dir='ltr'><strong>ἐπ’</strong></span> <span class='ocrx_word' id='word_1_453' title='bbox 1606 4623 1731 4694; x_wconf 84' lang='grc' dir='ltr'><strong>ἐμέ.</strong></span> <span class='ocrx_word' id='word_1_454' title='bbox 1764 4626 1839 4679; x_wconf 85' lang='grc' dir='ltr'><strong>Οὐ</strong></span> 
     </span>
    </p>
   </div>
   <div class='ocr_carea' id='block_1_67' title="bbox 1946 4617 3522 4694">
    <p class='ocr_par' dir='ltr' id='par_1_67' title="bbox 1946 4617 3522 4689">
     <span class='ocr_line' id='line_1_67' title="bbox 1946 4617 3522 4689; baseline 0.002 -16"><span class='ocrx_word' id='word_1_455' title='bbox 1946 4617 2091 4687; x_wconf 83' lang='lat' dir='ltr'><strong>quod</strong></span> <span class='ocrx_word' id='word_1_456' title='bbox 2144 4617 2276 4673; x_wconf 89' lang='lat' dir='ltr'><strong>olim</strong></span> <span class='ocrx_word' id='word_1_457' title='bbox 2324 4617 2545 4686; x_wconf 80' lang='lat' dir='ltr'><strong>alonge</strong></span> <span class='ocrx_word' id='word_1_458' title='bbox 2596 4619 2911 4689; x_wconf 61' lang='lat' dir='ltr'><strong>praedicavit</strong></span> <span class='ocrx_word' id='word_1_459' title='bbox 2966 4619 3151 4687; x_wconf 88' lang='lat' dir='ltr'><strong>Isaias,</strong></span> <span class='ocrx_word' id='word_1_460' title='bbox 3211 4622 3522 4676; x_wconf 82' lang='lat' dir='ltr'><strong>felicitatem</strong></span> 
     </span>
    </p>
   </div>
   <div class='ocr_carea' id='block_1_68' title="bbox 240 4707 1927 4793">
    <p class='ocr_par' dir='ltr' id='par_1_68' title="bbox 240 4714 1836 4793">
     <span class='ocr_line' id='line_1_68' title="bbox 240 4714 1836 4793; baseline -0.003 -20"><span class='ocrx_word' id='word_1_461' title='bbox 240 4721 371 4793; x_wconf 68' lang='grc' dir='ltr'><strong>μὴν</strong></span> <span class='ocrx_word' id='word_1_462' title='bbox 391 4718 529 4772; x_wconf 74' lang='grc' dir='ltr'><strong>ἀλλὰ</strong></span> <span class='ocrx_word' id='word_1_463' title='bbox 555 4716 692 4787; x_wconf 79' lang='grc' dir='ltr'>πρὸς</span> <span class='ocrx_word' id='word_1_464' title='bbox 712 4716 921 4779; x_wconf 77' lang='grc' dir='ltr'>τούτοις</span> <span class='ocrx_word' id='word_1_465' title='bbox 942 4715 1184 4779; x_wconf 64' lang='grc' dir='ltr'>κάκεῖνο,</span> <span class='ocrx_word' id='word_1_466' title='bbox 1207 4714 1427 4781; x_wconf 74' lang='grc' dir='ltr'>Στενός</span> <span class='ocrx_word' id='word_1_467' title='bbox 1439 4731 1545 4783; x_wconf 80' lang='grc' dir='ltr'><strong>μοι</strong></span> <span class='ocrx_word' id='word_1_468' title='bbox 1567 4717 1600 4768; x_wconf 77' lang='grc' dir='ltr'><em>ό</em></span> <span class='ocrx_word' id='word_1_469' title='bbox 1624 4715 1836 4782; x_wconf 70' lang='grc' dir='ltr'>τόποςν</span> 
     </span>
    </p>
   </div>
   <div class='ocr_carea' id='block_1_69' title="bbox 1946 4707 3521 4793">
    <p class='ocr_par' dir='ltr' id='par_1_69' title="bbox 1946 4707 3521 4785">
     <span class='ocr_line' id='line_1_69' title="bbox 1946 4707 3521 4785; baseline 0.006 -24"><span class='ocrx_word' id='word_1_470' title='bbox 1946 4707 2203 4765; x_wconf 63' lang='lat' dir='ltr'><strong>Ecclesiae</strong></span> <span class='ocrx_word' id='word_1_471' title='bbox 2249 4709 2303 4763; x_wconf 89' lang='lat' dir='ltr'><strong>in</strong></span> <span class='ocrx_word' id='word_1_472' title='bbox 2335 4724 2627 4765; x_wconf 89' lang='lat' dir='ltr'><strong>numerosa</strong></span> <span class='ocrx_word' id='word_1_473' title='bbox 2659 4723 2819 4782; x_wconf 86' lang='lat' dir='ltr'><strong>atque</strong></span> <span class='ocrx_word' id='word_1_474' title='bbox 2847 4714 3062 4784; x_wconf 80' lang='lat' dir='ltr'><strong>egregia</strong></span> <span class='ocrx_word' id='word_1_475' title='bbox 3094 4714 3279 4769; x_wconf 81' lang='lat' dir='ltr'><strong>sobole</strong></span> <span class='ocrx_word' id='word_1_476' title='bbox 3308 4731 3521 4785; x_wconf 81' lang='lat' dir='ltr'><strong>procre-</strong></span> 
     </span>
    </p>
   </div>
   <div class='ocr_carea' id='block_1_70' title="bbox 230 4799 1927 4879">
    <p class='ocr_par' dir='ltr' id='par_1_70' title="bbox 230 4803 1920 4879">
     <span class='ocr_line' id='line_1_70' title="bbox 230 4803 1920 4879; baseline 0.004 -22"><span class='ocrx_word' id='word_1_477' title='bbox 230 4809 523 4875; x_wconf 73' lang='grc' dir='ltr'>ποίησόν</span> <span class='ocrx_word' id='word_1_478' title='bbox 542 4824 647 4877; x_wconf 80' lang='grc' dir='ltr'><strong>μοι</strong></span> <span class='ocrx_word' id='word_1_479' title='bbox 673 4808 882 4868; x_wconf 74' lang='grc' dir='ltr'>τόπον.</span> <span class='ocrx_word' id='word_1_480' title='bbox 916 4806 1012 4859; x_wconf 78' lang='grc' dir='ltr'><strong>ἵνα</strong></span> <span class='ocrx_word' id='word_1_481' title='bbox 1060 4804 1419 4872; x_wconf 60' lang='lat' dir='ltr'><strong>«armeniae».</strong></span> <span class='ocrx_word' id='word_1_482' title='bbox 1465 4803 1651 4859; x_wconf 79' lang='grc' dir='ltr'>Ταῦτα</span> <span class='ocrx_word' id='word_1_483' title='bbox 1676 4806 1785 4878; x_wconf 81' lang='grc' dir='ltr'><strong>γὰρ</strong></span> <span class='ocrx_word' id='word_1_484' title='bbox 1811 4808 1847 4879; x_wconf 83' lang='grc' dir='ltr'>ὴ</span> <span class='ocrx_word' id='word_1_485' title='bbox 1875 4815 1920 4877; x_wconf 83' lang='lat' dir='ltr'><strong><em>C</em></strong></span> 
     </span>
    </p>
   </div>
   <div class='ocr_carea' id='block_1_71' title="bbox 1946 4799 3522 4879">
    <p class='ocr_par' dir='ltr' id='par_1_71' title="bbox 1952 4799 3522 4873">
     <span class='ocr_line' id='line_1_71' title="bbox 1952 4799 3522 4873; baseline 0.007 -20"><span class='ocrx_word' id='word_1_486' title='bbox 1952 4800 2094 4855; x_wconf 87' lang='lat' dir='ltr'><strong>anda</strong></span> <span class='ocrx_word' id='word_1_487' title='bbox 2120 4799 2442 4869; x_wconf 69' lang='lat' dir='ltr'><strong>praedicens.</strong></span> <span class='ocrx_word' id='word_1_488' title='bbox 2478 4801 2581 4866; x_wconf 81' lang='lat' dir='ltr'><strong>Qui</strong></span> <span class='ocrx_word' id='word_1_489' title='bbox 2608 4811 2768 4863; x_wconf 82' lang='lat' dir='ltr'><strong>sunt,</strong></span> <span class='ocrx_word' id='word_1_490' title='bbox 2829 4804 3044 4873; x_wconf 83' lang='lat' dir='ltr'><strong>inquit,</strong></span> <span class='ocrx_word' id='word_1_491' title='bbox 3076 4805 3209 4859; x_wconf 79' lang='lat' dir='ltr'><strong>isti?</strong></span> <span class='ocrx_word' id='word_1_492' title='bbox 3256 4815 3314 4858; x_wconf 78' lang='lat' dir='ltr'><strong>ut</strong></span> <span class='ocrx_word' id='word_1_493' title='bbox 3366 4809 3522 4863; x_wconf 80' lang='lat' dir='ltr'><strong>nubes</strong></span> 
     </span>
    </p>
   </div>
   <div class='ocr_carea' id='block_1_72' title="bbox 225 4890 1927 4969">
    <p class='ocr_par' dir='ltr' id='par_1_72' title="bbox 225 4896 1838 4969">
     <span class='ocr_line' id='line_1_72' title="bbox 225 4896 1838 4969; baseline -0.001 -15"><span class='ocrx_word' id='word_1_494' title='bbox 225 4900 351 4955; x_wconf 78' lang='grc' dir='ltr'>τοῦ</span> <span class='ocrx_word' id='word_1_495' title='bbox 395 4898 709 4969; x_wconf 65' lang='grc' dir='ltr'>Πιᾶὺματος</span> <span class='ocrx_word' id='word_1_496' title='bbox 755 4897 984 4967; x_wconf 74' lang='grc' dir='ltr'>δύναμις</span> <span class='ocrx_word' id='word_1_497' title='bbox 1030 4898 1112 4960; x_wconf 87' lang='grc' dir='ltr'><strong>είς</strong></span> <span class='ocrx_word' id='word_1_498' title='bbox 1157 4897 1259 4969; x_wconf 79' lang='grc' dir='ltr'><strong>τὴν</strong></span> <span class='ocrx_word' id='word_1_499' title='bbox 1290 4896 1716 4968; x_wconf 81' lang='grc' dir='ltr'>πολυάνθρωπον</span> <span class='ocrx_word' id='word_1_500' title='bbox 1744 4898 1838 4953; x_wconf 85' lang='grc' dir='ltr'>τοῦ</span> 
     </span>
    </p>
   </div>
   <div class='ocr_carea' id='block_1_73' title="bbox 1946 4890 3522 4969">
    <p class='ocr_par' dir='ltr' id='par_1_73' title="bbox 1946 4890 3522 4961">
     <span class='ocr_line' id='line_1_73' title="bbox 1946 4890 3522 4961; baseline 0.003 -15"><span class='ocrx_word' id='word_1_501' title='bbox 1946 4890 2204 4955; x_wconf 75' lang='grc' dir='ltr'>νοίαηι,ει</span> <span class='ocrx_word' id='word_1_502' title='bbox 2226 4900 2283 4943; x_wconf 89' lang='lat' dir='ltr'><strong>ut</strong></span> <span class='ocrx_word' id='word_1_503' title='bbox 2306 4891 2562 4946; x_wconf 65' lang='lat' dir='ltr'><strong>columbae</strong></span> <span class='ocrx_word' id='word_1_504' title='bbox 2588 4906 2706 4945; x_wconf 84' lang='lat' dir='ltr'><strong>cum</strong></span> <span class='ocrx_word' id='word_1_505' title='bbox 2726 4891 2886 4961; x_wconf 81' lang='lat' dir='ltr'><strong>pullis</strong></span> <span class='ocrx_word' id='word_1_506' title='bbox 2911 4891 2980 4944; x_wconf 83' lang='lat' dir='ltr'><strong>ad</strong></span> <span class='ocrx_word' id='word_1_507' title='bbox 3010 4910 3091 4948; x_wconf 85' lang='lat' dir='ltr'><strong>me</strong></span> <span class='ocrx_word' id='word_1_508' title='bbox 3113 4895 3151 4947; x_wconf 77' lang='lat'><strong>’.</strong></span> <span class='ocrx_word' id='word_1_509' title='bbox 3189 4896 3329 4960; x_wconf 78' lang='lat' dir='ltr'><strong>Quin</strong></span> <span class='ocrx_word' id='word_1_510' title='bbox 3353 4897 3522 4950; x_wconf 87' lang='lat' dir='ltr'><strong>etiam</strong></span> 
     </span>
    </p>
   </div>
   <div class='ocr_carea' id='block_1_74' title="bbox 226 4984 1927 5059">
    <p class='ocr_par' dir='ltr' id='par_1_74' title="bbox 226 4986 1839 5059">
     <span class='ocr_line' id='line_1_74' title="bbox 226 4986 1839 5059; baseline -0.001 -16"><span class='ocrx_word' id='word_1_511' title='bbox 226 4987 397 5043; x_wconf 69' lang='grc' dir='ltr'>θεοῦ</span> <span class='ocrx_word' id='word_1_512' title='bbox 437 4987 763 5058; x_wconf 76' lang='grc' dir='ltr'>Ἐκκλησίαν</span> <span class='ocrx_word' id='word_1_513' title='bbox 784 4986 1098 5052; x_wconf 74' lang='grc' dir='ltr'>ἐθέσπισεν,</span> <span class='ocrx_word' id='word_1_514' title='bbox 1128 4987 1163 5057; x_wconf 73' lang='grc' dir='ltr'>ἢ</span> <span class='ocrx_word' id='word_1_515' title='bbox 1186 4986 1399 5057; x_wconf 79' lang='grc' dir='ltr'>χρόνοις</span> <span class='ocrx_word' id='word_1_516' title='bbox 1425 4986 1651 5059; x_wconf 75' lang='grc' dir='ltr'>ὕστερον</span> <span class='ocrx_word' id='word_1_517' title='bbox 1678 4987 1839 5059; x_wconf 76' lang='grc' dir='ltr'>ἐμελ-</span> 
     </span>
    </p>
   </div>
   <div class='ocr_carea' id='block_1_75' title="bbox 1946 4984 3522 5059">
    <p class='ocr_par' dir='ltr' id='par_1_75' title="bbox 1946 4984 3522 5054">
     <span class='ocr_line' id='line_1_75' title="bbox 1946 4984 3522 5054; baseline 0.001 -15"><span class='ocrx_word' id='word_1_518' title='bbox 1946 4984 2031 5039; x_wconf 81' lang='grc' dir='ltr'><strong>Ιιίε</strong></span> <span class='ocrx_word' id='word_1_519' title='bbox 2059 4984 2249 5053; x_wconf 83' lang='lat' dir='ltr'><strong>adjicit</strong></span> <span class='ocrx_word' id='word_1_520' title='bbox 2284 4984 2454 5040; x_wconf 90' lang='lat' dir='ltr'><strong>illud:</strong></span> <span class='ocrx_word' id='word_1_521' title='bbox 2492 4986 2760 5054; x_wconf 77' lang='lat' dir='ltr'><strong>Angustus</strong></span> <span class='ocrx_word' id='word_1_522' title='bbox 2790 4995 2867 5039; x_wconf 82' lang='lat' dir='ltr'><strong>est</strong></span> <span class='ocrx_word' id='word_1_523' title='bbox 2893 4985 3020 5039; x_wconf 84' lang='lat' dir='ltr'><strong>mihi</strong></span> <span class='ocrx_word' id='word_1_524' title='bbox 3049 4987 3217 5048; x_wconf 84' lang='lat' dir='ltr'><strong>locus,</strong></span> <span class='ocrx_word' id='word_1_525' title='bbox 3265 4989 3351 5048; x_wconf 84' lang='lat' dir='ltr'><strong>fac</strong></span> <span class='ocrx_word' id='word_1_526' title='bbox 3397 4992 3522 5041; x_wconf 78' lang='lat' dir='ltr'><strong>mih:</strong></span> 
     </span>
    </p>
   </div>
   <div class='ocr_carea' id='block_1_76' title="bbox 217 5076 1927 5151">
    <p class='ocr_par' dir='ltr' id='par_1_76' title="bbox 217 5076 1842 5151">
     <span class='ocr_line' id='line_1_76' title="bbox 217 5076 1842 5151; baseline -0.002 -14"><span class='ocrx_word' id='word_1_527' title='bbox 217 5084 337 5137; x_wconf 78' lang='grc' dir='ltr'>λεν</span> <span class='ocrx_word' id='word_1_528' title='bbox 385 5081 473 5134; x_wconf 69' lang='grc' dir='ltr'><strong>ἐπ’</strong></span> <span class='ocrx_word' id='word_1_529' title='bbox 499 5079 685 5150; x_wconf 81' lang='grc' dir='ltr'>ἄκρων</span> <span class='ocrx_word' id='word_1_530' title='bbox 721 5078 821 5149; x_wconf 78' lang='grc' dir='ltr'>τῆς</span> <span class='ocrx_word' id='word_1_531' title='bbox 851 5079 955 5149; x_wconf 84' lang='grc' dir='ltr'><strong>γῆς</strong></span> <span class='ocrx_word' id='word_1_532' title='bbox 1006 5079 1087 5142; x_wconf 89' lang='grc' dir='ltr'><strong>είς</strong></span> <span class='ocrx_word' id='word_1_533' title='bbox 1117 5077 1266 5151; x_wconf 76' lang='grc' dir='ltr'>ἄκρα</span> <span class='ocrx_word' id='word_1_534' title='bbox 1302 5076 1612 5148; x_wconf 82' lang='grc' dir='ltr'>πληρώσειν</span> <span class='ocrx_word' id='word_1_535' title='bbox 1638 5079 1736 5151; x_wconf 84' lang='grc' dir='ltr'><strong>τὴν</strong></span> <span class='ocrx_word' id='word_1_536' title='bbox 1762 5082 1842 5135; x_wconf 85' lang='lat' dir='ltr'><strong>ol-</strong></span> 
     </span>
    </p>
   </div>
   <div class='ocr_carea' id='block_1_77' title="bbox 1946 5076 3521 5151">
    <p class='ocr_par' dir='ltr' id='par_1_77' title="bbox 1946 5078 3521 5151">
     <span class='ocr_line' id='line_1_77' title="bbox 1946 5078 3521 5151; baseline 0.002 -18"><span class='ocrx_word' id='word_1_537' title='bbox 1946 5078 2116 5133; x_wconf 79' lang='lat' dir='ltr'><strong>locum</strong></span> <span class='ocrx_word' id='word_1_538' title='bbox 2146 5088 2204 5130; x_wconf 78' lang='lat' dir='ltr'><strong>ut</strong></span> <span class='ocrx_word' id='word_1_539' title='bbox 2235 5078 2525 5134; x_wconf 78' lang='lat' dir='ltr'><strong>inhabilem</strong></span> <span class='ocrx_word' id='word_1_540' title='bbox 2555 5082 2598 5133; x_wconf 83' lang='lat'><strong>&#39;.</strong></span> <span class='ocrx_word' id='word_1_541' title='bbox 2634 5078 2760 5134; x_wconf 65' lang='lat' dir='ltr'><strong>llaec</strong></span> <span class='ocrx_word' id='word_1_542' title='bbox 2791 5080 2935 5134; x_wconf 89' lang='lat' dir='ltr'><strong>enim</strong></span> <span class='ocrx_word' id='word_1_543' title='bbox 2967 5079 3141 5136; x_wconf 81' lang='lat' dir='ltr'><strong>virtus</strong></span> <span class='ocrx_word' id='word_1_544' title='bbox 3170 5080 3406 5151; x_wconf 86' lang='lat' dir='ltr'><strong>Spiritus</strong></span> <span class='ocrx_word' id='word_1_545' title='bbox 3456 5082 3521 5136; x_wconf 84' lang='lat' dir='ltr'><strong>de</strong></span> 
     </span>
    </p>
   </div>
   <div class='ocr_carea' id='block_1_78' title="bbox 214 5156 1927 5245">
    <p class='ocr_par' dir='ltr' id='par_1_78' title="bbox 214 5166 1841 5244">
     <span class='ocr_line' id='line_1_78' title="bbox 214 5166 1841 5244; baseline -0.003 -13"><span class='ocrx_word' id='word_1_546' title='bbox 214 5173 536 5244; x_wconf 78' lang='grc' dir='ltr'>κουμένην</span> <span class='ocrx_word' id='word_1_547' title='bbox 563 5171 800 5226; x_wconf 73' lang='grc' dir='ltr'>ἅπασαν.</span> <span class='ocrx_word' id='word_1_548' title='bbox 839 5166 985 5224; x_wconf 80' lang='grc' dir='ltr'>Ἶίκε</span> <span class='ocrx_word' id='word_1_549' title='bbox 1025 5170 1205 5224; x_wconf 83' lang='grc' dir='ltr'>τοίνυν</span> <span class='ocrx_word' id='word_1_550' title='bbox 1233 5168 1382 5238; x_wconf 77' lang='grc' dir='ltr'>ἄγων</span> <span class='ocrx_word' id='word_1_551' title='bbox 1410 5170 1502 5223; x_wconf 82' lang='grc' dir='ltr'>καὶ</span> <span class='ocrx_word' id='word_1_552' title='bbox 1528 5172 1841 5243; x_wconf 79' lang='grc' dir='ltr'>περιφέρων</span> 
     </span>
    </p>
   </div>
   <div class='ocr_carea' id='block_1_79' title="bbox 1946 5156 3522 5245">
    <p class='ocr_par' dir='ltr' id='par_1_79' title="bbox 1946 5156 3522 5245">
     <span class='ocr_line' id='line_1_79' title="bbox 1946 5156 3522 5245; baseline 0.001 -21"><span class='ocrx_word' id='word_1_553' title='bbox 1946 5172 2209 5243; x_wconf 89' lang='lat' dir='ltr'><strong>populosa</strong></span> <span class='ocrx_word' id='word_1_554' title='bbox 2238 5170 2482 5227; x_wconf 83' lang='lat' dir='ltr'><strong>Ecclesia</strong></span> <span class='ocrx_word' id='word_1_555' title='bbox 2510 5171 2601 5229; x_wconf 87' lang='lat' dir='ltr'><strong>Dei</strong></span> <span class='ocrx_word' id='word_1_556' title='bbox 2631 5156 2930 5230; x_wconf 79' lang='lat' dir='ltr'><strong>vaticinata</strong></span> <span class='ocrx_word' id='word_1_557' title='bbox 2955 5183 3075 5230; x_wconf 89' lang='lat' dir='ltr'><strong>cst:</strong></span> <span class='ocrx_word' id='word_1_558' title='bbox 3102 5189 3224 5245; x_wconf 68' lang='lat' dir='ltr'><strong>quae</strong></span> <span class='ocrx_word' id='word_1_559' title='bbox 3254 5176 3522 5244; x_wconf 81' lang='lat' dir='ltr'><strong>posterio-</strong></span> 
     </span>
    </p>
   </div>
   <div class='ocr_carea' id='block_1_80' title="bbox 216 5258 1927 5337">
    <p class='ocr_par' dir='ltr' id='par_1_80' title="bbox 216 5258 1840 5337">
     <span class='ocr_line' id='line_1_80' title="bbox 216 5258 1840 5337; baseline 0.001 -22"><span class='ocrx_word' id='word_1_560' title='bbox 216 5270 247 5321; x_wconf 72' lang='grc' dir='ltr'><strong>ὁ</strong></span> <span class='ocrx_word' id='word_1_561' title='bbox 274 5262 500 5337; x_wconf 75' lang='grc' dir='ltr'>χρόνος</span> <span class='ocrx_word' id='word_1_562' title='bbox 531 5262 753 5334; x_wconf 78' lang='grc' dir='ltr'>μνήμην</span> <span class='ocrx_word' id='word_1_563' title='bbox 784 5261 956 5328; x_wconf 79' lang='grc' dir='ltr'>ἁγίων</span> <span class='ocrx_word' id='word_1_564' title='bbox 990 5258 1324 5331; x_wconf 87' lang='grc' dir='ltr'>μυστηρίων,</span> <span class='ocrx_word' id='word_1_565' title='bbox 1355 5258 1725 5332; x_wconf 82' lang='grc' dir='ltr'>καθαιρόντων</span> <span class='ocrx_word' id='word_1_566' title='bbox 1747 5263 1840 5317; x_wconf 83' lang='grc' dir='ltr'><strong>τὸν</strong></span> 
     </span>
    </p>
   </div>
   <div class='ocr_carea' id='block_1_81' title="bbox 1946 5258 3510 5337">
    <p class='ocr_par' dir='ltr' id='par_1_81' title="bbox 1947 5263 3510 5334">
     <span class='ocr_line' id='line_1_81' title="bbox 1947 5263 3510 5334; baseline 0.001 -16"><span class='ocrx_word' id='word_1_567' title='bbox 1947 5263 2102 5318; x_wconf 88' lang='lat' dir='ltr'><strong>ribus</strong></span> <span class='ocrx_word' id='word_1_568' title='bbox 2134 5265 2471 5334; x_wconf 89' lang='lat' dir='ltr'><strong>temporibus</strong></span> <span class='ocrx_word' id='word_1_569' title='bbox 2500 5266 2568 5320; x_wconf 92' lang='lat' dir='ltr'><strong>ab</strong></span> <span class='ocrx_word' id='word_1_570' title='bbox 2593 5266 3034 5323; x_wconf 78' lang='lat' dir='ltr'><strong>extremitatibus</strong></span> <span class='ocrx_word' id='word_1_571' title='bbox 3069 5275 3226 5322; x_wconf 78' lang='lat' dir='ltr'><strong>teme</strong></span> <span class='ocrx_word' id='word_1_572' title='bbox 3249 5266 3315 5321; x_wconf 91' lang='lat' dir='ltr'><strong>ad</strong></span> <span class='ocrx_word' id='word_1_573' title='bbox 3345 5274 3510 5320; x_wconf 72' lang='lat' dir='ltr'><strong>extre</strong></span> 
     </span>
    </p>
   </div>
   <div class='ocr_carea' id='block_1_82' title="bbox 221 5350 1927 5428">
    <p class='ocr_par' dir='ltr' id='par_1_82' title="bbox 221 5350 1842 5427">
     <span class='ocr_line' id='line_1_82' title="bbox 221 5350 1842 5427; baseline -0.001 -18"><span class='ocrx_word' id='word_1_574' title='bbox 221 5356 569 5427; x_wconf 64' lang='grc' dir='ltr'>ἄνθρωπον,</span> <span class='ocrx_word' id='word_1_575' title='bbox 596 5352 633 5406; x_wconf 75' lang='grc' dir='ltr'><strong>ὃ.</strong></span> <span class='ocrx_word' id='word_1_576' title='bbox 651 5353 745 5406; x_wconf 74' lang='grc' dir='ltr'>καὶ</span> <span class='ocrx_word' id='word_1_577' title='bbox 766 5351 866 5424; x_wconf 80' lang='grc' dir='ltr'>τὴν</span> <span class='ocrx_word' id='word_1_578' title='bbox 887 5352 1243 5406; x_wconf 75' lang='grc' dir='ltr'>δυσέκνιπτον</span> <span class='ocrx_word' id='word_1_579' title='bbox 1284 5350 1559 5423; x_wconf 82' lang='grc' dir='ltr'>ἁμαρτίαν</span> <span class='ocrx_word' id='word_1_580' title='bbox 1598 5353 1842 5425; x_wconf 79' lang='grc' dir='ltr'>ἀπορῤύ·</span> 
     </span>
    </p>
   </div>
   <div class='ocr_carea' id='block_1_83' title="bbox 1946 5350 3519 5428">
    <p class='ocr_par' dir='ltr' id='par_1_83' title="bbox 1947 5356 3519 5428">
     <span class='ocr_line' id='line_1_83' title="bbox 1947 5356 3519 5428; baseline 0.001 -18"><span class='ocrx_word' id='word_1_581' title='bbox 1947 5356 2165 5410; x_wconf 86' lang='lat' dir='ltr'><strong>mitates</strong></span> <span class='ocrx_word' id='word_1_582' title='bbox 2210 5369 2427 5410; x_wconf 89' lang='lat' dir='ltr'><strong>omnem</strong></span> <span class='ocrx_word' id='word_1_583' title='bbox 2494 5362 2763 5412; x_wconf 87' lang='lat' dir='ltr'><strong>terrarum</strong></span> <span class='ocrx_word' id='word_1_584' title='bbox 2816 5357 3005 5413; x_wconf 88' lang='lat' dir='ltr'><strong>orbem</strong></span> <span class='ocrx_word' id='word_1_585' title='bbox 3056 5359 3329 5428; x_wconf 85' lang='lat' dir='ltr'><strong>repletnra</strong></span> <span class='ocrx_word' id='word_1_586' title='bbox 3382 5367 3519 5412; x_wconf 76' lang='lat' dir='ltr'><strong>erat.</strong></span> 
     </span>
    </p>
   </div>
   <div class='ocr_carea' id='block_1_84' title="bbox 224 5442 1927 5520">
    <p class='ocr_par' dir='ltr' id='par_1_84' title="bbox 224 5442 1840 5516">
     <span class='ocr_line' id='line_1_84' title="bbox 224 5442 1840 5516; baseline -0.004 -13"><span class='ocrx_word' id='word_1_587' title='bbox 224 5464 369 5503; x_wconf 64' lang='grc' dir='ltr'>πται</span> <span class='ocrx_word' id='word_1_588' title='bbox 416 5446 522 5515; x_wconf 77' lang='grc' dir='ltr'><strong>τῆς</strong></span> <span class='ocrx_word' id='word_1_589' title='bbox 545 5444 724 5516; x_wconf 80' lang='grc' dir='ltr'>ψυχῆς</span> <span class='ocrx_word' id='word_1_590' title='bbox 751 5445 845 5498; x_wconf 74' lang='grc' dir='ltr'><strong>καὶ</strong></span> <span class='ocrx_word' id='word_1_591' title='bbox 875 5442 970 5497; x_wconf 84' lang='grc' dir='ltr'>τοῦ</span> <span class='ocrx_word' id='word_1_592' title='bbox 1002 5444 1252 5514; x_wconf 81' lang='grc' dir='ltr'>σώματος</span> <span class='ocrx_word' id='word_1_593' title='bbox 1271 5458 1285 5472; x_wconf 77' lang='grc'><strong>’</strong></span> <span class='ocrx_word' id='word_1_594' title='bbox 1315 5444 1580 5514; x_wconf 72' lang='grc' dir='ltr'>ἐπανάγει</span> <span class='ocrx_word' id='word_1_595' title='bbox 1611 5445 1668 5500; x_wconf 76' lang='grc' dir='ltr'><strong>δὲ</strong></span> <span class='ocrx_word' id='word_1_596' title='bbox 1702 5445 1840 5509; x_wconf 71' lang='grc' dir='ltr'>ποὺς</span> 
     </span>
    </p>
   </div>
   <div class='ocr_carea' id='block_1_85' title="bbox 1946 5442 3521 5520">
    <p class='ocr_par' dir='ltr' id='par_1_85' title="bbox 1951 5444 3521 5520">
     <span class='ocr_line' id='line_1_85' title="bbox 1951 5444 3521 5520; baseline 0.004 -21"><span class='ocrx_word' id='word_1_597' title='bbox 1951 5445 2109 5500; x_wconf 75' lang='lat' dir='ltr'><strong>Venit</strong></span> <span class='ocrx_word' id='word_1_598' title='bbox 2160 5444 2325 5519; x_wconf 84' lang='lat' dir='ltr'><strong>igitur</strong></span> <span class='ocrx_word' id='word_1_599' title='bbox 2359 5460 2527 5517; x_wconf 77' lang='lat' dir='ltr'><strong>agens</strong></span> <span class='ocrx_word' id='word_1_600' title='bbox 2562 5455 2616 5504; x_wconf 88' lang='lat' dir='ltr'><strong>et</strong></span> <span class='ocrx_word' id='word_1_601' title='bbox 2650 5447 2704 5504; x_wconf 88' lang='lat' dir='ltr'><strong>in</strong></span> <span class='ocrx_word' id='word_1_602' title='bbox 2747 5449 2934 5505; x_wconf 89' lang='lat' dir='ltr'><strong>orbem</strong></span> <span class='ocrx_word' id='word_1_603' title='bbox 2988 5447 3274 5508; x_wconf 67' lang='lat' dir='ltr'><strong>revolvens</strong></span> <span class='ocrx_word' id='word_1_604' title='bbox 3309 5458 3521 5520; x_wconf 80' lang='lat' dir='ltr'><strong>tempus</strong></span> 
     </span>
    </p>
   </div>
   <div class='ocr_carea' id='block_1_86' title="bbox 299 5620 1254 5686">
    <p class='ocr_par' dir='ltr' id='par_1_86' title="bbox 299 5620 1254 5686">
     <span class='ocr_line' id='line_1_86' title="bbox 299 5620 1254 5686; baseline 0.018 -28"><span class='ocrx_word' id='word_1_605' title='bbox 299 5628 319 5658; x_wconf 74' lang='grc' dir='ltr'><strong>ι</strong></span> <span class='ocrx_word' id='word_1_606' title='bbox 352 5623 459 5682; x_wconf 59' lang='lat' dir='ltr'><strong>[sa</strong></span> <span class='ocrx_word' id='word_1_607' title='bbox 533 5635 626 5685; x_wconf 70' lang='grc' dir='ltr'><strong>ιι,</strong></span> <span class='ocrx_word' id='word_1_608' title='bbox 661 5621 713 5676; x_wconf 87' lang='grc'><strong>8.</strong></span> <span class='ocrx_word' id='word_1_609' title='bbox 774 5620 926 5676; x_wconf 82' lang='lat' dir='ltr'><strong>&#39;Isa.</strong></span> <span class='ocrx_word' id='word_1_610' title='bbox 971 5636 1120 5686; x_wconf 65' lang='lat' dir='ltr'><strong>sus,</strong></span> <span class='ocrx_word' id='word_1_611' title='bbox 1164 5621 1254 5679; x_wconf 74' lang='lat'><strong>‘20.</strong></span> 
     </span>
    </p>
   </div>
  </div>
