3930 6210
418 292 520 348 579

1656 283 1714 339 s.
1756 280 2084 340 annonu
2121 250 2428 337 NYSSENI.

3573 272 3695 332 580

417 406 736 466 memoriam
798 410 1117 463 sanctorum
1183 402 1487 470 initiorum,
1545 416 1667 473 quae
1717 400 2002 456 hominem

2105 398 2158 453 τὸ
2197 397 2256 466 ἐξ
2289 399 2461 469 ἀρχῆς
2493 396 2709 462 κάλλος,
2742 398 2878 467 ὅπερ
2909 397 2939 449 ό
2982 393 3367 466 ἀριστοτέχνης
3411 391 3541 457 Θεὸς
3587 391 3693 460 ἐφ’

418 506 675 571 purgant,
734 513 856 577 qua:
910 496 1076 553 etiam
1138 503 1445 567 peccatum,
1513 492 1998 564 quod,diﬂicnlter

2105 491 2230 560 ἡμῖν
2264 489 2609 545 διεπλάσατο.
2660 488 2770 542 Καὶ
2802 487 2889 541 διά
2929 486 3084 540 τοῦτο
3124 484 3155 537 ό
3190 484 3400 557 μύστης
3427 483 3589 550 λαὸς,
3630 484 3691 536 οι

417 590 643 656 eluitur,
701 596 815 642 tum
848 588 917 643 ab
946 587 1150 651 anima,
1184 596 1301 642 tum
1353 601 1382 640 a
1418 601 1646 656 corpore
1680 585 2001 655 abstergunt

418 689 584 750 atque
627 680 907 750 depellunt
929 659 1099 749 aqua.)
1130 679 1258 734 item
1291 676 1359 732 ad
1381 677 1667 749 pristinam
1696 677 2001 747 pulchritu-

418 770 628 837 dinem,
656 785 819 840 quam
855 771 1097 840 optimus
1121 769 1318 823 artifex
1356 767 1499 822 Deus
1546 767 1602 821 in
1631 767 1790 822 nobis
1842 767 1998 823 eilia-

419 871 596 926 xerat,
627 862 917 916 reducunt.
957 858 1132 930 Atque
1160 859 1366 915 idcirco
1401 874 1498 915 vos
1536 859 1776 930 quidem,
1812 860 1906 930 qui
1932 875 1999 915 ex

420 953 523 1007 hoc
549 954 755 1023 populo
794 953 990 1008 initiati
1014 952 1169 1016 estis,
1205 952 1345 1006 bona
1381 950 1504 1005 ﬁdei
1532 958 1737 1006 nostra!
1786 951 1997 1020 experti

420 1045 780 1112 convenistis,
796 1052 961 1115 atque
979 1043 1253 1098 adducitis
1268 1043 1430 1097 etiam
1445 1050 1719 1111 expertem
1742 1042 1919 1096 adhuc
1947 1047 2002 1096 et

422 1136 729 1207 imperitam
761 1137 957 1189 harum
998 1150 1180 1190 rerum
1238 1134 1671 1199 multitudinem,
1735 1140 1999 1203 tanquam

422 1227 551 1282 boni
582 1235 767 1297 patres
795 1240 927 1280 cura
958 1236 1119 1295 atque
1146 1224 1535 1279 conciliatione
1589 1239 1696 1278 non
1756 1223 2001 1278 initiatos

423 1317 491 1372 ad
531 1317 822 1387 perfectam
851 1316 1068 1387 pietatis
1121 1315 1665 1386 comprehensionem
1726 1313 2004 1369 deducen-

423 1415 526 1463 tes.
569 1407 684 1480 Ego
713 1423 843 1462 vero
867 1407 1112 1479 gratulor
1138 1407 1424 1477 utrisque:
1470 1406 1702 1479 initiatis
1758 1406 2002 1476 quidem,

344 1527 368 1547 .
421 1500 564 1566 quod
602 1514 798 1568 magno
825 1498 971 1553 dono
999 1497 1156 1552 ditati
1189 1498 1364 1562 estis;
1396 1512 1503 1552 non
1554 1497 1788 1553 initiatis
1850 1512 2000 1560 vero,

422 1588 567 1659 quod
598 1589 740 1644 bona
771 1588 958 1644 futura
985 1589 1243 1658 speratis,
1264 1587 1460 1658 judieii
1492 1588 1704 1643 scilicet
1732 1597 1784 1642 et
1829 1602 2004 1656 poena:

423 1682 830 1745 remissionem,
861 1681 1205 1736 vinculorum
1246 1681 1601 1743 solutionem,
1658 1681 2002 1735 conciliatio-

2099 580 2497 652 πεπειραμένοι
2539 580 2649 634 τῶν
2697 581 2919 649 ἀγαθῶν
2963 580 3060 649 τῆς
3093 578 3371 649 ἡμετέρας
3406 574 3649 637 πίστεως
3669 612 3690 635 ,
3720 587 3727 593 ’

2098 671 2455 743 ἡθροίσθητεο
2506 673 2779 741 ὲπάγεσθε
2811 672 2868 725 δὲ
2905 673 2999 725 καὶ
3030 670 3122 724 τὸν
3160 670 3388 739 ἄπειρον
3434 666 3513 721 ἐτι
3536 707 3552 731 ,
3582 661 3691 720 οἷα.

2100 763 2333 837 πατέρες
2360 765 2609 837 χρηστοὶ,
2645 764 2844 838 μελέτῃ
2879 765 2971 818 καὶ
3002 764 3331 835 προσαγωγῇ
3358 759 3692 830 ὁδηγοῦντες

2099 855 2225 919 τοὺς
2253 856 2531 928 ἀμυήτους
2576 857 2713 927 πρὸς
2743 857 2847 927 τὴν
2885 854 3096 909 τελείαν
3140 854 3239 924 τῆς
3268 851 3552 915 εύσεὸείας
3583 868 3693 904 κα-

2100 946 2354 1018 τάληψιν.
2401 946 2545 1016 Ἐγὼ
2589 947 2646 1000 δὲ
2685 946 3017 1018 ἀμφοτέροις
3059 946 3390 1016 συνήδομαι·
3425 943 3542 1006 τοῖς
3584 941 3689 1013 μιν

2099 1014 2450 1103 τελεσθεῖσιν,
2476 1014 2562 1092 ότι
2593 1014 2834 1109 μεγάλην
2864 1014 3074 1107 δωρεῖὶν
3120 1014 3493 1106 ἐπλουτήσατε
3519 1048 3533 1062 ⁸
3569 1032 3686 1097 τοῖς

2100 1129 2159 1184 δὲ
2187 1130 2482 1200 ἀμυήτοις,
2510 1131 2594 1183 ὅτι
2623 1129 2717 1182 κα)
2729 1130 2795 1200 ὴν
2821 1127 3148 1201 προσδοκίαν
3175 1126 3421 1190 ἐλπίζετε
3440 1164 3455 1189 ,
3485 1124 3685 1194 ἄφεσιν

2102 1220 2359 1286 εὐθυνῶν,
2402 1220 2557 1275 λύσιν
2600 1220 2834 1291 δεσμῶν,
2873 1220 3143 1273 οίκείωσιν
3177 1218 3316 1290 πρὸς
3346 1217 3502 1281 Θεὸν,
3543 1220 3686 1287 παῤ-

2105 1314 2300 1386 ῥησίαν
2334 1312 2657 1383 ἐλευθέριον,
2691 1312 2811 1365 ἀντὶ
2838 1295 3088 1380 δουλικῆς
3111 1308 3499 1378 ταπεινότητος
3527 1306 3687 1359 ἰσοτι-

2106 1407 2236 1477 μίαν
2262 1404 2361 1478 τὴν
2399 1405 2533 1476 πρὸς
2562 1403 2851 1473 ἀγγέλους.
2880 1402 3066 1455 Ταῦτα
3096 1401 3204 1473 γάρ
3231 1402 3382 1472 ἡμῖν,
3410 1400 3508 1452 καὶ
3538 1398 3592 1451 εῐ
3631 1415 3683 1450 τι

2100 1495 2312 1559 ’τούτοις
2336 1495 2648 1556 ἀκόλουθον,
2679 1497 2712 1566 ἡ
2739 1492 2836 1547 τοῦ
2859 1492 3085 1564 λουτροῦ
3116 1494 3275 1563 χάρις
3294 1491 3566 1559 ἐγγυᾶται
3589 1489 3684 1542 καὶ

2101 1584 2305 1639 δίδωσι.
2334 1583 2426 1637 Διὸ
2453 1583 2552 1647 τὰς
2573 1582 2738 1646 ἄλλας
2762 1582 2870 1635 τῶν
2898 1581 3130 1653 Γραφῶν
3160 1581 3443 1643 ὑποθέσεις
3473 1580 3682 1649 ἑτέροις

2105 1677 2320 1749 καιροῖς
2354 1675 2697 1745 ἀναθέμενοι,
2724 1672 2801 1744 τῷ
2821 1672 3167 1744 προκειμένῳ
3199 1669 3386 1741 σκοπῷ
3404 1670 3684 1741 παραμείι

419 1787 545 1828 nem
571 1780 626 1828 et
650 1772 1098 1843 coniunctionem
1127 1788 1252 1827 cum
1276 1769 1409 1836 Deo,
1431 1772 1684 1829 fiduciam
1706 1773 1997 1843 ingenuam

2105 1748 2302 1840 νωμεν,
2349 1768 2419 1822 τά
2468 1764 2644 1822 οἰκεῖα
2676 1767 2770 1821 καὶ
2819 1766 3103 1838 πρόσφορα
3148 1766 3216 1836 τῇ
3251 1766 3411 1834 ἑορτῇ
3445 1762 3684 1834 δωροφο-

420 1871 477 1920 et
503 1864 710 1921 aditum
742 1864 974 1920 liberum
1009 1865 1130 1921 loco
1159 1864 1379 1921 servilis
1413 1864 1760 1928 humilitatis.
1815 1880 1998 1935 parem

422 1968 549 2008 cum
588 1947 793 2024 angelis
821 1954 1046 2011 honoris
1075 1953 1469 2010 conditionem.
1503 1954 1627 2010 Haec
1643 1958 1788 2009 enim
1818 1955 2000 2019 nobis,

424 2060 489 2099 ac
516 2045 562 2100 si
586 2046 717 2115 quid
755 2045 841 2102 his
876 2046 1056 2101 simile
1092 2053 1179 2101 est
1225 2060 1290 2101 ac
1344 2045 1522 2113 amne,
1564 2047 1769 2103 lavacri
1829 2047 2004 2117 gratia

425 2138 656 2207 spondet
706 2145 761 2192 et
811 2138 926 2192 dat.
985 2137 1352 2206 Quamobrem
1417 2140 1541 2196 aliis
1592 2140 2004 2211 Scripturarum

426 2228 669 2282 materiis
711 2237 764 2283 et
813 2230 1150 2299 argumentis
1183 2231 1239 2285 in
1271 2230 1376 2284 alia
1411 2238 1659 2299 tempora
1695 2230 1912 2301 rejectis
1944 2231 1999 2286 in

423 2318 709 2388 proposito
746 2315 1081 2390 "argumento
1148 2336 1590 2390 permaneamus.
1639 2337 1739 2392 pro
1787 2323 1999 2379 viribus

423 2411 810 2466 convenientia
833 2420 1000 2483 atque
1039 2412 1450 2468 accommddata
1503 2412 1611 2468 diei
1660 2412 1801 2469 festo
1860 2413 2003 2470 dona

2108 1862 2326 1934 ροῦντες
2352 1863 2431 1926 είς
2456 1860 2684 1932 δύναμιν
2704 1877 2718 1891 ο
2751 1859 2903 1929 φίλον
2929 1856 3268 1930 γὰρθὲκάστῃ
3295 1855 3609 1926 πανηγύρει
3628 1853 3685 1907 τὸ

2104 1956 2257 2010 ἴδιον.
2292 1955 2450 2009 Οὕτω
2498 1956 2674 2026 γάμον
2706 1955 2805 2025 μὲν
2837 1955 2955 2016 ταῖς
2986 1950 3362 2022 ὲπιθαλαμίοις
3402 1950 3575 2021 ᾠδαῖς
3600 1949 3685 2002 δε-

2076 2046 2365 2120 ,ξιούμεθα
2387 2064 2400 2079 ο
2425 2047 2609 2121 πένθει
2625 2047 2683 2100 δὲ
2701 2046 2770 2100 τὰ
2785 2045 3150 2118 νενομισμένα
3172 2047 3283 2108 τοῖς
3302 2041 3687 2115 ὲπικηδ[ε]ίοις

2110 2142 2327 2214 θρήνοις
2344 2140 2689 2212 εἰσφέρομεν·
2711 2141 2769 2192 ὲν
2791 2140 3076 2211 πράγματι
3097 2134 3684 2205 σπουδαιολογούμεθα·

2108 2230 2165 2285 ὲν
2197 2232 2453 2302 εὐωχίαις
2483 2230 2684 2299 λύομεν
2708 2230 2808 2300 τῆς
2839 2230 3017 2300 ψυχῆς
3045 2228 3108 2281 τὸ
3136 2226 3572 2298 πεπυκνωμένον
3595 2226 3689 2278 καὶ

2110 2322 2358 2376 σύντονον
2379 2337 2391 2348 ·
2422 2321 2654 2376 ἕκαστον
2674 2321 2730 2375 δὲ
2756 2321 2946 2393 καιρὸν
2966 2318 3241 2391 τηροῦμεν
3260 2318 3367 2372 τῶν
3386 2317 3689 2389 ἀλλοτρίων

2109 2413 2526 2468 ἀνεπιθόλωτον.

423 2500 937 2558 offerenteszsuum
980 2504 1127 2558 enim
1179 2513 1234 2559 et
1298 2506 1581 2576 proprium
1646 2505 1844 2577 cuique
1912 2507 2002 2562 ecl.

2105 2507 2213 2560 itati
2251 2514 2464 2576 gratum
2493 2514 2547 2560 et
2588 2512 2873 2575 acceptum
2925 2510 3032 2558 est.
3087 2500 3163 2557 Ita
3210 2501 3433 2573 nuptias
3464 2499 3685 2572 quidem

421 2596 791 2667 epithalamiis
824 2598 1113 2655 cantilenis
1144 2600 1521 2670 celebramus;
1571 2601 1722 2657 luctu
1778 2617 1908 2658 vero
1949 2601 2384 2672 funebribusque
2427 2600 2909 2657 lamentationibus
2934 2597 3083 2669 justa
3108 2597 3340 2652 mortuis
3368 2592 3434 2650 'et
3455 2594 3688 2650 inferias

422 2692 654 2759 damus;
690 2694 747 2748 in
787 2695 1006 2765 negotio
1035 2695 1181 2751 serio
1212 2696 1513 2767 loquimur;
1546 2696 1611 2752 in
1631 2696 1895 2753 conviviis
1945 2698 2373 2753 contractionem
2410 2703 2464 2751 et
2502 2695 2906 2751 contentionem
2960 2693 3129 2748 animi
3159 2691 3447 2758 solvimus,
3494 2703 3692 2744 unum-

422 2783 678 2854 quodque
737 2792 952 2855 tempus
1002 2786 1071 2840 ab
1104 2787 1407 2842 alienarum
1454 2802 1639 2843 rerum
1682 2787 2008 2851 confusione
2038 2796 2203 2860 atque
2242 2788 2651 2859 perturbatione
2684 2785 2954 2857 integrum
2987 2799 3292 2842 servamus.

497 2871 670 2926 Natus
703 2871 872 2942 igitur
910 2879 994 2928 est
1023 2871 1298 2936 Christus.
1329 2876 1476 2930 velut
1505 2865 1633 2931 ante
1659 2891 1865 2947 paucos
1892 2876 2002 2932 dies

2191 2876 2486 2948 Ἐγεννήθη
2508 2876 2689 2930 τοίνυν
2716 2875 2969 2948 Χριστὸς,
2996 2874 3072 2938 ὼς
3096 2875 3201 2946 πρὸ
3222 2874 3420 2943 ὀλίγων
3440 2874 3689 2947 ἡμερῶν,

424 2962 520 3034 qui
546 2971 674 3018 ante
703 2977 922 3018 omnem
950 2971 1230 3026 naturam,
1260 2972 1371 3018 tam
1399 2965 1657 3022 sensilem
1691 2982 1853 3038 quam
1894 2968 2002 3038 spi-

2108 2970 2139 3022 ό
2167 2968 2275 3040 πρὸ
2314 2967 2494 3038 πάσης
2521 2966 2708 3027 οὐσίας
2738 2966 3004 3038 αἰσθητῆς
3041 2982 3101 3019 τε
3137 2966 3233 3020 καὶ
3266 2965 3467 3037 νοητῆς
3496 2978 3694 3035 γεννη-

425 3054 701 3119 ritualem,
737 3062 900 3109 natus
933 3061 1037 3108 est.
1086 3052 1400 3124 Baptizatur
1448 3055 1613 3113 hodie
1642 3057 1714 3113 ab
1771 3056 2002 3125 Joanne,

2111 3058 2245 3123 θείς.
2278 3056 2606 3122 Βαπτίζεται
2644 3055 2888 3126 σήμερον
2917 3052 3072 3125 παρά
3128 3054 3376 3109 Ἰωάννου
3399 3095 3417 3119 ,
3463 3053 3550 3106 ἵνα
3593 3053 3690 3106 τὸν

425 3152 484 3199 ιιι
517 3143 858 3200 sordidatum
886 3152 942 3200 et
970 3146 1403 3202 contaminatum
1437 3158 1787 3220 expurgaret,
1840 3150 2025 3226 spirig

423 3243 650 3307 tumque
683 3252 921 3308 superne
977 3237 1293 3305 adduceret,
1328 3249 1384 3295 et
1412 3239 1685 3296 hominem
1720 3242 1777 3296 in
1824 3243 2003 3298 ‘coelos

422 3329 738 3384 extolleret:
770 3338 829 3383 ut
863 3330 1049 3399 lapsus
1095 3330 1418 3402 erigeretur,
1471 3340 1529 3387 et
1559 3333 1653 3403 qui
1708 3333 2000 3403 deiecerat,

421 3417 850 3473 confunderetur
884 3428 939 3475 et
965 3421 1435 3478 dehonestaretur.
1485 3423 1567 3478 Ac
1608 3439 1678 3479 ne
1715 3425 2003 3481 admireris

424 3508 571 3580 quod
605 3507 713 3563 Deo
750 3524 836 3564 res
868 3520 1070 3566 nostra:
1097 3520 1250 3567 tanto
1276 3514 1462 3569 studio
1491 3528 1555 3568 ac
1579 3530 1726 3570 curae
1756 3515 2000 3579 fuerunt,

426 3608 485 3656 nt
513 3600 677 3654 etiam
710 3602 826 3670 ipse
858 3617 955 3672 per
985 3617 1107 3658 sese
1141 3604 1379 3658 hominis
1436 3605 1669 3661 salutem
1722 3615 2003 3678 praestaret

424 3707 489 3748 ac
517 3704 955 3763 repraesentaret.
988 3696 1368 3752 Sollicitudine
1389 3699 1535 3754 enim
1557 3699 1803 3761 adhibita
1835 3703 2005 3754 male-

425 3788 562 3840 ttcus
594 3787 755 3842 nobis
790 3788 1085 3844 insidiatus
1116 3797 1219 3853 est,
1251 3804 1375 3844 cum
1407 3805 1540 3845 cura
1572 3792 1701 3847 item
1736 3791 2002 3848 creatoris

425 3891 730 3932 servamur.
765 3878 945 3948 Atque
981 3879 1071 3934 ille
1115 3879 1334 3948 quidem
1390 3881 1609 3937 invidus
1641 3890 1697 3936 et
1744 3898 1999 3953 nequam,

427 3983 553 4020 cum
587 3977 874 4037 peccatum
916 3969 1181 4026 adversus
1216 3987 1316 4025 nos
1350 3972 1745 4040 introduceret,
1777 3976 1999 4046 dignum

424 4072 525 4114 suo
559 4061 791 4115 consilio
830 4062 1194 4116 velamentum
1259 4074 1570 4133 serpentem
1621 4076 1816 4123 nactus
1875 4075 1998 4123 est:

428 4150 675 4222 impurus
712 4155 765 4208 in
795 4153 1029 4209 similem
1044 4169 1168 4211 sese
1184 4156 1492 4221 insinuans,
1507 4159 1786 4213 voluntate
1802 4174 1867 4213 ac
1888 4168 2003 4215 stu-

429 4241 522 4297 dio
577 4252 831 4300 terrenus
875 4252 931 4301 et
969 4247 1373 4304 subterraneus
1430 4250 1609 4319 reptili
1663 4252 1996 4306 inhabitans.

427 4331 681 4390 Christus
710 4352 861 4401 vero,
896 4351 1021 4391 cum
1068 4338 1216 4394 illius
1251 4338 1550 4409 nequitiam
1586 4347 1641 4395 et
1688 4340 2005 4409 improbita-

2110 3150 2499 3222 ὲρρυπωμένον
2520 3146 2866 3219 ἀποκαθάρῃ,
2906 3145 3129 3217 Πνεῦμα
3158 3144 3215 3199 δὲ
3249 3144 3458 3199 ἀνωθεν
3480 3146 3686 3216 ἀγάγῃ,

2085 3243 2202 3311 ,καὶ
2228 3242 2317 3294 τὸν
2352 3239 2638 3312 ἄνθρωπον
2666 3240 2749 3303 είς
2785 3238 3047 3310 οὐρανοὺς
3078 3235 3341 3310 ἀνυψὼσῃ
3364 3252 3379 3268 ·
3422 3237 3506 3291 ἶνα
3529 3239 3558 3290 ὁ
3583 3253 3691 3289 πε-

2111 3331 2220 3385 σὼν
2246 3330 2523 3402 διεγερθῇ,
2539 3329 2634 3384 καὶ
2658 3330 2687 3383 ὁ
2715 3328 2880 3400 ῥίψας
2903 3328 3294 3399 καταισχυνθῇ.
3327 3329 3439 3382 Καὶ
3464 3328 3538 3400 μὴ
3560 3329 3695 3382 θαυ-

2114 3425 2312 3496 μάσῃς,
2343 3425 2392 3477 εί
2414 3422 2669 3483 τοσοῦτον
2697 3421 2908 3491 ἐγίνετο
2928 3419 3007 3491 τῷ
3034 3419 3154 3490 Θεῷ
3180 3417 3243 3472 τὺ
3271 3419 3393 3473 καθ’
3419 3421 3569 3491 ἡμᾶς
3590 3435 3697 3472 πε-

2119 3513 2533 3583 ρισπούδαστον,
2562 3512 2649 3565 ἵνα
2670 3512 2765 3566 καὶ
2783 3512 3133 3585 αὐτουργήσῃ
3151 3509 3245 3565 τοῦ
3273 3509 3558 3581 ἀνθρώπου
3588 3511 3696 3581 τὴν

2110 3605 2404 3676 σωτηρίαν.
2434 3603 2593 3659 Μετὰ
2627 3602 2898 3675 μερίμνης
2921 3604 3031 3675 γάρ
3062 3604 3165 3671 τῆς
3194 3602 3285 3656 τοῦ
3312 3601 3690 3671 κακουργοῦν-

2107 3713 2200 3761 τος
2229 3695 2723 3767 ὲπεὸουλεύθημεν,
2759 3695 2896 3767 μετά
2918 3695 3199 3767 φροντίδος
3216 3694 3271 3748 δὲ
3288 3692 3380 3746 τοῦ
3406 3696 3692 3764 Δημιουρο

2108 3789 2206 3859 γοῦ
2248 3787 2553 3859 σωζόμεθα.
2601 3790 2711 3841 Καὶ
2746 3790 2776 3841 ό
2824 3788 2921 3858 μὲν
2978 3787 3248 3858 μοχθηρὸς
3278 3786 3370 3840 καὶ
3407 3783 3691 3855 βάσκανος

2110 3880 2253 3935 κατά
2300 3880 2394 3933 τοῦ
2442 3880 2635 3947 γένους
2670 3874 2829 3951 ἡμῶν
2870 3880 2967 3951 τὴν
3016 3880 3290 3950 ἁμαρτίαν
3322 3880 3689 3950 καινοτομῶν,

2110 3973 2260 4039 ἄξιον
2291 3973 2391 4044 τῆς
2421 3971 2616 4025 ἑαυτοῦ
2655 3972 2880 4044 γνώμης
2902 3972 3274 4047 προκάλυμμα
3299 3972 3389 4025 τὸν
3408 3972 3533 4041 ὅφιν
3563 3972 3693 4026 ἐσύ-

2113 4081 2268 4136 ρετο,
2298 4064 2326 4115 ὁ
2368 4064 2675 4134 ἀκάθαρτος
2705 4063 2783 4134 τῷ
2826 4063 2995 4133 ὁμοίῳ
3039 4061 3401 4127 ἐπεισελθὼν,
3432 4065 3462 4115 ό
3498 4065 3691 4134 γήῖνος

2109 4156 2205 4210 καὶ
2247 4155 2456 4225 χθόνιος
2498 4156 2597 4228 τὴν
2633 4155 2952 4228 προαίρεσιν
2992 4155 3280 4225 ἐνοικήσας
3322 4154 3401 4226 τῷ
3448 4154 3683 4225 ἑρπετῷ.

2108 4247 2340 4315 Χριστὸς
2355 4246 2411 4298 δὲ
2428 4248 2457 4299 ὁ
2475 4246 2574 4317 τὴν
2599 4247 2809 4301 ἐκείνου
2831 4247 3095 4317 πονηρίαν
3117 4246 3454 4318 ἐπανορθῶν,
3484 4246 3691 4300 τέλειον

2109 4337 2481 4407 ἀναλαμϐάνει
2506 4338 2597 4391 τὸν
2624 4337 2932 4408 ἄνθρωπον,
2958 4338 3055 4392 καὶ
3079 4337 3241 4402 σώζει
3260 4338 3353 4391 τὸν
3378 4337 3689 4407 ἄνθρωπον,

420 4434 532 4483 ιεηι
579 4429 900 4498 corrigeret,
956 4429 1229 4485 hominem
1264 4431 1566 4501 perfectum
1630 4432 1885 4497 assumit,
1947 4439 2002 4486 et

2111 4431 2205 4484 καὶ
2232 4429 2442 4498 γίνεται
2485 4429 2703 4484 πάντων
2745 4431 2901 4501 ὴμῶν
2939 4430 3107 4494 τύπος
3138 4431 3232 4484 καὶ
3275 4428 3583 4502 χαρακτὴρ,
3623 4428 3692 4482 ἶν’

426 4526 610 4571 servat
634 4517 929 4581 hominem,
953 4527 1007 4573 et
1032 4521 1276 4593 ontniutn
1309 4522 1481 4576 nostri
1514 4522 1690 4575 forma
1717 4530 1881 4591 atque
1923 4522 2004 4576 ﬁ—

427 4624 562 4679 gura
592 4610 832 4675 exsistit,
861 4617 922 4664 ut
949 4612 1389 4683 uniuscujusque
1442 4615 1676 4669 actionis
1732 4598 2005 4684 primitias

426 4701 812 4768 sanctiﬁcaret,
839 4712 892 4757 et
911 4702 1148 4757 studium
1179 4705 1486 4761 traditionis
1513 4706 1656 4760 haud
1689 4707 2003 4777 ambiguum

426 4793 603 4849 servis
660 4794 993 4863 relinqueret
1087 4794 1361 4865 BaptiSma
1424 4799 1591 4868 igitur
1651 4806 2003 4868 peccatorum

423 4886 667 4953 expiatio
694 4893 800 4950 est,
830 4885 1086 4941 remissio
1115 4886 1465 4953 delictorum,
1515 4890 1907 4946 'renovationis
1953 4900 2008 4946 et

426 4978 859 5045 regenerationis
952 4993 1139 5034 causa.
1229 4979 1720 5051 Regenerationem
1820 4989 2004 5037 autem

425 5066 668 5137 intellige
722 5083 841 5123 eam
893 5086 1016 5141 qua:
1070 5070 1402 5141 cogitatione
1455 5073 1725 5136 cernitur,
1826 5073 2005 5128 oculis

424 5176 533 5216 non
617 5160 849 5216 videtur.
926 5161 1046 5216 Non
1109 5164 1254 5217 enim
1340 5179 1468 5219 vere
1543 5164 2003 5235 quemadmodum

426 5252 690 5309 Hebraeus
812 5253 904 5308 ille
980 5243 1308 5309 Nicodemus
1387 5254 1542 5319 dixit,
1632 5263 1796 5325 atque
1880 5270 2005 5311 vero

423 5347 666 5401 crassius
719 5344 1082 5408 intellexerat.
1141 5360 1326 5401 senem
1382 5336 1716 5401 mutabimus
1765 5347 1821 5401 in
1872 5363 2005 5417 pue-

423 5454 588 5506 rum;
642 5453 820 5508 neque
877 5453 1138 5510 rugosum
1191 5450 1246 5493 et
1298 5452 1496 5493 canum
1544 5440 1599 5492 in
1656 5449 1901 5495 tenerum
1950 5447 2006 5495 et

420 5528 678 5598 juvenem
707 5529 1252 5595 transformabimus,
1282 5538 1379 5587 aut
1409 5531 1606 5585 iterum
1636 5530 1917 5586 hominem
1946 5533 2003 5586 in

427 5625 644 5673 uterum
677 5621 870 5677 matris
916 5621 1266 5686 reduceinus,
1298 5622 1393 5676 sed
1433 5630 1827 5691 compunctum
1862 5622 2005 5678 notis

427 5720 775 5779 peccatorum
824 5722 877 5768 et
910 5715 1071 5768 malis
1118 5713 1363 5769 moribus
1412 5714 1776 5768 inveteratum
1827 5716 2004 5786 gratia

2107 4519 2344 4589 ἑκάστης
2375 4516 2625 4588 πράξεως
2658 4520 2859 4590 ἁγιάσῃ
2898 4519 2994 4591 τὴν
3024 4518 3297 4591 ἀπαρχὴν,
3340 4519 3434 4571 καὶ
3464 4518 3559 4569 τὸν
3590 4517 3686 4586 ζῆ·

2108 4611 2198 4664 λον
2226 4610 2326 4679 τῆς
2356 4610 2708 4680 παραδόσεως
2741 4609 3110 4682 ἀναμφίϐολον
3131 4608 3404 4680 καταλίπῃ
3429 4611 3547 4671 τοῖς
3572 4607 3691 4661 δού-

2106 4705 2238 4768 λοις.
2292 4704 2582 4775 Βάπτισμα
2626 4706 2804 4759 τοίνυν
2849 4708 2996 4759 ἐστὶν
3045 4696 3329 4776 ἁμαρτιῶν
3379 4702 3684 4775 κάθαρσις,

2106 4798 2301 4866 ἄφεσις
2326 4797 2836 4869 πλημμελημάτων,
2855 4797 3251 4867 ἀνακαινισμοῦ
3278 4798 3369 4850 καὶ
3395 4799 3691 4866 ἀναγεννή-

2109 4907 2247 4954 σεως
2286 4890 2454 4944 αἰτία.
2497 4891 2875 4962 Ἀναγέννησιν
2913 4890 2971 4944 δὲ
3001 4892 3212 4960 νόησον,
3242 4890 3419 4960 ἐννοίᾳ
3448 4889 3688 4961 θεωρου-

2111 4980 2298 5051 μένην,
2349 4979 2646 5050 ὀφθαλμοῖς
2687 4981 2749 5035 ού
2804 4979 3165 5052 βλεπομένην.
3217 4982 3293 5033 οὐ
3349 4980 3460 5050 γὰρ
3517 4980 3686 5042 ὅντως

2116 5073 2256 5128 κατὰ
2284 5073 2377 5127 τὸν
2434 5073 2685 5145 Ἐϐραῖον
2718 5074 3058 5143 Νικόδημον,
3089 5076 3183 5144 καὶ
3210 5073 3311 5142 τὴν
3339 5073 3555 5127 ἐκείνου
3599 5090 3686 5127 παρ

2107 5164 2339 5235 χυτέραν
2359 5164 2593 5218 διάνοιαν
2611 5165 2702 5218 τὸν
2730 5165 3043 5236 πρεσὸύτην
3073 5163 3434 5235 ὲναλλάξομεν
3457 5166 3541 5228 εἰς
3566 5182 3684 5216 παι-

2105 5255 2249 5309 δίον·
2287 5255 2411 5309 οὔτε
2459 5256 2547 5308 τὸν
2584 5257 2747 5327 ῥυσὸν
2777 5257 2872 5311 καὶ
2910 5257 3317 5327 πεπολιωμένον
3347 5257 3429 5319 είς
3477 5255 3684 5309 ἁπαλὸν

2107 5350 2204 5402 καὶ
2233 5346 2352 5401 νέον
2384 5350 2879 5420 μετασκευάσομεν,
2923 5349 2990 5403 ἂν
3019 5348 3182 5402 πάλιν
3211 5350 3290 5412 είς
3315 5346 3417 5417 τὴν
3446 5344 3690 5415 γαστέρα

2106 5441 2206 5511 τῆς
2230 5441 2430 5512 μητρὸς
2447 5441 2539 5496 τὸν
2567 5443 2848 5512 ἄνθρωπον
2877 5443 3219 5514 ἐπανάξομεν
3237 5457 3252 5472 °
3281 5440 3420 5496 ἀλλά
3449 5440 3541 5493 τὸν
3563 5455 3693 5492 κατ-

2108 5534 2423 5604 εστιγμένον
2456 5537 2574 5597 ταῖς
2614 5535 2929 5607 ἁμαρτίαις,
2962 5535 3056 5589 καὶ
3105 5536 3293 5597 κακοῖς
3320 5527 3697 5603 ἐπιτηδεύμα-

2111 5640 2194 5677 σιν
2223 5624 2676 5695 ὲμπαλαιωθέντα
2702 5627 2883 5697 χάριτι
2929 5625 3182 5697 βασιλικῇ
3217 5624 3563 5693 ὲπανάγομεν
3601 5622 3696 5683 εἰς

2108 5714 2168 5768 τὸ
2192 5714 2286 5769 τοῦ
2311 5713 2541 5785 βρέφους
2568 5717 2877 5774 ἀνεύθυνον.
2915 5716 3003 5781 Ὠς
3024 5717 3133 5785 γὰρ
3154 5717 3216 5771 τὸ
3243 5716 3533 5770 εὐθύτοκον
3558 5729 3708 5768 παι-
