3930 6210
235 265 326 320 53.
1444 239 1513 295 IN
1541 235 1824 295 BAPTISM

1930 234 1943 290 ί
1975 229 2271 291 CHRISTI.

3415 234 3520 293 582

230 368 333 422 ϐίον
389 363 683 435 ἐλεύθερόν
734 364 886 417 ἐστιν
941 350 1308 436 ἐγκλημάτων
1362 364 1460 418 καὶ
1511 362 1824 436 τιμωριῶν,

1931 357 2083 430 regia
2117 370 2184 412 eo
2220 351 2549 425 redigimus,
2594 332 2663 405 ἰιι
2694 351 2965 406 innocens
3005 349 3079 407 sit
3111 347 3279 404 sicuti
3310 346 3516 405 infans.

227 455 402 519 οὕτως
430 456 526 509 καὶ
540 456 571 508 ό
596 454 696 524 τῆς
711 452 1122 522 ἀναγεννήσεως
1135 455 1265 516 παῖς
1290 452 1389 507 οὐκ
1404 451 1516 523 ἔχει
1538 469 1603 506 πε
1613 453 1666 523 pi
1676 451 1820 516 τίνος

224 545 655 614 ἀπολογήσεται,
682 544 938 616 βασιλικῇ
964 545 1140 615 δωρεᾷ
1166 544 1275 598 τῶν
1315 544 1555 598 εὐθυνῶν
1575 542 1816 613 ἀφεθείς.

225 634 455 708 Ταύτην
477 636 533 689 δὲ
553 636 653 707 τὴν
691 635 1017 707 εὐεργεσίαν
1052 635 1114 688 οὐ
1151 635 1212 688 τὸ
1241 633 1386 706 ὕδωρ
1409 633 1693 705 χαρίζεται
1722 627 1821 705 (ἦν

221 729 337 799 γὰρ
382 729 452 782 ἂν
487 727 664 798 πάσης
696 727 800 796 τῆς
833 727 1064 790 κτίσεως
1107 725 1480 799 ὑψηλότερον),
1522 724 1655 780 ἀλλὰ
1683 725 1818 779 Θεοῦ

222 821 567 891 πρόσταγμα
584 857 600 880 ,
634 818 730 871 καὶ
757 818 792 888 ἡ
818 815 914 870 τοῦ
951 815 1267 887 Πνεὺματος
1295 815 1641 887 ἐπιφοίτησις
1666 855 1680 881 ,
1725 830 1821 884 μυ-

223 910 435 974 στικῶς
497 909 772 980 ἐρχομένη
824 908 961 980 πρὸς
1009 907 1109 979 τὴν
1156 908 1432 979 ἡμετέραν
1484 905 1817 977 ἐλευθερίαν.

225 1000 417 1072 ’Υδωρ
457 1000 516 1053 δὲ
551 1001 818 1072 ὑπηρετεῖ
867 999 1006 1071 πρὸς
1052 999 1276 1066 ἔνδειξιν
1322 1002 1424 1070 τῆς
1474 998 1815 1069 καθάρσεως.

238 1090 462 1163 Ἐπειδὴ
484 1090 595 1163 γὰρ
627 1090 898 1162 εἰώθαμεν
932 1091 1090 1162 ῥύπῳ
1132 1091 1228 1144 καὶ
1270 1090 1515 1162 βορϐόρῳ
1552 1089 1615 1143 τὸ
1659 1088 1820 1159 σῶμα

224 1182 595 1255 καθυϐρισθὲν
640 1180 796 1236 ὕδατι
854 1181 1135 1246 νίπτοντες
1178 1180 1420 1253 καθαρὸν
1458 1181 1815 1252 ἀποφαίνειν,

222 1276 319 1330 διὰ
344 1275 502 1329 τοῦτο
539 1275 637 1329 καὶ
666 1274 760 1328 ἐπὶ
784 1275 884 1345 τῆς
920 1274 1188 1346 μυστικῆς
1211 1273 1464 1345 πράξεως
1489 1272 1622 1327 αὐτὸ
1646 1290 1817 1344 προσ-

223 1366 614 1440 λαμϐάνομεν,
657 1365 736 1437 τῷ
775 1365 1017 1438 αἰσθητῷ
1050 1366 1338 1438 πράγματι
1374 1366 1475 1438 τὴν
1526 1364 1819 1438 ἀσώματον

218 1458 517 1530 δηλοῦντες
544 1459 931 1531 λαμπρότητα.
959 1457 1178 1513 Μᾶλλον
1205 1456 1284 1524 δὲ,
1324 1457 1373 1510 εί
1400 1457 1567 1522 δοκεῖ,
1606 1458 1702 1511 καὶ
1726 1457 1817 1511 λε·

221 1553 494 1626 πτότερον
540 1551 1117 1623 προσκαρτερήσωμεν
1157 1552 1226 1622 τῇ
1276 1550 1405 1619 περὶ
1443 1547 1539 1603 τοῦ
1588 1548 1816 1622 λουτροῦ

227 1646 465 1717 ζητήσει
486 1687 503 1711 ,
529 1639 642 1700 οἷον
670 1645 737 1697 ὲκ
767 1644 951 1715 πηγῆς
977 1660 1123 1707 τινος
1162 1642 1458 1719 ἀρξάμενοι
1493 1641 1587 1696 τοῦ
1621 1644 1820 1715 Γραφι-

1932 449 2004 504 Ut
2028 448 2175 503 enim
2205 444 2371 501 modo
2400 452 2566 499 natus
2591 443 2804 514 puellus
2836 457 2868 496 a
2900 442 3230 498 criminibus
3258 450 3311 498 et
3341 442 3520 512 poenis

1929 541 2071 597 liber
2100 545 2207 605 est,
2237 538 2315 593 ita
2343 536 2508 592 etiam
2541 536 2978 607 regenerationis
3007 550 3144 606 puer
3171 549 3281 590 non
3310 533 3517 597 habet,

1926 632 2091 704 cujus
2142 630 2368 686 nomine
2414 642 2640 683 causam
2698 625 2868 692 dicat,
2917 636 2979 682 ut
3025 628 3121 699 qui
3172 626 3324 698 regio
3375 627 3521 681 dono

1927 739 2112 780 causae
2163 720 2395 778 dictidni
2442 727 2772 791 exemptus,
2831 725 2887 775 et
2936 733 2967 773 a
3004 719 3335 773 ‘rationibus
3394 718 3520 771 vitze

1927 812 2222 869 reddendis
2256 811 2523 867 liberatus
2560 810 2653 866 sit.
2689 810 2803 867 lloc
2831 817 3015 865 autem
3040 808 3367 865 beneﬁcium
3406 823 3517 863 non

1928 920 2073 977 aqua
2091 904 2335 977 largitur
2366 903 2531 977 (esset
2562 904 2709 960 enim
2736 904 2885 959 omni
2922 912 3179 958 creatura
3204 900 3516 969 sublimior)
3570 946 3573 949 .

1927 996 2025 1054 sed
2072 996 2168 1053 Dei
2216 1004 2548 1069 praeceptum
2600 1003 2677 1077 et.
2707 995 2969 1067 Spiritus,
3010 996 3106 1067 qui
3164 993 3397 1066 mystice
3448 992 3516 1046 ad

1925 1098 2177 1148 nostram
2235 1091 2544 1147 libertatem
2605 1090 2779 1159 venit,
2835 1104 3123 1145 accessus.
3178 1088 3335 1158 Aqua
3384 1099 3517 1142 vero

1886 1256 1890 1260 Δ
1924 1184 2206 1241 subservit
2252 1183 2321 1238 ad
2352 1181 2748 1239 ostendendam
2802 1182 3208 1254 purgationem.
3243 1179 3515 1247 Quoniam

1925 1278 2072 1333 enim
2115 1276 2374 1332 sordibus
2407 1284 2463 1331 et
2505 1290 2665 1331 emno
2711 1274 2972 1330 foedatum
3004 1288 3206 1343 corpus
3253 1286 3395 1339 aqua
3444 1271 3519 1326 la-

1923 1376 2117 1424 vantes
2151 1383 2348 1438 purum
2376 1366 2606 1423 reddere
2639 1366 2902 1431 solemus,
2936 1372 3227 1435 propterta
3257 1363 3422 1419 etiam
3457 1361 3513 1416 in

1926 1460 2160 1531 mystica
2194 1459 2413 1514 actione
2463 1474 2586 1514 eam
2635 1457 2983 1521 adhibemus,
3040 1472 3099 1512 re
3132 1456 3235 1513 sub
3286 1470 3515 1511 sensum
3548 1440 3573 1460 ⁶

1925 1551 2556 1627 cadenti'ineorporeutn
2585 1550 2930 1621 splendorem
2971 1550 3368 1621 signiﬁcantes.
3398 1548 3516 1604 imo

1925 1660 2080 1712 vero,
2124 1645 2173 1701 si
2214 1645 2455 1710 videtur,
2486 1645 2650 1700 etiam
2682 1643 2941 1700 subtilius
2971 1644 3297 1715 explicando
3330 1656 3515 1716 perse-

229 1738 341 1792 κοῦ
369 1737 847 1810 παραγγέλματος·
866 1735 1010 1790 Ἐὰν
1025 1734 1113 1805 μή
1132 1752 1225 1801 τις
1240 1733 1524 1807 γεννηθῇ,
1547 1735 1731 1807 φησιν,
1753 1734 1822 1800 ἐξ

1930 1752 2179 1793 veremus
2233 1738 2289 1792 in
2339 1739 2644 1808 qutestione
2696 1737 2924 1803 lavacri,
2962 1744 3222 1807 tanquam
3278 1749 3310 1790 a
3370 1734 3517 1789 l‘ontc

227 1830 465 1895 ὕδατος
512 1829 606 1883 καί
631 1829 997 1899 Πνεύματος,
1027 1829 1099 1882 οὐ
1130 1826 1381 1882 δύναται
1411 1826 1709 1881 εἰσελθεῖν
1739 1828 1828 1893 είς

229 1922 357 1990 τὴν
373 1922 700 1987 ,βασιλείαν
724 1921 832 1975 τοῦ
875 1920 1045 1976 Θεοῦ.
1095 1920 1195 1975 Διὰ
1233 1920 1286 1997 τί
1314 1918 1385 1973 τά
1432 1918 1547 1983 δύο,
1578 1919 1672 1972 καὶ
1701 1919 1825 1989 οὐχί

232 2013 405 2085 μόνον
418 2014 479 2066 τὸ
496 2014 719 2084 Πνεῦμα
736 2011 1011 2084 αὐταρκες
1033 2009 1288 2083 ἐνομίσθη
1313 2011 1448 2081 πρὸς
1460 2011 1558 2083 τὴν
1580 2026 1642 2064 συ
1650 2010 1828 2082 μπλή-

229 2123 411 2179 ρωσιν
433 2105 527 2160 τοῦ
543 2104 919 2177 βαπτίσματος
938 2120 952 2168 ;
967 2103 1227 2168 Σύνθετος
1242 2105 1271 2156 ὁ
1296 2103 1393 2158 άνθ
1403 2121 1603 2176 ρωπος,
1618 2104 1712 2157 καὶ
1728 2104 1828 2177 οὐχ

224 2197 473 2262 ἁπλοῦς,
515 2199 594 2263 ὡς
635 2197 879 2269 ἀκριϐῶς
913 2196 1256 2269 ἐπιστάμεθα
1277 2213 1290 2227 ·
1328 2199 1420 2251 καὶ
1448 2197 1537 2251 διά
1563 2198 1723 2253 τοῦτο
1747 2198 1829 2270 τῷ

222 2290 404 2359 διπλῷ
424 2290 521 2344 καὶ
561 2287 974 2359 συνεζευγμένῳ
1001 2287 1071 2342 τὰ
1098 2289 1337 2360 συγγενῆ
1371 2289 1462 2342 καὶ
1490 2289 1650 2360 ὃμοια
1682 2289 1826 2361 φάρ-

220 2399 389 2453 μακα
428 2378 565 2452 πρὸς
603 2379 904 2451 θεραπείαν
940 2376 1307 2449 άπεκληρώθη
1333 2394 1347 2409 ’
1378 2377 1591 2448 σώματι
1625 2378 1722 2447 μὲν
1750 2377 1828 2449 τῷ

224 2473 565 2546 φαινομένῳ,
604 2471 750 2543 ὕδωρ
775 2472 838 2525 τὸ
869 2471 1153 2542 αἰσθητόν·
1192 2472 1338 2542 ψυχῇ
1369 2470 1426 2524 δὲ
1472 2473 1540 2543 τῇ
1589 2471 1825 2543 ἀοράτῳ,

172 2558 177 2565 ’
226 2567 460 2639 Πνεῦμα
489 2568 554 2621 τδ
579 2566 806 2635 ἀφανὲς,
830 2564 1013 2619 πίστει
1051 2563 1407 2635 καλούμενον,
1445 2564 1700 2636 ἀρρήτως
1724 2583 1829 2618 πα·-

229 2659 622 2731 ραγινόμενον.
674 2656 746 2711 Τὸ
773 2656 885 2728 γὰρ
918 2657 1164 2727 Πνεῦμα
1183 2696 1199 2721 ,
1243 2656 1397 2710 ὅπου
1422 2656 1583 2710 θέλει
1604 2696 1626 2721 ,,
1652 2655 1824 2711 πνεῖ·

226 2747 328 2800 καὶ
371 2746 492 2814 τὴν
534 2743 749 2815 φωνὴν
781 2743 971 2799 αὑτοῦ
1004 2744 1278 2809 ἀκούεις’
1317 2743 1454 2798 ἀλλ’
1500 2745 1613 2798 οὐκ
1660 2739 1829 2811 οἶδας

232 2837 422 2889 τόθεν
452 2834 719 2904 ἔρχεται,
754 2832 856 2887 καὶ
896 2832 1016 2887 ποῦ
1056 2831 1292 2904 ὑπάγει.
1323 2832 1551 2902 Εὐλογεῖ
1573 2832 1634 2886 τὸ
1668 2833 1828 2903 σῶμα

232 2926 293 2979 τὸ
334 2925 762 2997 βαπτιζόμενον,
797 2924 893 2979 καὶ
925 2924 986 2978 τὸ
1021 2921 1164 2996 ὕδωρ
1197 2924 1260 2977 τὸ
1294 2924 1575 2997 βαπτίζον.
1614 2926 1706 2980 Διὸ
1752 2926 1826 2999 μὴ

237 3017 663 3089 καταφρονήσῃς
704 3014 800 3069 τοῦ
849 3015 995 3070 θείου
1045 3013 1303 3088 λουτροῦ,
1343 3017 1477 3089 μηδὲ
1528 3018 1605 3083 ώς
1647 3021 1825 3074 κοινὸν

1928 1830 2166 1902 quodam
2192 1831 2411 1886 initium
2445 1830 2705 1902 praecepti
2739 1829 3039 1901 Scriptura:
3065 1828 3351 1883 facientes.
3389 1825 3516 1880 Nisi

1926 1924 2069 1993 quis,
2120 1923 2319 1993 inquit,
2375 1932 2534 1977 natus
2581 1922 2741 1992 fuerit
2776 1937 2841 1976 ea;
2885 1938 3025 1992 aqua
3067 1929 3117 1975 et
3154 1919 3384 1989 Spiritu,
3413 1935 3517 1973 non

1924 2024 2096 2084 potest
2125 2018 2328 2070 intrare
2361 2016 2415 2069 in
2449 2032 2668 2086 regnum
2701 2012 2800 2069 Dei
2821 2015 2861 2069 ³.
2896 2015 3081 2080 Quare
3121 2014 3247 2069 bina
3291 2013 3408 2079 illa,
3464 2022 3517 2065 tt

1928 2122 2039 2161 non
2086 2107 2240 2163 solus
2292 2107 2535 2178 Spiritus
2583 2105 2860 2162 sutlicicns
2910 2105 3263 2161 existimatus
3314 2113 3400 2161 est
3450 2104 3515 2157 ait

1928 2198 2348 2270 completionem
2399 2199 2795 2271 baptismatis?
2840 2198 3196 2268 Compositus
3230 2206 3316 2252 est
3350 2198 3517 2252 homo

1927 2298 1982 2347 et
2027 2306 2136 2345 non
2188 2292 2442 2362 simplex,
2499 2299 2557 2347 ut
2605 2274 2756 2347 certo
2804 2293 3032 2346 scimus.
3087 2292 3270 2362 Atque
3309 2291 3517 2347 idcirco

1928 2382 2135 2453 duplici
2186 2384 2594 2454 conjunctoque
2632 2390 2864 2454 cognata
2909 2382 3223 2453 similiaque
3276 2382 3517 2437 medica-

1928 2482 2113 2530 menta
2166 2473 2233 2529 ad
2295 2477 2640 2530 curationem
2691 2476 2963 2530 destinata
3014 2484 3179 2547 atque
3244 2475 3510 2530 attributa

1928 2575 2110 2647 suntj:
2148 2567 2364 2637 corpori
2400 2560 2648 2637 quidem,
2703 2566 2850 2637 quod
2892 2577 3148 2638 apparet;
3182 2583 3347 2639 aqua,
3383 2572 3517 2639 fqna:

1928 2657 2033 2713 sub
2066 2673 2290 2713 sensum
2319 2658 2498 2726 cadit;
2537 2660 2734 2714 anima:
2754 2674 2904 2722 vero,
2934 2675 3054 2731 qua:
3088 2660 3266 2714 visum
3295 2659 3515 2731 eﬂ'ugit,

1931 2746 2193 2817 Spiritus,
2239 2746 2333 2817 qui
2381 2762 2488 2801 non
2541 2758 2788 2817 apparet,
2842 2747 2935 2818 qui
2987 2747 3090 2804 [ide
3135 2758 3387 2814 vocatur,
3423 2751 3517 2819 qui

1928 2836 2284 2894 ineﬂabiliter
2314 2839 2547 2894 accedit.
2585 2837 2843 2909 Spiritus,
2885 2839 3055 2906 enim,
3104 2838 3194 2892 ubi
3223 2838 3353 2901 vult,
3403 2842 3517 2911 spi-

1928 2939 2015 2984 rat
2038 2970 2053 2996 ,
2096 2939 2146 2985 et
2182 2946 2354 2985 vocem
2397 2929 2513 2999 ejus
2545 2929 2722 2996 audis,
2751 2929 2846 2984 sed
2875 2931 3043 2984 nescis
3068 2928 3207 2998 unde
3238 2930 3432 2997 veniat,
3468 2941 3517 2983 et

1929 3040 2034 3097 quo
2062 3022 2221 3078 vadat
2240 3023 2293 3079 δε
2331 3037 2533 3093 corpus
2561 3021 2707 3092 quod
2734 3022 3067 3092 baptizatur,
3098 3031 3152 3076 et
3173 3036 3367 3092 aquam
3398 3037 3519 3093 quae

233 3110 368 3165 αὐτὸ
401 3108 765 3181 ὲξευτελίσῃς.
787 3107 876 3163 διὰ
899 3107 998 3180 τὴν
1022 3109 1218 3181 χρῆσιν
1248 3109 1342 3164 τοῦ
1375 3110 1587 3176 ὕδατος.
1618 3113 1692 3167 Τὸ
1717 3112 1824 3185 γὰρ

1934 3115 2199 3186 baptizat,
2238 3112 2536 3169 benedicit.
2575 3112 2756 3180 Quare
2795 3128 2866 3167 ne
2895 3121 3219 3168 contemnas
3267 3111 3514 3167 divinum

236 3199 496 3273 ἐνεργοῦν
526 3199 690 3271 μέγα,
718 3199 814 3254 καὶ
834 3200 931 3253 ἀπ’
957 3200 1171 3254 ἐκείνου
1205 3199 1498 3273 θαυμαστά
1521 3203 1728 3272 γίνεται
1758 3205 1828 3260 τά

239 3292 559 3362 τελούμενα.
579 3292 732 3345 Ἐπεὶ
756 3292 853 3345 καὶ
878 3289 942 3344 τδ
971 3290 1360 3364 θυσιαστήριον
1381 3293 1541 3348 τοῦτο
1566 3294 1627 3348 τὸ
1651 3295 1823 3361 ἅγιον,

240 3376 287 3451 ᾧ
318 3384 766 3455 παρεστήκαμεν,
796 3380 941 3446 λίθος
972 3382 1091 3436 ἐστὶ
1129 3366 1268 3437 κατὰ
1296 3383 1395 3455 τὴν
1420 3384 1582 3454 φύσιν
1614 3386 1824 3453 κοινὸς,

240 3477 391 3530 οὐδὶν
424 3477 701 3547 διαφέρων
727 3474 837 3530 τῶν
871 3474 1045 3530 ἄλλων
1076 3475 1321 3543 πλακῶν,
1366 3478 1423 3531 αἳ
1460 3479 1588 3542 τοὺς
1615 3479 1828 3549 τοίχους

244 3569 401 3640 ἡμῶν
451 3567 795 3637 οἰκοδομοῦσι
821 3606 836 3631 ,
888 3567 984 3620 καὶ
1040 3567 1444 3634 καλλωπίζουσι
1503 3570 1572 3623 τὰ
1630 3571 1823 3643 ἐδάφη.

260 3658 476 3728 Ἐπειδὴ
522 3656 578 3710 δὲ
610 3655 922 3728 καθιερώθη
958 3658 1023 3727 τῇ
1058 3655 1153 3710 τοῦ
1203 3656 1338 3712 Θεοῦ
1373 3658 1640 3732 θεραπεία
1664 3702 1679 3727 ,
1732 3663 1828 3716 καὶ

239 3750 350 3819 τὴν
381 3750 627 3816 εὐλογίαν
650 3749 897 3814 ἐδέξατο,
928 3747 1044 3803 ἐστι
1077 3751 1326 3822 τράπεζα
1351 3752 1503 3821 ἁγία,
1537 3752 1829 3825 θυσιαστή-

238 3856 374 3911 ριον
412 3840 695 3909 ἄχραντον,
731 3841 917 3896 οὐκέτι
952 3841 1102 3913 παρὰ
1148 3842 1368 3895 πάντων
1401 3841 1825 3914 ψηλαφώμενον,

232 3930 394 3986 ἀλλὰ
425 3930 587 4001 μόνον
622 3931 724 3985 τῶν
762 3933 975 4005 ἱερέων,
1013 3935 1109 3988 καὶ
1147 3932 1354 3987 τούτων
1392 3934 1824 4006 εὐλαϐουμένων.

244 4022 321 4078 Ὅ
349 4022 515 4093 ἄρτος
537 4022 693 4078 πάλιν
719 4027 883 4096 ἄρτος
912 4027 1029 4079 ἐστὶ
1044 4025 1182 4089 τέως
1205 4024 1381 4090 κοινός
1401 4042 1415 4056 ⁸
1442 4026 1558 4081 ἀλλ’
1576 4028 1705 4083 ὅταν
1729 4030 1829 4082 αὐ-

226 4116 339 4171 τὸν
364 4116 426 4168 τὺ
454 4117 748 4187 μυστήριον
777 4119 1128 4191 ἱερουργήσῃ,
1160 4118 1320 4190 σῶμα
1348 4118 1583 4191 Χριστοῦ
1611 4119 1828 4190 λέγεταί

225 4226 296 4262 τε
348 4207 441 4262 καὶ
479 4209 711 4277 γίνεται.
749 4211 937 4275 Οὕτως
975 4211 1036 4264 τὸ
1067 4212 1326 4282 μυστικὸν
1362 4212 1573 4280 ἔλαιον,
1606 4215 1778 4280 οὕτως
1800 4216 1829 4268 ὀ

218 4295 387 4362 οἶνος
405 4317 422 4331 ·
446 4300 631 4368 ὀλίγου
659 4300 806 4365 τινὸς
826 4299 951 4365 ἄξια
973 4300 1101 4355 ὄντα
1127 4301 1235 4373 πρὸ
1264 4302 1366 4372 τῆς
1394 4303 1662 4373 εὐλογίας,
1690 4306 1827 4376 μετὰ

218 4390 331 4444 τὴν
377 4389 647 4461 άγιασμὺν
685 4390 775 4444 τὸν
814 4390 911 4444 τοῦ
960 4390 1308 4467 Πνεῦματος,
1352 4393 1614 4466 ἑκάτερον
1646 4395 1829 4450 αὐτῶν

212 4485 457 4555 ἐνεργεί
486 4480 779 4553 διαφόρως.

1930 3203 2233 3268 lavacrum,
2295 3218 2475 3273 neque
2529 3202 2579 3256 id
2638 3210 2900 3271 tanquam
2952 3215 3242 3255 commune
3293 3208 3518 3270 propter

1930 3307 2092 3346 usum
2134 3306 2292 3361 aquae
2322 3291 2476 3362 parvi
2526 3289 2719 3355 facias,
2765 3297 2819 3344 et
2862 3289 2965 3344 levi
3017 3295 3293 3344 momento
3320 3288 3511 3343 ducas.

1928 3381 2064 3437 Nam
2101 3382 2178 3448 id,
2218 3382 2367 3453 quod
2413 3389 2696 3454 operatur,
2745 3395 3001 3453 magnum
3043 3389 3150 3446 est,
3199 3389 3253 3435 et
3304 3381 3373 3437 ab
3424 3380 3516 3436 illo

1929 3475 2213 3532 mirabiles
2252 3474 2531 3531 exsistunt
2584 3472 2833 3531 effectus.
2884 3472 3020 3528 Nam
3074 3482 3128 3529 et
3187 3474 3361 3527 altare
3412 3474 3516 3526 hoc

1930 3576 2207 3634 sanctum,
2239 3569 2327 3623 cui
2371 3568 2709 3630 assistimus.
2744 3567 2884 3638 lapis
2923 3576 3007 3623 est
3041 3576 3239 3622 natura
3269 3581 3517 3622 comunt-

1929 3661 2040 3730 nis,
2076 3662 2216 3717 nihil
2239 3659 2498 3716 diﬁerens
2527 3660 2596 3715 ab
2626 3660 2750 3716 aliis
2779 3660 2985 3715 crustis
3019 3658 3271 3730 lapideis,
3300 3673 3367 3713 ex
3401 3658 3519 3729 qni-

1929 3755 2033 3810 bus
2089 3755 2333 3826 parietes
2392 3753 2569 3809 nostri
2625 3760 3027 3820 exstruuntur,
3084 3760 3139 3806 ct
3207 3752 3517 3823 pavimenta

1929 3847 2429 3908 cxornantur..Sed
2463 3848 2722 3919 quoniam
2769 3846 2865 3904 Dei
2912 3846 3085 3902 cultui
3135 3857 3515 3902 consecratum

1931 3947 2098 4010 atque
2145 3938 2455 3993 dedicatum
2500 3949 2605 4005 est,
2663 3953 2729 3993 ac
2791 3938 3232 3993 benedictionem
3281 3935 3514 4005 accepit,

1932 4046 2123 4087 mensa
2155 4040 2368 4098 sancta,
2416 4032 2590 4088 altare
2632 4031 3041 4114 immaculatum
3088 4039 3193 4097 est,
3225 4026 3371 4099 quod
3405 4043 3515 4080 non

1931 4125 2169 4196 amplius
2204 4125 2273 4179 ab
2302 4125 2580 4191 omnibus,
2618 4124 2711 4179 sed
2757 4139 2787 4177 a
2829 4121 3386 4195 solis_sacerdotibus
3419 4119 3513 4172 iis-

1932 4232 2037 4288 que
2070 4218 2463 4271 venerantibus
2496 4220 2890 4270 contrectatur.
2943 4210 3110 4267 Panis
3159 4213 3313 4275 item,
3354 4210 3513 4281 panis

1932 4317 2016 4364 est
2044 4308 2201 4363 initio
2232 4306 2584 4372 communis;
2618 4305 2714 4361 sed
2752 4304 2843 4360 ubi
2889 4319 3013 4359 eum
3060 4304 3381 4375 mysterium
3426 4317 3513 4355 sa-

1933 4398 2285 4460 critieaverit,
2331 4411 2532 4467 corpus
2560 4394 2765 4450 Christi
2814 4394 2871 4449 lit
2906 4402 2959 4450 et
2993 4393 3219 4449 dicitur.
3268 4390 3363 4447 Sic
3395 4407 3513 4463 my-

1861 4484 2134 4546 DSIicnnt
2199 4491 2402 4556 oleum,
2458 4489 2540 4545 sic
2589 4489 2800 4557 vinum,
2854 4503 2979 4543 cum
3030 4487 3143 4544 sint
3195 4500 3281 4541 res
3338 4483 3517 4556 exigui

208 4577 402 4649 pretii
450 4586 581 4631 ante
629 4576 1094 4643 benedictionem,
1140 4584 1267 4647 post
1317 4578 1835 4646 sanctiﬁcationem,
1902 4599 2026 4654 quae
2076 4600 2106 4638 a
2161 4581 2370 4656 Spiritu
2418 4582 2688 4655 procedit,
2739 4577 3032 4655 utrumque
3104 4594 3294 4635 eorum
3339 4576 3521 4632 excel-

210 4673 419 4728 lenter
447 4682 733 4742 operatur.

307 4769 393 4822 Ἦ
426 4769 564 4841 αὐτὴ
587 4769 645 4822 δὲ
669 4767 765 4821 τοῦ
791 4766 952 4836 λόγου
985 4766 1238 4838 δύναμις,
1271 4767 1479 4823 καὶτὸν
1505 4769 1657 4842 ίερέα
1689 4773 1833 4826 ποιεῖ

198 4862 445 4934 σεμνὸν
476 4862 570 4914 καὶ
607 4860 812 4932 τίμιον,
855 4863 922 4932 τῇ
964 4862 1244 4934 καινότητι
1292 4863 1392 4933 τῆς
1442 4863 1692 4933 εὐλογίας
1734 4865 1832 4937 τῆς

191 4956 373 5030 πρὸς
411 4953 539 5015 τοὺς
560 4952 787 5017 πολλοὺς
813 4953 1123 5038 κοινότητος
1147 4954 1534 5026 χωριζόμενον.
1561 4955 1703 5019 Χθὲς
1722 4956 1831 5030 γὰρ

191 5048 307 5103 καὶ
359 5041 569 5114 πρώην
599 5037 683 5106 εἷς
709 5037 972 5115 ὑπάρχων
1002 5043 1110 5096 τῶν
1145 5044 1355 5099 πολλῶν
1388 5046 1480 5099 καὶ
1513 5045 1606 5099 τοῦ
1633 5046 1694 5116 δή
1704 5065 1828 5117 μου,

194 5135 441 5212 ἀθρόον
490 5134 874 5190 ἀποδείκνυται
929 5135 1283 5209 καθηγεμὼν,
1333 5138 1626 5210 πρόεδρος,
1682 5140 1829 5193 διδά-

198 5232 441 5292 σκαλος
466 5226 771 5293 εὐσεσείας,
805 5228 1120 5300 μυστηρίων
1145 5228 1517 5283 λανθανόντων
1542 5248 1831 5303 μυσταγω-

204 5324 323 5391 τὰς·
360 5318 481 5375 καὶ
513 5318 683 5372 ταῦτα
715 5323 879 5384 ποιεῖ,
910 5321 1078 5392 μηδὲν
1105 5321 1199 5375 τοῦ
1224 5323 1533 5395 σώματοςῆ
1566 5324 1666 5396 τῆς
1702 5342 1832 5396 μορε

205 5415 315 5484 ﬁt;
367 5408 878 5490 éystqibelc'dn’
929 5411 1187 5482 ὑπάρχων
1226 5412 1369 5465 κατὰ
1400 5412 1461 5467 τὸ
1509 5414 1833 5486 φαινόμενον

208 5507 445 5568 ad”;
487 5500 550 5563 ὃς
591 5496 681 5572 ἦν,
720 5502 938 5574 ἀοράτῳ
972 5505 1081 5557 τινὶ
1112 5504 1336 5575 δυνάμει
1372 5509 1466 5562 καὶ
1510 5507 1690 5580 χάριτι
1730 5507 1829 5578 τὴν

284 5684 309 5719 ³
344 5683 541 5742 Joan.
572 5694 657 5746 ιιι,
685 5679 739 5735 5.
848 5680 869 5712 ⁸
896 5679 1029 5737 ibid.
1086 5681 1141 5736 8.

2009 4771 2209 4829 Eadem
2259 4773 2389 4828 item
2440 4769 2594 4826 verbi
2632 4768 2716 4825 vis
2752 4771 2917 4824 etiam
2958 4766 3300 4823 sacerdotem
3350 4784 3523 4840 augu-

1937 4872 2084 4919 stum
2113 4874 2167 4920 et
2215 4864 2599 4920 honorandum
2636 4862 2786 4925 facit,
2820 4859 3075 4925 ,novitate
3120 4858 3522 4916 benedictionis

1936 4973 1966 5012 a
2006 4958 2402 5013 communitate
2437 4956 2583 5027 vulgi
2630 4962 3006 5025 segregatum.
3039 4950 3177 5005 Cum
3228 4952 3372 5008 enim
3404 4951 3523 5007 heri

1937 5065 2003 5104 ac
2031 5060 2276 5119 tempore
2306 5047 2580 5120 superiori
2628 5061 2772 5101 unus
2818 5064 2848 5099 e
2879 5043 3234 5100 multitudine
3273 5059 3338 5099 ac
3366 5044 3524 5114 plebe

1936 5148 2104 5204 esset,
2138 5134 2361 5210 repente
2398 5138 2645 5193 redditur
2676 5145 3004 5209 praeceptor,
3049 5151 3275 5205 prmses,
3328 5136 3527 5190 doctor

1938 5233 2194 5306 pietatis.
2249 5230 2639 5303 mysteriorum
2688 5230 2972 5284 latentium
3037 5229 3235 5299 praesul
3284 5247 3298 5284 :
3344 5242 3519 5297 eaque

1939 5325 2270 5395 contingunt
2315 5323 2388 5388 ei,
2438 5338 2563 5377 cum
2619 5323 2756 5377 nihil
2798 5322 2881 5376 vel
2922 5336 3176 5391 corpore,
3223 5319 3307 5375 vel
3349 5319 3526 5374 [omna

1942 5424 2208 5483 mutatus,
2254 5415 2348 5472 sed
2383 5415 2527 5488 quod
2571 5414 2640 5469 ad
2682 5414 2920 5485 speciem
2972 5423 3256 5469 externam
3309 5412 3524 5477 attinet,

1939 5509 2029 5564 ille
2081 5508 2172 5574 sit,
2212 5509 2303 5581 qui
2360 5518 2501 5576 erat,
2545 5506 2806 5566 invisibili
2849 5506 3087 5578 quadam
3125 5507 3174 5564 vi
3210 5523 3274 5562 ac
3324 5507 3526 5579 gratia,
