3930 6210
435 289 544 345 583

1646 286 1704 344 S.
1738 283 2069 341 GREGORII
2108 283 2403 340 NYSSENI
2440 284 2460 290 ”

3597 283 3712 338 584

433 401 765 458 invisibilem
798 402 1040 456 animam
1088 401 1146 458 in
1201 402 1399 458 melius
1444 400 1893 457 transformatam
1922 416 2015 473 ge-

2123 402 2352 472 ἁόρατον
2377 401 2554 474 ψυχὴν
2588 399 3038 472 μεταμορφωθεὶς
3070 400 3205 469 πρὸς
3236 398 3297 450 τὸ
3331 397 3550 469 βέλτιον.
3596 395 3713 453 Καὶ

252 472 257 477 .
326 529 329 532 -
432 511 579 549 rens.
615 494 795 563 Atque
828 495 906 548 ita
933 494 1002 549 ad
1052 496 1252 550 multas
1290 511 1379 551 res
1415 496 1660 549 animum
1701 495 2014 561 advertens,

434 585 841 640 contemnenda
896 586 1116 655 quidem
1163 587 1371 642 videbis
1414 601 1514 651 ea,
1564 601 1684 655 quae
1729 596 2014 657 apparent,

434 692 635 746 magna
679 692 832 743 vero,
868 693 991 749 qua:
1032 679 1102 733 ab
1151 678 1260 734 illis
1288 678 1640 733 elliciuntur:
1677 693 1742 733 ac
1782 678 2017 734 maxime

438 783 559 823 cum
591 784 658 824 cx
693 770 860 824 veleri
905 771 1133 826 historia
1170 779 1400 840 cognata
1434 778 1599 839 atque
1642 770 1843 824 similia
1867 769 2012 839 ejus,

434 860 502 913 de
550 874 661 929 quo
713 861 1003 935 quaeritur,
1054 862 1361 931 argutneuti
1404 862 1655 931 exempla
1704 862 2014 932 collegeris.

433 948 599 1022 Virga
634 950 859 1020 Moysis,
890 954 1040 1023 virga
1070 960 1190 1008 erat
1218 969 1249 1009 e
1272 969 1411 1009 nuce
1443 968 1539 1009 seu
1565 955 1773 1025 corylo.
1803 953 2014 1011 Etenim

431 1044 563 1112 quid
591 1045 738 1098 aliud
773 1054 937 1115 atque
981 1046 1189 1116 lignum
1218 1061 1531 1111 commune,
1570 1048 1714 1116 quod
1754 1062 1786 1101 a
1828 1047 2017 1117 cujus-

434 1153 541 1206 que
573 1154 738 1192 manu
769 1140 999 1194 cmditur
1024 1148 1078 1195 et
1107 1147 1384 1210 portatur,
1420 1151 1473 1193 et
1532 1138 1892 1194 concinnatur
1922 1139 2017 1193 ad-

432 1236 763 1296 optaturquc
794 1227 861 1282 ad
894 1229 945 1282 id
974 1229 1118 1298 quod
1143 1230 1319 1285 visum
1350 1229 1537 1297 fuerit,
1555 1238 1609 1285 et
1638 1230 1747 1301 igni
1769 1229 1839 1284 ad
1872 1230 2017 1285 arbi-

432 1318 598 1370 trium
653 1317 915 1372 traditur?
946 1318 1049 1374 Ubi
1097 1329 1279 1377 autem
1325 1321 1470 1379 Deus
1502 1323 1676 1379 voluit
1729 1337 1825 1392 per
1864 1323 2015 1377 illam

430 1405 651 1462 efﬁcere
691 1409 948 1462 sublimia
983 1411 1098 1474 illa,
1125 1426 1356 1484 quaeque
1388 1416 1540 1469 nulla
1576 1415 1626 1468 vi
1661 1414 1877 1470 dicendi
1927 1428 2016 1468 ex-

432 1498 595 1568 primi
664 1510 930 1570 possunt,
981 1502 1268 1568 miracula,
1332 1507 1652 1561 mutabatur
1697 1507 1904 1577 lignum
1958 1506 2015 1560 in

431 1598 743 1659 serpentem
768 1589 812 1643 ⁵.
848 1589 917 1644 Ει
963 1590 1091 1647 item
1133 1593 1263 1649 alibi
1294 1597 1608 1665 percutiens
1643 1611 1838 1668 aquas,
1879 1597 2015 1651 alias

430 1678 652 1749 quidem
702 1679 759 1734 in
818 1681 1141 1751 sanguinem
1195 1697 1394 1754 aquam
1446 1685 1768 1757 redigebat‘
1820 1703 1833 1739 ε
1878 1685 2016 1740 alias

2125 493 2296 557 οὕτως
2335 495 2425 547 ἐπὶ
2458 494 2628 547 πολλά
2666 493 2773 545 τῶν
2817 492 3152 563 πραγμάτων
3198 490 3380 559 φέρων
3421 489 3509 542 τὸν
3547 492 3709 552 νοῦν,

2125 584 2577 654 εὐκαταφρόνητα
2623 584 2725 653 μὲν
2764 581 2884 651 ὄψει
2928 583 2998 634 τά
3025 580 3359 651 φαινόμενα,
3400 580 3606 649 μεγάλα
3649 581 3713 633 δὲ

2122 674 2192 726 τὰ
2220 673 2312 727 ἀπ’
2341 674 2564 727 ἐκείνων
2593 673 2891 742 τελούμενα
2914 692 2925 702 ’
2950 672 3045 725 καὶ
3068 673 3321 742 μάλιστα,
3351 672 3482 725 ὅταν
3512 673 3577 723 ὲκ
3598 672 3709 741 τῆς

2124 764 2359 827 παλαιᾶς
2403 765 2641 838 ἱστορίας
2673 764 2906 835 ἀναλέξῃ
2935 764 3006 816 τά
3041 763 3277 832 συγγενῆ
3304 761 3399 815 τοῦ
3435 762 3711 833 ζητουμέ-

2125 874 2215 909 νου
2252 856 2344 909 καὶ
2376 857 2557 926 ὃμοια.
2591 855 2697 909 Τοῦ
2734 856 3013 918 Μωῦσέως
3048 856 3081 925 ή
3118 847 3308 925 ῥάϐδος
3339 850 3407 926 ἦν
3444 857 3705 925 καρυῖνη.

2123 946 2232 1000 Kal.
2257 946 2309 999 τί
2337 944 2445 1017 γὰρ
2460 946 2605 1012 ἄλλο,
2634 946 2668 1017 ἢ
2697 944 2851 1010 ξύλον
2879 944 3055 998 κοινὸν
3072 983 3087 1008 ,
3121 945 3150 997 ὃ
3187 944 3334 998 πᾶσα
3358 944 3481 1014 χεὶρ
3510 945 3704 997 κόπτει

2123 1040 2218 1092 κα)⁸
2246 1039 2438 1111 φέρει,
2471 1039 2721 1110 ῥυθμίζει
2747 1055 2809 1092 τε
2836 1038 2972 1109 πρὸς
3005 1036 3065 1091 τό
3092 1038 3303 1098 δοκοῦν,
3332 1039 3427 1092 καὶ
3457 1038 3540 1103 τῷ
3568 1039 3701 1109 πυρὶ

2122 1131 2242 1184 κατ’
2283 1129 2530 1203 ἐξουσίαν
2564 1128 2810 1195 δίδωσιν;
2854 1128 3045 1182 Ἡνίκα
3092 1128 3150 1181 δὲ
3191 1130 3220 1182 ὁ
3260 1128 3390 1191 Θεὸς
3433 1129 3698 1199 ἠθέλησεν

2123 1219 2431 1273 ἐπιτελέσαι
2450 1219 2517 1273 δι’
2543 1219 2759 1288 ἐκείνης
2785 1218 2853 1272 τὰ
2877 1218 3060 1290 ὑψηλὰ
3087 1220 3182 1273 καὶ
3213 1218 3308 1272 τοῦ
3333 1219 3494 1287 λόγου
3525 1221 3701 1290 κρείτο

2122 1329 2249 1366 τονα
2287 1311 2573 1381 θαύματα,
2609 1311 2960 1382 μετεϐάλλετο
2997 1312 3058 1365 τὸ
3087 1310 3242 1378 ξύλον
3286 1313 3363 1375 εἰς
3405 1312 3554 1381 ὅφιν.
3592 1311 3703 1367 Καὶ

2124 1401 2286 1456 πάλιν
2325 1399 2552 1470 ἑτέρωθι.
2579 1399 2799 1454 τύπτων
2829 1399 2899 1453 τὰ
2942 1399 3137 1465 ὕδατα,
3181 1400 3311 1453 ποτὲ
3340 1401 3440 1470 μὲν
3471 1394 3614 1469 αἷμα
3640 1400 3700 1452 τδ

2124 1492 2268 1563 ὕδωρ
2315 1492 2523 1555 ἐποίει,
2587 1490 2718 1544 ποτὲ
2758 1491 2816 1545 δὲ
2859 1491 3145 1563 βατράχων
3193 1492 3359 1561 γονὴν
3407 1491 3698 1557 άνέὄλνζεν

2121 1583 2363 1656 ἄπειρον.
2398 1582 2508 1636 Kal.
2546 1582 2706 1637 πάλιν
2742 1583 2842 1654 τὴν
2872 1583 3139 1638 θάλατταν
3167 1582 3356 1652 ἔτεμνε
3392 1582 3561 1655 μέχρι.
3604 1583 3692 1655 βυ-

2123 1675 2233 1729 θῶν
2287 1674 2720 1745 διακοπτομένην
2763 1675 2858 1729 καὶ
2925 1676 3001 1747 μὴ
3046 1674 3398 1746 συῤῥέουσαν.
3466 1676 3694 1747 Ὁμοίως

429 1784 561 1824 vero
603 1784 860 1825 ranarum
891 1771 1059 1826 fetum
1102 1771 1378 1828 infinitum
1419 1775 1615 1831 edebat
1644 1791 1709 1832 ac
1747 1776 2016 1847 produce-

2120 1765 2236 1830 ἑνὸς
2264 1764 2371 1819 τῶν
2404 1767 2700 1838 προφητῶν
2738 1766 2961 1838 μηλωτὴ
2980 1807 2994 1832 ,
3031 1768 3186 1835 αίγδς
3212 1762 3345 1821 οὖσα
3370 1768 3576 1840 δέρμα,
3605 1771 3687 1823 λό-

429 1858 558 1914 bat"
592 1876 608 1915 :
637 1870 693 1916 et
742 1878 935 1918 rursus
984 1877 1138 1918 mare
1184 1864 1489 1930 scindebat,
1530 1866 1680 1937 quod
1729 1884 1902 1938 usque
1946 1867 2015 1922 ad

430 1949 602 2004 imum
652 1950 879 2006 fundutn
933 1953 1317 2018 diducebatur,
1374 1962 1428 2009 et
1472 1970 1581 2010 non
1637 1957 2013 2012 confluebat”.

430 2036 696 2094 Similiter
742 2043 906 2098 unius
948 2044 1224 2117 propheta;
1265 2043 1641 2100 indumentum
1670 2087 1685 2113 ,
1716 2048 1860 2117 quod
1895 2056 2016 2101 erat

428 2145 495 2184 ex
554 2130 693 2199 pelle
750 2132 1010 2202 caprina,
1063 2113 1316 2189 Elisaeum
1376 2150 1473 2205 per
1526 2144 1697 2189 totum
1743 2144 2014 2191 terrarum

430 2219 619 2272 orbem
682 2218 826 2274 fama
882 2221 1220 2277 celebratum
1273 2224 1475 2279 effecit.
1546 2223 1776 2296 Lignum
1832 2235 2016 2281 autem

433 2310 620 2365 crucis
665 2312 926 2368 omnibus
975 2313 1290 2370 hominibus
1336 2316 1578 2371 salutare
1624 2326 1726 2381 est,
1777 2332 1901 2371 cum
1946 2317 2018 2370 sit

430 2416 580 2471 pars,
641 2410 703 2457 ut
768 2403 956 2469 audio,
1019 2404 1234 2460 arboris
1290 2406 1438 2469 vilis,
1494 2407 2018 2477 contemptiorisque

431 2508 597 2562 quam
653 2491 773 2549 alia:
833 2495 1019 2551 multa:
1088 2496 1221 2551 sint.
1283 2494 1350 2549 Et
1413 2496 1593 2553 frutex
1653 2499 1774 2553 rubi
1844 2497 2017 2569 Moysi

432 2584 653 2640 divinas
722 2586 1097 2656 apparitioncs
1155 2588 1463 2644 ostendit”.
1514 2591 1648 2645 item
1704 2589 1879 2645 Elisaei
1934 2605 2019 2645 re-

434 2676 620 2747 liquiae
678 2686 960 2732 mortuum
1026 2679 1411 2735 excitaverunt
1454 2681 1530 2748 ¹⁶;
1579 2690 1634 2737 et
1682 2682 1855 2737 lutum
1912 2696 2017 2737 ete-

433 2782 559 2819 cutn
600 2780 665 2822 ex
706 2775 864 2823 ulero
931 2768 1125 2823 matris
1190 2778 1378 2824 natum
1448 2770 1795 2826 illuminavit.
1839 2771 2017 2842 Atque

435 2857 551 2912 haec
601 2858 787 2912 omnia
822 2874 947 2914 eum
996 2861 1242 2915 materize
1292 2844 1416 2917 'sint
1468 2860 1784 2916 inanimatae
1851 2872 2017 2933 atque

432 2963 633 3005 sensus
669 2958 945 3020 expertes,
988 2961 1346 3023 posteaquam
1382 2953 1490 3007 vim
1531 2952 1625 3008 Dei
1655 2953 2014 3024 accepissent,

442 3041 659 3112 magnis
695 3041 982 3097 miraculis
1042 3043 1222 3098 media
1265 3044 1715 3100 intercesserunt.
1741 3044 1818 3100 Ae
1847 3044 2013 3100 simili

435 3132 834 3202 consequentia
906 3134 1179 3188 rationum
1212 3175 1227 3200 ,
1275 3135 1437 3190 etiam
1491 3149 1656 3206 aqua,
1709 3152 1834 3191 cum
1880 3136 2016 3191 nihil

436 3223 583 3278 aliud
631 3224 892 3294 sitquam
939 3240 1116 3313 aqua,
1156 3241 1392 3295 superna
1436 3228 1612 3297 gratia
1664 3227 2019 3284 benedicente

435 3314 509 3377 ei,
546 3316 599 3367 in
640 3329 757 3368 eam
785 3328 907 3384 quae
956 3322 1137 3383 ιιιᾳιιθ
1169 3314 1494 3385 percipitur,
1535 3316 1810 3371 hominem
1854 3332 2016 3373 reno—

436 3414 529 3459 vat
552 3405 1053 3473 regenerationem.
1088 3402 1245 3472 Quod
1282 3406 1328 3461 si
1363 3406 1489 3477 quis
1516 3405 1647 3461 mihi
1684 3422 1877 3463 rursus
1913 3407 2018 3461 du-

438 3496 663 3550 bitando
704 3504 757 3550 et
812 3496 1139 3565 ambigendo
1196 3497 1474 3566 negotium
1504 3497 1777 3562 exhibeat,
1838 3500 2018 3553 conti.

441 3595 636 3641 neuter
657 3586 1006 3656 interrogans
1035 3595 1089 3640 et
1127 3587 1442 3648 sciscitans,
1476 3604 1582 3659 qua
1615 3590 1823 3645 ratione
1853 3605 2015 3660 aqua,

437 3694 502 3732 ea
556 3694 674 3747 quze
706 3694 802 3747 per
841 3678 988 3732 illam
1031 3679 1331 3750 peragitur,
1372 3680 1684 3737 initiatione
1714 3690 2015 3753 rcgeneret,

436 3769 617 3822 dicam
644 3768 851 3838 Optimo
887 3768 1011 3838 jure
1050 3769 1117 3823 ad
1145 3786 1268 3825 eum
1309 3789 1322 3825 :
1356 3769 1598 3828 Ostende
1616 3771 1749 3827 mihi
1794 3773 2016 3828 modum

438 3859 777 3923 nativitatis,
808 3876 930 3929 quae
968 3862 1027 3914 lit
1052 3861 1353 3917 secundum
1390 3878 1611 3919 carnem
1640 3882 1655 3930 ;
1699 3873 1753 3920 et
1784 3879 1888 3936 ego
1917 3866 2015 3921 tibi

439 3953 546 4006 vim
600 3952 1058 4021 regenerationis,
1118 3970 1242 4025 qua:
1304 3956 1609 4010 secundum
1652 3957 1890 4012 animam
1937 3958 2016 4023 iit,

439 4058 732 4112 exponam.
762 4044 920 4099 Dices
952 4043 1187 4101 fortasse
1231 4047 1389 4116 quasi
1422 4047 1716 4118 quamdam
1749 4050 2014 4105 rationem

441 4133 676 4190 reddens
715 4152 730 4190 :
760 4135 961 4191 Semen
996 4151 1163 4192 causa
1198 4137 1441 4194 hominis
1487 4139 1728 4195 effectrix
1759 4149 1863 4196 est.
1905 4141 2018 4194 Au-

439 4225 494 4280 di
556 4227 722 4298 igitur
755 4236 972 4307 contra
993 4243 1022 4282 a
1050 4228 1231 4295 nobis,
1263 4230 1407 4300 quod
1447 4245 1587 4307 aqua
1635 4246 1757 4302 quae
1790 4214 2019 4288 benedi-

439 4320 605 4383 citur,
638 4327 834 4389 purgat
858 4327 910 4374 et
941 4321 1212 4375 illuminat
1263 4321 1559 4377 hominem.
1594 4322 1748 4390 Quod
1779 4323 1823 4379 si
1882 4322 2013 4377 mihi

2116 1875 2211 1927 γον
2242 1857 2340 1928 τῆς
2369 1860 2693 1927 οἰκουμένης
2716 1859 2806 1911 τὸν
2850 1858 3149 1912 Ἐλισσαῖον
3187 1859 3504 1930 είργάσατο.
3540 1861 3614 1913 Τὸ
3640 1860 3691 1914 δὲ

2116 1949 2210 2003 τοῦ
2240 1948 2471 2020 σταυροῦ
2507 1947 2679 2013 ξύλον,
2721 1950 2887 2003 πᾶσιν
2912 1948 3220 2020 ἀνθρώποις
3253 1951 3368 2003 ἐστὶ
3403 1952 3691 2023 σωτήρων,

2120 2041 2285 2113 μέρος
2313 2040 2393 2107 ὃν,
2429 2041 2505 2105 ὡς
2527 2039 2730 2107 ἀκούω,
2753 2042 3226 2112 εὐκαταφρονήτου
3249 2042 3437 2111 φυτοῦ,
3461 2043 3563 2096 καὶ
3585 2043 3691 2097 τῶν

2117 2131 2329 2186 πολλῶν
2349 2131 2690 2201 ἀτιμοτέρου.
2718 2131 2827 2184 Kal.
2857 2130 3059 2200 θάμνος
3090 2130 3251 2201 βάτον
3274 2131 3351 2202 τῷ
3371 2133 3606 2186 Μωῦσεῖ
3632 2134 3701 2185 τὰ

2118 2223 2343 2295 θεοφάνε
2351 2241 2405 2276 ια
2417 2224 2582 2290 ἔδειξε
2601 2241 2613 2253 ·
2633 2223 2834 2278 καὶτοῦ
2863 2221 3166 2275 Ἐλισσαίου
3180 2222 3249 2275 τά
3259 2222 3485 2291 λείψανα
3502 2222 3697 2292 νεκρὸν

2116 2315 2399 2381 ἀνέστησε·
2441 2314 2533 2367 καὶ
2558 2312 2725 2385 πηλὸς
2746 2312 2836 2365 τὸν
2862 2312 3058 2382 τυφλὸν
3084 2310 3175 2364 τὸν
3220 2314 3283 2365 ὲκ
3322 2311 3531 2375 κοιλίας
3550 2311 3697 2382 ἐφώ-

2116 2423 2257 2460 τισε.
2291 2406 2398 2459 Καὶ
2431 2406 2601 2459 ταῦτα
2638 2405 2815 2459 πάντα
2848 2403 2971 2458 ὕλαι
3002 2403 3338 2475 τυγχάνοντα
3375 2402 3576 2472 άψνχοι
3603 2404 3698 2457 καὶ

2116 2499 2431 2570 ἀναίσθητοι
2455 2502 2568 2563 τοῖς
2601 2496 2856 2570 μεγάλοις
2886 2495 3156 2568 θαύμασιν
3181 2496 3560 2567 ὲμεσίτευσαν,
3588 2494 3690 2563 τὴν

2115 2589 2211 2643 τοῦ
2227 2589 2363 2643 Θεοῦ
2384 2588 2651 2661 δεξάμενα
2671 2587 2919 2660 δύναμιν.
2948 2588 3107 2643 Καὶ
3134 2586 3191 2641 δὲ
3220 2586 3318 2655 τὴν
3343 2585 3537 2655 ὁμοίαν
3565 2585 3697 2637 ἀκο-

2116 2679 2335 2735 λουθίαν
2356 2678 2462 2733 τῶν
2480 2677 2770 2749 λογισμῶν,
2797 2677 2888 2730 καὶ
2914 2676 2976 2730 τὸ
3003 2674 3147 2744 ὕδωρ
3172 2673 3324 2728 οὐδὲν
3350 2672 3479 2727 ἄλλο
3499 2671 3701 2740 τυγχάο

2119 2792 2207 2828 νον
2229 2773 2263 2844 ἢ
2294 2772 2456 2842 ὕδωρ,
2482 2769 2815 2835 ἀνακαινίζει
2834 2766 2926 2824 τὸν
2964 2768 3251 2840 ἄνθρωπον
3272 2767 3354 2828 είς
3372 2763 3471 2835 τὴν
3497 2762 3700 2833 νοητὴν

2117 2866 2501 2935 ἀναγέννησιν,
2546 2865 2646 2934 τῆς
2673 2862 2879 2917 ἄνωθεν
2918 2862 3135 2932 χάριτος
3176 2859 3505 2929 εὐλογούσης
3544 2857 3700 2912 αὐτό.

2131 2958 2257 3011 Ἐὰν
2278 2958 2335 3012 δέ
2362 2974 2450 3026 μοι
2481 2955 2641 3009 πάλιν
2665 2953 2927 3019 διστάζων
2946 2971 3028 3016 τις
3052 2953 3147 3007 xal.
3173 2950 3532 3022 ἁμφιϐάλλων
3559 2950 3730 3019 πρά-θ

2042 3086 2090 3149 c
2118 3066 2306 3120 γματα
2337 3046 2582 3118 παρέχῃ,
2614 3043 2851 3115 συνεχῶς
2882 3043 3096 3114 ἐρωτῶν
3135 3043 3231 3099 καὶ
3260 3037 3699 3110 διαπυνθανόμεο

2121 3159 2210 3205 νος
2229 3180 2244 3204 ,
2285 3139 2401 3203 πῶς
2431 3137 2574 3208 ὕδωρ
2599 3138 2871 3208 ἀναγεννᾷ
2893 3136 2987 3189 καὶ
3015 3137 3048 3206 ἡ
3078 3138 3162 3189 ἐπ’
3184 3135 3379 3205 ἐκείνῳ
3402 3134 3703 3202 τελουμένη

2123 3231 2499 3305 μυσταγωγία,
2547 3229 2685 3295 λέξω
2722 3229 2858 3300 πρὸς
2902 3227 3062 3281 αὐτὸν
3088 3227 3440 3280 δικαιότατασ
3488 3224 3704 3295 Στῆσόν

2124 3343 2212 3396 μοι
2239 3322 2329 3377 τὸν
2348 3322 2549 3394 τρόπον
2567 3321 2666 3392 τῆς
2689 3321 2990 3390 γεννήσεως
3007 3319 3103 3389 τῆς
3132 3318 3271 3372 κατά
3305 3318 3483 3389 σάρκα
3499 3333 3513 3348 ·
3542 3315 3705 3384 κάγὼ

2122 3434 2204 3469 σοι
2229 3415 2556 3485 διηγήσομαι
2585 3411 2683 3483 τῆς
2728 3409 2869 3465 κατά
2917 3409 3093 3480 ψυχὴν
3129 3407 3547 3477 παλιγγενεσίας
3596 3406 3699 3477 τὴν

2119 3506 2367 3576 δύναμιν.
2433 3503 2609 3574 Ἐρεῖς
2662 3501 2846 3572 τυχὸν,
2894 3500 2971 3565 ῶς
3006 3518 3129 3554 τινα
3181 3497 3697 3568 λόγοννάποδιδούς

2121 3597 2443 3670 Σπέρματος
2467 3594 2617 3647 αίτία
2648 3594 2795 3645 ποιεῖ
2820 3591 2911 3646 τὸν
2939 3591 3244 3664 ἄνθρωπον.
3274 3588 3553 3643 Λύτάκουε
3586 3588 3701 3640 τοί-

2120 3702 2214 3737 νυν
2244 3685 2337 3737 καὶ
2362 3682 2491 3753 παρ’
2523 3678 2704 3751 ἡμῶν.
2735 3678 2811 3742 ὼς
2846 3677 2988 3749 ὕδωρ
3017 3676 3395 3747 εὐλογούμενον
3438 3675 3703 3745 καθαίρει

2121 3777 2217 3831 καὶ
2254 3774 2475 3846 φωτίζει.
2514 3772 2606 3827 τὸν
2649 3770 2953 3841 ἄνθρωπον.
2991 3771 3088 3824 Ἂν
3134 3768 3190 3822 δέ
3233 3783 3319 3836 μοι
3364 3765 3523 3820 πάλιν
3558 3766 3700 3819 ἀνθ-

2123 3868 2467 3940 υποκρούσῃς
2495 3864 2575 3928 τὸ,
2611 3863 2763 3926 πῶς.;
2797 3861 3183 3934 άντιϐοήσομαί
3207 3876 3286 3913 σοι
3312 3856 3696 3929 σφοδρότερονν

2123 3960 2245 4025 Πῶς
2273 3962 2307 4031 ἡ
2344 3956 2487 4029 ὑγρά
2513 3956 2606 4010 καὶ
2632 3956 2877 4026 ἄμορφος
2905 3951 3092 4012 οὐσία,
3128 3949 3414 4021 ἄνθρωπος
3445 3947 3659 4015 γίνεται
3684 3963 3699 4008 ;

2119 4053 2230 4107 Καὶ
2262 4049 2403 4105 κατὰ
2432 4048 2611 4118 πάσης
2636 4046 2736 4117 τῆς
2758 4044 2987 4105 κτίσεως
3016 4041 3188 4105 οὕτως
3211 4042 3240 4093 ὁ
3272 4040 3430 4107 λόγος
3462 4039 3698 4108 προσαξς

2120 4160 2226 4197 νων
2257 4144 2342 4210 ἐφ’
2368 4140 2583 4209 ἑκάστῳ
2632 4136 2918 4210 πράγματι
2946 4131 3419 4202 γυμνασθήσεται·
3454 4128 3573 4191 πῶς
3603 4128 3699 4181 οὑ-

2123 4234 2315 4306 ρανός;
2344 4231 2460 4294 πῶς
2476 4231 2555 4302 ,γῆ
2580 4246 2595 4295 ;
2626 4228 2741 4291 πῶς
2768 4226 3010 4281 θάλασσα
3033 4241 3048 4290 ;
3081 4222 3198 4286 πῶς
3226 4221 3295 4275 τὰ
3322 4218 3698 4306 καθὲκαστον;

2121 4304 2402 4399 Πανταχοῦ
2443 4322 2552 4392 γάρ
2593 4323 2621 4375 ό
2661 4318 2919 4389 λογισμὸς
2967 4318 3075 4370 τῶν
3124 4314 3426 4387 ἀνθρώπων
3471 4304 3703 4383 ἀπορῶν

441 4426 639 4466 rursus
680 4421 871 4466 contra
903 4413 1193 4482 subjicias,
1226 4415 1545 4484 quomodo?
1587 4415 1846 4471 Clamabo
1882 4429 2013 4469 con-

2121 4418 2254 4489 πρὸς
2280 4413 2377 4484 τὴν
2405 4412 2640 4484 εὕρεσιν,
2672 4411 2808 4483 πρὸς
2843 4408 3045 4479 ταύτην
3069 4406 3401 4476 καταφεύγει
3427 4404 3529 4475 τὴν
3570 4405 3705 4458 συλ-

441 4510 527 4555 tra
552 4508 603 4556 te
621 4502 1016 4565 vehementius,
1040 4504 1316 4572 quomodo
1338 4504 1556 4559 humida
1577 4512 1740 4574 atque
1764 4503 2014 4562 informis

441 4602 641 4647 natura
673 4595 833 4647 homo
867 4592 968 4645 ﬁt?
1004 4593 1182 4663 Atque
1211 4593 1278 4649 de
1311 4595 1459 4650 onmi
1490 4608 1738 4651 creatura
1772 4596 1847 4650 ita
1883 4610 2012 4651 ora-
2039 4586 2045 4590 ’

442 4687 519 4740 tio
541 4685 918 4756 progrediens,
966 4685 1020 4738 in
1064 4701 1390 4757 unaquaque
1433 4703 1494 4743 re
1527 4687 1890 4756 exercebitur,
1920 4690 2012 4760 qui

386 4813 400 4823 .
443 4776 687 4858 egalum?
725 4775 816 4844 qui
842 4774 1130 4845 terra?qui
1182 4780 1367 4831 mare?
1421 4778 1514 4847 qui
1557 4793 1647 4834 res
1677 4779 2017 4848 singulares?

445 4866 658 4936 Ubique
688 4868 831 4921 enim
866 4867 1008 4921 ratio
1048 4866 1327 4922 hominum
1381 4869 1448 4922 ad
1489 4869 1854 4924 inventionem
1895 4886 2021 4941 per-

442 4958 599 5025 plexa
628 4956 887 5010 haesitans
930 4954 998 5009 ad
1036 4956 1177 5010 hanc
1215 4957 1476 5028 syllabam
1527 4959 1793 5029 confugit,
1851 4960 2011 5015 sicuti

443 5044 510 5099 ad
539 5046 746 5112 sellam,
775 5047 867 5116 qui
912 5046 1118 5117 ingredi
1145 5053 1198 5103 et
1222 5049 1505 5103 ambulare
1538 5064 1645 5104 non
1669 5058 1920 5121 possunt.
1950 5051 2014 5107 Et

441 5143 504 5190 ut
544 5149 661 5190 rem
714 5136 907 5205 paucis
938 5137 1240 5201 absolvam,
1277 5137 1480 5209 ubique
1507 5139 1691 5194 divina
1726 5142 1805 5196 vis
1832 5149 1887 5197 ct
1909 5144 2015 5198 elli-

441 5228 648 5284 cacitas
677 5227 1252 5299 incomprehensibilis
1273 5239 1377 5293 est,
1396 5231 1653 5302 nullaque
1673 5234 1754 5287 vel
1780 5234 2014 5303 ratione,

440 5320 525 5374 vel
558 5327 674 5374 arte
703 5320 986 5389 explorari
1017 5328 1216 5388 potest,
1241 5335 1436 5376 creans
1458 5322 1675 5391 quidem
1706 5333 1867 5391 atque
1896 5339 2019 5394 pro-

439 5409 650 5465 ducens
671 5408 828 5465 facile
864 5424 1209 5481 quacunque
1245 5412 1383 5475 vult,
1443 5412 1699 5469 subtilem
1760 5428 1888 5469 vero
1924 5430 2018 5469 co-

439 5502 736 5570 gnitionem
759 5500 1059 5557 elﬁcientiae
1097 5518 1199 5559 nos
1229 5505 1434 5560 celans.
1474 5506 1655 5570 Quare
1691 5504 1854 5559 etiam
1883 5505 2011 5562 bea-

2117 4488 2310 4577 λαϐὴν,
2344 4503 2419 4567 ὡς
2454 4503 2589 4574 πρὸς
2629 4488 2894 4571 καθέδραν
2934 4500 2984 4552 οι
3031 4498 3110 4568 τῷ
3140 4497 3376 4576 βαδίζειν
3417 4494 3700 4550 ἀδύνατοι.

2117 4598 2229 4653 Kal.
2251 4597 2338 4650 ἵνα
2361 4591 2592 4648 συνελὼν
2625 4593 2784 4655 εἴπω,
2814 4588 3086 4660 πανταχοῦ
3112 4589 3145 4659 ή
3176 4587 3271 4640 τοῦ
3299 4584 3435 4639 Θεοῦ
3463 4584 3705 4656 δύναμις

2120 4689 2215 4743 καὶ
2252 4686 2505 4757 ἐνέργεια
2547 4682 2931 4752 ἀκατάληπτός
2967 4683 3084 4734 ἑστι
3114 4679 3207 4733 καὶ
3239 4677 3700 4749 άτεχνολόγητοςο

2119 4781 2399 4853 ύφιστῶσα
2434 4779 2533 4849 μὲν
2583 4776 2817 4840 εὐκόλως
2853 4776 2993 4847 ἆπερ
3040 4775 3107 4829 ἂν
3138 4773 3296 4845 ἐθέλῃ
3320 4813 3335 4839 ,
3373 4772 3472 4843 τὴν
3511 4773 3577 4827 δὲ
3610 4774 3701 4825 λε-

2117 4870 2362 4943 πτομερῆ
2393 4868 2590 4938 γνῶσιν
2612 4870 2708 4937 τῆς
2740 4865 3019 4937 ἐνεργείας
3039 4865 3168 4935 ἡμῖν
3188 4862 3586 4932 ἀποκρύψασα.
3609 4862 3699 4916 Διὸ

2120 4963 2214 5018 xal.
2240 4963 2270 5015 ὁ
2315 4960 2580 5033 μακάριος
2612 4956 2808 5020 Δαϐὶδ,
2844 4956 3144 5027 ἐπιστήσας
3176 4953 3305 5007 ποτὲ
3332 4953 3425 5007 τὸν
3457 4954 3593 5009 νοῦν
3630 4955 3694 5022 τῇ

2123 5051 2568 5127 μεγαλοπρεπείᾳ
2598 5047 2697 5118 τῆς
2731 5048 2961 5112 κτίσεως
2979 5046 3118 5113 ,‘xal.
3156 5043 3434 5116 θαύματος
3481 5045 3695 5115 ἀπόρου

2121 5142 2428 5216 πληρωθεὶς
2458 5138 2555 5210 τὴν
2579 5138 2778 5210 ψυχὴν,
2822 5138 3001 5192 ὲκείνο
3033 5137 3095 5190 τὸ
3131 5135 3285 5208 παρὰ
3311 5135 3537 5190 πάντων
3571 5133 3692 5207 ᾀδό-
3776 5155 3788 5165 ι

2120 5253 2280 5307 μενον
2301 5231 2704 5301 ἀπεφθέγξατοο
2747 5230 2841 5296 Ὠς
2870 5229 3243 5299 memoro"
3277 5228 3346 5282 τὰ
3372 5228 3521 5298 ἔργα
3550 5242 3694 5288 σου,

2117 5325 2335 5396 Κύριε]
2377 5323 2574 5377 πάντα
2613 5321 2682 5376 ἐν
2707 5320 2893 5389 σοφίᾳ
2932 5319 3249 5388 ἐποίησας.
3285 5318 3398 5390 Τὴν
3450 5319 3550 5389 μὲν
3578 5316 3702 5390 γὰρ

2118 5414 2306 5482 σοφίαν
2359 5412 2643 5481 ἐνενόησε·
2685 5407 2780 5479 τὴν
2829 5407 2883 5460 δὲ
2941 5407 3136 5479 τέχνην
3190 5408 3291 5480 τῆς
3348 5410 3536 5478 σοφίας
3587 5409 3707 5481 οὐχ

2117 5499 2294 5575 εὗρεν.

441 5600 532 5647 tus
572 5592 738 5647 llavid
762 5608 886 5648 eum
918 5593 1213 5662 aliquando
1241 5597 1483 5650 animum
1509 5603 1563 5650 et
1585 5603 1823 5650 mentem
1848 5596 2190 5654 adhibuisset
2251 5596 2317 5649 ad
2351 5592 2804 5664 magnificentiam
2872 5598 3158 5655 creaturae,
3224 5589 3503 5660 animique
3566 5606 3715 5658 per-

511 5708 723 5781 ξᾙτοιι.
768 5728 839 5771 tv,
872 5711 907 5764 2
929 5728 1047 5781 sqq.

442 5779 487 5812 ⁸³
521 5777 584 5833 Ι“ι’
621 5776 731 5846 ίὶςιε
785 5797 900 5845 xm,
933 5776 1021 5835 τις

1840 6100 2107 6174 1‘

1158 5712 1369 5769 “Exod.
1395 5729 1486 5780 vn,
1516 5712 1600 5766 l7.
1678 5711 1700 5744 '
1744 5711 1912 5768 Exod.
1960 5729 2075 5780 \‘lll,
2108 5713 2158 5768 6.

2273 5715 2291 5744 ⁸
2334 5713 2503 5768 Exod.
2540 5727 2660 5773 xlv,
2700 5710 2769 5762 20
2824 5723 2943 5777 sqq.
3057 5710 3078 5740 ’
3131 5708 3298 5765 Exod.
3343 5723 3442 5771 ιιι,
3485 5705 3514 5759 2
3566 5721 3715 5778 sqq.
