3930 6210
259 114 366 174 585

1426 182 1431 188 _
1471 109 1535 164 IN
1579 103 1972 162 BAPTISMUM
2022 101 2297 160 CHRISTI

3400 98 3521 156 .586

266 229 527 303 plexitate
567 227 641 284 ob
670 227 1050 283 inscrutabilia
1079 228 1343 283 miracula
1400 228 1642 296 repletus
1711 230 1879 289 esset,
1957 221 2092 274 illud
2134 220 2280 290 quod
2333 217 2403 273 ab
2448 215 2706 273 omnibus
2755 216 2974 272 canitur
3027 217 3266 273 notabile
3313 217 3519 274 dictum

265 320 686 392 pronuntiavit:
731 319 947 386 Quanta
1005 320 1405 392 magniﬁcentia
1457 320 1688 388 perfecta
1735 324 1860 370 sunt
1896 329 2053 382 opera
2085 325 2198 377 tua,
2263 311 2536 366 Domine!
2564 311 2744 364 omnia
2787 327 2905 364 cum
2944 311 3206 378 sapientia
3242 310 3415 378 fecisti
3453 313 3516 363 ¹¹.

262 415 401 470 Nam
433 415 760 486 sapientiam
805 415 1032 484 quidem
1084 417 1269 470 animo
1324 415 1597 484 concepit,
1659 422 1835 467 artem
1873 425 2004 464 vero
2033 407 2316 479 sapientia:
2341 422 2450 461 non
2477 405 2706 460 invenit.

329 507 743 571 Καταλιπόντες
767 508 948 560 τοίνυν
979 509 1042 560 τὸ
1071 509 1211 580 ὑπὲρ
1238 509 1467 578 δύναμιν
1495 505 1842 577 άνθρωπικὴν

2018 499 2343 557 Omittentes
2397 499 2563 570 igitur
2623 496 2898 566 inquirere
2958 504 3124 567 atque
3160 494 3397 552 scrutari
3457 508 3523 550 ea

255 597 760 669 πολυπραγμονεῖν,
805 599 980 651 ἐκεῖνο
1031 599 1232 669 μᾶλλον
1281 599 1624 669 ζητήσωμεν.
1672 595 1700 648 ὃ
1749 595 1843 648 καὶ

263 691 505 760 μερικὴν
521 689 811 757 ὑποφαίνει
833 688 1156 758 κατάληψινο
1178 689 1334 752 Τίνος
1354 689 1538 742 ἕνεκεν
1557 688 1626 742 δι’
1648 686 1842 750 ὕδατος

254 784 292 852 ὴ
323 781 634 851 κάθαρσις;
675 782 770 833 καὶ
813 781 946 851 πρὸς
994 781 1154 834 ποίαν
1178 781 1370 852 χρείαν
1406 781 1462 833 αἱ
1491 782 1640 852 τρεῖς
1673 797 1844 832 κατα-

255 873 443 935 δύσεις
486 871 1040 942 παραλαμϐάνονται;
1083 873 1148 925 ⁸0
1178 871 1357 924 τοίνυν
1399 872 1492 924 καὶ
1517 873 1566 924 οῖ
1601 871 1844 942 Πατέρες

259 960 529 1025 ἐδίδαξαν,
557 960 652 1013 καὶ
687 962 717 1012 6
749 960 1015 1030 ἡμέτερος
1048 959 1172 1025 νοῦς
1205 961 1582 1030 συντιθέμενος
1619 959 1841 1014 κατεδέ-

262 1050 413 1114 ξατο,
443 1051 606 1104 τοῦτο
633 1051 910 1120 τυγχάνει*
942 1051 1195 1123 Τέσσαρα
1218 1055 1456 1123 στοιχεῖα
1481 1053 1839 1124 γνωρίζομεν,

261 1143 354 1211 ἀφ’
387 1135 465 1194 ὧν
501 1143 530 1194 6
576 1142 778 1212 κόσμος
814 1142 927 1211 ἔχει
951 1143 1050 1214 τὴν
1079 1143 1357 1208 σύστασιν,
1387 1143 1639 1217 γνώριμα
1683 1147 1838 1210 πᾶσι,

261 1234 367 1290 κᾶν
394 1235 648 1304 σιωπηθῇ
692 1233 762 1286 τὰ
803 1234 1062 1304 ὀνόματα.
1101 1235 1163 1287 Ei
1212 1235 1267 1288 δὲ
1297 1236 1541 1306 προσῆκε
1563 1277 1577 1301 ,
1605 1237 1693 1290 διὰ
1715 1239 1842 1300 τοὺς

260 1324 688 1394 ἁπλουστέρους,
722 1325 818 1378 καὶ
844 1326 940 1388 τὰς
971 1328 1338 1397 προσηγορίας
1379 1330 1571 1382 εἰπεῖν’
1603 1329 1716 1400 πῦρ
1749 1331 1843 1383 καὶ

257 1417 389 1486 ἀὴρ,
421 1416 494 1484 γῆ
525 1416 619 1467 καὶ
650 1415 812 1484 ὕδωρ.
849 1416 907 1467 '0
935 1415 1112 1469 τοίνυν
1141 1418 1272 1480 Θεὸς
1301 1418 1457 1488 ἡμῶν
1492 1420 1583 1471 καὶ
1611 1419 1800 1492 Σωτὴρ
1822 1461 1838 1485 ,

255 1509 359 1576 τὴν
394 1507 537 1575 ὑπὲρ
559 1506 714 1575 ἡμῶν
741 1507 1050 1578 οἰκονομίαν
1079 1507 1322 1578 πληρῶν,
1352 1509 1412 1562 τὸ
1440 1509 1698 1582 τέταρτον
1725 1513 1842 1566 τού·

259 1615 373 1650 των
401 1597 607 1667 ὑπῆλθε
638 1597 737 1667 τὴν
774 1598 910 1680 γῆν,
934 1598 999 1651 ἵν’
1033 1599 1240 1652 ἐκεῖθεν
1268 1601 1365 1670 τὴν
1395 1601 1538 1672 ζωὴν
1565 1603 1838 1676 ἀνατείλῃ.

279 1687 473 1756 Ἡμεῖς
496 1687 554 1739 δὲ
588 1687 646 1739 τὸ
673 1687 956 1758 βάπτισμα
987 1690 1526 1761 παραλαμϐάνοντες,
1560 1695 1640 1756 είς
1669 1696 1842 1766 μίμη-

268 1797 358 1832 σιν
384 1780 477 1833 τοῦ
493 1779 685 1850 Κυρίου
706 1781 798 1832 καὶ
815 1781 1134 1835 διδασκάλου
1157 1784 1251 1836 καὶ
1270 1785 1641 1855 καθηγεμόνος
1662 1788 1838 1857 ἡμῶν,

268 1873 352 1932 εἰς
373 1870 475 1940 γῆν
501 1871 596 1940 μὲν
614 1871 674 1922 οὐ
703 1871 1021 1942 (iamdiu-:01
1039 1874 1056 1943 (
1076 1871 1211 1943 αὕτη
1236 1873 1343 1943 γὰρ
1363 1873 1457 1928 τοῦ
1483 1877 1842 1946 νεκρωθέντος

269 1962 545 2025 παντελῶς
575 1963 823 2033 σώματος
845 1964 1050 2031 γίνεται
1079 1966 1276 2037 σκέπη,
1305 1966 1402 2038 τὴν
1435 1969 1716 2023 ἀσθένειαν
1751 1971 1842 2024 καὶ

264 2053 472 2123 (τθορὲιν
497 2057 593 2124 τῆς
632 2054 845 2122 φύσεως
871 2057 1026 2126 ἡμῶν
1055 2058 1504 2129 περιστέλλουσα)
1531 2094 1548 2126 ,
1579 2060 1670 2113 ἐπὶ
1697 2060 1753 2114 δὲ
1782 2061 1842 2113 τὸ

264 2145 528 2211 συγγενὲς
543 2149 641 2215 τῆς
658 2146 760 2216 γῆς
784 2151 1130 2216 στοιχεῖον,τδ
1155 2149 1630 2221 ὕδωρ,ὲρχόμενοι,
1651 2152 1842 2221 ἐκείνῳ

262 2237 493 2298 ἑαυτοὺς
522 2236 921 2308 ὲγκρύπτομεν,
956 2238 1031 2302 ὡς
1052 2241 1080 2292 ὁ
1103 2241 1292 2311 Σωτὴρ
1315 2244 1382 2312 τῇ
1406 2245 1474 2312 γῇ
1496 2259 1507 2272 ·
1543 2242 1637 2295 καὶ
1658 2243 1842 2312 τρίτον

261 2328 426 2380 τοῦτο
459 2328 814 2398 ποιήσαντες,
868 2328 967 2400 τὴν
997 2332 1296 2402 τριήμερον
1329 2333 1536 2396 ἑαυτοῖς
1570 2333 1668 2404 τῆς
1713 2335 1842 2386 ἀνα-

260 2420 510 2482 στάσεως
537 2421 696 2491 χάριν
723 2419 1138 2491 ἐξεικονίζομενο
1174 2422 1268 2474 καὶ
1294 2421 1468 2476 ταῦτα
1497 2425 1754 2492 ποιοῦμεν
1781 2424 1839 2476 οὐ

261 2513 449 2580 σιωπῇ
500 2510 1018 2580 παραλαμϐάνοντες
1067 2512 1128 2564 τὸ
1181 2513 1501 2585 μυστήριον,
1547 2513 1680 2567 ἀλλὰ
1731 2513 1842 2568 τῶν

257 2605 437 2676 τριῶν
463 2607 633 2673 ἁγίων
678 2606 1028 2660 ὑποστάσεων
1057 2607 1456 2678 ἐπιλεγομένων
1488 2611 1638 2680 ἡμῖν,
1671 2610 1748 2673 είς
1773 2607 1842 2673 ἃς

259 2697 691 2768 ἐπιστεύσαμεν,
741 2699 828 2768 ἐφ’
871 2695 956 2762 αἷς
1003 2702 1093 2753 καὶ
1139 2701 1451 2772 ἐλπίζομεν,
1503 2688 1572 2768 ἐξ
1603 2697 1677 2756 ῶν
1711 2704 1843 2774 ἡμῖν

258 2790 365 2843 καὶ
397 2790 462 2843 τὸ
487 2789 582 2844 νῦν
620 2786 782 2855 εἶναι,
811 2792 906 2846 καὶ
939 2792 1000 2845 τὸ
1035 2793 1194 2846 πάλιν
1224 2793 1440 2847 ἔσεσθαι
1481 2795 1840 2865 περιγίνεται.

258 2883 422 2950 Τάχα
459 2881 828 2954 δυσχεραίνεις
857 2885 886 2937 6
927 2883 1062 2955 πρὸς
1094 2885 1193 2955 τὴν
1221 2884 1377 2950 δόξαν
1405 2884 1499 2938 τοῦ
1532 2886 1846 2958 Πνεύματος

257 2972 556 3044 τολμηρῶς
601 2973 924 3045 μαχόμενος,
951 2976 1047 3028 καὶ
1079 2975 1396 3046 ζηλοτυπεῖς
1423 2975 1514 3030 τὸν
1550 2977 1842 3051 Παράκλη-

259 3084 358 3119 τον
391 3065 487 3118 τοῦ
521 3065 860 3137 σεϐάσματκ
879 3106 895 3130 ,
942 3060 986 3136 ᾧ
1021 3067 1172 3138 παρὰ
1198 3067 1308 3121 τῶν
1337 3068 1577 3123 εὐσεϐῶν
1605 3070 1841 3124 σέϐεται.

261 3155 600 3210 Καταλιπὼν
627 3155 682 3208 δὲ
709 3156 832 3227 ἐμοὶ
851 3156 1277 3228 συμπλέκεσθαι,
1304 3158 1584 3228 άντίστηθι
1611 3162 1729 3224 ταῖς
1749 3159 1842 3213 τοῦ

266 3248 473 3318 Κυρίου
499 3251 722 3317 φωναῖς,
755 3250 804 3301 ει
832 3248 1076 3316 δύνασαι,
1108 3249 1164 3303 αἲ
1187 3251 1286 3322 τὴν
1313 3251 1600 3322 ἐπίκλησιν
1625 3251 1721 3304 τοῦ
1750 3251 1847 3322 βα-

269 3339 573 3407 πτίσματος
605 3341 720 3401 τοῖς
751 3337 1058 3410 ἀνθρώποις
1083 3339 1503 3411 ἐνομοθέτησαν.
1539 3341 1604 3394 Τί
1628 3341 1685 3396 δέ
1717 3358 1849 3412 φησι

267 3429 328 3482 τὺ
356 3428 452 3482 τοῦ
482 3428 751 3482 Δεσπότου
785 3431 1149 3503 παράγγελμα
1172 3448 1186 3497 ;
1209 3427 1604 3500 Βαπτίζοντες
1628 3434 1851 3502 αὐτοὺς

269 3523 353 3586 εις
381 3521 447 3574 τὸ
477 3522 666 3591 ὄνομα
702 3521 806 3576 τοῦ
849 3525 1079 3592 Πατρός
1118 3520 1220 3578 καί
1256 3524 1365 3580 τοῦ
1406 3525 1543 3580 Υὶοῦ
1593 3526 1692 3580 καί
1742 3527 1848 3582 τοῦ

273 3614 444 3681 ἁγίου
481 3615 842 3683 Πνεύματος.
879 3616 1004 3680 Πῶς
1043 3617 1123 3680 είς
1161 3607 1223 3669 τδ
1263 3615 1434 3688 δνομα
1465 3612 1560 3671 τοῦ
1601 3618 1846 3689 Πατρόςς

286 3704 504 3774 Ἐπειδὴ
529 3706 669 3777 ἀρχὴ
693 3705 802 3759 τῶν
827 3707 1062 3761 πάντων.
1091 3701 1216 3770 Πῶς
1243 3709 1324 3772 είς
1350 3703 1441 3762 τὸν
1465 3698 1627 3773 Υίᾶν;
1659 3709 1847 3780 ἐπειδὴ

277 3795 596 3864 δημιουργδς
651 3799 750 3869 τῆς
793 3798 1042 3859 κτίσεως.
1099 3792 1221 3862 Πῶς
1259 3802 1338 3863 είς
1393 3794 1456 3854 τδ
1506 3791 1732 3870 Πνεῦμα
1783 3801 1846 3855 τὸ

279 3887 469 3952 ἆγιον;
501 3886 704 3961 Ἐπειδὴ
733 3890 1073 3944 τελειωτικδν
1098 3891 1205 3945 τῶν
1235 3893 1469 3947 πάντων.
1518 3891 1849 3947 ’Υποκὺπτο-

276 3995 383 4049 μεν
425 3976 515 4034 οὖν
551 3981 623 4052 τῷ
663 3983 872 4054 Πατρὶ,
902 3984 988 4037 ἵνα
1037 3985 1409 4056 ἁγιασθῶμεν·
1458 3986 1846 4056 ὑποκύπτομεν

267 4073 366 4125 καὶ
397 4071 525 4141 Υίῴ,
563 4073 648 4126 ἵνα
685 4075 818 4129 αὐτὸ
846 4076 1004 4129 τοῦτο
1030 4077 1254 4148 γένηται
1279 4094 1293 4107 ’
1341 4077 1726 4148 ὑποκύπτομεν
1751 4079 1845 4132 καὶ

263 4163 406 4233 ἁγίῳ
457 4164 733 4235 Πνεὺματι
753 4207 768 4230 ,
797 4167 884 4220 ἵνα
933 4167 1089 4221 τοῦτο
1132 4168 1415 4238 γενώμεθα
1445 4169 1580 4241 ὅπερ
1607 4171 1722 4222 ἐστὶ
1751 4169 1844 4223 καὶ

263 4255 502 4322 λέγεται.
534 4259 649 4310 Οὐκ
693 4259 806 4312 ἐστι
838 4260 932 4312 τοῦ
971 4260 1245 4332 ἁγιασμοῦ
1291 4261 1541 4332 διαφορὰ,
1577 4261 1652 4326 ὡς
1682 4261 1843 4314 πλέον

259 4347 358 4399 τοῦ
385 4349 596 4419 Πατρδς
622 4350 843 4418 ἁγιάζον
856 4369 936 4414 to;
955 4393 970 4415 ,
1002 4352 1221 4406 ἔλαττον
1263 4353 1319 4406 δὲ
1360 4352 1453 4406 τοῦ
1480 4353 1606 4406 Υἱοῦ
1631 4396 1644 4418 ,
1681 4350 1843 4426 ἦττον

255 4438 312 4491 ἃ
347 4439 456 4490 τῶν
475 4441 570 4492 δύο
597 4441 690 4494 τοῦ
713 4443 868 4511 ἁγίου
898 4443 1231 4512 Πνεύματος.
1261 4444 1358 4497 Διὰ
1384 4444 1438 4498 τί
1463 4441 1553 4498 οὖν
1573 4445 1670 4509 τὰς
1696 4449 1842 4517 τρεῖς

1947 607 2069 662 quae
2093 591 2240 646 vires
2284 597 2547 658 superant
2585 587 2883 652 humanas,
2920 585 3050 640 illud
3077 586 3260 656 potius
3309 598 3525 655 quaera-

1944 697 2090 746 mus,
2123 682 2273 752 quod
2339 680 2504 735 etiam
2540 677 2929 749 particularem
2979 677 3217 733 ostendit
3268 691 3520 747 compre-

1945 773 2287 840 hensionem,
2323 772 2484 842 cujus
2536 771 2614 825 rei
2642 769 2819 842 gratia
2856 785 2952 840 per
3003 784 3199 840 aquam
3268 771 3523 841 purgatio

1944 867 2037 922 fiat
2065 868 2089 922 ‘i
2112 876 2167 923 et
2198 881 2299 922 cur
2321 875 2491 921 terna:
2523 864 2904 920 immersiones
2933 863 3339 918 adhibeantur?
3363 862 3521 928 Quod

1940 959 2108 1029 igitur
2145 965 2200 1014 et
2233 957 2422 1012 Patres
2455 955 2785 1018 docuerunt,
2815 965 2869 1011 et
2897 964 3087 1011 nostra
3118 969 3274 1011 mens
3331 969 3523 1011 assen-

1942 1064 2063 1105 sum
2115 1047 2362 1118 prazbens
2401 1047 2634 1116 accepit,
2677 1046 2782 1100 hoc
2821 1053 2946 1102 est:
2977 1045 3228 1111 Quatuor
3252 1045 3524 1100 elementa

1942 1149 2070 1196 nota
2101 1143 2382 1203 habemus,
2410 1155 2478 1194 ex
2507 1139 2707 1209 quibus
2752 1138 2988 1193 mundus
3018 1138 3354 1194 constitutus
3397 1145 3480 1193 est
3505 1153 3521 1191 :

1941 1249 2063 1304 qua:
2094 1233 2257 1288 etiam
2300 1234 2346 1286 si
2379 1231 2597 1286 nomina
2625 1229 2840 1286 silentio
2877 1237 3272 1298 praetereantur
3293 1269 3309 1296 ,
3346 1230 3526 1284 omni-

1942 1327 2045 1381 bus
2075 1334 2202 1380 nota
2241 1331 2392 1380 sunt.
2421 1321 2577 1388 Quod
2606 1322 2651 1377 si
2692 1328 2918 1391 prepter
2947 1321 3316 1390 simpliciores
3356 1321 3522 1376 etiam

1942 1417 2162 1471 nomina
2213 1414 2490 1485 (eorum)
2551 1413 2712 1468 edere
2768 1413 2835 1466 ad
2902 1427 3014 1466 rem
3077 1413 3350 1482 pertinet:
3383 1412 3524 1482 ignis

1944 1509 2091 1578 (est)
2135 1516 2190 1562 et
2222 1521 2332 1570 aer,
2376 1513 2520 1561 terra
2567 1512 2622 1560 et
2682 1519 2844 1574 aqua.
2875 1497 3008 1558 Cum
3063 1504 3231 1574 igitur
3283 1505 3425 1560 Deus
3467 1515 3524 1558 et

1944 1607 2193 1656 servator
2253 1606 2438 1653 noster
2473 1611 2571 1666 pro
2600 1597 2758 1651 nobis
2795 1604 3110 1665 susceptam
3167 1595 3523 1650 administra-

1942 1693 2146 1747 tionem
2203 1691 2501 1760 impleret,
2559 1704 2726 1744 unum
2784 1706 2850 1744 ex
2884 1688 2970 1743 his
3029 1697 3287 1758 quatuor,
3321 1696 3522 1742 terram

1945 1781 2459 1852 (scilicet)subiit,
2518 1789 2577 1833 ut
2630 1779 2781 1834 illine
2847 1780 3013 1832 vitam
3069 1779 3356 1833 excitaret.
3413 1777 3524 1832 Nos

1946 1889 2076 1930 vero
2110 1873 2376 1942 baptisma
2409 1883 2758 1928 assumentes
2799 1871 2866 1924 ad
2912 1871 3272 1925 imitationem
3312 1869 3523 1924 Domini

1947 1975 2001 2023 et
2028 1966 2271 2021 doctoris
2317 1975 2369 2020 et
2408 1965 2756 2035 praeceptoris
2775 1963 2952 2018 nostri
2979 2003 2994 2029 ,
3043 1963 3099 2018 in
3131 1971 3274 2018 terra
3305 1963 3524 2034 quidem

1947 2074 2057 2114 non
2083 2058 2381 2129 sepelimur
2412 2057 2430 2128 (
2457 2057 2572 2112 hac
2631 2059 2776 2111 enim
2825 2056 3200 2112 inﬁrmitatem
3237 2064 3291 2111 et
3331 2070 3524 2110 corru-

1949 2154 2192 2223 ptionem
2266 2159 2478 2205 naturae
2498 2162 2701 2206 nosme
2742 2149 3066 2218 cooperiens
3099 2157 3274 2204 morte
3308 2150 3528 2220 penitus

1949 2245 2211 2317 perempti
2265 2245 2517 2315 corporis
2555 2251 2930 2314 tegumentum
2986 2243 3278 2311 exsistit),
3314 2243 3411 2298 sed
3457 2244 3524 2297 ad

1948 2343 2107 2391 terra:
2141 2344 2434 2405 cognatum
2493 2334 2826 2388 elementum
2870 2347 3065 2403 aquam
3109 2331 3430 2396 venientes,
3470 2331 3525 2385 in

1948 2429 2062 2493 illa,
2117 2428 2280 2483 sicuti
2323 2427 2580 2482 Servatur
2634 2427 2688 2480 in
2725 2434 2871 2479 terra
2900 2467 2915 2489 ,
2949 2440 3049 2478 nos
3083 2424 3477 2479 abscondimus
3508 2464 3525 2488 ,

1947 2518 2114 2590 idque
2161 2533 2285 2574 eum
2331 2526 2416 2573 ter
2452 2518 2616 2574 simul
2683 2516 2913 2572 fecimus
2943 2557 2958 2580 ,
2999 2515 3185 2570 triduo
3249 2523 3526 2585 peractam

1949 2611 2110 2668 nobis
2140 2611 2560 2667 resurrectionis
2605 2609 2832 2680 gratiam
2869 2607 3174 2678 etliugimus
3195 2647 3209 2670 ,
3236 2622 3411 2677 eaque
3447 2606 3527 2659 fa-

1949 2706 2149 2770 cimus,
2181 2721 2290 2760 non
2341 2703 2562 2759 silentio
2611 2701 2928 2773 mysterium
2985 2710 3372 2762 assumentes,
3431 2700 3527 2755 sed

1951 2783 2116 2854 trium
2149 2803 2465 2853 sanctarum
2498 2794 2888 2866 hypostaseon,
2915 2793 2968 2846 in
3001 2807 3140 2862 quas
3166 2790 3524 2853 credidimus,

1951 2889 2006 2946 in
2035 2900 2174 2959 quas
2198 2887 2360 2943 etiam
2398 2897 2720 2955 speramus,
2765 2899 2831 2939 ex
2867 2883 3068 2953 quibus
3123 2881 3283 2936 nobis
3312 2880 3531 2935 contin-

1950 2983 2048 3053 git,
2077 2991 2136 3036 ut
2166 2986 2220 3036 et
2249 2993 2396 3034 nunc
2426 2977 2620 3042 simus,
2660 2985 2714 3032 et
2741 2991 2937 3031 rursus
2970 2974 3140 3028 futuri
3169 2973 3347 3029 simus
3373 3013 3389 3038 ,
3423 2987 3524 3027 no-

1951 3071 2193 3127 minibus
2245 3085 2411 3140 super
2465 3083 2566 3122 nos
2613 3066 3000 3138 pronuntiatis.
3038 3063 3293 3119 Forsitan
3353 3061 3529 3118 oll‘en-

1949 3163 2134 3229 deris,
2187 3162 2280 3233 qui
2319 3162 2586 3215 adversus
2621 3159 2851 3230 gloriam
2908 3156 3149 3226 Spiritus
3187 3155 3528 3211 conﬁdenter

1951 3265 2183 3322 pugnas,
2214 3259 2270 3307 et
2306 3250 2517 3306 invides
2544 3248 2826 3303 Paracleto
2860 3247 3291 3310 venerationem,
3313 3262 3422 3316 qua
3449 3247 3526 3318 pii

1950 3359 2074 3400 eum
2099 3350 2450 3400 venerantur.
2499 3341 2605 3398 Sed
2634 3342 2826 3397 omitte
2877 3354 3090 3396 mecum
3123 3339 3439 3411 conﬂigere,
3471 3349 3530 3394 et

1950 3446 2168 3508 Oppone
2189 3443 2263 3500 te,
2301 3435 2348 3492 si
2389 3443 2565 3507 potes,
2603 3434 2820 3490 Domini
2865 3431 3113 3496 vocibus,
3145 3446 3267 3502 quae
3305 3431 3528 3485 invoca-

1951 3529 2153 3582 tionem
2181 3534 2237 3582 et
2263 3525 2798 3596 cognominationem
2829 3521 3179 3592 baptismatis
3207 3519 3526 3576 hominibus

1948 3621 2308 3677 instituerunt
2330 3619 2394 3672 ".
2432 3620 2498 3673 Et
2547 3633 2670 3688 qua:
2701 3624 2828 3671 sunt
2854 3614 3023 3668 verba
3077 3611 3346 3666 Dominici
3383 3624 3526 3680 pra:-

1949 3711 2134 3783 cepti?
2163 3711 2507 3782 Baptizantes
2557 3724 2644 3764 eos
2686 3710 2741 3762 in
2783 3723 2970 3762 nomen
3009 3703 3190 3759 Patris
3223 3713 3272 3757 et
3323 3700 3449 3755 Filii
3475 3711 3526 3756 et

1949 3804 2182 3874 Spiritus
2229 3803 2422 3858 sancti.
2467 3801 2754 3868 Quomodo
2784 3800 2839 3854 in
2897 3813 3097 3854 nomen
3132 3795 3358 3851 Patris?
3395 3793 3524 3862 quia

1949 3897 2273 3968 principium
2302 3905 2385 3951 est
2422 3895 2665 3950 omnium
2705 3907 2908 3948 rerum.
2937 3891 3054 3958 Qua
3097 3891 3313 3944 ratione
3349 3887 3403 3941 in
3435 3885 3526 3939 Fi-

1948 3987 2415 4058 liumiquoniam
2469 3986 2728 4042 conditor
2777 3991 3045 4040 creatura:
3085 3991 3190 4038 est.
3238 3979 3525 4046 Quomodo

1949 4077 2004 4132 in
2041 4077 2302 4146 Spiritum
2350 4077 2649 4132 sanctum?
2679 4075 2808 4145 quia
2865 4076 2972 4128 vim
3036 4073 3222 4126 omnia
3271 4067 3521 4122 absoluta

1947 4168 2206 4224 reddendi
2251 4169 2432 4222 habet.
2484 4167 2873 4222 Submittimus
2925 4163 3093 4232 igitur
3128 4175 3227 4214 nos
3259 4157 3432 4218 Patri.
3465 4165 3523 4210 ut

1948 4261 2398 4326 sanctiﬁcemur;
2425 4258 2802 4314 submittimus
2841 4256 2968 4310 item
3005 4268 3105 4308 nos
3136 4251 3298 4313 Filio,
3331 4260 3391 4304 ut
3423 4249 3523 4303 hoc

1946 4354 2126 4424 ipsum
2163 4352 2255 4406 ﬁat
2283 4369 2297 4418 ;
2330 4350 2704 4426 submittimus
2735 4363 2834 4402 nos
2874 4345 3104 4416 Spiritui
3158 4357 3376 4413 quoque
3401 4358 3525 4396 sau-

1946 4454 2055 4507 etn,
2090 4453 2151 4498 ut
2200 4445 2252 4498 id
2299 4443 2597 4498 eﬂiciamur
2629 4483 2644 4507 ,
2687 4441 2831 4511 quod
2863 4439 3030 4510 (ille)
3064 4445 3149 4492 est
3186 4451 3252 4489 ae
3302 4434 3524 4488 dicitur.

256 4528 590 4593 ὑποστάσεις
637 4532 1128 4602 κατακερματίζεις
1172 4535 1249 4596 είς
1287 4532 1574 4604 διαφόρους
1614 4532 1833 4602 φύσεις,

1946 4534 2061 4590 Νοιι
2115 4545 2199 4591 est
2234 4535 2542 4590 (liﬂ‘erentia
2596 4532 3091 4595 sanctiﬁcationis,
3145 4527 3305 4598 quasi
3363 4523 3525 4577 Patre

253 4620 353 4670 καὶ
404 4623 555 4690 τρεῖς
606 4621 815 4695 ἐργάζῃ
862 4623 1029 4686 Θεοὺς
1069 4621 1352 4695 ἀνομοίους
1397 4625 1659 4696 ἀλλήλων,
1711 4627 1840 4697 μίαν

1947 4629 2204 4697 amplius.
2237 4627 2378 4682 Filio
2407 4630 2609 4687 minus.
2641 4637 2696 4678 et
2741 4624 2922 4678 minus
2949 4638 3109 4694 quam
3140 4628 3369 4687 uterque
3400 4613 3526 4682 Spi-

255 4710 412 4778 παρὰ
445 4705 659 4763 πάντων
688 4713 780 4764 καὶ
806 4711 902 4783 τὴν
931 4708 1094 4783 αὐτὴν
1123 4713 1281 4786 χάριν
1305 4713 1626 4785 δεχόμενος;

1946 4720 2057 4775 ritu
2091 4729 2281 4776 sancto
2304 4719 2700 4775 sanctiﬁcante.
2725 4717 2837 4772 Cur
2868 4716 3033 4784 igitur
3059 4714 3231 4768 trinas
3270 4711 3393 4765 illas
3424 4707 3526 4777 hy-

249 4811 510 4868 postascs
568 4803 811 4858 concidis
848 4821 911 4859 ac
949 4803 1146 4860 dividis
1189 4806 1243 4860 in
1271 4805 1516 4863 diversas
1562 4817 1788 4863 naturas
1822 4847 1839 4875 ,
1879 4826 1943 4866 ac
1995 4797 2110 4868 tres
2142 4812 2310 4867 ellicis
2339 4809 2479 4865 Deos
2513 4810 2654 4864 inter
2695 4824 2752 4864 se
2784 4806 3101 4866 dissimiles,
3167 4818 3293 4858 cum
3359 4814 3523 4856 unam

244 4900 308 4948 et
350 4891 596 4946 eamdem
643 4894 711 4948 ab
743 4896 999 4951 omnibus
1054 4897 1217 4951 etiam
1274 4899 1504 4967 gratiam
1548 4898 1841 4968 accipias?

339 4983 562 5053 Ἐπειδὴ
589 4983 645 5037 δὲ
678 4983 747 5036 τὰ
775 4984 1148 5055 ὑποδείγματα
1186 4983 1556 5057 ἐμψυχότερον
1585 4988 1673 5040 ἀεὶ
1702 4986 1838 5056 πρὸς

2007 4982 2275 5051 Quoniam
2310 4991 2494 5038 autem
2545 4979 2932 5036 similitudines
2970 4994 3186 5049 semper
3218 4982 3521 5034 orationem

235 5077 384 5136 τοὺς
418 5075 712 5139 ἀκούοντας
738 5073 1003 5146 τὸνλόγον
1033 5075 1346 5147 ἐργάζεται,
1379 5077 1545 5130 εἰκόνι
1578 5076 1839 5149 βούλομαι

1946 5077 2077 5147 apud
2117 5074 2395 5130 auditores
2425 5074 2599 5144 magis
2630 5073 2864 5127 vividam
2901 5070 3134 5125 reddunt
3163 5091 3176 5126 :
3221 5073 3524 5126 simulacro

233 5165 547 5222 παιδεῦσαι
573 5168 680 5220 τῶν
717 5167 1177 5240 βλασφημούντων
1204 5169 1302 5237 τὴν
1351 5167 1598 5238 γνώμην,
1632 5170 1695 5221 ὲκ
1727 5167 1837 5221 τῶν

1946 5170 2063 5223 volo
2090 5166 2537 5221 maledicentium
2593 5173 2831 5220 mentem
2886 5162 3126 5228 erudire,
3170 5179 3267 5232 per
3302 5173 3520 5218 terrena

229 5260 464 5329 γηΐνων
489 5259 578 5311 καὶ
603 5261 874 5312 ταπεινῶν
907 5260 1217 5331 σαφηνίζων
1235 5258 1302 5312 τά
1331 5259 1561 5328 μεγάλα,
1592 5261 1688 5313 καὶ
1714 5261 1839 5312 κατ’

1946 5268 2100 5328 Itque
2146 5257 2408 5320 humilia,
2464 5271 2658 5328 magna
2685 5297 2700 5321 ,
2741 5271 2972 5326 quasque
3019 5270 3183 5311 sensu
3227 5270 3335 5308 non
3397 5269 3521 5307 cer-

230 5347 510 5418 αῖσθησιν
540 5349 614 5420 μὴ
641 5347 965 5421 βλεπόμενα.
991 5351 1054 5404 Εἰ
1085 5352 1192 5422 γάρ
1224 5367 1304 5403 σοι
1331 5350 1528 5404 συνέϐη
1557 5351 1840 5423 συμφορὰν

1946 5360 2184 5419 nuntur,
2233 5351 2542 5406 declarans.
2579 5349 2715 5405 Nam
2748 5351 2793 5405 si
2835 5349 3106 5420 ejusmodi
3154 5349 3251 5402 tibi
3293 5347 3520 5402 calami-

311 5523 360 5555 “
412 5519 558 5577 Psal.
598 5525 831 5588 cm,2~i.
913 5529 955 5558 "
992 5528 1182 5582 Matth.
1229 5546 1417 5586 xu'm.
1462 5527 1540 5583 19.

587 5617 860 5686 Parnm.
887 5621 1004 5681 Gn.
1053 5621 1194 5678 XM
1228 5621 1267 5682 l.
3109 5615 3178 5672 19
