3930 6210
345 202 450 260 587
546 146 563 165 ι

1584 189 1647 248 s.
1683 186 2010 246 cnnconu
2039 184 2342 262 NYSSENI

3498 178 3609 237 538

345 331 429 393 tas
458 315 768 378 accidisset,
801 319 859 367 ut
891 311 1141 383 captivus
1177 324 1330 367 esses
1368 306 1511 380 apud
1558 309 1745 365 hostes
1770 327 1787 377 ;
1810 324 1928 364 ser-

2040 307 2407 381 ιίχμαλωσίας
2440 304 2791 377 ὒπομείναντι
2816 297 2955 357 εἶναι
2987 299 3143 377 παρά
3170 299 3283 361 τοῖς
3305 296 3611 370 πολεμίοις·

344 425 445 464 vus
491 416 674 463 autem
710 414 764 462 et
809 405 1043 461 afﬂictus
1092 418 1219 460 cum
1267 402 1469 474 gemitu
1519 400 1803 471 antiquam
1858 400 1926 452 li-

347 502 651 561 bertatem,
707 512 867 567 quam
929 495 1218 551 habuisses
1247 533 1262 558 ,
1316 492 1708 557 desiderares;
1766 501 1942 560 atque,

345 598 568 661 repente
593 592 705 643 noti
739 596 794 644 et
817 587 968 645 cives
999 597 1133 652 tres,
1167 586 1261 657 qui
1292 586 1346 639 in
1384 584 1668 656 regionem
1702 594 1922 638 tuorum

343 682 690 735 dominorum
719 694 784 735 ac
828 688 1183 750 tyrannorum
1232 675 1615 739 advenissent,
1652 689 1721 730 ex
1754 673 1927 744 aequis

346 770 594 840 partibus
626 770 753 825 dato
800 769 998 840 pretio,
1024 782 1134 838 quo
1165 765 1518 821 redimereris
1541 803 1556 829 ,
1595 772 1929 834 sumptuque

348 863 664 933 pecuniario
715 861 998 931 mqualiter
1044 860 1188 912 inter
1220 872 1281 911 se
1332 854 1510 910 diviso
1535 895 1554 921 ,
1588 854 1925 910 liberassent

348 965 401 1012 te
439 956 508 1010 ab
539 961 771 1027 urgente
827 951 1190 1008 necessitate:
1224 963 1294 1003 an
1330 961 1440 1002 non
1462 946 1567 1001 hoc
1597 945 1922 1002 beneficium

347 1055 682 1120 consecutus
712 1084 727 1110 ,
774 1042 1026 1098 similiter
1055 1040 1183 1095 illos
1227 1046 1342 1093 tres
1405 1051 1506 1109 pro
1552 1034 1925 1092 benefactori-

348 1140 451 1194 bus
487 1138 720 1193 haberes
741 1175 755 1200 ,
791 1142 847 1190 et
882 1133 1041 1205 pretii
1081 1122 1190 1202 quo
1224 1127 1538 1198 redemptus
1583 1142 1739 1183 esses
1772 1142 1924 1182 com-

349 1232 726 1301 pensationem
759 1242 824 1281 ex
875 1224 1049 1294 aequis
1078 1221 1330 1293 partibus
1363 1220 1676 1276 tribueres:
1710 1233 1834 1274 cum
1868 1227 1924 1275 et

350 1320 594 1376 studium
624 1330 725 1386 pro
750 1324 804 1370 te
826 1328 1119 1369 commune
1148 1352 1163 1378 ,
1199 1318 1562 1381 sumptusque
1615 1309 1923 1365 communis

350 1413 565 1473 fuisset,
593 1409 639 1464 si
671 1406 836 1462 modo
866 1406 1054 1476 justus
1083 1403 1335 1460 beneficii
1370 1403 1676 1460 aestimator
1726 1400 1925 1457 esses?

348 1509 525 1575 Atque
559 1504 674 1556 lure
700 1499 921 1571 quidem
956 1505 1231 1568 quatenus
1262 1510 1356 1566 per
1378 1494 1628 1564 exempla
1684 1507 1798 1548 rem
1829 1492 1925 1548 de-

349 1601 659 1649 monstrare
722 1588 1128 1644 conveniebat:
1176 1600 1284 1640 non
1354 1585 1499 1640 enim
1558 1597 1707 1638 nunc
1762 1583 1922 1639 nobis

2031 400 2303 457 δουλεύειν
2346 399 2403 454 δέ
2453 398 2549 453 καὶ
2590 392 3080 467 ταλαιπωρεῖσθαι,
3126 392 3222 446 καὶ
3263 390 3464 446 στένειν
3501 390 3615 463 τὴν

2033 493 2268 548 παλαιὰν
2296 489 2606 561 ἐλευθερίαν
2631 490 2698 560 ἢν
2729 482 2873 559 εἷχες
2889 503 2904 518 ο
2936 484 3132 557 ἀθρόον
3158 482 3218 535 δέ
3244 483 3394 554 τρεῖς
3411 481 3612 552 γνώρι-

2036 604 2127 659 μοι
2167 586 2264 640 καὶ
2300 585 2513 639 πολῖται
2552 583 2610 636 ἐν
2647 584 2713 653 τῇ
2754 579 2912 652 χώρα
2937 578 3044 632 τῶν
3073 575 3183 631 σῶν
3211 574 3487 629 δεσποτῶν
3516 573 3609 626 καὶ

2031 679 2308 751 τυράννων
2338 674 2622 747 γενόμενοι
2644 668 3024 743 ἡλευθέρωσάν
3048 685 3109 722 σε
3131 669 3231 738 τῆς
3255 664 3610 734 ἐπικειμένης

2031 771 2295 841 ἀνάγκης,
2321 769 2493 842 λύτρα
2522 766 2703 830 δόντες
2740 762 2927 833 ἐξίσης
2944 800 2961 825 ,
2991 762 3085 815 καὶ
3106 760 3203 832 τὴν
3233 757 3478 827 δαπάνην
3501 754 3611 808 τῶν

2032 863 2327 935 Χρημάτων
2368 861 2429 926 ἐξ
2479 856 2784 931 ἰσομοιρίας
2822 854 2960 927 πρὸς
3005 852 3232 915 ἑαυτοὺς
3276 848 3610 918 διελόμενον

2030 953 2142 1027 ἄρα
2163 955 2263 1027 τῆς
2293 955 2513 1025 χάριτος
2547 952 2763 1022 ἐκείνης
2791 945 2994 1018 τυχὼν,
3024 944 3126 999 ούκ
3163 941 3230 997 ἀν
3257 941 3461 1013 ὁμοίως
3484 939 3618 1001 τοὺς

2029 1051 2177 1118 τρεῖς
2204 1048 2279 1110 ὡς
2305 1045 2597 1118 εὐεργέτας
2621 1041 2820 1113 ἐώρας,
2843 1038 2940 1093 καὶ
2959 1037 3068 1090 τῶν
3092 1033 3302 1106 λύτρων
3329 1032 3431 1102 τὴν
3457 1030 3618 1100 ἀμοι-

2028 1140 2129 1213 ϐὴν
2159 1138 2220 1204 ἐξ
2261 1137 2564 1209 ἰσομοιρίας
2600 1134 2911 1204 εἰσέφερες,
2959 1126 3142 1197 κοινῆς
3182 1124 3324 1193 ὑπὲρ
3370 1121 3466 1175 σοῦ
3520 1120 3617 1173 καὶ

2027 1212 2127 1303 τῆς
2152 1229 2392 1300 σπουδῆς
2422 1228 2516 1281 καὶ
2554 1226 2653 1296 τῆς
2684 1222 2928 1293 δαπάνης
2970 1215 3364 1288 γεγενημένης,
3393 1212 3460 1266 ἀν
3496 1228 3604 1280 περ

2027 1322 2232 1385 δίκαιος
2261 1320 2510 1393 ύπάρχης
2539 1317 2639 1388 τῆς
2673 1312 2988 1386 εὐεργεσίας
3020 1310 3248 1381 κριτήςς
3283 1304 3394 1361 Καὶ
3427 1302 3605 1357 ταῦτα

2032 1414 2131 1487 μὲν
2166 1415 2289 1467 ὅσον
2321 1414 2381 1464 ἐν
2421 1408 2831 1479 ὑποδείγμασιν
2859 1405 2921 1459 ού
2955 1404 3064 1475 γὰρ
3095 1401 3190 1457 νῦν
3217 1401 3353 1471 ἡμῖν
3395 1398 3600 1464 σκοπὸς

2027 1503 2122 1560 τὸν
2148 1503 2248 1574 τῆς
2278 1503 2512 1563 πίστεως
2539 1496 2866 1554 ἀπευθύνειν
2903 1495 3081 1564 λόγον.
3118 1492 3261 1565 Πρὸς
3312 1492 3371 1545 δέ
3393 1492 3485 1546 τὴν
3516 1494 3604 1545 ἐν-

2030 1596 2242 1650 εστῶτα
2278 1594 2469 1666 καιρὸν
2508 1594 2605 1646 καὶ
2645 1590 2741 1663 τὴν
2781 1587 3148 1660 προκειμένην
3168 1584 3424 1640 ὑπόθεσιν
3470 1585 3608 1639 ἀνα·

350 1683 691 1755 propositum
725 1686 831 1742 est,
883 1687 1045 1731 recta:
1074 1674 1202 1731 fidei
1234 1673 1453 1728 tradere
1492 1671 1783 1726 rationem.
1814 1669 1923 1727 Sed

2040 1687 2346 1760 δράμωμεν.
2391 1685 2646 1755 Εὑρίσκω
2681 1683 2792 1754 γὰρ
2833 1682 2916 1735 ὅτι
2953 1681 3052 1751 τὴν
3091 1676 3184 1733 τοῦ
3231 1677 3614 1748 βαπτίσματος

350 1778 419 1831 ad
463 1787 703 1845 praesens
749 1780 964 1838 tempus
1027 1782 1095 1822 ac
1144 1764 1486 1836 propositum
1539 1769 1923 1833 argumentum

350 1877 720 1922 recurramus.
770 1859 905 1914 Nam
941 1858 1180 1919 invenio,
1218 1856 1366 1927 quod
1413 1869 1522 1909 non
1574 1855 1754 1910 solum
1808 1861 1933 1923 post

357 1972 615 2021 erucem,
653 1952 941 2022 Evangelia
975 1948 1208 2021 gratiam
1261 1947 1607 2018 baptismatis
1672 1945 1934 2016 praedica-

350 2059 588 2113 verunt,
623 2045 720 2102 sed
748 2052 805 2099 et
836 2053 966 2097 ante
995 2039 1431 2095 incarnationem
1477 2036 1692 2092 Domini
1725 2036 1933 2106 ubique

351 2150 511 2196 vetus
548 2135 837 2204 Scriptura
900 2128 1336 2201 regenerationis
1386 2137 1585 2184 nostra:
1636 2127 1930 2197 imaginem

358 2226 774 2303 praefiguravit:
807 2239 916 2278 non
953 2228 1139 2291 aperte
1166 2228 1223 2275 et
1263 2219 1540 2275 evidenter
1580 2218 1810 2284 formam
1840 2232 1933 2272 os-

353 2320 586 2377 tendens
613 2357 629 2382 ,
679 2313 791 2372 sed
835 2310 1221 2382 aznigmatibus
1244 2317 1302 2364 et
1334 2308 1635 2363 involucris
1681 2305 1934 2361 humani-

355 2424 518 2469 tatem
550 2409 647 2465 Dei
695 2412 1150 2478 praemonstrans.
1189 2401 1255 2456 Et
1288 2410 1347 2455 ut
1391 2415 1567 2471 agnus
1631 2410 1760 2453 ante
1798 2413 1935 2468 prae-

354 2499 660 2558 dicabatur,
691 2502 747 2551 et
775 2508 910 2549 crux
934 2490 1380 2562 prophetabatur,
1441 2490 1515 2543 ita
1551 2489 1715 2543 etiam
1761 2487 1938 2560 bapti-

356 2605 475 2648 sma
502 2628 519 2653 ,
565 2595 621 2643 et
649 2586 830 2642 verbis
864 2591 918 2640 et
959 2598 1018 2638 re
1052 2583 1171 2653 ipsa
1206 2579 1571 2634 indicabatur.
1602 2582 1672 2632 At
1723 2578 1938 2649 rediga-

358 2698 479 2737 mus
532 2680 888 2736 honestarum
941 2690 1125 2730 rerum
1176 2672 1445 2729 studiosis
1500 2671 1556 2726 in
1615 2671 1935 2726 memoriam

357 2774 600 2843 figuras;
631 2769 801 2840 exigit
830 2767 976 2823 enim
1012 2774 1228 2835 tempus
1288 2764 1549 2819 feriarum
1577 2764 1596 2832 (
1620 2762 1774 2832 eam)
1812 2772 1937 2817 tan-

356 2881 520 2936 quam
591 2860 962 2918 necessariam
1022 2856 1632 2912 commemorationem.
1661 2851 1809 2923 Agar
1837 2867 1939 2906 an-

355 2958 483 3011 cilla
532 2948 919 3013 Abrahami”,
948 2946 1105 3015 cujus
1151 2945 1315 3001 etiam
1352 2942 1556 2999 Paulus
1598 2942 1669 2998 ad
1719 2940 1939 2999 Galatas

356 3047 521 3104 verba
550 3043 783 3107 faciens,
816 3038 1172 3109 allegoricam
1229 3035 1564 3091 mentionem
1600 3030 1728 3087 facit
1750 3031 1816 3098 ¹⁵,
1870 3032 1941 3088 ab

355 3138 523 3194 domo
582 3134 790 3191 domini
844 3130 931 3186 sui
983 3135 1209 3201 propter
1263 3127 1399 3181 iram
1450 3124 1630 3180 Sarrae
1694 3124 1941 3195 ablegata

357 3229 629 3302 (molesta
653 3225 799 3281 enim
849 3220 1107 3294 legitimis
1162 3217 1432 3274 uxoribus
1461 3232 1549 3273 res
1574 3222 1681 3283 est,
1717 3224 1944 3286 propter

355 3321 638 3387 dominum
685 3323 942 3387 suspecta
985 3312 1253 3382 ancilla),
1287 3310 1505 3366 deserta
1554 3323 1622 3363 ac
1679 3308 1944 3363 destituta

356 3413 632 3470 ferebatur
651 3409 720 3465 ad
749 3416 950 3463 terram
973 3404 1271 3468 desertam,
1315 3402 1607 3457 laetantem
1629 3415 1815 3457 secum
1847 3400 1943 3455 ha-

356 3504 491 3561 bens
515 3515 741 3574 puerum
774 3497 1054 3555 Ismaelem
1081 3495 1147 3548 η.
1171 3494 1305 3550 Cum
1331 3502 1515 3550 autem
1538 3492 1759 3549 redacta
1796 3499 1944 3550 esset

358 3597 426 3653 ad
464 3595 727 3665 inopiam
768 3604 955 3646 rerum
999 3587 1466 3649 necessariarum,
1503 3584 1732 3656 ipsaque
1775 3600 1944 3656 prope

358 3699 606 3749 mortem,
627 3692 683 3741 et
703 3689 833 3738 ante
862 3695 982 3738 eam
1008 3680 1144 3735 adeo
1166 3692 1302 3748 puer
1325 3677 1565 3732 venisset
1582 3679 1767 3747 (quam
1798 3676 1942 3733 enim

357 3778 414 3834 in
438 3787 559 3831 utre
581 3788 774 3844 aquam
806 3772 1111 3836 habuerat,
1142 3773 1468 3837 consumpta
1511 3766 1943 3837 erat:quoniam

361 3883 431 3923 ne
455 3866 571 3921 fieri
602 3862 822 3934 quidem
860 3870 1095 3933 poterat,
1132 3867 1193 3913 ut
1222 3857 1530 3930 Synagoga,
1559 3871 1681 3928 quae
1724 3856 1856 3912 olim
1889 3858 1944 3912 in

359 3958 550 4030 figuris
593 3956 846 4027 perennis
904 3950 1068 4009 fontis
1121 3950 1486 4016 versabatur,
1564 3947 1944 4005 sufﬁcientiam

362 4054 485 4109 vita;
517 4049 804 4117 haberet),
834 4046 1061 4117 angelus
1090 4045 1144 4099 in
1180 4044 1462 4114 insperato
1491 4051 1737 4114 apparet,
1768 4051 1823 4098 et
1856 4056 1947 4098 os-

364 4132 539 4202 tendit
572 4142 623 4198 ei
673 4149 900 4213 puteum
934 4152 1091 4209 aqua).
1125 4137 1394 4192 viventis:
1426 4146 1590 4206 atque
1640 4133 1767 4190 inde
1818 4148 1943 4189 cum

364 4238 679 4302 hausisset,
719 4239 904 4290 servat
963 4231 1265 4305 lsmaelem.
1318 4218 1453 4284 Vide
1505 4227 1671 4300 igitur
1718 4227 1943 4298 figuram

366 4329 698 4402 mysticam,
734 4325 1194 4397 quemadmodum
1247 4324 1430 4379 statim
1507 4321 1576 4375 ab
1636 4320 1791 4375 initio
1848 4333 2022 4416 perD

367 4436 565 4493 aquam
608 4420 901 4483 viventem,
934 4432 1055 4488 quae
1085 4432 1195 4471 non
1223 4416 1377 4487 prius
1408 4422 1573 4478 esset,
1603 4413 1700 4468 sed
1737 4426 1832 4482 per
1854 4426 1949 4464 an-

366 4515 547 4586 gelum
577 4511 723 4567 dono
772 4510 899 4565 data
948 4515 1115 4574 esset,
1156 4508 1406 4577 pereunti
1440 4505 1591 4561 salus
1632 4501 1941 4574 contigerit.

368 4602 501 4659 Item
542 4599 833 4672 posteriori
871 4606 1125 4667 tempore
1174 4597 1385 4671 nuptiis
1430 4593 1687 4664 conjungi
1723 4599 1944 4663 oporte—

367 4697 461 4752 bat
530 4696 781 4749 lsaaeum
808 4690 874 4750 ⁸⁸.
905 4696 1127 4759 pr0pter
1174 4702 1335 4758 quem
1380 4688 1547 4743 etiam
1588 4684 1784 4741 lsmael
1839 4699 1948 4740 una

367 4801 493 4842 cum
521 4792 692 4840 matre
719 4790 944 4853 paterna
975 4779 1106 4836 sede
1136 4777 1330 4849 pulsus
1363 4783 1500 4834 erat.
1526 4776 1728 4833 Missus
1767 4784 1951 4831 autem

369 4892 568 4934 servus
597 4861 903 4930 Alirahami
942 4871 1227 4943 pronubus
1258 4878 1321 4927 et
1349 4869 1660 4940 nuptiarum
1684 4867 1951 4923 ooneili'a-

367 4977 477 5028 tor,
512 4973 572 5019 ut
624 4965 849 5020 domino
896 4978 1000 5018 suo
1046 4975 1306 5033 sponsam
1354 4960 1689 5020 adduceret,
1743 4958 1950 5030 invenit

370 5057 672 5114 Rebeccam
726 5054 796 5109 ad
846 5064 1071 5125 puteum
1108 5068 1122 5106 :
1159 5066 1224 5108 ac
1284 5050 1508 5121 nuptiae,
1567 5064 1692 5120 qua:
1745 5048 1951 5103 Christi

370 5166 543 5224 genus
575 5147 848 5205 effectura:
886 5153 1061 5213 erant,
1110 5144 1176 5201 ad
1224 5159 1423 5215 aquam
1479 5142 1793 5198 initium'ae
1834 5140 1949 5211 pri-

372 5261 516 5300 mam
547 5241 853 5314 pactionem
884 5239 1416 5308 conventionemque
1444 5236 1776 5293 habuerunt.
1804 5234 1948 5302 Quia

371 5338 536 5393 etiam
581 5336 698 5406 ipse
727 5346 948 5404 quoque
984 5330 1138 5386 Isaae
1172 5344 1296 5386 eum
1347 5327 1603 5399 gregibus
1656 5324 1948 5397 praefectus

358 5436 563 5507 ’esset,
607 5428 663 5482 in
696 5426 953 5482 omnibus
981 5424 1119 5480 locis
1150 5421 1485 5488 solitudinis,
1543 5427 1738 5492 puteos
1777 5416 1951 5475 fodie-

2033 1780 2193 1850 χάριν
2213 1779 2274 1833 ού
2297 1779 2462 1849 μόνον
2488 1776 2558 1830 τά
2593 1775 2732 1846 μετὰ
2758 1775 2849 1829 τὸν
2877 1772 3107 1844 σταυρὸν
3137 1769 3615 1842 ἐκήρυξενἘύαγ-

2033 1871 2210 1941 γέλια,
2242 1869 2379 1925 άλλά
2406 1870 2500 1922 καὶ
2526 1868 2632 1939 πρὸ
2658 1866 2761 1937 τῆς
2790 1863 3259 1936 ἐνανθρωπήσεως
3279 1861 3375 1915 τοῦ
3403 1861 3615 1933 Κυρίου

2035 1960 2369 2033 πανταχοῦή
2406 1960 2623 2015 Παλαιὰ
2650 1958 2842 2031 Γραφὴ
2870 1957 2971 2027 τῆς
3004 1953 3427 2024 παλιγγενεσίας
3456 1953 3489 2024 ἡ
3498 1953 3619 2023 μῶν

2036 2054 2391 2127 προετύπωσε
2433 2055 2533 2124 τὴν
2576 2052 2794 2108 εἰκόνα·
2834 2052 2894 2105 ού
2924 2048 3212 2122 τηλαυγῶς
3255 2047 3356 2117 τὴν
3396 2045 3618 2117 μορφὴν

2037 2149 2408 2221 ἐμφανίζουσα
2427 2188 2443 2214 ,
2479 2148 2766 2218 αἰνίγμασι
2788 2145 2847 2199 δὲ
2882 2143 2976 2197 τοῦ
3004 2142 3141 2196 Θεοῦ
3178 2140 3277 2211 τὴν
3307 2138 3619 2209 φιλανθρω-

2036 2244 2167 2296 πίαν
2190 2240 2691 2312 προῦποφαίνουσα.
2714 2236 2825 2291 Καὶ
2843 2236 2917 2300 ὡς
2935 2237 2965 2290 6
2987 2233 3155 2306 ἀμνὸς
3177 2230 3620 2303 προεκηρύττετο

2037 2337 2131 2390 καὶ
2161 2336 2189 2389 6
2220 2335 2452 2405 σταυρὸς
2477 2328 2900 2406 προεφητεύετο’
2923 2327 3067 2381 οὕτω
3108 2325 3205 2379 καὶ
3240 2324 3304 2377 τὸ
3331 2323 3617 2393 βάπτισμα

2037 2426 2357 2495 πρακτικῶς
2384 2426 2478 2480 καὶ
2500 2423 2735 2492 λογικῶς
2763 2419 3050 2492 ἐμηνύετο.
3100 2416 3526 2486 Ἀναμνήσωμεν
3559 2413 3614 2466 δὲ

2038 2521 2163 2583 τοὺς
2181 2516 2501 2588 φιλοκάλους
2521 2514 2629 2569 τῶν
2652 2513 2858 2567 τύπων·
2884 2512 3107 2564 ἀπαιτεῖ
3127 2508 3236 2577 γὰρ
3253 2509 3281 2561 6
3298 2507 3399 2576 τῆς
3422 2503 3611 2576 ἑορτῆς

2039 2609 2230 2683 καιρὸς
2252 2611 2331 2672 ὡς
2359 2607 2660 2676 ἀναγκαίαν
2693 2605 2792 2678 τὴν
2830 2604 3069 2675 μνήμην.
3110 2601 3176 2654 Ἢ
3213 2600 3393 2669 Ἀγαρ
3419 2599 3455 2669 ῆ
3489 2614 3618 2650 παι-

2038 2704 2195 2776 δίσκη
2242 2702 2335 2757 τοῦ
2398 2700 2644 2771 ’Δϐρὰμ,
2676 2701 2745 2770 ἣν
2778 2698 2875 2752 καί
2906 2695 3116 2759 Παῦλος
3154 2693 3447 2763 ἀλληγορεῖ
3482 2691 3618 2763 πρὸς

2040 2796 2285 2859 Γαλάτας
2317 2794 2727 2864 διαλεγόμενος,
2760 2788 3138 2860 ἐκπεμφθεῖσα
3168 2786 3270 2856 τῆς
3310 2784 3490 2847 οἰκίας
3520 2782 3617 2835 τοῦ

2041 2890 2255 2962 κυρίου,
2278 2889 2365 2944 διὰ
2391 2888 2490 2961 τὴν
2510 2887 2678 2960 ὀργὴν
2702 2887 2799 2958 τῆς
2820 2885 3037 2957 Eappa;
3062 2886 3079 2954 (
3101 2881 3335 2955 χαλεπὸν
3359 2881 3469 2952 γάρ
3496 2880 3621 2944 ταῖς

1967 3008 2008 3067 c
2042 2985 2292 3056 νομίμοις
2327 2982 2572 3053 γυναιξὶν
2614 2979 3028 3051 ὑποπτευομένη
3054 2978 3214 3049 δούλη
3239 2976 3375 3048 πρὸς
3414 2976 3507 3029 τὸν
3534 2975 3620 3029 δε-

2045 3078 2284 3150 σπότην)
2306 3076 2512 3150 ἕρημος
2536 3075 2760 3148 ἐφέρετο
2780 3076 2917 3146 πρὸς
2941 3073 3145 3146 ἔρημον
3170 3071 3291 3142 γῆν,
3317 3069 3624 3141 ὑπομάζιιν

2043 3171 2242 3243 ἔχουσα
2269 3170 2468 3242 βρέφος
2512 3170 2604 3223 τὸν
2654 3166 2897 3240 Ἰσμαήλ.
2958 3164 3174 3239 Ἐπειδὴ
3219 3165 3277 3218 δὲ
3317 3163 3375 3218 ἐν
3417 3161 3625 3232 ἀπορίᾳ⁵

2042 3264 2150 3319 τῶν
2174 3264 2484 3333 ἀναγκαίων
2505 3261 2747 3332 γέγονεν,
2774 3260 2911 3331 αύτή
2933 3275 2991 3312 τε
3020 3258 3184 3328 ἐγγὺς
3207 3253 3341 3328 ἦλθε
3367 3253 3623 3319 Θανάτου,
3662 3316 3665 3317 ν

2043 3359 2140 3413 καὶ
2171 3358 2277 3431 πρό
2309 3373 2374 3427 γε
2407 3355 2574 3427 αὐτῆς
2603 3353 2664 3407 τὸ
2697 3350 2907 3406 παιδίον
2929 3349 3013 3423 (τὸ
3036 3349 3142 3422 γάρ
3167 3347 3226 3402 ὃν
3259 3348 3318 3400 ἐν
3358 3345 3440 3417 τῷ
3470 3346 3629 3415 ἀσκῷ

2044 3450 2190 3523 ὕδωρ
2232 3445 2542 3520 ἐδαπανήθη
2562 3463 2575 3475 ·
2604 3443 2726 3497 ἐπεὶ
2759 3442 2895 3515 μηδὲ
2928 3436 3039 3496 οἷόν
3067 3456 3127 3494 τε
3156 3439 3257 3509 τὴν
3289 3435 3628 3507 Συναγωγὴν

2045 3543 2373 3614 αὐτάρκειαν
2400 3540 2541 3611 ἔχειν
2573 3538 2717 3611 ζωῆς
2736 3578 2752 3602 ,
2783 3535 2880 3609 τὴν
2916 3535 3057 3599 τέως
3080 3535 3138 3587 ἐν
3161 3534 3271 3596 τοῖς
3290 3530 3483 3594 τύποις
3504 3529 3628 3584 διά-

2044 3653 2248 3704 γουσαν
2284 3636 2383 3705 τῆς
2411 3632 2633 3687 άεννάου
2664 3628 2868 3702 πηγῆς)
2892 3644 2907 3659 ·
2948 3626 3175 3698 ἄγγελος
3204 3625 3267 3679 ἐκ
3305 3623 3401 3677 τοῦ
3441 3639 3631 3694 παρα-

2044 3731 2196 3799 δόξου
2238 3730 2516 3800 φαίνεται,
2572 3727 2666 3781 καὶ
2704 3725 2974 3779 δείκνυσιν
3023 3722 3159 3793 αὐτῇ
3212 3719 3377 3793 φρέαρ
3421 3717 3629 3782 ὓδατος

2046 3825 2278 3892 ζῶντος·
2329 3820 2581 3877 κάκεῖθεν
2628 3817 2979 3890 ἀρυσαμένη,
3023 3815 3184 3879 σώζει
3229 3814 3319 3867 τὸν
3370 3809 3625 3883 Ἰσμαήλ.

2048 3917 2192 3991 Ὅρα
2220 3916 2398 3971 τοίνυν
2429 3913 2596 3968 τύπον
2635 3910 2896 3981 μυστικόν
2917 3924 2930 3938 ·
2962 3910 3109 3971 ὃπως
3138 3906 3301 3969 εὐθὺς
3341 3903 3401 3972 ἐξ
3446 3903 3632 3975 ἀρχῆς

2045 4013 2112 4067 δι’
2151 4012 2342 4073 ὕδατος
2387 4007 2589 4073 ζῶντος
2638 4002 2717 4074 τῷ
2747 4000 3104 4072 ἀπολλυμένῳ
3144 4000 3177 4070 η
3223 3997 3468 4069 σωτηρία
3492 4035 3508 4059 ,
3562 3996 3630 4048 οὒ

2047 4104 2311 4177 πρότερον
2340 4100 2509 4163 ὄντος,
2539 4097 2675 4152 ἀλλὰ
2714 4094 2788 4161 διζ
2810 4092 3043 4164 ἀγγέλου
3087 4088 3229 4145 κατά
3256 4090 3416 4160 χάριν
3445 4086 3632 4141 δοθέν·

2044 4213 2155 4260 τος.
2185 4193 2411 4266 Χρόνοις
2431 4192 2487 4246 δέ
2514 4189 2738 4261 ὕστερον
2771 4186 2932 4240 πάλιν
2969 4183 3169 4254 γάμοις
3204 4181 3629 4245 ἔδειρκαταςευ-

2046 4286 2241 4359 χθῆναι
2263 4283 2352 4338 τὸν
2391 4282 2592 4347 Ἰσαὰκ,
2618 4279 2684 4333 δι’
2712 4280 2771 4333 δν
2800 4278 2893 4332 καὶ
2916 4277 2944 4329 6
2979 4274 3202 4346 Ἰσμαὴλ
3233 4274 3329 4326 σὺν
3358 4274 3425 4343 τῇ
3460 4270 3633 4342 μητρὶ⁵

2046 4379 2147 4449 τῆς
2170 4376 2441 4448 πατρικῆς
2469 4374 2651 4437 ἑστίας
2671 4371 2866 4442 ἠλάθη.
2908 4367 3254 4429 Ἀποσταλεὶς
3278 4363 3335 4418 δὲ
3360 4364 3389 4416 6
3408 4363 3633 4432 οἰκέτης

2055 4470 2140 4526 τοῦ
2193 4468 2441 4541 Ἀϐραὰμ
2467 4468 2864 4539 προμνήστωρ,
2901 4462 3040 4517 ὥστε
3071 4460 3150 4531 τῷ
3174 4458 3346 4531 κυρίῳ
3383 4454 3633 4528 νυμφεύ-

2051 4560 2280 4625 σασθαι,
2327 4558 2571 4632 εὑρίσκει
2616 4556 2714 4630 τὴν
2772 4554 3066 4610 Ῥεϐέκκαν
3105 4552 3198 4605 ἐπὶ
3233 4549 3327 4603 τοῦ
3361 4549 3633 4620 φρέατος

2050 4655 2145 4709 καὶ
2170 4651 2347 4724 γάμος
2367 4690 2382 4713 ,
2428 4652 2456 4705 6
2490 4648 2697 4721 μέλλων
2729 4648 2901 4701 ποιεῖν
2937 4644 2999 4698 τὸ
3031 4643 3187 4714 γένος
3219 4638 3461 4712 Χριστοῦ
3481 4680 3497 4702 ,
3537 4640 3638 4692 ἐπὶ

2049 4746 2240 4812 ὓδατος
2267 4743 2425 4799 ἔλαϐε
2451 4743 2550 4815 τὴν
2587 4739 2762 4815 ἀρχὴν
2801 4739 2893 4795 καὶ
2935 4735 3033 4809 τὴν
3063 4734 3285 4807 πρώτην
3328 4731 3633 4804 συνθήκην.

2051 4844 2126 4900 Ού
2160 4841 2265 4915 μὴν
2291 4838 2428 4895 ἀλλά
2456 4838 2551 4893 καὶ
2576 4835 2738 4899 αὐτὸς
2757 4836 2786 4888 6
2826 4832 3033 4898 Ἰσαὰκ,
3061 4828 3226 4902 ἡνίκα
3253 4829 3373 4890 ταῖς
3404 4825 3639 4894 ἀγέλαις

2052 4940 2377 5010 ἐφεστήκει,
2414 4930 2683 5004 πανταχοῦ
2716 4927 2818 4999 τῆς
2859 4924 3097 4999 ἐρημίας
3135 4921 3349 4995 ὤρυσσε
3374 4918 3635 4992 φρέατα,

2051 5032 2194 5103 ἅπερ
2232 5029 2558 5100 ἐνέφραττον
2591 5023 2684 5078 καὶ
2712 5018 3085 5092 κατεχώννυον
3115 5018 3166 5070 οἱ
3196 5012 3487 5083 ἀλλόφυλοι
3510 5028 3528 5043 ·
3560 5011 3639 5072 εἰς

2052 5125 2222 5180 τύπον
2258 5121 2364 5177 τῶν
2403 5119 2483 5185 εἰς
2510 5118 2735 5190 ὕστερον
2769 5112 3004 5180 ἀσεδῶν,
3038 5112 3151 5166 ὅσοι
3179 5108 3278 5181 τὴν
3300 5105 3396 5161 τοῦ
3434 5105 3635 5177 βαπτί-

2057 5232 2261 5289 σματος
2288 5214 2445 5286 χάριν
2478 5210 2715 5265 ἐκώλυον
2740 5207 2835 5262 καί
2873 5204 3226 5275 ἀνεστόμουν,
3259 5195 3635 5268 ζυγομαχοῦν-

2053 5285 2144 5376 τες
2172 5309 2307 5381 πρὸς
2331 5309 2429 5380 τὴν
2455 5304 2732 5378 ἀλήθειαν.
2772 5300 2910 5355 Ἀλλ’
2937 5301 3085 5372 ὅμως
3128 5297 3178 5351 οί
3222 5295 3504 5367 μάρτυρες
3542 5285 3632 5381 καὶ

2054 5406 2104 5458 οἰ
2127 5374 2302 5475 ίερέῖς
2345 5374 2791 5472 φρεωρυχοῦντες
2830 5390 3112 5461 ἐνίκησαν,
3147 5387 3243 5441 καὶ
3294 5383 3480 5438 πᾶσαν
3533 5374 3633 5449 τὴν

448 5611 491 5642 ι’
525 5608 662 5663 Gen.
693 5620 807 5675 ιγι,
842 5604 925 5659 l5.
1004 5601 1046 5635 “
1076 5598 1254 5654 Galat.
1296 5612 1368 5661 iv,
1404 5594 1477 5650 σε
1514 5609 1635 5666 sqq.
1714 5592 1759 5625 "
1787 5589 1923 5646 Gen.
1966 5601 2085 5654 ut,
2114 5584 2148 5641 9
2176 5597 2302 5654 sqq.
2380 5578 2425 5615 ¹⁶
2451 5575 2588 5634 Gen.
2631 5590 2782 5640 xxiv,
2810 5574 2989 5644 3sqq.
