3930 6210
328 197 437 258 589

1552 196 1621 252 IN
1658 192 2055 253 BAPTISMUM
2093 192 2391 253 CHRISTI.

3504 207 3610 265 590

330 296 664 379 οἰκουμένην
708 303 771 359 τὺ
820 302 918 358 τοῦ
965 303 1342 389 βαπτίσματος
1393 305 1566 378 δῶρον
1629 300 1920 363 ἐπέκλυσε.

2031 308 2121 362 bat
2140 346 2156 372 ,
2189 323 2330 378 quos
2359 307 2680 381 alienigenae
2703 308 3160 380 obstruebant,et
3192 328 3385 387 aggere
3412 318 3607 375 obrue-

328 399 493 456 Κατά
515 400 616 471 τὴν
653 396 825 469 αὐτὴν
849 396 906 450 δὲ
935 396 1030 451 τοῦ
1058 396 1218 467 λόγου
1244 398 1472 469 δύναμιν
1500 396 1745 452 σπεύδων
1776 399 1870 452 καὶ
1892 400 1921 453 6

343 488 544 546 Ἰακὼϐ
587 487 683 541 ἐπὶ
720 485 1053 559 μνηστείαν,
1101 487 1379 560 ἀδοκήτως
1420 488 1513 541 ἐπὶ
1540 486 1637 541 τοῦ
1686 488 1922 561 φρέατος

333 584 637 653 συνήντησε
676 582 745 652 τῇ
791 579 1017 652 Ῥαχήλ.
1075 579 1354 635 Ἐπέκειτο
1381 581 1439 634 δὲ
1468 579 1613 643 λίθος
1647 581 1820 651 μέγας
1845 583 1922 653 τῷ

331 675 553 745 φρέατι,
582 673 642 726 ὃν
675 670 884 744 πλῆθος
910 670 1187 742 ποιμένων
1215 671 1393 725 συνιδν
1426 670 1777 726 ἁπεκύλισεν·
1819 671 1921 728 εἷθ’

330 765 505 827 οὕτως
549 764 763 828 ἑαυτοῖς
800 763 895 819 καὶ
934 767 1048 829 τοῖς
1083 764 1374 836 προϐάτοις
1413 765 1717 839 ὑδρεύοντο.
1781 767 1838 821 Ὀ
1866 767 1922 822 δὲ

346 856 546 912 Ἰακὼὸ
581 856 743 928 μόνος
788 855 1077 911 ἀποκυλίει
1115 856 1205 910 τὸν
1233 857 1400 924 λίθον,
1441 859 1535 913 καὶ
1573 859 1782 925 ποτίζει
1824 858 1922 931 τῆς

332 947 584 1020 μνηστῆς
615 945 685 1000 τὰ
728 944 1000 1017 πρόϐατα.
1031 945 1308 1018 Αίνιγμα,
1352 944 1541 1019 οἶμαι,
1589 949 1919 1022 τδ“πρᾶγμα

328 1041 427 1095 καὶ
458 1040 587 1093 σκιὰ
608 1037 703 1092 τοῦ
734 1037 1041 1109 μέλλοντος.
1070 1039 1165 1101 Τίς
1195 1040 1300 1110 γὰρ
1325 1042 1353 1093 6
1378 1041 1725 1113 ἐπικείμενος
1755 1041 1921 1106 λίθος,

327 1134 364 1203 ἢ
393 1131 559 1196 αὐτὸς
602 1133 633 1185 6
668 1129 934 1202 Χριστός;
978 1131 1113 1204 Περὶ
1156 1127 1218 1187 οὗ
1273 1149 1438 1204 φησιν
1498 1133 1693 1187 Ἠσσῖα
1751 1150 1767 1167 ·
1812 1131 1925 1188 Καὶ

325 1225 566 1295 ἐμϐαλῶ
589 1226 677 1290 είς
710 1228 783 1278 τὰ
809 1222 1053 1294 θεμέλια
1083 1223 1239 1278 Σιὼν
1260 1225 1435 1280 λίθον
1459 1226 1787 1296 πολυτελῆ,
1825 1225 1924 1281 ἐν·

260 1318 265 1325 ’
328 1336 521 1389 τιμον,
544 1318 855 1372 ἐκλεκτόν.
876 1318 984 1371 Καὶ
1005 1317 1203 1390 Δανιὴλ
1217 1318 1438 1389 ὁμοίως·
1474 1320 1731 1389 Ἐτμήθη
1752 1322 1923 1387 λίθος

326 1411 480 1465 ἄνευ
516 1410 748 1479 χειρός·
797 1410 1100 1473 τουτέστιν,
1153 1410 1450 1483 Ἐγεννήθη
1511 1411 1744 1482 Χριστὸς
1793 1412 1920 1467 ἄνευ

324 1504 543 1576 ἀνδρός.
595 1504 684 1566 Ὠς
729 1503 840 1575 γὰρ
883 1503 1069 1557 καινόν
1113 1504 1230 1557 ἐστι
1272 1503 1367 1558 καὶ
1415 1503 1737 1576 παράδοξον,
1776 1504 1923 1558 λίθον

328 1596 541 1666 πέτρας
568 1594 1090 1666 ἀποτμηθῆναιᾶνευ
1104 1593 1386 1666 λιθοτόμου
1420 1596 1513 1649 καὶ
1537 1594 1785 1666 ὀργάνων
1807 1594 1921 1649 λιθ-

2026 400 2160 456 bant
2215 408 2269 456 et
2290 402 2666 466 occultabant,
2695 401 2764 457 ad
2800 404 3028 474 figuram
3052 420 3265 471 eorum.
3296 410 3387 479 qui
3416 419 3606 479 postea

2025 492 2277 560 fuerunt,
2311 493 2624 564 impiorum,
2658 495 2753 566 qui
2810 497 3011 552 donum
3042 498 3391 569 baptismatis
3418 503 3607 572 prohi-

2024 583 2229 638 bebant
2279 594 2333 640 et
2374 584 2768 654 impediebant,
2816 587 3036 644 veritati
3087 605 3210 647 sese
3243 602 3604 663 opponentes.

2024 673 2413 731 Verumtamen
2440 684 2710 749 martyres
2738 685 2792 733 et
2815 680 3131 736 sacerdotes
3162 689 3359 752 puteus
3392 682 3608 739 fodien-

2024 774 2108 824 tes
2142 768 2435 834 vieerunt,
2467 782 2796 841 omnemque
2852 779 3123 827 terrarum
3171 775 3359 831 orbem
3431 775 3610 847 bapti-

2025 858 2219 914 smatis
2278 858 2482 913 donum
2516 851 2835 915 “inundavit.
2868 859 2973 917 Per
3019 862 3265 919 eamdem
3293 865 3420 921 item
3458 865 3610 921 Scri-

2039 955 2215 1018 ptura:
2234 948 2344 1004 vim
2380 949 2648 1006 festinans
2677 951 2746 1008 ad
2773 953 3050 1022 sponsalia
3071 955 3234 1010 etiam
3264 952 3457 1021 Iacob.
3487 958 3610 1012 ino-

2024 1040 2211 1111 pinat‘o
2232 1042 2301 1096 ad
2319 1052 2538 1112 puteum
2556 1042 2774 1099 obviam
2799 1044 2977 1101 factus
2993 1056 3075 1101 εει
3096 1047 3321 1105 Racheli
3344 1049 3408 1104 ".
3436 1049 3611 1120 Impo-

2025 1135 2190 1188 situm
2226 1140 2408 1190 autem
2435 1142 2554 1190 erat
2578 1143 2745 1206 puteo
2773 1151 2966 1192 saxum
2997 1154 3256 1211 magnum
3281 1183 3296 1206 ,
3332 1136 3477 1212 quod
3517 1143 3609 1197 ubi

2024 1235 2200 1282 etetus
2245 1237 2528 1298 pastorum
2570 1230 2943 1297 convenisset,
2986 1233 3287 1299 revolvere,
3312 1250 3376 1289 ac
3407 1237 3487 1291 sic
3518 1236 3612 1291 de-

2026 1318 2154 1373 inde
2189 1327 2244 1374 et
2271 1319 2378 1374 sibi
2419 1328 2475 1374 et
2503 1321 2701 1377 ovibus
2745 1336 2943 1393 aquam
2981 1323 3203 1380 haurire
3238 1326 3510 1382 solebant.
3543 1328 3629 1381 At’

2022 1409 2195 1466 Jaeob
2227 1411 2381 1467 solus
2423 1420 2641 1469 amovet
2688 1414 2906 1480 s‘axum,
2942 1429 3007 1470 ac
3053 1425 3184 1486 potu
3244 1433 3461 1488 sponsae
3499 1435 3615 1475 sua:

2023 1501 2200 1557 reﬁcit
2227 1517 2379 1559 oves.
2412 1502 2689 1576 Enigma,
2726 1509 2938 1578 opinor,
2963 1522 3025 1563 ea
3060 1522 3150 1564 res
3174 1509 3381 1580 (erat),
3408 1518 3462 1566 et
3494 1527 3611 1565 um-

2026 1594 2123 1649 bra
2156 1593 2349 1649 futuri.
2391 1594 2527 1661 Quis
2556 1598 2700 1653 enim
2750 1599 3040 1669 impositus
3077 1600 3216 1671 lapis
3249 1602 3391 1658 alius
3447 1613 3610 1673 atque

328 1704 392 1739 ου
403 1685 624 1756 ργικῶν·
682 1684 829 1739 οὕτω
849 1684 1050 1749 παντὸς
1071 1684 1328 1739 ἐπέκεινα
1351 1684 1649 1758 θαύματος,
1674 1685 1733 1754 ὲξ
1755 1687 1923 1758 ἀνυμ-

2031 1685 2143 1757 ipse
2187 1686 2493 1744 Christus?
2527 1688 2602 1745 De
2662 1704 2772 1761 quo
2835 1692 2969 1747 dicit
3004 1693 3219 1749 Isaias:
3285 1692 3354 1747 Et
3401 1672 3605 1749 immit-

334 1779 538 1849 (ρεὺτου
573 1777 839 1851 παρθένου
875 1775 1034 1831 τόκον
1057 1777 1312 1847 ὀφθῆναι.

2031 1788 2138 1834 tam
2187 1781 2242 1835 in
2276 1782 2629 1852 fundamenta
2667 1783 2800 1840 Sion
2850 1785 3077 1855 lapidem
3124 1788 3458 1857 pretiosum,
3513 1787 3610 1843 Ito-

338 1884 607 1937 noralum,
631 1874 857 1929 electum
884 1871 950 1925 ³⁸.
987 1870 1056 1925 Et
1080 1870 1269 1927 Daniel
1294 1870 1583 1928 similiter:
1616 1870 1801 1929 Scelus
1847 1884 1925 1926 est
1964 1870 2102 1942 lapis
2159 1872 2355 1945 absque
2400 1891 2563 1929 manu
2586 1876 2652 1941 ¹⁹,
2706 1875 2762 1932 id
2801 1884 2884 1932 est
2918 1915 2930 1941 ,
3005 1876 3177 1934 Natus
3224 1888 3307 1935 est
3359 1879 3611 1935 Christus

333 1969 545 2039 absque
576 1970 711 2024 viro.
750 1966 820 2023 Ut
843 1966 991 2023 enim
1028 1981 1248 2030 novum,
1291 1965 1599 2022 inauditum
1628 1977 1682 2022 et
1716 1968 2035 2023 inusitatum
2065 1976 2171 2033 est,
2200 1969 2435 2040 lapidem
2471 1969 2541 2025 ab
2581 1984 2719 2041 rupe
2747 1970 2998 2027 abscindi
3026 1972 3147 2027 sine
3185 1987 3353 2044 opera
3398 1972 3608 2041 latomi,

332 2068 502 2131 atque
532 2057 919 2115 instrumentis
941 2057 1256 2113 latomicis:
1292 2057 1369 2112 ita
1399 2067 1626 2121 superat
1664 2072 1827 2114 omne
1858 2057 2206 2124 miraculum,
2235 2058 2405 2115 videri
2440 2067 2659 2130 partum
2686 2074 2750 2117 3x
2779 2060 2993 2134 virgine
3028 2062 3284 2135 innupta.

416 2248 701 2302 Ἔπέκειτο
732 2246 909 2300 τοίνυν
936 2245 1016 2316 τῷ
1056 2245 1250 2318 φρέατι
1279 2247 1308 2299 6
1350 2245 1497 2310 λίθος
1522 2247 1551 2300 6
1581 2244 1769 2317 νοητὸς
1793 2246 1927 2317 Χρι-

2095 2241 2391 2313 lmpositus
2423 2242 2592 2314 igitur
2651 2252 2771 2297 erat
2832 2251 3001 2314 puteo
3048 2244 3226 2315 lapis,
3282 2246 3375 2317 qui
3429 2258 3612 2304 mente

332 2342 493 2407 στος,
525 2339 787 2411 κρύπτων
813 2340 872 2393 ἐν
905 2338 1059 2410 βάθει
1086 2340 1178 2392 καὶ
1209 2337 1493 2411 μυστηρίῳ
1513 2336 1574 2394 τὸ
1600 2337 1700 2410 τῆς
1728 2337 1927 2406 παλιγ-

2031 2336 2273 2390 cernitur
2300 2334 2578 2399 Christus,
2636 2334 2985 2392 abscondens
3043 2335 3099 2390 in
3132 2335 3409 2408 profundo
3448 2351 3612 2411 atque

330 2432 603 2504 γενεσίας.
646 2430 891 2500 λουτρὸν,
949 2430 1030 2483 ἔτι
1059 2429 1253 2502 χρόνου
1297 2430 1494 2485 πολλοῦ
1538 2428 1791 2501 δεόμενον
1852 2429 1927 2492 είς

2031 2425 2296 2496 mysterio
2348 2426 2631 2480 lavacrum
2687 2428 3148 2497 regenerationis,
3218 2430 3364 2500 quod
3429 2431 3610 2487 adhuc

324 2523 681 2594 ἀποκάλυψιν
720 2522 796 2586 ὡς
828 2520 1065 2592 σχοινίου
1099 2520 1333 2593 μακροῦ.
1367 2519 1560 2585 Οὐδεὶς
1586 2521 1641 2575 δὲ
1667 2520 1758 2574 τὸν
1786 2519 1927 2573 λίθον

2031 2519 2205 2573 multo
2250 2524 2519 2588 tempore,
2555 2526 2819 2588 tanquam
2873 2520 3038 2591 longo
3098 2519 3251 2585 fune,
3304 2522 3369 2577 ad
3402 2524 3611 2579 revela-

327 2616 691 2682 ἁπεκύλισεν,
730 2615 781 2669 εί
809 2614 885 2685 μὴ
929 2613 1168 2685 Ἰσραὴλ,
1193 2615 1251 2678 ὃς
1283 2615 1401 2667 ἐστι
1445 2612 1569 2677 νοῦς
1602 2612 1745 2684 ὁρῶν
1769 2611 1922 2666 Θεόν.

2031 2610 2234 2665 tionem
2289 2623 2429 2680 Opus
2457 2609 2714 2667 habebat.
2750 2608 2922 2665 Nemo
2953 2624 3135 2666 autem
3192 2612 3429 2683 lapidem
3459 2630 3611 2670 amo-

343 2707 513 2761 Ἀλλὰ
532 2707 628 2762 καὶ
657 2707 918 2777 ἀνιμᾶται
941 2705 1003 2759 τὸ
1031 2704 1197 2776 ὕδωρ,
1223 2705 1318 2759 καὶ
1344 2703 1555 2768 ποτίζει
1583 2702 1653 2758 τὰ
1678 2703 1924 2775 πρόϐατα

2031 2702 2210 2765 vebat,
2232 2701 2336 2757 nisi
2364 2702 2551 2767 Israel,
2576 2718 2695 2773 qua:
2721 2710 2805 2758 est
2830 2717 2984 2759 meus
3001 2703 3193 2759 videns
3216 2704 3406 2759 Deum.
3437 2706 3610 2772 Quin-

326 2802 437 2872 τῆς
482 2800 708 2873 Ῥαχὴλ,
742 2798 1013 2864 τουτέστι,
1055 2800 1351 2870 μυστήριον
1388 2798 1770 2871 κεκρυμμένον
1790 2798 1926 2852 ἀπο·

2033 2795 2199 2849 etiam
2230 2793 2413 2849 haurit
2456 2810 2676 2865 aquam,
2707 2804 2761 2851 et
2793 2802 2979 2865 potum
3023 2795 3227 2865 prmbet
3273 2798 3472 2854 ovibus
3499 2797 3610 2852 Ra-

328 2892 585 2963 καλύψας
597 2892 779 2945 δίδωσι
798 2889 1028 2954 ζωτικὸν
1042 2889 1187 2964 ὕδωρ
1200 2893 1264 2963 τῇ
1279 2890 1451 2963 ἀγέλῃ
1463 2891 1561 2961 τῆς
1577 2888 1923 2961 Ἐκκλησίας.

2041 2885 2239 2950 chelis,
2266 2886 2371 2941 hoc
2401 2893 2508 2949 est,
2540 2887 2823 2958 mysterio,
2866 2888 3013 2958 quod
3060 2888 3441 2945 absconditum
3469 2902 3607 2957 erat,

328 2984 450 3039 Καὶ
465 2982 529 3037 τὸ
551 2981 661 3035 τῶν
681 2979 847 3052 τριῶν
869 2978 1081 3051 ῥάϐδων
1101 2978 1195 3032 τοῦ
1227 2977 1419 3032 Ἰακὼὸ
1434 2975 1690 3046 πρόσθες.
1721 2976 1841 3047 Ἀφ’
1864 2967 1927 3031 οὗ

2033 2978 2296 3043 revelato,
2341 2977 2433 3033 dat
2476 2992 2672 3049 aquam
2705 2979 2924 3034 vitalem
2961 2976 3221 3037 Ecclesia:
3254 2983 3428 3054 gregi.
3459 2984 3613 3039 Adde

330 3082 448 3149 γὰρ
480 3077 540 3130 at
571 3077 720 3145 τρεῖς
755 3072 941 3143 ῥάϐδοι
978 3074 1044 3142 τῇ
1075 3072 1226 3143 πηγῇ
1256 3069 1657 3141 παρετέθησαν,
1704 3069 1770 3124 ὲκ
1799 3068 1922 3123 τότε

2031 3069 2134 3127 huc
2190 3071 2359 3126 trium
2397 3070 2673 3142 virgarum
2721 3071 2909 3127 Jacobi
2944 3087 3060 3127 rem
3113 3082 3347 3145 gestam.
3388 3075 3465 3129 Ex
3500 3092 3612 3147 quo

327 3169 364 3222 6
397 3167 587 3222 Λάϐαν
613 3168 643 3220 6
674 3162 953 3231 πολύθεος,
986 3162 1156 3233 πένης
1185 3162 1424 3231 ἐγένετο,
1464 3162 1719 3224 πλούσιος
1745 3160 1802 3214 δὲ
1834 3158 1927 3214 καὶ

2031 3163 2175 3218 enim
2210 3170 2325 3218 tres
2382 3162 2487 3216 illa:
2514 3161 2680 3233 virga:
2736 3161 2873 3217 fonti
2932 3165 3197 3234 appositze
3243 3174 3390 3229 sunt,
3441 3182 3508 3221 ex
3543 3182 3610 3222 eo

332 3259 647 3333 πολύαρνος
704 3255 920 3311 Ἰακώϐ.
964 3253 1416 3326 Ἀλληγορηθήτω
1456 3252 1514 3306 δὲ
1558 3254 1588 3308 6
1634 3252 1820 3306 Λάϐαν
1849 3252 1929 3316 είς

331 3354 428 3407 τὸν
480 3349 747 3412 διάόολον,
793 3349 888 3402 καὶ
923 3349 953 3402 6
994 3344 1189 3400 Ἰακὼὸ
1226 3346 1307 3408 είς
1360 3344 1451 3398 τὸν
1481 3343 1735 3410 Χριστόν.
1774 3342 1930 3397 Μετὰ

336 3443 449 3512 γὰρ
486 3441 551 3497 τὺ
599 3440 903 3512 βάπτισμα,
953 3437 1188 3510 Χριστὸς
1219 3438 1403 3493 πᾶσαν
1447 3432 1552 3507 ἦρε
1598 3434 1696 3506 τὴν
1728 3433 1929 3504 ἀγέλην

336 3538 434 3591 τοῦ
465 3536 723 3600 Σατανᾶ,
759 3533 854 3587 καὶ
869 3528 1032 3594 αὐτὸς
1051 3531 1372 3603 ἐπλούτησε.
1404 3528 1648 3599 Μωῦσῆς
1683 3527 1741 3582 δὲ
1765 3528 1795 3581 6
1830 3525 1929 3599 μέ-

343 3644 466 3697 τας.
505 3627 702 3697 βρέφος
750 3625 1011 3696 ὑπάρχων
1045 3624 1258 3678 ἀστεῖον
1291 3622 1387 3676 καὶ
1434 3616 1759 3693 ὑπομάζιον,
1794 3618 1931 3672 ὑπο-

345 3718 531 3774 πεσὼν
553 3720 622 3790 τῇ
665 3719 819 3788 κοινῇ
852 3718 947 3771 καὶ
976 3715 1274 3788 σκυθρωπῇ
1299 3714 1487 3785 ψήφῳ,
1531 3712 1601 3785 ἢν
1635 3712 1666 3765 6
1696 3710 1930 3783 σκληρὸς

349 3808 551 3880 Φαραὼ
592 3808 735 3864 κατὰ
758 3809 869 3863 τῶν
915 3806 1132 3881 βρεφῶν
1160 3805 1269 3859 τῶν
1318 3803 1565 3877 ἀρρένων
1615 3802 1929 3876 ἐξήνεγκεν,

354 3901 581 3972 ἐξετέθη
617 3901 745 3973 πρὸς
788 3904 912 3966 ταῖς
943 3900 1132 3972 ὄχθαις
1172 3897 1267 3952 τοῦ
1306 3897 1575 3969 ποταμοῦ,
1603 3897 1664 3950 οὐ
1705 3894 1930 3967 γυμνὸς,

352 3992 475 4049 ἀλλ’
500 3992 780 4064 ἐμϐληθεὶς
801 3994 1054 4068 λάρνακι.
1093 3991 1240 4045 Ἔδει
1270 3990 1378 4061 γὰρ
1412 3985 1550 4043 εἶναι
1576 3989 1821 4053 τυπικῶς
1843 3987 1933 4042 τὸν

348 4084 516 4155 νόμον
552 4083 612 4136 ἐν
636 4082 876 4155 κιθωτῷ.
940 4080 1139 4151 Ἐγγὺς
1167 4081 1223 4135 δὲ
1268 4078 1537 4151 κατετέθη
1583 4079 1677 4133 τοῦ
1718 4079 1930 4143 ὕδατος.

338 4174 565 4245 Γειτνιᾷ
583 4173 694 4245 γὰρ
724 4174 754 4227 6
782 4172 946 4245 νόμος
979 4174 1048 4244 τῇ
1076 4170 1263 4242 χάριτι
1283 4185 1298 4200 ·
1330 4169 1426 4223 καὶ
1457 4169 1526 4224 τὰ
1554 4170 1806 4242 ἐφήμερα
1825 4168 1934 4224 τῶν

352 4266 629 4339 Ἐϐραίων
669 4265 1038 4337 ῥαπίσματα,
1063 4263 1100 4318 ἃ.
1146 4262 1339 4336 μικρὸν
1377 4261 1606 4335 ὕστερον
1638 4261 1831 4334 ἔμελλε
1855 4258 1935 4331 τῷ

330 4357 536 4428 τελείῳ
558 4357 657 4410 καὶ
672 4356 969 4427 θαυμαστῷ
990 4354 1322 4426 βαπτίσματι
1347 4352 1811 4425 καλυφθήσεσθαι.
1847 4353 1935 4416 Ὠς

2028 3259 2274 3322 tempore
2295 3250 2479 3305 Laban
2503 3250 2593 3304 ille
2624 3249 2916 3305 mullerum
2941 3250 3169 3307 deorum
3217 3255 3612 3324 superstitione

2031 3342 2357 3412 implicitus,
2414 3355 2622 3412 pauper
2677 3342 2884 3408 evasit;
2917 3341 3088 3399 Jacob
3127 3352 3307 3399 autem
3340 3344 3503 3401 ditari
3554 3358 3609 3402 et

2031 3434 2190 3505 agnis
2223 3433 2510 3489 abundare
2556 3433 2725 3505 coepit
2747 3434 2816 3487 ".
2863 3433 3174 3505 Allegorico
3212 3446 3392 3491 autem
3443 3455 3607 3493 sensu

2031 3522 2219 3580 Laban
2249 3526 2315 3582 ad
2350 3524 2649 3590 diabolum,
2693 3524 2865 3583 Jacob
2899 3527 2966 3583 ad
3002 3528 3284 3584 Christum
3316 3530 3607 3586 referatur.

2030 3613 2166 3670 Nam
2197 3621 2323 3686 post
2373 3615 2645 3687 baptisma
2687 3616 2945 3675 Christus
2979 3635 3198 3677 omnem
3247 3622 3449 3677 diaboli
3486 3640 3613 3695 gre-

2031 3722 2152 3779 gem
2179 3708 2425 3778 abstulit,
2453 3717 2508 3766 et
2536 3710 2654 3781 ipse
2687 3710 2897 3767 ditatus
2923 3720 3030 3771 est.
3059 3711 3273 3786 Moyses
3306 3724 3488 3771 autem
3523 3716 3613 3771 ille

2032 3813 2286 3870 magnus,
2311 3815 2437 3857 eum
2471 3816 2608 3871 puer
2648 3803 2823 3861 scitus
2862 3811 2919 3860 et
2944 3805 3186 3877 elegans,
3238 3815 3403 3878 atque
3446 3809 3611 3862 etiam

2032 3905 2181 3944 nunc
2203 3891 2308 3947 sub
2329 3891 2594 3948 uberibus
2620 3900 2788 3961 esset,
2821 3896 3099 3950 communi
3130 3911 3193 3952 ac
3217 3898 3358 3952 tristi
3390 3907 3613 3954 senten-

2033 3981 2156 4047 tiae,
2192 3997 2355 4052 quam
2402 3981 2577 4039 durus
2631 3984 2723 4039 ille
2775 3982 2991 4041 Pharao
3048 3984 3313 4043 adversus
3377 3988 3615 4042 infantes

2032 4074 2312 4129 masculos
2338 4075 2558 4140 tulerat,
2587 4074 2896 4144 subjectus,
2932 4078 3219 4146 expositus
3247 4086 3330 4133 est
3365 4078 3431 4130 ad
3467 4079 3614 4147 ripas

2035 4165 2236 4231 amnis,
2271 4181 2378 4220 non
2440 4165 2643 4229 nudus,
2674 4167 2768 4221 sed
2805 4166 2958 4220 cista:
3011 4168 3303 4237 impositus
3334 4169 3402 4221 ".
3436 4168 3612 4239 Opor-

2037 4258 2184 4313 tebat
2212 4259 2358 4315 enim
2404 4257 2577 4328 legem
2603 4259 2785 4328 typii-e
2812 4267 2867 4312 et
2896 4259 3190 4329 allegorice
3220 4276 3341 4315 esse
3378 4264 3431 4315 in
3465 4278 3612 4317 arca.

2038 4349 2218 4421 Prope
2265 4366 2462 4422 aquam
2515 4363 2696 4406 autem
2761 4352 3046 4422 depositus
3073 4362 3179 4408 est.
3218 4350 3410 4409 Vicina
3469 4355 3614 4410 enim

331 4450 404 4502 δὲ
429 4420 634 4518 Παύλῳ
663 4447 743 4517 τῷ
781 4420 1056 4516 θεσπεσίῳ
1089 4420 1255 4512 δοκεῖ,
1285 4446 1379 4500 καὶ
1408 4447 1438 4499 6
1464 4420 1595 4509 λαὸς
1632 4443 1795 4509 αὐτὸς
1831 4442 1927 4516 τὴν

2036 4420 2226 4513 gratiae
2258 4444 2343 4498 lex
2374 4448 2479 4507 est,
2502 4451 2556 4497 et
2589 4443 2924 4513 quotidiana:
2958 4442 3308 4499 Hebraeorum
3342 4447 3619 4517 aspersio-

346 4541 628 4613 Ἐρυθρὰν
654 4539 980 4611 περαιωθεὶς
1009 4539 1305 4604 θάλασσαν,
1331 4537 1428 4610 τὴν
1448 4537 1507 4605 ἐξ
1534 4536 1724 4600 ὕδατος
1752 4554 1930 4608 σωτη-

326 4632 471 4705 ρίαν
521 4630 934 4702 εὐηγγελίσατο.
979 4628 1265 4702 Παρῆλῆεν
1298 4629 1328 4683 6
1356 4628 1503 4693 λαὸς,
1535 4628 1630 4683 καὶ
1682 4627 1932 4699 βασιλεὺς

322 4727 365 4780 6
404 4722 709 4792 Δίγύπτιος
748 4722 885 4793 μετά
911 4722 1012 4793 τῆς
1050 4722 1308 4793 στρατιᾶς
1336 4720 1613 4792 ἐϐυθίσθη,
1649 4718 1744 4773 καὶ
1775 4717 1934 4772 τοῦτο

320 4815 412 4868 τὸ
440 4814 743 4885 μυστήριον
766 4813 854 4868 διὰ
878 4812 989 4867 τῶν
1026 4812 1203 4885 ἔργων
1240 4812 1663 4884 προεφητεύετο.
1696 4810 1805 4863 Καὶ
1838 4808 1934 4864 νῦν

321 4907 482 4977 γὰρ,
521 4902 683 4975 ἡνίκα
711 4902 777 4958 ἂν
800 4904 830 4956 6
853 4902 981 4966 λαὸς
1007 4904 1064 4956 ἐν
1085 4902 1164 4973 τῷ
1188 4901 1295 4971 τῆς
1333 4897 1751 4969 παλιγγενεσίας
1781 4897 1935 4952 ὕδατι

312 4996 598 5068 γένηται,
633 4992 852 5062 φεύγων
872 4992 971 5064 τὴν
1000 4992 1295 5060 Αἴγυπτον,
1317 4988 1416 5060 τὴν
1453 4986 1731 5061 μοχθηρὰν
1754 4988 1934 5058 ἁμαρ-

303 5090 499 5151 τίαν,
531 5084 692 5149 αὐτὸς
719 5085 818 5157 μὲν
846 5082 1223 5156 ἐλευθεροῦται
1246 5081 1341 5135 καὶ
1360 5079 1612 5143 σώζεται,
1628 5081 1657 5133 6
1676 5080 1732 5133 δὲ
1753 5078 1937 5132 διάδο-

298 5186 441 5244 λᾳς
466 5177 606 5249 μετὰ
635 5177 744 5232 τῶν
776 5176 923 5231 ίδίων
951 5174 1241 5247 ὑπηρετῶν
1267 5172 1432 5245 (λέγω
1452 5170 1518 5242 δὴ
1547 5170 1656 5224 τῶν
1686 5170 1937 5241 πνευμά-

290 5290 459 5334 των
491 5272 592 5343 τῆς
634 5269 921 5344 πονηρίας)
957 5267 1321 5337 ἁποπνίγεται
1364 5268 1432 5336 τῇ
1467 5263 1613 5335 λύπη
1644 5264 1741 5319 καὶ
1783 5262 1937 5332 φθεί-

294 5379 536 5439 ρεται,
574 5358 860 5433 συμφορὰν
900 5359 1039 5414 ίδίαν
1064 5358 1164 5430 τὴν
1184 5358 1295 5412 τῶν
1317 5355 1622 5428 ἀνθρώπων
1664 5355 1938 5427 σωτηρίαν

398 5569 465 5601 η
508 5562 647 5619 Gen.
709 5578 864 5627 XXIX,
904 5561 938 5617 9
973 5576 1096 5686 sqq.
1202 5560 1246 5593 ¹⁸
1276 5558 1383 5616 lsa.
1418 5575 1627 5623 xxvm,
1667 5556 1754 5613 16.

398 5652 545 5686 ιηνι.
620 5635 666 5666 ³⁸
706 5632 883 5686 lCor.
923 5648 980 5686 x.
1087 5646 1213 5686 son.
1291 5631 1338 5663 ’³
1371 5629 1544 5686 Exod.
1575 5644 1690 5686 xw.
1718 5628 1754 5682 2

298 5643 346 5699 3
376 5652 545 5709 sqq.
620 5635 666 5666 “
706 5632 725 5688 ι
756 5632 883 5688 Cor.
923 5648 980 5698 ι,
1015 5628 1213 5702 Γεῳι.
1291 5631 1338 5663 ’³
1371 5629 1544 5687 Exod.
1575 5644 1690 5695 xw,
1718 5628 1792 5683 2‘2
1821 5641 1943 5697 sqq.

2038 4549 2138 4591 nes
2172 4552 2185 4589 :
2217 4549 2358 4605 quae,
2394 4534 2559 4604 paulo
2617 4543 2739 4604 post
2788 4534 3030 4590 futurum
3082 4544 3200 4591 erat
3257 4545 3316 4590 ut
3374 4536 3620 4606 perfecto

2035 4638 2202 4696 atque
2256 4624 2578 4679 admirando
2618 4625 2946 4696 baptismate
3002 4627 3401 4699 obtegerentur.
3443 4628 3618 4699 Atque

2037 4725 2098 4773 ut
2128 4718 2317 4773 divino
2347 4717 2517 4774 Paulo
2551 4719 2851 4785 videtur“,
2887 4722 3050 4776 etiam
3085 4722 3321 4791 populus
3351 4722 3485 4792 ipse.
3522 4723 3613 4791 qui

2038 4809 2286 4865 Rubrum
2323 4827 2472 4868 mare
2498 4813 2775 4873 transivit,
2812 4829 2954 4871 eam.
2990 4828 3110 4882 qua:
3139 4828 3203 4869 ex
3231 4828 3370 4883 aqua
3402 4817 3617 4870 contin-

2040 4902 2138 4972 git,
2166 4903 2399 4958 salutem
2421 4904 2789 4959 annuntiavit.
2824 4902 3106 4960 Transivit
3152 4910 3408 4977 populus,
3440 4916 3495 4963 et
3524 4924 3617 4962 rex

2044 4992 2335 5064 Egyptius
2366 5009 2490 5049 cum
2515 4995 2761 5050 exercitu
2784 4996 3109 5053 submersus
3135 5005 3221 5053 est
3243 4999 3309 5064 “,
3333 5006 3387 5054 et
3418 5008 3619 5071 myste-

2044 5086 2185 5141 rium
2220 5100 2317 5155 per
2344 5100 2510 5155 opera
2542 5086 2961 5156 praedicabatur.
2986 5087 3198 5145 Etenim
3226 5106 3373 5147 nunc
3401 5092 3621 5161 quando

2044 5176 2282 5247 populus
2339 5176 2553 5245 fugiens
2612 5176 2942 5250 Egyptum,
2994 5180 3303 5251 improbum
3363 5182 3620 5252 (scilicet)

2043 5272 2351 5333 peccatum,
2391 5266 2445 5319 in
2502 5281 2641 5337 aqua
2694 5270 3126 5340 regenerationis
3188 5280 3460 5333 versatur,
3505 5273 3621 5340 ipse
3737 5293 3756 5306 ι

2044 5355 2264 5427 quidem
2303 5356 2569 5412 liberatur
2620 5367 2677 5415 et
2715 5368 2970 5417 servatur
2996 5378 3012 5429 ;
3038 5359 3294 5418 diabolus
3333 5376 3464 5417 vero
3494 5378 3619 5416 cum

1858 5555 1901 5587 ι’
1943 5554 2078 5613 Dan.
2124 5571 2184 5623 ιι,
2229 5557 2320 5614 45.
2418 5559 2464 5590 ’⁸
2510 5557 2648 5615 Gen.
2704 5575 2831 5627 xxx,
2866 5558 2936 5613 27
2972 5574 3095 5631 sqq.
3172 5560 3216 5592 "
3258 5556 3434 5615 Exod.
3486 5574 3620 5625 un,
