  <div class='ocr_page' id='page_1' title='image "/cluster/home/n/w/nwhite01/storage/ocr_20150623/46/hvd.32044054112198/311.png"; bbox 0 0 3930 6210; ppageno 0'>
   <div class='ocr_carea' id='block_1_1' title="bbox 317 248 413 305">
    <p class='ocr_par' dir='ltr' id='par_1_1' title="bbox 317 248 413 305">
     <span class='ocr_line' id='line_1_1' title="bbox 317 248 413 305; baseline -0.021 0"><span class='ocrx_word' id='word_1_1' title='bbox 317 248 413 305; x_wconf 72' lang='lat'><strong>591</strong></span> 
     </span>
    </p>
   </div>
   <div class='ocr_carea' id='block_1_2' title="bbox 1564 244 2290 303">
    <p class='ocr_par' dir='ltr' id='par_1_2' title="bbox 1564 244 2290 303">
     <span class='ocr_line' id='line_1_2' title="bbox 1564 244 2290 303; baseline -0.003 -1"><span class='ocrx_word' id='word_1_2' title='bbox 1564 246 1623 303; x_wconf 90' lang='lat' dir='ltr'><strong>S.</strong></span> <span class='ocrx_word' id='word_1_3' title='bbox 1652 244 1976 302; x_wconf 80' lang='lat' dir='ltr'><strong>GREGORII</strong></span> <span class='ocrx_word' id='word_1_4' title='bbox 1996 244 2290 301; x_wconf 80' lang='lat' dir='ltr'><strong>NYSSENI</strong></span> 
     </span>
    </p>
   </div>
   <div class='ocr_carea' id='block_1_3' title="bbox 3467 247 3597 309">
    <p class='ocr_par' dir='ltr' id='par_1_3' title="bbox 3467 247 3597 309">
     <span class='ocr_line' id='line_1_3' title="bbox 3467 247 3597 309; baseline 0 -3"><span class='ocrx_word' id='word_1_5' title='bbox 3467 247 3597 309; x_wconf 69' lang='lat'><strong>59‘2</strong></span> 
     </span>
    </p>
   </div>
   <div class='ocr_carea' id='block_1_4' title="bbox 317 331 1904 442">
    <p class='ocr_par' dir='ltr' id='par_1_4' title="bbox 317 368 1897 441">
     <span class='ocr_line' id='line_1_4' title="bbox 317 368 1897 441; baseline -0.003 -13"><span class='ocrx_word' id='word_1_6' title='bbox 317 372 436 428; x_wconf 87' lang='lat' dir='ltr'><strong>suis</strong></span> <span class='ocrx_word' id='word_1_7' title='bbox 476 370 742 428; x_wconf 82' lang='lat' dir='ltr'><strong>ministris</strong></span> <span class='ocrx_word' id='word_1_8' title='bbox 771 368 863 441; x_wconf 88' lang='lat' dir='ltr'><strong>(de</strong></span> <span class='ocrx_word' id='word_1_9' title='bbox 893 368 1179 441; x_wconf 69' lang='lat' dir='ltr'><strong>spiritibus</strong></span> <span class='ocrx_word' id='word_1_10' title='bbox 1212 368 1470 425; x_wconf 87' lang='lat' dir='ltr'><strong>nimirum</strong></span> <span class='ocrx_word' id='word_1_11' title='bbox 1523 369 1786 440; x_wconf 85' lang='lat' dir='ltr'><strong>improbis</strong></span> <span class='ocrx_word' id='word_1_12' title='bbox 1818 371 1897 424; x_wconf 81' lang='lat' dir='ltr'><strong>lo—</strong></span> 
     </span>
    </p>
   </div>
   <div class='ocr_carea' id='block_1_5' title="bbox 2006 331 3597 442">
    <p class='ocr_par' dir='ltr' id='par_1_5' title="bbox 2006 331 3597 442">
     <span class='ocr_line' id='line_1_5' title="bbox 2006 331 3597 442; baseline 0.001 -18"><span class='ocrx_word' id='word_1_13' title='bbox 2006 371 2320 442; x_wconf 80' lang='grc' dir='ltr'>ἡγούμενος.</span> <span class='ocrx_word' id='word_1_14' title='bbox 2367 367 2550 422; x_wconf 82' lang='grc' dir='ltr'>Ἱκανά</span> <span class='ocrx_word' id='word_1_15' title='bbox 2586 368 2682 440; x_wconf 85' lang='grc' dir='ltr'>μὲν</span> <span class='ocrx_word' id='word_1_16' title='bbox 2711 361 2804 422; x_wconf 85' lang='grc' dir='ltr'><strong>οὑν</strong></span> <span class='ocrx_word' id='word_1_17' title='bbox 2840 369 2933 422; x_wconf 77' lang='grc' dir='ltr'>καὶ</span> <span class='ocrx_word' id='word_1_18' title='bbox 2971 367 3144 424; x_wconf 86' lang='grc' dir='ltr'>ταῦτα</span> <span class='ocrx_word' id='word_1_19' title='bbox 3183 369 3262 432; x_wconf 85' lang='grc' dir='ltr'><strong>είς</strong></span> <span class='ocrx_word' id='word_1_20' title='bbox 3290 331 3597 439; x_wconf 75' lang='grc' dir='ltr'>βεϐαίωσιν</span> 
     </span>
    </p>
   </div>
   <div class='ocr_carea' id='block_1_6' title="bbox 315 459 1894 538">
    <p class='ocr_par' dir='ltr' id='par_1_6' title="bbox 315 459 1894 538">
     <span class='ocr_line' id='line_1_6' title="bbox 315 459 1894 538; baseline 0 -22"><span class='ocrx_word' id='word_1_21' title='bbox 315 461 477 538; x_wconf 91' lang='lat' dir='ltr'><strong>quor)</strong></span> <span class='ocrx_word' id='word_1_22' title='bbox 517 463 685 517; x_wconf 91' lang='lat' dir='ltr'><strong>animi</strong></span> <span class='ocrx_word' id='word_1_23' title='bbox 739 462 927 518; x_wconf 91' lang='lat' dir='ltr'><strong>dolore</strong></span> <span class='ocrx_word' id='word_1_24' title='bbox 975 460 1298 525; x_wconf 76' lang='lat' dir='ltr'><strong>suil‘ocatur,</strong></span> <span class='ocrx_word' id='word_1_25' title='bbox 1345 469 1400 516; x_wconf 86' lang='lat' dir='ltr'><strong>et</strong></span> <span class='ocrx_word' id='word_1_26' title='bbox 1448 459 1760 526; x_wconf 86' lang='lat' dir='ltr'><strong>coniicitur,</strong></span> <span class='ocrx_word' id='word_1_27' title='bbox 1793 475 1894 531; x_wconf 90' lang='lat' dir='ltr'><strong>pro</strong></span> 
     </span>
    </p>
   </div>
   <div class='ocr_carea' id='block_1_7' title="bbox 318 553 1894 621">
    <p class='ocr_par' dir='ltr' id='par_1_7' title="bbox 318 553 1894 621">
     <span class='ocr_line' id='line_1_7' title="bbox 318 553 1894 621; baseline -0.001 -12"><span class='ocrx_word' id='word_1_28' title='bbox 318 569 418 610; x_wconf 89' lang='lat' dir='ltr'><strong>sua</strong></span> <span class='ocrx_word' id='word_1_29' title='bbox 483 553 796 608; x_wconf 83' lang='lat' dir='ltr'><strong>calamitate</strong></span> <span class='ocrx_word' id='word_1_30' title='bbox 844 553 1125 606; x_wconf 89' lang='lat' dir='ltr'><strong>hominum</strong></span> <span class='ocrx_word' id='word_1_31' title='bbox 1178 553 1413 607; x_wconf 80' lang='lat' dir='ltr'><strong>salutem</strong></span> <span class='ocrx_word' id='word_1_32' title='bbox 1445 553 1674 607; x_wconf 86' lang='lat' dir='ltr'><strong>ducens.</strong></span> <span class='ocrx_word' id='word_1_33' title='bbox 1716 553 1894 621; x_wconf 87' lang='lat' dir='ltr'><strong>Atque</strong></span> 
     </span>
    </p>
   </div>
   <div class='ocr_carea' id='block_1_8' title="bbox 258 627 1894 712">
    <p class='ocr_par' dir='ltr' id='par_1_8' title="bbox 258 627 1894 712">
     <span class='ocr_line' id='line_1_8' title="bbox 258 627 1894 712; baseline -0.001 -13"><span class='ocrx_word' id='word_1_34' title='bbox 258 627 272 642; x_wconf 60' lang='grc'>’</span> <span class='ocrx_word' id='word_1_35' title='bbox 316 647 480 699; x_wconf 90' lang='lat' dir='ltr'><strong>etiam</strong></span> <span class='ocrx_word' id='word_1_36' title='bbox 515 645 629 698; x_wconf 84' lang='lat' dir='ltr'><strong>haec</strong></span> <span class='ocrx_word' id='word_1_37' title='bbox 654 643 876 712; x_wconf 78' lang='lat' dir='ltr'><strong>quidem</strong></span> <span class='ocrx_word' id='word_1_38' title='bbox 911 643 1071 698; x_wconf 88' lang='lat' dir='ltr'><strong>nobis</strong></span> <span class='ocrx_word' id='word_1_39' title='bbox 1100 644 1166 696; x_wconf 91' lang='lat' dir='ltr'><strong>ad</strong></span> <span class='ocrx_word' id='word_1_40' title='bbox 1203 643 1674 698; x_wconf 80' lang='lat' dir='ltr'><strong>conﬁrmationem</strong></span> <span class='ocrx_word' id='word_1_41' title='bbox 1698 657 1894 712; x_wconf 88' lang='lat' dir='ltr'><strong>propo-</strong></span> 
     </span>
    </p>
   </div>
   <div class='ocr_carea' id='block_1_9' title="bbox 317 734 1892 804">
    <p class='ocr_par' dir='ltr' id='par_1_9' title="bbox 317 734 1892 804">
     <span class='ocr_line' id='line_1_9' title="bbox 317 734 1892 804; baseline -0.003 -12"><span class='ocrx_word' id='word_1_42' title='bbox 317 739 405 792; x_wconf 87' lang='lat' dir='ltr'><strong>siti</strong></span> <span class='ocrx_word' id='word_1_43' title='bbox 448 745 713 791; x_wconf 85' lang='lat' dir='ltr'><strong>tractatus</strong></span> <span class='ocrx_word' id='word_1_44' title='bbox 747 735 1082 791; x_wconf 86' lang='lat' dir='ltr'><strong>suil‘eeerint.</strong></span> <span class='ocrx_word' id='word_1_45' title='bbox 1125 734 1507 790; x_wconf 82' lang='lat' dir='ltr'><strong>Verumtamen</strong></span> <span class='ocrx_word' id='word_1_46' title='bbox 1545 749 1614 788; x_wconf 91' lang='lat' dir='ltr'><strong>nc</strong></span> <span class='ocrx_word' id='word_1_47' title='bbox 1661 749 1892 804; x_wconf 89' lang='lat' dir='ltr'><strong>sequen-</strong></span> 
     </span>
    </p>
   </div>
   <div class='ocr_carea' id='block_1_10' title="bbox 317 826 1895 900">
    <p class='ocr_par' dir='ltr' id='par_1_10' title="bbox 317 826 1895 900">
     <span class='ocr_line' id='line_1_10' title="bbox 317 826 1895 900; baseline -0.001 -18"><span class='ocrx_word' id='word_1_48' title='bbox 317 833 392 883; x_wconf 91' lang='lat' dir='ltr'><strong>tia</strong></span> <span class='ocrx_word' id='word_1_49' title='bbox 424 829 642 900; x_wconf 85' lang='lat' dir='ltr'><strong>quidem</strong></span> <span class='ocrx_word' id='word_1_50' title='bbox 681 831 1031 884; x_wconf 90' lang='lat' dir='ltr'><strong>honestarum</strong></span> <span class='ocrx_word' id='word_1_51' title='bbox 1073 843 1255 882; x_wconf 88' lang='lat' dir='ltr'><strong>rerum</strong></span> <span class='ocrx_word' id='word_1_52' title='bbox 1291 826 1540 881; x_wconf 86' lang='lat' dir='ltr'><strong>studioso</strong></span> <span class='ocrx_word' id='word_1_53' title='bbox 1575 826 1895 897; x_wconf 83' lang='lat' dir='ltr'><strong>negligenda</strong></span> 
     </span>
    </p>
   </div>
   <div class='ocr_carea' id='block_1_11' title="bbox 323 917 1896 989">
    <p class='ocr_par' dir='ltr' id='par_1_11' title="bbox 323 917 1896 989">
     <span class='ocr_line' id='line_1_11' title="bbox 323 917 1896 989; baseline -0.002 -13"><span class='ocrx_word' id='word_1_54' title='bbox 323 933 478 976; x_wconf 87' lang='lat' dir='ltr'><strong>sunt.</strong></span> <span class='ocrx_word' id='word_1_55' title='bbox 515 921 699 976; x_wconf 84' lang='lat' dir='ltr'><strong>Multis</strong></span> <span class='ocrx_word' id='word_1_56' title='bbox 727 920 870 976; x_wconf 89' lang='lat' dir='ltr'><strong>enim</strong></span> <span class='ocrx_word' id='word_1_57' title='bbox 912 917 1269 975; x_wconf 81' lang='lat' dir='ltr'><strong>incommodis</strong></span> <span class='ocrx_word' id='word_1_58' title='bbox 1291 917 1655 984; x_wconf 73' lang='lat' dir='ltr'><strong>conflictatus,</strong></span> <span class='ocrx_word' id='word_1_59' title='bbox 1701 934 1896 989; x_wconf 88' lang='lat' dir='ltr'><strong>quem-</strong></span> 
     </span>
    </p>
   </div>
   <div class='ocr_carea' id='block_1_12' title="bbox 321 1008 1894 1081">
    <p class='ocr_par' dir='ltr' id='par_1_12' title="bbox 321 1008 1894 1081">
     <span class='ocr_line' id='line_1_12' title="bbox 321 1008 1894 1081; baseline -0.001 -14"><span class='ocrx_word' id='word_1_60' title='bbox 321 1012 615 1067; x_wconf 88' lang='lat' dir='ltr'><strong>admodum</strong></span> <span class='ocrx_word' id='word_1_61' title='bbox 700 1011 1028 1074; x_wconf 84' lang='lat' dir='ltr'><strong>didicimus,</strong></span> <span class='ocrx_word' id='word_1_62' title='bbox 1077 1008 1432 1065; x_wconf 65' lang='lat' dir='ltr'><strong>Hebraaorum</strong></span> <span class='ocrx_word' id='word_1_63' title='bbox 1512 1011 1786 1081; x_wconf 90' lang='lat' dir='ltr'><strong>populus,</strong></span> <span class='ocrx_word' id='word_1_64' title='bbox 1841 1020 1894 1065; x_wconf 89' lang='lat' dir='ltr'><strong>et</strong></span> 
     </span>
    </p>
   </div>
   <div class='ocr_carea' id='block_1_13' title="bbox 319 1100 1908 1174">
    <p class='ocr_par' dir='ltr' id='par_1_13' title="bbox 319 1100 1908 1174">
     <span class='ocr_line' id='line_1_13' title="bbox 319 1100 1908 1174; baseline -0.001 -16"><span class='ocrx_word' id='word_1_65' title='bbox 319 1104 594 1160; x_wconf 90' lang='lat' dir='ltr'><strong>laborioso</strong></span> <span class='ocrx_word' id='word_1_66' title='bbox 626 1113 788 1174; x_wconf 90' lang='lat' dir='ltr'><strong>atque</strong></span> <span class='ocrx_word' id='word_1_67' title='bbox 854 1102 1087 1158; x_wconf 89' lang='lat' dir='ltr'><strong>molesto</strong></span> <span class='ocrx_word' id='word_1_68' title='bbox 1129 1100 1445 1156; x_wconf 86' lang='lat' dir='ltr'><strong>solitudinis</strong></span> <span class='ocrx_word' id='word_1_69' title='bbox 1497 1100 1750 1157; x_wconf 84' lang='lat' dir='ltr'><strong>coniecto</strong></span> <span class='ocrx_word' id='word_1_70' title='bbox 1781 1101 1908 1157; x_wconf 72' lang='lat' dir='ltr'><strong>cit--</strong></span> 
     </span>
    </p>
   </div>
   <div class='ocr_carea' id='block_1_14' title="bbox 320 1191 1900 1265">
    <p class='ocr_par' dir='ltr' id='par_1_14' title="bbox 320 1191 1900 1265">
     <span class='ocr_line' id='line_1_14' title="bbox 320 1191 1900 1265; baseline -0.003 -16"><span class='ocrx_word' id='word_1_71' title='bbox 320 1196 493 1260; x_wconf 80' lang='lat' dir='ltr'><strong>cuitu,</strong></span> <span class='ocrx_word' id='word_1_72' title='bbox 517 1211 625 1250; x_wconf 90' lang='lat' dir='ltr'><strong>non</strong></span> <span class='ocrx_word' id='word_1_73' title='bbox 652 1195 805 1265; x_wconf 91' lang='lat' dir='ltr'><strong>prius</strong></span> <span class='ocrx_word' id='word_1_74' title='bbox 841 1201 1042 1249; x_wconf 89' lang='lat' dir='ltr'><strong>terram</strong></span> <span class='ocrx_word' id='word_1_75' title='bbox 1070 1191 1454 1263; x_wconf 85' lang='lat' dir='ltr'><strong>promissionis</strong></span> <span class='ocrx_word' id='word_1_76' title='bbox 1471 1193 1709 1264; x_wconf 80' lang='lat' dir='ltr'><strong>recepit,</strong></span> <span class='ocrx_word' id='word_1_77' title='bbox 1733 1205 1900 1262; x_wconf 89' lang='lat' dir='ltr'><strong>quam</strong></span> 
     </span>
    </p>
   </div>
   <div class='ocr_carea' id='block_1_15' title="bbox 321 1281 1899 1356">
    <p class='ocr_par' dir='ltr' id='par_1_15' title="bbox 321 1281 1899 1356">
     <span class='ocr_line' id='line_1_15' title="bbox 321 1281 1899 1356; baseline -0.004 -13"><span class='ocrx_word' id='word_1_78' title='bbox 321 1289 559 1344; x_wconf 86' lang='lat' dir='ltr'><strong>ducente</strong></span> <span class='ocrx_word' id='word_1_79' title='bbox 591 1287 742 1351; x_wconf 85' lang='lat' dir='ltr'><strong>Jesu,</strong></span> <span class='ocrx_word' id='word_1_80' title='bbox 775 1287 1055 1356; x_wconf 81' lang='lat' dir='ltr'><strong>vitamque</strong></span> <span class='ocrx_word' id='word_1_81' title='bbox 1084 1285 1206 1355; x_wconf 83' lang='lat' dir='ltr'><strong>ejus</strong></span> <span class='ocrx_word' id='word_1_82' title='bbox 1231 1285 1569 1356; x_wconf 78' lang='lat' dir='ltr'><strong>gubernante</strong></span> <span class='ocrx_word' id='word_1_83' title='bbox 1600 1282 1669 1340; x_wconf 88' lang='lat' dir='ltr'><strong>ad</strong></span> <span class='ocrx_word' id='word_1_84' title='bbox 1704 1281 1899 1340; x_wconf 81' lang='lat' dir='ltr'><strong>Jorda-</strong></span> 
     </span>
    </p>
   </div>
   <div class='ocr_carea' id='block_1_16' title="bbox 322 1375 1900 1451">
    <p class='ocr_par' dir='ltr' id='par_1_16' title="bbox 322 1375 1900 1451">
     <span class='ocr_line' id='line_1_16' title="bbox 322 1375 1900 1451; baseline -0.005 -15"><span class='ocrx_word' id='word_1_85' title='bbox 322 1398 445 1436; x_wconf 88' lang='lat' dir='ltr'><strong>nem</strong></span> <span class='ocrx_word' id='word_1_86' title='bbox 480 1381 726 1451; x_wconf 87' lang='lat' dir='ltr'><strong>pervenit</strong></span> <span class='ocrx_word' id='word_1_87' title='bbox 754 1380 820 1434; x_wconf 76' lang='lat'><strong>&quot;.</strong></span> <span class='ocrx_word' id='word_1_88' title='bbox 845 1378 1202 1449; x_wconf 86' lang='lat' dir='ltr'><strong>Perspicuum</strong></span> <span class='ocrx_word' id='word_1_89' title='bbox 1231 1385 1318 1432; x_wconf 92' lang='lat' dir='ltr'><strong>est</strong></span> <span class='ocrx_word' id='word_1_90' title='bbox 1339 1383 1542 1441; x_wconf 88' lang='lat' dir='ltr'><strong>autem,</strong></span> <span class='ocrx_word' id='word_1_91' title='bbox 1565 1375 1712 1446; x_wconf 89' lang='lat' dir='ltr'><strong>quod</strong></span> <span class='ocrx_word' id='word_1_92' title='bbox 1737 1377 1900 1430; x_wconf 88' lang='lat' dir='ltr'><strong>etiam</strong></span> 
     </span>
    </p>
   </div>
   <div class='ocr_carea' id='block_1_17' title="bbox 321 1463 1900 1540">
    <p class='ocr_par' dir='ltr' id='par_1_17' title="bbox 321 1463 1900 1540">
     <span class='ocr_line' id='line_1_17' title="bbox 321 1463 1900 1540; baseline -0.007 -14"><span class='ocrx_word' id='word_1_93' title='bbox 321 1471 506 1537; x_wconf 85' lang='lat' dir='ltr'><strong>Jesus,</strong></span> <span class='ocrx_word' id='word_1_94' title='bbox 549 1471 643 1540; x_wconf 90' lang='lat' dir='ltr'><strong>qui</strong></span> <span class='ocrx_word' id='word_1_95' title='bbox 705 1467 993 1523; x_wconf 88' lang='lat' dir='ltr'><strong>duodecim</strong></span> <span class='ocrx_word' id='word_1_96' title='bbox 1059 1482 1192 1523; x_wconf 81' lang='lat' dir='ltr'><strong>saxa</strong></span> <span class='ocrx_word' id='word_1_97' title='bbox 1245 1467 1299 1521; x_wconf 91' lang='lat' dir='ltr'><strong>in</strong></span> <span class='ocrx_word' id='word_1_98' title='bbox 1351 1464 1574 1520; x_wconf 87' lang='lat' dir='ltr'><strong>ﬂumine</strong></span> <span class='ocrx_word' id='word_1_99' title='bbox 1625 1463 1900 1534; x_wconf 86' lang='lat' dir='ltr'><strong>deposuit,</strong></span> 
     </span>
    </p>
   </div>
   <div class='ocr_carea' id='block_1_18' title="bbox 321 1557 1903 1630">
    <p class='ocr_par' dir='ltr' id='par_1_18' title="bbox 321 1557 1903 1630">
     <span class='ocr_line' id='line_1_18' title="bbox 321 1557 1903 1630; baseline -0.006 -13"><span class='ocrx_word' id='word_1_100' title='bbox 321 1562 610 1618; x_wconf 87' lang='lat' dir='ltr'><strong>duodecim</strong></span> <span class='ocrx_word' id='word_1_101' title='bbox 643 1560 944 1630; x_wconf 84' lang='lat' dir='ltr'><strong>discipulos</strong></span> <span class='ocrx_word' id='word_1_102' title='bbox 988 1559 1275 1614; x_wconf 88' lang='lat' dir='ltr'><strong>ministros</strong></span> <span class='ocrx_word' id='word_1_103' title='bbox 1307 1557 1652 1627; x_wconf 86' lang='lat' dir='ltr'><strong>baptismatis</strong></span> <span class='ocrx_word' id='word_1_104' title='bbox 1687 1570 1903 1625; x_wconf 66' lang='lat' dir='ltr'><strong>przrpa-</strong></span> 
     </span>
    </p>
   </div>
   <div class='ocr_carea' id='block_1_19' title="bbox 324 1644 1904 1722">
    <p class='ocr_par' dir='ltr' id='par_1_19' title="bbox 324 1644 1904 1722">
     <span class='ocr_line' id='line_1_19' title="bbox 324 1644 1904 1722; baseline -0.005 -14"><span class='ocrx_word' id='word_1_105' title='bbox 324 1655 481 1709; x_wconf 82' lang='lat' dir='ltr'><strong>rabat</strong></span> <span class='ocrx_word' id='word_1_106' title='bbox 529 1669 595 1708; x_wconf 90' lang='lat' dir='ltr'><strong>ac</strong></span> <span class='ocrx_word' id='word_1_107' title='bbox 645 1651 1097 1722; x_wconf 57' lang='lat' dir='ltr'><strong>praedestinabat.</strong></span> <span class='ocrx_word' id='word_1_108' title='bbox 1146 1649 1327 1703; x_wconf 88' lang='lat' dir='ltr'><strong>Porro</strong></span> <span class='ocrx_word' id='word_1_109' title='bbox 1393 1647 1724 1704; x_wconf 72' lang='lat' dir='ltr'><strong>sacrificium</strong></span> <span class='ocrx_word' id='word_1_110' title='bbox 1771 1644 1904 1700; x_wconf 88' lang='lat' dir='ltr'><strong>ilittd</strong></span> 
     </span>
    </p>
   </div>
   <div class='ocr_carea' id='block_1_20' title="bbox 325 1741 1903 1813">
    <p class='ocr_par' dir='ltr' id='par_1_20' title="bbox 325 1741 1903 1813">
     <span class='ocr_line' id='line_1_20' title="bbox 325 1741 1903 1813; baseline -0.006 -13"><span class='ocrx_word' id='word_1_111' title='bbox 325 1745 680 1810; x_wconf 84' lang='lat' dir='ltr'><strong>admirabile,</strong></span> <span class='ocrx_word' id='word_1_112' title='bbox 733 1743 988 1813; x_wconf 89' lang='lat' dir='ltr'><strong>quodque</strong></span> <span class='ocrx_word' id='word_1_113' title='bbox 1059 1757 1277 1796; x_wconf 89' lang='lat' dir='ltr'><strong>omnem</strong></span> <span class='ocrx_word' id='word_1_114' title='bbox 1334 1741 1626 1794; x_wconf 81' lang='lat' dir='ltr'><strong>humanam</strong></span> <span class='ocrx_word' id='word_1_115' title='bbox 1683 1747 1903 1807; x_wconf 84' lang='lat' dir='ltr'><strong>superat</strong></span> 
     </span>
    </p>
   </div>
   <div class='ocr_carea' id='block_1_21' title="bbox 325 1827 1897 1900">
    <p class='ocr_par' dir='ltr' id='par_1_21' title="bbox 325 1827 1897 1900">
     <span class='ocr_line' id='line_1_21' title="bbox 325 1827 1897 1900; baseline -0.006 -11"><span class='ocrx_word' id='word_1_116' title='bbox 325 1846 586 1900; x_wconf 87' lang='lat' dir='ltr'><strong>mentem,</strong></span> <span class='ocrx_word' id='word_1_117' title='bbox 626 1833 899 1888; x_wconf 67' lang='lat' dir='ltr'><strong>Thesbita:</strong></span> <span class='ocrx_word' id='word_1_118' title='bbox 942 1831 1088 1885; x_wconf 86' lang='lat' dir='ltr'><strong>illius</strong></span> <span class='ocrx_word' id='word_1_119' title='bbox 1115 1831 1285 1891; x_wconf 89' lang='lat' dir='ltr'><strong>senis,</strong></span> <span class='ocrx_word' id='word_1_120' title='bbox 1337 1829 1464 1899; x_wconf 89' lang='lat' dir='ltr'><strong>quid</strong></span> <span class='ocrx_word' id='word_1_121' title='bbox 1494 1828 1639 1882; x_wconf 89' lang='lat' dir='ltr'><strong>aliud</strong></span> <span class='ocrx_word' id='word_1_122' title='bbox 1681 1827 1897 1881; x_wconf 90' lang='lat' dir='ltr'><strong>tandem</strong></span> 
     </span>
    </p>
   </div>
   <div class='ocr_carea' id='block_1_22' title="bbox 326 1917 1900 1996">
    <p class='ocr_par' dir='ltr' id='par_1_22' title="bbox 326 1917 1900 1996">
     <span class='ocr_line' id='line_1_22' title="bbox 326 1917 1900 1996; baseline -0.005 -17"><span class='ocrx_word' id='word_1_123' title='bbox 326 1938 488 1996; x_wconf 88' lang='lat' dir='ltr'><strong>atque</strong></span> <span class='ocrx_word' id='word_1_124' title='bbox 514 1942 571 1981; x_wconf 92' lang='lat' dir='ltr'><strong>re</strong></span> <span class='ocrx_word' id='word_1_125' title='bbox 601 1926 716 1994; x_wconf 89' lang='lat' dir='ltr'><strong>ipsa</strong></span> <span class='ocrx_word' id='word_1_126' title='bbox 766 1923 1148 1994; x_wconf 74' lang='lat' dir='ltr'><strong>prtesigniiicat</strong></span> <span class='ocrx_word' id='word_1_127' title='bbox 1195 1921 1355 1975; x_wconf 76' lang='lat' dir='ltr'><strong>[idem</strong></span> <span class='ocrx_word' id='word_1_128' title='bbox 1406 1921 1460 1974; x_wconf 89' lang='lat' dir='ltr'><strong>in</strong></span> <span class='ocrx_word' id='word_1_129' title='bbox 1483 1919 1696 1974; x_wconf 83' lang='lat' dir='ltr'><strong>Patrem</strong></span> <span class='ocrx_word' id='word_1_130' title='bbox 1727 1929 1780 1974; x_wconf 89' lang='lat' dir='ltr'><strong>et</strong></span> <span class='ocrx_word' id='word_1_131' title='bbox 1809 1917 1900 1972; x_wconf 91' lang='lat' dir='ltr'><strong>Fi-</strong></span> 
     </span>
    </p>
   </div>
   <div class='ocr_carea' id='block_1_23' title="bbox 327 2009 1903 2085">
    <p class='ocr_par' dir='ltr' id='par_1_23' title="bbox 327 2009 1903 2085">
     <span class='ocr_line' id='line_1_23' title="bbox 327 2009 1903 2085; baseline -0.005 -14"><span class='ocrx_word' id='word_1_132' title='bbox 327 2018 458 2072; x_wconf 90' lang='lat' dir='ltr'><strong>lium</strong></span> <span class='ocrx_word' id='word_1_133' title='bbox 503 2025 557 2071; x_wconf 91' lang='lat' dir='ltr'><strong>et</strong></span> <span class='ocrx_word' id='word_1_134' title='bbox 591 2016 853 2085; x_wconf 82' lang='lat' dir='ltr'><strong>Spiritum</strong></span> <span class='ocrx_word' id='word_1_135' title='bbox 907 2021 1177 2076; x_wconf 88' lang='lat' dir='ltr'><strong>sanctum,</strong></span> <span class='ocrx_word' id='word_1_136' title='bbox 1227 2022 1390 2081; x_wconf 89' lang='lat' dir='ltr'><strong>atque</strong></span> <span class='ocrx_word' id='word_1_137' title='bbox 1442 2009 1903 2080; x_wconf 81' lang='lat' dir='ltr'><strong>redemptionem?</strong></span> 
     </span>
    </p>
   </div>
   <div class='ocr_carea' id='block_1_24' title="bbox 327 2099 1902 2176">
    <p class='ocr_par' dir='ltr' id='par_1_24' title="bbox 327 2099 1902 2176">
     <span class='ocr_line' id='line_1_24' title="bbox 327 2099 1902 2176; baseline -0.004 -17"><span class='ocrx_word' id='word_1_138' title='bbox 327 2105 688 2176; x_wconf 88' lang='lat' dir='ltr'><strong>Posteaquam</strong></span> <span class='ocrx_word' id='word_1_139' title='bbox 746 2102 890 2158; x_wconf 91' lang='lat' dir='ltr'><strong>enim</strong></span> <span class='ocrx_word' id='word_1_140' title='bbox 939 2101 1230 2156; x_wconf 89' lang='lat' dir='ltr'><strong>universus</strong></span> <span class='ocrx_word' id='word_1_141' title='bbox 1265 2099 1617 2156; x_wconf 75' lang='lat' dir='ltr'><strong>llebrmorum</strong></span> <span class='ocrx_word' id='word_1_142' title='bbox 1669 2099 1902 2170; x_wconf 88' lang='lat' dir='ltr'><strong>populus</strong></span> 
     </span>
    </p>
   </div>
   <div class='ocr_carea' id='block_1_25' title="bbox 328 2192 1901 2268">
    <p class='ocr_par' dir='ltr' id='par_1_25' title="bbox 328 2192 1901 2268">
     <span class='ocr_line' id='line_1_25' title="bbox 328 2192 1901 2268; baseline -0.004 -18"><span class='ocrx_word' id='word_1_143' title='bbox 328 2199 502 2268; x_wconf 87' lang='lat' dir='ltr'><strong>patria</strong></span> <span class='ocrx_word' id='word_1_144' title='bbox 557 2197 877 2251; x_wconf 80' lang='lat' dir='ltr'><strong>conculcata</strong></span> <span class='ocrx_word' id='word_1_145' title='bbox 919 2195 1150 2265; x_wconf 88' lang='lat' dir='ltr'><strong>pietate,</strong></span> <span class='ocrx_word' id='word_1_146' title='bbox 1199 2192 1251 2246; x_wconf 91' lang='lat' dir='ltr'><strong>in</strong></span> <span class='ocrx_word' id='word_1_147' title='bbox 1305 2207 1546 2247; x_wconf 91' lang='lat' dir='ltr'><strong>errorem</strong></span> <span class='ocrx_word' id='word_1_148' title='bbox 1604 2193 1901 2246; x_wconf 90' lang='lat' dir='ltr'><strong>multorum</strong></span> 
     </span>
    </p>
   </div>
   <div class='ocr_carea' id='block_1_26' title="bbox 329 2283 1903 2357">
    <p class='ocr_par' dir='ltr' id='par_1_26' title="bbox 329 2283 1903 2357">
     <span class='ocr_line' id='line_1_26' title="bbox 329 2283 1903 2357; baseline -0.006 -12"><span class='ocrx_word' id='word_1_149' title='bbox 329 2291 560 2345; x_wconf 89' lang='lat' dir='ltr'><strong>deorum</strong></span> <span class='ocrx_word' id='word_1_150' title='bbox 613 2289 797 2342; x_wconf 90' lang='lat' dir='ltr'><strong>cultus</strong></span> <span class='ocrx_word' id='word_1_151' title='bbox 833 2288 1123 2357; x_wconf 87' lang='lat' dir='ltr'><strong>prolapsus</strong></span> <span class='ocrx_word' id='word_1_152' title='bbox 1164 2292 1282 2341; x_wconf 88' lang='lat' dir='ltr'><strong>erat</strong></span> <span class='ocrx_word' id='word_1_153' title='bbox 1314 2303 1328 2339; x_wconf 87' lang='lat'><strong>:</strong></span> <span class='ocrx_word' id='word_1_154' title='bbox 1363 2293 1420 2339; x_wconf 88' lang='lat' dir='ltr'><strong>et</strong></span> <span class='ocrx_word' id='word_1_155' title='bbox 1449 2300 1544 2339; x_wconf 77' lang='lat' dir='ltr'><strong>rex</strong></span> <span class='ocrx_word' id='word_1_156' title='bbox 1591 2285 1780 2339; x_wconf 80' lang='lat' dir='ltr'><strong>Achab</strong></span> <span class='ocrx_word' id='word_1_157' title='bbox 1833 2283 1903 2337; x_wconf 90' lang='lat' dir='ltr'><strong>ab</strong></span> 
     </span>
    </p>
   </div>
   <div class='ocr_carea' id='block_1_27' title="bbox 329 2376 1906 2440">
    <p class='ocr_par' dir='ltr' id='par_1_27' title="bbox 329 2376 1906 2440">
     <span class='ocr_line' id='line_1_27' title="bbox 329 2376 1906 2440; baseline -0.004 -4"><span class='ocrx_word' id='word_1_158' title='bbox 329 2383 749 2438; x_wconf 85' lang='lat' dir='ltr'><strong>simulacrorum</strong></span> <span class='ocrx_word' id='word_1_159' title='bbox 783 2379 932 2434; x_wconf 88' lang='lat' dir='ltr'><strong>cultu</strong></span> <span class='ocrx_word' id='word_1_160' title='bbox 971 2377 1360 2440; x_wconf 78' lang='lat' dir='ltr'><strong>dciudebatur,</strong></span> <span class='ocrx_word' id='word_1_161' title='bbox 1381 2393 1506 2431; x_wconf 89' lang='lat' dir='ltr'><strong>cum</strong></span> <span class='ocrx_word' id='word_1_162' title='bbox 1540 2377 1737 2430; x_wconf 90' lang='lat' dir='ltr'><strong>malam</strong></span> <span class='ocrx_word' id='word_1_163' title='bbox 1784 2376 1906 2431; x_wconf 64' lang='lat' dir='ltr'><strong>vitae</strong></span> 
     </span>
    </p>
   </div>
   <div class='ocr_carea' id='block_1_28' title="bbox 331 2450 1904 2540">
    <p class='ocr_par' dir='ltr' id='par_1_28' title="bbox 331 2450 1904 2540">
     <span class='ocr_line' id='line_1_28' title="bbox 331 2450 1904 2540; baseline -0.005 -11"><span class='ocrx_word' id='word_1_164' title='bbox 331 2450 538 2529; x_wconf 56' lang='lat' dir='ltr'><strong>soéiam</strong></span> <span class='ocrx_word' id='word_1_165' title='bbox 595 2471 1156 2540; x_wconf 74' lang='lat' dir='ltr'><strong>scelestissimamque</strong></span> <span class='ocrx_word' id='word_1_166' title='bbox 1217 2468 1514 2538; x_wconf 88' lang='lat' dir='ltr'><strong>impietatis</strong></span> <span class='ocrx_word' id='word_1_167' title='bbox 1585 2468 1904 2538; x_wconf 75' lang='lat' dir='ltr'><strong>magistram</strong></span> 
     </span>
    </p>
   </div>
   <div class='ocr_carea' id='block_1_29' title="bbox 332 2556 1904 2622">
    <p class='ocr_par' dir='ltr' id='par_1_29' title="bbox 332 2556 1904 2622">
     <span class='ocr_line' id='line_1_29' title="bbox 332 2556 1904 2622; baseline -0.006 0"><span class='ocrx_word' id='word_1_168' title='bbox 332 2565 558 2622; x_wconf 79' lang='lat' dir='ltr'><strong>haberet</strong></span> <span class='ocrx_word' id='word_1_169' title='bbox 617 2562 907 2618; x_wconf 78' lang='lat' dir='ltr'><strong>infaustam</strong></span> <span class='ocrx_word' id='word_1_170' title='bbox 973 2572 1026 2615; x_wconf 91' lang='lat' dir='ltr'><strong>et</strong></span> <span class='ocrx_word' id='word_1_171' title='bbox 1090 2560 1482 2616; x_wconf 86' lang='lat' dir='ltr'><strong>cxsecrandam</strong></span> <span class='ocrx_word' id='word_1_172' title='bbox 1542 2556 1904 2614; x_wconf 79' lang='lat' dir='ltr'><strong>Jezahelem:</strong></span> 
     </span>
    </p>
   </div>
   <div class='ocr_carea' id='block_1_30' title="bbox 333 2647 1906 2727">
    <p class='ocr_par' dir='ltr' id='par_1_30' title="bbox 333 2647 1906 2727">
     <span class='ocr_line' id='line_1_30' title="bbox 333 2647 1906 2727; baseline -0.006 -15"><span class='ocrx_word' id='word_1_173' title='bbox 333 2657 574 2727; x_wconf 85' lang='lat' dir='ltr'><strong>repletus</strong></span> <span class='ocrx_word' id='word_1_174' title='bbox 601 2655 864 2724; x_wconf 83' lang='lat' dir='ltr'><strong>propheta</strong></span> <span class='ocrx_word' id='word_1_175' title='bbox 887 2651 1061 2722; x_wconf 84' lang='lat' dir='ltr'><strong>gratia</strong></span> <span class='ocrx_word' id='word_1_176' title='bbox 1095 2650 1388 2720; x_wconf 87' lang='lat' dir='ltr'><strong>spirituali,</strong></span> <span class='ocrx_word' id='word_1_177' title='bbox 1414 2657 1467 2702; x_wconf 90' lang='lat' dir='ltr'><strong>et</strong></span> <span class='ocrx_word' id='word_1_178' title='bbox 1505 2663 1630 2702; x_wconf 84' lang='lat' dir='ltr'><strong>cum</strong></span> <span class='ocrx_word' id='word_1_179' title='bbox 1683 2647 1906 2702; x_wconf 82' lang='lat' dir='ltr'><strong>Achabo</strong></span> 
     </span>
    </p>
   </div>
   <div class='ocr_carea' id='block_1_31' title="bbox 337 2739 1908 2818">
    <p class='ocr_par' dir='ltr' id='par_1_31' title="bbox 337 2739 1908 2818">
     <span class='ocr_line' id='line_1_31' title="bbox 337 2739 1908 2818; baseline -0.006 -14"><span class='ocrx_word' id='word_1_180' title='bbox 337 2761 689 2818; x_wconf 86' lang='lat' dir='ltr'><strong>congressus,</strong></span> <span class='ocrx_word' id='word_1_181' title='bbox 727 2752 866 2799; x_wconf 90' lang='lat' dir='ltr'><strong>teste</strong></span> <span class='ocrx_word' id='word_1_182' title='bbox 919 2757 1064 2812; x_wconf 83' lang='lat' dir='ltr'><strong>rege.</strong></span> <span class='ocrx_word' id='word_1_183' title='bbox 1095 2741 1353 2810; x_wconf 89' lang='lat' dir='ltr'><strong>omnique</strong></span> <span class='ocrx_word' id='word_1_184' title='bbox 1408 2740 1608 2810; x_wconf 91' lang='lat' dir='ltr'><strong>populo</strong></span> <span class='ocrx_word' id='word_1_185' title='bbox 1650 2739 1908 2795; x_wconf 89' lang='lat' dir='ltr'><strong>sacerdo-</strong></span> 
     </span>
    </p>
   </div>
   <div class='ocr_carea' id='block_1_32' title="bbox 334 2831 1910 2905">
    <p class='ocr_par' dir='ltr' id='par_1_32' title="bbox 334 2831 1910 2905">
     <span class='ocr_line' id='line_1_32' title="bbox 334 2831 1910 2905; baseline -0.005 -11"><span class='ocrx_word' id='word_1_186' title='bbox 334 2841 484 2895; x_wconf 82' lang='lat' dir='ltr'><strong>tibus</strong></span> <span class='ocrx_word' id='word_1_187' title='bbox 515 2836 638 2889; x_wconf 85' lang='lat' dir='ltr'><strong>Baal</strong></span> <span class='ocrx_word' id='word_1_188' title='bbox 671 2851 730 2890; x_wconf 92' lang='lat' dir='ltr'><strong>se</strong></span> <span class='ocrx_word' id='word_1_189' title='bbox 754 2833 1010 2905; x_wconf 84' lang='lat' dir='ltr'><strong>Opposuit</strong></span> <span class='ocrx_word' id='word_1_190' title='bbox 1062 2833 1128 2888; x_wconf 89' lang='lat' dir='ltr'><strong>ad</strong></span> <span class='ocrx_word' id='word_1_191' title='bbox 1159 2841 1437 2887; x_wconf 87' lang='lat' dir='ltr'><strong>certamen</strong></span> <span class='ocrx_word' id='word_1_192' title='bbox 1487 2833 1680 2902; x_wconf 83' lang='lat' dir='ltr'><strong>ingens</strong></span> <span class='ocrx_word' id='word_1_193' title='bbox 1709 2839 1763 2886; x_wconf 89' lang='lat' dir='ltr'><strong>et</strong></span> <span class='ocrx_word' id='word_1_194' title='bbox 1814 2831 1910 2887; x_wconf 87' lang='lat' dir='ltr'><strong>ad-</strong></span> 
     </span>
    </p>
   </div>
   <div class='ocr_carea' id='block_1_33' title="bbox 337 2923 1911 2996">
    <p class='ocr_par' dir='ltr' id='par_1_33' title="bbox 337 2923 1911 2996">
     <span class='ocr_line' id='line_1_33' title="bbox 337 2923 1911 2996; baseline -0.005 -10"><span class='ocrx_word' id='word_1_195' title='bbox 337 2928 623 2995; x_wconf 89' lang='lat' dir='ltr'><strong>mirabile;</strong></span> <span class='ocrx_word' id='word_1_196' title='bbox 681 2933 845 2996; x_wconf 89' lang='lat' dir='ltr'><strong>atque</strong></span> <span class='ocrx_word' id='word_1_197' title='bbox 908 2924 1074 2990; x_wconf 85' lang='lat' dir='ltr'><strong>illos,</strong></span> <span class='ocrx_word' id='word_1_198' title='bbox 1129 2923 1223 2993; x_wconf 92' lang='lat' dir='ltr'><strong>qui</strong></span> <span class='ocrx_word' id='word_1_199' title='bbox 1281 2929 1683 2992; x_wconf 84' lang='lat' dir='ltr'><strong>proposuerant</strong></span> <span class='ocrx_word' id='word_1_200' title='bbox 1746 2931 1911 2994; x_wconf 83' lang='lat' dir='ltr'><strong>atque</strong></span> 
     </span>
    </p>
   </div>
   <div class='ocr_carea' id='block_1_34' title="bbox 337 3015 1910 3094">
    <p class='ocr_par' dir='ltr' id='par_1_34' title="bbox 337 3015 1910 3094">
     <span class='ocr_line' id='line_1_34' title="bbox 337 3015 1910 3094; baseline -0.004 -17"><span class='ocrx_word' id='word_1_201' title='bbox 337 3019 572 3094; x_wconf 77' lang='lat' dir='ltr'><strong>professi</strong></span> <span class='ocrx_word' id='word_1_202' title='bbox 619 3025 792 3084; x_wconf 87' lang='lat' dir='ltr'><strong>erant,</strong></span> <span class='ocrx_word' id='word_1_203' title='bbox 828 3015 973 3085; x_wconf 89' lang='lat' dir='ltr'><strong>quod</strong></span> <span class='ocrx_word' id='word_1_204' title='bbox 1007 3015 1215 3084; x_wconf 84' lang='lat' dir='ltr'><strong>absque</strong></span> <span class='ocrx_word' id='word_1_205' title='bbox 1257 3015 1364 3084; x_wconf 85' lang='lat' dir='ltr'><strong>igni</strong></span> <span class='ocrx_word' id='word_1_206' title='bbox 1399 3015 1590 3070; x_wconf 84' lang='lat' dir='ltr'><strong>bovem</strong></span> <span class='ocrx_word' id='word_1_207' title='bbox 1628 3016 1910 3070; x_wconf 80' lang='lat' dir='ltr'><strong>sacriﬁca-</strong></span> 
     </span>
    </p>
   </div>
   <div class='ocr_carea' id='block_1_35' title="bbox 1991 456 3592 534">
    <p class='ocr_par' dir='ltr' id='par_1_35' title="bbox 1991 456 3592 534">
     <span class='ocr_line' id='line_1_35' title="bbox 1991 456 3592 534; baseline -0.002 -18"><span class='ocrx_word' id='word_1_208' title='bbox 1991 464 2090 534; x_wconf 84' lang='grc' dir='ltr'>τῆς</span> <span class='ocrx_word' id='word_1_209' title='bbox 2106 462 2475 534; x_wconf 81' lang='grc' dir='ltr'><strong>προκειμένης</strong></span> <span class='ocrx_word' id='word_1_210' title='bbox 2496 460 2880 534; x_wconf 81' lang='grc' dir='ltr'><strong>πραγματείας</strong></span> <span class='ocrx_word' id='word_1_211' title='bbox 2897 456 2985 533; x_wconf 79' lang='grc' dir='ltr'>ἦν.</span> <span class='ocrx_word' id='word_1_212' title='bbox 3011 460 3158 532; x_wconf 79' lang='grc' dir='ltr'>Πλὴν</span> <span class='ocrx_word' id='word_1_213' title='bbox 3179 460 3299 514; x_wconf 79' lang='grc' dir='ltr'>οὑδὲ</span> <span class='ocrx_word' id='word_1_214' title='bbox 3319 461 3427 514; x_wconf 75' lang='grc' dir='ltr'><strong>τῶν</strong></span> <span class='ocrx_word' id='word_1_215' title='bbox 3448 461 3592 530; x_wconf 76' lang='grc' dir='ltr'>ἑξῆς</span> 
     </span>
    </p>
   </div>
   <div class='ocr_carea' id='block_1_36' title="bbox 1993 550 3590 625">
    <p class='ocr_par' dir='ltr' id='par_1_36' title="bbox 1993 550 3590 625">
     <span class='ocr_line' id='line_1_36' title="bbox 1993 550 3590 625; baseline -0.003 -17"><span class='ocrx_word' id='word_1_216' title='bbox 1993 555 2296 625; x_wconf 76' lang='grc' dir='ltr'><strong>ἀμελητέον</strong></span> <span class='ocrx_word' id='word_1_217' title='bbox 2327 554 2405 624; x_wconf 85' lang='grc' dir='ltr'>τῷ</span> <span class='ocrx_word' id='word_1_218' title='bbox 2434 554 2727 625; x_wconf 77' lang='grc' dir='ltr'><strong>φιλοκάλῳ.</strong></span> <span class='ocrx_word' id='word_1_219' title='bbox 2758 552 2935 606; x_wconf 85' lang='grc' dir='ltr'>Πολλά</span> <span class='ocrx_word' id='word_1_220' title='bbox 2975 553 3082 624; x_wconf 76' lang='grc' dir='ltr'>γὰρ</span> <span class='ocrx_word' id='word_1_221' title='bbox 3111 550 3319 616; x_wconf 85' lang='grc' dir='ltr'>παθὼν,</span> <span class='ocrx_word' id='word_1_222' title='bbox 3344 550 3425 614; x_wconf 84' lang='grc' dir='ltr'>’ὡς</span> <span class='ocrx_word' id='word_1_223' title='bbox 3467 551 3590 605; x_wconf 83' lang='grc' dir='ltr'>ἐδι-</span> 
     </span>
    </p>
   </div>
   <div class='ocr_carea' id='block_1_37' title="bbox 1993 643 3595 718">
    <p class='ocr_par' dir='ltr' id='par_1_37' title="bbox 1993 643 3595 718">
     <span class='ocr_line' id='line_1_37' title="bbox 1993 643 3595 718; baseline -0.003 -18"><span class='ocrx_word' id='word_1_224' title='bbox 1993 647 2290 717; x_wconf 88' lang='grc' dir='ltr'>δάχθημεν,</span> <span class='ocrx_word' id='word_1_225' title='bbox 2321 649 2349 699; x_wconf 84' lang='grc' dir='ltr'>ὁ</span> <span class='ocrx_word' id='word_1_226' title='bbox 2379 647 2486 699; x_wconf 88' lang='grc' dir='ltr'><strong>τῶν</strong></span> <span class='ocrx_word' id='word_1_227' title='bbox 2533 646 2800 718; x_wconf 87' lang='grc' dir='ltr'>Ἑϐραίων</span> <span class='ocrx_word' id='word_1_228' title='bbox 2844 645 2993 712; x_wconf 82' lang='grc' dir='ltr'>λαὸς,</span> <span class='ocrx_word' id='word_1_229' title='bbox 3031 645 3128 698; x_wconf 73' lang='grc' dir='ltr'><strong>καὶ</strong></span> <span class='ocrx_word' id='word_1_230' title='bbox 3155 645 3254 715; x_wconf 82' lang='grc' dir='ltr'><strong>τὴν</strong></span> <span class='ocrx_word' id='word_1_231' title='bbox 3299 643 3595 714; x_wconf 83' lang='grc' dir='ltr'>μοχθηρὰν</span> 
     </span>
    </p>
   </div>
   <div class='ocr_carea' id='block_1_38' title="bbox 1994 735 3601 808">
    <p class='ocr_par' dir='ltr' id='par_1_38' title="bbox 1994 735 3601 808">
     <span class='ocr_line' id='line_1_38' title="bbox 1994 735 3601 808; baseline -0.002 -17"><span class='ocrx_word' id='word_1_232' title='bbox 1994 737 2251 801; x_wconf 79' lang='grc' dir='ltr'><strong>διανύσας</strong></span> <span class='ocrx_word' id='word_1_233' title='bbox 2282 737 2378 808; x_wconf 80' lang='grc' dir='ltr'><strong>τῆς</strong></span> <span class='ocrx_word' id='word_1_234' title='bbox 2413 738 2622 808; x_wconf 80' lang='grc' dir='ltr'><strong>ἐρήμου</strong></span> <span class='ocrx_word' id='word_1_235' title='bbox 2654 736 2902 808; x_wconf 77' lang='grc' dir='ltr'>περίοδον</span> <span class='ocrx_word' id='word_1_236' title='bbox 2927 776 2942 800; x_wconf 90' lang='grc'><strong>,</strong></span> <span class='ocrx_word' id='word_1_237' title='bbox 2973 737 3033 790; x_wconf 87' lang='grc' dir='ltr'><strong>οὑ</strong></span> <span class='ocrx_word' id='word_1_238' title='bbox 3075 737 3332 808; x_wconf 83' lang='grc' dir='ltr'>πρότερον</span> <span class='ocrx_word' id='word_1_239' title='bbox 3355 736 3455 807; x_wconf 83' lang='grc' dir='ltr'>τὴν</span> <span class='ocrx_word' id='word_1_240' title='bbox 3476 735 3601 804; x_wconf 80' lang='grc' dir='ltr'><strong>γῆν</strong></span> 
     </span>
    </p>
   </div>
   <div class='ocr_carea' id='block_1_39' title="bbox 1995 827 3600 900">
    <p class='ocr_par' dir='ltr' id='par_1_39' title="bbox 1995 827 3600 900">
     <span class='ocr_line' id='line_1_39' title="bbox 1995 827 3600 900; baseline -0.001 -18"><span class='ocrx_word' id='word_1_241' title='bbox 1995 831 2094 900; x_wconf 79' lang='grc' dir='ltr'>τῆς</span> <span class='ocrx_word' id='word_1_242' title='bbox 2138 829 2470 898; x_wconf 76' lang='grc' dir='ltr'><strong>ἐπαγγελίας</strong></span> <span class='ocrx_word' id='word_1_243' title='bbox 2517 829 2778 895; x_wconf 92' lang='grc' dir='ltr'>ἀπέλαϐε,</span> <span class='ocrx_word' id='word_1_244' title='bbox 2825 830 2956 900; x_wconf 74' lang='grc' dir='ltr'>πρὶν</span> <span class='ocrx_word' id='word_1_245' title='bbox 3001 829 3321 900; x_wconf 81' lang='grc' dir='ltr'>όδηγοῦντος</span> <span class='ocrx_word' id='word_1_246' title='bbox 3375 827 3600 900; x_wconf 85' lang='grc' dir='ltr'>Ἰησοῦ,</span> 
     </span>
    </p>
   </div>
   <div class='ocr_carea' id='block_1_40' title="bbox 1996 920 3605 993">
    <p class='ocr_par' dir='ltr' id='par_1_40' title="bbox 1996 920 3605 993">
     <span class='ocr_line' id='line_1_40' title="bbox 1996 920 3605 993; baseline -0.001 -19"><span class='ocrx_word' id='word_1_247' title='bbox 1996 923 2090 975; x_wconf 79' lang='grc' dir='ltr'><strong>καὶ</strong></span> <span class='ocrx_word' id='word_1_248' title='bbox 2131 920 2229 992; x_wconf 84' lang='grc' dir='ltr'><strong>τὴν</strong></span> <span class='ocrx_word' id='word_1_249' title='bbox 2253 921 2397 992; x_wconf 75' lang='grc' dir='ltr'>ζωὴν</span> <span class='ocrx_word' id='word_1_250' title='bbox 2441 921 2608 974; x_wconf 88' lang='grc' dir='ltr'>αὑτοῦ</span> <span class='ocrx_word' id='word_1_251' title='bbox 2638 920 3031 993; x_wconf 89' lang='grc' dir='ltr'>κυϐερνῶντος,</span> <span class='ocrx_word' id='word_1_252' title='bbox 3067 923 3144 982; x_wconf 81' lang='grc' dir='ltr'>εἰς</span> <span class='ocrx_word' id='word_1_253' title='bbox 3185 920 3275 973; x_wconf 79' lang='grc' dir='ltr'>τὸν</span> <span class='ocrx_word' id='word_1_254' title='bbox 3310 920 3605 991; x_wconf 80' lang='grc' dir='ltr'>Ἰορδάνην</span> 
     </span>
    </p>
   </div>
   <div class='ocr_carea' id='block_1_41' title="bbox 1996 1011 3607 1084">
    <p class='ocr_par' dir='ltr' id='par_1_41' title="bbox 1996 1011 3607 1084">
     <span class='ocr_line' id='line_1_41' title="bbox 1996 1011 3607 1084; baseline -0.001 -18"><span class='ocrx_word' id='word_1_255' title='bbox 1996 1011 2324 1084; x_wconf 87' lang='grc' dir='ltr'>ἐπεραιώθη.</span> <span class='ocrx_word' id='word_1_256' title='bbox 2368 1013 2576 1084; x_wconf 77' lang='grc' dir='ltr'>Ἰησοῦς</span> <span class='ocrx_word' id='word_1_257' title='bbox 2617 1013 2672 1067; x_wconf 85' lang='grc' dir='ltr'><strong>δέ</strong></span> <span class='ocrx_word' id='word_1_258' title='bbox 2713 1014 2807 1066; x_wconf 78' lang='grc' dir='ltr'><strong>καὶ</strong></span> <span class='ocrx_word' id='word_1_259' title='bbox 2833 1014 2959 1077; x_wconf 87' lang='grc' dir='ltr'><strong>τοὺς</strong></span> <span class='ocrx_word' id='word_1_260' title='bbox 2988 1011 3194 1065; x_wconf 84' lang='grc' dir='ltr'>δώδεκα</span> <span class='ocrx_word' id='word_1_261' title='bbox 3237 1011 3416 1075; x_wconf 77' lang='grc' dir='ltr'>λίθους</span> <span class='ocrx_word' id='word_1_262' title='bbox 3443 1013 3607 1065; x_wconf 81' lang='grc' dir='ltr'>ἀποο</span> 
     </span>
    </p>
   </div>
   <div class='ocr_carea' id='block_1_42' title="bbox 1999 1101 3606 1175">
    <p class='ocr_par' dir='ltr' id='par_1_42' title="bbox 1999 1101 3606 1175">
     <span class='ocr_line' id='line_1_42' title="bbox 1999 1101 3606 1175; baseline -0.001 -18"><span class='ocrx_word' id='word_1_263' title='bbox 1999 1103 2223 1174; x_wconf 85' lang='grc' dir='ltr'>θέμενος</span> <span class='ocrx_word' id='word_1_264' title='bbox 2242 1105 2301 1158; x_wconf 90' lang='grc' dir='ltr'><strong>ἐν</strong></span> <span class='ocrx_word' id='word_1_265' title='bbox 2325 1103 2405 1175; x_wconf 87' lang='grc' dir='ltr'>τῷ</span> <span class='ocrx_word' id='word_1_266' title='bbox 2437 1104 2690 1175; x_wconf 77' lang='grc' dir='ltr'>ῥεύματι,</span> <span class='ocrx_word' id='word_1_267' title='bbox 2719 1103 2984 1175; x_wconf 83' lang='grc' dir='ltr'>πρόδηλόν</span> <span class='ocrx_word' id='word_1_268' title='bbox 3009 1105 3176 1169; x_wconf 89' lang='grc' dir='ltr'>ἐστιν,</span> <span class='ocrx_word' id='word_1_269' title='bbox 3203 1104 3285 1156; x_wconf 82' lang='grc' dir='ltr'>ὅτι</span> <span class='ocrx_word' id='word_1_270' title='bbox 3315 1104 3439 1167; x_wconf 75' lang='grc' dir='ltr'>τοὺς</span> <span class='ocrx_word' id='word_1_271' title='bbox 3478 1101 3606 1156; x_wconf 83' lang='grc' dir='ltr'><strong>δώ-</strong></span> 
     </span>
    </p>
   </div>
   <div class='ocr_carea' id='block_1_43' title="bbox 1997 1180 3607 1266">
    <p class='ocr_par' dir='ltr' id='par_1_43' title="bbox 1997 1180 3607 1266">
     <span class='ocr_line' id='line_1_43' title="bbox 1997 1180 3607 1266; baseline -0.004 -17"><span class='ocrx_word' id='word_1_272' title='bbox 1997 1194 2134 1249; x_wconf 87' lang='grc' dir='ltr'>δεκα</span> <span class='ocrx_word' id='word_1_273' title='bbox 2157 1194 2422 1266; x_wconf 86' lang='grc' dir='ltr'>μαθητὰς,</span> <span class='ocrx_word' id='word_1_274' title='bbox 2451 1196 2577 1258; x_wconf 81' lang='grc' dir='ltr'>τοὺς</span> <span class='ocrx_word' id='word_1_275' title='bbox 2600 1195 2876 1266; x_wconf 82' lang='grc' dir='ltr'>ὑπηρέτας</span> <span class='ocrx_word' id='word_1_276' title='bbox 2902 1192 2994 1247; x_wconf 88' lang='grc' dir='ltr'><strong>τοῦ</strong></span> <span class='ocrx_word' id='word_1_277' title='bbox 3024 1180 3416 1264; x_wconf 77' lang='grc' dir='ltr'>βαπτίσματος,</span> <span class='ocrx_word' id='word_1_278' title='bbox 3447 1209 3607 1264; x_wconf 73' lang='grc' dir='ltr'>προ-</span> 
     </span>
    </p>
   </div>
   <div class='ocr_carea' id='block_1_44' title="bbox 1999 1284 3606 1358">
    <p class='ocr_par' dir='ltr' id='par_1_44' title="bbox 1999 1284 3606 1358">
     <span class='ocr_line' id='line_1_44' title="bbox 1999 1284 3606 1358; baseline -0.001 -20"><span class='ocrx_word' id='word_1_279' title='bbox 1999 1284 2345 1358; x_wconf 80' lang='grc' dir='ltr'>ηυτρέπιζεν.</span> <span class='ocrx_word' id='word_1_280' title='bbox 2385 1285 2447 1339; x_wconf 85' lang='grc' dir='ltr'><strong><em>Ἦ</em></strong></span> <span class='ocrx_word' id='word_1_281' title='bbox 2469 1285 2524 1338; x_wconf 81' lang='grc' dir='ltr'>δὲ</span> <span class='ocrx_word' id='word_1_282' title='bbox 2547 1284 2831 1356; x_wconf 85' lang='grc' dir='ltr'>θαυμαστὴ</span> <span class='ocrx_word' id='word_1_283' title='bbox 2850 1284 3125 1357; x_wconf 78' lang='grc' dir='ltr'>ἱερουργία</span> <span class='ocrx_word' id='word_1_284' title='bbox 3151 1285 3244 1337; x_wconf 69' lang='grc' dir='ltr'><strong>καὶ</strong></span> <span class='ocrx_word' id='word_1_285' title='bbox 3269 1286 3440 1338; x_wconf 84' lang='grc' dir='ltr'>πάντα</span> <span class='ocrx_word' id='word_1_286' title='bbox 3454 1284 3606 1338; x_wconf 78' lang='grc' dir='ltr'>νοῦν</span> 
     </span>
    </p>
   </div>
   <div class='ocr_carea' id='block_1_45' title="bbox 2001 1375 3605 1450">
    <p class='ocr_par' dir='ltr' id='par_1_45' title="bbox 2001 1375 3605 1450">
     <span class='ocr_line' id='line_1_45' title="bbox 2001 1375 3605 1450; baseline -0.002 -18"><span class='ocrx_word' id='word_1_287' title='bbox 2001 1375 2305 1449; x_wconf 81' lang='grc' dir='ltr'>ἀνθρώπων</span> <span class='ocrx_word' id='word_1_288' title='bbox 2336 1379 2736 1450; x_wconf 90' lang='grc' dir='ltr'>ὑπερϐαίνουσα</span> <span class='ocrx_word' id='word_1_289' title='bbox 2764 1378 2857 1431; x_wconf 89' lang='grc' dir='ltr'><strong>τοῦ</strong></span> <span class='ocrx_word' id='word_1_290' title='bbox 2893 1377 3147 1430; x_wconf 82' lang='grc' dir='ltr'>Θεσϐἰτου</span> <span class='ocrx_word' id='word_1_291' title='bbox 3179 1375 3272 1430; x_wconf 88' lang='grc' dir='ltr'><strong>τοῦ</strong></span> <span class='ocrx_word' id='word_1_292' title='bbox 3305 1379 3605 1448; x_wconf 81' lang='grc' dir='ltr'>γέροντος,</span> 
     </span>
    </p>
   </div>
   <div class='ocr_carea' id='block_1_46' title="bbox 2002 1467 3609 1542">
    <p class='ocr_par' dir='ltr' id='par_1_46' title="bbox 2002 1467 3609 1542">
     <span class='ocr_line' id='line_1_46' title="bbox 2002 1467 3609 1542; baseline 0.003 -21"><span class='ocrx_word' id='word_1_293' title='bbox 2002 1469 2056 1522; x_wconf 86' lang='grc' dir='ltr'><strong>τί</strong></span> <span class='ocrx_word' id='word_1_294' title='bbox 2085 1485 2215 1522; x_wconf 89' lang='grc' dir='ltr'>ποτε</span> <span class='ocrx_word' id='word_1_295' title='bbox 2238 1469 2385 1533; x_wconf 81' lang='grc' dir='ltr'>ἄλλο,</span> <span class='ocrx_word' id='word_1_296' title='bbox 2415 1470 2448 1541; x_wconf 84' lang='grc' dir='ltr'>ἢ</span> <span class='ocrx_word' id='word_1_297' title='bbox 2474 1471 2788 1541; x_wconf 79' lang='grc' dir='ltr'>πρακτικῶς</span> <span class='ocrx_word' id='word_1_298' title='bbox 2818 1467 3118 1540; x_wconf 84' lang='grc' dir='ltr'>προμηνύει</span> <span class='ocrx_word' id='word_1_299' title='bbox 3141 1471 3239 1541; x_wconf 76' lang='grc' dir='ltr'>τὴν</span> <span class='ocrx_word' id='word_1_300' title='bbox 3268 1474 3346 1534; x_wconf 82' lang='grc' dir='ltr'>εἰς</span> <span class='ocrx_word' id='word_1_301' title='bbox 3363 1471 3609 1542; x_wconf 79' lang='grc' dir='ltr'>Πατέρα.</span> 
     </span>
    </p>
   </div>
   <div class='ocr_carea' id='block_1_47' title="bbox 2004 1560 3604 1633">
    <p class='ocr_par' dir='ltr' id='par_1_47' title="bbox 2004 1560 3604 1633">
     <span class='ocr_line' id='line_1_47' title="bbox 2004 1560 3604 1633; baseline 0.001 -17"><span class='ocrx_word' id='word_1_302' title='bbox 2004 1562 2100 1616; x_wconf 76' lang='grc' dir='ltr'><strong>καὶ</strong></span> <span class='ocrx_word' id='word_1_303' title='bbox 2123 1561 2251 1614; x_wconf 79' lang='grc' dir='ltr'>Υίδν</span> <span class='ocrx_word' id='word_1_304' title='bbox 2277 1563 2371 1616; x_wconf 79' lang='grc' dir='ltr'>καὶ</span> <span class='ocrx_word' id='word_1_305' title='bbox 2396 1562 2548 1630; x_wconf 82' lang='grc' dir='ltr'>ἆγιον</span> <span class='ocrx_word' id='word_1_306' title='bbox 2575 1561 2796 1632; x_wconf 83' lang='grc' dir='ltr'>Πνεῦμα</span> <span class='ocrx_word' id='word_1_307' title='bbox 2820 1560 3025 1627; x_wconf 85' lang='grc' dir='ltr'>πίστιν,</span> <span class='ocrx_word' id='word_1_308' title='bbox 3051 1562 3146 1616; x_wconf 72' lang='grc' dir='ltr'><strong>καὶ</strong></span> <span class='ocrx_word' id='word_1_309' title='bbox 3167 1562 3604 1633; x_wconf 74' lang='grc' dir='ltr'>ἀπολύτρωσινς</span> 
     </span>
    </p>
   </div>
   <div class='ocr_carea' id='block_1_48' title="bbox 2019 1654 3607 1729">
    <p class='ocr_par' dir='ltr' id='par_1_48' title="bbox 2019 1654 3607 1729">
     <span class='ocr_line' id='line_1_48' title="bbox 2019 1654 3607 1729; baseline 0.001 -20"><span class='ocrx_word' id='word_1_310' title='bbox 2019 1654 2237 1727; x_wconf 82' lang='grc' dir='ltr'>Ἐπειδὴ</span> <span class='ocrx_word' id='word_1_311' title='bbox 2266 1654 2374 1726; x_wconf 79' lang='grc' dir='ltr'><strong>γάρ</strong></span> <span class='ocrx_word' id='word_1_312' title='bbox 2395 1655 2538 1718; x_wconf 76' lang='grc' dir='ltr'>ἄπας</span> <span class='ocrx_word' id='word_1_313' title='bbox 2565 1657 2594 1708; x_wconf 88' lang='grc' dir='ltr'><strong>ό</strong></span> <span class='ocrx_word' id='word_1_314' title='bbox 2619 1655 2731 1708; x_wconf 90' lang='grc' dir='ltr'><strong>τῶν</strong></span> <span class='ocrx_word' id='word_1_315' title='bbox 2762 1655 3024 1726; x_wconf 86' lang='grc' dir='ltr'>Ἐϐραίων</span> <span class='ocrx_word' id='word_1_316' title='bbox 3044 1655 3170 1718; x_wconf 81' lang='grc' dir='ltr'>λαὸς</span> <span class='ocrx_word' id='word_1_317' title='bbox 3193 1656 3292 1728; x_wconf 77' lang='grc' dir='ltr'><strong>την</strong></span> <span class='ocrx_word' id='word_1_318' title='bbox 3322 1658 3607 1729; x_wconf 70' lang='grc' dir='ltr'>πατρῴαν</span> 
     </span>
    </p>
   </div>
   <div class='ocr_carea' id='block_1_49' title="bbox 1936 1747 3604 1826">
    <p class='ocr_par' dir='ltr' id='par_1_49' title="bbox 1936 1747 3604 1826">
     <span class='ocr_line' id='line_1_49' title="bbox 1936 1747 3604 1826; baseline 0.001 -26"><span class='ocrx_word' id='word_1_319' title='bbox 1936 1772 1976 1826; x_wconf 73' lang='grc' dir='ltr'>Β</span> <span class='ocrx_word' id='word_1_320' title='bbox 2008 1750 2257 1818; x_wconf 84' lang='grc' dir='ltr'>πατήσας</span> <span class='ocrx_word' id='word_1_321' title='bbox 2281 1747 2578 1808; x_wconf 83' lang='grc' dir='ltr'>εὐσέϐειαν,</span> <span class='ocrx_word' id='word_1_322' title='bbox 2601 1749 2678 1810; x_wconf 87' lang='grc' dir='ltr'><strong>είς</strong></span> <span class='ocrx_word' id='word_1_323' title='bbox 2703 1747 2799 1818; x_wconf 83' lang='grc' dir='ltr'>τὴν</span> <span class='ocrx_word' id='word_1_324' title='bbox 2823 1747 3078 1800; x_wconf 88' lang='grc' dir='ltr'>πολύθεον</span> <span class='ocrx_word' id='word_1_325' title='bbox 3102 1747 3307 1819; x_wconf 78' lang='grc' dir='ltr'>πλάνην</span> <span class='ocrx_word' id='word_1_326' title='bbox 3331 1749 3604 1813; x_wconf 80' lang='grc' dir='ltr'>ἐξέπεσε,</span> 
     </span>
    </p>
   </div>
   <div class='ocr_carea' id='block_1_50' title="bbox 2003 1835 3608 1908">
    <p class='ocr_par' dir='ltr' id='par_1_50' title="bbox 2003 1835 3608 1908">
     <span class='ocr_line' id='line_1_50' title="bbox 2003 1835 3608 1908; baseline -0.001 -17"><span class='ocrx_word' id='word_1_327' title='bbox 2003 1838 2098 1891; x_wconf 73' lang='grc' dir='ltr'><strong>καὶ</strong></span> <span class='ocrx_word' id='word_1_328' title='bbox 2151 1841 2180 1891; x_wconf 88' lang='grc' dir='ltr'><strong>ό</strong></span> <span class='ocrx_word' id='word_1_329' title='bbox 2225 1837 2477 1908; x_wconf 81' lang='grc' dir='ltr'>βασιλεὺς</span> <span class='ocrx_word' id='word_1_330' title='bbox 2541 1837 2744 1907; x_wconf 77' lang='grc' dir='ltr'>Ἀχαάϐ</span> <span class='ocrx_word' id='word_1_331' title='bbox 2801 1835 2950 1907; x_wconf 76' lang='grc' dir='ltr'>παρὰ</span> <span class='ocrx_word' id='word_1_332' title='bbox 2997 1835 3098 1905; x_wconf 83' lang='grc' dir='ltr'>τῆς</span> <span class='ocrx_word' id='word_1_333' title='bbox 3142 1837 3608 1908; x_wconf 74' lang='grc' dir='ltr'>εἰδωλολατρείας</span> 
     </span>
    </p>
   </div>
   <div class='ocr_carea' id='block_1_51' title="bbox 2003 1926 3610 2000">
    <p class='ocr_par' dir='ltr' id='par_1_51' title="bbox 2003 1926 3610 2000">
     <span class='ocr_line' id='line_1_51' title="bbox 2003 1926 3610 2000; baseline -0.002 -17"><span class='ocrx_word' id='word_1_334' title='bbox 2003 1929 2276 1993; x_wconf 78' lang='grc' dir='ltr'>ἐπαίζετο,</span> <span class='ocrx_word' id='word_1_335' title='bbox 2309 1929 2484 2000; x_wconf 83' lang='grc' dir='ltr'>κακὴν</span> <span class='ocrx_word' id='word_1_336' title='bbox 2524 1927 2620 1981; x_wconf 89' lang='grc' dir='ltr'><strong>τοῦ</strong></span> <span class='ocrx_word' id='word_1_337' title='bbox 2666 1927 2781 1996; x_wconf 84' lang='grc' dir='ltr'>βίου</span> <span class='ocrx_word' id='word_1_338' title='bbox 2829 1926 3083 1980; x_wconf 82' lang='grc' dir='ltr'>κοινωνὸν</span> <span class='ocrx_word' id='word_1_339' title='bbox 3131 1927 3222 1982; x_wconf 72' lang='grc' dir='ltr'><strong>καὶ</strong></span> <span class='ocrx_word' id='word_1_340' title='bbox 3265 1927 3610 1998; x_wconf 79' lang='grc' dir='ltr'>παμμίαρον</span> 
     </span>
    </p>
   </div>
   <div class='ocr_carea' id='block_1_52' title="bbox 2001 2016 3608 2091">
    <p class='ocr_par' dir='ltr' id='par_1_52' title="bbox 2001 2016 3608 2091">
     <span class='ocr_line' id='line_1_52' title="bbox 2001 2016 3608 2091; baseline -0.001 -18"><span class='ocrx_word' id='word_1_341' title='bbox 2001 2021 2101 2090; x_wconf 85' lang='grc' dir='ltr'><strong>τῆς</strong></span> <span class='ocrx_word' id='word_1_342' title='bbox 2132 2020 2382 2083; x_wconf 88' lang='grc' dir='ltr'>ἀσεϐείας</span> <span class='ocrx_word' id='word_1_343' title='bbox 2414 2019 2554 2091; x_wconf 79' lang='grc' dir='ltr'>ἔχων</span> <span class='ocrx_word' id='word_1_344' title='bbox 2588 2018 2904 2073; x_wconf 90' lang='grc' dir='ltr'>διδάσκαλον</span> <span class='ocrx_word' id='word_1_345' title='bbox 2939 2017 3036 2087; x_wconf 78' lang='grc' dir='ltr'>τὴν</span> <span class='ocrx_word' id='word_1_346' title='bbox 3065 2017 3376 2088; x_wconf 83' lang='grc' dir='ltr'>δυσώνυμον</span> <span class='ocrx_word' id='word_1_347' title='bbox 3409 2016 3608 2080; x_wconf 77' lang='grc' dir='ltr'><strong>’ἰεζὰ-</strong></span> 
     </span>
    </p>
   </div>
   <div class='ocr_carea' id='block_1_53' title="bbox 2003 2110 3608 2182">
    <p class='ocr_par' dir='ltr' id='par_1_53' title="bbox 2003 2110 3608 2182">
     <span class='ocr_line' id='line_1_53' title="bbox 2003 2110 3608 2182; baseline -0.002 -16"><span class='ocrx_word' id='word_1_348' title='bbox 2003 2113 2098 2166; x_wconf 86' lang='grc' dir='ltr'><strong>ϐελ</strong></span> <span class='ocrx_word' id='word_1_349' title='bbox 2117 2129 2130 2143; x_wconf 68' lang='grc'><strong>⁸</strong></span> <span class='ocrx_word' id='word_1_350' title='bbox 2166 2112 2424 2181; x_wconf 71' lang='grc' dir='ltr'>πλησθεὶς</span> <span class='ocrx_word' id='word_1_351' title='bbox 2445 2114 2473 2165; x_wconf 87' lang='grc' dir='ltr'>ὁ</span> <span class='ocrx_word' id='word_1_352' title='bbox 2500 2111 2792 2182; x_wconf 79' lang='grc' dir='ltr'>Προφήτης</span> <span class='ocrx_word' id='word_1_353' title='bbox 2818 2113 2918 2179; x_wconf 78' lang='grc' dir='ltr'>τῆς</span> <span class='ocrx_word' id='word_1_354' title='bbox 2953 2111 3326 2179; x_wconf 79' lang='grc' dir='ltr'>πνευματικῆς</span> <span class='ocrx_word' id='word_1_355' title='bbox 3345 2110 3608 2181; x_wconf 81' lang='grc' dir='ltr'>χάριτος,</span> 
     </span>
    </p>
   </div>
   <div class='ocr_carea' id='block_1_54' title="bbox 2005 2201 3610 2274">
    <p class='ocr_par' dir='ltr' id='par_1_54' title="bbox 2005 2201 3610 2274">
     <span class='ocr_line' id='line_1_54' title="bbox 2005 2201 3610 2274; baseline -0.003 -16"><span class='ocrx_word' id='word_1_356' title='bbox 2005 2204 2174 2259; x_wconf 86' lang='grc' dir='ltr'>ἐλθὼν</span> <span class='ocrx_word' id='word_1_357' title='bbox 2205 2204 2260 2257; x_wconf 83' lang='grc' dir='ltr'>δὲ</span> <span class='ocrx_word' id='word_1_358' title='bbox 2295 2205 2374 2267; x_wconf 88' lang='grc' dir='ltr'><strong>είς</strong></span> <span class='ocrx_word' id='word_1_359' title='bbox 2402 2202 2690 2274; x_wconf 89' lang='grc' dir='ltr'>συντυχίαν</span> <span class='ocrx_word' id='word_1_360' title='bbox 2722 2201 2800 2273; x_wconf 81' lang='grc' dir='ltr'>τῷ</span> <span class='ocrx_word' id='word_1_361' title='bbox 2841 2201 3065 2271; x_wconf 83' lang='grc' dir='ltr'>Ἀχαὰϐ,</span> <span class='ocrx_word' id='word_1_362' title='bbox 3103 2202 3206 2254; x_wconf 75' lang='grc' dir='ltr'><strong>ὑπὸ</strong></span> <span class='ocrx_word' id='word_1_363' title='bbox 3241 2201 3473 2273; x_wconf 85' lang='grc' dir='ltr'>μάρτυρι</span> <span class='ocrx_word' id='word_1_364' title='bbox 3516 2201 3610 2272; x_wconf 82' lang='grc' dir='ltr'>τῷ</span> 
     </span>
    </p>
   </div>
   <div class='ocr_carea' id='block_1_55' title="bbox 2008 2292 3608 2368">
    <p class='ocr_par' dir='ltr' id='par_1_55' title="bbox 2008 2292 3608 2368">
     <span class='ocr_line' id='line_1_55' title="bbox 2008 2292 3608 2368; baseline -0.004 -16"><span class='ocrx_word' id='word_1_365' title='bbox 2008 2297 2219 2368; x_wconf 85' lang='grc' dir='ltr'>βασιλεῖ</span> <span class='ocrx_word' id='word_1_366' title='bbox 2251 2297 2344 2351; x_wconf 68' lang='grc' dir='ltr'><strong>καὶ</strong></span> <span class='ocrx_word' id='word_1_367' title='bbox 2381 2297 2544 2351; x_wconf 66' lang='grc' dir='ltr'>παντὶ</span> <span class='ocrx_word' id='word_1_368' title='bbox 2576 2295 2653 2366; x_wconf 83' lang='grc' dir='ltr'><strong>τῷ</strong></span> <span class='ocrx_word' id='word_1_369' title='bbox 2697 2294 2834 2364; x_wconf 79' lang='grc' dir='ltr'>λαῷ,</span> <span class='ocrx_word' id='word_1_370' title='bbox 2869 2297 2982 2358; x_wconf 79' lang='grc' dir='ltr'>τοῖς</span> <span class='ocrx_word' id='word_1_371' title='bbox 3024 2295 3123 2363; x_wconf 84' lang='grc' dir='ltr'><strong>τῆς</strong></span> <span class='ocrx_word' id='word_1_372' title='bbox 3159 2293 3307 2346; x_wconf 82' lang='grc' dir='ltr'>Βάαλ</span> <span class='ocrx_word' id='word_1_373' title='bbox 3349 2292 3608 2364; x_wconf 78' lang='grc' dir='ltr'>ἱερεῦσιν</span> 
     </span>
    </p>
   </div>
   <div class='ocr_carea' id='block_1_56' title="bbox 2005 2383 3604 2458">
    <p class='ocr_par' dir='ltr' id='par_1_56' title="bbox 2005 2383 3604 2458">
     <span class='ocr_line' id='line_1_56' title="bbox 2005 2383 3604 2458; baseline -0.003 -16"><span class='ocrx_word' id='word_1_374' title='bbox 2005 2388 2366 2457; x_wconf 84' lang='grc' dir='ltr'>ἀντικατέστη</span> <span class='ocrx_word' id='word_1_375' title='bbox 2400 2387 2536 2458; x_wconf 72' lang='grc' dir='ltr'>πρὸς</span> <span class='ocrx_word' id='word_1_376' title='bbox 2582 2387 2769 2455; x_wconf 89' lang='grc' dir='ltr'>ἀγῶνα</span> <span class='ocrx_word' id='word_1_377' title='bbox 2815 2383 3127 2456; x_wconf 83' lang='grc' dir='ltr'>θαυμαστὸν</span> <span class='ocrx_word' id='word_1_378' title='bbox 3180 2383 3275 2437; x_wconf 80' lang='grc' dir='ltr'>καὶ</span> <span class='ocrx_word' id='word_1_379' title='bbox 3327 2384 3604 2450; x_wconf 75' lang='grc' dir='ltr'>ἐξαίσιον.</span> 
     </span>
    </p>
   </div>
   <div class='ocr_carea' id='block_1_57' title="bbox 2006 2472 3599 2548">
    <p class='ocr_par' dir='ltr' id='par_1_57' title="bbox 2006 2472 3599 2548">
     <span class='ocr_line' id='line_1_57' title="bbox 2006 2472 3599 2548; baseline -0.006 -17"><span class='ocrx_word' id='word_1_380' title='bbox 2006 2479 2116 2531; x_wconf 69' lang='grc' dir='ltr'>Καὶ</span> <span class='ocrx_word' id='word_1_381' title='bbox 2145 2476 2580 2548; x_wconf 85' lang='grc' dir='ltr'>προϐαλλόμενος</span> <span class='ocrx_word' id='word_1_382' title='bbox 2596 2475 2778 2537; x_wconf 79' lang='grc' dir='ltr'>αὑτοῖς</span> <span class='ocrx_word' id='word_1_383' title='bbox 2797 2476 2858 2528; x_wconf 77' lang='grc' dir='ltr'>τὸ</span> <span class='ocrx_word' id='word_1_384' title='bbox 2887 2473 3056 2544; x_wconf 72' lang='grc' dir='ltr'>χωρὶς</span> <span class='ocrx_word' id='word_1_385' title='bbox 3085 2472 3257 2544; x_wconf 79' lang='grc' dir='ltr'>πυρὸς</span> <span class='ocrx_word' id='word_1_386' title='bbox 3297 2474 3599 2544; x_wconf 79' lang='grc' dir='ltr'>ἱερουργῆ-</span> 
     </span>
    </p>
   </div>
   <div class='ocr_carea' id='block_1_58' title="bbox 2009 2563 3607 2640">
    <p class='ocr_par' dir='ltr' id='par_1_58' title="bbox 2009 2563 3607 2640">
     <span class='ocr_line' id='line_1_58' title="bbox 2009 2563 3607 2640; baseline -0.006 -16"><span class='ocrx_word' id='word_1_387' title='bbox 2009 2588 2098 2624; x_wconf 88' lang='grc' dir='ltr'><strong>σαι</strong></span> <span class='ocrx_word' id='word_1_388' title='bbox 2118 2571 2208 2622; x_wconf 85' lang='grc' dir='ltr'><strong>τὸν</strong></span> <span class='ocrx_word' id='word_1_389' title='bbox 2235 2569 2361 2640; x_wconf 81' lang='grc' dir='ltr'>βοῦν</span> <span class='ocrx_word' id='word_1_390' title='bbox 2385 2610 2400 2632; x_wconf 89' lang='grc'><strong>,</strong></span> <span class='ocrx_word' id='word_1_391' title='bbox 2439 2567 2872 2636; x_wconf 81' lang='grc' dir='ltr'>καταγελάστους</span> <span class='ocrx_word' id='word_1_392' title='bbox 2900 2565 3063 2629; x_wconf 79' lang='grc' dir='ltr'>ἔδειξε</span> <span class='ocrx_word' id='word_1_393' title='bbox 3103 2566 3192 2617; x_wconf 74' lang='grc' dir='ltr'><strong>καὶ</strong></span> <span class='ocrx_word' id='word_1_394' title='bbox 3215 2563 3449 2626; x_wconf 81' lang='grc' dir='ltr'>ἀθλίους,</span> <span class='ocrx_word' id='word_1_395' title='bbox 3491 2565 3607 2634; x_wconf 79' lang='grc' dir='ltr'>μά-</span> 
     </span>
    </p>
   </div>
   <div class='ocr_carea' id='block_1_59' title="bbox 2007 2650 3606 2733">
    <p class='ocr_par' dir='ltr' id='par_1_59' title="bbox 2007 2650 3606 2733">
     <span class='ocr_line' id='line_1_59' title="bbox 2007 2650 3606 2733; baseline -0.007 -17"><span class='ocrx_word' id='word_1_396' title='bbox 2007 2680 2107 2733; x_wconf 87' lang='grc' dir='ltr'><strong>την</strong></span> <span class='ocrx_word' id='word_1_397' title='bbox 2145 2661 2468 2732; x_wconf 78' lang='grc' dir='ltr'>εὐχομένους</span> <span class='ocrx_word' id='word_1_398' title='bbox 2515 2659 2609 2712; x_wconf 73' lang='grc' dir='ltr'>καὶ</span> <span class='ocrx_word' id='word_1_399' title='bbox 2639 2657 2938 2727; x_wconf 80' lang='grc' dir='ltr'>κράζοντας</span> <span class='ocrx_word' id='word_1_400' title='bbox 2965 2657 3078 2718; x_wconf 88' lang='grc' dir='ltr'>τοῖς</span> <span class='ocrx_word' id='word_1_401' title='bbox 3121 2655 3218 2708; x_wconf 87' lang='grc' dir='ltr'><strong>οὑκ</strong></span> <span class='ocrx_word' id='word_1_402' title='bbox 3257 2650 3376 2705; x_wconf 73' lang='grc' dir='ltr'>οὖσι</span> <span class='ocrx_word' id='word_1_403' title='bbox 3427 2651 3606 2715; x_wconf 81' lang='grc' dir='ltr'>Θεοῖς.</span> 
     </span>
    </p>
   </div>
   <div class='ocr_carea' id='block_1_60' title="bbox 2009 2744 3604 2822">
    <p class='ocr_par' dir='ltr' id='par_1_60' title="bbox 2009 2744 3604 2822">
     <span class='ocr_line' id='line_1_60' title="bbox 2009 2744 3604 2822; baseline -0.008 -14"><span class='ocrx_word' id='word_1_404' title='bbox 2009 2755 2194 2818; x_wconf 86' lang='grc' dir='ltr'>Τέλος,</span> <span class='ocrx_word' id='word_1_405' title='bbox 2229 2751 2690 2822; x_wconf 87' lang='grc' dir='ltr'>ἐπικαλεσάμενος</span> <span class='ocrx_word' id='word_1_406' title='bbox 2733 2749 2896 2812; x_wconf 81' lang='grc' dir='ltr'>αὑτὸς</span> <span class='ocrx_word' id='word_1_407' title='bbox 2926 2748 3018 2802; x_wconf 81' lang='grc' dir='ltr'>τὸν</span> <span class='ocrx_word' id='word_1_408' title='bbox 3054 2747 3182 2800; x_wconf 78' lang='grc' dir='ltr'>[διον</span> <span class='ocrx_word' id='word_1_409' title='bbox 3206 2746 3298 2799; x_wconf 70' lang='grc' dir='ltr'><strong>καὶ</strong></span> <span class='ocrx_word' id='word_1_410' title='bbox 3337 2744 3604 2815; x_wconf 77' lang='grc' dir='ltr'>ἀληθινὸν</span> 
     </span>
    </p>
   </div>
   <div class='ocr_carea' id='block_1_61' title="bbox 2009 2836 3606 2916">
    <p class='ocr_par' dir='ltr' id='par_1_61' title="bbox 2009 2836 3606 2916">
     <span class='ocr_line' id='line_1_61' title="bbox 2009 2836 3606 2916; baseline -0.008 -17"><span class='ocrx_word' id='word_1_411' title='bbox 2009 2845 2166 2912; x_wconf 86' lang='grc' dir='ltr'>Θεὸν,</span> <span class='ocrx_word' id='word_1_412' title='bbox 2217 2843 2544 2916; x_wconf 85' lang='grc' dir='ltr'>ὑπερϐολαῖς</span> <span class='ocrx_word' id='word_1_413' title='bbox 2583 2841 2790 2895; x_wconf 83' lang='grc' dir='ltr'>πλείοσι</span> <span class='ocrx_word' id='word_1_414' title='bbox 2825 2841 2920 2894; x_wconf 79' lang='grc' dir='ltr'>καὶ</span> <span class='ocrx_word' id='word_1_415' title='bbox 2969 2838 3330 2911; x_wconf 73' lang='grc' dir='ltr'>προσθήκαις,</span> <span class='ocrx_word' id='word_1_416' title='bbox 3378 2836 3606 2904; x_wconf 86' lang='grc' dir='ltr'>θαυμα-</span> 
     </span>
    </p>
   </div>
   <div class='ocr_carea' id='block_1_62' title="bbox 2012 2925 3606 3004">
    <p class='ocr_par' dir='ltr' id='par_1_62' title="bbox 2012 2925 3606 3004">
     <span class='ocr_line' id='line_1_62' title="bbox 2012 2925 3606 3004; baseline -0.008 -14"><span class='ocrx_word' id='word_1_417' title='bbox 2012 2937 2152 3001; x_wconf 86' lang='grc' dir='ltr'>στῶς</span> <span class='ocrx_word' id='word_1_418' title='bbox 2208 2935 2481 3000; x_wconf 78' lang='grc' dir='ltr'>ἐξετέλεσε</span> <span class='ocrx_word' id='word_1_419' title='bbox 2531 2934 2592 2988; x_wconf 83' lang='grc' dir='ltr'><strong>τὸ</strong></span> <span class='ocrx_word' id='word_1_420' title='bbox 2639 2931 2945 3004; x_wconf 77' lang='grc' dir='ltr'>προϐληθὲν</span> <span class='ocrx_word' id='word_1_421' title='bbox 2996 2929 3308 2999; x_wconf 81' lang='grc' dir='ltr'>ἀγώνισμα.</span> <span class='ocrx_word' id='word_1_422' title='bbox 3365 2926 3439 2979; x_wconf 82' lang='grc' dir='ltr'><strong>Οὐ</strong></span> <span class='ocrx_word' id='word_1_423' title='bbox 3485 2925 3606 2996; x_wconf 76' lang='grc' dir='ltr'><strong>γὰρ</strong></span> 
     </span>
    </p>
   </div>
   <div class='ocr_carea' id='block_1_63' title="bbox 2014 3016 3600 3097">
    <p class='ocr_par' dir='ltr' id='par_1_63' title="bbox 2014 3016 3600 3097">
     <span class='ocr_line' id='line_1_63' title="bbox 2014 3016 3600 3097; baseline -0.008 -16"><span class='ocrx_word' id='word_1_424' title='bbox 2014 3026 2200 3090; x_wconf 83' lang='grc' dir='ltr'>ἁπλῶς</span> <span class='ocrx_word' id='word_1_425' title='bbox 2223 3026 2517 3097; x_wconf 80' lang='grc' dir='ltr'>εὐξάμενος</span> <span class='ocrx_word' id='word_1_426' title='bbox 2544 3026 2720 3097; x_wconf 75' lang='grc' dir='ltr'>ἧγαγε</span> <span class='ocrx_word' id='word_1_427' title='bbox 2750 3023 2811 3077; x_wconf 79' lang='grc' dir='ltr'>τὸ</span> <span class='ocrx_word' id='word_1_428' title='bbox 2840 3023 2950 3096; x_wconf 89' lang='grc' dir='ltr'><strong>πῦρ</strong></span> <span class='ocrx_word' id='word_1_429' title='bbox 2981 3023 3040 3089; x_wconf 77' lang='grc' dir='ltr'><strong>ἐξ</strong></span> <span class='ocrx_word' id='word_1_430' title='bbox 3069 3017 3296 3089; x_wconf 90' lang='grc' dir='ltr'>οὑρανοῦ</span> <span class='ocrx_word' id='word_1_431' title='bbox 3321 3016 3461 3071; x_wconf 86' lang='grc' dir='ltr'><strong>κατά</strong></span> <span class='ocrx_word' id='word_1_432' title='bbox 3482 3016 3600 3069; x_wconf 86' lang='grc' dir='ltr'><strong>τῶν</strong></span> 
     </span>
    </p>
   </div>
   <div class='ocr_carea' id='block_1_64' title="bbox 332 3101 1904 3189">
    <p class='ocr_par' dir='ltr' id='par_1_64' title="bbox 332 3107 1904 3178">
     <span class='ocr_line' id='line_1_64' title="bbox 332 3107 1904 3178; baseline -0.004 -9"><span class='ocrx_word' id='word_1_433' title='bbox 332 3114 449 3169; x_wconf 72' lang='lat' dir='ltr'><strong>turi</strong></span> <span class='ocrx_word' id='word_1_434' title='bbox 483 3117 688 3178; x_wconf 88' lang='lat' dir='ltr'><strong>essent,</strong></span> <span class='ocrx_word' id='word_1_435' title='bbox 716 3107 978 3163; x_wconf 89' lang='lat' dir='ltr'><strong>ridiculos</strong></span> <span class='ocrx_word' id='word_1_436' title='bbox 1023 3122 1086 3161; x_wconf 92' lang='lat' dir='ltr'><strong>ac</strong></span> <span class='ocrx_word' id='word_1_437' title='bbox 1133 3107 1362 3162; x_wconf 89' lang='lat' dir='ltr'><strong>miseros</strong></span> <span class='ocrx_word' id='word_1_438' title='bbox 1398 3107 1656 3172; x_wconf 88' lang='lat' dir='ltr'><strong>ostendit,</strong></span> <span class='ocrx_word' id='word_1_439' title='bbox 1705 3107 1904 3164; x_wconf 80' lang='lat' dir='ltr'><strong>frustra</strong></span> 
     </span>
    </p>
   </div>
   <div class='ocr_carea' id='block_1_65' title="bbox 2006 3101 3600 3189">
    <p class='ocr_par' dir='ltr' id='par_1_65' title="bbox 2023 3108 3600 3189">
     <span class='ocr_line' id='line_1_65' title="bbox 2023 3108 3600 3189; baseline -0.009 -17"><span class='ocrx_word' id='word_1_440' title='bbox 2023 3118 2194 3183; x_wconf 82' lang='grc' dir='ltr'>ξύλων</span> <span class='ocrx_word' id='word_1_441' title='bbox 2217 3117 2397 3189; x_wconf 81' lang='grc' dir='ltr'>ξηρῶν</span> <span class='ocrx_word' id='word_1_442' title='bbox 2427 3116 2800 3188; x_wconf 65' lang='grc' dir='ltr'>ὑπαρχόντων,</span> <span class='ocrx_word' id='word_1_443' title='bbox 2825 3113 2960 3168; x_wconf 82' lang='grc' dir='ltr'>ἀλλὰ</span> <span class='ocrx_word' id='word_1_444' title='bbox 2982 3115 3092 3176; x_wconf 88' lang='grc' dir='ltr'>τοῖς</span> <span class='ocrx_word' id='word_1_445' title='bbox 3115 3111 3414 3182; x_wconf 81' lang='grc' dir='ltr'>ὑπηρέταις</span> <span class='ocrx_word' id='word_1_446' title='bbox 3440 3108 3600 3176; x_wconf 81' lang='grc' dir='ltr'>ἐγκε-</span> 
     </span>
    </p>
   </div>
   <div class='ocr_carea' id='block_1_66' title="bbox 337 3197 1914 3276">
    <p class='ocr_par' dir='ltr' id='par_1_66' title="bbox 337 3197 1914 3276">
     <span class='ocr_line' id='line_1_66' title="bbox 337 3197 1914 3276; baseline -0.003 -16"><span class='ocrx_word' id='word_1_447' title='bbox 337 3205 626 3276; x_wconf 80' lang='lat' dir='ltr'><strong>precantes</strong></span> <span class='ocrx_word' id='word_1_448' title='bbox 655 3208 708 3256; x_wconf 91' lang='lat' dir='ltr'><strong>et</strong></span> <span class='ocrx_word' id='word_1_449' title='bbox 739 3200 1059 3254; x_wconf 82' lang='lat' dir='ltr'><strong>invocantes</strong></span> <span class='ocrx_word' id='word_1_450' title='bbox 1087 3197 1239 3264; x_wconf 88' lang='lat' dir='ltr'><strong>deos,</strong></span> <span class='ocrx_word' id='word_1_451' title='bbox 1291 3198 1384 3268; x_wconf 91' lang='lat' dir='ltr'><strong>qui</strong></span> <span class='ocrx_word' id='word_1_452' title='bbox 1423 3199 1556 3253; x_wconf 87' lang='lat' dir='ltr'><strong>nulli</strong></span> <span class='ocrx_word' id='word_1_453' title='bbox 1582 3207 1730 3256; x_wconf 86' lang='lat' dir='ltr'><strong>sunt.</strong></span> <span class='ocrx_word' id='word_1_454' title='bbox 1767 3199 1914 3256; x_wconf 88' lang='lat' dir='ltr'><strong>Tan-</strong></span> 
     </span>
    </p>
   </div>
   <div class='ocr_carea' id='block_1_67' title="bbox 337 3287 1912 3368">
    <p class='ocr_par' dir='ltr' id='par_1_67' title="bbox 337 3287 1912 3368">
     <span class='ocr_line' id='line_1_67' title="bbox 337 3287 1912 3368; baseline -0.003 -18"><span class='ocrx_word' id='word_1_455' title='bbox 337 3297 462 3352; x_wconf 88' lang='lat' dir='ltr'><strong>dem</strong></span> <span class='ocrx_word' id='word_1_456' title='bbox 486 3294 603 3368; x_wconf 91' lang='lat' dir='ltr'><strong>ipse</strong></span> <span class='ocrx_word' id='word_1_457' title='bbox 634 3306 736 3349; x_wconf 84' lang='lat' dir='ltr'><strong>suo</strong></span> <span class='ocrx_word' id='word_1_458' title='bbox 767 3305 832 3346; x_wconf 88' lang='lat' dir='ltr'><strong>ac</strong></span> <span class='ocrx_word' id='word_1_459' title='bbox 859 3303 988 3345; x_wconf 83' lang='lat' dir='ltr'><strong>vero</strong></span> <span class='ocrx_word' id='word_1_460' title='bbox 1006 3287 1116 3344; x_wconf 88' lang='lat' dir='ltr'><strong>Deo</strong></span> <span class='ocrx_word' id='word_1_461' title='bbox 1144 3288 1418 3357; x_wconf 85' lang='lat' dir='ltr'><strong>invocato,</strong></span> <span class='ocrx_word' id='word_1_462' title='bbox 1448 3289 1766 3347; x_wconf 78' lang='lat' dir='ltr'><strong>excessibus</strong></span> <span class='ocrx_word' id='word_1_463' title='bbox 1789 3298 1912 3362; x_wconf 88' lang='lat' dir='ltr'><strong>ptu-</strong></span> 
     </span>
    </p>
   </div>
   <div class='ocr_carea' id='block_1_68' title="bbox 337 3379 1913 3456">
    <p class='ocr_par' dir='ltr' id='par_1_68' title="bbox 337 3379 1913 3456">
     <span class='ocr_line' id='line_1_68' title="bbox 337 3379 1913 3456; baseline -0.003 -11"><span class='ocrx_word' id='word_1_464' title='bbox 337 3391 494 3445; x_wconf 87' lang='lat' dir='ltr'><strong>ribus</strong></span> <span class='ocrx_word' id='word_1_465' title='bbox 525 3395 579 3443; x_wconf 92' lang='lat' dir='ltr'><strong>et</strong></span> <span class='ocrx_word' id='word_1_466' title='bbox 625 3379 1028 3456; x_wconf 75' lang='lat' dir='ltr'><strong>adiectionibus</strong></span> <span class='ocrx_word' id='word_1_467' title='bbox 1060 3381 1386 3438; x_wconf 84' lang='lat' dir='ltr'><strong>mirabiliter</strong></span> <span class='ocrx_word' id='word_1_468' title='bbox 1414 3385 1760 3454; x_wconf 87' lang='lat' dir='ltr'><strong>propositum</strong></span> <span class='ocrx_word' id='word_1_469' title='bbox 1791 3401 1913 3440; x_wconf 88' lang='lat' dir='ltr'><strong>cer-</strong></span> 
     </span>
    </p>
   </div>
   <div class='ocr_carea' id='block_1_69' title="bbox 339 3474 1910 3550">
    <p class='ocr_par' dir='ltr' id='par_1_69' title="bbox 339 3474 1910 3550">
     <span class='ocr_line' id='line_1_69' title="bbox 339 3474 1910 3550; baseline -0.002 -14"><span class='ocrx_word' id='word_1_470' title='bbox 339 3492 520 3537; x_wconf 87' lang='lat' dir='ltr'><strong>tamen</strong></span> <span class='ocrx_word' id='word_1_471' title='bbox 561 3479 768 3550; x_wconf 86' lang='lat' dir='ltr'><strong>peregit</strong></span> <span class='ocrx_word' id='word_1_472' title='bbox 793 3474 862 3532; x_wconf 75' lang='lat'><strong>&quot;.</strong></span> <span class='ocrx_word' id='word_1_473' title='bbox 909 3474 1031 3530; x_wconf 83' lang='lat' dir='ltr'><strong>Non</strong></span> <span class='ocrx_word' id='word_1_474' title='bbox 1069 3476 1214 3531; x_wconf 89' lang='lat' dir='ltr'><strong>enim</strong></span> <span class='ocrx_word' id='word_1_475' title='bbox 1246 3475 1569 3544; x_wconf 76' lang='lat' dir='ltr'><strong>simpliciter</strong></span> <span class='ocrx_word' id='word_1_476' title='bbox 1618 3487 1910 3547; x_wconf 88' lang='lat' dir='ltr'><strong>precatus,</strong></span> 
     </span>
    </p>
   </div>
   <div class='ocr_carea' id='block_1_70' title="bbox 333 3569 1915 3646">
    <p class='ocr_par' dir='ltr' id='par_1_70' title="bbox 333 3569 1915 3646">
     <span class='ocr_line' id='line_1_70' title="bbox 333 3569 1915 3646; baseline -0.001 -17"><span class='ocrx_word' id='word_1_477' title='bbox 333 3573 504 3646; x_wconf 86' lang='lat' dir='ltr'><strong>lignis</strong></span> <span class='ocrx_word' id='word_1_478' title='bbox 527 3612 542 3638; x_wconf 90' lang='lat'><strong>,</strong></span> <span class='ocrx_word' id='word_1_479' title='bbox 577 3587 700 3644; x_wconf 69' lang='lat' dir='ltr'><strong>qua:</strong></span> <span class='ocrx_word' id='word_1_480' title='bbox 748 3569 899 3626; x_wconf 90' lang='lat' dir='ltr'><strong>arida</strong></span> <span class='ocrx_word' id='word_1_481' title='bbox 955 3578 1162 3634; x_wconf 83' lang='lat' dir='ltr'><strong>essent,</strong></span> <span class='ocrx_word' id='word_1_482' title='bbox 1196 3569 1373 3639; x_wconf 81' lang='lat' dir='ltr'><strong>ignem</strong></span> <span class='ocrx_word' id='word_1_483' title='bbox 1404 3584 1432 3623; x_wconf 91' lang='lat' dir='ltr'><strong>c</strong></span> <span class='ocrx_word' id='word_1_484' title='bbox 1466 3570 1607 3623; x_wconf 68' lang='lat'><strong>00310</strong></span> <span class='ocrx_word' id='word_1_485' title='bbox 1664 3574 1915 3642; x_wconf 78' lang='lat' dir='ltr'><strong>superin-</strong></span> 
     </span>
    </p>
   </div>
   <div class='ocr_carea' id='block_1_71' title="bbox 340 3657 1915 3729">
    <p class='ocr_par' dir='ltr' id='par_1_71' title="bbox 340 3657 1915 3729">
     <span class='ocr_line' id='line_1_71' title="bbox 340 3657 1915 3729; baseline 0.001 -11"><span class='ocrx_word' id='word_1_486' title='bbox 340 3663 519 3727; x_wconf 78' lang='lat' dir='ltr'><strong>duxit,</strong></span> <span class='ocrx_word' id='word_1_487' title='bbox 551 3660 646 3717; x_wconf 90' lang='lat' dir='ltr'><strong>sed</strong></span> <span class='ocrx_word' id='word_1_488' title='bbox 674 3675 800 3716; x_wconf 92' lang='lat' dir='ltr'><strong>cum</strong></span> <span class='ocrx_word' id='word_1_489' title='bbox 833 3658 1112 3713; x_wconf 87' lang='lat' dir='ltr'><strong>ministros</strong></span> <span class='ocrx_word' id='word_1_490' title='bbox 1143 3657 1393 3712; x_wconf 83' lang='lat' dir='ltr'><strong>hortatus</strong></span> <span class='ocrx_word' id='word_1_491' title='bbox 1425 3666 1572 3713; x_wconf 88' lang='lat' dir='ltr'><strong>esset</strong></span> <span class='ocrx_word' id='word_1_492' title='bbox 1624 3675 1686 3714; x_wconf 92' lang='lat' dir='ltr'><strong>ac</strong></span> <span class='ocrx_word' id='word_1_493' title='bbox 1711 3661 1915 3729; x_wconf 85' lang='lat' dir='ltr'><strong>jussis-</strong></span> 
     </span>
    </p>
   </div>
   <div class='ocr_carea' id='block_1_72' title="bbox 2018 3200 3600 3282">
    <p class='ocr_par' dir='ltr' id='par_1_72' title="bbox 2018 3200 3600 3282">
     <span class='ocr_line' id='line_1_72' title="bbox 2018 3200 3600 3282; baseline -0.009 -16"><span class='ocrx_word' id='word_1_494' title='bbox 2018 3211 2346 3282; x_wconf 85' lang='grc' dir='ltr'>λευσάμενος</span> <span class='ocrx_word' id='word_1_495' title='bbox 2366 3210 2460 3264; x_wconf 79' lang='grc' dir='ltr'>καὶ</span> <span class='ocrx_word' id='word_1_496' title='bbox 2484 3209 2792 3282; x_wconf 86' lang='grc' dir='ltr'>προστάξας</span> <span class='ocrx_word' id='word_1_497' title='bbox 2812 3207 2953 3279; x_wconf 80' lang='grc' dir='ltr'>ὕδωρ</span> <span class='ocrx_word' id='word_1_498' title='bbox 2974 3204 3194 3276; x_wconf 89' lang='grc' dir='ltr'>κομίσαι</span> <span class='ocrx_word' id='word_1_499' title='bbox 3219 3201 3376 3256; x_wconf 89' lang='grc' dir='ltr'>πολύ.</span> <span class='ocrx_word' id='word_1_500' title='bbox 3401 3200 3600 3272; x_wconf 83' lang='grc' dir='ltr'>Τρίτον</span> 
     </span>
    </p>
   </div>
   <div class='ocr_carea' id='block_1_73' title="bbox 2018 3291 3598 3372">
    <p class='ocr_par' dir='ltr' id='par_1_73' title="bbox 2018 3291 3598 3372">
     <span class='ocr_line' id='line_1_73' title="bbox 2018 3291 3598 3372; baseline 0.002 -16"><span class='ocrx_word' id='word_1_501' title='bbox 2018 3303 2076 3356; x_wconf 85' lang='grc' dir='ltr'>δὲ</span> <span class='ocrx_word' id='word_1_502' title='bbox 2101 3302 2209 3357; x_wconf 88' lang='grc' dir='ltr'><strong>τῶν</strong></span> <span class='ocrx_word' id='word_1_503' title='bbox 2240 3302 2507 3372; x_wconf 86' lang='grc' dir='ltr'>σχιδάκων</span> <span class='ocrx_word' id='word_1_504' title='bbox 2554 3301 2830 3372; x_wconf 88' lang='grc' dir='ltr'>καταχέας</span> <span class='ocrx_word' id='word_1_505' title='bbox 2868 3300 2995 3363; x_wconf 81' lang='grc' dir='ltr'>τοὺς</span> <span class='ocrx_word' id='word_1_506' title='bbox 3034 3297 3432 3369; x_wconf 72' lang='grc' dir='ltr'>ἀμφορίσκουςν</span> <span class='ocrx_word' id='word_1_507' title='bbox 3459 3291 3598 3363; x_wconf 59' lang='grc' dir='ltr'><strong>εἶδιῇ</strong></span> 
     </span>
    </p>
   </div>
   <div class='ocr_carea' id='block_1_74' title="bbox 2017 3383 3597 3467">
    <p class='ocr_par' dir='ltr' id='par_1_74' title="bbox 2017 3383 3597 3467">
     <span class='ocr_line' id='line_1_74' title="bbox 2017 3383 3597 3467; baseline -0.008 -19"><span class='ocrx_word' id='word_1_508' title='bbox 2017 3397 2080 3448; x_wconf 76' lang='grc' dir='ltr'><strong>τὸ</strong></span> <span class='ocrx_word' id='word_1_509' title='bbox 2119 3393 2231 3467; x_wconf 86' lang='grc' dir='ltr'><strong>πῦρ</strong></span> <span class='ocrx_word' id='word_1_510' title='bbox 2259 3393 2462 3464; x_wconf 77' lang='grc' dir='ltr'>ἀνῆψεν</span> <span class='ocrx_word' id='word_1_511' title='bbox 2496 3393 2556 3461; x_wconf 83' lang='grc' dir='ltr'><strong>ἐξ</strong></span> <span class='ocrx_word' id='word_1_512' title='bbox 2603 3393 2820 3456; x_wconf 80' lang='grc' dir='ltr'>ὕδατος·</span> <span class='ocrx_word' id='word_1_513' title='bbox 2864 3391 2952 3445; x_wconf 78' lang='grc' dir='ltr'>ἵνα</span> <span class='ocrx_word' id='word_1_514' title='bbox 2987 3391 3052 3442; x_wconf 89' lang='grc' dir='ltr'><strong>ἐκ</strong></span> <span class='ocrx_word' id='word_1_515' title='bbox 3083 3389 3180 3459; x_wconf 85' lang='grc' dir='ltr'>τῆς</span> <span class='ocrx_word' id='word_1_516' title='bbox 3217 3385 3452 3458; x_wconf 81' lang='grc' dir='ltr'>φυσικῆς</span> <span class='ocrx_word' id='word_1_517' title='bbox 3488 3383 3597 3436; x_wconf 89' lang='grc' dir='ltr'><strong>τῶν</strong></span> 
     </span>
    </p>
   </div>
   <div class='ocr_carea' id='block_1_75' title="bbox 2021 3473 3600 3557">
    <p class='ocr_par' dir='ltr' id='par_1_75' title="bbox 2021 3473 3600 3557">
     <span class='ocr_line' id='line_1_75' title="bbox 2021 3473 3600 3557; baseline -0.009 -17"><span class='ocrx_word' id='word_1_518' title='bbox 2021 3487 2297 3557; x_wconf 87' lang='grc' dir='ltr'>στοιχείων</span> <span class='ocrx_word' id='word_1_519' title='bbox 2343 3485 2732 3554; x_wconf 72' lang='grc' dir='ltr'>ἐναντιότητος,</span> <span class='ocrx_word' id='word_1_520' title='bbox 2777 3485 2842 3536; x_wconf 86' lang='grc' dir='ltr'><strong>ἐκ</strong></span> <span class='ocrx_word' id='word_1_521' title='bbox 2877 3481 2972 3534; x_wconf 88' lang='grc' dir='ltr'><strong>τοῦ</strong></span> <span class='ocrx_word' id='word_1_522' title='bbox 3027 3476 3331 3551; x_wconf 81' lang='grc' dir='ltr'>παραδόξου</span> <span class='ocrx_word' id='word_1_523' title='bbox 3371 3473 3600 3543; x_wconf 85' lang='grc' dir='ltr'>συνδρα-</span> 
     </span>
    </p>
   </div>
   <div class='ocr_carea' id='block_1_76' title="bbox 2025 3565 3605 3648">
    <p class='ocr_par' dir='ltr' id='par_1_76' title="bbox 2025 3565 3605 3648">
     <span class='ocr_line' id='line_1_76' title="bbox 2025 3565 3605 3648; baseline -0.009 -18"><span class='ocrx_word' id='word_1_524' title='bbox 2025 3578 2232 3648; x_wconf 84' lang='grc' dir='ltr'>μόντων</span> <span class='ocrx_word' id='word_1_525' title='bbox 2253 3578 2332 3639; x_wconf 90' lang='grc' dir='ltr'><strong>είς</strong></span> <span class='ocrx_word' id='word_1_526' title='bbox 2362 3576 2545 3644; x_wconf 73' lang='grc' dir='ltr'>φιλίαν</span> <span class='ocrx_word' id='word_1_527' title='bbox 2573 3575 2665 3628; x_wconf 69' lang='grc' dir='ltr'><strong>καὶ</strong></span> <span class='ocrx_word' id='word_1_528' title='bbox 2693 3573 3001 3644; x_wconf 83' lang='grc' dir='ltr'>συνεργίαν,</span> <span class='ocrx_word' id='word_1_529' title='bbox 3031 3569 3168 3641; x_wconf 73' lang='grc' dir='ltr'>μετὰ</span> <span class='ocrx_word' id='word_1_530' title='bbox 3203 3566 3400 3636; x_wconf 85' lang='grc' dir='ltr'>πολλῆς</span> <span class='ocrx_word' id='word_1_531' title='bbox 3431 3565 3605 3634; x_wconf 88' lang='grc' dir='ltr'>ὑπερ-</span> 
     </span>
    </p>
   </div>
   <div class='ocr_carea' id='block_1_77' title="bbox 2020 3660 3378 3738">
    <p class='ocr_par' dir='ltr' id='par_1_77' title="bbox 2020 3660 3378 3738">
     <span class='ocr_line' id='line_1_77' title="bbox 2020 3660 3378 3738; baseline -0.009 -17"><span class='ocrx_word' id='word_1_532' title='bbox 2020 3668 2184 3738; x_wconf 80' lang='grc' dir='ltr'>ϐολῆς</span> <span class='ocrx_word' id='word_1_533' title='bbox 2213 3667 2306 3721; x_wconf 84' lang='grc' dir='ltr'><strong>τοῦ</strong></span> <span class='ocrx_word' id='word_1_534' title='bbox 2345 3667 2473 3720; x_wconf 75' lang='grc' dir='ltr'>ἰδίου</span> <span class='ocrx_word' id='word_1_535' title='bbox 2513 3665 2646 3720; x_wconf 90' lang='grc' dir='ltr'>Θεοῦ</span> <span class='ocrx_word' id='word_1_536' title='bbox 2678 3665 2776 3736; x_wconf 84' lang='grc' dir='ltr'>τὴν</span> <span class='ocrx_word' id='word_1_537' title='bbox 2805 3664 3030 3734; x_wconf 89' lang='grc' dir='ltr'>δύναμιν</span> <span class='ocrx_word' id='word_1_538' title='bbox 3065 3660 3378 3730; x_wconf 77' lang='grc' dir='ltr'>ἐνδείξηται.</span> 
     </span>
    </p>
   </div>
   <div class='ocr_carea' id='block_1_78' title="bbox 338 3747 3600 3830">
    <p class='ocr_par' dir='ltr' id='par_1_78' title="bbox 338 3747 3600 3830">
     <span class='ocr_line' id='line_1_78' title="bbox 338 3747 3600 3830; baseline -0.002 -20"><span class='ocrx_word' id='word_1_539' title='bbox 338 3763 446 3820; x_wconf 85' lang='lat' dir='ltr'><strong>set,</strong></span> <span class='ocrx_word' id='word_1_540' title='bbox 472 3761 532 3808; x_wconf 92' lang='lat' dir='ltr'><strong>ut</strong></span> <span class='ocrx_word' id='word_1_541' title='bbox 561 3752 786 3807; x_wconf 91' lang='lat' dir='ltr'><strong>multam</strong></span> <span class='ocrx_word' id='word_1_542' title='bbox 813 3765 1012 3821; x_wconf 89' lang='lat' dir='ltr'><strong>aquam</strong></span> <span class='ocrx_word' id='word_1_543' title='bbox 1035 3747 1314 3813; x_wconf 85' lang='lat' dir='ltr'><strong>all&#39;errent,</strong></span> <span class='ocrx_word' id='word_1_544' title='bbox 1338 3763 1400 3802; x_wconf 89' lang='lat' dir='ltr'><strong>ac</strong></span> <span class='ocrx_word' id='word_1_545' title='bbox 1430 3758 1510 3803; x_wconf 92' lang='lat' dir='ltr'><strong>ter</strong></span> <span class='ocrx_word' id='word_1_546' title='bbox 1534 3750 1588 3804; x_wconf 87' lang='lat' dir='ltr'><strong>in</strong></span> <span class='ocrx_word' id='word_1_547' title='bbox 1615 3752 1760 3823; x_wconf 84' lang='lat' dir='ltr'><strong>ligna</strong></span> <span class='ocrx_word' id='word_1_548' title='bbox 1793 3755 1919 3811; x_wconf 91' lang='lat' dir='ltr'><strong>iissa</strong></span> <span class='ocrx_word' id='word_1_549' title='bbox 1960 3760 2343 3830; x_wconf 86' lang='lat' dir='ltr'><strong>amphoriscos</strong></span> <span class='ocrx_word' id='word_1_550' title='bbox 2375 3759 2679 3822; x_wconf 77' lang='lat' dir='ltr'><strong>ell&#39;udisset,</strong></span> <span class='ocrx_word' id='word_1_551' title='bbox 2703 3758 2951 3812; x_wconf 89' lang='lat' dir='ltr'><strong>oratione</strong></span> <span class='ocrx_word' id='word_1_552' title='bbox 3014 3757 3189 3826; x_wconf 81' lang='lat' dir='ltr'><strong>ignem</strong></span> <span class='ocrx_word' id='word_1_553' title='bbox 3219 3747 3456 3805; x_wconf 87' lang='lat' dir='ltr'><strong>accendit</strong></span> <span class='ocrx_word' id='word_1_554' title='bbox 3525 3760 3600 3802; x_wconf 79' lang='lat' dir='ltr'><strong>ex</strong></span> 
     </span>
    </p>
   </div>
   <div class='ocr_carea' id='block_1_79' title="bbox 340 3842 3605 3925">
    <p class='ocr_par' dir='ltr' id='par_1_79' title="bbox 340 3842 3605 3925">
     <span class='ocr_line' id='line_1_79' title="bbox 340 3842 3605 3925; baseline -0.002 -26"><span class='ocrx_word' id='word_1_555' title='bbox 340 3861 507 3916; x_wconf 88' lang='lat' dir='ltr'><strong>aqua,</strong></span> <span class='ocrx_word' id='word_1_556' title='bbox 597 3853 656 3898; x_wconf 95' lang='lat' dir='ltr'><strong>ut</strong></span> <span class='ocrx_word' id='word_1_557' title='bbox 715 3857 784 3899; x_wconf 76' lang='lat' dir='ltr'><strong>ex</strong></span> <span class='ocrx_word' id='word_1_558' title='bbox 839 3843 1198 3913; x_wconf 87' lang='lat' dir='ltr'><strong>repugnantia</strong></span> <span class='ocrx_word' id='word_1_559' title='bbox 1262 3843 1500 3897; x_wconf 89' lang='lat' dir='ltr'><strong>naturali</strong></span> <span class='ocrx_word' id='word_1_560' title='bbox 1551 3845 1967 3915; x_wconf 85' lang='lat' dir='ltr'><strong>elementorum,</strong></span> <span class='ocrx_word' id='word_1_561' title='bbox 2010 3871 2131 3924; x_wconf 71' lang='lat' dir='ltr'><strong>quae</strong></span> <span class='ocrx_word' id='word_1_562' title='bbox 2153 3863 2350 3925; x_wconf 66' lang='lat' dir='ltr'><strong>praeter</strong></span> <span class='ocrx_word' id='word_1_563' title='bbox 2377 3869 2530 3924; x_wconf 82' lang='lat' dir='ltr'><strong>spem</strong></span> <span class='ocrx_word' id='word_1_564' title='bbox 2581 3861 2634 3908; x_wconf 89' lang='lat' dir='ltr'><strong>et</strong></span> <span class='ocrx_word' id='word_1_565' title='bbox 2690 3851 3004 3921; x_wconf 88' lang='lat' dir='ltr'><strong>opinionem</strong></span> <span class='ocrx_word' id='word_1_566' title='bbox 3069 3848 3134 3902; x_wconf 88' lang='lat' dir='ltr'><strong>ad</strong></span> <span class='ocrx_word' id='word_1_567' title='bbox 3165 3842 3512 3900; x_wconf 80' lang='lat' dir='ltr'><strong>concordiam</strong></span> <span class='ocrx_word' id='word_1_568' title='bbox 3541 3844 3605 3896; x_wconf 79' lang='lat' dir='ltr'><strong>et</strong></span> 
     </span>
    </p>
   </div>
   <div class='ocr_carea' id='block_1_80' title="bbox 341 3935 1904 4022">
    <p class='ocr_par' dir='ltr' id='par_1_80' title="bbox 341 3935 1904 4016">
     <span class='ocr_line' id='line_1_80' title="bbox 341 3935 1904 4016; baseline 0.003 -20"><span class='ocrx_word' id='word_1_569' title='bbox 341 3950 591 3996; x_wconf 90' lang='lat' dir='ltr'><strong>mutuum</strong></span> <span class='ocrx_word' id='word_1_570' title='bbox 648 3935 1023 4009; x_wconf 71' lang='lat' dir='ltr'><strong>adiumentum</strong></span> <span class='ocrx_word' id='word_1_571' title='bbox 1081 3946 1501 4005; x_wconf 87' lang='lat' dir='ltr'><strong>concurrerant,</strong></span> <span class='ocrx_word' id='word_1_572' title='bbox 1553 3953 1681 3995; x_wconf 80' lang='lat' dir='ltr'><strong>cum</strong></span> <span class='ocrx_word' id='word_1_573' title='bbox 1728 3958 1904 4016; x_wconf 65' lang='lat' dir='ltr'><strong>magna</strong></span> 
     </span>
    </p>
   </div>
   <div class='ocr_carea' id='block_1_81' title="bbox 2006 3935 3609 4022">
    <p class='ocr_par' dir='ltr' id='par_1_81' title="bbox 2006 3937 3609 4022">
     <span class='ocr_line' id='line_1_81' title="bbox 2006 3937 3609 4022; baseline -0.011 -18"><span class='ocrx_word' id='word_1_574' title='bbox 2006 3953 2354 4022; x_wconf 77' lang='lat' dir='ltr'><strong>xsuperantia</strong></span> <span class='ocrx_word' id='word_1_575' title='bbox 2392 3957 2558 4020; x_wconf 88' lang='lat' dir='ltr'><strong>atque</strong></span> <span class='ocrx_word' id='word_1_576' title='bbox 2587 3961 2819 4004; x_wconf 80' lang='lat' dir='ltr'><strong>excessu</strong></span> <span class='ocrx_word' id='word_1_577' title='bbox 2861 3951 3092 4008; x_wconf 59' lang='lat' dir='ltr'><strong>natura),</strong></span> <span class='ocrx_word' id='word_1_578' title='bbox 3123 3942 3208 3997; x_wconf 91' lang='lat' dir='ltr'><strong>sui</strong></span> <span class='ocrx_word' id='word_1_579' title='bbox 3278 3937 3373 3994; x_wconf 88' lang='lat' dir='ltr'><strong>Dei</strong></span> <span class='ocrx_word' id='word_1_580' title='bbox 3414 3944 3609 4006; x_wconf 85' lang='lat' dir='ltr'><strong>poten-</strong></span> 
     </span>
    </p>
   </div>
   <div class='ocr_carea' id='block_1_82' title="bbox 342 4032 933 4089">
    <p class='ocr_par' dir='ltr' id='par_1_82' title="bbox 342 4032 933 4089">
     <span class='ocr_line' id='line_1_82' title="bbox 342 4032 933 4089; baseline -0.007 -1"><span class='ocrx_word' id='word_1_581' title='bbox 342 4035 472 4089; x_wconf 90' lang='lat' dir='ltr'><strong>tiam</strong></span> <span class='ocrx_word' id='word_1_582' title='bbox 508 4032 933 4088; x_wconf 86' lang='lat' dir='ltr'><strong>demonstraret.</strong></span> 
     </span>
    </p>
   </div>
   <div class='ocr_carea' id='block_1_83' title="bbox 407 4117 1904 4202">
    <p class='ocr_par' dir='ltr' id='par_1_83' title="bbox 407 4119 1904 4199">
     <span class='ocr_line' id='line_1_83' title="bbox 407 4119 1904 4199; baseline 0.005 -21"><span class='ocrx_word' id='word_1_583' title='bbox 407 4120 527 4180; x_wconf 44' lang='lat' dir='ltr'><strong>‘lloc</strong></span> <span class='ocrx_word' id='word_1_584' title='bbox 559 4123 719 4178; x_wconf 82' lang='lat' dir='ltr'><strong>modo</strong></span> <span class='ocrx_word' id='word_1_585' title='bbox 749 4121 897 4178; x_wconf 86' lang='lat' dir='ltr'><strong>Eiias</strong></span> <span class='ocrx_word' id='word_1_586' title='bbox 933 4119 1149 4192; x_wconf 91' lang='lat' dir='ltr'><strong>quidem</strong></span> <span class='ocrx_word' id='word_1_587' title='bbox 1174 4129 1360 4193; x_wconf 89' lang='lat' dir='ltr'><strong>aperte</strong></span> <span class='ocrx_word' id='word_1_588' title='bbox 1389 4137 1532 4188; x_wconf 90' lang='lat' dir='ltr'><strong>eam,</strong></span> <span class='ocrx_word' id='word_1_589' title='bbox 1566 4141 1688 4196; x_wconf 87' lang='lat' dir='ltr'><strong>quae</strong></span> <span class='ocrx_word' id='word_1_590' title='bbox 1732 4128 1786 4183; x_wconf 92' lang='lat' dir='ltr'><strong>in</strong></span> <span class='ocrx_word' id='word_1_591' title='bbox 1816 4145 1904 4199; x_wconf 91' lang='lat' dir='ltr'><strong>po-</strong></span> 
     </span>
    </p>
   </div>
   <div class='ocr_carea' id='block_1_84' title="bbox 2006 4117 3606 4202">
    <p class='ocr_par' dir='ltr' id='par_1_84' title="bbox 2086 4117 3606 4202">
     <span class='ocr_line' id='line_1_84' title="bbox 2086 4117 3606 4202; baseline -0.009 -18"><span class='ocrx_word' id='word_1_592' title='bbox 2086 4132 2273 4186; x_wconf 85' lang='grc' dir='ltr'>Ταῦτα</span> <span class='ocrx_word' id='word_1_593' title='bbox 2306 4131 2404 4202; x_wconf 82' lang='grc' dir='ltr'>μὲν</span> <span class='ocrx_word' id='word_1_594' title='bbox 2447 4130 2476 4182; x_wconf 87' lang='grc' dir='ltr'>ὁ</span> <span class='ocrx_word' id='word_1_595' title='bbox 2522 4126 2707 4190; x_wconf 84' lang='grc' dir='ltr'>Ἠλίας</span> <span class='ocrx_word' id='word_1_596' title='bbox 2742 4123 2929 4194; x_wconf 79' lang='grc' dir='ltr'>σαφῶς</span> <span class='ocrx_word' id='word_1_597' title='bbox 2981 4121 3080 4191; x_wconf 77' lang='grc' dir='ltr'><strong>τὴν</strong></span> <span class='ocrx_word' id='word_1_598' title='bbox 3111 4121 3168 4183; x_wconf 90' lang='grc' dir='ltr'><strong>ἐς</strong></span> <span class='ocrx_word' id='word_1_599' title='bbox 3213 4118 3442 4190; x_wconf 79' lang='grc' dir='ltr'>ὕστερον</span> <span class='ocrx_word' id='word_1_600' title='bbox 3473 4117 3606 4188; x_wconf 85' lang='grc' dir='ltr'>μέλ-</span> 
     </span>
    </p>
   </div>
   <div class='ocr_carea' id='block_1_85' title="bbox 344 4208 1904 4287">
    <p class='ocr_par' dir='ltr' id='par_1_85' title="bbox 344 4213 1904 4286">
     <span class='ocr_line' id='line_1_85' title="bbox 344 4213 1904 4286; baseline 0.001 -13"><span class='ocrx_word' id='word_1_601' title='bbox 344 4225 550 4273; x_wconf 85' lang='lat' dir='ltr'><strong>stcrutn</strong></span> <span class='ocrx_word' id='word_1_602' title='bbox 584 4213 891 4286; x_wconf 87' lang='lat' dir='ltr'><strong>peragenda</strong></span> <span class='ocrx_word' id='word_1_603' title='bbox 936 4223 1074 4278; x_wconf 88' lang='lat' dir='ltr'><strong>erat,</strong></span> <span class='ocrx_word' id='word_1_604' title='bbox 1118 4213 1465 4284; x_wconf 87' lang='lat' dir='ltr'><strong>baptismatis</strong></span> <span class='ocrx_word' id='word_1_605' title='bbox 1515 4217 1904 4275; x_wconf 66' lang='lat' dir='ltr'><strong>institutionem</strong></span> 
     </span>
    </p>
   </div>
   <div class='ocr_carea' id='block_1_86' title="bbox 2006 4208 3601 4287">
    <p class='ocr_par' dir='ltr' id='par_1_86' title="bbox 2019 4208 3601 4287">
     <span class='ocr_line' id='line_1_86' title="bbox 2019 4208 3601 4287; baseline -0.009 -12"><span class='ocrx_word' id='word_1_606' title='bbox 2019 4224 2216 4278; x_wconf 88' lang='grc' dir='ltr'>λουσαν</span> <span class='ocrx_word' id='word_1_607' title='bbox 2245 4221 2514 4276; x_wconf 80' lang='grc' dir='ltr'>τελεῖσθαι</span> <span class='ocrx_word' id='word_1_608' title='bbox 2545 4218 2638 4272; x_wconf 86' lang='grc' dir='ltr'><strong>τοῦ</strong></span> <span class='ocrx_word' id='word_1_609' title='bbox 2675 4215 3050 4287; x_wconf 87' lang='grc' dir='ltr'>βαπτίσματος</span> <span class='ocrx_word' id='word_1_610' title='bbox 3091 4209 3483 4281; x_wconf 86' lang='grc' dir='ltr'>μυσταγωγίαν</span> <span class='ocrx_word' id='word_1_611' title='bbox 3510 4208 3601 4262; x_wconf 75' lang='grc' dir='ltr'>διὰ</span> 
     </span>
    </p>
   </div>
   <div class='ocr_carea' id='block_1_87' title="bbox 345 4298 1904 4383">
    <p class='ocr_par' dir='ltr' id='par_1_87' title="bbox 345 4306 1901 4376">
     <span class='ocr_line' id='line_1_87' title="bbox 345 4306 1901 4376; baseline -0.001 -10"><span class='ocrx_word' id='word_1_612' title='bbox 345 4318 400 4366; x_wconf 90' lang='lat' dir='ltr'><strong>ct</strong></span> <span class='ocrx_word' id='word_1_613' title='bbox 454 4309 838 4370; x_wconf 88' lang='lat' dir='ltr'><strong>initiationem,</strong></span> <span class='ocrx_word' id='word_1_614' title='bbox 901 4321 998 4376; x_wconf 90' lang='lat' dir='ltr'><strong>per</strong></span> <span class='ocrx_word' id='word_1_615' title='bbox 1047 4306 1371 4361; x_wconf 90' lang='lat' dir='ltr'><strong>admirabile</strong></span> <span class='ocrx_word' id='word_1_616' title='bbox 1413 4307 1548 4361; x_wconf 91' lang='lat' dir='ltr'><strong>illud</strong></span> <span class='ocrx_word' id='word_1_617' title='bbox 1587 4312 1901 4366; x_wconf 71' lang='lat' dir='ltr'><strong>sacriﬁcium</strong></span> 
     </span>
    </p>
   </div>
   <div class='ocr_carea' id='block_1_88' title="bbox 2006 4298 3609 4383">
    <p class='ocr_par' dir='ltr' id='par_1_88' title="bbox 2019 4298 3609 4383">
     <span class='ocr_line' id='line_1_88' title="bbox 2019 4298 3609 4383; baseline -0.009 -17"><span class='ocrx_word' id='word_1_618' title='bbox 2019 4314 2118 4383; x_wconf 81' lang='grc' dir='ltr'><strong>τῆς</strong></span> <span class='ocrx_word' id='word_1_619' title='bbox 2150 4313 2469 4383; x_wconf 80' lang='grc' dir='ltr'>θαυμαστῆς</span> <span class='ocrx_word' id='word_1_620' title='bbox 2502 4310 2713 4378; x_wconf 86' lang='grc' dir='ltr'>ἐκείνης</span> <span class='ocrx_word' id='word_1_621' title='bbox 2753 4305 3062 4378; x_wconf 80' lang='grc' dir='ltr'>ἱερουργίας</span> <span class='ocrx_word' id='word_1_622' title='bbox 3102 4303 3233 4372; x_wconf 80' lang='grc' dir='ltr'>ἡμῖν</span> <span class='ocrx_word' id='word_1_623' title='bbox 3283 4298 3609 4372; x_wconf 85' lang='grc' dir='ltr'>προανεφὼ-</span> 
     </span>
    </p>
   </div>
   <div class='ocr_carea' id='block_1_89' title="bbox 348 4390 1904 4474">
    <p class='ocr_par' dir='ltr' id='par_1_89' title="bbox 348 4401 1904 4474">
     <span class='ocr_line' id='line_1_89' title="bbox 348 4401 1904 4474; baseline 0 -16"><span class='ocrx_word' id='word_1_624' title='bbox 348 4405 506 4459; x_wconf 91' lang='lat' dir='ltr'><strong>nobis</strong></span> <span class='ocrx_word' id='word_1_625' title='bbox 537 4403 807 4474; x_wconf 62' lang='lat' dir='ltr'><strong>praedixit.</strong></span> <span class='ocrx_word' id='word_1_626' title='bbox 849 4402 1003 4471; x_wconf 85' lang='lat' dir='ltr'><strong>Aqua</strong></span> <span class='ocrx_word' id='word_1_627' title='bbox 1035 4401 1178 4456; x_wconf 73' lang='lat' dir='ltr'><strong>enim</strong></span> <span class='ocrx_word' id='word_1_628' title='bbox 1211 4410 1293 4455; x_wconf 89' lang='lat' dir='ltr'><strong>ter</strong></span> <span class='ocrx_word' id='word_1_629' title='bbox 1341 4403 1687 4472; x_wconf 82' lang='lat' dir='ltr'><strong>superinfusa</strong></span> <span class='ocrx_word' id='word_1_630' title='bbox 1729 4419 1904 4458; x_wconf 29' lang='lat' dir='ltr'><strong>accen‘</strong></span> 
     </span>
    </p>
   </div>
   <div class='ocr_carea' id='block_1_90' title="bbox 2006 4390 3690 4474">
    <p class='ocr_par' dir='ltr' id='par_1_90' title="bbox 2020 4390 3690 4471">
     <span class='ocr_line' id='line_1_90' title="bbox 2020 4390 3690 4471; baseline -0.009 -17"><span class='ocrx_word' id='word_1_631' title='bbox 2020 4419 2203 4471; x_wconf 81' lang='grc' dir='ltr'>νησεν.</span> <span class='ocrx_word' id='word_1_632' title='bbox 2235 4401 2427 4453; x_wconf 82' lang='grc' dir='ltr'>’Ὑδατι</span> <span class='ocrx_word' id='word_1_633' title='bbox 2464 4398 2572 4470; x_wconf 81' lang='grc' dir='ltr'>γὰρ</span> <span class='ocrx_word' id='word_1_634' title='bbox 2622 4397 2835 4468; x_wconf 76' lang='grc' dir='ltr'>ἀνήφθη</span> <span class='ocrx_word' id='word_1_635' title='bbox 2867 4395 2930 4446; x_wconf 71' lang='grc' dir='ltr'>τὸ</span> <span class='ocrx_word' id='word_1_636' title='bbox 2969 4391 3081 4463; x_wconf 86' lang='grc' dir='ltr'><strong>πῦρ</strong></span> <span class='ocrx_word' id='word_1_637' title='bbox 3119 4390 3301 4462; x_wconf 87' lang='grc' dir='ltr'>τρίτον</span> <span class='ocrx_word' id='word_1_638' title='bbox 3331 4390 3607 4459; x_wconf 84' lang='grc' dir='ltr'>ἐπαντλη-</span> <span class='ocrx_word' id='word_1_639' title='bbox 3670 4412 3690 4440; x_wconf 85' lang='lat'><strong>-.</strong></span> 
     </span>
    </p>
   </div>
   <div class='ocr_carea' id='block_1_91' title="bbox 347 4474 1904 4566">
    <p class='ocr_par' dir='ltr' id='par_1_91' title="bbox 347 4493 1904 4566">
     <span class='ocr_line' id='line_1_91' title="bbox 347 4493 1904 4566; baseline -0.004 -13"><span class='ocrx_word' id='word_1_640' title='bbox 347 4512 441 4553; x_wconf 91' lang='lat' dir='ltr'><strong>sus</strong></span> <span class='ocrx_word' id='word_1_641' title='bbox 465 4503 548 4551; x_wconf 90' lang='lat' dir='ltr'><strong>est</strong></span> <span class='ocrx_word' id='word_1_642' title='bbox 577 4497 738 4566; x_wconf 89' lang='lat' dir='ltr'><strong>ignis,</strong></span> <span class='ocrx_word' id='word_1_643' title='bbox 760 4501 820 4548; x_wconf 94' lang='lat' dir='ltr'><strong>ut</strong></span> <span class='ocrx_word' id='word_1_644' title='bbox 841 4493 1260 4561; x_wconf 54' lang='lat' dir='ltr'><strong>significaretur,</strong></span> <span class='ocrx_word' id='word_1_645' title='bbox 1286 4494 1431 4563; x_wconf 90' lang='lat' dir='ltr'><strong>quod</strong></span> <span class='ocrx_word' id='word_1_646' title='bbox 1459 4493 1547 4547; x_wconf 91' lang='lat' dir='ltr'><strong>ubi</strong></span> <span class='ocrx_word' id='word_1_647' title='bbox 1570 4508 1708 4562; x_wconf 86' lang='lat' dir='ltr'><strong>aqua</strong></span> <span class='ocrx_word' id='word_1_648' title='bbox 1735 4495 1904 4564; x_wconf 78' lang='lat' dir='ltr'><strong>mysti</strong></span> 
     </span>
    </p>
   </div>
   <div class='ocr_carea' id='block_1_92' title="bbox 2006 4474 3606 4566">
    <p class='ocr_par' dir='ltr' id='par_1_92' title="bbox 2027 4480 3606 4559">
     <span class='ocr_line' id='line_1_92' title="bbox 2027 4480 3606 4559; baseline -0.009 -13"><span class='ocrx_word' id='word_1_649' title='bbox 2027 4492 2171 4546; x_wconf 85' lang='grc' dir='ltr'>θέντι</span> <span class='ocrx_word' id='word_1_650' title='bbox 2195 4509 2207 4522; x_wconf 75' lang='grc' dir='ltr'><strong><em>ο</em></strong></span> <span class='ocrx_word' id='word_1_651' title='bbox 2234 4490 2374 4544; x_wconf 68' lang='grc' dir='ltr'>ὥστε</span> <span class='ocrx_word' id='word_1_652' title='bbox 2402 4488 2710 4559; x_wconf 83' lang='grc' dir='ltr'>δηλοῦσθαι,</span> <span class='ocrx_word' id='word_1_653' title='bbox 2751 4488 2829 4540; x_wconf 81' lang='grc' dir='ltr'>ὅτι</span> <span class='ocrx_word' id='word_1_654' title='bbox 2859 4486 2992 4538; x_wconf 83' lang='grc' dir='ltr'>ὅπου</span> <span class='ocrx_word' id='word_1_655' title='bbox 3029 4483 3172 4554; x_wconf 77' lang='grc' dir='ltr'>ὕδωρ</span> <span class='ocrx_word' id='word_1_656' title='bbox 3212 4481 3271 4534; x_wconf 85' lang='grc' dir='ltr'>τὺ</span> <span class='ocrx_word' id='word_1_657' title='bbox 3317 4480 3606 4550; x_wconf 84' lang='grc' dir='ltr'>μυστικὸν,</span> 
     </span>
    </p>
   </div>
   <div class='ocr_carea' id='block_1_93' title="bbox 347 4573 1904 4652">
    <p class='ocr_par' dir='ltr' id='par_1_93' title="bbox 347 4583 1903 4652">
     <span class='ocr_line' id='line_1_93' title="bbox 347 4583 1903 4652; baseline -0.003 -10"><span class='ocrx_word' id='word_1_658' title='bbox 347 4603 411 4642; x_wconf 91' lang='lat' dir='ltr'><strong>ca</strong></span> <span class='ocrx_word' id='word_1_659' title='bbox 468 4595 575 4649; x_wconf 90' lang='lat' dir='ltr'><strong>est,</strong></span> <span class='ocrx_word' id='word_1_660' title='bbox 613 4587 726 4639; x_wconf 93' lang='lat' dir='ltr'><strong>illic</strong></span> <span class='ocrx_word' id='word_1_661' title='bbox 776 4584 941 4639; x_wconf 89' lang='lat' dir='ltr'><strong>etiam</strong></span> <span class='ocrx_word' id='word_1_662' title='bbox 982 4583 1210 4652; x_wconf 58' lang='lat' dir='ltr'><strong>spiritus</strong></span> <span class='ocrx_word' id='word_1_663' title='bbox 1245 4591 1327 4638; x_wconf 88' lang='lat' dir='ltr'><strong>est</strong></span> <span class='ocrx_word' id='word_1_664' title='bbox 1384 4585 1472 4638; x_wconf 91' lang='lat' dir='ltr'><strong>ille</strong></span> <span class='ocrx_word' id='word_1_665' title='bbox 1501 4584 1808 4648; x_wconf 81' lang='lat' dir='ltr'><strong>viviticans,</strong></span> <span class='ocrx_word' id='word_1_666' title='bbox 1841 4600 1903 4637; x_wconf 88' lang='lat' dir='ltr'><strong>ar</strong></span> 
     </span>
    </p>
   </div>
   <div class='ocr_carea' id='block_1_94' title="bbox 2006 4573 3613 4652">
    <p class='ocr_par' dir='ltr' id='par_1_94' title="bbox 2024 4573 3613 4652">
     <span class='ocr_line' id='line_1_94' title="bbox 2024 4573 3613 4652; baseline -0.009 -14"><span class='ocrx_word' id='word_1_667' title='bbox 2024 4586 2142 4638; x_wconf 86' lang='grc' dir='ltr'>ἐκεῖ</span> <span class='ocrx_word' id='word_1_668' title='bbox 2162 4585 2255 4637; x_wconf 70' lang='grc' dir='ltr'>καὶ</span> <span class='ocrx_word' id='word_1_669' title='bbox 2288 4582 2503 4652; x_wconf 88' lang='grc' dir='ltr'>πνεῦμα</span> <span class='ocrx_word' id='word_1_670' title='bbox 2529 4582 2589 4634; x_wconf 82' lang='grc' dir='ltr'>τὸ</span> <span class='ocrx_word' id='word_1_671' title='bbox 2615 4577 2922 4650; x_wconf 78' lang='grc' dir='ltr'>ζωπυροῦν,</span> <span class='ocrx_word' id='word_1_672' title='bbox 2951 4576 3013 4629; x_wconf 80' lang='grc' dir='ltr'><strong>τὸ</strong></span> <span class='ocrx_word' id='word_1_673' title='bbox 3043 4575 3265 4646; x_wconf 86' lang='grc' dir='ltr'>θερμὸν,</span> <span class='ocrx_word' id='word_1_674' title='bbox 3298 4573 3360 4626; x_wconf 83' lang='grc' dir='ltr'>τὸ</span> <span class='ocrx_word' id='word_1_675' title='bbox 3384 4589 3613 4644; x_wconf 82' lang='grc' dir='ltr'>πυροει-</span> 
     </span>
    </p>
   </div>
   <div class='ocr_carea' id='block_1_95' title="bbox 348 4664 1904 4748">
    <p class='ocr_par' dir='ltr' id='par_1_95' title="bbox 348 4673 1904 4748">
     <span class='ocr_line' id='line_1_95' title="bbox 348 4673 1904 4748; baseline -0.005 -13"><span class='ocrx_word' id='word_1_676' title='bbox 348 4682 507 4742; x_wconf 89' lang='lat' dir='ltr'><strong>dens,</strong></span> <span class='ocrx_word' id='word_1_677' title='bbox 545 4679 760 4748; x_wconf 82' lang='lat' dir='ltr'><strong>igneus,</strong></span> <span class='ocrx_word' id='word_1_678' title='bbox 804 4673 897 4743; x_wconf 91' lang='lat' dir='ltr'><strong>qui</strong></span> <span class='ocrx_word' id='word_1_679' title='bbox 923 4674 1127 4742; x_wconf 86' lang='lat' dir='ltr'><strong>impios</strong></span> <span class='ocrx_word' id='word_1_680' title='bbox 1159 4675 1456 4739; x_wconf 89' lang='lat' dir='ltr'><strong>comburit,</strong></span> <span class='ocrx_word' id='word_1_681' title='bbox 1493 4684 1544 4728; x_wconf 91' lang='lat' dir='ltr'><strong>et</strong></span> <span class='ocrx_word' id='word_1_682' title='bbox 1590 4674 1772 4728; x_wconf 87' lang='lat' dir='ltr'><strong>iideles</strong></span> <span class='ocrx_word' id='word_1_683' title='bbox 1800 4674 1904 4728; x_wconf 24' lang='lat' dir='ltr'><strong>illul</strong></span> 
     </span>
    </p>
   </div>
   <div class='ocr_carea' id='block_1_96' title="bbox 2006 4664 3613 4748">
    <p class='ocr_par' dir='ltr' id='par_1_96' title="bbox 2023 4664 3613 4740">
     <span class='ocr_line' id='line_1_96' title="bbox 2023 4664 3613 4740; baseline -0.009 -10"><span class='ocrx_word' id='word_1_684' title='bbox 2023 4677 2129 4740; x_wconf 85' lang='grc' dir='ltr'><strong>δές,</strong></span> <span class='ocrx_word' id='word_1_685' title='bbox 2167 4676 2230 4729; x_wconf 80' lang='grc' dir='ltr'>τὸ</span> <span class='ocrx_word' id='word_1_686' title='bbox 2263 4676 2387 4738; x_wconf 72' lang='grc' dir='ltr'>τοὺς</span> <span class='ocrx_word' id='word_1_687' title='bbox 2437 4674 2652 4736; x_wconf 85' lang='grc' dir='ltr'>ἀσεϐεῖς</span> <span class='ocrx_word' id='word_1_688' title='bbox 2696 4673 2847 4733; x_wconf 79' lang='grc' dir='ltr'>καῖον</span> <span class='ocrx_word' id='word_1_689' title='bbox 2879 4669 2972 4722; x_wconf 74' lang='grc' dir='ltr'><strong>καὶ</strong></span> <span class='ocrx_word' id='word_1_690' title='bbox 3015 4669 3137 4730; x_wconf 81' lang='grc' dir='ltr'>τοὺς</span> <span class='ocrx_word' id='word_1_691' title='bbox 3171 4665 3392 4728; x_wconf 74' lang='grc' dir='ltr'>πιστοὺς</span> <span class='ocrx_word' id='word_1_692' title='bbox 3439 4664 3613 4732; x_wconf 71' lang='grc' dir='ltr'>φωτί-</span> 
     </span>
    </p>
   </div>
   <div class='ocr_carea' id='block_1_97' title="bbox 350 4758 1904 4840">
    <p class='ocr_par' dir='ltr' id='par_1_97' title="bbox 350 4763 1898 4835">
     <span class='ocr_line' id='line_1_97' title="bbox 350 4763 1898 4835; baseline -0.003 -12"><span class='ocrx_word' id='word_1_693' title='bbox 350 4771 542 4824; x_wconf 88' lang='lat' dir='ltr'><strong>minat.</strong></span> <span class='ocrx_word' id='word_1_694' title='bbox 576 4765 885 4833; x_wconf 86' lang='lat' dir='ltr'><strong>Quinetiam</strong></span> <span class='ocrx_word' id='word_1_695' title='bbox 912 4763 1074 4832; x_wconf 87' lang='lat' dir='ltr'><strong>hujus</strong></span> <span class='ocrx_word' id='word_1_696' title='bbox 1096 4780 1313 4835; x_wconf 87' lang='lat' dir='ltr'><strong>quoque</strong></span> <span class='ocrx_word' id='word_1_697' title='bbox 1343 4765 1648 4833; x_wconf 78' lang='lat' dir='ltr'><strong>discipulus</strong></span> <span class='ocrx_word' id='word_1_698' title='bbox 1671 4763 1898 4819; x_wconf 64' lang='lat' dir='ltr'><strong>Elisatus</strong></span> 
     </span>
    </p>
   </div>
   <div class='ocr_carea' id='block_1_98' title="bbox 2006 4758 3608 4840">
    <p class='ocr_par' dir='ltr' id='par_1_98' title="bbox 2025 4758 3608 4840">
     <span class='ocr_line' id='line_1_98' title="bbox 2025 4758 3608 4840; baseline -0.008 -18"><span class='ocrx_word' id='word_1_699' title='bbox 2025 4768 2137 4833; x_wconf 82' lang='grc' dir='ltr'>ζον.</span> <span class='ocrx_word' id='word_1_700' title='bbox 2173 4768 2248 4823; x_wconf 86' lang='grc' dir='ltr'>Οὑ</span> <span class='ocrx_word' id='word_1_701' title='bbox 2285 4768 2390 4840; x_wconf 81' lang='grc' dir='ltr'><strong>μὴν</strong></span> <span class='ocrx_word' id='word_1_702' title='bbox 2420 4766 2555 4821; x_wconf 87' lang='grc' dir='ltr'><strong>ἀλλά</strong></span> <span class='ocrx_word' id='word_1_703' title='bbox 2588 4765 2681 4818; x_wconf 73' lang='grc' dir='ltr'><strong>καὶ</strong></span> <span class='ocrx_word' id='word_1_704' title='bbox 2711 4767 2739 4818; x_wconf 84' lang='grc' dir='ltr'><strong>ό</strong></span> <span class='ocrx_word' id='word_1_705' title='bbox 2768 4763 2956 4816; x_wconf 84' lang='grc' dir='ltr'>τούτου</span> <span class='ocrx_word' id='word_1_706' title='bbox 2991 4758 3235 4832; x_wconf 77' lang='grc' dir='ltr'>μαθητὴς</span> <span class='ocrx_word' id='word_1_707' title='bbox 3279 4759 3608 4824; x_wconf 74' lang='grc' dir='ltr'>Ἐλισσαῖος,</span> 
     </span>
    </p>
   </div>
   <div class='ocr_carea' id='block_1_99' title="bbox 351 4850 1904 4930">
    <p class='ocr_par' dir='ltr' id='par_1_99' title="bbox 351 4853 1900 4926">
     <span class='ocr_line' id='line_1_99' title="bbox 351 4853 1900 4926; baseline 0 -16"><span class='ocrx_word' id='word_1_708' title='bbox 351 4875 476 4914; x_wconf 75' lang='lat' dir='ltr'><strong>cum</strong></span> <span class='ocrx_word' id='word_1_709' title='bbox 521 4858 585 4911; x_wconf 91' lang='lat' dir='ltr'><strong>ad</strong></span> <span class='ocrx_word' id='word_1_710' title='bbox 633 4873 754 4912; x_wconf 89' lang='lat' dir='ltr'><strong>eum</strong></span> <span class='ocrx_word' id='word_1_711' title='bbox 804 4855 1031 4926; x_wconf 76' lang='lat' dir='ltr'><strong>supplex</strong></span> <span class='ocrx_word' id='word_1_712' title='bbox 1072 4856 1311 4910; x_wconf 80' lang='lat' dir='ltr'><strong>venisset</strong></span> <span class='ocrx_word' id='word_1_713' title='bbox 1358 4854 1600 4910; x_wconf 82' lang='lat' dir='ltr'><strong>Naatnan</strong></span> <span class='ocrx_word' id='word_1_714' title='bbox 1653 4853 1823 4926; x_wconf 82' lang='lat' dir='ltr'><strong>Syrus</strong></span> <span class='ocrx_word' id='word_1_715' title='bbox 1853 4856 1900 4886; x_wconf 78' lang='lat'>“</span> 
     </span>
    </p>
   </div>
   <div class='ocr_carea' id='block_1_100' title="bbox 2006 4850 3611 4930">
    <p class='ocr_par' dir='ltr' id='par_1_100' title="bbox 2025 4850 3611 4930">
     <span class='ocr_line' id='line_1_100' title="bbox 2025 4850 3611 4930; baseline -0.006 -17"><span class='ocrx_word' id='word_1_716' title='bbox 2025 4859 2272 4922; x_wconf 83' lang='grc' dir='ltr'>ἐλθόντος</span> <span class='ocrx_word' id='word_1_717' title='bbox 2301 4859 2439 4930; x_wconf 87' lang='grc' dir='ltr'>πρὸς</span> <span class='ocrx_word' id='word_1_718' title='bbox 2482 4858 2643 4912; x_wconf 84' lang='grc' dir='ltr'>αὑτὸν</span> <span class='ocrx_word' id='word_1_719' title='bbox 2690 4855 2866 4908; x_wconf 66' lang='grc' dir='ltr'>ἱκέτου</span> <span class='ocrx_word' id='word_1_720' title='bbox 2898 4852 3118 4922; x_wconf 89' lang='grc' dir='ltr'>Νεεμάν</span> <span class='ocrx_word' id='word_1_721' title='bbox 3146 4851 3240 4904; x_wconf 86' lang='grc' dir='ltr'><strong>τοῦ</strong></span> <span class='ocrx_word' id='word_1_722' title='bbox 3288 4850 3460 4921; x_wconf 88' lang='grc' dir='ltr'>Σύρου</span> <span class='ocrx_word' id='word_1_723' title='bbox 3513 4850 3611 4904; x_wconf 82' lang='grc' dir='ltr'><strong>τοῦ</strong></span> 
     </span>
    </p>
   </div>
   <div class='ocr_carea' id='block_1_101' title="bbox 351 4942 1904 5023">
    <p class='ocr_par' dir='ltr' id='par_1_101' title="bbox 351 4942 1904 5020">
     <span class='ocr_line' id='line_1_101' title="bbox 351 4942 1904 5020; baseline -0.003 -17"><span class='ocrx_word' id='word_1_724' title='bbox 351 4950 445 5020; x_wconf 92' lang='lat' dir='ltr'><strong>qui</strong></span> <span class='ocrx_word' id='word_1_725' title='bbox 480 4951 641 5018; x_wconf 81' lang='lat' dir='ltr'><strong>lepra:</strong></span> <span class='ocrx_word' id='word_1_726' title='bbox 685 4949 879 5002; x_wconf 88' lang='lat' dir='ltr'><strong>morbo</strong></span> <span class='ocrx_word' id='word_1_727' title='bbox 914 4947 1215 5013; x_wconf 86' lang='lat' dir='ltr'><strong>laborabat,</strong></span> <span class='ocrx_word' id='word_1_728' title='bbox 1261 4960 1386 4999; x_wconf 90' lang='lat' dir='ltr'><strong>cum</strong></span> <span class='ocrx_word' id='word_1_729' title='bbox 1423 4946 1645 5000; x_wconf 86' lang='lat' dir='ltr'><strong>lavisset</strong></span> <span class='ocrx_word' id='word_1_730' title='bbox 1695 4945 1748 4998; x_wconf 88' lang='lat' dir='ltr'><strong>in</strong></span> <span class='ocrx_word' id='word_1_731' title='bbox 1795 4942 1904 4998; x_wconf 83' lang='lat' dir='ltr'><strong>Jor-</strong></span> 
     </span>
    </p>
   </div>
   <div class='ocr_carea' id='block_1_102' title="bbox 2006 4942 3612 5023">
    <p class='ocr_par' dir='ltr' id='par_1_102' title="bbox 2028 4942 3612 5023">
     <span class='ocr_line' id='line_1_102' title="bbox 2028 4942 3612 5023; baseline -0.008 -17"><span class='ocrx_word' id='word_1_732' title='bbox 2028 4951 2124 5023; x_wconf 83' lang='grc' dir='ltr'>τὴν</span> <span class='ocrx_word' id='word_1_733' title='bbox 2151 4951 2358 5022; x_wconf 89' lang='grc' dir='ltr'>λέπραν</span> <span class='ocrx_word' id='word_1_734' title='bbox 2387 4951 2735 5021; x_wconf 87' lang='grc' dir='ltr'>νοσήσαντος,</span> <span class='ocrx_word' id='word_1_735' title='bbox 2765 4947 2964 5009; x_wconf 87' lang='grc' dir='ltr'>λούσας</span> <span class='ocrx_word' id='word_1_736' title='bbox 3003 4946 3060 4998; x_wconf 88' lang='grc' dir='ltr'><strong>ἐν</strong></span> <span class='ocrx_word' id='word_1_737' title='bbox 3096 4942 3175 5015; x_wconf 82' lang='grc' dir='ltr'><strong>τῷ</strong></span> <span class='ocrx_word' id='word_1_738' title='bbox 3217 4943 3476 5014; x_wconf 79' lang='grc' dir='ltr'>Ἰορδάνῃ.</span> <span class='ocrx_word' id='word_1_739' title='bbox 3510 4959 3612 4996; x_wconf 83' lang='grc' dir='ltr'>κα-</span> 
     </span>
    </p>
   </div>
   <div class='ocr_carea' id='block_1_103' title="bbox 352 5031 1904 5114">
    <p class='ocr_par' dir='ltr' id='par_1_103' title="bbox 352 5038 1904 5111">
     <span class='ocr_line' id='line_1_103' title="bbox 352 5038 1904 5111; baseline -0.003 -14"><span class='ocrx_word' id='word_1_740' title='bbox 352 5043 513 5106; x_wconf 86' lang='lat' dir='ltr'><strong>daue,</strong></span> <span class='ocrx_word' id='word_1_741' title='bbox 546 5052 740 5110; x_wconf 77' lang='lat' dir='ltr'><strong>purgat</strong></span> <span class='ocrx_word' id='word_1_742' title='bbox 773 5049 1060 5111; x_wconf 69' lang='lat' dir='ltr'><strong>aegrotum,</strong></span> <span class='ocrx_word' id='word_1_743' title='bbox 1114 5049 1168 5095; x_wconf 89' lang='lat' dir='ltr'><strong>et</strong></span> <span class='ocrx_word' id='word_1_744' title='bbox 1219 5038 1456 5110; x_wconf 84' lang='lat' dir='ltr'><strong>generali</strong></span> <span class='ocrx_word' id='word_1_745' title='bbox 1514 5055 1617 5093; x_wconf 86' lang='lat' dir='ltr'><strong>usu</strong></span> <span class='ocrx_word' id='word_1_746' title='bbox 1667 5052 1842 5106; x_wconf 66' lang='lat' dir='ltr'><strong>aquae,</strong></span> <span class='ocrx_word' id='word_1_747' title='bbox 1877 5052 1904 5092; x_wconf 89' lang='lat' dir='ltr'><strong>e</strong></span> 
     </span>
    </p>
   </div>
   <div class='ocr_carea' id='block_1_104' title="bbox 2006 5031 3610 5114">
    <p class='ocr_par' dir='ltr' id='par_1_104' title="bbox 2029 5031 3610 5114">
     <span class='ocr_line' id='line_1_104' title="bbox 2029 5031 3610 5114; baseline -0.006 -18"><span class='ocrx_word' id='word_1_748' title='bbox 2029 5041 2207 5114; x_wconf 84' lang='grc' dir='ltr'>θαίρει</span> <span class='ocrx_word' id='word_1_749' title='bbox 2235 5042 2326 5094; x_wconf 78' lang='grc' dir='ltr'><strong>τὸν</strong></span> <span class='ocrx_word' id='word_1_750' title='bbox 2358 5043 2638 5112; x_wconf 73' lang='grc' dir='ltr'>ἄρρωστον</span> <span class='ocrx_word' id='word_1_751' title='bbox 2658 5057 2669 5069; x_wconf 91' lang='grc'>·</span> <span class='ocrx_word' id='word_1_752' title='bbox 2705 5039 2800 5092; x_wconf 72' lang='grc' dir='ltr'>καὶ</span> <span class='ocrx_word' id='word_1_753' title='bbox 2820 5039 2886 5108; x_wconf 76' lang='grc' dir='ltr'>τῇ</span> <span class='ocrx_word' id='word_1_754' title='bbox 2919 5038 3106 5106; x_wconf 67' lang='grc' dir='ltr'>γεν;κῃ</span> <span class='ocrx_word' id='word_1_755' title='bbox 3140 5036 3332 5106; x_wconf 86' lang='grc' dir='ltr'>χρήσει</span> <span class='ocrx_word' id='word_1_756' title='bbox 3358 5031 3454 5086; x_wconf 84' lang='grc' dir='ltr'><strong>τοῦ</strong></span> <span class='ocrx_word' id='word_1_757' title='bbox 3483 5032 3610 5086; x_wconf 81' lang='grc' dir='ltr'>ὓδα-</span> 
     </span>
    </p>
   </div>
   <div class='ocr_carea' id='block_1_105' title="bbox 353 5123 1904 5204">
    <p class='ocr_par' dir='ltr' id='par_1_105' title="bbox 353 5131 1898 5204">
     <span class='ocr_line' id='line_1_105' title="bbox 353 5131 1898 5204; baseline -0.005 -16"><span class='ocrx_word' id='word_1_758' title='bbox 353 5133 576 5204; x_wconf 82' lang='lat' dir='ltr'><strong>speeiali</strong></span> <span class='ocrx_word' id='word_1_759' title='bbox 613 5131 791 5187; x_wconf 87' lang='lat' dir='ltr'><strong>amnis</strong></span> <span class='ocrx_word' id='word_1_760' title='bbox 842 5132 988 5186; x_wconf 91' lang='lat' dir='ltr'><strong>illius</strong></span> <span class='ocrx_word' id='word_1_761' title='bbox 1038 5131 1388 5186; x_wconf 89' lang='lat' dir='ltr'><strong>immersione</strong></span> <span class='ocrx_word' id='word_1_762' title='bbox 1441 5142 1626 5200; x_wconf 88' lang='lat' dir='ltr'><strong>aperte</strong></span> <span class='ocrx_word' id='word_1_763' title='bbox 1654 5144 1898 5198; x_wconf 72' lang='lat' dir='ltr'><strong>.przemon</strong></span> 
     </span>
    </p>
   </div>
   <div class='ocr_carea' id='block_1_106' title="bbox 2006 5123 3610 5204">
    <p class='ocr_par' dir='ltr' id='par_1_106' title="bbox 2027 5123 3610 5198">
     <span class='ocr_line' id='line_1_106' title="bbox 2027 5123 3610 5198; baseline -0.005 -16"><span class='ocrx_word' id='word_1_764' title='bbox 2027 5147 2118 5192; x_wconf 84' lang='grc' dir='ltr'><strong>τος</strong></span> <span class='ocrx_word' id='word_1_765' title='bbox 2165 5129 2260 5182; x_wconf 75' lang='grc' dir='ltr'><strong>καὶ</strong></span> <span class='ocrx_word' id='word_1_766' title='bbox 2305 5129 2382 5198; x_wconf 80' lang='grc' dir='ltr'>τῷ</span> <span class='ocrx_word' id='word_1_767' title='bbox 2418 5128 2567 5198; x_wconf 81' lang='grc' dir='ltr'>ίδικῷ</span> <span class='ocrx_word' id='word_1_768' title='bbox 2597 5125 2691 5180; x_wconf 83' lang='grc' dir='ltr'><strong>τοῦ</strong></span> <span class='ocrx_word' id='word_1_769' title='bbox 2740 5124 2985 5195; x_wconf 88' lang='grc' dir='ltr'>ποταμοῦ</span> <span class='ocrx_word' id='word_1_770' title='bbox 3029 5124 3364 5194; x_wconf 81' lang='grc' dir='ltr'>βαπτίσματι</span> <span class='ocrx_word' id='word_1_771' title='bbox 3418 5123 3610 5191; x_wconf 63' lang='grc' dir='ltr'>σαφῶς</span> 
     </span>
    </p>
   </div>
   <div class='ocr_carea' id='block_1_107' title="bbox 355 5215 1904 5293">
    <p class='ocr_par' dir='ltr' id='par_1_107' title="bbox 355 5218 1904 5280">
     <span class='ocr_line' id='line_1_107' title="bbox 355 5218 1904 5280; baseline -0.004 0"><span class='ocrx_word' id='word_1_772' title='bbox 355 5235 536 5280; x_wconf 69' lang='lat' dir='ltr'><strong>stratis</strong></span> <span class='ocrx_word' id='word_1_773' title='bbox 570 5223 833 5276; x_wconf 82' lang='lat' dir='ltr'><strong>futurum.</strong></span> <span class='ocrx_word' id='word_1_774' title='bbox 867 5221 944 5276; x_wconf 79' lang='lat' dir='ltr'><strong>Ex</strong></span> <span class='ocrx_word' id='word_1_775' title='bbox 982 5223 1233 5278; x_wconf 88' lang='lat' dir='ltr'><strong>amnibus</strong></span> <span class='ocrx_word' id='word_1_776' title='bbox 1279 5221 1424 5275; x_wconf 91' lang='lat' dir='ltr'><strong>enim</strong></span> <span class='ocrx_word' id='word_1_777' title='bbox 1466 5221 1618 5277; x_wconf 89' lang='lat' dir='ltr'><strong>solus</strong></span> <span class='ocrx_word' id='word_1_778' title='bbox 1646 5218 1904 5275; x_wconf 86' lang='lat' dir='ltr'><strong>Jordanis</strong></span> 
     </span>
    </p>
   </div>
   <div class='ocr_carea' id='block_1_108' title="bbox 2006 5215 3605 5293">
    <p class='ocr_par' dir='ltr' id='par_1_108' title="bbox 2031 5215 3605 5293">
     <span class='ocr_line' id='line_1_108' title="bbox 2031 5215 3605 5293; baseline -0.007 -18"><span class='ocrx_word' id='word_1_779' title='bbox 2031 5221 2451 5293; x_wconf 81' lang='grc' dir='ltr'>προὺποφαίνων</span> <span class='ocrx_word' id='word_1_780' title='bbox 2479 5220 2540 5272; x_wconf 81' lang='grc' dir='ltr'>τὸ</span> <span class='ocrx_word' id='word_1_781' title='bbox 2567 5219 2776 5290; x_wconf 88' lang='grc' dir='ltr'>μέλλον.</span> <span class='ocrx_word' id='word_1_782' title='bbox 2802 5218 2976 5279; x_wconf 87' lang='grc' dir='ltr'>Μόνος</span> <span class='ocrx_word' id='word_1_783' title='bbox 3002 5217 3106 5286; x_wconf 79' lang='grc' dir='ltr'>γὰρ</span> <span class='ocrx_word' id='word_1_784' title='bbox 3145 5215 3413 5285; x_wconf 78' lang='grc' dir='ltr'>Ἰορδάνης</span> <span class='ocrx_word' id='word_1_785' title='bbox 3443 5231 3605 5267; x_wconf 83' lang='grc' dir='ltr'>ποτα-</span> 
     </span>
    </p>
   </div>
   <div class='ocr_carea' id='block_1_109' title="bbox 357 5302 1904 5383">
    <p class='ocr_par' dir='ltr' id='par_1_109' title="bbox 357 5309 1904 5383">
     <span class='ocr_line' id='line_1_109' title="bbox 357 5309 1904 5383; baseline -0.004 -13"><span class='ocrx_word' id='word_1_786' title='bbox 357 5332 479 5370; x_wconf 81' lang='lat' dir='ltr'><strong>cum</strong></span> <span class='ocrx_word' id='word_1_787' title='bbox 517 5317 569 5369; x_wconf 89' lang='lat' dir='ltr'><strong>in</strong></span> <span class='ocrx_word' id='word_1_788' title='bbox 603 5332 662 5371; x_wconf 92' lang='lat' dir='ltr'><strong>se</strong></span> <span class='ocrx_word' id='word_1_789' title='bbox 693 5314 989 5383; x_wconf 82' lang='lat' dir='ltr'><strong>recepisset</strong></span> <span class='ocrx_word' id='word_1_790' title='bbox 1017 5312 1471 5368; x_wconf 81' lang='lat' dir='ltr'><strong>sanctificationis</strong></span> <span class='ocrx_word' id='word_1_791' title='bbox 1497 5320 1552 5366; x_wconf 90' lang='lat' dir='ltr'><strong>et</strong></span> <span class='ocrx_word' id='word_1_792' title='bbox 1588 5309 1904 5366; x_wconf 89' lang='lat' dir='ltr'><strong>benedictio</strong></span> 
     </span>
    </p>
   </div>
   <div class='ocr_carea' id='block_1_110' title="bbox 2006 5302 3604 5383">
    <p class='ocr_par' dir='ltr' id='par_1_110' title="bbox 2036 5302 3604 5381">
     <span class='ocr_line' id='line_1_110' title="bbox 2036 5302 3604 5381; baseline -0.005 -18"><span class='ocrx_word' id='word_1_793' title='bbox 2036 5309 2152 5381; x_wconf 86' lang='grc' dir='ltr'><strong>μῶν</strong></span> <span class='ocrx_word' id='word_1_794' title='bbox 2190 5311 2248 5364; x_wconf 82' lang='grc' dir='ltr'><strong>ἐν</strong></span> <span class='ocrx_word' id='word_1_795' title='bbox 2291 5309 2470 5380; x_wconf 83' lang='grc' dir='ltr'>ἐαυτῷ</span> <span class='ocrx_word' id='word_1_796' title='bbox 2501 5308 2788 5378; x_wconf 82' lang='grc' dir='ltr'>δεξάμενος</span> <span class='ocrx_word' id='word_1_797' title='bbox 2823 5306 2917 5359; x_wconf 87' lang='grc' dir='ltr'><strong>τοῦ</strong></span> <span class='ocrx_word' id='word_1_798' title='bbox 2951 5304 3220 5375; x_wconf 83' lang='grc' dir='ltr'>ἀγιασμοῦ</span> <span class='ocrx_word' id='word_1_799' title='bbox 3260 5305 3354 5358; x_wconf 67' lang='grc' dir='ltr'><strong>καὶ</strong></span> <span class='ocrx_word' id='word_1_800' title='bbox 3383 5306 3486 5374; x_wconf 78' lang='grc' dir='ltr'>τῆς</span> <span class='ocrx_word' id='word_1_801' title='bbox 3518 5302 3604 5356; x_wconf 85' lang='grc' dir='ltr'>εὐ-</span> 
     </span>
    </p>
   </div>
   <div class='ocr_carea' id='block_1_111' title="bbox 359 5401 1926 5476">
    <p class='ocr_par' dir='ltr' id='par_1_111' title="bbox 359 5401 1926 5476">
     <span class='ocr_line' id='line_1_111' title="bbox 359 5401 1926 5476; baseline -0.003 -17"><span class='ocrx_word' id='word_1_802' title='bbox 359 5409 443 5460; x_wconf 88' lang='lat' dir='ltr'><strong>nis</strong></span> <span class='ocrx_word' id='word_1_803' title='bbox 467 5408 760 5476; x_wconf 81' lang='lat' dir='ltr'><strong>primitias,</strong></span> <span class='ocrx_word' id='word_1_804' title='bbox 793 5417 1054 5475; x_wconf 87' lang='lat' dir='ltr'><strong>tanquam</strong></span> <span class='ocrx_word' id='word_1_805' title='bbox 1104 5422 1171 5460; x_wconf 78' lang='lat' dir='ltr'><strong>ex</strong></span> <span class='ocrx_word' id='word_1_806' title='bbox 1199 5404 1433 5475; x_wconf 87' lang='lat' dir='ltr'><strong>quodam</strong></span> <span class='ocrx_word' id='word_1_807' title='bbox 1471 5403 1622 5458; x_wconf 85' lang='lat' dir='ltr'><strong>fonte</strong></span> <span class='ocrx_word' id='word_1_808' title='bbox 1646 5418 1758 5458; x_wconf 67' lang='lat' dir='ltr'><strong>sua:</strong></span> <span class='ocrx_word' id='word_1_809' title='bbox 1792 5401 1926 5472; x_wconf 78' lang='lat' dir='ltr'><strong>ﬁgu-</strong></span> 
     </span>
    </p>
   </div>
   <div class='ocr_carea' id='block_1_112' title="bbox 359 5494 1924 5565">
    <p class='ocr_par' dir='ltr' id='par_1_112' title="bbox 359 5494 1924 5565">
     <span class='ocr_line' id='line_1_112' title="bbox 359 5494 1924 5565; baseline -0.003 -15"><span class='ocrx_word' id='word_1_810' title='bbox 359 5512 432 5552; x_wconf 77' lang='lat' dir='ltr'><strong>rae</strong></span> <span class='ocrx_word' id='word_1_811' title='bbox 467 5499 516 5550; x_wconf 84' lang='lat' dir='ltr'><strong>in</strong></span> <span class='ocrx_word' id='word_1_812' title='bbox 568 5506 737 5551; x_wconf 87' lang='lat' dir='ltr'><strong>totum</strong></span> <span class='ocrx_word' id='word_1_813' title='bbox 793 5498 1056 5552; x_wconf 90' lang='lat' dir='ltr'><strong>mundum</strong></span> <span class='ocrx_word' id='word_1_814' title='bbox 1099 5497 1301 5552; x_wconf 71' lang='lat' dir='ltr'><strong>domm</strong></span> <span class='ocrx_word' id='word_1_815' title='bbox 1355 5495 1718 5565; x_wconf 85' lang='lat' dir='ltr'><strong>baptismatis.</strong></span> <span class='ocrx_word' id='word_1_816' title='bbox 1766 5494 1924 5563; x_wconf 90' lang='lat' dir='ltr'><strong>quasi</strong></span> 
     </span>
    </p>
   </div>
   <div class='ocr_carea' id='block_1_113' title="bbox 2032 5390 3600 5470">
    <p class='ocr_par' dir='ltr' id='par_1_113' title="bbox 2032 5390 3600 5470">
     <span class='ocr_line' id='line_1_113' title="bbox 2032 5390 3600 5470; baseline -0.007 -16"><span class='ocrx_word' id='word_1_817' title='bbox 2032 5399 2216 5467; x_wconf 85' lang='grc' dir='ltr'>λογίας</span> <span class='ocrx_word' id='word_1_818' title='bbox 2235 5399 2336 5470; x_wconf 76' lang='grc' dir='ltr'>τὴν</span> <span class='ocrx_word' id='word_1_819' title='bbox 2363 5399 2634 5469; x_wconf 71' lang='grc' dir='ltr'>ἀπαρχὴν;</span> <span class='ocrx_word' id='word_1_820' title='bbox 2663 5395 2851 5464; x_wconf 85' lang='grc' dir='ltr'>ῶσπερ</span> <span class='ocrx_word' id='word_1_821' title='bbox 2873 5393 2944 5447; x_wconf 74' lang='grc' dir='ltr'><strong>ἐκ</strong></span> <span class='ocrx_word' id='word_1_822' title='bbox 2963 5411 3106 5457; x_wconf 78' lang='grc' dir='ltr'>τινος</span> <span class='ocrx_word' id='word_1_823' title='bbox 3137 5393 3318 5464; x_wconf 76' lang='grc' dir='ltr'>πηγῆς</span> <span class='ocrx_word' id='word_1_824' title='bbox 3342 5392 3438 5446; x_wconf 78' lang='grc' dir='ltr'><strong>τοῦ</strong></span> <span class='ocrx_word' id='word_1_825' title='bbox 3475 5390 3600 5444; x_wconf 80' lang='grc' dir='ltr'>ίδίου</span> 
     </span>
    </p>
   </div>
   <div class='ocr_carea' id='block_1_114' title="bbox 2031 5477 3603 5561">
    <p class='ocr_par' dir='ltr' id='par_1_114' title="bbox 2031 5477 3603 5561">
     <span class='ocr_line' id='line_1_114' title="bbox 2031 5477 3603 5561; baseline -0.006 -18"><span class='ocrx_word' id='word_1_826' title='bbox 2031 5490 2201 5544; x_wconf 85' lang='grc' dir='ltr'>τύπου</span> <span class='ocrx_word' id='word_1_827' title='bbox 2235 5490 2311 5560; x_wconf 84' lang='grc' dir='ltr'>τῷ</span> <span class='ocrx_word' id='word_1_828' title='bbox 2337 5490 2522 5561; x_wconf 76' lang='grc' dir='ltr'>κόσμῳ</span> <span class='ocrx_word' id='word_1_829' title='bbox 2555 5488 2714 5544; x_wconf 76' lang='grc' dir='ltr'>παντὶ</span> <span class='ocrx_word' id='word_1_830' title='bbox 2745 5487 2844 5558; x_wconf 74' lang='grc' dir='ltr'>τὴν</span> <span class='ocrx_word' id='word_1_831' title='bbox 2871 5484 2964 5540; x_wconf 89' lang='grc' dir='ltr'><strong>τοῦ</strong></span> <span class='ocrx_word' id='word_1_832' title='bbox 2996 5485 3369 5557; x_wconf 85' lang='grc' dir='ltr'>βαπτίσματος</span> <span class='ocrx_word' id='word_1_833' title='bbox 3395 5477 3603 5553; x_wconf 73' lang='grc' dir='ltr'>ἐπωχι-</span> 
     </span>
    </p>
   </div>
   <div class='ocr_carea' id='block_1_115' title="bbox 431 5668 1904 5744">
    <p class='ocr_par' dir='ltr' id='par_1_115' title="bbox 431 5671 1904 5744">
     <span class='ocr_line' id='line_1_115' title="bbox 431 5671 1904 5744; baseline -0.003 -18"><span class='ocrx_word' id='word_1_834' title='bbox 431 5671 482 5705; x_wconf 65' lang='grc' dir='ltr'><strong>θδ</strong></span> <span class='ocrx_word' id='word_1_835' title='bbox 510 5671 623 5726; x_wconf 82' lang='lat' dir='ltr'><strong>Jos.</strong></span> <span class='ocrx_word' id='word_1_836' title='bbox 659 5690 740 5739; x_wconf 89' lang='lat' dir='ltr'><strong>Ill,</strong></span> <span class='ocrx_word' id='word_1_837' title='bbox 794 5676 814 5727; x_wconf 86' lang='lat' dir='ltr'><strong>l</strong></span> <span class='ocrx_word' id='word_1_838' title='bbox 852 5689 970 5743; x_wconf 85' lang='lat' dir='ltr'><strong>sqq.</strong></span> <span class='ocrx_word' id='word_1_839' title='bbox 1046 5675 1091 5710; x_wconf 79' lang='grc'>²⁸</span> <span class='ocrx_word' id='word_1_840' title='bbox 1123 5673 1186 5727; x_wconf 94' lang='grc'><strong>111</strong></span> <span class='ocrx_word' id='word_1_841' title='bbox 1217 5673 1349 5744; x_wconf 75' lang='lat' dir='ltr'><strong>Reg.</strong></span> <span class='ocrx_word' id='word_1_842' title='bbox 1383 5687 1537 5739; x_wconf 72' lang='lat' dir='ltr'><strong>xrttt,</strong></span> <span class='ocrx_word' id='word_1_843' title='bbox 1575 5671 1644 5724; x_wconf 67' lang='lat'><strong>‘22</strong></span> <span class='ocrx_word' id='word_1_844' title='bbox 1676 5686 1794 5740; x_wconf 87' lang='lat' dir='ltr'><strong>sqq.</strong></span> <span class='ocrx_word' id='word_1_845' title='bbox 1874 5673 1904 5702; x_wconf 72' lang='lat'><strong>&quot;</strong></span> 
     </span>
    </p>
   </div>
   <div class='ocr_carea' id='block_1_116' title="bbox 2006 5668 2510 5744">
    <p class='ocr_par' dir='ltr' id='par_1_116' title="bbox 2006 5668 2510 5739">
     <span class='ocr_line' id='line_1_116' title="bbox 2006 5668 2510 5739; baseline -0.006 -17"><span class='ocrx_word' id='word_1_846' title='bbox 2006 5669 2028 5722; x_wconf 69' lang='grc' dir='ltr'>ν’</span> <span class='ocrx_word' id='word_1_847' title='bbox 2064 5668 2197 5739; x_wconf 79' lang='lat' dir='ltr'><strong>Reg.</strong></span> <span class='ocrx_word' id='word_1_848' title='bbox 2243 5686 2294 5732; x_wconf 85' lang='lat' dir='ltr'><strong>v,</strong></span> <span class='ocrx_word' id='word_1_849' title='bbox 2330 5668 2353 5720; x_wconf 83' lang='lat' dir='ltr'><strong>t</strong></span> <span class='ocrx_word' id='word_1_850' title='bbox 2390 5680 2510 5737; x_wconf 83' lang='lat' dir='ltr'><strong>sqq.</strong></span> 
     </span>
    </p>
   </div>
  </div>
