3930 6210
318 363 418 419 595

1557 372 1613 426 S.
1651 371 1979 428 GRECORII
2014 372 2303 432 NYSSENI

3464 371 3560 430 59⁸3

319 483 610 551 Ιίυιιὼίιυιν,
641 497 899 558 tanquam
949 489 1127 548 bonus
1163 492 1438 560 plantator
1469 491 1585 547 suis
1632 492 1891 561 operibus

2003 493 2052 546 ὲν
2083 494 2260 565 καιρῷ
2289 493 2579 565 δεξάμενος
2610 498 2638 548 6
2677 495 2808 559 Θεὸς
2843 496 3299 566 εὐφρανθήσεται,
3330 494 3407 558 ὡς
3433 497 3563 563 ἀγα-

318 578 584 642 gaudens.
620 577 794 634 Porro
820 581 1042 637 divinus
1072 581 1248 638 David
1294 583 1458 638 etiam
1490 597 1678 638 vocem
1703 581 1897 653 praedi~

322 683 475 734 cens,
498 687 660 740 quam
687 671 753 729 de
777 675 928 729 cmlis
949 673 1113 732 Pater
1136 689 1303 745 super
1326 674 1543 740 Filium,
1567 675 1697 730 dum
1723 676 1896 745 bapti-

319 770 556 825 zaretur,
587 763 790 826 emisit,
820 773 881 818 ut
911 765 976 820 ad
995 767 1300 820 naturalem
1326 765 1546 820 deitatis
1569 764 1891 836 dignitatem

319 854 615 910 deduceret
661 857 969 922 audientes,
1025 859 1116 929 qui
1165 860 1319 929 prius
1375 859 1438 912 ad
1473 873 1615 925 eam,
1641 874 1762 928 qua:
1792 860 1896 915 sub

319 962 542 1001 sensum
567 949 817 1014 cadebat.
844 953 1140 1005 humanam
1181 952 1442 1006 vilitatem
1501 951 1893 1020 respiciebant,

319 1039 464 1093 libro
489 1037 836 1096 Psalmorum
870 1057 971 1098 suo
998 1042 1204 1096 dictum
1250 1041 1382 1096 illud
1417 1043 1697 1113 inscripsit
1729 1059 1741 1094 :
1783 1043 1892 1098 Vox

319 1126 535 1182 Domini
565 1145 720 1199 super
742 1147 928 1202 aquas,
961 1148 1059 1188 vos:
1079 1131 1291 1187 Domini
1329 1133 1381 1186 in
1413 1135 1805 1203 magniﬁcentia
1827 1135 1895 1191 π.

321 1217 523 1295 Verum
556 1224 889 1278 testimoniis
925 1224 1166 1294 quidem,
1197 1240 1262 1280 ex
1299 1225 1482 1280 divina
1525 1225 1811 1296 Scriptura
1843 1226 1897 1280 in

321 1312 565 1368 medium
617 1314 932 1384 afferendis,
971 1317 1060 1374 hic
1109 1317 1236 1374 ﬁnis
1283 1327 1404 1376 esto
1452 1319 1902 1389 :(progredietur

319 1403 464 1459 enim
497 1407 674 1461 oratio
692 1407 1039 1464 adinlinitam
1067 1411 1461 1480 prolixitatem,
1494 1412 1538 1467 si
1565 1412 1686 1482 quis
1715 1413 1901 1466 volue-

321 1494 392 1548 rit
419 1495 600 1550 omnia
630 1497 908 1566 sigillatim
931 1500 1104 1556 electa
1142 1502 1238 1555 uni
1268 1501 1410 1557 libro
1440 1502 1752 1569 mandare.)

393 1583 504 1641 Vos
543 1595 724 1644 autem
757 1604 982 1656 omnes,
1015 1591 1110 1663 qui
1141 1592 1285 1647 dono
1328 1593 1760 1662 regenerationis
1797 1607 1895 1646 vo-

322 1679 408 1738 bis
442 1681 674 1754 placetis
695 1725 710 1748 ,
743 1701 806 1740 ac
836 1702 935 1755 pro
963 1686 1132 1757 gloria
1166 1686 1462 1742 salutarem
1494 1684 1901 1739 renovationem

325 1775 576 1840 habetis,
629 1775 899 1830 ostendite
951 1777 1084 1830 mihi
1145 1784 1268 1847 post
1325 1775 1614 1846 mysticam
1667 1775 1898 1844 gratiam

1995 586 2086 650 θὸς
2110 587 2412 658 φυτοκόμος
2442 589 2554 649 τοῖς
2596 586 2747 650 ίδίοις
2791 585 2974 657 ἔργοις
3010 585 3472 656 ἐπαγαλλόμενος.
3513 587 3568 639 '0

1993 679 2050 733 δὲ
2081 677 2368 741 Θεσπέσιος
2387 677 2548 730 Δαϐὶδ
2587 679 2682 731 καὶ
2711 677 2810 748 τὴν
2853 678 3039 748 φωνὴν
3085 675 3466 748 προφητεύων,
3509 679 3572 748 ἢν

1996 769 2056 834 ἐξ
2078 769 2321 841 οὐρανῶν
2353 770 2380 821 6
2423 769 2608 840 Πατὴρ
2641 770 2894 839 ἐπαφῆκε
2916 769 2994 840 τῷ
3023 768 3137 838 Υίῷ
3168 767 3574 838 βαπτιζομένῳ,

1996 862 2084 914 ῖνα
2103 861 2239 931 πρὸς
2255 861 2316 916 τὸ
2335 860 2563 930 φυσικὸν
2582 861 2682 930 τῆς
2707 860 2955 932 θεότητος
2977 859 3194 930 ἀξίωμα
3210 860 3337 924 τοὺς
3358 859 3579 913 ἀκούον-

1995 971 2093 1017 τας
2120 953 2382 1025 ὁδηγήσῃ.
2413 953 2550 1024 πρὸς
2583 953 2682 1025 τὴν
2720 950 2984 1023 αἰσθητὴν
3020 952 3156 1016 τέως
3184 952 3284 1024 τὴν
3309 950 3453 1005 κατὰ
3485 952 3581 1005 τὸν

1996 1044 2288 1116 ἄνθρωπον
2316 1044 2588 1098 εὐτέλειαν
2635 1042 2950 1114 βλέποντας,
2983 1042 3282 1113 ἐνέγραψεν
3310 1043 3487 1096 ἐκεῖνο
3510 1043 3576 1112 τῇ

2001 1129 2184 1207 βίϐλῳ,
2237 1136 2327 1201 τὸ,
2358 1134 2529 1204 Φωνὴ
2578 1136 2801 1202 Κυρίου
2838 1133 2936 1187 ἐπὶ
2963 1134 3082 1186 τῶν
3114 1133 3371 1198 ὑδάτων,
3405 1132 3578 1202 φωνὴ

1999 1228 2219 1294 Κυρίου
2267 1227 2336 1279 ἐν
2365 1224 2869 1295 μεγαλοπρεπείᾳ.
2909 1222 3069 1276 Ἀλλὰ
3107 1225 3207 1287 τὰς
3243 1221 3343 1293 μὲν
3379 1224 3446 1275 ἐκ
3470 1221 3580 1274 τῶν

2000 1316 2158 1371 θείων
2198 1315 2429 1389 Γραφῶν
2457 1315 2790 1386 μαρτυρίας,
2832 1315 2995 1384 μέχρι
3040 1313 3228 1368 τούτου
3274 1313 3579 1367 παυστέον·

2001 1407 2239 1476 χωρήσοι
2271 1405 2380 1477 γὰρ
2408 1407 2435 1458 6
2463 1406 2620 1473 λόγος
2654 1408 2732 1468 είς
2760 1405 2960 1477 πλῆθος
2988 1391 3234 1477 ἄπειρον,
3267 1407 3321 1459 εί
3342 1423 3430 1470 τις
3458 1407 3584 1477 βου·

2001 1497 2137 1569 ληθῇ
2169 1497 2238 1550 τὰ
2262 1497 2594 1552 καθέκαστον
2624 1497 2865 1565 ἐκλέγων
2889 1497 2970 1550 ἐνὶ⁹
2997 1496 3338 1565 παραθέσθαι
3365 1496 3581 1567 βιϐλίῳ.

2085 1592 2272 1662 Ὑμεῖς
2292 1590 2346 1642 δὲ
2373 1589 2591 1654 πάντες,
2616 1591 2728 1643 ὅσοι
2753 1588 2832 1660 τῷ
2861 1588 3018 1660 δώρῳ
3043 1589 3133 1659 τῆς
3162 1590 3583 1656 παλιγγενεσίας

2001 1681 2494 1751 ἐγκαλλωπίζεσθε,
2526 1682 2622 1735 καὶ
2666 1681 2925 1751 καύχημα
2967 1680 3161 1751 φέρετε
3193 1681 3586 1750 ἀνακαινισμὸν

2002 1773 2094 1827 τὸν
2121 1773 2384 1843 σωτήριον
2403 1812 2417 1835 ,
2445 1769 2652 1836 δείξατέ
2696 1788 2785 1841 μοι
2820 1771 2957 1841 μετὰ
2985 1771 3085 1843 τὴν
3126 1769 3391 1842 μυστικὴν
3420 1771 3585 1842 χάριν

323 1880 539 1920 morum
582 1866 1054 1929 itmnutationem,
1098 1876 1152 1922 et
1197 1869 1250 1921 in
1296 1868 1494 1923 melius
1537 1865 1896 1922 transforma-

2003 1865 2099 1936 τὴν
2127 1863 2236 1919 τῶν
2271 1864 2488 1935 τρόπων
2523 1863 2843 1935 ἐναλλαγὴν,
2873 1863 2966 1916 καὶ
2994 1863 3092 1934 τῆς
3121 1863 3212 1915 ἐπὶ
3243 1863 3301 1916 τὸ
3335 1857 3586 1933 κρεῗττον

325 1958 494 2014 tionis
529 1957 897 2013 differentiam
933 1960 1172 2029 puritate
1204 1959 1328 2012 vita;
1358 1958 1598 2012 instituti
1633 1956 1892 2012 indicate.

324 2048 457 2102 Nam
491 2049 626 2103 nihil
661 2049 882 2119 quidem
925 2066 992 2105 ex
1039 2051 1108 2105 iis
1155 2051 1350 2116 rebus,
1396 2065 1518 2121 qua:
1562 2050 1666 2105 sub
1705 2047 1899 2104 oculos

325 2139 564 2204 cadunt,
613 2141 956 2205 immutatur,
1007 2142 1257 2211 corporis
1306 2143 1435 2196 item
1483 2141 1637 2211 signa
1688 2139 1898 2209 integra

327 2241 583 2298 manent,
612 2232 846 2302 ejusque
886 2248 1008 2302 quae
1049 2233 1270 2286 videtur
1319 2241 1531 2287 natura:
1574 2231 1746 2302 figura
1788 2245 1900 2285 non

231 2373 234 2380 ,
326 2331 590 2375 mutatur.
646 2322 753 2376 Sed
809 2337 948 2391 opus
1001 2330 1086 2376 est
1141 2323 1324 2392 aliqua
1373 2338 1603 2392 prorsus
1663 2321 1900 2377 evidenti

323 2411 829 2478 demonstratione,
873 2430 969 2484 per
1008 2429 1172 2484 quam
1210 2430 1578 2485 agnoscamus
1622 2414 1900 2470 hominem

325 2518 519 2559 recens
544 2514 736 2558 natum
763 2545 778 2571 ,
823 2505 998 2575 signis
1043 2506 1374 2574 quibusdam
1416 2506 1762 2569 manifestis,
1803 2520 1901 2560 no-

321 2611 452 2650 vum
485 2610 514 2649 a
549 2604 732 2652 vetere
766 2597 1144 2654 discernentes
1173 2617 1185 2652 :
1220 2598 1335 2653 haec
1373 2608 1555 2653 autem
1592 2598 1749 2668 signa
1777 2605 1902 2654 esse

322 2687 520 2756 opinor
551 2701 684 2753 eos,
717 2690 811 2758 qui
847 2689 1150 2745 secundum
1186 2691 1532 2760 propositum
1570 2691 1740 2757 fiunt,
1783 2690 1902 2746 ani.

321 2791 424 2834 mae
454 2787 635 2834 motus
657 2818 671 2844 ,
707 2795 806 2850 per
835 2797 975 2852 quos
1007 2797 1130 2836 sese
1170 2797 1469 2852 segregans
1497 2797 1527 2834 a
1559 2794 1739 2837 vetere
1770 2798 1901 2837 con-

321 2873 647 2939 suetudine,
677 2887 742 2927 ac
769 2888 974 2929 novum
1001 2873 1128 2928 vita:
1157 2873 1393 2928 instituti
1426 2876 1530 2930 iter
1559 2875 1900 2946 ingrediens,

324 2973 512 3034 aperte
560 2963 861 3021 familiares
905 2964 1156 3030 docebit,
1205 2967 1350 3036 quod
1397 2967 1503 3020 alia
1547 2967 1795 3036 quaedam
1835 2982 1904 3022 ex

323 3053 430 3107 alia
459 3052 600 3109 facta
629 3055 731 3121 sit,
768 3055 974 3110 nullum
1008 3067 1133 3124 post
1163 3072 1222 3110 se
1263 3058 1466 3112 veteris
1497 3058 1756 3127 nequitiae
1810 3076 1902 3117 ve-

323 3145 546 3216 stigium
573 3160 638 3201 ac
665 3147 883 3218 signum
907 3148 1246 3218 relinquens.
1282 3149 1375 3203 Est
1408 3158 1590 3206 autem
1622 3151 1712 3205 hic
1732 3160 1905 3208 trans~
1931 3176 1976 3237 ο

323 3236 675 3294 formationis
726 3241 958 3306 modus,
1019 3241 1067 3296 si
1105 3242 1238 3294 mihi
1275 3243 1562 3298 credentes
1591 3244 1898 3300 orationem

323 3342 427 3399 pro
458 3328 575 3400 lege
620 3331 1016 3387 servaveritis:
1052 3330 1185 3385 Erat
1236 3341 1362 3388 ante
1415 3333 1688 3404 baptisma
1738 3335 1902 3391 homo

324 3429 655 3492 protervus,
685 3439 885 3479 avarus
918 3431 971 3478 et
1001 3421 1308 3490 fraudator,
1343 3434 1530 3496 raptor
1563 3442 1744 3482 rerum
1778 3428 1904 3483 alie—

323 3525 522 3566 narum
543 3553 559 3580 ,
589 3513 920 3568 convitiator
946 3525 1000 3567 et
1029 3514 1363 3581 maledicus,
1401 3517 1633 3571 mendax
1657 3559 1670 3583 ,
1705 3519 1904 3572 calum-

325 3605 528 3670 niator,
562 3621 625 3660 ac
654 3605 699 3661 si
729 3604 877 3676 quod
908 3605 994 3661 his
1023 3607 1203 3662 simile
1237 3607 1498 3680 (vitium)
1524 3619 1608 3664 est
1635 3619 1690 3666 et
1719 3610 1898 3668 aliine.

329 3697 411 3748 Sit
441 3712 587 3750 nunc
615 3698 930 3760 modestus,
967 3698 1188 3754 sobrius
1208 3740 1223 3764 ,
1253 3701 1370 3756 suis
1402 3710 1726 3769 contentus,
1757 3712 1810 3758 et
1836 3719 1900 3759 ex

325 3788 416 3844 his
449 3799 770 3858 paupertate
800 3789 1244 3846 conﬂictantibus
1272 3793 1622 3864 impartiens,
1655 3796 1905 3853 veritatis

325 3877 616 3933 studiosus
637 3918 652 3942 ,
687 3880 950 3935 honorem
986 3882 1219 3936 libenter
1247 3884 1372 3939 aliis
1403 3885 1658 3942 deferens
1679 3927 1693 3950 ,
1727 3888 1904 3944 comis

328 3977 384 4023 et
411 3968 647 4026 affabilis
671 3988 684 4025 :
719 3980 778 4024 ut
807 3973 1122 4028 summatim
1151 3975 1368 4042 dicam,
1400 3992 1614 4032 onmem
1645 3979 1802 4037 laude
1830 3979 1906 4034 di-

325 4075 488 4133 gnam
515 4061 786 4116 actionem
816 4080 1099 4122 exercens.
1132 4068 1202 4122 Ut
1230 4067 1372 4123 enim
1401 4070 1730 4128 adventante
1759 4074 1900 4138 luce,

2004 1956 2464 2027 μετακοσμήσεως
2494 1955 2591 2028 τὴν
2614 1955 2878 2026 διαφορὰν
2902 1957 2968 2026 τῇ
2996 1955 3326 2026 καθαρότητι
3352 1955 3454 2026 τῆς
3485 1972 3584 2007 πο-

2001 2047 2203 2111 λιτείας
2231 2047 2558 2120 γνωρίσατε.
2595 2047 2716 2100 Τῶν
2755 2047 2853 2119 μὲν
2895 2048 3006 2118 γὰρ
3033 2047 3442 2101 ὑποπιπτόντων
3468 2049 3584 2108 τοῖς

2000 2137 2297 2211 ὀφθαλμοῖς
2351 2139 2501 2194 οὐδὲν
2541 2138 2868 2202 ἀλλοιοῦται,
2901 2140 2952 2192 οἱ
2990 2139 3048 2192 δὲ
3084 2139 3178 2192 τοῦ
3208 2138 3458 2210 σώματος
3479 2157 3584 2208 χαι

2005 2232 2278 2304 ρακτῆρες
2308 2231 2560 2302 μένουσιν
2579 2231 2968 2301 ἀμετάϐλητοι,
3001 2232 3095 2285 καὶ
3118 2233 3151 2302 ἠ
3174 2231 3275 2301 τῆς
3299 2232 3584 2301 ὁρωμένης

2004 2321 2219 2394 φύσεως
2264 2322 2549 2386 διάπλασις
2579 2324 2680 2377 οὐκ
2722 2321 3030 2392 ἀμείϐεται.
3074 2321 3246 2393 Χρεία
3281 2323 3339 2376 δὲ
3365 2322 3584 2385 πάντως

2004 2415 2150 2478 τινὸς
2177 2414 2444 2486 ἐναργοῦς
2483 2415 2831 2483 ἀποδείξεως,
2861 2415 2927 2468 δι’
2951 2409 3020 2486 ἦς
3047 2413 3462 2484 ἐπιγνωσόμεθα
3491 2413 3584 2466 τὸν

2002 2506 2286 2577 ἀρτίτοκον
2326 2503 2631 2577 ἄνθρωπον,
2681 2505 2972 2577 συμϐόλοις
3031 2505 3144 2558 τισὶ
3183 2505 3438 2575 φανεροῖς
3494 2502 3580 2554 τὸν

2003 2597 2120 2650 νέον
2153 2595 2262 2652 ἀπὸ
2289 2595 2386 2650 τοῦ
2429 2594 2660 2650 παλαιοῦ
2702 2595 3090 2667 διακρίνοντες.
3119 2593 3304 2647 Ταῦτα
3343 2592 3402 2646 δὲ
3428 2588 3582 2662 οἶμαι

2001 2688 2288 2759 τυγχάνειν
2337 2687 2404 2741 τὰ
2431 2687 2572 2742 κατὰ
2617 2687 2879 2760 ,πρόθεσιν
2909 2688 3008 2758 τῆς
3055 2686 3235 2758 ψυχῆς
3286 2686 3584 2754 κινήματα,

2007 2782 2103 2851 ἀφ’
2146 2773 2220 2834 ὧν
2270 2779 2469 2851 ἑαυτὴν
2507 2777 2816 2850 χωρίζουσα
2848 2779 2948 2849 τῆς
2977 2777 3214 2842 παλαιᾶς
3267 2775 3580 2847 συνηθείας,

2003 2870 2271 2941 νεωτέραν
2291 2869 2347 2923 δὲ
2370 2870 2638 2940 τέμνουσα
2662 2869 2761 2939 τῆς
2795 2868 3070 2932 πολιτείας
3095 2868 3234 2929 ὁδὸν,
3261 2866 3464 2930 διδάξει
3494 2884 3586 2918 σα-

2006 2963 2120 3034 φῶς
2152 2965 2278 3027 τοὺς
2308 2962 2636 3034 γνωρίμους,
2666 2962 2742 3026 ὡς
2771 2962 2903 3032 ἄλλη
2935 2979 3019 3025 τις
3064 2960 3124 3025 ἐξ
3152 2959 3318 3030 ἄλλης
3354 2959 3586 3029 γεγένης

2003 3071 2115 3116 ται,
2149 3051 2299 3106 οὐδὲν
2321 3053 2418 3123 τῆς
2443 3051 2677 3116 παλαιᾶς
2707 3050 3043 3122 ἐφελκομένη
3085 3049 3394 3121 γνώρισμα.
3432 3050 3586 3102 Ἔστι

2005 3145 2062 3198 δὲ
2083 3137 2236 3207 οὗτος
2263 3144 2359 3214 τῆς
2390 3144 2655 3214 μεταποιή
2666 3161 2800 3206 σεως
2821 3145 2850 3196 6
2871 3143 3072 3215 τρόπος
3092 3183 3107 3209 ,
3135 3141 3200 3196 ἄν
3226 3159 3317 3212 μοι
3339 3141 3584 3195 πεισθένο

2004 3255 2097 3302 τες
2123 3238 2214 3292 τὸν
2241 3237 2396 3306 λόγον
2421 3236 2496 3301 ὡς
2519 3237 2683 3308 νόμον
2713 3237 3000 3308 φυλάξητε·
3031 3232 3138 3289 Ἦν
3163 3237 3191 3286 ὁ
3225 3235 3334 3306 πρὸ
3356 3236 3453 3290 τοῦ
3488 3235 3582 3304 βα-

2003 3328 2305 3399 πτίσματος
2335 3327 2619 3400 ἄνθρωπος
2673 3327 2995 3391 ἀκόλαστος,
3024 3326 3374 3394 πλεονέκτης,
3405 3327 3586 3397 ἅρπαξ

2001 3421 2110 3474 τῶν
2144 3420 2456 3491 ἀλλοτρίων,
2493 3421 2753 3492 λοίδορος,
2788 3419 3052 3490 ψεύστης,
3086 3419 3454 3488 συκοφάντης,
3495 3420 3589 3473 καὶ

2003 3513 2058 3567 εί
2085 3530 2139 3566 τι
2173 3513 2383 3576 τούτοις
2413 3513 2596 3583 ὅμοιον
2626 3513 2718 3566 καὶ
2744 3511 3328 3567 ἀκόλουθονιΓενέσοω
3369 3513 3466 3566 νῦν
3495 3513 3588 3566 x6-

2005 3619 2182 3672 σμιος,
2221 3601 2476 3674 σώφρων,
2523 3601 2860 3673 ἀρκούμενος
2897 3604 3010 3666 τοῖς
3047 3597 3217 3666 ἰδίοις,
3247 3603 3338 3655 καὶ
3368 3603 3436 3654 ὲκ
3459 3603 3588 3655 τού-

2003 3712 2112 3748 των
2135 3696 2244 3758 τοῖς
2275 3697 2332 3749 ἐν
2363 3694 2524 3766 πενίᾳ
2555 3695 2886 3765 μεταδιδοὺς,
2920 3693 3239 3765 φιλαλήθης,
3269 3691 3582 3763 τιμητικὸς,

2004 3788 2427 3859 εὐπροσήγορος,
2472 3789 2650 3842 πᾶσαν
2695 3786 2880 3849 ἁπλῶς
2933 3787 3327 3858 ἐπαινουμένην
3379 3785 3584 3857 πρᾶξιν

2005 3879 2210 3934 ἀσκῶν.
2253 3879 2340 3942 Ὠς
2365 3877 2474 3950 γὰρ
2493 3879 2571 3950 τῷ
2599 3879 2739 3948 φωτὶ
2769 3878 2831 3931 τὺ
2867 3878 3054 3942 σκότος
3077 3877 3282 3942 λύεται,
3325 3877 3416 3930 καὶ
3447 3877 3589 3946 ἀφαο

2004 3970 2212 4035 νίζεται
2259 3971 2321 4024 τὸ
2368 3970 2534 4041 μέλαν
2585 3968 3018 4042 ἐπιχρωσθείσης
3054 3969 3410 4040 λευκότητος*
3445 3967 3593 4022 οὕτω

2005 4064 2101 4117 καὶ
2127 4065 2156 4118 ὁ
2188 4063 2415 4126 παλαιὸς
2455 4062 2739 4133 ἅνθρωπος
2775 4063 2886 4122 τοῖς
2915 4061 3014 4130 τῆς
3037 4060 3381 4130 δικαιοσύνης
3408 4060 3592 4130 ἔργοις

326 4153 568 4208 tenebras
595 4153 993 4223 discutiuntur,
1021 4167 1076 4213 et
1107 4160 1232 4215 albo
1258 4161 1442 4217 colore
1470 4163 1609 4218 illito
1635 4175 1899 4220 atramen-

2006 4155 2398 4225 ἐπικοσμηθεὶς
2423 4153 2761 4224 ἀφανίζεται.
2801 4153 2964 4225 ὐρᾷς
2983 4153 3133 4210 ὅπως
3154 4153 3246 4205 καὶ
3268 4153 3296 4204 ὀ
3317 4153 3592 4221 Ζακχαῖος

328 4250 444 4296 tum
490 4244 778 4301 aboletur:
815 4248 886 4302 ita
917 4250 1086 4305 etiam
1119 4260 1281 4308 vetus
1316 4253 1483 4308 homo
1507 4254 1735 4325 justitia:
1775 4271 1899 4327 Ope-

2004 4247 2070 4316 τῇ
2102 4245 2367 4316 μεταϐολῇ
2400 4245 2495 4299 τοῦ
2527 4245 2642 4316 βίου
2684 4245 2776 4299 τὸν
2805 4243 3039 4314 τελώνην
3101 4244 3411 4308 ἀπέκτεινε,
3451 4242 3591 4313 πρὸς

328 4333 484 4389 ribus
514 4347 814 4394 exornatus
840 4340 1110 4397 aboletur.
1158 4341 1322 4400 Vides
1364 4346 1612 4402 utetiam
1641 4346 1899 4404 Zachazus

2009 4335 2109 4406 μὲν
2135 4335 2262 4399 τοὺς
2309 4335 2682 4407 ζημιωθέντας
2711 4335 2912 4400 ἀδίκως
2946 4334 3254 4405 τετραπλῆν
3294 4335 3591 4401 ἐπανάγων

328 4425 633 4482 mutatione
679 4429 803 4484 vitae
846 4432 1086 4488 instituti
1125 4436 1478 4504 publicanum
1525 4441 1762 4506 occidit,
1797 4441 1899 4505 iis,

2005 4427 2104 4500 τὴν
2130 4427 2384 4482 ἀπόδοσιν
2406 4442 2419 4458 ο
2445 4426 2668 4498 ἐμέριζε
2693 4429 2751 4482 δὲ
2775 4431 2886 4492 τοῖς
2909 4430 3143 4498 πτωχοῖς
3169 4427 3238 4479 τὰ
3260 4427 3588 4492 κατάλοιπα,

325 4518 420 4586 qui
457 4518 716 4575 damnum
752 4522 954 4592 injuria
985 4537 1348 4596 acceperant,
1384 4530 1750 4600 quadruplum
1780 4533 1899 4602 ejus

2005 4519 2042 4573 ἃ.
2093 4520 2354 4592 πρότερον
2402 4519 2554 4590 παρὰ
2595 4519 2702 4574 τῶν
2747 4520 2975 4590 πτωχῶν
3019 4519 3349 4590 θλιϐομένων
3397 4519 3592 4584 κακῶς

326 4608 473 4678 quod
507 4611 840 4678 amiserant,
873 4629 1144 4685 reponens
1173 4635 1186 4670 :
1222 4619 1501 4674 distribuit
1534 4622 1663 4677 item
1695 4639 1899 4693 paupe-

2007 4609 2384 4682 ἐθησαύρισεν.
2424 4610 2828 4682 Εὐαγγελιστὴς
2861 4613 2888 4665 6
2916 4611 3193 4673 Ματθαῖος
3219 4611 3378 4673 ἄλλος
3414 4610 3588 4663 τελώ-

327 4698 482 4755 ribus
510 4701 740 4771 reliqua,
765 4717 886 4771 qua:
913 4703 1066 4771 prius
1095 4719 1124 4758 a
1155 4709 1489 4778 pauperibus
1518 4711 1659 4766 male
1686 4718 1899 4766 extorta

2003 4721 2120 4774 νης,
2150 4702 2438 4773 ὁμότεχνος
2468 4702 2562 4756 τοῦ
2593 4703 2888 4774 Ζακχαίου,
2917 4703 3117 4766 εὐθέως
3148 4702 3285 4772 μετὰ
3319 4702 3417 4772 τὴν
3449 4701 3586 4773 κλῆ-

325 4789 622 4860 collegerat
659 4791 730 4845 ⁸ο.
762 4790 1106 4863 Evangelista
1146 4793 1435 4852 Matthteus
1473 4799 1620 4854 alius
1661 4798 1899 4868 publica-

2008 4812 2089 4850 σιν
2117 4793 2306 4866 ὥσπερ
2329 4813 2383 4849 τι
2416 4798 2756 4866 προσωπεῖον
2774 4794 2974 4866 ἠμειψε
3003 4793 3096 4847 τὸν
3124 4792 3258 4864 βίον.
3283 4791 3531 4864 Διώκτης
3557 4796 3589 4846 ὁ

246 4879 255 4890 “
324 4895 432 4935 nus
479 4879 524 4914 ⁸⁸
585 4883 835 4939 eumdem
885 4900 1011 4940 cum
1058 4884 1290 4942 Zachan
1330 4898 1600 4958 quaestum
1650 4887 1898 4953 faciens,

2007 4886 2237 4953 Παῦλος,
2255 4888 2388 4942 ἀλλὰ
2419 4887 2556 4959 μετὰ
2568 4888 2675 4958 τὴν,
2689 4888 2849 4958 χάριν
2877 4887 3214 4950 Ἀπόστολος,
3240 4886 3465 4957 βαρείας
3488 4888 3590 4954 φέ-

323 4967 685 5039 eamdemque
725 4981 898 5028 artem
939 4989 1239 5038 exercens,
1274 4978 1458 5031 statim
1502 4986 1626 5048 post
1656 4980 1899 5035 vocatio-

2003 4997 2112 5050 ρων
2128 4979 2226 5043 τὰς
2241 4980 2457 5043 ἁλύσεις
2474 4980 2612 5051 ὑπὲρ
2629 4979 2888 5050 Χριστοῦ,
2906 4981 2985 5043 εἰς
3001 4977 3293 5048 ἀπολογίαν
3310 4977 3403 5031 καὶ
3424 4979 3592 5048 μετά-

323 5076 448 5117 nem
501 5068 765 5132 tanquam
812 5080 1105 5134 personam
1153 5070 1448 5138 quamdam
1498 5071 1622 5125 vitze
1671 5071 1899 5127 mutavit

2003 5086 2151 5124 νοιαν
2183 5071 2292 5125 τῶν
2325 5070 2520 5124 ἀδίκων
2568 5071 2818 5141 δεσμῶν,
2844 5069 2882 5124 ἃ
2929 5069 3080 5139 παρὰ
3129 5068 3222 5122 τοῦ
3254 5069 3421 5139 νόμου
3454 5071 3589 5122 ποτε

323 5155 668 5211 institutum.
721 5157 1052 5214 Persecutor
1111 5162 1302 5231 (erat)
1352 5161 1584 5229 Paulus,
1629 5161 1727 5217 sed
1780 5171 1899 5233 post

2003 5161 2180 5216 λαϐὼν
2230 5163 2372 5217 κατὰ
2415 5163 2523 5216 τῶν
2566 5162 2912 5231 Εὐαγγελίων
2966 5162 3253 5216 ἐϐάστασε.
3314 5160 3588 5230 Τοιαύτην

323 5248 555 5315 gratiam
607 5249 908 5319 Apostolus
957 5251 1026 5316 δ’,
1074 5267 1271 5322 graves
1326 5253 1521 5324 (illas)
1574 5254 1754 5310 ferens
1802 5270 1899 5325 pro

2007 5255 2285 5327 προσῆκεν
2331 5250 2466 5310 εἶναι
2506 5256 2602 5328 τὴν
2643 5257 3028 5326 ἀναγεννησιν·
3073 5253 3243 5317 οὕτως
3279 5251 3585 5320 ἐξαλείφειν

323 5336 544 5395 Christo
570 5349 796 5397 catenas
821 5341 889 5396 ad
919 5343 1292 5412 paenitentiam
1322 5351 1378 5398 ct
1407 5345 1782 5415 purgationem
1814 5346 1899 5400 in—

2009 5345 2107 5417 τὴν
2137 5345 2277 5418 πρὸς
2301 5347 2398 5417 τὴν
2441 5347 2711 5419 ἁμαρτίαν
2750 5345 3041 5417 συνήθειαν
3059 5363 3074 5376 ·
3103 5343 3246 5398 οὕτω
3303 5342 3584 5396 πολιτεύε-

319 5426 597 5495 justorum
626 5432 1004 5500 vinculor-um,
1034 5451 1156 5506 qua:
1187 5452 1312 5491 cum
1344 5436 1641 5507 aliquando
1667 5453 1899 5507 accepis-

2009 5436 2131 5490 σθαι
2159 5437 2285 5502 τοὺς
2316 5421 2464 5502 υἱοὺς
2510 5439 2603 5492 τοῦ
2637 5438 2770 5492 Θεοῦ
2791 5456 2805 5470 ο
2845 5438 3008 5492 τέκνα
3034 5438 3142 5510 γὰρ
3189 5437 3399 5490 ἐκείνου
3445 5437 3581 5506 μετὰ

325 5524 410 5571 set
453 5533 484 5571 a
530 5520 684 5591 lege,
735 5523 1004 5581 adversus
1047 5525 1340 5598 Evangelia
1389 5528 1666 5596 portabat.
1709 5527 1899 5582 Talem

2005 5529 2103 5599 τὴν
2138 5528 2294 5600 χάριν
2326 5530 2613 5601 ἀκούομεν.
2654 5531 2762 5584 Καὶ
2795 5530 2882 5584 διὰ
2922 5529 3082 5584 τοῦτο
3116 5529 3389 5600 προσῆκεν
3417 5530 3579 5599 ἀκρι-

325 5611 584 5664 convenit
613 5626 736 5669 esse
768 5617 1278 5686 regenerationem,
1316 5619 1391 5672 ita
1419 5619 1643 5673 abolere
1685 5625 1899 5688 Oportet

2011 5619 2119 5683 ϐῶς
2165 5620 2633 5692 ἐπισκοπήσασθαι
2669 5622 2737 5676 τὰ
2766 5621 2859 5675 τοῦ
2887 5620 3204 5692 γεννήτορος
3247 5618 3402 5689 ἡμῶν
3439 5614 3572 5670 ἰδιώ-

398 5784 444 5820 ⁹⁹
463 5783 609 5844 Psal.
642 5804 834 5858 xxvm,
868 5793 996 5859 5,4.
1076 5795 1120 5828 ⁸ο
1152 5794 1282 5853 Luc.
1317 5813 1427 5864 xix,
1462 5800 1513 5854 8.
1596 5801 1638 5832 δι
1681 5801 1872 5856 Matth.
1915 5815 1989 5864 ix,
2025 5799 2076 5854 9.
2155 5801 2198 5831 ³³
2231 5800 2348 5855 Act.
2405 5816 2482 5866 Ix,
2518 5799 2538 5852 l
2571 5814 2691 5868 sqq.
3099 5729 3147 5776 Ι

1805 6109 2066 6180 λίς.
