3930 6210
257 386 359 440 591

1460 401 1526 457 ΙΝ
1567 402 1965 484 BAPTISMUM
2015 407 2308 468 CHRISTI.

3425 412 3528 471 598

262 518 434 602 ματα,
466 502 553 556 ίνα
755 506 1050 602 ὁμοιότητα
1083 511 1176 567 τοῦ
1209 516 1416 587 πατρὸς
1464 518 1692 585 ἑαυτοὺς
1721 538 1845 593 μορ-

1953 531 2404 588 consuetudinem
2435 548 2560 589 cum
2596 538 2854 602 peccato,
2901 532 2977 586 ita
3012 528 3157 586 ﬁlios
3192 528 3287 585 Dei
3325 529 3381 583 in
3413 530 3527 583 vita

258 594 493 664 φοῦντες
521 597 614 650 καὶ
642 600 1092 669 σχηματίζοντες,
1119 606 1332 677 γνήσιοι
1369 609 1691 681 φαινώμεθα
1717 615 1849 665 παῖ-

253 685 352 751 δες
397 684 495 741 τοῦ
532 689 669 759 πρὸς
702 689 800 762 τὴν
842 694 1147 765 εἰσποίησιν
1176 698 1325 769 ἡμᾶς
1364 699 1464 772 τὴν
1506 701 1651 755 κατὰ
1690 702 1851 774 χάριν

255 777 611 843 καλέσαντος.
660 781 868 836 δαῦλον
909 783 1018 855 γὰρ
1072 787 1437 861 κατηγόρημα
1482 793 1512 844 6
1551 791 1704 856 νόθος
1755 793 1850 848 καὶ

256 864 670 937 ὑποϐολιμαῖος,
694 870 794 943 τὴν
821 873 1094 946 πατρικὴν
1117 876 1393 945 εὐγένειαν
1425 880 1651 938 ἐπὶτῶν
1675 884 1850 954 ἔργων

255 955 712 1029 ψευδόμενοςΔιό
735 978 827 1031 μοι
850 963 1002 1020 δοκεῖ
1025 966 1119 1021 καὶ
1138 967 1298 1033 αὐτὸς
1315 971 1344 1023 6
1365 971 1567 1045 Κύριος
1587 977 1647 1028 ὲν
1669 976 1847 1046 Εὐαγο

256 1049 458 1117 γελίοις
494 1051 625 1116 τοὺς
651 1053 748 1106 τοῦ
781 1053 897 1124 βίου
925 1057 1151 1122 κανόνας
1178 1060 1481 1118 διατάττων
1516 1066 1669 1136 ἡμῖν,
1702 1067 1848 1121 ὲκεί-

256 1157 372 1203 νοις
397 1140 636 1213 χρῆσθαι
665 1144 804 1217 πρὸς
829 1149 957 1212 τοὺς
995 1149 1469 1224 μαθητευομένους
1497 1158 1610 1221 τοῖς
1648 1157 1845 1228 λόγοις,

261 1232 479 1301 Καλῶς
517 1234 744 1291 ποιεῖτε
764 1238 890 1304 τοῖς
905 1242 1201 1309 μισοῦσιν
1228 1243 1404 1315 ὑμᾶς,
1431 1250 1849 1319 προσεύχεσθε

260 1323 414 1392 ὑπὲρ
463 1324 586 1381 τῶν
637 1327 1084 1398 ἐπηρεαζόντων
1122 1335 1282 1405 ὑμᾶς
1327 1339 1426 1393 καὶ
1472 1339 1847 1412 διωκόντων,

256 1412 421 1483 ὅπως
452 1416 714 1488 γένησθε
742 1421 857 1477 υἱοὶ
888 1423 995 1480 τοῦ
1035 1427 1268 1495 Πατρός
1303 1428 1470 1498 ὑμῶν
1494 1431 1599 1485 τοῦ
1640 1432 1712 1485 ἐν
1746 1436 1846 1488 οὺ-

248 1506 482 1575 ρανοῖς,
524 1508 613 1564 ὅτι
640 1509 749 1565 τὸν
774 1510 954 1579 ἥλιον
978 1516 1164 1569 αὐτοῦ
1190 1518 1506 1575 ἀνατέλλει
1532 1523 1629 1578 ἐπὶ
1660 1539 1845 1593 πονη-

1953 632 2075 674 sese
2099 635 2287 691 gerere
2315 623 2470 680 decet
2501 642 2514 679 :
2543 623 2642 678 lilii
2668 623 2815 678 enim
2844 621 2994 676 illius
3024 629 3151 693 post
3176 621 3411 692 gratiam
3438 635 3530 675 vo-

1951 723 2163 766 camur.
2189 713 2369 783 Atque
2398 714 2611 771 idcirco
2639 720 2833 771 exacte
2865 714 3124 770 convenit
3145 712 3419 783 inspicere
3440 726 3529 781 ge-

1952 802 2152 859 nitoris
2180 806 2356 862 nostri
2383 809 2751 877 proprietates
2771 847 2785 870 ,
2814 815 2875 861 ut
2901 805 2969 860 ad
2995 802 3411 861 similitudinem
3436 817 3529 874 pa-

1950 894 2051 951 tris
2077 907 2294 953 nosmet
2325 897 2626 955 formantes
2649 908 2703 955 et
2726 899 3046 969 ellingentes
3064 935 3080 961 ,
3107 896 3222 952 veri
3242 934 3257 956 ,
3281 894 3527 965 iustique

1950 1001 2016 1041 ac
2049 987 2278 1059 legitimi
2324 988 2420 1044 lilii
2464 989 2662 1046 ﬁamus
2704 989 2863 1059 ejus,
2897 989 2994 1058 qui
3035 986 3239 1044 nos'ad
3282 985 3530 1054 adoptio-

1948 1093 2112 1144 nem,
2141 1093 2265 1150 qua:
2304 1095 2403 1151 per
2447 1081 2683 1151 gratiam
2723 1079 3027 1148 contingit,
3074 1076 3308 1134 vocavit.
3348 1074 3529 1131 Grave

1947 1167 2096 1221 enim
2124 1168 2388 1237 probrum
2421 1176 2540 1235 est,
2571 1168 2959 1232 adulterinus,
2988 1166 3216 1238 spurius
3247 1174 3302 1221 et
3334 1163 3528 1221 subdi-

1948 1258 2139 1326 titius,
2171 1261 2265 1330 qui
2297 1259 2462 1315 factis
2493 1261 2610 1317 suis
2659 1269 2942 1332 paternam
2985 1259 3331 1315 nobilitatem
3377 1255 3524 1310 fallat

1947 1358 2111 1420 atque
2153 1350 2471 1408 ludiﬁcetur
2507 1371 2521 1407 :
2582 1358 2875 1422 propterea
2923 1350 3056 1404 mihi
3105 1349 3323 1404 videtur
3361 1346 3526 1402 etiam

1947 1440 2065 1516 ipse
2097 1442 2365 1498 Dominus
2402 1444 2457 1498 in
2492 1442 2803 1513 Evangeliis
2834 1442 3055 1498 vivendi
3099 1440 3319 1510 regulas
3367 1437 3527 1492 nobis

1946 1532 2344 1601 praescribens,
2383 1535 2493 1589 illis
2522 1535 2587 1589 ad
2620 1535 2925 1604 discipulos
2973 1533 3053 1586 uti
3082 1530 3271 1587 verbis
3305 1548 3318 1583 :
3365 1528 3530 1582 Bene-

250 1598 405 1701 ρούς
450 1601 872 1701 καί
914 1607 1015 1701 καί
1052 1608 1263 1679 βρέχει
1302 1611 1402 1665 ἐπὶ
1445 1612 1716 1682 δικαίους
1744 1604 1843 1671 καὶ

1953 1598 2106 1685 facile
2138 1622 2260 1678 odio
2311 1598 2919 1696 prosequentibus—uos,
2961 1633 3111 1678 orate
3155 1638 3252 1692 pro
3310 1621 3376 1675 iis
3437 1619 3529 1687 qui

256 1687 529 1756 ἀδίκους.
559 1692 723 1757 Υίοὺς
762 1695 873 1765 γάρ
904 1695 1024 1750 τότε
1064 1699 1309 1767 γίνεσθαι
1354 1701 1523 1771 λέγει,
1566 1706 1696 1759 ὅταν
1744 1710 1843 1779 τῆς

1953 1711 2145 1766 ῐιειίιιηε
2196 1729 2259 1766 ac
2308 1687 2696 1785 persequuntur
2741 1731 2861 1778 vos,
2903 1687 2972 1767 tut
3017 1687 3165 1768 sitis-
3189 1712 3292 1782 ﬁlii
3345 1704 3528 1764 Patris

258 1784 540 1875 πατριαῖκ
567 1785 902 1856 ἀγαθότητος
942 1788 1042 1861 τὴν
1067 1791 1327 1861 ὁμοίωσιν
1355 1796 1413 1848 ὲν
1438 1797 1504 1867 τῇ
1547 1798 1682 1867 πρὸς
1716 1801 1840 1864 τοὺς

1953 1805 2126 1871 vestri,
2155 1807 2245 1873 qui
2273 1816 2352 1860 est
2378 1807 2431 1860 in
2457 1807 2603 1861 caelis
2625 1848 2641 1873 ,
2670 1807 2923 1875 quoniam
2954 1805 3120 1860 solem
3142 1820 3299 1859 suum
3325 1800 3531 1856 exoriri

256 1873 576 1965 ὁμοφύλους
613 1878 990 1954 φιλανθρωπίᾳ
1031 1885 1144 1947 τοῖς
1176 1885 1401 1951 οἰκείοις
1444 1889 1722 1961 λογισμοῖς
1760 1893 1844 1945 ἐν·

1953 1895 2077 1950 sinit
2108 1911 2268 1964 super
2300 1897 2473 1951 malos
2506 1906 2555 1951 et
2584 1873 2746 1952 bon-os
2767 1937 2781 1962 ,
2819 1906 2867 1951 et
2900 1898 3137 1965 pluviam
3168 1895 3333 1949 mittit
3373 1904 3532 1959 super
3608 1882 3611 1883 ⁷

256 1981 331 2017 τυ
340 1963 638 2024 πώσωνται.

1939 1986 2118 2056 justas
2160 1996 2212 2042 et
2253 1989 2485 2059 injustas
2517 1990 2582 2044 “.
2616 1989 2789 2044 Filios
2833 1989 2981 2044 enim
3015 1994 3152 2043 tunc
3194 1986 3311 2042 ﬁeri
3356 1983 3529 2046 dicit,

256 2070 392 2110 cum
424 2057 843 2121 similitudinum
868 2072 1111 2136 paterna:
1148 2067 1434 2138 bonitatis,
1496 2072 1889 2132 humanitatem
1928 2092 2057 2152 erga
2101 2057 2393 2150 populares
2438 2089 2493 2137 et
2539 2082 2825 2152 proximos
2870 2079 3221 2152 praestando,
3274 2076 3533 2134 sensibus

253 2152 382 2208 suis
411 2161 467 2209 et
494 2158 925 2228 cogitationibus
952 2162 1360 2233 impresserint.

327 2248 431 2303 Διὰ
456 2250 618 2305 τοῦτο
647 2254 743 2308 καὶ
777 2255 914 2326 μετά
945 2255 1006 2311 τὸ
1047 2258 1148 2328 τῆς
1176 2256 1447 2325 υἱοθεσίας
1476 2260 1714 2333 ἀξίωμα,
1746 2263 1842 2317 καὶ

250 2343 283 2394 6
310 2342 560 2408 διάῦολος
592 2346 723 2416 ἡμῖν
774 2346 1115 2403 ἐπιϐουλεύει
1159 2350 1545 2426 σφοδρότερον·
1587 2354 1843 2428 βασκάνῳ

251 2434 561 2506 τηκόμενος
588 2437 870 2510 ὀφθαλμῷ,
905 2438 1032 2497 ὅταν
1066 2440 1239 2515 βλέπῃ
1277 2440 1374 2496 τοῦ
1419 2447 1700 2515 νεογενοῦς
1749 2450 1842 2503 άν-

250 2522 480 2594 θρώπω
517 2527 582 2581 τὸ
610 2528 827 2595 κάλλος,
861 2531 1182 2597 σπεύδοντος
1212 2534 1359 2606 ,πρὸς
1394 2534 1494 2607 τὴν
1522 2537 1841 2610 ἐπουράνιον

252 2617 560 2683 πολιτείαν,
588 2621 682 2690 ἀφ’
707 2617 776 2693 ἧς
798 2623 1004 2689 ἐκεῖνος
1030 2624 1256 2693 ἐξέπεσε
1273 2643 1287 2658 ο
1309 2627 1403 2682 καὶ
1429 2618 1696 2700 πυρώδεις
1715 2632 1846 2702 ἡμῖν

248 2710 536 2781 ὲτεγείρει
567 2711 694 2775 τοὺς
724 2718 1086 2787 πειρασμοὺς,
1138 2718 1373 2789 συλῆσαι
1400 2721 1712 2785 σπουδάζων
1750 2724 1845 2778 καὶ

247 2801 356 2870 τὴν
385 2801 651 2874 δευτέραν
698 2806 1084 2879 ἑπικόσμησιν,
1115 2808 1192 2873 ὡς
1218 2809 1309 2863 τὸν
1339 2808 1545 2881 κόσμον
1583 2811 1673 2865 τὸν
1712 2813 1845 2884 πρός

248 2907 435 2961 τερον.
473 2891 610 2944 Ἀλλ’
638 2894 767 2951 ὅταν
789 2895 1106 2967 αἰσθώμεθα
1122 2898 1232 2953 τῶν
1256 2901 1464 2953 ἐκείνου
1494 2902 1807 2973 προσϐαλῶν
1825 2943 1842 2970 ,

249 2982 510 3054 προσῆκε
541 2984 640 3056 τὴν
681 2986 1045 3060 ἀποστολικὴν
1095 2990 1252 3062 ῥῆσιν
1286 2993 1496 3057 ἑαυτοῖς
1540 2994 1840 3061 ἐπιλέγειν·

255 3076 424 3129 Ὅσοι
446 3077 536 3142 εις
564 3078 822 3146 Χριστὸν
843 3081 1306 3152 ἐϐαπτίσθημεν,
1334 3086 1423 3151 εἰς
1450 3085 1557 3139 τὸν
1587 3086 1847 3141 θάνατον

251 3165 448 3220 αὑτοῦ
476 3166 940 3239 ἐϐαπτίσθημεν.
973 3171 1037 3224 Ei
1068 3171 1125 3225 δὲ
1155 3172 1579 3245 σύμμορφοιτοῦ
1614 3176 1844 3230 θανάτου

2022 2260 2231 2316 Idcirco
2274 2261 2441 2317 etiam
2492 2269 2614 2331 post
2661 2260 2974 2331 adoptionis
3015 2259 3382 2331 dignitatem,
3411 2257 3534 2314 dia-

1948 2354 2108 2409 bolus
2146 2354 2308 2409 nobis
2351 2355 2729 2409 vehementius
2771 2353 3081 2418 insidiatur,
3127 2349 3314 2405 invido
3360 2351 3527 2404 oculo

1948 2445 2380 2511 contabescens,
2415 2445 2545 2499 dum
2592 2458 2789 2502 recens
2824 2448 2941 2500 nati
2986 2436 3229 2499 hominis
3267 2440 3534 2497 festinan-

1948 2534 2020 2590 tis
2066 2534 2136 2588 ad
2161 2534 2439 2589 ctelestem
2482 2536 2912 2604 rempublicam,
2964 2534 3108 2591 unde
3152 2535 3247 2591 ille
3290 2537 3519 2603 excidit,

1954 2625 2420 2697 pulchritudinem
2442 2626 2720 2691 intuetur,
2745 2635 2804 2683 et
2827 2628 3059 2683 acerbas
3088 2627 3255 2684 nobis
3282 2634 3353 2683 ac
3376 2626 3534 2684 velte-
3560 2624 3567 2637 '

1956 2728 2168 2774 mentes
2208 2718 2416 2773 excitat
2452 2718 2822 2784 tentationcs,
2854 2709 3159 2773 secundum
3188 2732 3410 2791 quoque
3438 2705 3532 2775 or-

1950 2818 2269 2865 nomentum
2296 2811 2461 2869 sicuti
2490 2812 2727 2881 priorem
2756 2820 3011 2865 ornatum
3037 2811 3256 2868 auferre
3280 2812 3531 2868 studens.

1952 2897 2154 2955 Verum
2185 2901 2277 2956 ubi
2306 2903 2651 2958 senserimus
2674 2902 2797 2973 ejus
2820 2903 3102 2970 incursus,
3128 2906 3388 2960 convenit
3407 2922 3533 2977 apo-

1952 2993 2207 3048 stolicum
2227 2994 2433 3050 dictum
2456 2995 2868 3067 nobismetipsis
2882 2995 3159 3065 subjicere
3183 3015 3196 3052 :
3225 2988 3535 3069 Quicunque

1950 3084 2007 3137 in
2033 3082 2305 3139 Christum
2330 3086 2588 3155 baptizati
2611 3103 2816 3149 sumus,
2840 3087 2895 3140 in
2923 3096 3144 3141 mortem
3169 3088 3337 3157 ipsius
3365 3087 3536 3154 bapti-

1952 3176 2063 3230 zati
2095 3193 2278 3232 sumus
2308 3176 2375 3231 “.
2421 3176 2579 3244 Quod
2623 3178 2670 3233 si
2711 3177 3031 3233 conformes
3078 3177 3242 3232 morti
3272 3176 3404 3232 facti
3438 3195 3533 3233 su-

255 3258 600 3329 γεγόναμεν,
634 3260 803 3332 νεκρά
852 3262 1070 3326 πάντως
1117 3263 1301 3318 λοιπὸν
1333 3266 1392 3318 ἐν
1426 3267 1557 3339 ἡμῖν
1591 3269 1625 3337 ἡ
1665 3268 1847 3339 ἀμαρ-

1953 3281 2098 3330 mus,
2127 3275 2404 3321 mortuum
2432 3280 2664 3337 prorsus
2687 3264 2946 3336 deinceps
2972 3266 3027 3320 in
3060 3267 3222 3322 nobis
3249 3274 3532 3336 peccatum

244 3350 367 3413 σία,
399 3350 483 3420 τῷ
504 3353 838 3425 σειρομάστῃ
870 3353 1173 3408 διελαθεῖσα
1220 3356 1313 3410 τοῦ
1343 3356 1738 3428 βαπτίσματος,
1772 3358 1847 3422 ὡς

260 3443 290 3495 δ
322 3444 522 3517 πόρνος
554 3446 762 3510 ἐκεῖνος
792 3447 963 3517 ⁸παρά
1000 3448 1242 3518 ζηλωτοῦ
1293 3449 1388 3503 τοῦ
1433 3450 1639 3514 Φινεές.
1673 3449 1846 3520 Φεῦγε

264 3535 442 3590 τοίνυν
484 3537 580 3605 ἀφ’
609 3535 788 3608 ἡμῶν,
816 3537 1100 3611 δυσώνυμε
1120 3558 1134 3571 ·
1165 3541 1357 3610 νεκρὸν
1384 3540 1493 3611 γὰρ
1536 3540 1713 3606 θέλεις
1748 3559 1846 3595 συο-

266 3622 464 3689 λεύειν,
494 3625 587 3679 τὸν
613 3625 783 3680 πάλαι
814 3643 896 3681 σοι
928 3626 1351 3700 συνταξάμενον,
1380 3629 1474 3683 τὸν
1511 3631 1850 3686 ἀπολέσαντα

270 3715 433 3768 πάλαι
464 3715 600 3787 πρὸς
626 3715 726 3781 τάς
770 3717 966 3788 ἡδονάς
1000 3719 1100 3782 τὰς
1137 3718 1440 3792 αἰσθήσεις.
1494 3721 1707 3795 Νεκρδς
1744 3740 1850 3777 σωο

273 3807 460 3875 μάτων
506 3807 605 3861 οὐκ
636 3809 758 3880 ἐρᾷ,
791 3809 984 3880 νεκρὸς
1031 3812 1129 3882 οὐχ
1178 3812 1455 3867 ἁλίσκεται
1494 3813 1728 3887 πλούτῳ,
1760 3835 1849 3870 νε-

275 3897 407 3967 κρὸς
429 3897 495 3950 οὗ
525 3905 862 3968 συκοφαντεῖ,
898 3903 1090 3976 νεκρὸς
1129 3906 1192 3959 οὐ
1230 3904 1505 3976 ψεύδεται,
1539 3909 1637 3979 οὐχ
1670 3909 1849 3980 άρπά-

272 3987 357 4051 ζει
380 3988 451 4041 τὰ
479 3989 552 4059 μὴ
584 3994 938 4063 προσήκοντα,
960 3996 1020 4048 οὺ
1042 3995 1357 4066 λοιδορεῖται
1372 4001 1484 4063 τοῖς
1512 4001 1853 4072 προστυγχά-

270 4096 444 4133 νουσι.
502 4080 639 4152 Πρὸς
681 4084 850 4156 ἀλλην
906 4103 999 4157 μοι
1055 4087 1198 4158 ζωὴν
1249 4090 1279 4141 6
1332 4089 1444 4159 βίος
1492 4091 1848 4162 ὲκανονίσθη·

265 4170 595 4242 ἐπαιδεύθην
638 4173 746 4227 τῶν
791 4176 1101 4246 ὲγκοσμίων
1145 4181 1529 4249 καταφρονεῖν,
1571 4180 1641 4236 τά
1687 4181 1853 4252 γήϊνα

266 4264 656 4335 παρατρέχειν,
704 4268 795 4320 καὶ
842 4267 1092 4322 σπεύδειν
1124 4269 1259 4340 πρὸς
1286 4270 1354 4323 τά
1392 4272 1638 4341 οὐράνια,
1673 4273 1852 4336 καθὼς

265 4351 361 4404 καὶ
432 4352 649 4416 Παῦλος
715 4354 1010 4427 διαρρήδην
1072 4357 1442 4429 μαρτύρεται,
1509 4362 1587 4414 ὅτι
1651 4362 1853 4432 κόσμος

260 4444 462 4514 ἐκείνῳ
492 4445 854 4515 ἐσταύρωται,
903 4449 1152 4514 κάκεῖνος
1182 4448 1259 4522 τῷ
1292 4450 1498 4523 κόσμῳ.
1546 4451 1732 4508 Ταῦτα
1758 4452 1854 4522 ψυ-

260 4536 371 4607 χῆς
400 4535 620 4607 άληθῶς
670 4538 1126 4612 ἀναγεννηθείσης
1162 4540 1231 4594 τά
1279 4542 1497 4612 ῥήματα
1519 4560 1534 4573 ο
1570 4535 1729 4596 αὗται
1759 4542 1852 4596 τοῦ

257 4629 548 4695 νεοτελοῦς
580 4629 867 4703 ἀνθρώπου
910 4634 1106 4703 φωναὶ,
1138 4633 1232 4688 τοῦ
1272 4636 1618 4708 μεμνημένου
1643 4637 1741 4707 τῆς
1773 4638 1852 4689 οἱ·

257 4721 426 4785 κείας
469 4722 778 4793 ὁμολογίας,
826 4724 892 4796 ἦν
943 4726 1002 4780 ὲν
1055 4729 1123 4798 τῇ
1171 4727 1467 4799 παραδόσει
1506 4728 1599 4782 τοῦ
1646 4746 1855 4802 μυστη-

262 4811 399 4884 pice.
428 4813 565 4885 πρὸς
594 4813 727 4869 Θεὸν
779 4816 1092 4887 ἐποιήσατο,
1127 4817 1308 4891 πάσης
1345 4819 1439 4873 καὶ
1466 4820 1735 4892 τιμωρίας
1764 4821 1859 4875 καὶ

258 4905 469 4975 ἡδονῆς
522 4905 665 4979 ὑπὲρ
713 4907 812 4977 τῆς
860 4910 940 4972 είς
1002 4910 1166 4962 αὑτὸν
1220 4910 1441 4980 ἀγάπης
1498 4915 1858 4981 καταφρονεῖν

252 4994 667 5068 ὑποσχόμενος.
718 4997 903 5052 Ταῦτα
947 4999 1046 5070 μὲν
1092 4995 1185 5055 οὖν
1231 5002 1523 5072 αὐτάρκως
1572 5001 1709 5072 πρὸς
1756 5001 1857 5073 τὴν

253 5085 436 5159 ἱεράν
460 5088 557 5157 της
585 5088 796 5161 ὴμέρας
827 5089 1102 5152 ὑπόθεσιν,
1135 5092 1202 5162 ἢν
1228 5091 1257 5144 ὁ
1286 5090 1584 5155 κυκλωθεὶς
1616 5092 1858 5156 ἐνιαυτὸς

240 5179 636 5248 τεταγμέναις
680 5180 816 5252 πρὸς
849 5182 995 5253 ἡμᾶς
1023 5183 1219 5253 ἤνεγκε
1266 5181 1549 5253 περιόδοις.
1585 5181 1763 5236 Καλὸν
1801 5181 1858 5235 δὲ

242 5269 465 5325 λοιπὸν
488 5267 565 5339 τῷ
590 5267 956 5342 φιλανθρώπῳ
982 5272 1081 5343 τῆς
1104 5271 1373 5342 τοσαύτης
1398 5271 1604 5343 δωρεᾶς
1639 5271 1858 5343 χορηγῷ

250 5359 735 5434 προσαναπαύσαι
761 5362 852 5417 τὸν
888 5363 1065 5433 λόγον,
1098 5362 1279 5435 φωνὴν
1311 5362 1496 5434 ὀλίγην
1539 5361 1680 5434 ὑπὲρ
1720 5380 1860 5436 πρα-

251 5452 510 5525 γμάτων
544 5453 795 5523 μεγάλων
836 5454 936 5527 τὴν
982 5454 1214 5527 ἀμοιϐὴν
1259 5454 1733 5527 άντεισφέροντας.
1784 5453 1856 5507 Σὺ

253 5547 383 5617 γὰρ
419 5542 639 5613 άληθῶς
666 5544 950 5620 ὑπάρχεις,
980 5547 1245 5612 Δέσποτα,
1274 5544 1491 5618 καθαρὰ
1516 5546 1609 5605 καὶ
1638 5543 1858 5609 ἁένναος

256 5641 370 5711 τῆς
389 5637 758 5713 ἀγαθωσύνης
787 5639 959 5713 πηγὴ,
976 5639 1036 5705 δς
1059 5639 1415 5713 ἀπεστράφης
1444 5641 1587 5712 ἡμᾶς
1610 5631 1856 5703 δικαίως,

351 5817 399 5851 ⁸³
430 5815 631 5873 Matth.
665 5833 719 5879 ν.
755 5742 960 5884 64:65.

1948 3364 2036 3412 est
2056 3396 2072 3422 ,
2100 3356 2294 3411 lancea
2320 3356 2675 3426 baptismatis
2696 3399 2711 3423 ,
2744 3356 2891 3411 sicut
2916 3356 3008 3412 ille
3035 3364 3312 3413 scortator
3342 3372 3371 3410 a
3399 3354 3535 3410 Phi-

1950 3462 2119 3504 neeso
2145 3448 2342 3512 zelote,
2366 3448 2461 3518 qui
2490 3449 2676 3504 studio
2703 3457 2870 3519 atque
2900 3463 3087 3503 amore
3118 3446 3208 3502 Dei
3238 3446 3529 3518 ﬂagrabat,

1950 3538 2244 3611 expulsum
2269 3539 2337 3596 “.
2361 3539 2514 3611 Fuge
2540 3539 2709 3611 igitur
2733 3555 2762 3593 a
2795 3539 2977 3602 nobis,
3004 3538 3342 3593 exsecrande
3368 3547 3536 3607 atque

1952 3630 2225 3695 infausto,
2261 3640 2540 3685 mortuum
2573 3631 2718 3686 etiim
2753 3629 2991 3699 spoliare
3020 3629 3134 3693 vis,
3167 3628 3260 3698 qui
3306 3628 3437 3683 olim
3476 3644 3535 3682 se

1954 3720 2054 3775 tibi
2088 3719 2490 3789 coniunxerat,
2522 3718 2615 3789 qui
2647 3728 2871 3789 prepter
2895 3717 3207 3786 voluptates
3240 3715 3373 3771 olim
3405 3731 3535 3770 seu-

1953 3827 2074 3868 sum
2120 3812 2401 3868 amiserat.
2447 3800 2695 3866 Hortuus
2734 3823 2967 3880 corpora
3011 3823 3119 3862 non
3166 3816 3349 3871 amat,
3383 3820 3533 3860 mor-

1953 3910 2081 3959 tuus
2111 3917 2225 3959 non
2255 3905 2472 3974 capitur
2496 3902 2733 3965 divitiis,
2773 3909 3029 3956 mortuus
3070 3913 3179 3953 non
3228 3898 3536 3954 calumnia-

1952 4003 2066 4061 tur,
2098 4005 2351 4051 mortuus
2381 4010 2492 4050 non
2548 3995 2834 4060 mentitur,
2871 4008 2981 4047 non
3016 3992 3162 4063 rapit
3191 4007 3255 4047 ea
3308 4006 3430 4063 quae
3466 3992 3534 4045 ad

1951 4103 2013 4144 se
2049 4103 2161 4144 non
2190 4091 2507 4158 pertinent,
2544 4104 2655 4142 non
2682 4087 3033 4143 conviciatur
3062 4084 3170 4140 sibi
3201 4084 3421 4139 obviam
3456 4082 3536 4136 fa-

1953 4180 2078 4235 ctis.
2125 4178 2304 4233 Aliam
2355 4182 2477 4233 vitae
2520 4179 2801 4249 regulam,
2836 4178 2999 4230 aliam
3052 4192 3268 4231 morum
3321 4174 3534 4230 institui

1953 4286 2235 4338 normam;
2264 4270 2441 4325 didici
2464 4285 2553 4325 res
2582 4268 2891 4323 mundanas
2915 4274 3289 4330 contemnere,
3314 4274 3533 4320 terrena

1957 4372 2417 4434 praetercurrere,
2470 4368 2524 4415 et
2567 4359 2634 4413 ad
2669 4358 2933 4427 ;cmlestia
2986 4356 3289 4421 festinare,
3337 4372 3535 4426 quem-

1955 4452 2252 4507 admodum
2305 4453 2469 4506 etiam
2518 4450 2721 4505 Paulus
2772 4450 2953 4519 palam
3000 4465 3065 4504 ac
3107 4448 3314 4504 diserte
3358 4457 3533 4504 testa-

1887 4580 1930 4635 υ
1959 4555 2048 4598 tur
2077 4543 2158 4607 “,
2189 4542 2338 4613 quod
2368 4542 2608 4598 mundus
2649 4540 2796 4604 sibi,
2838 4548 2895 4597 et
2939 4541 3058 4611 ipse
3101 4538 3307 4594 mundo
3350 4540 3535 4594 cruci-

1959 4635 2104 4691 lixus
2125 4642 2293 4689 esset.
2325 4633 2451 4689 llaec
2482 4633 2680 4689 anima:
2708 4647 2833 4688 vere
2860 4639 3194 4704 regeneratze
3219 4631 3381 4687 verba
3409 4648 3424 4697 ;
3453 4630 3536 4685 ba:

1959 4740 2155 4780 recens
2206 4725 2407 4780 initiati
2455 4725 2695 4781 hominis
2738 4740 2937 4789 voces,
2980 4726 3265 4795 proprium
3311 4730 3532 4794 pactum

1957 4816 2220 4872 memoria
2272 4818 2509 4873 tenentis
2537 4858 2554 4885 ,
2608 4816 2756 4887 quod
2818 4826 3040 4887 pactum
3111 4816 3167 4871 iu
3238 4814 3534 4870 traditione

1958 4909 2205 4979 mysterii
2231 4924 2356 4962 cum
2384 4906 2494 4963 Deo
2524 4907 2682 4972 fecit,
2714 4921 2838 4960 cum
2868 4920 3082 4959 omnem
3114 4917 3331 4975 pinnam
3354 4947 3370 4971 ,
3401 4919 3535 4959 cru-

1957 4998 2162 5054 ciatum
2189 5009 2245 5054 et
2276 4999 2607 5069 voluptatem
2636 5012 2736 5067 pro
2763 4997 2914 5053 illius
2940 4995 3240 5051 dilectione
3267 5010 3327 5051 se
3352 4996 3535 5066 negle-

1956 5104 2177 5147 Cturum
2197 5106 2322 5145 esse
2337 5090 2610 5161 promisit.
2634 5089 2815 5160 Atque
2839 5089 2955 5143 haec
2980 5087 3202 5159 quidem
3224 5087 3292 5143 ad
3314 5102 3532 5144 sacrum

1957 5181 2065 5238 diei
2096 5190 2513 5252 argumentum,
2541 5195 2703 5251 quem
2742 5177 2887 5235 diem
2923 5179 2976 5232 in
3007 5178 3196 5233 orbem
3230 5180 3393 5235 statis
3421 5180 3532 5233 cir-

1957 5274 2203 5330 cuitibus
2244 5288 2423 5328 annus
2469 5282 2628 5327 actus
2676 5272 2744 5327 ad
2790 5287 2890 5329 nos
2939 5273 3163 5345 retulit,
3194 5271 3341 5327 dicta
3383 5272 3534 5328 suill-

1957 5367 2127 5422 ciant.
2161 5363 2314 5419 Haud
2344 5365 2582 5420 alienum
2630 5364 2891 5434 deinceps
2931 5363 3127 5430 fuerit,
3157 5370 3217 5418 ut
3256 5363 3323 5417 ad
3371 5379 3530 5429 eum,

1958 5457 2051 5529 qui
2079 5462 2291 5511 tantum
2318 5454 2477 5510 nobis
2503 5454 2710 5510 donum
2740 5454 2976 5525 benigne
3004 5454 3238 5526 largitus
3265 5458 3348 5508 est
3368 5492 3382 5518 ,
3410 5467 3535 5508 con-

1960 5563 2121 5606 verso
2149 5562 2401 5605 sermone
2425 5589 2440 5613 ,
2472 5550 2576 5604 hoc
2606 5545 2769 5602 modo
2798 5545 2961 5601 linem
2987 5545 3204 5603 dicendi
3236 5543 3499 5602 faciamus
3517 5586 3532 5611 ,

1959 5639 2213 5711 exiguam
2244 5652 2433 5694 vocem
2477 5654 2795 5711 magnarum
2840 5653 3023 5695 rerum
3066 5634 3533 5708 cornpensationis

1108 5819 1151 5851 δ*
1181 5818 1335 5877 ltum.
1367 5773 1508 5888 v1.3.
1580 5819 1627 5854 ι’
1648 5815 1811 5876 Num.
1838 5833 1978 5887 xxv,
2010 5818 2043 5875 8
2076 5833 2203 5893 sqq.
2276 5818 2322 5851 “
2347 5814 2621 5883 Galat.vt,
2655 5816 2742 5871 14.
