3930 6210
368 422 469 480 599

1617 412 1674 468 S.
1706 408 2032 469 GRI‘ZGORII
2065 402 2352 463 NI'SSENI

3509 366 3620 448 ooo

369 543 488 596 loco
522 540 880 611 proferentes.
912 539 996 594 ’I‘u
1024 541 1174 596 enim
1209 553 1398 596 revera
1418 577 1434 603 ,
1467 535 1731 601 Domine,
1762 548 1937 604 purus
1964 552 1979 592 Α

2047 530 2134 583 καὶ
2175 526 2413 597 ὴλέησας
2442 515 2856 591 φιλανθρώπως.
2902 514 3223 611 Ἐμίσησας,
3273 510 3370 565 καὶ
3387 510 3619 611 ’διηλλά-

368 645 430 684 ac
463 602 724 700 perennis
756 631 878 687 l'ons
910 630 1176 688 bonitatis
1197 645 1292 696 es,
1318 629 1412 700 qui
1451 632 1602 699 jnste
1643 641 1748 681 nos
1763 602 1940 681 aver-

2047 637 2144 690 γης
2161 635 2175 649 ·
2199 614 2514 686 κατηράσω,
2542 609 2634 664 καὶ
2661 608 2971 680 ηὐλόγησας
2989 622 3000 635 ·
3031 604 3297 676 ἐξώρισας
3323 602 3418 656 τοῦ
3445 618 3618 672 παρα-

367 729 550 787 satus,
599 737 666 777 ac
713 723 946 794 benigne
972 723 1147 778 nostri
1185 722 1446 778 misertus
1489 735 1593 785 es;
1639 717 1769 773 odio
1811 732 1940 788 pro-

367 823 614 878 secutus,
636 821 690 868 et
709 815 1094 870 reconciliatus
1119 829 1211 880 es;
1240 821 1560 869 exsecratus
1587 825 1668 874 es,
1685 815 1740 866 et
1764 807 1938 864 bene-

367 903 557 958 dixisti
584 920 599 971 ;
630 905 1012 960 exterminasti
1043 921 1110 960 ex
1140 903 1425 974 paradiso,
1470 909 1524 958 et
1552 902 1748 956 iterum
1781 915 1941 955 revo-

368 995 547 1062 casti;
595 996 800 1052 exuisti
852 1013 954 1052 nos
1001 996 1147 1051 foliis
1197 993 1479 1057 ﬁculneis,
1531 992 1796 1047 indecoro
1842 989 1941 1044 illo

369 1095 716 1155 legumento,
745 1095 800 1142 et
837 1085 1246 1144 circumdedisti
1289 1084 1454 1155 pallio
1495 1083 1771 1154 pretioso;
1812 1095 1941 1151 ape-

371 1177 530 1232 ruisti
564 1193 871 1242 carcerem,
901 1193 966 1233 ac
995 1177 1252 1234 dimisisti
1280 1175 1675 1231 condemnatos
1704 1192 1720 1240 ;
1751 1186 1944 1242 asper-

369 1272 489 1325 sisti
535 1286 676 1341 aqua
727 1286 864 1341 pura
889 1311 906 1338 ,
949 1278 1005 1326 et
1049 1285 1079 1325 a
1109 1269 1366 1325 sordibus
1411 1265 1714 1322 mundasti.
1741 1263 1860 1319 Non
1894 1261 1943 1319 si

373 1362 605 1429 posthac
633 1375 663 1414 a
692 1372 746 1418 te
768 1368 998 1415 vocetur
1021 1359 1196 1414 Adam
1215 1399 1230 1425 ,
1260 1359 1579 1422 erubescet,
1608 1370 1787 1426 neque
1812 1369 1944 1409 con-

373 1451 602 1506 scientia
633 1458 1000 1522 coarguente,
1028 1451 1131 1507 sub
1173 1451 1298 1505 luco
1332 1449 1575 1521 paradisi
1619 1448 1796 1502 latens
1834 1460 1946 1518 pra:

376 1543 583 1611 pudore
610 1559 672 1598 se
698 1543 992 1598 obvelabit.
1023 1541 1212 1612 Neque
1257 1556 1390 1597 vero
1416 1540 1703 1594 ﬂammeus
1730 1537 1945 1608 gladius

373 1633 688 1701 paradisum
721 1632 1124 1696 circumdabit,
1157 1632 1250 1703 qui
1284 1631 1436 1685 aditu
1465 1630 1790 1685 accedentes
1819 1644 1945 1699 pro-

374 1723 592 1785 hibeat,
633 1729 688 1778 et
719 1723 904 1778 locum
950 1721 1153 1777 efﬁciat
1196 1722 1580 1784 inaccessum,
1622 1721 1715 1775 sed
1761 1720 1947 1773 omnia

375 1812 533 1866 nobis
561 1812 871 1868 baredibns
896 1811 1106 1882 peccati
1127 1810 1197 1866 ad
1228 1811 1469 1865 latitiam
1495 1810 1750 1864 traducta
1781 1817 1943 1872 sunt,

2039 711 2238 774 δείσου,
2269 707 2364 760 καὶ
2395 703 2557 758 πάλιν
2579 699 2891 755 ἀνεκαλέσω
2909 713 2923 728 ⁸
2957 696 3208 761 ὲξὲδυσας
3227 694 3296 747 τά
3317 692 3494 762 φύλλα
3522 692 3619 761 τῆς

2044 801 2215 870 συκῆς
2233 799 2334 869 τὴν
2365 795 2648 866 ἀσχήμονα
2675 791 2910 861 σκέπην,
2945 788 3042 842 καὶ
3069 783 3389 857 περιέϐαλες
3406 783 3624 855 ἱμάτιον

2043 891 2337 961 πολύτιμον
2359 905 2374 919 ·
2426 884 2642 958 ἦνοιξας
2700 883 2760 935 τὸ
2810 881 3200 950 δεσμωτήριον,
3255 879 3347 932 καὶ
3399 877 3628 946 ἀφῆκας

2042 987 2170 1048 τοὺς
2214 977 2748 1051 κατακεκριμένους·
2802 972 3126 1045 ὲρράντισας
3172 969 3324 1022 ὕδατι
3369 967 3624 1038 καθαρῷ,

2045 1077 2143 1131 καὶ
2184 1074 2293 1130 τῶν
2320 1071 2508 1142 ρὐων
2551 1065 2848 1136 ὲκάθαρας.
2883 1063 3082 1117 Οὐκέτι
3113 1059 3442 1130 καλούμενος
3471 1058 3628 1129 παρά

2047 1166 2142 1221 σοῦ
2188 1167 2216 1219 ό
2260 1162 2430 1231 Ἀδὰμ
2459 1156 2899 1229 αἰσχυνθήσεται,
2941 1152 3064 1206 οὐδὲ
3101 1149 3254 1222 παρά
3296 1148 3392 1202 τοῦ
3444 1166 3628 1201 ουνειο

2043 1257 2196 1320 δότος
2238 1251 2588 1322 ἐλεγχόμενος
2637 1245 3025 1316 ὲγκαλύψεται,
3060 1242 3164 1296 ὑπὸ
3199 1243 3264 1311 τῇ
3307 1241 3484 1312 λόχμῃ
3531 1239 3629 1293 τοῦ

2045 1345 2375 1419 παραδείσου
2409 1339 2803 1414 κρυπτόμενος.
2837 1334 2974 1389 Οὐτε
3007 1333 3112 1404 μὴν
3143 1335 3178 1402 ἡ
3213 1333 3438 1401 φλογίνη
3487 1334 3628 1402 ῥομ-

2047 1438 2179 1509 φαία
2221 1434 2488 1490 κυκλώσει
2520 1431 2610 1484 τὸν
2655 1427 3000 1498 παράδεισον,
3047 1422 3339 1493 ἀπρόσιτον
3383 1424 3495 1484 τοῖς
3531 1423 3627 1488 ἐγ-

2044 1528 2257 1598 γίζουσι
2305 1520 2535 1577 ποιοῦσα
2576 1518 2673 1590 τὴν
2721 1516 2957 1569 εἴσοδονο
3006 1513 3182 1567 πάντα
3225 1511 3281 1564 δὲ
3332 1512 3462 1580 ἡμῖν
3512 1513 3631 1572 τοῖς

2048 1616 2404 1690 κληρονόμοις
2449 1612 2549 1683 τῆς
2597 1607 2869 1680 ἁμαρτίας
2921 1601 3326 1676 μετεσκευάσθη
3361 1600 3498 1673 πρὸς
3543 1600 3634 1653 εὖ-

2049 1709 2356 1784 φροσύνην’
2391 1706 2486 1760 καὶ
2516 1701 2674 1774 βατὺς
2713 1700 2812 1772 μὲν
2840 1695 3114 1769 ἀνθρώπῳ
3154 1694 3513 1784 παράδεισος,
3534 1693 3634 1746 καὶ

2049 1783 2274 1875 οὐρανὸς
2302 1798 2496 1861 αὐτός·
2531 1788 2880 1864 συνηρμόσθη
2928 1789 2985 1842 δὲ
3029 1789 3117 1851 είς.
3141 1786 3322 1855 φιλίαν
3355 1787 3389 1855 η
3425 1783 3633 1848 κτίσις,

373 1919 435 1957 ac
467 1903 758 1972 paradisus
787 1871 1006 1972 quidem
1040 1911 1204 1972 atque
1230 1903 1412 1972 ipsum
1445 1901 1582 1956 adeo
1609 1901 1808 1955 malum
1847 1871 1948 1953 ho;
1975 1871 1979 1925 ί

2048 1897 2082 1968 ἡ
2114 1871 2404 1963 εγκόσμιός
2434 1906 2494 1942 τε
2517 1887 2612 1942 καὶ
2642 1881 3031 1954 ὐπερκόσμιος,
3071 1879 3238 1932 πάλαι
3270 1876 3405 1947 πρὸς
3430 1876 3637 1944 ἑαυτὴν

373 1994 508 2048 mini
549 2001 736 2064 patet:
769 2001 1024 2049 creatura
1057 2001 1242 2050 autem
1295 2001 1406 2048 tam
1459 1991 1737 2047 mundana
1779 2007 1946 2062 quam

373 2085 822 2154 supramundana
839 2085 971 2146 olim
996 2085 1141 2142 inter
1164 2099 1226 2141 se
1247 2083 1528 2141 dissidens
1552 2083 1618 2138 ad
1646 2083 1946 2146 amicitiam

373 2176 542 2242 coiit,
572 2182 736 2246 atque
773 2176 1124 2232 reconciliata
1152 2183 1271 2242 est,
1299 2183 1355 2230 et
1391 2175 1644 2231 homines
1683 2189 1810 2232 cum
1846 2190 1948 2230 an-

372 2265 508 2332 gelis
539 2264 762 2320 illorum
802 2265 1046 2326 colentes
1091 2265 1424 2337 theologiam
1466 2266 1771 2322 concordes
1818 2264 1950 2320 facti

370 2372 565 2412 sumus
595 2365 767 2426 atque.
787 2358 1193 2414 consensimus.
1226 2357 1456 2429 Propter
1481 2357 1597 2413 haec
1631 2358 1800 2427 igitur
1839 2371 1951 2412 om-

369 2448 499 2510 nia,
525 2445 710 2516 gaudii
742 2447 1007 2519 hymnum
1050 2449 1162 2510 Deo
1195 2465 1496 2518 canamus,
1524 2464 1687 2521 quem
1717 2464 1784 2506 os
1821 2448 1950 2521 Spi-y

373 2538 484 2601 ritu
509 2539 810 2616 obsessum,
827 2540 961 2598 olim
990 2541 1312 2613 prOphetiee
1339 2557 1533 2614 magna
1553 2557 1691 2599 voce
1714 2557 1953 2612 pronun-

371 2629 528 2688 tiavit
544 2647 559 2684 :
579 2628 825 2689 Exsulta
843 2633 1025 2687 anima
1040 2649 1159 2689 mea
1174 2635 1228 2688 in
1245 2633 1475 2688 Domino
1485 2651 1506 2700 ;
1524 2632 1697 2688 induit
1716 2634 1855 2689 enim
1871 2649 1952 2688 me

369 2720 537 2788 pallio
567 2721 800 2778 salutari
823 2763 840 2791 ,
867 2733 918 2779 et
945 2727 1128 2784 tunica,
1149 2726 1354 2782 laetitiae
1378 2725 1725 2782 circumdedit
1753 2742 1868 2792 me;
1892 2734 1954 2781 ut

370 2826 564 2877 sponso
592 2813 867 2882 adoptavit
897 2816 1029 2870 milii
1061 2819 1280 2871 mitram
1301 2859 1319 2885 ,
1346 2827 1397 2873 et
1430 2827 1488 2872 ut
1517 2834 1766 2888 sponsam
1797 2833 1954 2873 exor-

371 2905 516 2958 navit
547 2921 628 2958 me
650 2916 962 2961 ornamento
987 2908 1055 2961 ⁵⁷.
1087 2909 1326 2964 Ornator
1349 2917 1534 2966 autem
1561 2924 1778 2980 sponsae
1805 2922 1956 2978 pror-

2046 1967 2438 2050 στασιάζουσαο
2489 1981 2584 2035 καὶ
2620 1977 2878 2047 ἀγγέλοις
2925 1974 2976 2028 οἱ
3021 1971 3298 2042 ἄνθρωποι
3332 1967 3638 2037 ἐγενόμεθα

2047 2077 2348 2149 σύμφωνοι,
2397 2073 2498 2144 τὴν
2549 2070 2772 2124 ἐκείνων
2818 2063 3169 2126 εὐσεϐοῦντες
3202 2060 3498 2128 θεολογίαν.
3534 2057 3638 2149 Διά

2046 2147 2326 2242 δὴ-ταῦτα
2359 2165 2557 2230 πάντα,
2605 2160 2698 2216 τόν
2749 2160 2848 2230 τῆς
2880 2157 3058 2229 χαρᾶς
3103 2152 3518 2242 ὐμνονᾷσωμεν
3555 2147 3638 2220 τῷ

2047 2241 2186 2332 Θεῷ,
2217 2259 2276 2314 ὃν
2307 2256 2481 2327 στόμα
2511 2252 2590 2325 τῷ
2622 2249 2902 2320 Πνεύματι
2947 2246 3175 2315 κάτοχον
3219 2241 3381 2296 πάλαι
3411 2255 3638 2332 προφητ

2051 2328 2221 2418 τικῶς
2254 2350 2572 2421 ἐξεϐόησενο
2616 2339 3028 2414 Ἀγαιιλιάσθω
3069 2336 3109 2404 ἡ
3154 2332 3325 2404 ψυχή
3364 2348 3484 2400 μου
3531 2328 3638 2382 ἐπι

2053 2445 2136 2513 τῷ
2169 2443 2386 2513 Κυρίῳ,
2413 2437 2669 2495 ἐνέδυσε
2697 2435 2809 2508 γάρ
2826 2449 2903 2504 με
2927 2428 3159 2502 ἱμάτιον
3187 2423 3507 2493 σωτηρίου,

2054 2536 2278 2609 χιτῶνα
2303 2531 2692 2603 εὐφροσύνης
2724 2521 3038 2596 περιέϐαλέ
3074 2536 3178 2591 μοι
3204 2535 3218 2552 ο
3266 2517 3348 2582 ὡς
3398 2512 3631 2609 νυμφίε]

2057 2603 2374 2700 περιέθηκέ
2414 2641 2518 2695 μοι
2547 2622 2784 2692 μίτραν,
2831 2615 2934 2671 καὶ
2979 2614 3060 2680 ὡς
3095 2610 3349 2700 νύμφην
3390 2603 3635 2700 stertend-

2055 2696 2350 2792 σιλησέμε
2365 2715 2594 2786 κόσμῳ,
2620 2712 2931 2783 Κοσμήτωρ
2956 2705 3014 2760 δὲ
3042 2704 3258 2765 πάντως
3288 2699 3401 2792 τῆςΔ
3417 2696 3639 2792 νύμφης

2055 2786 2370 2884 exemi“,
2396 2807 2547 2876 ό,ὣν,
2580 2804 2677 2860 καὶ
2703 2801 2908 2875 προὼν,
2932 2797 3028 2853 καί
3044 2795 3320 2867 ἐσόμενος,
3351 2786 3640 2858 εὐλογητὸς

2058 2905 2154 2960 νῦν
2183 2903 2281 2959 καὶ
2307 2902 2389 2966 είς
2417 2900 2544 2962 τοὺς
2575 2897 2800 2960 αἰῶνας.
2834 2891 3030 2964 ’Δμήν.

369 3007 470 3058 sua
497 2999 581 3055 est
603 2990 860 3060 Christus
878 3033 898 3063 ι
936 2995 1034 3066 qui
1064 3004 1184 3068 est,
1215 3008 1271 3056 et
1298 3006 1430 3055 ante
1452 2979 1611 3067 erat,
1637 3005 1694 3055 et
1722 2998 1943 3054 futurus
1968 3003 2074 3066 est,
2102 2991 2424 3054 benedictus
2453 3004 2602 3049 nunc
2631 2995 2687 3048 et
2721 2988 2776 3044 in
2801 2982 3027 3052 saecula.
3051 2979 3247 3037 Amen.

441 3151 485 3182 "
521 3149 630 3215 Isa.
661 3165 780 3219 ut,
819 3152 910 3215 Μ),

1089 3560 1106 3578 ο
1651 3497 1880 3602 ΤΟΥ
1973 3505 2349 3600 ΑΥΤΟΥ

1091 3707 1333 3822 ΕΙΣ
1436 3707 1645 3824 ΤΟ
1755 3705 2236 3824 ΑΓΙΟΝ
2349 3692 2882 3819 ΠΑΣΧΑ

452 3924 574 3979 ΚΑΙ
609 3924 768 3980 ΠΕΡΙ
805 3923 1380 3982 ΤΗΣΤΡῘΗΜΕΡΟΥ
1415 3921 1854 3981 ΠΡΟΘΕΣΜΙΑΣ
1888 3920 2028 3977 ΤΗΣ
2063 3922 2202 3978 ΤΟΥ
2237 3919 2537 3978 ΧΡΙΣΤΟΥ
2572 3913 3019 3974 ΑΝΑΣΤΑΣΕΩΣ
3055 3914 3257 3971 ΛΟΓΟῙ
3294 3915 3551 3970 IIENTE.

1670 4200 2263 4342 .EJUSDEM

1240 4471 1390 4588 IN
1453 4463 2132 4585 SANCTUM
2222 4457 2766 4577 PASCHA

658 4752 664 4757 .
707 4698 797 4761 ΕΤ
835 4696 925 4761 DE
956 4691 1311 4753 TRIDUANO
1348 4691 1570 4750 FESTO
1600 4685 2204 4757 RESURRECTIONIS
2237 4683 2517 4746 CHRISTI
2549 4683 2941 4742 ORATIUNES
2976 4683 3302 4752 QUINQUE.

521 4856 766 4922 [Quarum
797 4852 1077 4917 interpretes
1103 4853 1259 4918 fuere.
1286 4848 1462 4913 prima:
1489 4852 1662 4904 Petrus
1687 4844 1994 4964 F2;
2010 4843 2434 4970 sffgrrécliﬁétfrtiw
2453 4849 2499 4897 et
2523 4848 2710 4908 quarta:
2739 4843 3025 4896 Laurentius
3045 4840 3249 4905 Sifanus
3264 4878 3279 4902 ,
3310 4839 3491 4906 quintae
3569 4865 3578 4869 -

896 5149 1154 5208 ORATIO
1192 5147 1433 5214 PRIMA.

2681 5143 2904 5199 ΛΟΓΟΣ
2937 5143 3018 5198 A'.

451 5248 512 5305 Si
548 5260 659 5318 qua
685 5244 1122 5316 patriarcharum
1177 5244 1486 5305 benedictio
1523 5243 1711 5309 divino
1748 5242 1956 5316 Spiritu

2130 5243 2198 5296 Et
2223 5257 2308 5306 τις
2337 5238 2692 5311 πατριαρχῶν
2738 5236 2955 5306 εὐλογία
2983 5234 3114 5306 θείῳ
3145 5231 3423 5302 Πνεύματι
3453 5229 3516 5283 τὸ
3552 5229 3634 5300 βέ-

376 5339 706 5396 conﬁrmata
736 5345 841 5401 est,
871 5337 920 5392 si
948 5335 1094 5407 qtiod
1126 5335 1179 5398 in
1210 5336 1327 5406 lege
1352 5334 1636 5406 praemium
1689 5335 1858 5390 vitam
1891 5351 1955 5391 ex

2057 5333 2208 5388 6αιον
2258 5331 2488 5402 ἔχουσα,
2542 5330 2596 5382 εἴ
2644 5347 2697 5383 τι
2743 5329 2842 5398 τῆς
2891 5327 3267 5396 πνευματικῆς
3315 5321 3631 5392 νομοθεσίας

380 5433 587 5486 virtute
617 5429 1038 5486 instituentibus
1067 5429 1428 5501 promissum,
1464 5428 1514 5485 si
1545 5427 1676 5500 quid
1707 5426 1959 5486 veritatis

2056 5422 2260 5492 ἀγαθὸν
2290 5422 2354 5475 δι’
2383 5419 2709 5489 ἐπαγγελίας
2737 5420 2848 5481 τοῖς
2874 5415 3225 5486 κατορθοῦσιν
3257 5411 3557 5476 ἐλπίζεται,
3585 5410 3635 5462 εί

380 5529 630 5578 veterum
685 5521 1044 5578 historiarum
1095 5521 1382 5592 aenigmata
1430 5517 1852 5591 portenderunt,
1912 5515 1959 5571 si

2056 5532 2141 5578 τις
2186 5513 2272 5567 διά
2317 5511 2426 5566 τῶν
2486 5509 2768 5582 ἱστορικῶν
2831 5507 3167 5576 αἰνιγμάτων
3219 5504 3320 5574 τῆς
3375 5504 3633 5574 ἀληθείας

381 5613 514 5680 quid
544 5614 673 5668 boni
725 5613 871 5685 quod
905 5628 1070 5685 supra
1124 5591 1379 5668 naturam
1428 5612 1521 5679 sit,
1569 5609 1960 5684 prophetarum

2060 5599 2497 5672 πρώιατύπωσις
2546 5595 2684 5652 εἶναι
2718 5596 3050 5661 πιστεύεται,
3096 5595 3152 5648 εί
3193 5612 3278 5657 τις
3319 5591 3638 5668 προφητικὴ

385 5702 609 5757 oracula
643 5684 1103 5772 praenuntiarunt,
1135 5718 1199 5758 ea
1219 5702 1405 5758 omnia
1431 5701 1702 5756 hodierno
1736 5712 1962 5754 munere

2065 5693 2217 5766 φωνὴ
2259 5692 2328 5746 τά
2374 5691 2514 5762 ὑπὲρ
2545 5689 2704 5759 φύσιν
2749 5688 3176 5758 εὐαγγελίζεται,
3220 5686 3398 5740 πάντα
3449 5684 3638 5736 ἐκεῖνα

389 5793 766 5858 continentur.
802 5793 924 5872 Quo
961 5793 1121 5850 nobis
1143 5793 1438 5875 non-aliter
1469 5805 1634 5869 quam
1662 5789 1709 5846 si
1737 5797 1955 5862 specta-

2067 5788 2162 5855 τῆς
2213 5785 2490 5856 παρούσης
2543 5783 2763 5855 χάριτός
2807 5782 2932 5840 εἰσι.
2987 5781 3097 5837 Καὶ
3145 5779 3335 5850 ὥσπερ
3384 5773 3528 5832 κατὰ
3572 5773 3640 5827 τὸ

1889 6127 2124 6190 1'“
