3930 6210
1269 325 1336 381 IN
1373 325 1647 382 CHRISTI
1687 325 2316 384 RESURRECTIONEM
2356 324 2564 383 ORAT.
2602 325 2643 380 l.

3459 319 3568 378 602

311 439 678 510 προκείμενον
724 443 835 506 τοῖς
880 441 1179 514 ὀφθαλμοῖς
1226 442 1386 514 ἡμῶν
1428 443 1625 514 θέαμα,
1673 443 1732 496 ἒν
1776 442 1892 513 φῶς

2009 448 2120 501 :ulo
2145 445 2305 500 nobis
2335 446 2520 514 aliquo
2557 441 2838 513 proposito
2888 441 3072 496 lumen
3107 453 3275 495 unum
3304 453 3371 494 ex
3403 438 3567 492 innu-

309 534 746 606 περιαστράπτει
797 533 859 587 τὸ
900 534 1000 598 τάς
1050 535 1204 604 ϐψεις
1252 537 1319 589 ἐκ
1364 536 1571 606 μυρίων
1602 535 1897 605 λαμπάδων

309 622 729 696 ἑρανιζόμενονο
780 625 926 679 οὕτω
960 627 1110 678 πᾶσα
1157 627 1191 697 ἡ
1247 625 1342 680 τοῦ
1375 625 1612 698 Χριστοῦ
1658 626 1894 694 εὐλογία,

311 716 530 785 πυρσοῦ
560 717 714 787 δίκην
755 716 878 769 καθ’
919 715 1118 785 ἑαυτὴν
1145 716 1456 785 λάμπουσα,
1487 716 1644 770 τοῦτο
1675 719 1806 787 ἡμῖν
1837 717 1898 769 τὸ

315 809 466 877 μέγα
493 807 608 876 φῶς
639 808 1030 880 ἀπεργάζεται,
1059 809 1122 862 τὸ
1159 810 1223 860 ὲκ
1263 808 1474 862 πολλῶν
1499 825 1560 860 τε
1589 808 1682 860 καὶ
1716 807 1896 860 ποικί-

311 900 424 951 λων
451 901 550 969 τῆς
593 901 816 971 Γραφῆς
847 901 1083 954 ἀκτίνων
1117 900 1642 971 συγκεραννύμενον.
1683 899 1897 963 Ἔξεστι

311 989 427 1060 γάρ
447 990 633 1043 λαϐεῖν
657 993 748 1060 ἀφ’
778 992 1008 1046 ἑκάστου
1037 992 1147 1044 τῶν
1169 991 1540 1044 θεοπνεύστων
1572 989 1898 1059 ἀποδειγμά-

311 1097 427 1133 των
457 1081 520 1134 τὸ
551 1082 650 1152 τῆς
680 1081 957 1152 παρούσης
986 1077 1302 1154 ἱεφμηνίᾶς
1329 1080 1678 1150 κατάλληλον.
1707 1082 1898 1151 Ζητεῖς

313 1171 418 1241 τὴν
445 1171 538 1224 τοῦ
572 1173 820 1243 Ἀϐραάμ
844 1174 1092 1241 εὐλογίαν
1113 1189 1128 1239 ;
1161 1174 1346 1244 Ἔχεις
1368 1173 1429 1225 τὸ
1450 1173 1796 1243 ζητούμενον,
1819 1172 1898 1236 είς

317 1261 390 1314 τά
438 1263 686 1333 παρόντα
727 1262 960 1332 βλέπων.
1002 1263 1166 1333 Ὁρᾷς
1195 1261 1264 1316 τὰ
1304 1262 1478 1332 ἄστρα
1507 1261 1599 1314 τοῦ
1634 1261 1899 1332 οὐρανοῦ,

314 1353 494 1406 ταῦτα
525 1353 670 1422 λέγω
696 1354 764 1407 τά
793 1354 986 1425 ἄστρα,
1030 1353 1101 1406 τὰ
1140 1354 1204 1406 ἐκ
1232 1353 1326 1406 τοῦ
1366 1353 1577 1424 Πατρὸς
1607 1353 1765 1422 ἡμῶν
1797 1354 1898 1423 ἀρ-

314 1444 451 1507 τίως
483 1443 858 1509 ἀνατείλαντα,
895 1445 990 1499 καὶ
1019 1445 1246 1517 οὐρανὸν
1273 1444 1482 1514 ἀθρόως
1522 1445 1620 1515 τὴν
1672 1444 1900 1516 Ἐκκλη-

319 1535 446 1588 σίαν
471 1538 788 1606 ποιήσαντα,
823 1529 897 1592 ὧν
923 1539 956 1608 ἡ
983 1539 1082 1608 τῆς
1107 1538 1287 1608 ψυχῆς
1314 1536 1697 1607 ἀστράπτουσα
1723 1536 1900 1608 χάρις,

317 1631 446 1691 ταῖς
484 1629 593 1682 τῶν
633 1629 857 1700 πυρσῶν
887 1630 1068 1682 ἀκτῖσι
1110 1629 1564 1699 διασημαίνεται;
1603 1629 1696 1682 καὶ
1729 1627 1906 1681 ταῦτά

323 1736 414 1783 τις
448 1717 612 1772 εἰπὼν
646 1719 813 1785 ὅντως
838 1718 933 1773 τοῦ
979 1719 1228 1790 Ἀϐραάμ
1259 1713 1402 1771 εἶναι
1427 1717 1588 1772 τέκνα
1636 1717 1694 1782 ἐξ
1728 1719 1902 1785 ἐπαγ.-

326 1809 519 1877 γελίας
551 1810 692 1881 αὐτῷ
718 1810 1079 1882 γεγενημένα,
1112 1810 1183 1863 τὰ
1219 1813 1332 1872 τοῖς
1360 1808 1580 1880 ἄστροις
1619 1809 1712 1862 τοῦ
1739 1808 1902 1879 οὐρα-

328 1899 426 1952 νοῦ
454 1899 796 1972 όμοιούμενα,
823 1901 922 1970 τῆς
954 1899 1211 1970 ἀληθείας
1234 1900 1331 1970 οὐχ
1361 1899 1756 1969 ἁμαρτήσεται.
1795 1898 1904 1951 Kal.

327 1990 630 2060 θαυμάζεις
667 1990 758 2044 τὸν
792 1990 991 2062 ὑψηλὸν
1024 1989 1283 2051 Μωῦσέα,
1333 1989 1427 2042 τὸν
1455 1990 1634 2042 πᾶσαν
1665 1988 1764 2057 τὴν
1807 1985 1902 2040 τοῦ

324 2079 466 2133 Θεοῦ
513 2080 689 2134 κτίσιν
733 2079 1054 2135 διαλαϐόντα
1095 2083 1163 2151 τῇ
1203 2079 1428 2150 δυνάμει
1475 2079 1574 2149 τῆς
1615 2077 1902 2146 γνώσεως;

339 2170 472 2224 Ἰδού
503 2187 588 2224 σοι
629 2171 728 2242 τῆς
772 2169 996 2243 πρώτης
1023 2169 1413 2242 κοσμογενείας
1452 2169 1514 2222 τὸ
1544 2167 1904 2238 εὐλογημένον

323 2264 630 2319 Σάϐϐατον.
704 2263 976 2336 Γνώρισον
1037 2264 1106 2316 δι’
1180 2262 1389 2317 ἐκείνου
1459 2260 1554 2315 τοῦ
1623 2259 1903 2314 Σαϐϐάτου

323 2355 586 2421 τοῦτο’-τὸ
627 2356 924 2420 Σάϐϐατον,
953 2356 1054 2428 τὴν
1081 2355 1182 2427 τῆς
1229 2353 1626 2416 καταπαύσεως
1667 2349 1903 2424 ἡμέραν,

323 2451 398 2520 ἢν
443 2450 737 2521 εὐλόγησεν
776 2450 806 2503 6
848 2448 979 2512 Θεὸς
1028 2447 1168 2519 ὑπὲρ
1215 2446 1316 2511 τὰς
1354 2446 1518 2509 ἄλλας
1545 2443 1778 2516 ἡμέρας.
1816 2442 1906 2495 Ἐν

321 2539 504 2613 ταύτῃ
545 2540 655 2611 γὰρ
694 2539 1037 2604 κατέπαυσεν
1092 2537 1306 2608 ἀληθῶς
1359 2535 1468 2591 ἀπὸ
1526 2535 1742 2589 πάντων
1797 2534 1906 2589 τῶν

322 2629 509 2700 εργων
547 2629 713 2683 αὐτοῦ
756 2630 786 2683 6
817 2629 1126 2700 Μονογενὴς
1154 2628 1286 2691 Θεὸς
1307 2668 1323 2694 ,
1370 2625 1461 2681 διά
1497 2627 1598 2697 τῆς
1633 2624 1776 2680 κατὰ
1815 2625 1906 2680 τὸν

323 2722 562 2776 θάνατον
610 2720 920 2792 οἰκονομίας
945 2722 1011 2792 τῇ
1040 2719 1206 2791 σαρκὶ
1231 2717 1562 2782 σαϐϐατίσας
1580 2730 1602 2749 ⁶’
1632 2716 1728 2772 καὶ
1760 2717 1840 2780 είς
1877 2716 1908 2771 6

323 2807 400 2882 ἦν
444 2811 611 2866 πάλιν
655 2810 984 2877 επανελθὼν,
1019 2811 1107 2866 διὰ
1135 2811 1237 2882 τῆς
1279 2809 1631 2873 ἀναστάσεως
1669 2808 1818 2864 ἀπαν
1845 2807 1908 2862 τὸ

328 2901 588 2972 κείμενον
637 2899 816 2970 ἑαυτῷ
859 2899 1242 2972 συνανέστησε,
1275 2897 1410 2971 ζωὴ,
1457 2899 1551 2952 καὶ
1593 2897 1907 2962 ἀνάστασις,

326 2992 428 3046 καὶ
469 2990 723 3062 ἀνατολὴ,
754 2982 868 3044 ’καὶ
904 2989 1090 3062 ἡμέρα
1139 2991 1252 3053 τοῖς
1283 2990 1342 3043 ὲν
1390 2989 1572 3042 σκότει
1629 2988 1726 3042 καὶ
1781 2987 1910 3059 σκιᾷ

327 3081 570 3136 θανάτου
629 3079 960 3151 καθημένοις
990 3080 1298 3151 γενόμενος.
1333 3079 1548 3150 Πλήρης
1583 3096 1664 3132 τοι
1693 3079 1726 3150 ἡ
1767 3078 1911 3130 ἱστοο

334 3175 430 3245 ρία
476 3173 580 3244 τῆς
623 3171 918 3242 συγγενοῦς
960 3171 1211 3239 εὐλογίας
1239 3188 1254 3204 ο
1299 3172 1328 3224 6
1377 3170 1560 3241 πατὴρ
1592 3169 1685 3222 τοῦ
1727 3167 1912 3222 Ἰσαάκ

333 3263 549 3318 ἐκείνου
573 3261 668 3316 τοῦ
712 3261 994 3332 ἀγαπητοῦ
1033 3261 1108 3333 μὴ
1137 3260 1465 3331 φειδόμενος,
1498 3260 1592 3314 καὶ
1627 3259 1657 3312 6
1696 3274 1916 3330 μονογε-

331 3359 432 3429 νὴς
464 3355 749 3427 προσφορά
776 3354 868 3409 καὶ
902 3353 1060 3407 θυσία
1097 3355 1408 3424 γενόμενος,
1460 3352 1556 3404 καὶ⁸
1587 3350 1756 3422 ἀμνὸς
1791 3350 1914 3404 ἀντὶ

335 3450 526 3503 τούτου
561 3446 1013 3518 σφαγιαζόμενος.
1057 3445 1274 3511 Ἔξεστι
1313 3443 1422 3512 γὰρ
1453 3443 1579 3496 ίδεῖν
1599 3442 1742 3512 ὲντῇ
1769 3442 1914 3494 ἱστο-

340 3541 432 3611 ρίᾳ
462 3540 571 3593 πᾶν
606 3537 670 3592 τὸ
700 3538 802 3608 τῆς
842 3535 1122 3599 εὐσεϐείας
1155 3534 1470 3606 μυστήριον.
1511 3533 1569 3586 Ὀ
1612 3532 1784 3603 ἀμνὸς
1818 3531 1913 3586 τοῦ

340 3632 498 3697 ξύλου
535 3629 851 3700 ἐξήρτηται,
883 3631 949 3682 ὲκ
969 3627 1079 3682 τῶν
1107 3627 1350 3699 κεράτων
1372 3623 1732 3694 κατεχόμενος
1754 3639 1769 3654 ⁶
1799 3627 1828 3677 6
1857 3623 1915 3677 δὲ

344 3721 636 3793 μονογενὴς
658 3721 914 3792 βαστάζει
945 3719 1032 3788 ἐφ’
1058 3717 1250 3772 ἑαυτοῦ
1273 3717 1340 3770 τά
1365 3717 1464 3786 τῆς
1491 3713 1916 3786 όλοκαρπὼσεως

346 3814 502 3879 ξύλα.
550 3813 744 3884 Ὁρᾷς,
774 3813 803 3865 6
831 3811 1009 3867 πάντα
1050 3810 1230 3882 φέρων
1261 3808 1340 3880 τῷ
1373 3809 1578 3880 ῥήματι
1622 3811 1720 3879 τῆς
1753 3807 1912 3862 δυνά·

351 3922 524 3975 μεως,
570 3904 599 3955 6
634 3903 798 3969 amb;
829 3902 923 3956 καὶ
969 3901 1030 3955 τὸ
1060 3900 1274 3972 φορτίον
1313 3900 1468 3972 φέρει
1495 3899 1605 3952 τῶν
1635 3899 1916 3970 ἡμετέρων

349 3997 544 4063 ξύλων,
583 3996 672 4050 καὶ
696 3995 802 4050 ὐπὸ
832 3992 925 4048 τοῦ
955 3993 1112 4061 ξύλου
1136 3993 1594 4064 ἀναλαμϐάνεται,
1631 3991 1915 4063 βαστάζων

341 4088 423 4151 ὡς
453 4087 584 4151 Θεὸς
608 4127 623 4151 ,
654 4087 748 4140 καὶ
787 4085 956 4156 ἀμνὸς
985 4083 1411 4155 βασταζόμενος·
1445 4083 1588 4136 οὕτω
1615 4081 1708 4135 τοῦ
1761 4081 1914 4150 ἁγίου

339 4179 661 4250 Πνεύματος
689 4177 752 4231 τὸ
796 4177 940 4248 μέγα
972 4175 1271 4246 μυστήριον
1313 4173 1556 4237 τυπικῶς
1591 4173 1917 4244 ἀμφοτέροις

340 4269 783 4339 ὲπιμερίσαντος,
811 4266 890 4336 τῷ
925 4282 983 4319 τε
1017 4264 1356 4336 ἠγαπημένῳ
1382 4264 1518 4334 Υίῷ,
1549 4263 1642 4316 καὶ
1671 4263 1749 4332 τῷ
1781 4280 1918 4332 συμ-

340 4360 760 4431 παραδειχθέντι
791 4359 1046 4429 προϐάτῳ
1071 4372 1089 4390 ⁸
1109 4357 1251 4413 ὥστε
1295 4357 1570 4428 δειχθῆναι
1614 4356 1672 4409 ὲν
1713 4354 1811 4426 μὲν
1838 4352 1917 4425 τῷ

2002 537 2358 592 merabilibus
2387 536 2595 590 facibus
2636 533 2931 589 conflatum
2962 532 3366 601 praestringeret
3395 532 3566 584 aciem

1998 629 2304 695 oculorum,
2347 628 2527 682 omnis
2564 625 2768 681 Christi
2822 623 3134 678 benedictio
3181 632 3442 690 tanquam
3476 622 3570 676 lux

1998 737 2097 792 per
2123 737 2181 776 se
2217 720 2449 790 fulgens,
2481 733 2736 788 magnum
2771 717 2917 770 hunc
2947 715 3144 768 animis
3169 716 3369 768 nostris
3389 714 3571 782 splen-

1999 814 2188 866 dorem
2220 827 2283 865 ex
2321 811 2507 864 multis
2540 817 2593 863 et
2623 809 2790 861 variis
2833 807 3132 875 Scriptum
3176 805 3343 858 radiis
3378 819 3570 873 prove-

1999 906 2236 957 nientem
2268 903 2488 958 emittit.
2514 901 2668 955 Licet
2689 899 2836 953 enim
2865 914 2942 953 ex
2959 899 3189 968 singulis
3221 897 3340 965 ejus
3370 896 3571 950 divinis

1998 997 2264 1066 exemplis
2293 1003 2536 1048 mutuum
2567 992 2796 1061 hujusce
2831 991 3165 1045 celebritatis
3197 989 3568 1042 testimonium

1998 1087 2274 1158 colligere.
2310 1085 2518 1150 Quaaris
2551 1083 2784 1137 Abrahae
2813 1079 3290 1137 benedictionem?
3325 1078 3570 1132 Praesen-

1999 1179 2075 1232 tia
2115 1176 2502 1245 contemplare,
2535 1183 2589 1228 et
2613 1174 2840 1228 habebis
2879 1173 2934 1226 id
2968 1171 3114 1241 quod
3149 1169 3403 1238 requiris.
3433 1167 3569 1222 Caeli

2001 1270 2188 1325 stellas
2219 1283 2325 1323 non
2358 1267 2580 1321 vides'?
2603 1264 2734 1329 llas,
2789 1265 3032 1333 inquam,
3066 1262 3279 1323 stellas,
3307 1277 3428 1328 qua:
3461 1275 3566 1312 nu-

2003 1377 2100 1432 per
2136 1377 2201 1416 ex
2235 1359 2430 1430 spiritu
2477 1357 2634 1411 nobis
2673 1365 2894 1420 exortae,
2920 1355 3102 1409 statim
3136 1355 3334 1407 malum
3384 1349 3572 1403 Eccle-

2005 1455 2142 1508 siam
2176 1450 2533 1506 reddiderunt
2565 1467 2578 1503 :
2614 1449 2895 1504 stellarum
2928 1445 3070 1501 enim
3112 1443 3282 1498 radiis
3311 1441 3571 1513 praeclara

2004 1543 2245 1596 virorum
2278 1541 2478 1594 virtute
2504 1539 2813 1609 pietateque
2863 1535 3239 1606 praestantium
3295 1533 3467 1604 gratia
3498 1532 3574 1586 si-

2004 1630 2294 1702 gnificatur
2334 1647 2348 1684 ε
2389 1643 2527 1698 quos
2558 1627 2602 1682 si
2645 1627 2768 1696 quis
2801 1626 3032 1680 Abrahzn
3070 1625 3214 1678 filios
3243 1639 3308 1678 ex
3341 1621 3573 1692 promis-

2007 1725 2159 1778 sione
2205 1730 2363 1776 natos
2400 1721 2523 1774 caeli
2555 1719 2827 1774 sideribus
2859 1717 3066 1773 similes
3109 1713 3330 1779 dixerit,
3363 1728 3393 1766 a
3424 1711 3572 1766 veri-

2005 1818 2114 1865 tate
2148 1825 2256 1864 non
2290 1810 2586 1864 aberrabit.
2616 1807 2818 1862 Mosem
2864 1807 3015 1860 illum
3045 1805 3305 1860 eximium
3336 1803 3574 1858 admira-

2003 1901 2102 1964 ris,
2157 1899 2249 1970 qui
2323 1899 2566 1953 scientiae
2631 1895 3068 1968 cognitionisque
3114 1893 3425 1964 praestantia
3484 1907 3574 1948 res

2004 2006 2196 2046 omnes
2235 2005 2265 2044 a
2314 1987 2422 2044 Deo
2457 1997 2772 2059 procreatas
2802 1983 3254 2056 comprehendit?
3283 1983 3424 2037 Ecce
3471 1980 3572 2035 tibi

2005 2084 2195 2154 prima:
2227 2081 2415 2135 mundi
2470 2079 2865 2150 procreationis
2912 2078 3235 2136 Sabbatum.
3271 2076 3356 2130 cui
3405 2075 3574 2128 bene-

2002 2175 2141 2230 dixit
2189 2175 2355 2230 Deus.
2411 2172 2489 2227 Ex
2527 2173 2620 2227 illo
2652 2171 2893 2227 Sabbato
2930 2185 3170 2240 praesens
3212 2169 3317 2223 hoc
3366 2165 3576 2220 Sabba-

2005 2278 2118 2325 tum
2157 2284 2410 2341 agnosce,
2439 2267 2637 2338 quietis
2683 2265 2829 2319 hunc
2875 2264 3042 2326 diem,
3097 2263 3181 2316 cui
3242 2274 3405 2329 supra
3458 2258 3576 2312 dies

2006 2364 2149 2418 alios
2177 2361 2440 2416 Dominus
2495 2355 2791 2414 benedixit.
2821 2354 2879 2408 ln
2915 2354 3020 2408 hoc
3043 2353 3187 2407 enim
3218 2365 3344 2404 vere
3369 2349 3438 2403 ab
3459 2363 3578 2403 om-

2004 2453 2168 2509 nibus
2211 2450 2468 2522 operibus
2517 2448 2634 2504 suis
2679 2445 2822 2501 Deus
2868 2442 3194 2513 Unigenitus
3241 2439 3574 2509 conquievit,

2004 2545 2098 2616 qui
2129 2543 2315 2599 divino
2363 2541 2560 2597 salutis
2591 2539 2844 2593 humana
2877 2533 3134 2590 curandae
3168 2532 3420 2594 consilio,
3450 2544 3574 2584 cum

2006 2649 2104 2705 per
2130 2641 2362 2688 mortem
2419 2630 2573 2686 carni
2625 2629 2862 2700 quietem
2909 2625 3250 2697 praebuisset,
3279 2631 3333 2677 et
3387 2622 3443 2676 in
3497 2619 3574 2681 id,

2007 2726 2153 2798 quod
2195 2732 2338 2788 erat,
2390 2738 2489 2794 per
2542 2719 3002 2778 resurrectionem
3054 2716 3393 2779 revertisset,
3423 2712 3580 2784 quid-

2007 2817 2136 2890 quid
2163 2816 2382 2888 jacebat
2414 2831 2603 2872 secum
2645 2812 3012 2876 exsuscitans,
3061 2811 3192 2874 vita,
3237 2815 3292 2864 et
3328 2823 3578 2864 resurre-

2009 2912 2140 2976 ctio,
2169 2919 2223 2966 et
2263 2923 2483 2971 aurora,
2542 2915 2596 2963 et
2650 2921 2826 2966 mane.
2891 2911 2947 2960 et
3011 2902 3129 2958 dies
3179 2902 3234 2956 in
3264 2900 3503 2955 tenebris
3526 2907 3582 2954 et

2011 3003 2206 3056 umbra
2235 3000 2429 3056 mortis
2464 2997 2790 3068 degentibus
2822 2995 3000 3051 factus
3023 3001 3109 3050 est
3125 2994 3166 3048 '.
3205 2990 3384 3046 Simili
3415 2990 3582 3044 bene-

1935 3107 1981 3169 ο
2013 3094 2250 3150 dictione
2279 3090 2507 3146 historia
2538 3091 2665 3144 item
2697 3087 2894 3143 referta
2922 3086 3062 3141 est'.
3090 3085 3252 3138 Pater
3275 3081 3427 3136 Isaac
3448 3081 3582 3136 dilc-

2012 3193 2105 3242 cto
2145 3184 2257 3239 filio
2288 3199 2398 3238 non
2438 3194 2671 3252 parcens
2704 3193 2825 3242 suo,
2854 3184 2908 3232 et
2940 3175 3250 3246 unigenitus
3283 3169 3505 3232 oblatio,
3528 3179 3584 3225 et

2009 3276 2229 3331 victima
2266 3273 2460 3334 factus,
2493 3281 2547 3326 et
2569 3285 2742 3341 agnus
2780 3270 2902 3323 loco
2943 3267 3090 3320 illius
3127 3264 3220 3334 qui
3261 3261 3580 3317 immolaba-

2011 3372 2122 3418 tur.
2155 3361 2306 3416 Licet
2333 3361 2477 3414 enim
2509 3365 2680 3413 totum
2718 3357 2773 3410 in
2813 3355 2916 3408 hac
2956 3352 3180 3408 historia
3210 3350 3429 3420 pietatis
3463 3363 3583 3418 my-

2013 3453 2242 3509 sterium
2290 3449 2513 3505 intueri.
2559 3451 2748 3518 Agnus
2794 3460 2826 3500 e
2871 3445 3020 3514 ligno
3067 3441 3328 3496 cornibus
3359 3439 3577 3492 hair-ens

2014 3545 2300 3616 pendebat.
2340 3541 2665 3612 Unigenitus
2687 3545 2867 3592 autem
2896 3533 3200 3590 holocausti
3227 3532 3373 3601 ligna
3403 3536 3584 3599 gesta-

2010 3640 2124 3692 bat.
2148 3635 2344 3690 Cernis
2370 3647 2479 3702 quo
2508 3630 2671 3686 modo
2703 3629 2796 3700 qui
2841 3634 3039 3682 cuncta
3074 3623 3180 3680 fert
3212 3623 3379 3677 verbo
3411 3620 3584 3675 virtu-

2013 3727 2086 3783 tis
2111 3740 2242 3790 suaz,
2271 3724 2319 3780 is
2351 3731 2405 3778 et
2434 3723 2704 3792 lignorum
2729 3725 3041 3772 nostrorum
3073 3713 3177 3768 fert
3206 3725 3370 3771 onus,
3400 3715 3456 3762 et
3488 3722 3582 3760 su-

2017 3831 2116 3886 per
2139 3816 2348 3886 lignum
2382 3811 2684 3874 extollitur,
2715 3808 2892 3863 ferens
2917 3804 3134 3876 quidem
3167 3809 3227 3856 ut
3258 3799 3421 3863 Deus,
3455 3798 3586 3851 suh-

2013 3907 2158 3963 latus
2207 3913 2388 3960 autem
2442 3912 2704 3973 tanquam
2761 3897 2971 3970 agnus?
3033 3894 3125 3950 Sic
3160 3893 3305 3948 enim
3347 3890 3586 3961 Spiritus

2015 4008 2238 4054 sanctus
2281 4006 2512 4066 utraque
2542 4009 2603 4049 re
2649 3993 2828 4061 magni
2861 3989 3111 4061 mysterii
3161 3986 3388 4056 ﬁguram
3419 3981 3587 4052 parti~

2014 4096 2106 4143 tus
2131 4099 2233 4150 est,
2263 4095 2376 4140 tum
2411 4085 2612 4140 dilecto
2641 4081 2776 4144 filio,
2811 4088 2926 4132 tum
2965 4076 3128 4131 simul
3156 4084 3381 4129 ostenso
3408 4084 3584 4139 agno;

2015 4187 2076 4232 ut
2107 4193 2201 4247 per
2227 4191 2424 4246 agnum
2457 4173 2652 4227 mortis
2678 4175 3080 4223 sacramentum
3107 4161 3459 4232 signiﬁcaret,
3492 4171 3588 4226 per

2014 4269 2354 4339 unigenitum
2381 4271 2558 4319 autem
2590 4263 2758 4313 vitam
2790 4264 2963 4309 morte
2993 4268 3098 4306 non
3132 4259 3372 4319 ereptam
3399 4254 3584 4302 osten-

2015 4361 2189 4418 deret.
2247 4357 2306 4413 Si
2345 4357 2430 4411 vis
2481 4362 2534 4408 et
2589 4351 2792 4406 Mosem
2830 4349 3008 4418 ipsum
3067 4341 3440 4404 considerare,
3472 4351 3587 4391 ma-

340 4453 602 4524 προϐάτῳ
637 4452 698 4505 τὸ
737 4450 832 4504 τοῦ
873 4450 1102 4504 θανάτου
1151 4449 1468 4520 μυστήριον,
1513 4449 1570 4500 ὲν
1611 4447 1668 4500 δὲ
1708 4445 1786 4516 τῷ
1821 4463 1908 4516 μο-

2020 4468 2190 4507 nuum
2253 4447 2577 4504 extensione
2634 4456 2856 4497 crucem
2921 4435 3360 4496 describentem,
3416 4445 3588 4498 eaque

346 4546 549 4613 προγενεῖ
577 4543 678 4615 τὴν
702 4541 875 4614 ζωὴν,
895 4541 992 4612 τὴν
1025 4541 1099 4612 μὴ
1117 4540 1544 4610 διακοπτομένην
1566 4538 1645 4610 τῷ
1676 4536 1909 4608 θανάτῳ.

338 4638 404 4691 Et
438 4637 497 4690 δὲ
520 4635 700 4707 βούλει
744 4635 838 4688 καὶ
881 4633 1042 4688 αὐτὸν
1072 4632 1164 4686 τὸν
1208 4632 1446 4686 Μωύσέα
1474 4629 1678 4694 λαϐεῖν,
1707 4631 1773 4699 τῇ
1805 4627 1912 4680 τῶν

340 4728 541 4799 χειρῶν
588 4725 807 4780 ἐκτάσει
852 4723 942 4778 τὸν
992 4723 1221 4794 σταυρὸν
1267 4722 1654 4792 διαγράφοντα,
1701 4719 1796 4773 καί
1838 4718 1914 4781 ὡς

339 4821 421 4889 τῷ
459 4821 699 4890 σχήματι
743 4815 917 4886 τούτῳ
960 4813 1052 4866 τὸν
1105 4813 1351 4882 ’Λμαλὴχ
1383 4809 1912 4882 καταστρεφόμενον,

340 4909 519 4976 {Eu-tl
544 4926 628 4963 σοι
659 4908 872 4979 βλέπειν
909 4906 968 4959 ὲν
1002 4907 1067 4976 τῇ
1106 4905 1331 4975 ἀληθείᾳ
1365 4903 1453 4957 τὸν
1497 4902 1684 4963 τύπον,
1719 4899 1916 4970 καὶτῷ

344 5000 565 5072 σταυρῷ
606 5000 699 5054 τὸν
756 4998 1002 5069 ’Δμαλὴχ
1043 4996 1436 5050 ὑποπίπτοντα.
1487 4994 1672 5064 Ἔχεις
1702 4993 1796 5047 καὶ
1823 4991 1916 5046 τὸν

352 5094 604 5157 Ἡσαΐαν,
636 5091 696 5145 οὐ
735 5091 906 5161 μικρά
945 5105 1026 5142 σοι
1066 5087 1203 5159 πρὸς
1245 5086 1344 5158 τὴν
1389 5084 1671 5156 παροῦσαν
1709 5099 1916 5136 συνεισ-

333 5185 583 5257 φέροντα
627 5184 810 5255 χάριν.
867 5183 1004 5252 Bap”
1049 5177 1214 5233 αὐτοῦ
1246 5178 1354 5247 γάρ
1387 5175 1772 5248 προεδιδάχθης
1817 5174 1917 5245 τὴν

329 5273 688 5346 ἀνύμφευτον
718 5270 948 5344 μητέρα,
979 5268 1075 5340 τὴν
1100 5266 1348 5336 ἀπάτορα
1380 5267 1578 5336 σάρκα,
1598 5263 1697 5334 τὴν
1722 5261 1918 5316 om-

326 5383 436 5422 νον
486 5362 669 5426 ὠδῖνα,
718 5361 812 5416 τὸν
863 5358 1161 5430 ἀμόλυντον
1209 5355 1369 5408 τόκον
1389 5370 1402 5383 ο
1452 5352 1622 5416 οὕτως
1672 5350 1916 5413 εἰπόντος

323 5454 447 5512 τοῦ
477 5453 792 5525 Προφήτουα
843 5451 986 5506 Ἰδοὺ
1006 5450 1046 5517 ἠ
1081 5446 1374 5515 παρθένος
1392 5446 1462 5499 ἐν
1493 5443 1704 5515 γαστρί
1727 5441 1918 5511 λήψε-

327 5546 568 5610 τωρωι
583 5546 811 5610 τέξεται
821 5545 974 5598 υίὸν
987 5541 1085 5596 καὶ
1103 5538 1433 5594 καλέσουσι
1452 5538 1517 5592 τὸ
1534 5538 1718 5598 ὄνομα
1731 5535 1917 5591 αὐτοῦ

417 5727 436 5760 ¹
462 5725 600 5782 Gen.
649 5723 871 5791 xxVIJ.
946 5725 966 5755 ’
1003 5723 1106 5778 lsa.
1149 5722 1299 5789 “,2.

1447 5719 1464 5750 ³
1490 5717 1624 5774 ch.
1657 5730 1793 5780 xm,
1826 5714 1849 5768 l
1887 5730 2006 5787 sqq.

2020 4544 2196 4598 forma
2266 4537 2596 4594 Amalecitas
2650 4534 2706 4588 in
2770 4531 2952 4602 fugam
3003 4535 3325 4587 vertentem,
3359 4523 3590 4576 veritate

2019 4634 2251 4703 ﬁguram
2283 4643 2621 4700 expressam,
2649 4632 2736 4680 .-et
2785 4621 3044 4678 Amalech
3106 4617 3256 4673 cruci
3309 4613 3586 4668 cedentem

2019 4721 2484 4780 animadvertes‘.
2524 4716 2702 4772 llabes
2746 4722 2800 4769 et
2833 4712 3050 4775 lsaiam,
3095 4709 3188 4779 qui
3233 4705 3460 4777 gratiam
3488 4703 3587 4755 bo-

2020 4814 2268 4869 diernam
2315 4825 2424 4865 non
2477 4822 2671 4879 parum
2715 4806 2973 4859 illustrat.
3012 4800 3095 4854 Ab
3129 4800 3248 4868 ipso
3290 4795 3433 4850 enim
3480 4807 3592 4844 ma-

2021 4916 2159 4961 trem
2186 4906 2492 4972 innuptam,
2527 4900 2646 4956 sine
2706 4904 2862 4967 patre
2918 4906 3162 4956 carnem,
3223 4889 3342 4945 sine
3404 4884 3593 4940 dolore

2021 4994 2390 5070 puerperium,
2441 4993 2562 5048 sine
2606 4989 2728 5044 labe
2771 4994 2983 5056 partum
3030 4991 3156 5037 ante
3209 4976 3470 5034 didicisti.
3501 4972 3593 5028 Sic

2018 5067 2163 5141 enim
2197 5083 2439 5154 loquitur
2463 5080 2727 5151 prepheta
2757 5096 2770 5131 :
2799 5074 2932 5129 Ecce
2971 5075 3112 5142 virgo
3145 5074 3200 5126 in
3233 5080 3380 5125 utero
3410 5067 3587 5121 conci-

2021 5176 2147 5245 piet,
2183 5185 2230 5227 et
2276 5173 2444 5241 pariet
2480 5172 2652 5239 ﬁlium
2689 5184 2708 5222 :
2741 5177 2791 5221 et
2821 5165 3076 5220 vocabunt
3102 5179 3287 5216 nomen
3310 5159 3421 5228 ejus
3461 5155 3589 5208 Em-

2024 5264 2256 5328 manuel,
2281 5278 2403 5332 quae
2434 5277 2536 5315 vox
2584 5259 2877 5330 significat,
2912 5255 3205 5309 Nobiscum
3263 5250 3459 5304 Deus“.
3501 5245 3593 5302 Et-

2025 5355 2170 5410 enim
2203 5353 2321 5407 sine
2343 5352 2530 5405 dolore
2563 5359 2775 5418 partum
2814 5346 3111 5408 exstitisse,
3165 5344 3280 5412 ipsa
3312 5339 3386 5394 rei
3419 5337 3590 5407 aequi-

2022 5453 2110 5498 tas
2153 5452 2206 5497 te
2235 5441 2472 5496 docebit.
2507 5438 2640 5493 Nam
2683 5453 2806 5493 cum
2853 5437 3033 5492 omnis
3069 5435 3320 5503 voluptas
3347 5429 3589 5484 do'orcm

2023 5532 2375 5603 conjunctqu
2401 5530 2618 5596 habeat,
2650 5543 2874 5585 necesse
2912 5536 3020 5591 est,
3052 5535 3111 5582 ut
3146 5527 3202 5580 in
3235 5524 3322 5590 iis,
3355 5534 3476 5593 qua:
3517 5519 3594 5573 ita

2083 5714 2104 5746 ⁵
2133 5713 2304 5771 Exod.
2337 5727 2472 5776 xvu,
2507 5711 2592 5765 ll.
2666 5708 2688 5740 ⁸
2719 5705 2822 5762 lsa.
2857 5707 3054 5773 vu,|6.
