3930 6210
356 351 463 408 (305

1680 362 1738 419 S.
1779 363 2108 422 GREGORII
2146 366 2438 423 NYSSENI

3504 365 3638 421 604

352 464 606 534 copulata
663 477 814 535 sunt,
860 484 985 526 eum
1034 486 1204 527 unum
1264 474 1438 544 abest,
1484 477 1715 533 alterum
1767 481 1914 536 etian

2049 484 2453 554 Ἐμμανουὴλ,
2471 484 2500 537 ὃ
2525 485 2641 537 ἐστι
2663 484 2806 538 Μεθ’
2839 483 3003 553 ἡμῶν
3021 486 3056 539 ό
3078 483 3371 551 Θεός.⁶’οτι
3398 482 3450 536 δὲ
3474 480 3639 535 ἀπό-

353 556 519 613 absit.

2034 592 2141 638 νως
2168 574 2389 643 γέγονεν
2410 577 2443 645 ἡ
2462 574 2609 637 ὠδὶς,
2640 572 2854 644 πρῶτον
2878 573 2975 643 μὲν
2997 590 3056 627 σε
3076 572 3137 626 τὸ
3156 572 3303 636 εἰκὸς
3324 570 3631 634 διδαξάτω.

366 632 583 717 Ἐπειδὴ
611 647 721 720 γάρ
747 649 897 702 πᾶσα
926 650 1087 723 ἡδονὴ
1133 655 1478 725 συνημμένον
1503 656 1615 726 ἔχει
1666 658 1758 713 τὸν
1816 660 1994 729 πόνον,
2035 632 2257 734 ἀνάγκη.
2299 632 2450 717 πᾶσα
2496 632 2607 716 ἐπί.
2636 632 2748 717 τῶν
2799 632 3157 734 συνημμένως
3201 632 3623 732 θεωρουμένων,

351 733 445 791 τοῦ
474 738 594 801 ἑνὸς
622 738 697 810 μὴ
729 738 900 803 ὄντος,
939 741 1074 811 μηδὲ
1106 742 1167 795 τὸ
1196 744 1380 815 ἕτερον
1406 740 1565 801 εῖναι.

425 826 609 897 ltaque
634 843 757 884 cum
786 831 934 884 nulla
959 831 1303 901 concipiendi
1341 834 1591 903 voluptas
1613 842 1922 895 antecesse—

349 918 440 983 rit,
476 933 544 973 ne
575 920 817 988 pariendi
859 921 1078 991 quidem
1109 919 1266 977 dolor
1297 930 1383 979 est
1412 935 1762 983 consecutus.
1807 927 1923 984 Hoc

348 1019 528 1065 autem
561 1011 834 1082 prophetae
860 1013 1042 1069 verbis
1061 1014 1223 1068 etiam
1256 1005 1666 1085 comprobatur,
1693 1036 1814 1089 quae
1841 1023 1923 1079 sic

350 1099 550 1154 habent
585 1118 598 1156 :
630 1102 928 1173 Antequam
959 1105 1153 1159 veniret
1191 1103 1347 1160 dolor
1384 1117 1574 1174 partus
1606 1110 1741 1178 ejus,
1781 1110 1920 1180 σιγα-

347 1191 446 1258 git,
468 1199 519 1245 et
544 1194 741 1259 peperit
766 1195 1062 1248 masculum
1080 1195 1121 1249 ⁵.
1141 1195 1267 1262 Aut,
1295 1197 1753 1265 quemadmodum
1783 1202 1922 1257 alius

348 1284 616 1352 interpres
649 1284 725 1338 ait
768 1301 781 1337 :
817 1284 1115 1353 Antequam
1149 1286 1355 1340 dolores
1383 1289 1624 1354 sentiret,
1665 1292 1919 1360 peperit".

347 1371 427 1427 Ex
462 1373 585 1440 hac,
612 1375 809 1443 inquit,
837 1374 1062 1446 Virgine
1091 1387 1261 1433 matre
1290 1375 1429 1434 Puer
1457 1391 1613 1436 natus
1639 1391 1718 1437 est
1754 1384 1924 1449 nobis,

345 1471 397 1517 et
418 1464 562 1533 ﬁlius
595 1463 755 1521 datus
799 1475 877 1520 est
920 1466 1092 1523 nobis.
1131 1467 1299 1538 Cujus
1337 1471 1614 1540 imperium
1641 1490 1799 1543 super
1826 1474 1923 1528 Itu-

348 1572 546 1610 merum
584 1554 721 1627 ejus,
753 1568 803 1614 et
845 1571 1064 1614 uocatur
1099 1578 1288 1617 nomen
1330 1562 1443 1631 ejus
1491 1566 1673 1634 magni
1712 1568 1925 1622 consilii

354 1644 592 1714 angelus,
636 1646 776 1701 Deus
818 1648 997 1715 fortis,
1045 1658 1248 1718 potens,
1297 1652 1532 1720 princeps
1575 1655 1741 1720 pacis,
1772 1665 1922 1720 pater

2102 832 2276 885 Ὅπου
2327 832 2507 885 τοίνυν
2563 830 2726 903 ἡδονὴ
2772 830 2865 885 τοῦ
2923 829 3080 884 τόκου
3123 832 3186 884 ού
3237 831 3646 912 καθηγήσατο,-

2027 922 2147 976 οὐδὲ
2176 924 2205 976 6
2250 923 2411 984 πόνος
2463 922 2922 995 ἐπηκολούθησεν.
2962 923 3192 976 Ἔπειτα
3228 922 3285 976 δὲ
3323 923 3416 977 καὶ
3445 927 3483 995 ἡ
3518 925 3630 977 τοῦ

2028 1013 2315 1083 Προφήτου
2363 1013 2507 1082 λέξις
2552 1014 2759 1085 βεϐαιοῖ
2804 1013 2904 1068 τὸν
2952 1013 3131 1083 λόγον,
3182 1014 3376 1092 ἔχουσα
3426 1014 3584 1070 οὕτω
3608 1033 3625 1048 ·

2027 1103 2179 1171 Πρὶν
2208 1106 2505 1160 εἰσελθεῖν
2541 1106 2650 1159 τὸν
2700 1107 2896 1160 πόνον
2944 1103 3065 1159 τῶν
3113 1104 3342 1160 ὠδίνων
3390 1106 3621 1175 αὐτῆς,

2026 1194 2302 1266 ἐξέφυγε,
2351 1196 2452 1253 καὶ
2477 1198 2685 1251 ἔτεκεν
2709 1195 2920 1265 ἄρσεν.
2957 1197 3049 1259 Ἦ,
3099 1195 3176 1259 ὥς
3209 1213 3370 1267 φησιν
3415 1197 3623 1269 ἕτερος

2030 1287 2140 1340 τῶν
2167 1286 2470 1358 ἑρμηνέων,
2497 1288 2647 1355 Πρὶν
2665 1287 2968 1355 ὠδινήσει,
2993 1289 3217 1343 ἔτεκεν.
3254 1290 3348 1343 Ἐκ
3379 1289 3625 1361 ταύτης,
3706 1296 3715 1305 ’

2025 1374 2161 1443 φησὶ
2183 1412 2199 1439 ,
2262 1375 2361 1446 τῆς
2429 1376 2700 1448 παρθένου
2750 1377 2957 1448 μητρὸς
3007 1377 3252 1432 Παιδίον
3311 1379 3625 1451 ἐγεννήθη

2025 1464 2190 1534 ἡμῖν,
2230 1466 2331 1520 καὶ
2371 1470 2501 1533 υίὸς
2541 1466 2720 1537 ἐδόθη
2754 1468 2929 1538 ἡμῖν’
2974 1465 3047 1527 οὗ
3081 1471 3121 1537 ἡ
3163 1470 3320 1539 ἀρχὴ
3351 1472 3625 1543 ἐγενήθη

2027 1555 2120 1608 ἐιπὶ
2154 1557 2261 1612 τοῦ
2291 1556 2452 1627 ὤμου
2486 1558 2694 1624 αὑτοῦ,
2716 1557 2989 1628 μεγάλης
3023 1558 3267 1628 ,ϐουλῆς
3296 1560 3623 1630 Ἄγγελος,

2023 1647 2127 1700 καὶ
2159 1647 2227 1701 τὰ
2286 1644 2433 1720 ἑξῆς.
2475 1649 2646 1703 Τοῦτο
2693 1650 2755 1704 τὸ
2793 1649 3022 1715 παιδίον,
3055 1645 3210 1716 οὗτος
3249 1655 3279 1705 6
3322 1653 3460 1716 υίὸς,
3516 1654 3625 1719 Ὠς

347 1734 744 1805 (Matrimonii.
774 1736 872 1793 llic
910 1754 1064 1808 puer,
1100 1740 1188 1794 hic
1225 1741 1390 1810 ﬁlius,
1422 1741 1490 1796 Ut
1521 1745 1628 1797 ovis
1663 1744 1731 1797 ad
1776 1745 1914 1799 occi-

2019 1740 2315 1805 πρόϐατον
2355 1740 2453 1795 ἐπὶ
2483 1740 2732 1810 σφαγὴν
2758 1741 2938 1811 ἢχθη,
2970 1746 3065 1796 καί
3096 1744 3177 1810 ὡς
3206 1744 3393 1812 ἀμνὸς
3419 1745 3624 1799 ἐναν-

345 1827 547 1882 sionem
576 1826 767 1884 ductus
785 1839 884 1893 est,
915 1839 966 1884 et
987 1840 1236 1900 tanquam
1262 1848 1430 1902 agnus
1461 1850 1642 1889 coram
1677 1833 1919 1890 tondente

344 1933 422 1983 se,
452 1918 711 1972 obmutuit
725 1919 767 1974 ⁸.
801 1918 898 1975 Vel
929 1922 1132 1989 potius,
1176 1922 1356 1991 inquit
1390 1922 1676 1992 Jeremias,
1711 1925 1814 1980 Hic
1841 1935 1921 1982 est

346 2025 512 2077 agnus
540 2008 632 2064 ille
652 2021 978 2075 mansuetus,
1008 2013 1101 2082 qui
1128 2013 1197 2067 ad
1223 2015 1487 2068 victimam
1516 2015 1786 2072 ducitur”.
1820 2017 1921 2072 Hic

342 2108 427 2151 est
460 2098 549 2153 ille
586 2102 743 2168 panis
775 2100 865 2154 cui
890 2101 1098 2170 lignum
1128 2102 1405 2172 injiciunt,
1437 2105 1531 2174 qui
1564 2106 1731 2175 panis
1758 2106 1919 2176 ligni-

343 2202 454 2257 que
482 2195 612 2242 sunt
635 2189 822 2245 hostes
842 2191 905 2247 ιθ.
947 2191 1062 2246 lmo
1082 2207 1214 2248 vero
1238 2193 1372 2249 illud
1400 2209 1431 2250 e
1458 2196 1743 2265 propheta,
1772 2199 1920 2268 quod

343 2277 750 2347 apertissimum
793 2288 849 2335 et
893 2281 1261 2337 clarissimum
1320 2292 1425 2352 est,
1469 2294 1524 2341 et
1561 2302 1673 2358 quo
1716 2299 1920 2359 myste-
1970 2292 1973 2297 ’

343 2368 489 2423 rium
521 2369 843 2439 planissime
890 2372 1225 2440 declaratur,
1256 2377 1612 2446 accipiamus,
1642 2378 1796 2437 Jonas
1835 2383 1921 2438 ni-

347 2459 546 2513 mirum
585 2463 975 2532 exemplum“,
1001 2466 1094 2535 qui
1126 2467 1244 2522 sine
1281 2466 1584 2526 oll'ensione
1625 2471 1687 2526 in
1735 2481 1916 2529 cetum

341 2548 645 2621 ingressus,
682 2562 738 2608 et
762 2553 882 2609 sine
913 2557 1164 2613 molestia
1219 2574 1438 2614 rursum
1487 2566 1765 2632 egressus,
1792 2578 1917 2619 cum

342 2638 397 2693 in
429 2640 551 2710 ejus
592 2642 895 2701 visceribus
924 2648 1105 2703 tribus
1140 2648 1337 2704 diebus
1378 2660 1432 2705 et
1462 2652 1690 2707 totidem
1739 2655 1916 2709 nocti-

340 2730 446 2787 bus
471 2735 886 2802 permansisset,
920 2737 1140 2794 Domini
1176 2742 1321 2811 apud
1358 2742 1566 2800 inferos
1605 2758 1915 2800 commora-

349 2823 552 2878 tionem
584 2824 926 2881 iudicavit".
966 2827 1092 2885 Haec
1132 2837 1186 2885 et
1230 2831 1422 2887 horum
1471 2832 1672 2890 similia
1702 2843 1917 2906 oportet

338 2927 406 2967 ex
439 2912 672 2984 singulis
729 2915 1033 2987 Scriptura;
1081 2919 1217 2975 locis
1254 2920 1532 2993 indagare,
1578 2930 1743 2998 atque
1788 2926 1917 2981 seli-

338 3019 484 3075 gere.
510 3004 704 3062 Omnia
737 3010 883 3064 enim
918 3010 1012 3065 illa
1040 3027 1106 3067 ex
1138 3014 1497 3083 prementibus
1526 3015 1730 3071 cernis.
1764 3017 1915 3072 Etet:

341 3095 603 3152 hodierna
638 3099 844 3166 laetitia,
879 3110 939 3157 ut
969 3103 1026 3157 in
1056 3102 1348 3175 Evangelio
1376 3105 1630 3174 legimus,
1673 3110 1800 3163 Tota
1830 3106 1915 3161 les:

339 3188 546 3258 pendet,
589 3200 639 3246 et
670 3193 936 3263 propheta
957 3196 1020 3250 ¹³.
1066 3196 1152 3261 Et,
1203 3198 1662 3268 quemadmodum
1709 3198 1913 3256 Paulus

339 3281 502 3346 ait“,
562 3284 743 3339 omnis
793 3283 1114 3357 Scriptum,
1171 3289 1361 3344 divino
1418 3288 1625 3361 Spiritu
1674 3291 1915 3346 dictante

338 3378 593 3437 exarata,
629 3372 873 3444 legisque
928 3390 1142 3432 summa
1176 3377 1232 3433 in
1285 3378 1386 3434 hac
1431 3380 1607 3450 gratia
1630 3380 1915 3435 concludi-

341 3468 451 3517 tur.
482 3460 607 3517 Haec
631 3465 776 3519 enim
819 3475 875 3521 et
918 3468 1188 3522 malorum
1232 3476 1318 3525 est
1367 3471 1510 3535 linis,
1545 3480 1602 3526 et
1641 3471 1913 3527 bonorum

339 3552 693 3624 principium.
723 3553 861 3610 Nam
895 3556 1130 3627 exempli
1167 3572 1356 3622 causa,
1398 3558 1546 3614 Mors
1585 3563 1816 3632 regnavit
1847 3563 1912 3617 ab

337 3642 510 3698 Adam
534 3645 605 3710 “‘,
636 3645 849 3716 imperii
882 3638 1127 3716 pestiferi
1149 3648 1360 3706 ducens
1393 3651 1632 3715 initium,
1654 3660 1708 3708 et
1735 3653 1910 3725 impo-

338 3738 462 3789 tens
486 3734 632 3790 illius
662 3735 976 3792 dominatus
1023 3737 1089 3793 ad
1121 3736 1326 3793 Mosem
1376 3755 1550 3810 usque
1590 3742 1908 3811 permansit,

338 3838 463 3878 cum
495 3823 614 3892 ejus
662 3827 744 3881 vis
786 3842 815 3880 a
866 3827 982 3898 lege
1021 3829 1246 3884 minime
1298 3830 1708 3901 reprimeretur.
1746 3831 1911 3888 Venit

228 3908 243 3959 7
337 3915 466 3971 vitae
510 3931 760 3987 regnum,
815 3926 871 3975 et
914 3920 1157 3976 solutum
1218 3931 1303 3979 cst
1358 3924 1552 3979 mortis
1599 3926 1908 3996 imperium.

336 4008 606 4078 Apparuit
655 4009 762 4063 alia
800 4012 1100 4080 generatio,
1158 4013 1266 4068 alia
1321 4015 1456 4080 vita,
1504 4016 1649 4072 alius
1690 4016 1911 4074 vivendi

338 4096 554 4163 modus,
576 4099 751 4169 ipsius
774 4110 983 4159 natura:
1010 4115 1213 4162 nostra:
1239 4108 1616 4164 commutatio.
1648 4108 1909 4175 Quaenam

338 4189 656 4258 generatio?
691 4190 825 4258 Quae
871 4210 975 4248 non
1022 4212 1088 4251 ea:
1138 4197 1503 4267 sanguinibus,
1537 4215 1701 4269 neque
1727 4214 1793 4254 ex
1822 4216 1911 4254 vo-

338 4280 542 4336 luntate
567 4284 687 4347 uiri,
722 4301 885 4355 neque
915 4301 980 4342 ea:
1007 4288 1274 4345 voluntate
1311 4293 1511 4356 carnis,
1563 4291 1653 4347 sed
1705 4308 1770 4347 ea:
1801 4291 1908 4347 Deo

304 4412 313 4422 ο
337 4376 483 4445 facta
513 4384 591 4428 est
610 4376 672 4431 ".
702 4378 958 4445 Quinam,
1012 4380 1246 4450 inquies,
1278 4383 1382 4437 hoc
1413 4383 1529 4438 ﬁeri
1562 4383 1774 4453 potest?
1797 4383 1910 4438 Au-

2018 4375 2077 4428 ἐκ
2098 4376 2428 4445 θελήματος
2450 4379 2698 4446 σαρκὸς,
2722 4379 2861 4434 ἀλλ’
2882 4381 2951 4435 ἐκ
2970 4381 3119 4436 Θεοῦ
3141 4383 3599 4452 τενομένηᾘῶς

333 4462 412 4530 di,
443 4479 568 4519 nam
596 4469 787 4537 paucis
818 4471 1126 4538 explicabo.
1161 4471 1324 4529 Fetus
1351 4474 1439 4528 hic
1464 4490 1562 4545 per
1590 4474 1748 4529 ﬁdem
1770 4489 1906 4535 eon-

332 4556 554 4625 cipitur,
595 4574 691 4628 per
721 4560 1066 4630 baptismatis
1116 4565 1579 4635 regenerationem
1624 4566 1680 4619 in
1730 4566 1905 4622 lucem

331 4646 531 4715 editur,
564 4649 839 4705 nutricem
867 4651 1029 4708 habet
1052 4652 1376 4722 Eeclesiam,
1402 4655 1568 4726 hujus
1595 4656 1902 4712 doctrinam

330 4746 386 4793 et
422 4739 668 4796 instituta
708 4743 855 4813 sugit
888 4751 1147 4815 tanquam
1184 4747 1373 4813 ubera,
1415 4749 1492 4803 illi
1533 4749 1773 4804 cmlestis
1804 4763 1901 4819 pa-

2020 1830 2152 1883 τίον
2188 1831 2295 1885 τοῦ
2324 1832 2627 1900 κείροντος
2661 1833 2850 1888 αὐτόν
2893 1834 3154 1904 ἄφωνος·
3188 1837 3383 1906 μᾶλλον
3412 1837 3503 1900 δὲ,
3538 1837 3624 1901 ῶς

2022 1939 2192 1992 φησιν
2239 1923 2527 1994 Ἱερεμίας,
2556 1923 2743 1979 Τοῦτὸ
2776 1925 2906 1979 ἐστι
2929 1925 2996 1979 τὸ
3018 1926 3227 1995 ἀρνίον
3259 1931 3324 1981 τὸ
3349 1927 3620 1994 ἄκακον,

2019 2014 2086 2066 τὸ
2114 2013 2405 2081 ἀγόμενον
2458 2014 2564 2070 τοῦ
2616 2015 2881 2071 θύεσθαι.
2930 2009 3098 2078 Οὗτος
3140 2019 3169 2071 6
3226 2019 3406 2089 ἄρτος,
3450 2012 3505 2087 ᾧ
3554 2021 3625 2073 τὸ

2022 2102 2176 2169 ξύλον
2232 2104 2590 2175 ἐμϐάλλουσιν
2622 2109 2671 2160 οἱ
2710 2107 2921 2161 καὶτοῦ
2967 2108 3133 2179 ἄρτου
3172 2110 3264 2163 καὶ
3307 2110 3395 2164 τοῦ
3439 2111 3618 2176 ξύλου

2020 2193 2287 2265 πολέμιοι.
2320 2195 2537 2250 Μᾶλλον
2553 2195 2611 2250 δὲ
2637 2195 2699 2250 τὸ
2727 2197 2943 2251 πάντων
2962 2197 3377 2269 γνωριμώτερόν
3404 2217 3468 2253 τε
3515 2201 3621 2254 καὶ

2019 2268 2393 2357 φανερώτερον
2436 2288 2502 2341 ὲκ
2525 2287 2618 2340 τοῦ
2652 2289 2940 2359 Προφήτου
2992 2268 3264 2361 λάϐωμεν,
3288 2268 3351 2344 δι’
3370 2284 3432 2344 οὗ
3472 2308 3622 2362 προ-

2018 2375 2286 2447 γράφεται
2321 2377 2505 2446 σαφῶς
2538 2378 2600 2432 τὺ
2633 2380 2949 2451 μυστήριον,
2982 2380 3077 2433 τὸν
3116 2380 3298 2437 ἰωνᾱν
3322 2381 3494 2452 λέγω,
3516 2382 3620 2438 τὸν

2016 2464 2243 2531 ἀπαθῶς
2273 2467 2413 2523 κατά
2437 2466 2531 2523 τοῦ
2562 2470 2762 2538 κήτους
2796 2470 3215 2542 καταδυόμενον,
3231 2473 3323 2526 καὶ
3341 2472 3465 2543 δίχα
3498 2471 3616 2527 πά-

2025 2554 2153 2619 θους
2182 2558 2249 2610 ὲκ
2270 2556 2366 2610 τοῦ
2400 2560 2594 2634 κήτους
2628 2559 3008 2631 ἀναδυόμενον,
3026 2562 3116 2615 τὸν
3144 2563 3238 2618 καὶ
3268 2563 3440 2635 τρισὶν
3464 2562 3615 2634 ἠμέ-

2025 2664 2147 2718 ραις
2168 2649 2263 2703 καὶ
2291 2649 2583 2714 τοσαύταις
2611 2651 2759 2718 νυξὶν
2798 2653 2855 2705 ὲν
2882 2656 2993 2718 τοῖς
3020 2654 3250 2726 κητῴοις
3275 2654 3617 2727 σπλάγχνοις

2026 2737 2114 2809 τὴν
2138 2740 2195 2792 ὲν
2218 2738 2344 2811 ᾅδου
2373 2741 2655 2814 διατριϐὴν
2684 2743 2777 2798 τοῦ
2828 2745 3035 2814 Κυρίου
3073 2745 3612 2816 προδιαγρόιψαντος.

2016 2827 2201 2885 Ταῦτα
2230 2831 2324 2883 καὶ
2353 2829 2424 2884 τά
2454 2833 2676 2887 τοιαῦτα
2716 2833 2798 2887 δεῖ
2837 2850 2895 2887 σε
2932 2836 3061 2906 παρ’
3098 2835 3333 2907 ἑκάστης
3365 2836 3613 2908 Γρᾶ-φῆς

2016 2918 2304 2992 ἀναζητεῖν
2348 2923 2443 2977 καὶ
2492 2922 2829 2993 ἐκλέγεσθαι.
2870 2925 3055 2980 Πάντα
3106 2926 3219 2998 γὰρ
3273 2929 3476 2993 ἐκεῖνα,
3517 2929 3618 2984 διὰ

2016 3010 2123 3064 τῶν
2150 3011 2432 3083 παρόντων
2470 3016 2635 3086 ὁρᾷς’
2673 3016 2769 3071 καὶ
2789 3017 2846 3071 ὲν
2877 3019 2944 3089 τῇ
2976 3015 3225 3089 παρούσῃ
3262 3017 3611 3090 φαιδρότητι,

1941 3086 1984 3145 (ἶ
2017 3102 2192 3170 Ὅλος
2226 3107 2260 3160 ὁ
2295 3106 2481 3174 νόμος
2514 3105 2796 3177 κρέμαται
2838 3086 2942 3163 καί
2966 3113 3021 3170 οἱ
3060 3086 3400 3179 προφῆται,

2016 3192 2148 3261 φησί
2175 3210 2277 3246 που
2304 3193 2365 3247 τὸ
2393 3194 2740 3265 Εὐαγγέλιοψ
2770 3197 2866 3252 καὶ
2918 3199 3026 3261 πᾶς
3048 3197 3400 3261 θεόπνευστος
3435 3198 3611 3268 λόγος

2014 3282 2109 3335 καὶ
2140 3283 2300 3354 νόμος
2328 3285 2387 3339 ὲν
2415 3284 2587 3357 ταύτῃ
2615 3286 3107 3356 ἀνακεφαλαιοῦται
3132 3292 3197 3362 τῇ
3227 3290 3429 3362 χάριτι,
3450 3293 3614 3347 κατά

2013 3371 2110 3444 τὴν
2152 3374 2247 3428 τοῦ
2298 3375 2512 3429 Παύλου
2573 3378 2777 3448 φωνήν.
2825 3377 2994 3432 Τοῦτο
3031 3379 3141 3450 γάρ
3191 3382 3326 3446 ἐστι,
3353 3382 3447 3436 καὶ
3482 3382 3614 3437 τῶν

2015 3465 2358 3538 σκυθρωπῶν
2384 3465 2445 3521 τὸ
2477 3467 2676 3540 πέρας,
2707 3469 2799 3523 καὶ
2829 3469 2936 3524 τῶν
2962 3471 3180 3540 ἀγαθῶν
3206 3473 3240 3543 ἡ
3276 3474 3436 3544 ἀρχή.
3465 3468 3615 3533 Οἷᾶν

2010 3571 2065 3609 τι
2092 3555 2267 3625 λέγω·
2304 3557 2729 3614 Ἐϐασίλευσεν
2752 3563 2785 3614 ὁ
2803 3559 3056 3628 θάνατος
3086 3564 3205 3618 ἀπὸ
3242 3563 3439 3632 Ἄδαρ,
3486 3566 3613 3637 τῆς

2012 3646 2338 3719 φθοροποιοῦ
2382 3650 2665 3722 δυνάμεως
2716 3650 2898 3708 λαϐὼν
2944 3654 3043 3725 τὴν
3075 3653 3273 3726 ἀρχὴν,
3310 3654 3444 3715 ἀλλά
3487 3658 3611 3710 καὶ

2015 3738 2177 3810 μέχρι
2208 3740 2486 3806 Μωῡσέως
2512 3741 2678 3796 αὐτοῦ
2708 3743 2767 3797 τὸ
2811 3744 3046 3816 πονηρὸν
3076 3746 3268 3817 κράτος
3290 3744 3601 3816 διέμεινεν,

2011 3830 2162 3884 οὐδὲν
2207 3830 2300 3884 τοῦ
2337 3832 2506 3903 νόμου
2547 3832 2647 3905 τὴν
2680 3833 2853 3905 κακὴν
2885 3834 2979 3889 τοῦ
3016 3826 3245 3892 θανάτου
3271 3837 3610 3894 δυναστείαν

2015 3921 2415 3993 άμϐλύναντος.
2461 3919 2664 3977 Ἦλθεν
2718 3927 2752 3997 ἡ
2804 3925 2904 3995 τῆς
2955 3926 3102 3998 ζωῆς
3160 3927 3437 3999 βασιλεία,
3489 3932 3608 3987 καὶ

2010 4013 2277 4087 κατελύθη
2307 4014 2402 4069 τοῦ
2437 4015 2664 4070 θανάτου
2697 4016 2756 4071 τὸ
2793 4018 3013 4089 κράτος.
3053 4020 3165 4074 Καὶ
3189 4021 3409 4090 γέγονεν
3448 4021 3602 4099 άλλη

2008 4102 2280 4174 γέννησις,
2319 4104 2433 4174 βίος
2478 4105 2683 4178 ἕτερος,
2728 4106 2855 4161 ἄλλο
2887 4107 3034 4178 ζωῆς
3076 4106 3235 4174 εἶδος,
3275 4113 3441 4184 αὐτῆς
3485 4113 3603 4184 τῆς

2010 4193 2223 4262 φύσεως
2266 4196 2424 4267 ἡμῶν
2474 4200 2966 4272 μεταστοιχείωσις.
3027 4202 3289 4274 Τούτουή
3332 4204 3600 4276 γέννησις

2013 4283 2133 4336 Οὐκ
2156 4283 2226 4349 ἐξ
2252 4285 2531 4353 αἱμάτων,
2550 4286 2693 4341 οὐδὲ
2710 4287 2781 4342 ἐκ
2809 4288 3143 4358 θελήματος
3169 4290 3411 4359 ἀνδρὸς,
3442 4293 3624 4399 οὐδὲ»ὶ

2012 4462 2170 4517 τοῦτο
2183 4481 2198 4532 ;
2213 4463 2406 4533 Σαφῶς
2418 4483 2499 4518 σοι
2528 4469 2865 4540 παραστήσω
2882 4468 2970 4524 διά
2988 4470 3083 4523 τοῦ
3105 4471 3262 4539 λόγου
3282 4473 3381 4544 τὴν
3399 4474 3597 4544 χάριν.

2013 4549 2181 4620 οὗτος
2221 4558 2250 4609 6
2274 4556 2431 4621 τόκος
2454 4557 2544 4611 διά
2579 4560 2814 4624 πίστεως
2834 4566 3179 4634 κυοφορεῖται
3204 4578 3217 4591 ·
3251 4565 3337 4619 διὰ
3363 4565 3463 4634 τῆς
3489 4566 3598 4623 τοῦ

2012 4647 2381 4718 βαπτίσματος
2413 4649 2822 4720 άναγεννήσεως
2869 4654 2949 4716 εἰς
2978 4654 3096 4723 φῶς
3128 4654 3341 4724 ἀγεται’
3381 4657 3599 4729 τροφὸς

2006 4739 2257 4813 τούτουή
2295 4740 2589 4815 Ἐκκλησία
2619 4743 2847 4812 γίνεται’
2887 4745 3077 4816 μαζὸς,
3127 4746 3197 4801 τά
3242 4748 3551 4820 διδάγματα
3572 4768 3591 4783 ’

332 4829 419 4883 nis
443 4837 526 4883 est
558 4830 715 4887 cibus
751 4850 765 4887 :
796 4833 976 4889 aetatis
1002 4834 1265 4904 perfectio
1285 4846 1371 4892 est
1405 4838 1656 4893 sublimis
1684 4838 1899 4893 vivendi

2018 4830 2192 4904 ῖροφὴ,
2221 4834 2251 4886 6
2277 4831 2485 4888 ἀνωθεν
2517 4834 2679 4907 ἄρτος
2700 4851 2716 4866 ·
2749 4836 2967 4905 ἡλικίας
3002 4838 3297 4903 τελείωσις,
3324 4842 3357 4910 ἡ
3400 4841 3593 4916 ὑψηλὴ

331 4918 492 4981 ratio,
533 4924 736 4991 nuptiae
776 4928 1118 4983 consuetudo
1147 4928 1430 4999 sapientiae
1462 4948 1474 4984 :
1512 4929 1690 4992 liberi,
1738 4943 1897 4997 spes;

1998 4924 2274 4979 πολιτεία⁹
2304 4925 2553 4996 γάμος,ὴ
2583 4928 2681 4997 τῆς
2721 4928 2911 4998 σοφίας
2931 4929 3233 5000 συμϐίωσις
3253 4949 3267 4962 ’
3304 4932 3494 4999 τέκνα,
3529 4936 3589 4989 αι

327 5005 544 5074 domus,
577 5026 835 5082 regnum;
884 5017 1173 5074 haereditas
1228 5028 1284 5076 et
1336 5020 1637 5088 opulentia,
1691 5019 1903 5076 deliciae

2018 5016 2243 5080 ;λπίδες·
2280 5012 2439 5080 οἴκοι,
2487 5020 2521 5089 ὴ
2558 5016 2835 5087 βασιλεία’
2879 5019 3080 5089 κλῆρος
3120 5022 3215 5075 καὶ
3255 5021 3513 5089 πλοῦτος,
3550 5026 3585 5097 ἠ

294 5099 602 5169 'paradisi;
645 5103 770 5161 ﬁnis
801 5122 910 5162 non
952 5125 1123 5174 mors,
1155 5109 1252 5166 sed
1277 5110 1386 5166 vita
1421 5112 1535 5178 illa,
1569 5128 1693 5183 qua:
1724 5112 1905 5183 dignis

2018 5121 2059 5157 εν
2084 5104 2162 5175 τῷ
2202 5105 2514 5176 παραδείσῳ
2559 5108 2756 5179 τρυφή⁹
2793 5107 2947 5173 τέλος
2979 5109 3056 5172 δὲ,
3089 5110 3218 5163 ἀντὶ
3250 5111 3513 5177 θανάτου,
3547 5115 3583 5183 η

326 5201 515 5262 parata
539 5202 643 5260 est,
667 5196 981 5255 beatissima
1004 5208 1059 5255 et
1087 5202 1440 5272 sempiterna.
1473 5201 1587 5257 Hoc
1622 5204 1675 5257 in
1708 5203 1901 5259 melius

325 5284 770 5342 commutationis
794 5286 1009 5343 initium
1048 5288 1244 5347 videns
1278 5305 1516 5361 magnus
1556 5292 1648 5348 ille
1688 5291 1898 5347 Zacha-

326 5371 439 5429 rias
482 5376 728 5447 ambigit,
766 5380 913 5451 quod
959 5381 1037 5436 illi
1075 5397 1273 5438 nomen
1317 5383 1585 5454 imponat,
1618 5383 1896 5455 quomodo

325 5476 647 5530 praesentem
676 5472 910 5541 gratiam
941 5474 1197 5545 appellet.
1228 5474 1462 5540 Etenim,
1509 5492 1632 5550 eum
1677 5490 1741 5530 ea
1774 5491 1897 5546 qua:

2005 5196 2174 5260 ἀΐδιος
2193 5195 2326 5266 ζωὴ,
2350 5199 2407 5251 ὲν
2426 5200 2491 5269 τῇ
2510 5199 2841 5270 ὑποκειμένῃ
2863 5203 2973 5265 τοῖς
3002 5201 3178 5268 ἁγίοις
3197 5204 3578 5275 μακαριότητι.

2005 5286 2219 5358 Ταύτην
2247 5288 2350 5359 ὁρᾷ
2369 5289 2461 5344 καὶ
2485 5290 2513 5342 6
2545 5289 2714 5359 μέγας
2734 5292 3007 5363 Ζαχαρίας
3027 5296 3125 5362 τὴν
3143 5293 3327 5365 ἀρχὴν
3355 5296 3495 5367 πρὸς
3519 5294 3576 5349 τὸ

2002 5379 2205 5448 ἀγαθὸν
2251 5380 2608 5450 ἀλλοιώσεως,
2655 5384 2750 5438 καὶ
2794 5384 3125 5455 ἀμφιϐάλλει
3175 5387 3306 5457 περὶ
3348 5389 3450 5458 τῆς
3482 5386 3579 5442 τοῦ-

2001 5471 2262 5542 ὀνόματος
2303 5471 2567 5544 κλήσεως,
2614 5474 2669 5528 τί
2717 5477 2823 5547 χρὴ
2862 5477 3068 5548 κυρίως
3121 5480 3442 5549 προσειπεῖν
3476 5479 3573 5550 τήν

394 5668 803 5764 “53.15917.
880 5681 899 5712 ’
929 5679 1032 5764 lsa.
1077 5699 1153 5764 is,
1270 5684 1328 5764 mf
1363 5685 1468 5764 lsa.
1495 5701 1611 5749 LIII,
1647 5688 1711 5764 ᾗ
1745 5689 1766 5721 ⁸
1795 5687 1996 5764 larem.
2026 5706 2103 5755 xt,
2140 5691 2235 5764 19.
2263 5762 2274 5764 _
2302 5692 2346 5723 ¹⁰
2372 5691 2505 5764 ihid.
2582 5692 2622 5724 “
2650 5690 2787 5764 Jon.‘
2804 5708 2868 5758 ιι,
2908 5691 2926 5746 l
2965 5706 3085 5764 sqq.
3164 5691 3208 5724 “
3240 5690 3429 5746 Matth.
3473 5702 3576 5754 xu,

325 5737 415 5794 40.
491 5739 535 5772 ⁸⁸
564 5737 752 5801 Matth.
786 5765 920 5814 xm,
944 5751 1032 5807 40.
1080 5737 1159 5786 7“
1193 5752 1234 5807 ll
1270 5737 1616 5824 Tittrtothittt',
1648 5737 1732 5812 16.

1843 5758 2065 5816 1"Rom.
2122 5772 2173 5827 v,
2217 5762 2302 5817 14.
2382 5761 2601 5819 “Joan.
2641 5778 2680 5830 ι,
2724 5762 2809 5817 l5.
