  <div class='ocr_page' id='page_1' title='image "/cluster/home/n/w/nwhite01/storage/ocr_20150623/46/hvd.32044054112198/318.png"; bbox 0 0 3930 6210; ppageno 0'>
   <div class='ocr_carea' id='block_1_1' title="bbox 213 344 320 397">
    <p class='ocr_par' dir='ltr' id='par_1_1' title="bbox 213 344 320 397">
     <span class='ocr_line' id='line_1_1' title="bbox 213 344 320 397; baseline 0.009 -1"><span class='ocrx_word' id='word_1_1' title='bbox 213 344 320 397; x_wconf 65' lang='grc' dir='ltr'>ίῖοῦ</span> 
     </span>
    </p>
   </div>
   <div class='ocr_carea' id='block_1_2' title="bbox 1168 351 2560 428">
    <p class='ocr_par' dir='ltr' id='par_1_2' title="bbox 1168 351 2560 428">
     <span class='ocr_line' id='line_1_2' title="bbox 1168 351 2560 428; baseline 0.016 -22"><span class='ocrx_word' id='word_1_2' title='bbox 1168 351 1237 407; x_wconf 85' lang='grc' dir='ltr'>ΙΝ</span> <span class='ocrx_word' id='word_1_3' title='bbox 1282 353 1554 413; x_wconf 74' lang='lat' dir='ltr'><strong>CHRISTI</strong></span> <span class='ocrx_word' id='word_1_4' title='bbox 1595 358 2233 422; x_wconf 78' lang='lat' dir='ltr'><strong>RESUBRECTIONEM</strong></span> <span class='ocrx_word' id='word_1_5' title='bbox 2271 370 2476 426; x_wconf 82' lang='lat' dir='ltr'><strong>ORA&#39;I‘.</strong></span> <span class='ocrx_word' id='word_1_6' title='bbox 2520 375 2560 428; x_wconf 92' lang='grc'>1.</span> 
     </span>
    </p>
   </div>
   <div class='ocr_carea' id='block_1_3' title="bbox 3389 385 3492 440">
    <p class='ocr_par' dir='ltr' id='par_1_3' title="bbox 3389 385 3492 440">
     <span class='ocr_line' id='line_1_3' title="bbox 3389 385 3492 440; baseline 0.01 -1"><span class='ocrx_word' id='word_1_7' title='bbox 3389 385 3492 440; x_wconf 78' lang='lat'><em>606</em></span> 
     </span>
    </p>
   </div>
   <div class='ocr_carea' id='block_1_4' title="bbox 218 455 1816 565">
    <p class='ocr_par' dir='ltr' id='par_1_4' title="bbox 218 455 1802 565">
     <span class='ocr_line' id='line_1_4' title="bbox 218 455 1802 565; baseline 0.016 -57"><span class='ocrx_word' id='word_1_8' title='bbox 218 455 524 565; x_wconf 55' lang='grc' dir='ltr'>ἑνερτῶσαν</span> <span class='ocrx_word' id='word_1_9' title='bbox 804 461 887 517; x_wconf 80' lang='grc' dir='ltr'><strong>Τὰ</strong></span> <span class='ocrx_word' id='word_1_10' title='bbox 927 463 1037 538; x_wconf 75' lang='grc' dir='ltr'><strong>γὰρ</strong></span> <span class='ocrx_word' id='word_1_11' title='bbox 1084 467 1219 525; x_wconf 77' lang='grc' dir='ltr'>ἄλλα</span> <span class='ocrx_word' id='word_1_12' title='bbox 1247 472 1317 526; x_wconf 84' lang='grc' dir='ltr'>τὰ</span> <span class='ocrx_word' id='word_1_13' title='bbox 1357 476 1489 547; x_wconf 72' lang='grc' dir='ltr'>περὶ</span> <span class='ocrx_word' id='word_1_14' title='bbox 1534 478 1597 531; x_wconf 82' lang='grc' dir='ltr'><strong>τὸ</strong></span> <span class='ocrx_word' id='word_1_15' title='bbox 1631 479 1802 544; x_wconf 79' lang='grc' dir='ltr'>πάθος</span> 
     </span>
    </p>
   </div>
   <div class='ocr_carea' id='block_1_5' title="bbox 1920 455 3489 565">
    <p class='ocr_par' dir='ltr' id='par_1_5' title="bbox 1920 483 3489 565">
     <span class='ocr_line' id='line_1_5' title="bbox 1920 483 3489 565; baseline 0.008 -28"><span class='ocrx_word' id='word_1_16' title='bbox 1920 483 1973 538; x_wconf 84' lang='lat' dir='ltr'><strong>Id</strong></span> <span class='ocrx_word' id='word_1_17' title='bbox 2001 485 2285 542; x_wconf 78' lang='lat' dir='ltr'><strong>cruciatus</strong></span> <span class='ocrx_word' id='word_1_18' title='bbox 2339 495 2687 559; x_wconf 86' lang='lat' dir='ltr'><strong>mortemque</strong></span> <span class='ocrx_word' id='word_1_19' title='bbox 2744 491 3039 559; x_wconf 86' lang='lat' dir='ltr'><strong>pertinent,</strong></span> <span class='ocrx_word' id='word_1_20' title='bbox 3097 497 3489 565; x_wconf 82' lang='lat' dir='ltr'><strong>percurrisset,</strong></span> 
     </span>
    </p>
   </div>
   <div class='ocr_carea' id='block_1_6' title="bbox 217 548 1799 639">
    <p class='ocr_par' dir='ltr' id='par_1_6' title="bbox 217 548 1799 639">
     <span class='ocr_line' id='line_1_6' title="bbox 217 548 1799 639; baseline 0.015 -38"><span class='ocrx_word' id='word_1_21' title='bbox 217 548 474 618; x_wconf 83' lang='grc' dir='ltr'>θαύματα</span> <span class='ocrx_word' id='word_1_22' title='bbox 494 550 800 617; x_wconf 79' lang='grc' dir='ltr'>διεξελθὼν,</span> <span class='ocrx_word' id='word_1_23' title='bbox 834 555 931 608; x_wconf 72' lang='grc' dir='ltr'><strong>καὶ</strong></span> <span class='ocrx_word' id='word_1_24' title='bbox 959 555 1116 612; x_wconf 79' lang='grc' dir='ltr'>τοῦτό</span> <span class='ocrx_word' id='word_1_25' title='bbox 1145 576 1277 631; x_wconf 82' lang='grc' dir='ltr'>φησι</span> <span class='ocrx_word' id='word_1_26' title='bbox 1310 566 1442 636; x_wconf 78' lang='grc' dir='ltr'>περὶ</span> <span class='ocrx_word' id='word_1_27' title='bbox 1488 564 1583 620; x_wconf 86' lang='grc' dir='ltr'>τοῦ</span> <span class='ocrx_word' id='word_1_28' title='bbox 1607 570 1799 639; x_wconf 76' lang='grc' dir='ltr'>καιροῦ</span> 
     </span>
    </p>
   </div>
   <div class='ocr_carea' id='block_1_7' title="bbox 215 641 1801 723">
    <p class='ocr_par' dir='ltr' id='par_1_7' title="bbox 215 641 1801 723">
     <span class='ocr_line' id='line_1_7' title="bbox 215 641 1801 723; baseline 0.013 -30"><span class='ocrx_word' id='word_1_29' title='bbox 215 641 407 695; x_wconf 81' lang='grc' dir='ltr'>τούτου</span> <span class='ocrx_word' id='word_1_30' title='bbox 430 681 447 707; x_wconf 87' lang='grc'><strong><em>,</em></strong></span> <span class='ocrx_word' id='word_1_31' title='bbox 479 643 560 696; x_wconf 85' lang='grc' dir='ltr'>ὅτι</span> <span class='ocrx_word' id='word_1_32' title='bbox 593 646 718 714; x_wconf 80' lang='grc' dir='ltr'>οὐχ</span> <span class='ocrx_word' id='word_1_33' title='bbox 763 646 980 716; x_wconf 75' lang='grc' dir='ltr'>ἡμέρα,</span> <span class='ocrx_word' id='word_1_34' title='bbox 1025 650 1125 705; x_wconf 77' lang='grc' dir='ltr'>καὶ</span> <span class='ocrx_word' id='word_1_35' title='bbox 1146 653 1283 723; x_wconf 77' lang='grc' dir='ltr'>οὐχι</span> <span class='ocrx_word' id='word_1_36' title='bbox 1327 656 1464 722; x_wconf 77' lang='grc' dir='ltr'>νύξ.</span> <span class='ocrx_word' id='word_1_37' title='bbox 1488 659 1567 712; x_wconf 86' lang='grc' dir='ltr'><strong>Δι’</strong></span> <span class='ocrx_word' id='word_1_38' title='bbox 1611 654 1689 715; x_wconf 84' lang='grc' dir='ltr'>ὧν</span> <span class='ocrx_word' id='word_1_39' title='bbox 1716 662 1801 713; x_wconf 83' lang='grc' dir='ltr'><strong>ὲν-</strong></span> 
     </span>
    </p>
   </div>
   <div class='ocr_carea' id='block_1_8' title="bbox 212 732 1801 825">
    <p class='ocr_par' dir='ltr' id='par_1_8' title="bbox 212 732 1801 825">
     <span class='ocr_line' id='line_1_8' title="bbox 212 732 1801 825; baseline 0.014 -40"><span class='ocrx_word' id='word_1_40' title='bbox 212 732 516 825; x_wconf 75' lang='grc' dir='ltr'>δείκνυται,</span> <span class='ocrx_word' id='word_1_41' title='bbox 544 736 626 789; x_wconf 83' lang='grc' dir='ltr'>ὅτι</span> <span class='ocrx_word' id='word_1_42' title='bbox 655 736 837 808; x_wconf 79' lang='grc' dir='ltr'>ἡμέρα</span> <span class='ocrx_word' id='word_1_43' title='bbox 868 738 969 810; x_wconf 86' lang='grc' dir='ltr'>μὲν</span> <span class='ocrx_word' id='word_1_44' title='bbox 996 740 1264 813; x_wconf 82' lang='grc' dir='ltr'>κληθῆναι</span> <span class='ocrx_word' id='word_1_45' title='bbox 1288 747 1348 800; x_wconf 78' lang='grc' dir='ltr'>οὐ</span> <span class='ocrx_word' id='word_1_46' title='bbox 1377 746 1620 817; x_wconf 86' lang='grc' dir='ltr'>δύναται,</span> <span class='ocrx_word' id='word_1_47' title='bbox 1650 752 1801 825; x_wconf 80' lang='grc' dir='ltr'>ἡλίου</span> 
     </span>
    </p>
   </div>
   <div class='ocr_carea' id='block_1_9' title="bbox 214 824 1805 907">
    <p class='ocr_par' dir='ltr' id='par_1_9' title="bbox 214 824 1805 907">
     <span class='ocr_line' id='line_1_9' title="bbox 214 824 1805 907; baseline 0.015 -32"><span class='ocrx_word' id='word_1_48' title='bbox 214 824 291 894; x_wconf 78' lang='grc' dir='ltr'>μὴ</span> <span class='ocrx_word' id='word_1_49' title='bbox 321 824 504 890; x_wconf 73' lang='grc' dir='ltr'>ὄντος,</span> <span class='ocrx_word' id='word_1_50' title='bbox 548 825 647 892; x_wconf 81' lang='grc' dir='ltr'><strong>νὺξ</strong></span> <span class='ocrx_word' id='word_1_51' title='bbox 674 826 732 881; x_wconf 78' lang='grc' dir='ltr'>δὲ</span> <span class='ocrx_word' id='word_1_52' title='bbox 761 829 863 883; x_wconf 83' lang='grc' dir='ltr'><strong>οὐκ</strong></span> <span class='ocrx_word' id='word_1_53' title='bbox 898 829 1013 886; x_wconf 75' lang='grc' dir='ltr'>ἐστι</span> <span class='ocrx_word' id='word_1_54' title='bbox 1042 833 1120 905; x_wconf 81' lang='grc' dir='ltr'>τῷ</span> <span class='ocrx_word' id='word_1_55' title='bbox 1151 836 1289 907; x_wconf 85' lang='grc' dir='ltr'>μηδὲ</span> <span class='ocrx_word' id='word_1_56' title='bbox 1319 839 1510 905; x_wconf 84' lang='grc' dir='ltr'><strong>σκότος</strong></span> <span class='ocrx_word' id='word_1_57' title='bbox 1536 837 1697 898; x_wconf 71' lang='grc' dir='ltr'>εἶναι.</span> <span class='ocrx_word' id='word_1_58' title='bbox 1730 844 1805 897; x_wconf 82' lang='grc' dir='ltr'><strong>Τὸ</strong></span> 
     </span>
    </p>
   </div>
   <div class='ocr_carea' id='block_1_10' title="bbox 212 921 1803 1012">
    <p class='ocr_par' dir='ltr' id='par_1_10' title="bbox 212 921 1803 1012">
     <span class='ocr_line' id='line_1_10' title="bbox 212 921 1803 1012; baseline 0.013 -39"><span class='ocrx_word' id='word_1_59' title='bbox 212 921 323 993; x_wconf 69' lang='grc' dir='ltr'><strong>γὰρ</strong></span> <span class='ocrx_word' id='word_1_60' title='bbox 370 922 565 988; x_wconf 78' lang='grc' dir='ltr'><strong>σκότος</strong></span> <span class='ocrx_word' id='word_1_61' title='bbox 618 925 878 981; x_wconf 76' lang='grc' dir='ltr'><strong>ἐκάλεσεν</strong></span> <span class='ocrx_word' id='word_1_62' title='bbox 929 929 959 983; x_wconf 93' lang='lat'><strong>6</strong></span> <span class='ocrx_word' id='word_1_63' title='bbox 1010 928 1145 995; x_wconf 81' lang='grc' dir='ltr'>Θεὸς</span> <span class='ocrx_word' id='word_1_64' title='bbox 1197 931 1396 1001; x_wconf 81' lang='grc' dir='ltr'><strong>νύκτα,</strong></span> <span class='ocrx_word' id='word_1_65' title='bbox 1446 936 1629 1003; x_wconf 84' lang='grc' dir='ltr'>καθώς</span> <span class='ocrx_word' id='word_1_66' title='bbox 1670 956 1803 1012; x_wconf 83' lang='grc' dir='ltr'>φησι</span> 
     </span>
    </p>
   </div>
   <div class='ocr_carea' id='block_1_11' title="bbox 210 1012 484 1084">
    <p class='ocr_par' dir='ltr' id='par_1_11' title="bbox 210 1012 484 1084">
     <span class='ocr_line' id='line_1_11' title="bbox 210 1012 484 1084; baseline 0.011 -19"><span class='ocrx_word' id='word_1_67' title='bbox 210 1012 484 1084; x_wconf 69' lang='grc' dir='ltr'>Μωῦσῆς.</span> 
     </span>
    </p>
   </div>
   <div class='ocr_carea' id='block_1_12' title="bbox 92 1104 1805 1186">
    <p class='ocr_par' dir='ltr' id='par_1_12' title="bbox 92 1104 1805 1186">
     <span class='ocr_line' id='line_1_12' title="bbox 92 1104 1805 1186; baseline 0.012 -30"><span class='ocrx_word' id='word_1_68' title='bbox 92 1172 99 1184; x_wconf 38' lang='grc'><em>’</em></span> <span class='ocrx_word' id='word_1_69' title='bbox 300 1107 458 1160; x_wconf 78' lang='grc' dir='ltr'>Ἐπεὶ</span> <span class='ocrx_word' id='word_1_70' title='bbox 512 1104 610 1162; x_wconf 81' lang='grc' dir='ltr'><strong>οὖν</strong></span> <span class='ocrx_word' id='word_1_71' title='bbox 662 1109 805 1164; x_wconf 83' lang='grc' dir='ltr'>κατὰ</span> <span class='ocrx_word' id='word_1_72' title='bbox 862 1110 962 1182; x_wconf 79' lang='grc' dir='ltr'>μὲν</span> <span class='ocrx_word' id='word_1_73' title='bbox 1021 1112 1112 1169; x_wconf 76' lang='grc' dir='ltr'><strong>τὸν</strong></span> <span class='ocrx_word' id='word_1_74' title='bbox 1177 1115 1406 1186; x_wconf 85' lang='grc' dir='ltr'>χρόνον,</span> <span class='ocrx_word' id='word_1_75' title='bbox 1467 1120 1599 1186; x_wconf 82' lang='grc' dir='ltr'>νὺξ,</span> <span class='ocrx_word' id='word_1_76' title='bbox 1663 1122 1805 1177; x_wconf 87' lang='grc' dir='ltr'>κατὰ</span> 
     </span>
    </p>
   </div>
   <div class='ocr_carea' id='block_1_13' title="bbox 209 1194 1807 1282">
    <p class='ocr_par' dir='ltr' id='par_1_13' title="bbox 209 1194 1807 1282">
     <span class='ocr_line' id='line_1_13' title="bbox 209 1194 1807 1282; baseline 0.011 -34"><span class='ocrx_word' id='word_1_77' title='bbox 209 1194 276 1248; x_wconf 80' lang='grc' dir='ltr'>δὲ</span> <span class='ocrx_word' id='word_1_78' title='bbox 308 1195 374 1249; x_wconf 81' lang='grc' dir='ltr'><strong>τὸ</strong></span> <span class='ocrx_word' id='word_1_79' title='bbox 430 1194 569 1265; x_wconf 79' lang='grc' dir='ltr'><strong>φῶς,</strong></span> <span class='ocrx_word' id='word_1_80' title='bbox 605 1197 789 1268; x_wconf 76' lang='grc' dir='ltr'>ἡμέρα</span> <span class='ocrx_word' id='word_1_81' title='bbox 814 1214 830 1229; x_wconf 85' lang='grc'><strong>·</strong></span> <span class='ocrx_word' id='word_1_82' title='bbox 857 1199 1048 1254; x_wconf 89' lang='grc' dir='ltr'>τούτου</span> <span class='ocrx_word' id='word_1_83' title='bbox 1100 1201 1285 1257; x_wconf 72' lang='grc' dir='ltr'>ἕνεκέν</span> <span class='ocrx_word' id='word_1_84' title='bbox 1331 1223 1497 1276; x_wconf 82' lang='grc' dir='ltr'>φησιν</span> <span class='ocrx_word' id='word_1_85' title='bbox 1525 1211 1554 1263; x_wconf 97' lang='lat'><strong>6</strong></span> <span class='ocrx_word' id='word_1_86' title='bbox 1586 1211 1807 1282; x_wconf 82' lang='grc' dir='ltr'>Προφή-</span> 
     </span>
    </p>
   </div>
   <div class='ocr_carea' id='block_1_14' title="bbox 220 1286 1805 1372">
    <p class='ocr_par' dir='ltr' id='par_1_14' title="bbox 220 1286 1805 1372">
     <span class='ocr_line' id='line_1_14' title="bbox 220 1286 1805 1372; baseline 0.012 -35"><span class='ocrx_word' id='word_1_87' title='bbox 220 1301 333 1355; x_wconf 80' lang='grc' dir='ltr'><strong>της</strong></span> <span class='ocrx_word' id='word_1_88' title='bbox 352 1301 367 1316; x_wconf 86' lang='grc'><strong>·</strong></span> <span class='ocrx_word' id='word_1_89' title='bbox 390 1286 501 1339; x_wconf 80' lang='grc' dir='ltr'><strong>Καὶ</strong></span> <span class='ocrx_word' id='word_1_90' title='bbox 521 1287 650 1356; x_wconf 84' lang='grc' dir='ltr'><strong>Οὐχ</strong></span> <span class='ocrx_word' id='word_1_91' title='bbox 694 1287 907 1357; x_wconf 77' lang='grc' dir='ltr'>ἡμέρα,</span> <span class='ocrx_word' id='word_1_92' title='bbox 956 1291 1056 1345; x_wconf 79' lang='grc' dir='ltr'><strong>καί</strong></span> <span class='ocrx_word' id='word_1_93' title='bbox 1081 1293 1219 1363; x_wconf 76' lang='grc' dir='ltr'>οὐχὶ</span> <span class='ocrx_word' id='word_1_94' title='bbox 1252 1294 1390 1360; x_wconf 80' lang='grc' dir='ltr'>νύξ.</span> <span class='ocrx_word' id='word_1_95' title='bbox 1416 1298 1480 1350; x_wconf 81' lang='lat' dir='ltr'><strong>El</strong></span> <span class='ocrx_word' id='word_1_96' title='bbox 1527 1293 1619 1352; x_wconf 81' lang='grc' dir='ltr'>οὖν</span> <span class='ocrx_word' id='word_1_97' title='bbox 1667 1301 1805 1372; x_wconf 85' lang='grc' dir='ltr'>μήτε</span> 
     </span>
    </p>
   </div>
   <div class='ocr_carea' id='block_1_15' title="bbox 215 1376 1803 1460">
    <p class='ocr_par' dir='ltr' id='par_1_15' title="bbox 215 1376 1803 1460">
     <span class='ocr_line' id='line_1_15' title="bbox 215 1376 1803 1460; baseline 0.011 -31"><span class='ocrx_word' id='word_1_98' title='bbox 215 1376 342 1443; x_wconf 67' lang='grc' dir='ltr'>νὺξ,</span> <span class='ocrx_word' id='word_1_99' title='bbox 368 1378 509 1431; x_wconf 78' lang='grc' dir='ltr'>κατὰ</span> <span class='ocrx_word' id='word_1_100' title='bbox 535 1378 630 1432; x_wconf 82' lang='grc' dir='ltr'>τὸν</span> <span class='ocrx_word' id='word_1_101' title='bbox 652 1381 939 1451; x_wconf 75' lang='grc' dir='ltr'>Προφήτου</span> <span class='ocrx_word' id='word_1_102' title='bbox 967 1382 1147 1454; x_wconf 84' lang='grc' dir='ltr'>λόγον,</span> <span class='ocrx_word' id='word_1_103' title='bbox 1183 1386 1213 1439; x_wconf 88' lang='lat'><strong>6</strong></span> <span class='ocrx_word' id='word_1_104' title='bbox 1244 1387 1434 1460; x_wconf 82' lang='grc' dir='ltr'>καιρὸς</span> <span class='ocrx_word' id='word_1_105' title='bbox 1453 1383 1608 1455; x_wconf 76' lang='grc' dir='ltr'>οὗτός</span> <span class='ocrx_word' id='word_1_106' title='bbox 1636 1393 1803 1456; x_wconf 79' lang='grc' dir='ltr'>ἐστιν,</span> 
     </span>
    </p>
   </div>
   <div class='ocr_carea' id='block_1_16' title="bbox 218 1468 1808 1553">
    <p class='ocr_par' dir='ltr' id='par_1_16' title="bbox 218 1468 1808 1553">
     <span class='ocr_line' id='line_1_16' title="bbox 218 1468 1808 1553; baseline 0.009 -32"><span class='ocrx_word' id='word_1_107' title='bbox 218 1468 355 1522; x_wconf 77' lang='grc' dir='ltr'>ἄλλο</span> <span class='ocrx_word' id='word_1_108' title='bbox 410 1487 467 1522; x_wconf 87' lang='grc' dir='ltr'><strong>τι</strong></span> <span class='ocrx_word' id='word_1_109' title='bbox 527 1468 682 1542; x_wconf 83' lang='grc' dir='ltr'>παρὰ</span> <span class='ocrx_word' id='word_1_110' title='bbox 749 1471 926 1527; x_wconf 76' lang='grc' dir='ltr'>ταῦτα</span> <span class='ocrx_word' id='word_1_111' title='bbox 972 1474 1189 1540; x_wconf 79' lang='grc' dir='ltr'>πάντως</span> <span class='ocrx_word' id='word_1_112' title='bbox 1249 1478 1283 1547; x_wconf 84' lang='grc' dir='ltr'><strong>ἡ</strong></span> <span class='ocrx_word' id='word_1_113' title='bbox 1344 1477 1595 1549; x_wconf 80' lang='grc' dir='ltr'>παροῦσα</span> <span class='ocrx_word' id='word_1_114' title='bbox 1649 1480 1808 1553; x_wconf 84' lang='grc' dir='ltr'>χάρις</span> 
     </span>
    </p>
   </div>
   <div class='ocr_carea' id='block_1_17' title="bbox 218 1560 1805 1643">
    <p class='ocr_par' dir='ltr' id='par_1_17' title="bbox 218 1560 1805 1643">
     <span class='ocr_line' id='line_1_17' title="bbox 218 1560 1805 1643; baseline 0.009 -31"><span class='ocrx_word' id='word_1_115' title='bbox 218 1560 345 1613; x_wconf 81' lang='grc' dir='ltr'>ἐστὶ</span> <span class='ocrx_word' id='word_1_116' title='bbox 367 1561 461 1615; x_wconf 80' lang='grc' dir='ltr'><strong>καὶ</strong></span> <span class='ocrx_word' id='word_1_117' title='bbox 496 1561 846 1632; x_wconf 79' lang='grc' dir='ltr'>ὀνομάζεται.</span> <span class='ocrx_word' id='word_1_118' title='bbox 875 1563 1139 1619; x_wconf 73' lang='grc' dir='ltr'><strong>Βούλεσθε</strong></span> <span class='ocrx_word' id='word_1_119' title='bbox 1167 1567 1309 1622; x_wconf 77' lang='grc' dir='ltr'>εἴπω</span> <span class='ocrx_word' id='word_1_120' title='bbox 1332 1569 1361 1623; x_wconf 80' lang='grc' dir='ltr'><strong>ὃ</strong></span> <span class='ocrx_word' id='word_1_121' title='bbox 1389 1569 1763 1643; x_wconf 75' lang='grc' dir='ltr'><strong>ἐντεθύμημαι</strong></span> <span class='ocrx_word' id='word_1_122' title='bbox 1789 1590 1805 1641; x_wconf 88' lang='lat'><strong>;</strong></span> 
     </span>
    </p>
   </div>
   <div class='ocr_carea' id='block_1_18' title="bbox 216 1652 1808 1736">
    <p class='ocr_par' dir='ltr' id='par_1_18' title="bbox 216 1652 1808 1736">
     <span class='ocr_line' id='line_1_18' title="bbox 216 1652 1808 1736; baseline 0.008 -31"><span class='ocrx_word' id='word_1_123' title='bbox 216 1652 391 1721; x_wconf 82' lang='grc' dir='ltr'>Αὕτη</span> <span class='ocrx_word' id='word_1_124' title='bbox 423 1653 600 1708; x_wconf 75' lang='grc' dir='ltr'><strong>ἐστιν</strong></span> <span class='ocrx_word' id='word_1_125' title='bbox 642 1654 835 1723; x_wconf 76' lang='grc' dir='ltr'>ἡμέρα</span> <span class='ocrx_word' id='word_1_126' title='bbox 890 1656 967 1724; x_wconf 75' lang='grc' dir='ltr'><strong>ἢν</strong></span> <span class='ocrx_word' id='word_1_127' title='bbox 986 1658 1282 1728; x_wconf 79' lang='grc' dir='ltr'>ἐποίησεν</span> <span class='ocrx_word' id='word_1_128' title='bbox 1321 1663 1357 1716; x_wconf 85' lang='grc' dir='ltr'><strong>ό</strong></span> <span class='ocrx_word' id='word_1_129' title='bbox 1382 1663 1597 1732; x_wconf 80' lang='grc' dir='ltr'>Κύριος</span> <span class='ocrx_word' id='word_1_130' title='bbox 1620 1680 1634 1696; x_wconf 73' lang='grc'><strong><em>⁸</em></strong></span> <span class='ocrx_word' id='word_1_131' title='bbox 1673 1665 1808 1736; x_wconf 77' lang='grc' dir='ltr'>ἄλλη</span> 
     </span>
    </p>
   </div>
   <div class='ocr_carea' id='block_1_19' title="bbox 222 1744 1812 1827">
    <p class='ocr_par' dir='ltr' id='par_1_19' title="bbox 222 1744 1812 1827">
     <span class='ocr_line' id='line_1_19' title="bbox 222 1744 1812 1827; baseline 0.009 -30"><span class='ocrx_word' id='word_1_132' title='bbox 222 1744 386 1815; x_wconf 81' lang='grc' dir='ltr'><strong>παρὰ</strong></span> <span class='ocrx_word' id='word_1_133' title='bbox 407 1744 504 1809; x_wconf 67' lang='grc' dir='ltr'>τὰς</span> <span class='ocrx_word' id='word_1_134' title='bbox 531 1746 592 1800; x_wconf 78' lang='grc' dir='ltr'><strong>ὲν</strong></span> <span class='ocrx_word' id='word_1_135' title='bbox 615 1748 756 1819; x_wconf 81' lang='grc' dir='ltr'>ἀρχῇ</span> <span class='ocrx_word' id='word_1_136' title='bbox 778 1749 927 1801; x_wconf 84' lang='grc' dir='ltr'>ἐστιν</span> <span class='ocrx_word' id='word_1_137' title='bbox 954 1748 1115 1821; x_wconf 79' lang='grc' dir='ltr'>αὕτη.</span> <span class='ocrx_word' id='word_1_138' title='bbox 1158 1752 1246 1807; x_wconf 87' lang='grc' dir='ltr'><strong>Ἐν</strong></span> <span class='ocrx_word' id='word_1_139' title='bbox 1265 1752 1438 1827; x_wconf 82' lang='grc' dir='ltr'>ταύτῃ</span> <span class='ocrx_word' id='word_1_140' title='bbox 1470 1755 1579 1827; x_wconf 83' lang='grc' dir='ltr'><strong>γὰρ</strong></span> <span class='ocrx_word' id='word_1_141' title='bbox 1609 1759 1754 1810; x_wconf 83' lang='grc' dir='ltr'>ποιεῖ</span> <span class='ocrx_word' id='word_1_142' title='bbox 1782 1759 1812 1811; x_wconf 91' lang='lat'><strong>6</strong></span> 
     </span>
    </p>
   </div>
   <div class='ocr_carea' id='block_1_20' title="bbox 220 1834 1808 1920">
    <p class='ocr_par' dir='ltr' id='par_1_20' title="bbox 220 1834 1808 1920">
     <span class='ocr_line' id='line_1_20' title="bbox 220 1834 1808 1920; baseline 0.007 -31"><span class='ocrx_word' id='word_1_143' title='bbox 220 1834 369 1899; x_wconf 82' lang='grc' dir='ltr'>Θεὸς</span> <span class='ocrx_word' id='word_1_144' title='bbox 412 1839 483 1908; x_wconf 72' lang='grc' dir='ltr'>τῇ</span> <span class='ocrx_word' id='word_1_145' title='bbox 533 1837 712 1909; x_wconf 70' lang='grc' dir='ltr'>ἡμέρα</span> <span class='ocrx_word' id='word_1_146' title='bbox 752 1839 983 1910; x_wconf 82' lang='grc' dir='ltr'>ούρανδν</span> <span class='ocrx_word' id='word_1_147' title='bbox 1038 1843 1260 1910; x_wconf 83' lang='grc' dir='ltr'>καινὸν,</span> <span class='ocrx_word' id='word_1_148' title='bbox 1289 1845 1384 1898; x_wconf 73' lang='grc' dir='ltr'>καὶ</span> <span class='ocrx_word' id='word_1_149' title='bbox 1427 1848 1532 1916; x_wconf 80' lang='grc' dir='ltr'><strong>γῆν</strong></span> <span class='ocrx_word' id='word_1_150' title='bbox 1579 1845 1808 1920; x_wconf 79' lang='grc' dir='ltr'>καινὴν,</span> 
     </span>
    </p>
   </div>
   <div class='ocr_carea' id='block_1_21' title="bbox 222 1903 1884 2005">
    <p class='ocr_par' dir='ltr' id='par_1_21' title="bbox 222 1903 1884 2005">
     <span class='ocr_line' id='line_1_21' title="bbox 222 1903 1884 2005; baseline 0.007 -27"><span class='ocrx_word' id='word_1_151' title='bbox 222 1924 420 1990; x_wconf 79' lang='grc' dir='ltr'>καθώς</span> <span class='ocrx_word' id='word_1_152' title='bbox 454 1903 624 1997; x_wconf 63' lang='grc' dir='ltr'>ἷρηὰὲν</span> <span class='ocrx_word' id='word_1_153' title='bbox 643 1903 699 1980; x_wconf 67' lang='grc' dir='ltr'><strong>ό</strong></span> <span class='ocrx_word' id='word_1_154' title='bbox 719 1903 1038 2002; x_wconf 78' lang='grc' dir='ltr'>Προφήτης.</span> <span class='ocrx_word' id='word_1_155' title='bbox 1068 1903 1258 1987; x_wconf 33' lang='grc' dir='ltr'>Ποῖον,</span> <span class='ocrx_word' id='word_1_156' title='bbox 1286 1903 1548 2005; x_wconf 70' lang='grc' dir='ltr'>ούρανόνς</span> <span class='ocrx_word' id='word_1_157' title='bbox 1578 1935 1639 1988; x_wconf 83' lang='grc' dir='ltr'><strong>τὸ</strong></span> <span class='ocrx_word' id='word_1_158' title='bbox 1691 1903 1812 1989; x_wconf 39' lang='lat' dir='ltr'><strong>ore;</strong></span> <span class='ocrx_word' id='word_1_159' title='bbox 1841 1903 1884 1957; x_wconf 78' lang='grc' dir='ltr'><strong>Β</strong></span> 
     </span>
    </p>
   </div>
   <div class='ocr_carea' id='block_1_22' title="bbox 226 2016 1810 2101">
    <p class='ocr_par' dir='ltr' id='par_1_22' title="bbox 226 2016 1810 2101">
     <span class='ocr_line' id='line_1_22' title="bbox 226 2016 1810 2101; baseline 0.007 -30"><span class='ocrx_word' id='word_1_160' title='bbox 226 2016 426 2088; x_wconf 68' lang='grc' dir='ltr'>ρὲωμα</span> <span class='ocrx_word' id='word_1_161' title='bbox 459 2018 557 2089; x_wconf 79' lang='grc' dir='ltr'>τῆς</span> <span class='ocrx_word' id='word_1_162' title='bbox 610 2021 692 2084; x_wconf 81' lang='grc' dir='ltr'><strong>είς</strong></span> <span class='ocrx_word' id='word_1_163' title='bbox 723 2020 955 2092; x_wconf 77' lang='grc' dir='ltr'>Χριστὸν</span> <span class='ocrx_word' id='word_1_164' title='bbox 1010 2022 1245 2086; x_wconf 70' lang='grc' dir='ltr'>πίστεως</span> <span class='ocrx_word' id='word_1_165' title='bbox 1274 2040 1290 2056; x_wconf 82' lang='grc'>⁶</span> <span class='ocrx_word' id='word_1_166' title='bbox 1328 2026 1488 2079; x_wconf 83' lang='grc' dir='ltr'>ποίαν</span> <span class='ocrx_word' id='word_1_167' title='bbox 1535 2026 1681 2097; x_wconf 77' lang='grc' dir='ltr'>γῆνς</span> <span class='ocrx_word' id='word_1_168' title='bbox 1712 2027 1810 2101; x_wconf 81' lang='grc' dir='ltr'><strong>τὴν</strong></span> 
     </span>
    </p>
   </div>
   <div class='ocr_carea' id='block_1_23' title="bbox 225 2107 1813 2191">
    <p class='ocr_par' dir='ltr' id='par_1_23' title="bbox 225 2107 1813 2191">
     <span class='ocr_line' id='line_1_23' title="bbox 225 2107 1813 2191; baseline 0.009 -30"><span class='ocrx_word' id='word_1_169' title='bbox 225 2107 447 2178; x_wconf 80' lang='grc' dir='ltr'>ἀγαθὴν</span> <span class='ocrx_word' id='word_1_170' title='bbox 497 2110 728 2181; x_wconf 77' lang='grc' dir='ltr'><strong>καρδίαν</strong></span> <span class='ocrx_word' id='word_1_171' title='bbox 760 2111 928 2183; x_wconf 77' lang='grc' dir='ltr'>φημὶ,</span> <span class='ocrx_word' id='word_1_172' title='bbox 976 2113 1161 2179; x_wconf 88' lang='grc' dir='ltr'>καθὼς</span> <span class='ocrx_word' id='word_1_173' title='bbox 1207 2111 1358 2171; x_wconf 77' lang='grc' dir='ltr'>εἶπεν</span> <span class='ocrx_word' id='word_1_174' title='bbox 1401 2120 1430 2173; x_wconf 94' lang='lat'><strong>6</strong></span> <span class='ocrx_word' id='word_1_175' title='bbox 1452 2118 1677 2191; x_wconf 79' lang='grc' dir='ltr'>Κύριος,</span> <span class='ocrx_word' id='word_1_176' title='bbox 1713 2120 1813 2191; x_wconf 84' lang='grc' dir='ltr'>τὴν</span> 
     </span>
    </p>
   </div>
   <div class='ocr_carea' id='block_1_24' title="bbox 223 2199 1815 2280">
    <p class='ocr_par' dir='ltr' id='par_1_24' title="bbox 223 2199 1815 2280">
     <span class='ocr_line' id='line_1_24' title="bbox 223 2199 1815 2280; baseline 0.009 -28"><span class='ocrx_word' id='word_1_177' title='bbox 223 2201 334 2270; x_wconf 84' lang='grc' dir='ltr'><strong>γῆν</strong></span> <span class='ocrx_word' id='word_1_178' title='bbox 362 2199 459 2273; x_wconf 75' lang='grc' dir='ltr'>τὴν</span> <span class='ocrx_word' id='word_1_179' title='bbox 488 2201 751 2257; x_wconf 64' lang='grc' dir='ltr'>τείνουσαν</span> <span class='ocrx_word' id='word_1_180' title='bbox 788 2204 881 2259; x_wconf 83' lang='grc' dir='ltr'>τὸν</span> <span class='ocrx_word' id='word_1_181' title='bbox 904 2204 992 2257; x_wconf 75' lang='grc' dir='ltr'><strong>ἐπ’</strong></span> <span class='ocrx_word' id='word_1_182' title='bbox 1023 2206 1161 2279; x_wconf 79' lang='grc' dir='ltr'>αὐτῇ</span> <span class='ocrx_word' id='word_1_183' title='bbox 1199 2210 1492 2280; x_wconf 74' lang='grc' dir='ltr'>ἐρχόμενον</span> <span class='ocrx_word' id='word_1_184' title='bbox 1515 2212 1690 2275; x_wconf 79' lang='grc' dir='ltr'>ὑετὸν,</span> <span class='ocrx_word' id='word_1_185' title='bbox 1721 2213 1815 2268; x_wconf 73' lang='grc' dir='ltr'><strong>καὶ</strong></span> 
     </span>
    </p>
   </div>
   <div class='ocr_carea' id='block_1_25' title="bbox 223 2291 1816 2374">
    <p class='ocr_par' dir='ltr' id='par_1_25' title="bbox 223 2291 1816 2374">
     <span class='ocr_line' id='line_1_25' title="bbox 223 2291 1816 2374; baseline 0.008 -30"><span class='ocrx_word' id='word_1_186' title='bbox 223 2291 319 2345; x_wconf 77' lang='grc' dir='ltr'>τὸν</span> <span class='ocrx_word' id='word_1_187' title='bbox 347 2291 614 2363; x_wconf 77' lang='grc' dir='ltr'><strong>πολύχουν</strong></span> <span class='ocrx_word' id='word_1_188' title='bbox 652 2294 853 2365; x_wconf 79' lang='grc' dir='ltr'><strong>στάχυν</strong></span> <span class='ocrx_word' id='word_1_189' title='bbox 887 2296 1246 2369; x_wconf 85' lang='grc' dir='ltr'>ἁδρύνουσαν.</span> <span class='ocrx_word' id='word_1_190' title='bbox 1295 2300 1383 2354; x_wconf 84' lang='grc' dir='ltr'><strong>Ἐν</strong></span> <span class='ocrx_word' id='word_1_191' title='bbox 1410 2300 1582 2373; x_wconf 81' lang='grc' dir='ltr'>ταύτῃ</span> <span class='ocrx_word' id='word_1_192' title='bbox 1611 2305 1678 2374; x_wconf 83' lang='grc' dir='ltr'><strong>τῇ</strong></span> <span class='ocrx_word' id='word_1_193' title='bbox 1703 2303 1816 2356; x_wconf 89' lang='grc' dir='ltr'>κτί-</span> 
     </span>
    </p>
   </div>
   <div class='ocr_carea' id='block_1_26' title="bbox 226 2381 1815 2464">
    <p class='ocr_par' dir='ltr' id='par_1_26' title="bbox 226 2381 1815 2464">
     <span class='ocr_line' id='line_1_26' title="bbox 226 2381 1815 2464; baseline 0.008 -29"><span class='ocrx_word' id='word_1_194' title='bbox 226 2397 339 2446; x_wconf 83' lang='grc' dir='ltr'>σει,</span> <span class='ocrx_word' id='word_1_195' title='bbox 364 2381 515 2451; x_wconf 67' lang='grc' dir='ltr'>ἣλιος</span> <span class='ocrx_word' id='word_1_196' title='bbox 569 2381 671 2454; x_wconf 81' lang='grc' dir='ltr'><strong>μέν</strong></span> <span class='ocrx_word' id='word_1_197' title='bbox 702 2385 852 2439; x_wconf 77' lang='grc' dir='ltr'>ἐστιν</span> <span class='ocrx_word' id='word_1_198' title='bbox 879 2384 909 2438; x_wconf 97' lang='lat'><strong>6</strong></span> <span class='ocrx_word' id='word_1_199' title='bbox 950 2385 1191 2459; x_wconf 83' lang='grc' dir='ltr'>καθαρὸς</span> <span class='ocrx_word' id='word_1_200' title='bbox 1240 2387 1354 2460; x_wconf 85' lang='grc' dir='ltr'>βίος</span> <span class='ocrx_word' id='word_1_201' title='bbox 1390 2407 1404 2423; x_wconf 80' lang='grc' dir='ltr'><strong><em>ο</em></strong></span> <span class='ocrx_word' id='word_1_202' title='bbox 1431 2390 1607 2464; x_wconf 83' lang='grc' dir='ltr'>ἄστρα</span> <span class='ocrx_word' id='word_1_203' title='bbox 1649 2392 1726 2459; x_wconf 79' lang='grc' dir='ltr'><strong>δὲ,</strong></span> <span class='ocrx_word' id='word_1_204' title='bbox 1758 2394 1815 2447; x_wconf 80' lang='grc' dir='ltr'><strong>αἱ</strong></span> 
     </span>
    </p>
   </div>
   <div class='ocr_carea' id='block_1_27' title="bbox 224 2473 1817 2553">
    <p class='ocr_par' dir='ltr' id='par_1_27' title="bbox 224 2473 1817 2553">
     <span class='ocr_line' id='line_1_27' title="bbox 224 2473 1817 2553; baseline 0.011 -28"><span class='ocrx_word' id='word_1_205' title='bbox 224 2473 425 2542; x_wconf 77' lang='grc' dir='ltr'>ἀρεταί</span> <span class='ocrx_word' id='word_1_206' title='bbox 439 2490 452 2503; x_wconf 90' lang='grc'><strong>·</strong></span> <span class='ocrx_word' id='word_1_207' title='bbox 484 2474 596 2553; x_wconf 69' lang='grc' dir='ltr'>ἀὴρ</span> <span class='ocrx_word' id='word_1_208' title='bbox 619 2475 700 2537; x_wconf 77' lang='grc' dir='ltr'>δὲ,</span> <span class='ocrx_word' id='word_1_209' title='bbox 736 2478 770 2547; x_wconf 67' lang='grc' dir='ltr'>ἡ</span> <span class='ocrx_word' id='word_1_210' title='bbox 793 2475 1060 2551; x_wconf 79' lang='grc' dir='ltr'>διαφανὴς</span> <span class='ocrx_word' id='word_1_211' title='bbox 1087 2480 1332 2535; x_wconf 79' lang='grc' dir='ltr'>πολιτεία</span> <span class='ocrx_word' id='word_1_212' title='bbox 1351 2497 1365 2511; x_wconf 82' lang='grc'><em>’</em></span> <span class='ocrx_word' id='word_1_213' title='bbox 1385 2481 1629 2539; x_wconf 84' lang='grc' dir='ltr'>θάλασσα</span> <span class='ocrx_word' id='word_1_214' title='bbox 1654 2484 1731 2552; x_wconf 84' lang='grc' dir='ltr'><strong>δὲ,</strong></span> <span class='ocrx_word' id='word_1_215' title='bbox 1756 2485 1817 2541; x_wconf 84' lang='grc' dir='ltr'>τὸ</span> 
     </span>
    </p>
   </div>
   <div class='ocr_carea' id='block_1_28' title="bbox 225 2564 1813 2645">
    <p class='ocr_par' dir='ltr' id='par_1_28' title="bbox 225 2564 1813 2645">
     <span class='ocr_line' id='line_1_28' title="bbox 225 2564 1813 2645; baseline 0.008 -27"><span class='ocrx_word' id='word_1_216' title='bbox 225 2564 395 2634; x_wconf 75' lang='grc' dir='ltr'>βάθος</span> <span class='ocrx_word' id='word_1_217' title='bbox 431 2567 552 2620; x_wconf 79' lang='grc' dir='ltr'>ἐστὶ</span> <span class='ocrx_word' id='word_1_218' title='bbox 574 2567 670 2621; x_wconf 81' lang='grc' dir='ltr'>τοῦ</span> <span class='ocrx_word' id='word_1_219' title='bbox 700 2568 931 2623; x_wconf 87' lang='grc' dir='ltr'>πλούτου</span> <span class='ocrx_word' id='word_1_220' title='bbox 964 2574 1064 2642; x_wconf 85' lang='grc' dir='ltr'>τῆς</span> <span class='ocrx_word' id='word_1_221' title='bbox 1102 2573 1293 2643; x_wconf 80' lang='grc' dir='ltr'>σοφίας</span> <span class='ocrx_word' id='word_1_222' title='bbox 1314 2592 1375 2639; x_wconf 72' lang='grc' dir='ltr'>τε</span> <span class='ocrx_word' id='word_1_223' title='bbox 1402 2576 1495 2631; x_wconf 81' lang='grc' dir='ltr'>καὶ</span> <span class='ocrx_word' id='word_1_224' title='bbox 1525 2575 1813 2645; x_wconf 77' lang='grc' dir='ltr'>γνώσεωςο</span> 
     </span>
    </p>
   </div>
   <div class='ocr_carea' id='block_1_29' title="bbox 228 2658 1820 2736">
    <p class='ocr_par' dir='ltr' id='par_1_29' title="bbox 228 2658 1820 2736">
     <span class='ocr_line' id='line_1_29' title="bbox 228 2658 1820 2736; baseline 0.009 -26"><span class='ocrx_word' id='word_1_225' title='bbox 228 2658 358 2710; x_wconf 75' lang='grc' dir='ltr'>πόαι</span> <span class='ocrx_word' id='word_1_226' title='bbox 405 2658 501 2711; x_wconf 78' lang='grc' dir='ltr'>καὶ</span> <span class='ocrx_word' id='word_1_227' title='bbox 536 2659 916 2732; x_wconf 83' lang='grc' dir='ltr'>βλαστήματα.</span> <span class='ocrx_word' id='word_1_228' title='bbox 951 2664 1191 2736; x_wconf 82' lang='grc' dir='ltr'>ὴὰγαθὴ</span> <span class='ocrx_word' id='word_1_229' title='bbox 1243 2666 1561 2733; x_wconf 84' lang='grc' dir='ltr'>διδασκαλία</span> <span class='ocrx_word' id='word_1_230' title='bbox 1609 2669 1702 2723; x_wconf 79' lang='grc' dir='ltr'>καὶ</span> <span class='ocrx_word' id='word_1_231' title='bbox 1749 2669 1820 2724; x_wconf 82' lang='grc' dir='ltr'>τὰ</span> 
     </span>
    </p>
   </div>
   <div class='ocr_carea' id='block_1_30' title="bbox 227 2748 1816 2834">
    <p class='ocr_par' dir='ltr' id='par_1_30' title="bbox 227 2748 1816 2834">
     <span class='ocr_line' id='line_1_30' title="bbox 227 2748 1816 2834; baseline 0.009 -32"><span class='ocrx_word' id='word_1_232' title='bbox 227 2748 349 2802; x_wconf 80' lang='grc' dir='ltr'>θεῖα</span> <span class='ocrx_word' id='word_1_233' title='bbox 386 2751 636 2822; x_wconf 79' lang='grc' dir='ltr'>δόγματα</span> <span class='ocrx_word' id='word_1_234' title='bbox 656 2793 671 2817; x_wconf 88' lang='grc'><em>,</em></span> <span class='ocrx_word' id='word_1_235' title='bbox 705 2754 851 2827; x_wconf 83' lang='grc' dir='ltr'>ἆπερ</span> <span class='ocrx_word' id='word_1_236' title='bbox 878 2757 907 2808; x_wconf 91' lang='lat'><strong>6</strong></span> <span class='ocrx_word' id='word_1_237' title='bbox 932 2756 1063 2821; x_wconf 84' lang='grc' dir='ltr'>λαὸς</span> <span class='ocrx_word' id='word_1_238' title='bbox 1096 2758 1194 2827; x_wconf 80' lang='grc' dir='ltr'>τῆς</span> <span class='ocrx_word' id='word_1_239' title='bbox 1244 2760 1416 2830; x_wconf 84' lang='grc' dir='ltr'>νομῆς</span> <span class='ocrx_word' id='word_1_240' title='bbox 1436 2799 1451 2822; x_wconf 75' lang='grc' dir='ltr'><strong>ι</strong></span> <span class='ocrx_word' id='word_1_241' title='bbox 1478 2762 1758 2816; x_wconf 78' lang='grc' dir='ltr'>τουτέστιν</span> <span class='ocrx_word' id='word_1_242' title='bbox 1782 2764 1816 2834; x_wconf 77' lang='grc' dir='ltr'>ἠ</span> 
     </span>
    </p>
   </div>
   <div class='ocr_carea' id='block_1_31' title="bbox 230 2842 1822 2928">
    <p class='ocr_par' dir='ltr' id='par_1_31' title="bbox 230 2842 1822 2928">
     <span class='ocr_line' id='line_1_31' title="bbox 230 2842 1822 2928; baseline 0.01 -32"><span class='ocrx_word' id='word_1_243' title='bbox 230 2842 435 2913; x_wconf 75' lang='grc' dir='ltr'>ποίμνη</span> <span class='ocrx_word' id='word_1_244' title='bbox 455 2844 552 2898; x_wconf 82' lang='grc' dir='ltr'>τοῦ</span> <span class='ocrx_word' id='word_1_245' title='bbox 576 2844 711 2899; x_wconf 75' lang='grc' dir='ltr'>Θεοῦ</span> <span class='ocrx_word' id='word_1_246' title='bbox 748 2848 1063 2918; x_wconf 74' lang='grc' dir='ltr'><strong>ἐπινέμεται</strong></span> <span class='ocrx_word' id='word_1_247' title='bbox 1082 2865 1098 2883; x_wconf 76' lang='grc' dir='ltr'><strong><em>ο</em></strong></span> <span class='ocrx_word' id='word_1_248' title='bbox 1129 2851 1323 2922; x_wconf 78' lang='grc' dir='ltr'><strong>δένδρα</strong></span> <span class='ocrx_word' id='word_1_249' title='bbox 1342 2852 1399 2907; x_wconf 78' lang='grc' dir='ltr'>δὲ</span> <span class='ocrx_word' id='word_1_250' title='bbox 1421 2853 1679 2911; x_wconf 80' lang='grc' dir='ltr'>ποιοῦντα</span> <span class='ocrx_word' id='word_1_251' title='bbox 1696 2873 1822 2928; x_wconf 71' lang='grc' dir='ltr'>καρο</span> 
     </span>
    </p>
   </div>
   <div class='ocr_carea' id='block_1_32' title="bbox 230 2936 1822 3017">
    <p class='ocr_par' dir='ltr' id='par_1_32' title="bbox 230 2936 1822 3017">
     <span class='ocr_line' id='line_1_32' title="bbox 230 2936 1822 3017; baseline 0.009 -27"><span class='ocrx_word' id='word_1_252' title='bbox 230 2936 353 3003; x_wconf 68' lang='grc' dir='ltr'>πον,</span> <span class='ocrx_word' id='word_1_253' title='bbox 385 2940 421 3008; x_wconf 76' lang='grc' dir='ltr'><strong>ἡ</strong></span> <span class='ocrx_word' id='word_1_254' title='bbox 461 2937 576 2992; x_wconf 82' lang='grc' dir='ltr'>τῶν</span> <span class='ocrx_word' id='word_1_255' title='bbox 613 2940 843 2994; x_wconf 77' lang='grc' dir='ltr'>ἐντολῶν</span> <span class='ocrx_word' id='word_1_256' title='bbox 882 2943 1136 3014; x_wconf 75' lang='grc' dir='ltr'>ἐργασία.</span> <span class='ocrx_word' id='word_1_257' title='bbox 1186 2944 1274 2999; x_wconf 86' lang='grc' dir='ltr'><strong>Ἐν</strong></span> <span class='ocrx_word' id='word_1_258' title='bbox 1303 2945 1476 3017; x_wconf 77' lang='grc' dir='ltr'>ταύτῃ</span> <span class='ocrx_word' id='word_1_259' title='bbox 1524 2947 1767 3013; x_wconf 76' lang='grc' dir='ltr'>κτίζεται</span> <span class='ocrx_word' id='word_1_260' title='bbox 1791 2950 1822 3003; x_wconf 89' lang='lat'><strong>6</strong></span> 
     </span>
    </p>
   </div>
   <div class='ocr_carea' id='block_1_33' title="bbox 230 3028 1820 3107">
    <p class='ocr_par' dir='ltr' id='par_1_33' title="bbox 230 3028 1820 3107">
     <span class='ocr_line' id='line_1_33' title="bbox 230 3028 1820 3107; baseline 0.006 -23"><span class='ocrx_word' id='word_1_261' title='bbox 230 3028 488 3100; x_wconf 67' lang='grc' dir='ltr'>ἀληθινὸς</span> <span class='ocrx_word' id='word_1_262' title='bbox 533 3029 855 3102; x_wconf 75' lang='grc' dir='ltr'>ἄνθρωπος,</span> <span class='ocrx_word' id='word_1_263' title='bbox 884 3035 914 3085; x_wconf 90' lang='lat'><strong>6</strong></span> <span class='ocrx_word' id='word_1_264' title='bbox 958 3034 1080 3088; x_wconf 85' lang='grc' dir='ltr'>κατ’</span> <span class='ocrx_word' id='word_1_265' title='bbox 1113 3033 1299 3090; x_wconf 75' lang='grc' dir='ltr'>εἰκόνα</span> <span class='ocrx_word' id='word_1_266' title='bbox 1355 3037 1647 3107; x_wconf 82' lang='grc' dir='ltr'>γενόμενος</span> <span class='ocrx_word' id='word_1_267' title='bbox 1686 3039 1820 3094; x_wconf 80' lang='grc' dir='ltr'>Θεοῦ</span> 
     </span>
    </p>
   </div>
   <div class='ocr_carea' id='block_1_34' title="bbox 232 3116 1821 3202">
    <p class='ocr_par' dir='ltr' id='par_1_34' title="bbox 232 3116 1821 3202">
     <span class='ocr_line' id='line_1_34' title="bbox 232 3116 1821 3202; baseline 0.007 -29"><span class='ocrx_word' id='word_1_268' title='bbox 232 3120 333 3173; x_wconf 75' lang='grc' dir='ltr'><strong>καὶ</strong></span> <span class='ocrx_word' id='word_1_269' title='bbox 351 3119 635 3191; x_wconf 69' lang='grc' dir='ltr'>δμοίωςιν.</span> <span class='ocrx_word' id='word_1_270' title='bbox 677 3116 831 3193; x_wconf 72' lang='grc' dir='ltr'><strong>Ἀρά</strong></span> <span class='ocrx_word' id='word_1_271' title='bbox 875 3140 958 3177; x_wconf 88' lang='grc' dir='ltr'><strong>σοι</strong></span> <span class='ocrx_word' id='word_1_272' title='bbox 1008 3124 1069 3183; x_wconf 85' lang='grc' dir='ltr'><strong>ού</strong></span> <span class='ocrx_word' id='word_1_273' title='bbox 1130 3124 1333 3197; x_wconf 87' lang='grc' dir='ltr'>κόσμος</span> <span class='ocrx_word' id='word_1_274' title='bbox 1389 3127 1596 3195; x_wconf 85' lang='grc' dir='ltr'>γίνεται</span> <span class='ocrx_word' id='word_1_275' title='bbox 1627 3130 1821 3202; x_wconf 81' lang='grc' dir='ltr'>ἡάρχὴ</span> 
     </span>
    </p>
   </div>
   <div class='ocr_carea' id='block_1_35' title="bbox 1909 574 3490 657">
    <p class='ocr_par' dir='ltr' id='par_1_35' title="bbox 1909 574 3490 657">
     <span class='ocr_line' id='line_1_35' title="bbox 1909 574 3490 657; baseline 0.008 -27"><span class='ocrx_word' id='word_1_276' title='bbox 1909 574 1976 632; x_wconf 89' lang='lat' dir='ltr'><strong>de</strong></span> <span class='ocrx_word' id='word_1_277' title='bbox 2008 585 2253 647; x_wconf 85' lang='lat' dir='ltr'><strong>tempore</strong></span> <span class='ocrx_word' id='word_1_278' title='bbox 2292 577 2418 639; x_wconf 88' lang='lat' dir='ltr'><strong>hoc,</strong></span> <span class='ocrx_word' id='word_1_279' title='bbox 2460 577 2642 649; x_wconf 82' lang='lat' dir='ltr'><strong><em>Neque</em></strong></span> <span class='ocrx_word' id='word_1_280' title='bbox 2678 579 2812 647; x_wconf 78' lang='lat' dir='ltr'><strong>dies,</strong></span> <span class='ocrx_word' id='word_1_281' title='bbox 2851 582 3051 653; x_wconf 91' lang='lat' dir='ltr'><strong>inquit,</strong></span> <span class='ocrx_word' id='word_1_282' title='bbox 3087 601 3251 657; x_wconf 84' lang='lat' dir='ltr'><strong>neque</strong></span> <span class='ocrx_word' id='word_1_283' title='bbox 3298 590 3490 642; x_wconf 69' lang='lat' dir='ltr'><strong>nox&quot;.</strong></span> 
     </span>
    </p>
   </div>
   <div class='ocr_carea' id='block_1_36' title="bbox 1909 666 3488 746">
    <p class='ocr_par' dir='ltr' id='par_1_36' title="bbox 1909 666 3488 746">
     <span class='ocr_line' id='line_1_36' title="bbox 1909 666 3488 746; baseline 0.011 -26"><span class='ocrx_word' id='word_1_284' title='bbox 1909 666 2126 733; x_wconf 81' lang='lat' dir='ltr'><strong>Quibus</strong></span> <span class='ocrx_word' id='word_1_285' title='bbox 2158 669 2340 724; x_wconf 85' lang='lat' dir='ltr'><strong>verbis</strong></span> <span class='ocrx_word' id='word_1_286' title='bbox 2369 669 2631 735; x_wconf 86' lang='lat' dir='ltr'><strong>ostendit,</strong></span> <span class='ocrx_word' id='word_1_287' title='bbox 2673 686 2851 742; x_wconf 88' lang='lat' dir='ltr'><strong>neque</strong></span> <span class='ocrx_word' id='word_1_288' title='bbox 2881 673 3049 746; x_wconf 89' lang='lat' dir='ltr'><strong>diem,</strong></span> <span class='ocrx_word' id='word_1_289' title='bbox 3096 693 3220 734; x_wconf 90' lang='lat' dir='ltr'><strong>eum</strong></span> <span class='ocrx_word' id='word_1_290' title='bbox 3254 682 3336 735; x_wconf 83' lang='lat' dir='ltr'><strong>sol</strong></span> <span class='ocrx_word' id='word_1_291' title='bbox 3380 695 3488 737; x_wconf 89' lang='lat' dir='ltr'><strong>non</strong></span> 
     </span>
    </p>
   </div>
   <div class='ocr_carea' id='block_1_37' title="bbox 1910 758 3492 832">
    <p class='ocr_par' dir='ltr' id='par_1_37' title="bbox 1910 758 3492 832">
     <span class='ocr_line' id='line_1_37' title="bbox 1910 758 3492 832; baseline 0.011 -20"><span class='ocrx_word' id='word_1_292' title='bbox 1910 758 2076 823; x_wconf 89' lang='lat' dir='ltr'><strong>adsit,</strong></span> <span class='ocrx_word' id='word_1_293' title='bbox 2108 760 2292 815; x_wconf 83' lang='lat' dir='ltr'><strong>vocari</strong></span> <span class='ocrx_word' id='word_1_294' title='bbox 2323 775 2509 829; x_wconf 83' lang='lat' dir='ltr'><strong>posse,</strong></span> <span class='ocrx_word' id='word_1_295' title='bbox 2538 777 2716 832; x_wconf 88' lang='lat' dir='ltr'><strong>neque</strong></span> <span class='ocrx_word' id='word_1_296' title='bbox 2761 772 3005 832; x_wconf 88' lang='lat' dir='ltr'><strong>noctem,</strong></span> <span class='ocrx_word' id='word_1_297' title='bbox 3042 783 3167 823; x_wconf 89' lang='lat' dir='ltr'><strong>cum</strong></span> <span class='ocrx_word' id='word_1_298' title='bbox 3200 772 3382 828; x_wconf 87' lang='lat' dir='ltr'><strong>absint</strong></span> <span class='ocrx_word' id='word_1_299' title='bbox 3413 782 3492 829; x_wconf 91' lang='lat' dir='ltr'><strong>te-</strong></span> 
     </span>
    </p>
   </div>
   <div class='ocr_carea' id='block_1_38' title="bbox 1879 849 3492 924">
    <p class='ocr_par' dir='ltr' id='par_1_38' title="bbox 1879 849 3492 924">
     <span class='ocr_line' id='line_1_38' title="bbox 1879 849 3492 924; baseline 0.012 -24"><span class='ocrx_word' id='word_1_300' title='bbox 1879 896 1884 900; x_wconf 91' lang='lat'><strong>.</strong></span> <span class='ocrx_word' id='word_1_301' title='bbox 1909 849 2113 913; x_wconf 66' lang='lat' dir='ltr'><strong>nebrae,</strong></span> <span class='ocrx_word' id='word_1_302' title='bbox 2142 866 2282 922; x_wconf 85' lang='lat' dir='ltr'><strong>quas</strong></span> <span class='ocrx_word' id='word_1_303' title='bbox 2306 851 2468 920; x_wconf 89' lang='lat' dir='ltr'><strong>Deus,</strong></span> <span class='ocrx_word' id='word_1_304' title='bbox 2502 860 2565 909; x_wconf 92' lang='lat' dir='ltr'><strong>ut</strong></span> <span class='ocrx_word' id='word_1_305' title='bbox 2621 853 2799 913; x_wconf 81' lang='lat' dir='ltr'><strong>Moses</strong></span> <span class='ocrx_word' id='word_1_306' title='bbox 2821 858 3039 924; x_wconf 85' lang='lat' dir='ltr'><strong>scribit,</strong></span> <span class='ocrx_word' id='word_1_307' title='bbox 3070 871 3284 918; x_wconf 89' lang='lat' dir='ltr'><strong>noctem</strong></span> <span class='ocrx_word' id='word_1_308' title='bbox 3318 866 3492 920; x_wconf 84' lang='lat' dir='ltr'><strong>nomi-</strong></span> 
     </span>
    </p>
   </div>
   <div class='ocr_carea' id='block_1_39' title="bbox 1910 940 2132 997">
    <p class='ocr_par' dir='ltr' id='par_1_39' title="bbox 1910 940 2132 997">
     <span class='ocr_line' id='line_1_39' title="bbox 1910 940 2132 997; baseline 0.014 -3"><span class='ocrx_word' id='word_1_309' title='bbox 1910 940 2132 997; x_wconf 77' lang='lat' dir='ltr'><strong>navit“.</strong></span> 
     </span>
    </p>
   </div>
   <div class='ocr_carea' id='block_1_40' title="bbox 1983 1112 3486 1189">
    <p class='ocr_par' dir='ltr' id='par_1_40' title="bbox 1983 1112 3486 1189">
     <span class='ocr_line' id='line_1_40' title="bbox 1983 1112 3486 1189; baseline 0.013 -22"><span class='ocrx_word' id='word_1_310' title='bbox 1983 1112 2384 1182; x_wconf 82' lang='lat' dir='ltr'><strong>Quamobrem,</strong></span> <span class='ocrx_word' id='word_1_311' title='bbox 2418 1133 2541 1173; x_wconf 93' lang='lat' dir='ltr'><strong>cum</strong></span> <span class='ocrx_word' id='word_1_312' title='bbox 2582 1129 2637 1177; x_wconf 91' lang='lat' dir='ltr'><strong>et</strong></span> <span class='ocrx_word' id='word_1_313' title='bbox 2665 1136 2775 1178; x_wconf 81' lang='lat' dir='ltr'><strong>nox</strong></span> <span class='ocrx_word' id='word_1_314' title='bbox 2806 1125 3080 1189; x_wconf 89' lang='lat' dir='ltr'><strong>tenebris,</strong></span> <span class='ocrx_word' id='word_1_315' title='bbox 3122 1135 3177 1183; x_wconf 91' lang='lat' dir='ltr'><strong>et</strong></span> <span class='ocrx_word' id='word_1_316' title='bbox 3214 1128 3333 1185; x_wconf 86' lang='lat' dir='ltr'><strong>dies</strong></span> <span class='ocrx_word' id='word_1_317' title='bbox 3365 1130 3486 1186; x_wconf 84' lang='lat' dir='ltr'><strong>sole</strong></span> 
     </span>
    </p>
   </div>
   <div class='ocr_carea' id='block_1_41' title="bbox 1911 1207 3494 1291">
    <p class='ocr_par' dir='ltr' id='par_1_41' title="bbox 1911 1207 3494 1291">
     <span class='ocr_line' id='line_1_41' title="bbox 1911 1207 3494 1291; baseline 0.011 -31"><span class='ocrx_word' id='word_1_318' title='bbox 1911 1207 2336 1277; x_wconf 67' lang='lat' dir='ltr'><strong>praascribatur,</strong></span> <span class='ocrx_word' id='word_1_319' title='bbox 2372 1211 2642 1280; x_wconf 82' lang='lat' dir='ltr'><strong>propheta</strong></span> <span class='ocrx_word' id='word_1_320' title='bbox 2666 1255 2681 1280; x_wconf 93' lang='lat'><strong>,</strong></span> <span class='ocrx_word' id='word_1_321' title='bbox 2722 1214 2907 1286; x_wconf 76' lang='lat' dir='ltr'><strong>Neque</strong></span> <span class='ocrx_word' id='word_1_322' title='bbox 2946 1218 3094 1285; x_wconf 75' lang='lat' dir='ltr'><strong>dies,</strong></span> <span class='ocrx_word' id='word_1_323' title='bbox 3141 1221 3352 1291; x_wconf 85' lang='lat' dir='ltr'><strong>inquit,</strong></span> <span class='ocrx_word' id='word_1_324' title='bbox 3398 1238 3494 1276; x_wconf 84' lang='lat' dir='ltr'><strong>ne-</strong></span> 
     </span>
    </p>
   </div>
   <div class='ocr_carea' id='block_1_42' title="bbox 1911 1299 3491 1383">
    <p class='ocr_par' dir='ltr' id='par_1_42' title="bbox 1911 1299 3491 1383">
     <span class='ocr_line' id='line_1_42' title="bbox 1911 1299 3491 1383; baseline 0.015 -33"><span class='ocrx_word' id='word_1_325' title='bbox 1911 1314 2009 1367; x_wconf 83' lang='lat' dir='ltr'><strong>que</strong></span> <span class='ocrx_word' id='word_1_326' title='bbox 2039 1313 2166 1353; x_wconf 72' lang='lat' dir='ltr'><strong>nam.</strong></span> <span class='ocrx_word' id='word_1_327' title='bbox 2202 1299 2360 1366; x_wconf 85' lang='lat' dir='ltr'><strong>Quod</strong></span> <span class='ocrx_word' id='word_1_328' title='bbox 2395 1302 2443 1358; x_wconf 90' lang='lat' dir='ltr'><strong>si</strong></span> <span class='ocrx_word' id='word_1_329' title='bbox 2476 1319 2657 1374; x_wconf 88' lang='lat' dir='ltr'><strong>neque</strong></span> <span class='ocrx_word' id='word_1_330' title='bbox 2683 1321 2793 1363; x_wconf 80' lang='lat' dir='ltr'><strong>nox</strong></span> <span class='ocrx_word' id='word_1_331' title='bbox 2816 1351 2831 1374; x_wconf 91' lang='lat'><strong>,</strong></span> <span class='ocrx_word' id='word_1_332' title='bbox 2865 1316 3041 1380; x_wconf 85' lang='lat' dir='ltr'><strong>neque</strong></span> <span class='ocrx_word' id='word_1_333' title='bbox 3072 1312 3192 1368; x_wconf 87' lang='lat' dir='ltr'><strong>dies</strong></span> <span class='ocrx_word' id='word_1_334' title='bbox 3212 1354 3227 1379; x_wconf 95' lang='lat'><strong>,</strong></span> <span class='ocrx_word' id='word_1_335' title='bbox 3274 1323 3491 1383; x_wconf 77' lang='lat' dir='ltr'><strong>tempus</strong></span> 
     </span>
    </p>
   </div>
   <div class='ocr_carea' id='block_1_43' title="bbox 1912 1385 3494 1471">
    <p class='ocr_par' dir='ltr' id='par_1_43' title="bbox 1912 1385 3494 1471">
     <span class='ocr_line' id='line_1_43' title="bbox 1912 1385 3494 1471; baseline 0.011 -31"><span class='ocrx_word' id='word_1_336' title='bbox 1912 1385 2018 1441; x_wconf 89' lang='lat' dir='ltr'><strong>hoc</strong></span> <span class='ocrx_word' id='word_1_337' title='bbox 2060 1388 2167 1443; x_wconf 91' lang='lat' dir='ltr'><strong>dici</strong></span> <span class='ocrx_word' id='word_1_338' title='bbox 2231 1397 2448 1459; x_wconf 86' lang='lat' dir='ltr'><strong>potest,</strong></span> <span class='ocrx_word' id='word_1_339' title='bbox 2506 1392 2614 1449; x_wconf 88' lang='lat' dir='ltr'><strong>alio</strong></span> <span class='ocrx_word' id='word_1_340' title='bbox 2667 1397 2891 1452; x_wconf 86' lang='lat' dir='ltr'><strong>nomine</strong></span> <span class='ocrx_word' id='word_1_341' title='bbox 2950 1399 3203 1468; x_wconf 84' lang='lat' dir='ltr'><strong>profecto</strong></span> <span class='ocrx_word' id='word_1_342' title='bbox 3250 1416 3494 1471; x_wconf 72' lang='lat' dir='ltr'><strong>praesens</strong></span> 
     </span>
    </p>
   </div>
   <div class='ocr_carea' id='block_1_44' title="bbox 1912 1479 3491 1561">
    <p class='ocr_par' dir='ltr' id='par_1_44' title="bbox 1912 1479 3491 1561">
     <span class='ocr_line' id='line_1_44' title="bbox 1912 1479 3491 1561; baseline 0.011 -32"><span class='ocrx_word' id='word_1_343' title='bbox 1912 1479 2090 1548; x_wconf 78' lang='lat' dir='ltr'><strong>gratia</strong></span> <span class='ocrx_word' id='word_1_344' title='bbox 2158 1488 2242 1535; x_wconf 91' lang='lat' dir='ltr'><strong>est</strong></span> <span class='ocrx_word' id='word_1_345' title='bbox 2308 1483 2657 1553; x_wconf 88' lang='lat' dir='ltr'><strong>appellanda.</strong></span> <span class='ocrx_word' id='word_1_346' title='bbox 2722 1484 2908 1544; x_wconf 81' lang='lat' dir='ltr'><strong>Vultis</strong></span> <span class='ocrx_word' id='word_1_347' title='bbox 2968 1505 3239 1561; x_wconf 76' lang='lat' dir='ltr'><strong>exponam</strong></span> <span class='ocrx_word' id='word_1_348' title='bbox 3303 1493 3491 1556; x_wconf 85' lang='lat' dir='ltr'><strong>vobis,</strong></span> 
     </span>
    </p>
   </div>
   <div class='ocr_carea' id='block_1_45' title="bbox 1915 1571 3494 1654">
    <p class='ocr_par' dir='ltr' id='par_1_45' title="bbox 1915 1571 3494 1654">
     <span class='ocr_line' id='line_1_45' title="bbox 1915 1571 3494 1654; baseline 0.009 -30"><span class='ocrx_word' id='word_1_349' title='bbox 1915 1571 2045 1640; x_wconf 87' lang='lat' dir='ltr'><strong>quid</strong></span> <span class='ocrx_word' id='word_1_350' title='bbox 2087 1573 2204 1642; x_wconf 90' lang='lat' dir='ltr'><strong>ipse</strong></span> <span class='ocrx_word' id='word_1_351' title='bbox 2245 1576 2523 1630; x_wconf 79' lang='lat' dir='ltr'><strong>sentiam?</strong></span> <span class='ocrx_word' id='word_1_352' title='bbox 2554 1575 2684 1632; x_wconf 66' lang='lat' dir='ltr'><strong>Haec</strong></span> <span class='ocrx_word' id='word_1_353' title='bbox 2720 1588 2799 1634; x_wconf 78' lang='lat' dir='ltr'><strong>est</strong></span> <span class='ocrx_word' id='word_1_354' title='bbox 2838 1580 2951 1636; x_wconf 77' lang='lat' dir='ltr'><strong>dies</strong></span> <span class='ocrx_word' id='word_1_355' title='bbox 2988 1583 3088 1636; x_wconf 79' lang='lat' dir='ltr'><strong>illa</strong></span> <span class='ocrx_word' id='word_1_356' title='bbox 3112 1622 3126 1645; x_wconf 94' lang='lat'><strong>,</strong></span> <span class='ocrx_word' id='word_1_357' title='bbox 3178 1601 3337 1653; x_wconf 88' lang='lat' dir='ltr'><strong>quam</strong></span> <span class='ocrx_word' id='word_1_358' title='bbox 3369 1584 3494 1654; x_wconf 72' lang='lat' dir='ltr'><strong>fecit</strong></span> 
     </span>
    </p>
   </div>
   <div class='ocr_carea' id='block_1_46' title="bbox 1915 1660 3493 1745">
    <p class='ocr_par' dir='ltr' id='par_1_46' title="bbox 1915 1660 3493 1745">
     <span class='ocr_line' id='line_1_46' title="bbox 1915 1660 3493 1745; baseline 0.01 -32"><span class='ocrx_word' id='word_1_359' title='bbox 1915 1660 2278 1727; x_wconf 72' lang='lat' dir='ltr'><strong>Dominus&quot;,</strong></span> <span class='ocrx_word' id='word_1_360' title='bbox 2335 1679 2366 1718; x_wconf 89' lang='lat' dir='ltr'><strong>a</strong></span> <span class='ocrx_word' id='word_1_361' title='bbox 2431 1665 2625 1723; x_wconf 88' lang='lat' dir='ltr'><strong>diebus</strong></span> <span class='ocrx_word' id='word_1_362' title='bbox 2680 1668 2791 1725; x_wconf 88' lang='lat' dir='ltr'><strong>illis</strong></span> <span class='ocrx_word' id='word_1_363' title='bbox 2856 1671 3021 1742; x_wconf 78' lang='lat' dir='ltr'><strong>longe</strong></span> <span class='ocrx_word' id='word_1_364' title='bbox 3085 1674 3340 1737; x_wconf 87' lang='lat' dir='ltr'><strong>diversa,</strong></span> <span class='ocrx_word' id='word_1_365' title='bbox 3398 1676 3493 1745; x_wconf 86' lang='lat' dir='ltr'><strong>qui</strong></span> 
     </span>
    </p>
   </div>
   <div class='ocr_carea' id='block_1_47' title="bbox 1916 1752 3495 1837">
    <p class='ocr_par' dir='ltr' id='par_1_47' title="bbox 1916 1752 3495 1837">
     <span class='ocr_line' id='line_1_47' title="bbox 1916 1752 3495 1837; baseline 0.011 -31"><span class='ocrx_word' id='word_1_366' title='bbox 1916 1752 2105 1807; x_wconf 88' lang='lat' dir='ltr'><strong>mundi</strong></span> <span class='ocrx_word' id='word_1_367' title='bbox 2154 1757 2554 1824; x_wconf 89' lang='lat' dir='ltr'><strong>procreationis</strong></span> <span class='ocrx_word' id='word_1_368' title='bbox 2586 1759 2749 1816; x_wconf 89' lang='lat' dir='ltr'><strong>initio</strong></span> <span class='ocrx_word' id='word_1_369' title='bbox 2788 1772 2920 1817; x_wconf 90' lang='lat' dir='ltr'><strong>sunt</strong></span> <span class='ocrx_word' id='word_1_370' title='bbox 2954 1766 3239 1820; x_wconf 88' lang='lat' dir='ltr'><strong>constituti</strong></span> <span class='ocrx_word' id='word_1_371' title='bbox 3261 1765 3323 1837; x_wconf 88' lang='lat'><strong>,[</strong></span> <span class='ocrx_word' id='word_1_372' title='bbox 3356 1781 3495 1835; x_wconf 82' lang='lat' dir='ltr'><strong>quos</strong></span> 
     </span>
    </p>
   </div>
   <div class='ocr_carea' id='block_1_48' title="bbox 1918 1842 3586 1924">
    <p class='ocr_par' dir='ltr' id='par_1_48' title="bbox 1918 1842 3586 1924">
     <span class='ocr_line' id='line_1_48' title="bbox 1918 1842 3586 1924; baseline 0.01 -30"><span class='ocrx_word' id='word_1_373' title='bbox 1918 1842 2184 1911; x_wconf 90' lang='lat' dir='ltr'><strong>temporis</strong></span> <span class='ocrx_word' id='word_1_374' title='bbox 2217 1858 2418 1901; x_wconf 89' lang='lat' dir='ltr'><strong>cursus</strong></span> <span class='ocrx_word' id='word_1_375' title='bbox 2443 1847 2746 1904; x_wconf 88' lang='lat' dir='ltr'><strong>dimetitur.</strong></span> <span class='ocrx_word' id='word_1_376' title='bbox 2774 1849 3018 1907; x_wconf 89' lang='lat' dir='ltr'><strong>Alterius</strong></span> <span class='ocrx_word' id='word_1_377' title='bbox 3063 1854 3181 1911; x_wconf 81' lang='lat' dir='ltr'><strong>haec</strong></span> <span class='ocrx_word' id='word_1_378' title='bbox 3217 1862 3303 1909; x_wconf 87' lang='lat' dir='ltr'><strong>est</strong></span> <span class='ocrx_word' id='word_1_379' title='bbox 3368 1869 3496 1924; x_wconf 83' lang='lat' dir='ltr'><strong>pro-</strong></span> <span class='ocrx_word' id='word_1_380' title='bbox 3583 1851 3586 1853; x_wconf 13' lang='grc' dir='ltr'><strong>Α</strong></span> 
     </span>
    </p>
   </div>
   <div class='ocr_carea' id='block_1_49' title="bbox 1912 1934 3498 2009">
    <p class='ocr_par' dir='ltr' id='par_1_49' title="bbox 1912 1934 3498 2009">
     <span class='ocr_line' id='line_1_49' title="bbox 1912 1934 3498 2009; baseline 0.009 -24"><span class='ocrx_word' id='word_1_381' title='bbox 1912 1934 2214 1990; x_wconf 88' lang='lat' dir='ltr'><strong>creationis</strong></span> <span class='ocrx_word' id='word_1_382' title='bbox 2272 1936 2562 2009; x_wconf 91' lang='lat' dir='ltr'><strong>iuitium.]</strong></span> <span class='ocrx_word' id='word_1_383' title='bbox 2619 1937 2677 1992; x_wconf 89' lang='lat' dir='ltr'><strong>ln</strong></span> <span class='ocrx_word' id='word_1_384' title='bbox 2715 1939 2818 1995; x_wconf 86' lang='lat' dir='ltr'><strong>hac</strong></span> <span class='ocrx_word' id='word_1_385' title='bbox 2863 1943 3011 1998; x_wconf 88' lang='lat' dir='ltr'><strong>enim</strong></span> <span class='ocrx_word' id='word_1_386' title='bbox 3046 1944 3136 2000; x_wconf 90' lang='lat' dir='ltr'><strong>die</strong></span> <span class='ocrx_word' id='word_1_387' title='bbox 3165 1946 3363 2000; x_wconf 87' lang='lat' dir='ltr'><strong>ccelum</strong></span> <span class='ocrx_word' id='word_1_388' title='bbox 3399 1960 3498 1999; x_wconf 84' lang='lat' dir='ltr'><strong>no—</strong></span> 
     </span>
    </p>
   </div>
   <div class='ocr_carea' id='block_1_50' title="bbox 1914 2021 3500 2094">
    <p class='ocr_par' dir='ltr' id='par_1_50' title="bbox 1914 2021 3500 2094">
     <span class='ocr_line' id='line_1_50' title="bbox 1914 2021 3500 2094; baseline 0.008 -17"><span class='ocrx_word' id='word_1_389' title='bbox 1914 2037 2041 2077; x_wconf 86' lang='lat' dir='ltr'><strong>vum</strong></span> <span class='ocrx_word' id='word_1_390' title='bbox 2091 2021 2226 2078; x_wconf 78' lang='lat' dir='ltr'><strong>facit</strong></span> <span class='ocrx_word' id='word_1_391' title='bbox 2261 2024 2408 2082; x_wconf 89' lang='lat' dir='ltr'><strong>Deus</strong></span> <span class='ocrx_word' id='word_1_392' title='bbox 2461 2034 2514 2083; x_wconf 91' lang='lat' dir='ltr'><strong>et</strong></span> <span class='ocrx_word' id='word_1_393' title='bbox 2565 2036 2767 2084; x_wconf 88' lang='lat' dir='ltr'><strong>terram</strong></span> <span class='ocrx_word' id='word_1_394' title='bbox 2821 2046 3056 2094; x_wconf 82' lang='lat' dir='ltr'><strong>novam.</strong></span> <span class='ocrx_word' id='word_1_395' title='bbox 3108 2042 3169 2090; x_wconf 91' lang='lat' dir='ltr'><strong>ut</strong></span> <span class='ocrx_word' id='word_1_396' title='bbox 3228 2036 3305 2090; x_wconf 87' lang='lat' dir='ltr'><strong>ait</strong></span> <span class='ocrx_word' id='word_1_397' title='bbox 3364 2035 3500 2090; x_wconf 83' lang='lat' dir='ltr'><strong>Pro-</strong></span> 
     </span>
    </p>
   </div>
   <div class='ocr_carea' id='block_1_51' title="bbox 1912 2115 3499 2198">
    <p class='ocr_par' dir='ltr' id='par_1_51' title="bbox 1912 2115 3499 2198">
     <span class='ocr_line' id='line_1_51' title="bbox 1912 2115 3499 2198; baseline 0.01 -31"><span class='ocrx_word' id='word_1_398' title='bbox 1912 2115 2078 2185; x_wconf 86' lang='lat' dir='ltr'><strong>pheta</strong></span> <span class='ocrx_word' id='word_1_399' title='bbox 2106 2116 2176 2168; x_wconf 78' lang='grc' dir='ltr'><strong>³ο.</strong></span> <span class='ocrx_word' id='word_1_400' title='bbox 2241 2117 2466 2188; x_wconf 86' lang='lat' dir='ltr'><strong>Ecquod</strong></span> <span class='ocrx_word' id='word_1_401' title='bbox 2507 2121 2749 2177; x_wconf 87' lang='lat' dir='ltr'><strong>coelum?</strong></span> <span class='ocrx_word' id='word_1_402' title='bbox 2781 2123 3183 2182; x_wconf 72' lang='lat' dir='ltr'><strong>(irritamentum</strong></span> <span class='ocrx_word' id='word_1_403' title='bbox 3216 2128 3339 2198; x_wconf 86' lang='lat' dir='ltr'><strong>ejus</strong></span> <span class='ocrx_word' id='word_1_404' title='bbox 3376 2144 3499 2198; x_wconf 66' lang='lat' dir='ltr'><strong>quae</strong></span> 
     </span>
    </p>
   </div>
   <div class='ocr_carea' id='block_1_52' title="bbox 1915 2206 3496 2285">
    <p class='ocr_par' dir='ltr' id='par_1_52' title="bbox 1915 2206 3496 2285">
     <span class='ocr_line' id='line_1_52' title="bbox 1915 2206 3496 2285; baseline 0.007 -23"><span class='ocrx_word' id='word_1_405' title='bbox 1915 2207 1971 2262; x_wconf 89' lang='lat' dir='ltr'><strong>in</strong></span> <span class='ocrx_word' id='word_1_406' title='bbox 1998 2206 2225 2264; x_wconf 86' lang='lat' dir='ltr'><strong>Christo</strong></span> <span class='ocrx_word' id='word_1_407' title='bbox 2260 2220 2347 2266; x_wconf 89' lang='lat' dir='ltr'><strong>est</strong></span> <span class='ocrx_word' id='word_1_408' title='bbox 2385 2211 2536 2267; x_wconf 80' lang='lat' dir='ltr'><strong>ﬁdei.</strong></span> <span class='ocrx_word' id='word_1_409' title='bbox 2573 2216 2817 2285; x_wconf 83' lang='lat' dir='ltr'><strong>Ecquam</strong></span> <span class='ocrx_word' id='word_1_410' title='bbox 2847 2217 3099 2272; x_wconf 83' lang='lat' dir='ltr'><strong>terram?</strong></span> <span class='ocrx_word' id='word_1_411' title='bbox 3128 2234 3225 2273; x_wconf 91' lang='lat' dir='ltr'><strong>cor</strong></span> <span class='ocrx_word' id='word_1_412' title='bbox 3260 2220 3496 2285; x_wconf 87' lang='lat' dir='ltr'><strong>bonum,</strong></span> 
     </span>
    </p>
   </div>
   <div class='ocr_carea' id='block_1_53' title="bbox 1917 2297 3501 2379">
    <p class='ocr_par' dir='ltr' id='par_1_53' title="bbox 1917 2297 3501 2379">
     <span class='ocr_line' id='line_1_53' title="bbox 1917 2297 3501 2379; baseline 0.01 -28"><span class='ocrx_word' id='word_1_413' title='bbox 1917 2297 2142 2368; x_wconf 76' lang='lat' dir='ltr'><strong>inquam</strong></span> <span class='ocrx_word' id='word_1_414' title='bbox 2164 2338 2181 2365; x_wconf 95' lang='lat'><strong>,</strong></span> <span class='ocrx_word' id='word_1_415' title='bbox 2226 2308 2286 2354; x_wconf 91' lang='lat' dir='ltr'><strong>ut</strong></span> <span class='ocrx_word' id='word_1_416' title='bbox 2314 2300 2454 2356; x_wconf 83' lang='lat' dir='ltr'><strong>dixit</strong></span> <span class='ocrx_word' id='word_1_417' title='bbox 2482 2302 2751 2363; x_wconf 85' lang='lat' dir='ltr'><strong>Dominus</strong></span> <span class='ocrx_word' id='word_1_418' title='bbox 2772 2347 2788 2372; x_wconf 93' lang='lat'><strong>,</strong></span> <span class='ocrx_word' id='word_1_419' title='bbox 2823 2317 3022 2363; x_wconf 86' lang='lat' dir='ltr'><strong>terram</strong></span> <span class='ocrx_word' id='word_1_420' title='bbox 3076 2325 3200 2379; x_wconf 67' lang='lat' dir='ltr'><strong>quae</strong></span> <span class='ocrx_word' id='word_1_421' title='bbox 3232 2312 3371 2366; x_wconf 90' lang='lat' dir='ltr'><strong>bibit</strong></span> <span class='ocrx_word' id='word_1_422' title='bbox 3405 2328 3501 2367; x_wconf 89' lang='lat' dir='ltr'><strong>su-</strong></span> 
     </span>
    </p>
   </div>
   <div class='ocr_carea' id='block_1_54' title="bbox 1918 2391 3498 2470">
    <p class='ocr_par' dir='ltr' id='par_1_54' title="bbox 1918 2391 3498 2470">
     <span class='ocr_line' id='line_1_54' title="bbox 1918 2391 3498 2470; baseline 0.008 -27"><span class='ocrx_word' id='word_1_423' title='bbox 1918 2403 2018 2460; x_wconf 87' lang='lat' dir='ltr'><strong>per</strong></span> <span class='ocrx_word' id='word_1_424' title='bbox 2050 2405 2111 2445; x_wconf 89' lang='lat' dir='ltr'><strong>se</strong></span> <span class='ocrx_word' id='word_1_425' title='bbox 2142 2391 2451 2449; x_wconf 83' lang='lat' dir='ltr'><strong>venientem</strong></span> <span class='ocrx_word' id='word_1_426' title='bbox 2502 2395 2735 2451; x_wconf 86' lang='lat' dir='ltr'><strong>imbrem</strong></span> <span class='ocrx_word' id='word_1_427' title='bbox 2756 2435 2772 2460; x_wconf 91' lang='lat'><strong>,</strong></span> <span class='ocrx_word' id='word_1_428' title='bbox 2796 2405 2851 2452; x_wconf 91' lang='lat' dir='ltr'><strong>et</strong></span> <span class='ocrx_word' id='word_1_429' title='bbox 2884 2398 3092 2468; x_wconf 84' lang='lat' dir='ltr'><strong>spicam</strong></span> <span class='ocrx_word' id='word_1_430' title='bbox 3136 2400 3498 2470; x_wconf 90' lang='lat' dir='ltr'><strong>multiplicem</strong></span> 
     </span>
    </p>
   </div>
   <div class='ocr_carea' id='block_1_55' title="bbox 1919 2480 3498 2559">
    <p class='ocr_par' dir='ltr' id='par_1_55' title="bbox 1919 2480 3498 2559">
     <span class='ocr_line' id='line_1_55' title="bbox 1919 2480 3498 2559; baseline 0.008 -25"><span class='ocrx_word' id='word_1_431' title='bbox 1919 2482 2148 2552; x_wconf 83' lang='lat' dir='ltr'><strong>parit“.</strong></span> <span class='ocrx_word' id='word_1_432' title='bbox 2202 2480 2262 2537; x_wconf 91' lang='lat' dir='ltr'><strong>In</strong></span> <span class='ocrx_word' id='word_1_433' title='bbox 2315 2484 2418 2541; x_wconf 87' lang='lat' dir='ltr'><strong>hac</strong></span> <span class='ocrx_word' id='word_1_434' title='bbox 2472 2487 2791 2554; x_wconf 83' lang='lat' dir='ltr'><strong>creatione,</strong></span> <span class='ocrx_word' id='word_1_435' title='bbox 2854 2489 2938 2544; x_wconf 88' lang='lat' dir='ltr'><strong>sol</strong></span> <span class='ocrx_word' id='word_1_436' title='bbox 2988 2490 3207 2559; x_wconf 89' lang='lat' dir='ltr'><strong>quidem</strong></span> <span class='ocrx_word' id='word_1_437' title='bbox 3257 2498 3343 2547; x_wconf 87' lang='lat' dir='ltr'><strong>est</strong></span> <span class='ocrx_word' id='word_1_438' title='bbox 3386 2494 3498 2547; x_wconf 81' lang='lat' dir='ltr'><strong>vita</strong></span> 
     </span>
    </p>
   </div>
   <div class='ocr_carea' id='block_1_56' title="bbox 1920 2571 3501 2648">
    <p class='ocr_par' dir='ltr' id='par_1_56' title="bbox 1920 2571 3501 2648">
     <span class='ocr_line' id='line_1_56' title="bbox 1920 2571 3501 2648; baseline 0.004 -21"><span class='ocrx_word' id='word_1_439' title='bbox 1920 2571 2155 2637; x_wconf 89' lang='lat' dir='ltr'><strong>munda,</strong></span> <span class='ocrx_word' id='word_1_440' title='bbox 2180 2574 2385 2642; x_wconf 67' lang='lat' dir='ltr'><strong>stellae,</strong></span> <span class='ocrx_word' id='word_1_441' title='bbox 2423 2575 2693 2644; x_wconf 80' lang='lat' dir='ltr'><strong>virtutes;</strong></span> <span class='ocrx_word' id='word_1_442' title='bbox 2725 2592 2844 2643; x_wconf 85' lang='lat' dir='ltr'><strong>aer,</strong></span> <span class='ocrx_word' id='word_1_443' title='bbox 2877 2579 3147 2648; x_wconf 66' lang='lat' dir='ltr'><strong>praeclara</strong></span> <span class='ocrx_word' id='word_1_444' title='bbox 3200 2596 3501 2636; x_wconf 75' lang='lat' dir='ltr'><strong>conversa-</strong></span> 
     </span>
    </p>
   </div>
   <div class='ocr_carea' id='block_1_57' title="bbox 1919 2663 3500 2740">
    <p class='ocr_par' dir='ltr' id='par_1_57' title="bbox 1919 2663 3500 2740">
     <span class='ocr_line' id='line_1_57' title="bbox 1919 2663 3500 2740; baseline 0.004 -22"><span class='ocrx_word' id='word_1_445' title='bbox 1919 2663 2031 2732; x_wconf 89' lang='lat' dir='ltr'><strong>tio;</strong></span> <span class='ocrx_word' id='word_1_446' title='bbox 2068 2679 2241 2728; x_wconf 84' lang='lat' dir='ltr'><strong>mare,</strong></span> <span class='ocrx_word' id='word_1_447' title='bbox 2286 2666 2522 2723; x_wconf 87' lang='lat' dir='ltr'><strong>altitudo</strong></span> <span class='ocrx_word' id='word_1_448' title='bbox 2559 2667 2897 2735; x_wconf 81' lang='lat' dir='ltr'><strong>divitiarum,</strong></span> <span class='ocrx_word' id='word_1_449' title='bbox 2931 2670 3213 2740; x_wconf 72' lang='lat' dir='ltr'><strong>sapientia:</strong></span> <span class='ocrx_word' id='word_1_450' title='bbox 3238 2680 3294 2727; x_wconf 90' lang='lat' dir='ltr'><strong>et</strong></span> <span class='ocrx_word' id='word_1_451' title='bbox 3316 2673 3500 2727; x_wconf 87' lang='lat' dir='ltr'><strong>scien-</strong></span> 
     </span>
    </p>
   </div>
   <div class='ocr_carea' id='block_1_58' title="bbox 1919 2754 3502 2827">
    <p class='ocr_par' dir='ltr' id='par_1_58' title="bbox 1919 2754 3502 2827">
     <span class='ocr_line' id='line_1_58' title="bbox 1919 2754 3502 2827; baseline 0.003 -17"><span class='ocrx_word' id='word_1_452' title='bbox 1919 2756 2046 2821; x_wconf 66' lang='lat' dir='ltr'><strong>tiae;</strong></span> <span class='ocrx_word' id='word_1_453' title='bbox 2091 2754 2274 2811; x_wconf 75' lang='lat' dir='ltr'><strong>herba:</strong></span> <span class='ocrx_word' id='word_1_454' title='bbox 2314 2764 2371 2811; x_wconf 90' lang='lat' dir='ltr'><strong>et</strong></span> <span class='ocrx_word' id='word_1_455' title='bbox 2415 2759 2663 2827; x_wconf 80' lang='lat' dir='ltr'><strong>germina</strong></span> <span class='ocrx_word' id='word_1_456' title='bbox 2692 2798 2707 2821; x_wconf 90' lang='lat'><strong>,</strong></span> <span class='ocrx_word' id='word_1_457' title='bbox 2743 2759 2887 2815; x_wconf 87' lang='lat' dir='ltr'><strong>bona</strong></span> <span class='ocrx_word' id='word_1_458' title='bbox 2938 2759 3230 2827; x_wconf 81' lang='lat' dir='ltr'><strong>doctrina,</strong></span> <span class='ocrx_word' id='word_1_459' title='bbox 3282 2760 3502 2815; x_wconf 81' lang='lat' dir='ltr'><strong>divina-</strong></span> 
     </span>
    </p>
   </div>
   <div class='ocr_carea' id='block_1_59' title="bbox 1919 2844 3501 2919">
    <p class='ocr_par' dir='ltr' id='par_1_59' title="bbox 1919 2844 3501 2919">
     <span class='ocr_line' id='line_1_59' title="bbox 1919 2844 3501 2919; baseline 0.003 -18"><span class='ocrx_word' id='word_1_460' title='bbox 1919 2861 2028 2915; x_wconf 93' lang='lat' dir='ltr'><strong>que</strong></span> <span class='ocrx_word' id='word_1_461' title='bbox 2070 2844 2434 2913; x_wconf 88' lang='lat' dir='ltr'><strong>documenta,</strong></span> <span class='ocrx_word' id='word_1_462' title='bbox 2469 2864 2591 2918; x_wconf 66' lang='lat' dir='ltr'><strong>qua:</strong></span> <span class='ocrx_word' id='word_1_463' title='bbox 2647 2849 2884 2918; x_wconf 87' lang='lat' dir='ltr'><strong>pepulus</strong></span> <span class='ocrx_word' id='word_1_464' title='bbox 2921 2864 3182 2919; x_wconf 81' lang='lat' dir='ltr'><strong>pascuae,</strong></span> <span class='ocrx_word' id='word_1_465' title='bbox 3236 2849 3352 2907; x_wconf 83' lang='lat' dir='ltr'><strong>hoc</strong></span> <span class='ocrx_word' id='word_1_466' title='bbox 3384 2860 3501 2913; x_wconf 89' lang='lat' dir='ltr'><strong>est,</strong></span> 
     </span>
    </p>
   </div>
   <div class='ocr_carea' id='block_1_60' title="bbox 1922 2936 3507 3012">
    <p class='ocr_par' dir='ltr' id='par_1_60' title="bbox 1922 2936 3507 3012">
     <span class='ocr_line' id='line_1_60' title="bbox 1922 2936 3507 3012; baseline 0.003 -21"><span class='ocrx_word' id='word_1_467' title='bbox 1922 2936 2033 2992; x_wconf 91' lang='lat' dir='ltr'><strong>Dei.</strong></span> <span class='ocrx_word' id='word_1_468' title='bbox 2052 2954 2185 3009; x_wconf 78' lang='lat' dir='ltr'><strong>grex</strong></span> <span class='ocrx_word' id='word_1_469' title='bbox 2213 2939 2429 3009; x_wconf 80' lang='lat' dir='ltr'><strong>carpit,</strong></span> <span class='ocrx_word' id='word_1_470' title='bbox 2465 2946 2635 3012; x_wconf 88' lang='lat' dir='ltr'><strong>atque</strong></span> <span class='ocrx_word' id='word_1_471' title='bbox 2672 2939 3028 3011; x_wconf 76' lang='lat' dir='ltr'><strong>depascitur;</strong></span> <span class='ocrx_word' id='word_1_472' title='bbox 3061 2941 3290 2997; x_wconf 77' lang='lat' dir='ltr'><strong>arbores</strong></span> <span class='ocrx_word' id='word_1_473' title='bbox 3324 2940 3507 2997; x_wconf 78' lang='lat' dir='ltr'><strong>feren-</strong></span> 
     </span>
    </p>
   </div>
   <div class='ocr_carea' id='block_1_61' title="bbox 1922 3028 3508 3095">
    <p class='ocr_par' dir='ltr' id='par_1_61' title="bbox 1922 3028 3508 3095">
     <span class='ocr_line' id='line_1_61' title="bbox 1922 3028 3508 3095; baseline 0.004 -13"><span class='ocrx_word' id='word_1_474' title='bbox 1922 3036 2005 3085; x_wconf 84' lang='lat' dir='ltr'><strong>tes</strong></span> <span class='ocrx_word' id='word_1_475' title='bbox 2037 3028 2276 3085; x_wconf 75' lang='lat' dir='ltr'><strong>fructum</strong></span> <span class='ocrx_word' id='word_1_476' title='bbox 2300 3068 2317 3095; x_wconf 91' lang='lat'><strong>,</strong></span> <span class='ocrx_word' id='word_1_477' title='bbox 2342 3031 2728 3089; x_wconf 85' lang='lat' dir='ltr'><strong>mandatorum</strong></span> <span class='ocrx_word' id='word_1_478' title='bbox 2774 3032 3116 3088; x_wconf 81' lang='lat' dir='ltr'><strong>observatio.</strong></span> <span class='ocrx_word' id='word_1_479' title='bbox 3166 3033 3224 3087; x_wconf 81' lang='lat' dir='ltr'><strong>lu</strong></span> <span class='ocrx_word' id='word_1_480' title='bbox 3281 3032 3386 3088; x_wconf 84' lang='lat' dir='ltr'><strong>hac</strong></span> <span class='ocrx_word' id='word_1_481' title='bbox 3419 3032 3508 3087; x_wconf 86' lang='lat' dir='ltr'><strong>die</strong></span> 
     </span>
    </p>
   </div>
   <div class='ocr_carea' id='block_1_62' title="bbox 1921 3123 3504 3194">
    <p class='ocr_par' dir='ltr' id='par_1_62' title="bbox 1921 3123 3504 3194">
     <span class='ocr_line' id='line_1_62' title="bbox 1921 3123 3504 3194; baseline 0.003 -20"><span class='ocrx_word' id='word_1_482' title='bbox 1921 3137 2086 3177; x_wconf 83' lang='lat' dir='ltr'><strong>verus</strong></span> <span class='ocrx_word' id='word_1_483' title='bbox 2131 3123 2295 3178; x_wconf 90' lang='lat' dir='ltr'><strong>homo</strong></span> <span class='ocrx_word' id='word_1_484' title='bbox 2343 3132 2669 3194; x_wconf 87' lang='lat' dir='ltr'><strong>procreatur</strong></span> <span class='ocrx_word' id='word_1_485' title='bbox 2702 3124 2771 3180; x_wconf 88' lang='lat' dir='ltr'><strong>ad</strong></span> <span class='ocrx_word' id='word_1_486' title='bbox 2805 3124 3099 3193; x_wconf 71' lang='lat' dir='ltr'><strong>imaginem</strong></span> <span class='ocrx_word' id='word_1_487' title='bbox 3146 3133 3201 3179; x_wconf 86' lang='lat' dir='ltr'><strong>et</strong></span> <span class='ocrx_word' id='word_1_488' title='bbox 3242 3124 3504 3179; x_wconf 89' lang='lat' dir='ltr'><strong>similitu-</strong></span> 
     </span>
    </p>
   </div>
   <div class='ocr_carea' id='block_1_63' title="bbox 233 3211 1816 3313">
    <p class='ocr_par' dir='ltr' id='par_1_63' title="bbox 233 3211 1816 3303">
     <span class='ocr_line' id='line_1_63' title="bbox 233 3211 1816 3303; baseline 0.004 -35"><span class='ocrx_word' id='word_1_489' title='bbox 233 3211 395 3284; x_wconf 70' lang='grc' dir='ltr'>αὕτη,</span> <span class='ocrx_word' id='word_1_490' title='bbox 440 3212 511 3271; x_wconf 86' lang='grc' dir='ltr'><em>Ἦ</em></span> <span class='ocrx_word' id='word_1_491' title='bbox 551 3213 765 3283; x_wconf 77' lang='grc' dir='ltr'>ἡμέρα,</span> <span class='ocrx_word' id='word_1_492' title='bbox 797 3213 879 3283; x_wconf 81' lang='grc' dir='ltr'><strong>ἣν</strong></span> <span class='ocrx_word' id='word_1_493' title='bbox 921 3217 1213 3284; x_wconf 75' lang='grc' dir='ltr'>ἐποίησεν</span> <span class='ocrx_word' id='word_1_494' title='bbox 1237 3220 1271 3273; x_wconf 84' lang='grc' dir='ltr'><strong>ό</strong></span> <span class='ocrx_word' id='word_1_495' title='bbox 1296 3220 1547 3288; x_wconf 74' lang='grc' dir='ltr'>Κύριοςς</span> <span class='ocrx_word' id='word_1_496' title='bbox 1595 3222 1726 3303; x_wconf 76' lang='grc' dir='ltr'>Περὶ</span> <span class='ocrx_word' id='word_1_497' title='bbox 1752 3218 1816 3297; x_wconf 86' lang='grc' dir='ltr'>ἦς</span> 
     </span>
    </p>
   </div>
   <div class='ocr_carea' id='block_1_64' title="bbox 1920 3211 3495 3313">
    <p class='ocr_par' dir='ltr' id='par_1_64' title="bbox 1924 3213 3495 3285">
     <span class='ocr_line' id='line_1_64' title="bbox 1924 3213 3495 3285; baseline -0.001 -18"><span class='ocrx_word' id='word_1_498' title='bbox 1924 3213 2104 3269; x_wconf 90' lang='lat' dir='ltr'><strong>dinem</strong></span> <span class='ocrx_word' id='word_1_499' title='bbox 2138 3214 2253 3269; x_wconf 89' lang='lat' dir='ltr'><strong>Dei.</strong></span> <span class='ocrx_word' id='word_1_500' title='bbox 2286 3213 2484 3270; x_wconf 81' lang='lat' dir='ltr'><strong>Annon</strong></span> <span class='ocrx_word' id='word_1_501' title='bbox 2516 3215 2754 3271; x_wconf 87' lang='lat' dir='ltr'><strong>mundus</strong></span> <span class='ocrx_word' id='word_1_502' title='bbox 2786 3215 2883 3275; x_wconf 88' lang='lat' dir='ltr'><strong>tibi</strong></span> <span class='ocrx_word' id='word_1_503' title='bbox 2906 3218 2964 3270; x_wconf 82' lang='lat' dir='ltr'><strong>lit</strong></span> <span class='ocrx_word' id='word_1_504' title='bbox 2993 3216 3097 3270; x_wconf 88' lang='lat' dir='ltr'><strong>hoc</strong></span> <span class='ocrx_word' id='word_1_505' title='bbox 3132 3216 3495 3285; x_wconf 83' lang='lat' dir='ltr'><strong>principium,</strong></span> 
     </span>
    </p>
   </div>
   <div class='ocr_carea' id='block_1_65' title="bbox 237 3303 1816 3383">
    <p class='ocr_par' dir='ltr' id='par_1_65' title="bbox 237 3306 1816 3383">
     <span class='ocr_line' id='line_1_65' title="bbox 237 3306 1816 3383; baseline 0.006 -25"><span class='ocrx_word' id='word_1_506' title='bbox 237 3322 399 3377; x_wconf 73' lang='grc' dir='ltr'>φησιν</span> <span class='ocrx_word' id='word_1_507' title='bbox 443 3307 475 3360; x_wconf 93' lang='lat'><strong>6</strong></span> <span class='ocrx_word' id='word_1_508' title='bbox 506 3306 797 3380; x_wconf 73' lang='grc' dir='ltr'><strong>προφήτης</strong></span> <span class='ocrx_word' id='word_1_509' title='bbox 828 3308 1132 3380; x_wconf 82' lang='grc' dir='ltr'>Ζαχαρίας,</span> <span class='ocrx_word' id='word_1_510' title='bbox 1163 3311 1247 3365; x_wconf 79' lang='grc' dir='ltr'>ὅτι</span> <span class='ocrx_word' id='word_1_511' title='bbox 1296 3309 1419 3365; x_wconf 79' lang='grc' dir='ltr'>οὗτε</span> <span class='ocrx_word' id='word_1_512' title='bbox 1459 3311 1644 3383; x_wconf 76' lang='grc' dir='ltr'>ἡμέρα</span> <span class='ocrx_word' id='word_1_513' title='bbox 1683 3314 1816 3369; x_wconf 80' lang='grc' dir='ltr'>κατὰ</span> 
     </span>
    </p>
   </div>
   <div class='ocr_carea' id='block_1_66' title="bbox 1920 3303 3507 3383">
    <p class='ocr_par' dir='ltr' id='par_1_66' title="bbox 1928 3303 3507 3375">
     <span class='ocr_line' id='line_1_66' title="bbox 1928 3303 3507 3375; baseline 0.003 -17"><span class='ocrx_word' id='word_1_514' title='bbox 1928 3303 2058 3359; x_wconf 75' lang='lat' dir='ltr'><strong>Hm:</strong></span> <span class='ocrx_word' id='word_1_515' title='bbox 2091 3304 2233 3370; x_wconf 73' lang='lat' dir='ltr'><strong>dies,</strong></span> <span class='ocrx_word' id='word_1_516' title='bbox 2265 3321 2424 3375; x_wconf 83' lang='lat' dir='ltr'><strong>quam</strong></span> <span class='ocrx_word' id='word_1_517' title='bbox 2464 3304 2589 3374; x_wconf 78' lang='lat' dir='ltr'><strong>fecit</strong></span> <span class='ocrx_word' id='word_1_518' title='bbox 2618 3305 2878 3359; x_wconf 77' lang='lat' dir='ltr'><strong>Dominus</strong></span> <span class='ocrx_word' id='word_1_519' title='bbox 2898 3307 2923 3360; x_wconf 64' lang='grc' dir='ltr'><strong>εν</strong></span> <span class='ocrx_word' id='word_1_520' title='bbox 2947 3303 3123 3371; x_wconf 85' lang='lat' dir='ltr'><strong>Quam</strong></span> <span class='ocrx_word' id='word_1_521' title='bbox 3157 3320 3338 3375; x_wconf 86' lang='lat' dir='ltr'><strong>neque</strong></span> <span class='ocrx_word' id='word_1_522' title='bbox 3362 3306 3507 3363; x_wconf 84' lang='lat' dir='ltr'><strong>diem</strong></span> 
     </span>
    </p>
   </div>
   <div class='ocr_carea' id='block_1_67' title="bbox 238 3396 1821 3469">
    <p class='ocr_par' dir='ltr' id='par_1_67' title="bbox 238 3396 1821 3469">
     <span class='ocr_line' id='line_1_67' title="bbox 238 3396 1821 3469; baseline 0.004 -17"><span class='ocrx_word' id='word_1_523' title='bbox 238 3396 333 3461; x_wconf 76' lang='grc' dir='ltr'>τὰς</span> <span class='ocrx_word' id='word_1_524' title='bbox 352 3397 525 3461; x_wconf 73' lang='grc' dir='ltr'>ἄλλας</span> <span class='ocrx_word' id='word_1_525' title='bbox 546 3399 779 3469; x_wconf 81' lang='grc' dir='ltr'>ἡμέρας,</span> <span class='ocrx_word' id='word_1_526' title='bbox 805 3397 930 3453; x_wconf 74' lang='grc' dir='ltr'>οὔτε</span> <span class='ocrx_word' id='word_1_527' title='bbox 958 3399 1055 3464; x_wconf 82' lang='grc' dir='ltr'>νὺξ</span> <span class='ocrx_word' id='word_1_528' title='bbox 1085 3400 1227 3455; x_wconf 86' lang='grc' dir='ltr'>κατὰ</span> <span class='ocrx_word' id='word_1_529' title='bbox 1262 3400 1363 3466; x_wconf 78' lang='grc' dir='ltr'>τὰς</span> <span class='ocrx_word' id='word_1_530' title='bbox 1390 3401 1557 3465; x_wconf 74' lang='grc' dir='ltr'>ἄλλας</span> <span class='ocrx_word' id='word_1_531' title='bbox 1589 3402 1821 3467; x_wconf 86' lang='grc' dir='ltr'>νύκτας.</span> 
     </span>
    </p>
   </div>
   <div class='ocr_carea' id='block_1_68' title="bbox 240 3488 1827 3564">
    <p class='ocr_par' dir='ltr' id='par_1_68' title="bbox 240 3488 1827 3564">
     <span class='ocr_line' id='line_1_68' title="bbox 240 3488 1827 3564; baseline 0.003 -21"><span class='ocrx_word' id='word_1_532' title='bbox 240 3489 348 3543; x_wconf 71' lang='grc' dir='ltr'><strong>Καὶ</strong></span> <span class='ocrx_word' id='word_1_533' title='bbox 381 3488 542 3543; x_wconf 72' lang='grc' dir='ltr'>οὔπω</span> <span class='ocrx_word' id='word_1_534' title='bbox 566 3490 631 3543; x_wconf 85' lang='grc' dir='ltr'>τὸ</span> <span class='ocrx_word' id='word_1_535' title='bbox 655 3489 928 3561; x_wconf 75' lang='grc' dir='ltr'>ἐξαίρετον</span> <span class='ocrx_word' id='word_1_536' title='bbox 953 3494 1054 3563; x_wconf 70' lang='grc' dir='ltr'>τῆς</span> <span class='ocrx_word' id='word_1_537' title='bbox 1071 3492 1353 3563; x_wconf 75' lang='grc' dir='ltr'>παρούσης</span> <span class='ocrx_word' id='word_1_538' title='bbox 1378 3492 1597 3564; x_wconf 86' lang='grc' dir='ltr'>χάριτος</span> <span class='ocrx_word' id='word_1_539' title='bbox 1622 3496 1653 3548; x_wconf 91' lang='lat'><strong>6</strong></span> <span class='ocrx_word' id='word_1_540' title='bbox 1670 3494 1827 3562; x_wconf 83' lang='grc' dir='ltr'>λόγος</span> 
     </span>
    </p>
   </div>
   <div class='ocr_carea' id='block_1_69' title="bbox 240 3580 1826 3655">
    <p class='ocr_par' dir='ltr' id='par_1_69' title="bbox 240 3580 1826 3655">
     <span class='ocr_line' id='line_1_69' title="bbox 240 3580 1826 3655; baseline 0.003 -21"><span class='ocrx_word' id='word_1_541' title='bbox 240 3580 527 3651; x_wconf 69' lang='grc' dir='ltr'>ἐκήρυξεν.</span> <span class='ocrx_word' id='word_1_542' title='bbox 554 3580 705 3652; x_wconf 78' lang='grc' dir='ltr'><strong>Δῦτη</strong></span> <span class='ocrx_word' id='word_1_543' title='bbox 745 3580 901 3636; x_wconf 82' lang='grc' dir='ltr'>ἔλυσε</span> <span class='ocrx_word' id='word_1_544' title='bbox 931 3582 1030 3654; x_wconf 81' lang='grc' dir='ltr'><strong>τὴν</strong></span> <span class='ocrx_word' id='word_1_545' title='bbox 1069 3583 1165 3637; x_wconf 82' lang='grc' dir='ltr'><strong>τοῦ</strong></span> <span class='ocrx_word' id='word_1_546' title='bbox 1207 3582 1438 3638; x_wconf 85' lang='grc' dir='ltr'>θανάτου</span> <span class='ocrx_word' id='word_1_547' title='bbox 1461 3584 1646 3639; x_wconf 71' lang='grc' dir='ltr'>ὠδῖνα.</span> <span class='ocrx_word' id='word_1_548' title='bbox 1677 3584 1826 3655; x_wconf 78' lang='grc' dir='ltr'>Αὕτη</span> 
     </span>
    </p>
   </div>
   <div class='ocr_carea' id='block_1_70' title="bbox 238 3673 1826 3749">
    <p class='ocr_par' dir='ltr' id='par_1_70' title="bbox 238 3673 1826 3749">
     <span class='ocr_line' id='line_1_70' title="bbox 238 3673 1826 3749; baseline 0.002 -22"><span class='ocrx_word' id='word_1_549' title='bbox 238 3673 334 3727; x_wconf 70' lang='grc' dir='ltr'>τὸν</span> <span class='ocrx_word' id='word_1_550' title='bbox 354 3673 469 3727; x_wconf 85' lang='grc' dir='ltr'>τῶν</span> <span class='ocrx_word' id='word_1_551' title='bbox 496 3673 708 3746; x_wconf 82' lang='grc' dir='ltr'>νεκρῶν</span> <span class='ocrx_word' id='word_1_552' title='bbox 745 3675 1085 3747; x_wconf 83' lang='grc' dir='ltr'>πρωτότοκον</span> <span class='ocrx_word' id='word_1_553' title='bbox 1119 3676 1469 3747; x_wconf 80' lang='grc' dir='ltr'>ὲμαιεύσατο.</span> <span class='ocrx_word' id='word_1_554' title='bbox 1518 3677 1606 3732; x_wconf 84' lang='grc' dir='ltr'>Ἐν</span> <span class='ocrx_word' id='word_1_555' title='bbox 1653 3676 1826 3749; x_wconf 80' lang='grc' dir='ltr'>ταύτῃ</span> 
     </span>
    </p>
   </div>
   <div class='ocr_carea' id='block_1_71' title="bbox 243 3764 1830 3836">
    <p class='ocr_par' dir='ltr' id='par_1_71' title="bbox 243 3764 1830 3836">
     <span class='ocr_line' id='line_1_71' title="bbox 243 3764 1830 3836; baseline 0.003 -19"><span class='ocrx_word' id='word_1_556' title='bbox 243 3764 644 3835; x_wconf 72' lang='grc' dir='ltr'>συνετρίθησαν</span> <span class='ocrx_word' id='word_1_557' title='bbox 690 3767 749 3820; x_wconf 81' lang='lat' dir='ltr'><strong>al</strong></span> <span class='ocrx_word' id='word_1_558' title='bbox 796 3765 1019 3836; x_wconf 75' lang='grc' dir='ltr'>σιδηραῖ</span> <span class='ocrx_word' id='word_1_559' title='bbox 1066 3766 1160 3821; x_wconf 80' lang='grc' dir='ltr'>τοῦ</span> <span class='ocrx_word' id='word_1_560' title='bbox 1218 3768 1452 3822; x_wconf 84' lang='grc' dir='ltr'>θανάτου</span> <span class='ocrx_word' id='word_1_561' title='bbox 1502 3768 1684 3824; x_wconf 81' lang='grc' dir='ltr'>πύλαι.</span> <span class='ocrx_word' id='word_1_562' title='bbox 1742 3770 1830 3823; x_wconf 88' lang='grc' dir='ltr'><strong>Ἐν</strong></span> 
     </span>
    </p>
   </div>
   <div class='ocr_carea' id='block_1_72' title="bbox 245 3855 1828 3933">
    <p class='ocr_par' dir='ltr' id='par_1_72' title="bbox 245 3855 1828 3933">
     <span class='ocr_line' id='line_1_72' title="bbox 245 3855 1828 3933; baseline 0.004 -24"><span class='ocrx_word' id='word_1_563' title='bbox 245 3855 426 3925; x_wconf 75' lang='grc' dir='ltr'>ταύτῃ</span> <span class='ocrx_word' id='word_1_564' title='bbox 477 3858 528 3908; x_wconf 76' lang='grc' dir='ltr'>οἱ</span> <span class='ocrx_word' id='word_1_565' title='bbox 570 3856 760 3926; x_wconf 76' lang='grc' dir='ltr'>χαλκοῖ</span> <span class='ocrx_word' id='word_1_566' title='bbox 800 3858 896 3912; x_wconf 82' lang='grc' dir='ltr'>τοῦ</span> <span class='ocrx_word' id='word_1_567' title='bbox 945 3858 1073 3931; x_wconf 73' lang='grc' dir='ltr'>ᾅδου</span> <span class='ocrx_word' id='word_1_568' title='bbox 1130 3860 1317 3931; x_wconf 68' lang='grc' dir='ltr'>μοχλοὶ</span> <span class='ocrx_word' id='word_1_569' title='bbox 1369 3860 1828 3933; x_wconf 77' lang='grc' dir='ltr'>συνεθλὰσθησαν.</span> 
     </span>
    </p>
   </div>
   <div class='ocr_carea' id='block_1_73' title="bbox 246 3944 1835 4023">
    <p class='ocr_par' dir='ltr' id='par_1_73' title="bbox 246 3944 1835 4023">
     <span class='ocr_line' id='line_1_73' title="bbox 246 3944 1835 4023; baseline 0.005 -24"><span class='ocrx_word' id='word_1_570' title='bbox 246 3944 375 3999; x_wconf 77' lang='grc' dir='ltr'><strong>Νῦν</strong></span> <span class='ocrx_word' id='word_1_571' title='bbox 396 3945 668 4014; x_wconf 76' lang='grc' dir='ltr'>ἀνοίγεται</span> <span class='ocrx_word' id='word_1_572' title='bbox 695 3948 790 4003; x_wconf 75' lang='grc' dir='ltr'>τοῦ</span> <span class='ocrx_word' id='word_1_573' title='bbox 815 3949 1048 4004; x_wconf 79' lang='grc' dir='ltr'>Θανάτου</span> <span class='ocrx_word' id='word_1_574' title='bbox 1070 3951 1131 4004; x_wconf 81' lang='grc' dir='ltr'>τὸ</span> <span class='ocrx_word' id='word_1_575' title='bbox 1160 3951 1550 4023; x_wconf 84' lang='grc' dir='ltr'>δεσμωτήριον.</span> <span class='ocrx_word' id='word_1_576' title='bbox 1584 3951 1698 4006; x_wconf 80' lang='grc' dir='ltr'><strong>Νῦν</strong></span> <span class='ocrx_word' id='word_1_577' title='bbox 1733 3970 1835 4023; x_wconf 84' lang='grc' dir='ltr'>κη-</span> 
     </span>
    </p>
   </div>
   <div class='ocr_carea' id='block_1_74' title="bbox 248 4038 1834 4115">
    <p class='ocr_par' dir='ltr' id='par_1_74' title="bbox 248 4038 1834 4115">
     <span class='ocr_line' id='line_1_74' title="bbox 248 4038 1834 4115; baseline 0.006 -25"><span class='ocrx_word' id='word_1_578' title='bbox 248 4038 523 4109; x_wconf 80' lang='grc' dir='ltr'>ρύσσεται</span> <span class='ocrx_word' id='word_1_579' title='bbox 568 4044 671 4105; x_wconf 82' lang='grc' dir='ltr'>τοῖς</span> <span class='ocrx_word' id='word_1_580' title='bbox 721 4042 1088 4113; x_wconf 70' lang='grc' dir='ltr'>αἰχμαλώτοις</span> <span class='ocrx_word' id='word_1_581' title='bbox 1132 4044 1164 4113; x_wconf 87' lang='grc' dir='ltr'>ὴ</span> <span class='ocrx_word' id='word_1_582' title='bbox 1200 4044 1412 4114; x_wconf 78' lang='grc' dir='ltr'>ἄφεσις.</span> <span class='ocrx_word' id='word_1_583' title='bbox 1464 4045 1580 4099; x_wconf 81' lang='grc' dir='ltr'><strong>Νῦν</strong></span> <span class='ocrx_word' id='word_1_584' title='bbox 1626 4045 1834 4115; x_wconf 88' lang='grc' dir='ltr'>γίνεται</span> 
     </span>
    </p>
   </div>
   <div class='ocr_carea' id='block_1_75' title="bbox 246 4130 1836 4204">
    <p class='ocr_par' dir='ltr' id='par_1_75' title="bbox 246 4130 1836 4204">
     <span class='ocr_line' id='line_1_75' title="bbox 246 4130 1836 4204; baseline 0.006 -21"><span class='ocrx_word' id='word_1_585' title='bbox 246 4132 368 4193; x_wconf 73' lang='grc' dir='ltr'>τοῖς</span> <span class='ocrx_word' id='word_1_586' title='bbox 398 4130 620 4200; x_wconf 70' lang='grc' dir='ltr'>τυφλοῖς</span> <span class='ocrx_word' id='word_1_587' title='bbox 672 4134 706 4203; x_wconf 80' lang='grc' dir='ltr'><strong>ἡ</strong></span> <span class='ocrx_word' id='word_1_588' title='bbox 737 4133 1053 4204; x_wconf 77' lang='grc' dir='ltr'>ἀνάϐλεψις.</span> <span class='ocrx_word' id='word_1_589' title='bbox 1105 4134 1222 4189; x_wconf 81' lang='grc' dir='ltr'><strong>Νῦν</strong></span> <span class='ocrx_word' id='word_1_590' title='bbox 1253 4138 1365 4199; x_wconf 87' lang='grc' dir='ltr'>τοῖς</span> <span class='ocrx_word' id='word_1_591' title='bbox 1410 4138 1470 4190; x_wconf 78' lang='grc' dir='ltr'>ἐν</span> <span class='ocrx_word' id='word_1_592' title='bbox 1516 4138 1699 4192; x_wconf 82' lang='grc' dir='ltr'>σκότει</span> <span class='ocrx_word' id='word_1_593' title='bbox 1742 4136 1836 4192; x_wconf 72' lang='grc' dir='ltr'>καὶ</span> 
     </span>
    </p>
   </div>
   <div class='ocr_carea' id='block_1_76' title="bbox 249 4219 1838 4301">
    <p class='ocr_par' dir='ltr' id='par_1_76' title="bbox 249 4219 1838 4301">
     <span class='ocr_line' id='line_1_76' title="bbox 249 4219 1838 4301; baseline 0.005 -26"><span class='ocrx_word' id='word_1_594' title='bbox 249 4221 381 4291; x_wconf 84' lang='grc' dir='ltr'>σκιᾷ</span> <span class='ocrx_word' id='word_1_595' title='bbox 434 4219 670 4276; x_wconf 79' lang='grc' dir='ltr'>θανάτου</span> <span class='ocrx_word' id='word_1_596' title='bbox 719 4223 1070 4293; x_wconf 78' lang='grc' dir='ltr'>καθημένοις,</span> <span class='ocrx_word' id='word_1_597' title='bbox 1094 4227 1128 4296; x_wconf 76' lang='grc' dir='ltr'><strong>η</strong></span> <span class='ocrx_word' id='word_1_598' title='bbox 1157 4225 1216 4290; x_wconf 71' lang='grc' dir='ltr'>ἐξ</span> <span class='ocrx_word' id='word_1_599' title='bbox 1257 4225 1424 4295; x_wconf 76' lang='grc' dir='ltr'>ὕψους</span> <span class='ocrx_word' id='word_1_600' title='bbox 1459 4228 1691 4301; x_wconf 78' lang='grc' dir='ltr'>ἀνατολὴ</span> <span class='ocrx_word' id='word_1_601' title='bbox 1720 4231 1838 4285; x_wconf 75' lang='grc' dir='ltr'>ἐπι-</span> 
     </span>
    </p>
   </div>
   <div class='ocr_carea' id='block_1_77' title="bbox 252 4313 1837 4391">
    <p class='ocr_par' dir='ltr' id='par_1_77' title="bbox 252 4313 1837 4391">
     <span class='ocr_line' id='line_1_77' title="bbox 252 4313 1837 4391; baseline 0.006 -26"><span class='ocrx_word' id='word_1_602' title='bbox 252 4313 568 4367; x_wconf 81' lang='grc' dir='ltr'>σκέπτεται.</span> <span class='ocrx_word' id='word_1_603' title='bbox 592 4314 861 4369; x_wconf 84' lang='grc' dir='ltr'>Βούλεσθέ</span> <span class='ocrx_word' id='word_1_604' title='bbox 886 4332 941 4369; x_wconf 89' lang='grc' dir='ltr'><strong>τι</strong></span> <span class='ocrx_word' id='word_1_605' title='bbox 968 4316 1063 4369; x_wconf 74' lang='grc' dir='ltr'>καὶ</span> <span class='ocrx_word' id='word_1_606' title='bbox 1095 4318 1224 4387; x_wconf 79' lang='grc' dir='ltr'>περὶ</span> <span class='ocrx_word' id='word_1_607' title='bbox 1255 4318 1353 4388; x_wconf 84' lang='grc' dir='ltr'><strong>τῆς</strong></span> <span class='ocrx_word' id='word_1_608' title='bbox 1374 4319 1675 4391; x_wconf 80' lang='grc' dir='ltr'>τριημέρου</span> <span class='ocrx_word' id='word_1_609' title='bbox 1701 4337 1837 4389; x_wconf 88' lang='grc' dir='ltr'>προ-</span> 
     </span>
    </p>
   </div>
   <div class='ocr_carea' id='block_1_78' title="bbox 1924 3394 3506 3467">
    <p class='ocr_par' dir='ltr' id='par_1_78' title="bbox 1924 3394 3506 3467">
     <span class='ocr_line' id='line_1_78' title="bbox 1924 3394 3506 3467; baseline -0.001 -16"><span class='ocrx_word' id='word_1_610' title='bbox 1924 3411 2050 3452; x_wconf 89' lang='lat' dir='ltr'><strong>esse</strong></span> <span class='ocrx_word' id='word_1_611' title='bbox 2077 3394 2210 3451; x_wconf 87' lang='lat' dir='ltr'><strong>dicit</strong></span> <span class='ocrx_word' id='word_1_612' title='bbox 2255 3397 2523 3466; x_wconf 84' lang='lat' dir='ltr'><strong>propheta</strong></span> <span class='ocrx_word' id='word_1_613' title='bbox 2597 3396 2796 3452; x_wconf 87' lang='lat' dir='ltr'><strong>diebus</strong></span> <span class='ocrx_word' id='word_1_614' title='bbox 2822 3396 2989 3461; x_wconf 82' lang='lat' dir='ltr'><strong>aliis,</strong></span> <span class='ocrx_word' id='word_1_615' title='bbox 3053 3411 3235 3467; x_wconf 87' lang='lat' dir='ltr'><strong>neque</strong></span> <span class='ocrx_word' id='word_1_616' title='bbox 3289 3404 3506 3450; x_wconf 85' lang='lat' dir='ltr'><strong>noctem</strong></span> 
     </span>
    </p>
   </div>
   <div class='ocr_carea' id='block_1_79' title="bbox 1926 3484 3509 3555">
    <p class='ocr_par' dir='ltr' id='par_1_79' title="bbox 1926 3484 3509 3555">
     <span class='ocr_line' id='line_1_79' title="bbox 1926 3484 3509 3555; baseline -0.003 -14"><span class='ocrx_word' id='word_1_617' title='bbox 1926 3486 2052 3542; x_wconf 89' lang='lat' dir='ltr'><strong>aliis</strong></span> <span class='ocrx_word' id='word_1_618' title='bbox 2100 3485 2357 3541; x_wconf 84' lang='lat' dir='ltr'><strong>noctibus</strong></span> <span class='ocrx_word' id='word_1_619' title='bbox 2392 3486 2672 3541; x_wconf 87' lang='lat' dir='ltr'><strong>similem?</strong></span> <span class='ocrx_word' id='word_1_620' title='bbox 2721 3484 2829 3540; x_wconf 88' lang='lat' dir='ltr'><strong>Sed</strong></span> <span class='ocrx_word' id='word_1_621' title='bbox 2884 3485 3032 3554; x_wconf 88' lang='lat' dir='ltr'><strong>quod</strong></span> <span class='ocrx_word' id='word_1_622' title='bbox 3085 3484 3139 3538; x_wconf 90' lang='lat' dir='ltr'><strong>in</strong></span> <span class='ocrx_word' id='word_1_623' title='bbox 3179 3485 3283 3540; x_wconf 87' lang='lat' dir='ltr'><strong>hac</strong></span> <span class='ocrx_word' id='word_1_624' title='bbox 3333 3484 3509 3555; x_wconf 76' lang='lat' dir='ltr'><strong>gratia</strong></span> 
     </span>
    </p>
   </div>
   <div class='ocr_carea' id='block_1_80' title="bbox 1927 3574 3510 3649">
    <p class='ocr_par' dir='ltr' id='par_1_80' title="bbox 1927 3574 3510 3649">
     <span class='ocr_line' id='line_1_80' title="bbox 1927 3574 3510 3649; baseline -0.002 -17"><span class='ocrx_word' id='word_1_625' title='bbox 1927 3578 2444 3649; x_wconf 75' lang='lat' dir='ltr'><strong>przestantissimum</strong></span> <span class='ocrx_word' id='word_1_626' title='bbox 2487 3587 2610 3643; x_wconf 89' lang='lat' dir='ltr'><strong>est,</strong></span> <span class='ocrx_word' id='word_1_627' title='bbox 2640 3577 2885 3635; x_wconf 88' lang='lat' dir='ltr'><strong>nondum</strong></span> <span class='ocrx_word' id='word_1_628' title='bbox 2921 3577 3338 3647; x_wconf 83' lang='lat' dir='ltr'><strong>explicavimus.</strong></span> <span class='ocrx_word' id='word_1_629' title='bbox 3384 3574 3510 3630; x_wconf 63' lang='lat' dir='ltr'><strong>Haec</strong></span> 
     </span>
    </p>
   </div>
   <div class='ocr_carea' id='block_1_81' title="bbox 1927 3664 3510 3736">
    <p class='ocr_par' dir='ltr' id='par_1_81' title="bbox 1927 3664 3510 3736">
     <span class='ocr_line' id='line_1_81' title="bbox 1927 3664 3510 3736; baseline -0.001 -15"><span class='ocrx_word' id='word_1_630' title='bbox 1927 3666 2124 3722; x_wconf 89' lang='lat' dir='ltr'><strong>mortis</strong></span> <span class='ocrx_word' id='word_1_631' title='bbox 2173 3666 2392 3723; x_wconf 85' lang='lat' dir='ltr'><strong>dolores</strong></span> <span class='ocrx_word' id='word_1_632' title='bbox 2443 3666 2716 3725; x_wconf 86' lang='lat' dir='ltr'><strong>dissolvit.</strong></span> <span class='ocrx_word' id='word_1_633' title='bbox 2749 3664 2877 3722; x_wconf 82' lang='lat' dir='ltr'><strong>Haec</strong></span> <span class='ocrx_word' id='word_1_634' title='bbox 2906 3673 3248 3721; x_wconf 89' lang='lat' dir='ltr'><strong>mortuorum</strong></span> <span class='ocrx_word' id='word_1_635' title='bbox 3305 3666 3510 3736; x_wconf 89' lang='lat' dir='ltr'><strong>primo-</strong></span> 
     </span>
    </p>
   </div>
   <div class='ocr_carea' id='block_1_82' title="bbox 1928 3758 3511 3830">
    <p class='ocr_par' dir='ltr' id='par_1_82' title="bbox 1928 3758 3511 3830">
     <span class='ocr_line' id='line_1_82' title="bbox 1928 3758 3511 3830; baseline -0.001 -17"><span class='ocrx_word' id='word_1_636' title='bbox 1928 3758 2172 3830; x_wconf 79' lang='lat' dir='ltr'><strong>genitum</strong></span> <span class='ocrx_word' id='word_1_637' title='bbox 2220 3759 2411 3815; x_wconf 84' lang='lat' dir='ltr'><strong>edidit.</strong></span> <span class='ocrx_word' id='word_1_638' title='bbox 2443 3760 2498 3814; x_wconf 84' lang='lat' dir='ltr'><strong>lu</strong></span> <span class='ocrx_word' id='word_1_639' title='bbox 2527 3759 2648 3815; x_wconf 83' lang='lat' dir='ltr'><strong>hac</strong></span> <span class='ocrx_word' id='word_1_640' title='bbox 2704 3758 2891 3815; x_wconf 67' lang='lat' dir='ltr'><strong>ferrea:</strong></span> <span class='ocrx_word' id='word_1_641' title='bbox 2931 3759 3123 3815; x_wconf 84' lang='lat' dir='ltr'><strong>mortis</strong></span> <span class='ocrx_word' id='word_1_642' title='bbox 3178 3766 3348 3830; x_wconf 79' lang='lat' dir='ltr'><strong>portae</strong></span> <span class='ocrx_word' id='word_1_643' title='bbox 3381 3772 3511 3812; x_wconf 84' lang='lat' dir='ltr'><strong>con-</strong></span> 
     </span>
    </p>
   </div>
   <div class='ocr_carea' id='block_1_83' title="bbox 1934 3851 3513 3921">
    <p class='ocr_par' dir='ltr' id='par_1_83' title="bbox 1934 3851 3513 3921">
     <span class='ocr_line' id='line_1_83' title="bbox 1934 3851 3513 3921; baseline 0.001 -17"><span class='ocrx_word' id='word_1_644' title='bbox 1934 3851 2121 3907; x_wconf 68' lang='lat' dir='ltr'><strong>fracta:</strong></span> <span class='ocrx_word' id='word_1_645' title='bbox 2158 3860 2307 3908; x_wconf 89' lang='lat' dir='ltr'><strong>sunt.</strong></span> <span class='ocrx_word' id='word_1_646' title='bbox 2352 3851 2407 3907; x_wconf 88' lang='lat' dir='ltr'><strong>In</strong></span> <span class='ocrx_word' id='word_1_647' title='bbox 2449 3852 2551 3921; x_wconf 80' lang='lat' dir='ltr'><strong>hac</strong></span> <span class='ocrx_word' id='word_1_648' title='bbox 2604 3852 2733 3909; x_wconf 68' lang='lat' dir='ltr'><strong>aerei</strong></span> <span class='ocrx_word' id='word_1_649' title='bbox 2782 3851 3081 3907; x_wconf 79' lang='lat' dir='ltr'><strong>inferorum</strong></span> <span class='ocrx_word' id='word_1_650' title='bbox 3137 3859 3318 3908; x_wconf 86' lang='lat' dir='ltr'><strong>vectes</strong></span> <span class='ocrx_word' id='word_1_651' title='bbox 3369 3866 3513 3905; x_wconf 83' lang='lat' dir='ltr'><strong>com-</strong></span> 
     </span>
    </p>
   </div>
   <div class='ocr_carea' id='block_1_84' title="bbox 1933 3941 3512 4012">
    <p class='ocr_par' dir='ltr' id='par_1_84' title="bbox 1933 3941 3512 4012">
     <span class='ocr_line' id='line_1_84' title="bbox 1933 3941 3512 4012; baseline -0.001 -15"><span class='ocrx_word' id='word_1_652' title='bbox 1933 3944 2157 3998; x_wconf 87' lang='lat' dir='ltr'><strong>minuti.</strong></span> <span class='ocrx_word' id='word_1_653' title='bbox 2195 3941 2353 3998; x_wconf 75' lang='lat' dir='ltr'><strong>Nune</strong></span> <span class='ocrx_word' id='word_1_654' title='bbox 2389 3943 2583 3997; x_wconf 88' lang='lat' dir='ltr'><strong>mortis</strong></span> <span class='ocrx_word' id='word_1_655' title='bbox 2607 3956 2796 3997; x_wconf 88' lang='lat' dir='ltr'><strong>carcer</strong></span> <span class='ocrx_word' id='word_1_656' title='bbox 2824 3942 3093 4011; x_wconf 87' lang='lat' dir='ltr'><strong>aperitur.</strong></span> <span class='ocrx_word' id='word_1_657' title='bbox 3125 3941 3283 3997; x_wconf 88' lang='lat' dir='ltr'><strong>Nunc</strong></span> <span class='ocrx_word' id='word_1_658' title='bbox 3333 3942 3512 4012; x_wconf 87' lang='lat' dir='ltr'><strong>capti-</strong></span> 
     </span>
    </p>
   </div>
   <div class='ocr_carea' id='block_1_85' title="bbox 1931 4031 3505 4097">
    <p class='ocr_par' dir='ltr' id='par_1_85' title="bbox 1931 4031 3505 4097">
     <span class='ocr_line' id='line_1_85' title="bbox 1931 4031 3505 4097; baseline -0.001 -7"><span class='ocrx_word' id='word_1_659' title='bbox 1931 4036 2024 4090; x_wconf 74' lang='lat' dir='ltr'><strong>vis</strong></span> <span class='ocrx_word' id='word_1_660' title='bbox 2059 4035 2286 4091; x_wconf 88' lang='lat' dir='ltr'><strong>libertas</strong></span> <span class='ocrx_word' id='word_1_661' title='bbox 2308 4034 2688 4097; x_wconf 84' lang='lat' dir='ltr'><strong>denuntiatur.</strong></span> <span class='ocrx_word' id='word_1_662' title='bbox 2719 4031 2878 4090; x_wconf 87' lang='lat' dir='ltr'><strong>Nunc</strong></span> <span class='ocrx_word' id='word_1_663' title='bbox 2902 4035 3064 4090; x_wconf 66' lang='lat' dir='ltr'><strong>caecis</strong></span> <span class='ocrx_word' id='word_1_664' title='bbox 3091 4034 3309 4090; x_wconf 87' lang='lat' dir='ltr'><strong>videndi</strong></span> <span class='ocrx_word' id='word_1_665' title='bbox 3334 4034 3505 4088; x_wconf 80' lang='lat' dir='ltr'><strong>facul-</strong></span> 
     </span>
    </p>
   </div>
   <div class='ocr_carea' id='block_1_86' title="bbox 1936 4126 3512 4198">
    <p class='ocr_par' dir='ltr' id='par_1_86' title="bbox 1936 4126 3512 4198">
     <span class='ocr_line' id='line_1_86' title="bbox 1936 4126 3512 4198; baseline -0.001 -17"><span class='ocrx_word' id='word_1_666' title='bbox 1936 4135 2022 4184; x_wconf 87' lang='lat' dir='ltr'><strong>tas</strong></span> <span class='ocrx_word' id='word_1_667' title='bbox 2055 4128 2349 4198; x_wconf 69' lang='lat' dir='ltr'><strong>prrebetur.</strong></span> <span class='ocrx_word' id='word_1_668' title='bbox 2384 4126 2543 4183; x_wconf 82' lang='lat' dir='ltr'><strong>Nunc</strong></span> <span class='ocrx_word' id='word_1_669' title='bbox 2592 4128 2779 4183; x_wconf 89' lang='lat' dir='ltr'><strong>oriens</strong></span> <span class='ocrx_word' id='word_1_670' title='bbox 2816 4142 2882 4181; x_wconf 83' lang='lat' dir='ltr'><strong>ex</strong></span> <span class='ocrx_word' id='word_1_671' title='bbox 2918 4128 3029 4181; x_wconf 85' lang='lat' dir='ltr'><strong>alto</strong></span> <span class='ocrx_word' id='word_1_672' title='bbox 3063 4128 3255 4182; x_wconf 82' lang='lat' dir='ltr'><strong>invisit</strong></span> <span class='ocrx_word' id='word_1_673' title='bbox 3283 4142 3381 4183; x_wconf 91' lang='lat' dir='ltr'><strong>eos</strong></span> <span class='ocrx_word' id='word_1_674' title='bbox 3417 4127 3512 4197; x_wconf 88' lang='lat' dir='ltr'><strong>qui</strong></span> 
     </span>
    </p>
   </div>
   <div class='ocr_carea' id='block_1_87' title="bbox 1937 4216 3516 4275">
    <p class='ocr_par' dir='ltr' id='par_1_87' title="bbox 1937 4216 3516 4275">
     <span class='ocr_line' id='line_1_87' title="bbox 1937 4216 3516 4275; baseline -0.001 -1"><span class='ocrx_word' id='word_1_675' title='bbox 1937 4220 1995 4275; x_wconf 89' lang='lat' dir='ltr'><strong>in</strong></span> <span class='ocrx_word' id='word_1_676' title='bbox 2027 4220 2271 4275; x_wconf 87' lang='lat' dir='ltr'><strong>tenebris</strong></span> <span class='ocrx_word' id='word_1_677' title='bbox 2314 4228 2371 4275; x_wconf 89' lang='lat' dir='ltr'><strong>et</strong></span> <span class='ocrx_word' id='word_1_678' title='bbox 2413 4219 2610 4273; x_wconf 90' lang='lat' dir='ltr'><strong>umbra</strong></span> <span class='ocrx_word' id='word_1_679' title='bbox 2650 4219 2849 4273; x_wconf 89' lang='lat' dir='ltr'><strong>mortis</strong></span> <span class='ocrx_word' id='word_1_680' title='bbox 2890 4219 3271 4273; x_wconf 85' lang='lat' dir='ltr'><strong>considebant.</strong></span> <span class='ocrx_word' id='word_1_681' title='bbox 3336 4216 3516 4273; x_wconf 77' lang='lat' dir='ltr'><strong>Vultis</strong></span> 
     </span>
    </p>
   </div>
   <div class='ocr_carea' id='block_1_88' title="bbox 1937 4307 3516 4379">
    <p class='ocr_par' dir='ltr' id='par_1_88' title="bbox 1937 4307 3516 4379">
     <span class='ocr_line' id='line_1_88' title="bbox 1937 4307 3516 4379; baseline -0.004 -12"><span class='ocrx_word' id='word_1_682' title='bbox 1937 4312 2103 4367; x_wconf 89' lang='lat' dir='ltr'><strong>etiam</strong></span> <span class='ocrx_word' id='word_1_683' title='bbox 2134 4310 2201 4366; x_wconf 90' lang='lat' dir='ltr'><strong>de</strong></span> <span class='ocrx_word' id='word_1_684' title='bbox 2233 4309 2399 4364; x_wconf 91' lang='lat' dir='ltr'><strong>tridui</strong></span> <span class='ocrx_word' id='word_1_685' title='bbox 2463 4308 2732 4379; x_wconf 72' lang='lat' dir='ltr'><strong>prmﬁnito</strong></span> <span class='ocrx_word' id='word_1_686' title='bbox 2760 4308 2998 4362; x_wconf 88' lang='lat' dir='ltr'><strong>termino</strong></span> <span class='ocrx_word' id='word_1_687' title='bbox 3049 4307 3260 4377; x_wconf 89' lang='lat' dir='ltr'><strong>aliquid</strong></span> <span class='ocrx_word' id='word_1_688' title='bbox 3312 4307 3516 4368; x_wconf 81' lang='lat' dir='ltr'><strong>intelli-</strong></span> 
     </span>
    </p>
   </div>
   <div class='ocr_carea' id='block_1_89' title="bbox 255 4400 1816 4480">
    <p class='ocr_par' dir='ltr' id='par_1_89' title="bbox 255 4402 1816 4480">
     <span class='ocr_line' id='line_1_89' title="bbox 255 4402 1816 4480; baseline 0.005 -24"><span class='ocrx_word' id='word_1_689' title='bbox 255 4402 486 4474; x_wconf 78' lang='grc' dir='ltr'>θεσμίας</span> <span class='ocrx_word' id='word_1_690' title='bbox 510 4403 702 4475; x_wconf 79' lang='grc' dir='ltr'>μαθεῖν</span> <span class='ocrx_word' id='word_1_691' title='bbox 724 4422 740 4471; x_wconf 91' lang='lat'><strong>;</strong></span> <span class='ocrx_word' id='word_1_692' title='bbox 772 4406 959 4475; x_wconf 81' lang='grc' dir='ltr'>’Δρκεῐ</span> <span class='ocrx_word' id='word_1_693' title='bbox 983 4407 1236 4463; x_wconf 75' lang='grc' dir='ltr'>τοσοῦτον</span> <span class='ocrx_word' id='word_1_694' title='bbox 1272 4408 1483 4480; x_wconf 81' lang='grc' dir='ltr'>μαθεῖν,</span> <span class='ocrx_word' id='word_1_695' title='bbox 1500 4411 1584 4465; x_wconf 79' lang='grc' dir='ltr'>ὅτι</span> <span class='ocrx_word' id='word_1_696' title='bbox 1611 4412 1670 4466; x_wconf 80' lang='grc' dir='ltr'><strong>ὲν</strong></span> <span class='ocrx_word' id='word_1_697' title='bbox 1697 4410 1816 4465; x_wconf 68' lang='grc' dir='ltr'>οὕτω</span> 
     </span>
    </p>
   </div>
   <div class='ocr_carea' id='block_1_90' title="bbox 1920 4400 3516 4480">
    <p class='ocr_par' dir='ltr' id='par_1_90' title="bbox 1938 4400 3516 4475">
     <span class='ocr_line' id='line_1_90' title="bbox 1938 4400 3516 4475; baseline -0.004 -16"><span class='ocrx_word' id='word_1_698' title='bbox 1938 4401 2271 4475; x_wconf 66' lang='grc' dir='ltr'><strong>εει-οϊΙΙΙυά</strong></span> <span class='ocrx_word' id='word_1_699' title='bbox 2297 4400 2506 4457; x_wconf 79' lang='lat' dir='ltr'><strong>dixisse</strong></span> <span class='ocrx_word' id='word_1_700' title='bbox 2539 4401 2789 4457; x_wconf 89' lang='lat' dir='ltr'><strong>contenti</strong></span> <span class='ocrx_word' id='word_1_701' title='bbox 2844 4400 3057 4464; x_wconf 87' lang='lat' dir='ltr'><strong>simus,</strong></span> <span class='ocrx_word' id='word_1_702' title='bbox 3100 4410 3209 4454; x_wconf 89' lang='lat' dir='ltr'><strong>tam</strong></span> <span class='ocrx_word' id='word_1_703' title='bbox 3258 4401 3516 4471; x_wconf 75' lang='lat' dir='ltr'><strong>exiguum</strong></span> 
     </span>
    </p>
   </div>
   <div class='ocr_carea' id='block_1_91' title="bbox 249 4492 1816 4571">
    <p class='ocr_par' dir='ltr' id='par_1_91' title="bbox 249 4495 1816 4571">
     <span class='ocr_line' id='line_1_91' title="bbox 249 4495 1816 4571; baseline 0.006 -23"><span class='ocrx_word' id='word_1_704' title='bbox 249 4495 419 4567; x_wconf 73' lang='grc' dir='ltr'>ὀλίγῳ</span> <span class='ocrx_word' id='word_1_705' title='bbox 451 4495 530 4567; x_wconf 80' lang='grc' dir='ltr'>τῷ</span> <span class='ocrx_word' id='word_1_706' title='bbox 561 4497 799 4568; x_wconf 82' lang='grc' dir='ltr'>χρονικῷ</span> <span class='ocrx_word' id='word_1_707' title='bbox 828 4498 1174 4570; x_wconf 75' lang='grc' dir='ltr'>διαττήματι,</span> <span class='ocrx_word' id='word_1_708' title='bbox 1200 4500 1431 4571; x_wconf 72' lang='grc' dir='ltr'>ἤρκεσεν</span> <span class='ocrx_word' id='word_1_709' title='bbox 1450 4502 1484 4571; x_wconf 78' lang='grc' dir='ltr'><strong>ἡ</strong></span> <span class='ocrx_word' id='word_1_710' title='bbox 1514 4500 1816 4557; x_wconf 85' lang='grc' dir='ltr'>παντοδύνα</span> 
     </span>
    </p>
   </div>
   <div class='ocr_carea' id='block_1_92' title="bbox 1920 4492 3518 4571">
    <p class='ocr_par' dir='ltr' id='par_1_92' title="bbox 1941 4492 3518 4565">
     <span class='ocr_line' id='line_1_92' title="bbox 1941 4492 3518 4565; baseline -0.006 -13"><span class='ocrx_word' id='word_1_711' title='bbox 1941 4496 2204 4565; x_wconf 89' lang='lat' dir='ltr'><strong>temporis</strong></span> <span class='ocrx_word' id='word_1_712' title='bbox 2243 4494 2483 4565; x_wconf 86' lang='lat' dir='ltr'><strong>spatium</strong></span> <span class='ocrx_word' id='word_1_713' title='bbox 2524 4492 2695 4550; x_wconf 78' lang='lat' dir='ltr'><strong>fuisse</strong></span> <span class='ocrx_word' id='word_1_714' title='bbox 2725 4495 2898 4557; x_wconf 87' lang='lat' dir='ltr'><strong>satis,</strong></span> <span class='ocrx_word' id='word_1_715' title='bbox 2932 4503 2991 4548; x_wconf 94' lang='lat' dir='ltr'><strong>ut</strong></span> <span class='ocrx_word' id='word_1_716' title='bbox 3019 4493 3374 4561; x_wconf 85' lang='lat' dir='ltr'><strong>omnipotens</strong></span> <span class='ocrx_word' id='word_1_717' title='bbox 3428 4506 3518 4544; x_wconf 88' lang='lat' dir='ltr'><strong>sa-</strong></span> 
     </span>
    </p>
   </div>
   <div class='ocr_carea' id='block_1_93' title="bbox 254 4583 1816 4664">
    <p class='ocr_par' dir='ltr' id='par_1_93' title="bbox 254 4588 1816 4664">
     <span class='ocr_line' id='line_1_93' title="bbox 254 4588 1816 4664; baseline 0.004 -24"><span class='ocrx_word' id='word_1_718' title='bbox 254 4588 540 4657; x_wconf 79' lang='grc' dir='ltr'>μοςσοφία</span> <span class='ocrx_word' id='word_1_719' title='bbox 564 4591 625 4642; x_wconf 65' lang='grc' dir='ltr'>ἐν</span> <span class='ocrx_word' id='word_1_720' title='bbox 653 4590 719 4660; x_wconf 81' lang='grc' dir='ltr'><strong>τῇ</strong></span> <span class='ocrx_word' id='word_1_721' title='bbox 763 4590 960 4661; x_wconf 74' lang='grc' dir='ltr'>καρδίᾳ</span> <span class='ocrx_word' id='word_1_722' title='bbox 990 4591 1089 4661; x_wconf 80' lang='grc' dir='ltr'><strong>τῆς</strong></span> <span class='ocrx_word' id='word_1_723' title='bbox 1125 4590 1227 4661; x_wconf 85' lang='grc' dir='ltr'><strong>γῆς</strong></span> <span class='ocrx_word' id='word_1_724' title='bbox 1264 4593 1529 4664; x_wconf 86' lang='grc' dir='ltr'>γενομένη</span> <span class='ocrx_word' id='word_1_725' title='bbox 1553 4595 1582 4647; x_wconf 91' lang='lat'><strong>6</strong></span> <span class='ocrx_word' id='word_1_726' title='bbox 1614 4594 1816 4664; x_wconf 83' lang='grc' dir='ltr'>Κύριος</span> 
     </span>
    </p>
   </div>
   <div class='ocr_carea' id='block_1_94' title="bbox 1920 4583 3518 4664">
    <p class='ocr_par' dir='ltr' id='par_1_94' title="bbox 1944 4583 3518 4659">
     <span class='ocr_line' id='line_1_94' title="bbox 1944 4583 3518 4659; baseline -0.006 -16"><span class='ocrx_word' id='word_1_727' title='bbox 1944 4588 2149 4659; x_wconf 87' lang='lat' dir='ltr'><strong>pientia</strong></span> <span class='ocrx_word' id='word_1_728' title='bbox 2205 4586 2263 4642; x_wconf 90' lang='lat' dir='ltr'><strong>in</strong></span> <span class='ocrx_word' id='word_1_729' title='bbox 2321 4587 2491 4643; x_wconf 89' lang='lat' dir='ltr'><strong>corde</strong></span> <span class='ocrx_word' id='word_1_730' title='bbox 2526 4595 2689 4643; x_wconf 75' lang='lat' dir='ltr'><strong>terrae</strong></span> <span class='ocrx_word' id='word_1_731' title='bbox 2749 4588 3029 4643; x_wconf 77' lang='lat' dir='ltr'><strong>exsistens</strong></span> <span class='ocrx_word' id='word_1_732' title='bbox 3062 4598 3315 4656; x_wconf 77' lang='lat' dir='ltr'><strong>magnam</strong></span> <span class='ocrx_word' id='word_1_733' title='bbox 3369 4583 3518 4637; x_wconf 89' lang='lat' dir='ltr'><strong>illam</strong></span> 
     </span>
    </p>
   </div>
   <div class='ocr_carea' id='block_1_95' title="bbox 251 4672 1816 4755">
    <p class='ocr_par' dir='ltr' id='par_1_95' title="bbox 251 4679 1816 4755">
     <span class='ocr_line' id='line_1_95' title="bbox 251 4679 1816 4755; baseline 0.003 -22"><span class='ocrx_word' id='word_1_734' title='bbox 251 4679 349 4733; x_wconf 68' lang='grc' dir='ltr'>τὸν</span> <span class='ocrx_word' id='word_1_735' title='bbox 372 4680 545 4748; x_wconf 81' lang='grc' dir='ltr'>μέγαν</span> <span class='ocrx_word' id='word_1_736' title='bbox 573 4681 781 4735; x_wconf 72' lang='grc' dir='ltr'>ἐκεῖνον</span> <span class='ocrx_word' id='word_1_737' title='bbox 807 4680 932 4736; x_wconf 81' lang='grc' dir='ltr'>νοῦν</span> <span class='ocrx_word' id='word_1_738' title='bbox 973 4682 1064 4735; x_wconf 71' lang='grc' dir='ltr'>τὸν</span> <span class='ocrx_word' id='word_1_739' title='bbox 1099 4685 1157 4737; x_wconf 73' lang='grc' dir='ltr'>ἐν</span> <span class='ocrx_word' id='word_1_740' title='bbox 1186 4683 1322 4755; x_wconf 84' lang='grc' dir='ltr'>αύτῇ</span> <span class='ocrx_word' id='word_1_741' title='bbox 1349 4681 1706 4754; x_wconf 78' lang='grc' dir='ltr'>διαιτώμενον</span> <span class='ocrx_word' id='word_1_742' title='bbox 1743 4700 1816 4738; x_wconf 87' lang='grc' dir='ltr'><strong>κα</strong></span> 
     </span>
    </p>
   </div>
   <div class='ocr_carea' id='block_1_96' title="bbox 1920 4672 3520 4755">
    <p class='ocr_par' dir='ltr' id='par_1_96' title="bbox 1942 4672 3520 4736">
     <span class='ocr_line' id='line_1_96' title="bbox 1942 4672 3520 4736; baseline -0.004 -2"><span class='ocrx_word' id='word_1_743' title='bbox 1942 4691 2182 4735; x_wconf 77' lang='lat' dir='ltr'><strong>mentem</strong></span> <span class='ocrx_word' id='word_1_744' title='bbox 2236 4679 2292 4733; x_wconf 91' lang='lat' dir='ltr'><strong>in</strong></span> <span class='ocrx_word' id='word_1_745' title='bbox 2321 4694 2389 4735; x_wconf 88' lang='lat' dir='ltr'><strong>eo</strong></span> <span class='ocrx_word' id='word_1_746' title='bbox 2424 4679 2760 4736; x_wconf 80' lang='lat' dir='ltr'><strong>habitantem</strong></span> <span class='ocrx_word' id='word_1_747' title='bbox 2821 4679 3045 4735; x_wconf 88' lang='lat' dir='ltr'><strong>stultam</strong></span> <span class='ocrx_word' id='word_1_748' title='bbox 3104 4676 3376 4733; x_wconf 88' lang='lat' dir='ltr'><strong>redderet.</strong></span> <span class='ocrx_word' id='word_1_749' title='bbox 3429 4672 3520 4727; x_wconf 84' lang='lat' dir='ltr'><strong>Sic</strong></span> 
     </span>
    </p>
   </div>
   <div class='ocr_carea' id='block_1_97' title="bbox 252 4769 1816 4845">
    <p class='ocr_par' dir='ltr' id='par_1_97' title="bbox 252 4770 1816 4845">
     <span class='ocr_line' id='line_1_97' title="bbox 252 4770 1816 4845; baseline 0.005 -23"><span class='ocrx_word' id='word_1_750' title='bbox 252 4771 603 4839; x_wconf 77' lang='grc' dir='ltr'>ταμωρᾶναι.</span> <span class='ocrx_word' id='word_1_751' title='bbox 635 4770 792 4826; x_wconf 71' lang='grc' dir='ltr'>Οὕτω</span> <span class='ocrx_word' id='word_1_752' title='bbox 820 4772 930 4843; x_wconf 74' lang='grc' dir='ltr'><strong>γὰρ</strong></span> <span class='ocrx_word' id='word_1_753' title='bbox 958 4774 987 4827; x_wconf 91' lang='lat'><strong>6</strong></span> <span class='ocrx_word' id='word_1_754' title='bbox 1019 4773 1316 4845; x_wconf 75' lang='grc' dir='ltr'><strong>Προφήτης</strong></span> <span class='ocrx_word' id='word_1_755' title='bbox 1341 4775 1504 4829; x_wconf 78' lang='grc' dir='ltr'>αὑτὸν</span> <span class='ocrx_word' id='word_1_756' title='bbox 1531 4776 1816 4845; x_wconf 80' lang='grc' dir='ltr'>κατονομά·</span> 
     </span>
    </p>
   </div>
   <div class='ocr_carea' id='block_1_98' title="bbox 1920 4769 3520 4845">
    <p class='ocr_par' dir='ltr' id='par_1_98' title="bbox 1940 4769 3520 4841">
     <span class='ocr_line' id='line_1_98' title="bbox 1940 4769 3520 4841; baseline -0.006 -15"><span class='ocrx_word' id='word_1_757' title='bbox 1940 4772 2088 4827; x_wconf 89' lang='lat' dir='ltr'><strong>enim</strong></span> <span class='ocrx_word' id='word_1_758' title='bbox 2120 4770 2276 4827; x_wconf 88' lang='lat' dir='ltr'><strong>illum</strong></span> <span class='ocrx_word' id='word_1_759' title='bbox 2325 4771 2574 4836; x_wconf 80' lang='lat' dir='ltr'><strong>nominat</strong></span> <span class='ocrx_word' id='word_1_760' title='bbox 2609 4769 2882 4841; x_wconf 87' lang='lat' dir='ltr'><strong>Propheta</strong></span> <span class='ocrx_word' id='word_1_761' title='bbox 2907 4809 2923 4834; x_wconf 93' lang='lat'><strong>,</strong></span> <span class='ocrx_word' id='word_1_762' title='bbox 2970 4784 3222 4840; x_wconf 80' lang='lat' dir='ltr'><strong>magnam</strong></span> <span class='ocrx_word' id='word_1_763' title='bbox 3283 4774 3520 4820; x_wconf 88' lang='lat' dir='ltr'><strong>mentem</strong></span> 
     </span>
    </p>
   </div>
   <div class='ocr_carea' id='block_1_99' title="bbox 258 4856 1816 4938">
    <p class='ocr_par' dir='ltr' id='par_1_99' title="bbox 258 4856 1816 4938">
     <span class='ocr_line' id='line_1_99' title="bbox 258 4856 1816 4938; baseline 0.007 -28"><span class='ocrx_word' id='word_1_764' title='bbox 258 4860 350 4923; x_wconf 78' lang='grc' dir='ltr'><strong>ζει</strong></span> <span class='ocrx_word' id='word_1_765' title='bbox 370 4898 389 4920; x_wconf 83' lang='grc'><strong>.</strong></span> <span class='ocrx_word' id='word_1_766' title='bbox 419 4860 591 4930; x_wconf 72' lang='grc' dir='ltr'>μέγαν</span> <span class='ocrx_word' id='word_1_767' title='bbox 641 4856 768 4916; x_wconf 77' lang='grc' dir='ltr'>νοῦν</span> <span class='ocrx_word' id='word_1_768' title='bbox 827 4863 989 4919; x_wconf 76' lang='grc' dir='ltr'>αὑτὸν</span> <span class='ocrx_word' id='word_1_769' title='bbox 1039 4864 1328 4920; x_wconf 76' lang='grc' dir='ltr'>ἀποκαλῶν</span> <span class='ocrx_word' id='word_1_770' title='bbox 1390 4866 1484 4921; x_wconf 79' lang='grc' dir='ltr'>καὶ</span> <span class='ocrx_word' id='word_1_771' title='bbox 1540 4866 1816 4938; x_wconf 80' lang='grc' dir='ltr'>Ἀσσύριον</span> 
     </span>
    </p>
   </div>
   <div class='ocr_carea' id='block_1_100' title="bbox 1920 4856 3522 4938">
    <p class='ocr_par' dir='ltr' id='par_1_100' title="bbox 1941 4856 3522 4935">
     <span class='ocr_line' id='line_1_100' title="bbox 1941 4856 3522 4935; baseline -0.006 -18"><span class='ocrx_word' id='word_1_772' title='bbox 1941 4863 2096 4917; x_wconf 81' lang='lat' dir='ltr'><strong>illum</strong></span> <span class='ocrx_word' id='word_1_773' title='bbox 2150 4870 2205 4918; x_wconf 89' lang='lat' dir='ltr'><strong>et</strong></span> <span class='ocrx_word' id='word_1_774' title='bbox 2262 4862 2551 4935; x_wconf 83' lang='lat' dir='ltr'><strong>Assyrium</strong></span> <span class='ocrx_word' id='word_1_775' title='bbox 2585 4862 2866 4932; x_wconf 83' lang='lat' dir='ltr'><strong>appellans</strong></span> <span class='ocrx_word' id='word_1_776' title='bbox 2889 4863 2956 4914; x_wconf 80' lang='lat'><strong>“.</strong></span> <span class='ocrx_word' id='word_1_777' title='bbox 3019 4859 3294 4926; x_wconf 86' lang='lat' dir='ltr'><strong>Quoniam</strong></span> <span class='ocrx_word' id='word_1_778' title='bbox 3357 4856 3522 4925; x_wconf 82' lang='lat' dir='ltr'><strong>igitur</strong></span> 
     </span>
    </p>
   </div>
   <div class='ocr_carea' id='block_1_101' title="bbox 269 4946 1816 5029">
    <p class='ocr_par' dir='ltr' id='par_1_101' title="bbox 269 4946 1816 5026">
     <span class='ocr_line' id='line_1_101' title="bbox 269 4946 1816 5026; baseline 0.003 -24"><span class='ocrx_word' id='word_1_779' title='bbox 269 4948 431 5003; x_wconf 77' lang='grc' dir='ltr'>Ἐπεὶ</span> <span class='ocrx_word' id='word_1_780' title='bbox 473 4946 567 5005; x_wconf 77' lang='grc' dir='ltr'>οὖν</span> <span class='ocrx_word' id='word_1_781' title='bbox 599 4950 752 5005; x_wconf 71' lang='grc' dir='ltr'>ἑστία</span> <span class='ocrx_word' id='word_1_782' title='bbox 776 4951 860 5016; x_wconf 90' lang='grc' dir='ltr'><strong>τίς</strong></span> <span class='ocrx_word' id='word_1_783' title='bbox 889 4954 1008 5007; x_wconf 77' lang='grc' dir='ltr'>ἐστι</span> <span class='ocrx_word' id='word_1_784' title='bbox 1028 4952 1124 5008; x_wconf 81' lang='grc' dir='ltr'>τοῦ</span> <span class='ocrx_word' id='word_1_785' title='bbox 1162 4953 1254 5007; x_wconf 84' lang='grc' dir='ltr'>νοῦ</span> <span class='ocrx_word' id='word_1_786' title='bbox 1278 4956 1311 5026; x_wconf 82' lang='grc' dir='ltr'>ἡ</span> <span class='ocrx_word' id='word_1_787' title='bbox 1344 4955 1539 5026; x_wconf 86' lang='grc' dir='ltr'>καρδία</span> <span class='ocrx_word' id='word_1_788' title='bbox 1557 4954 1646 5026; x_wconf 82' lang='grc' dir='ltr'><strong>(ὲν</strong></span> <span class='ocrx_word' id='word_1_789' title='bbox 1671 4955 1816 5010; x_wconf 68' lang='grc' dir='ltr'>ταύττ</span> 
     </span>
    </p>
   </div>
   <div class='ocr_carea' id='block_1_102' title="bbox 1920 4946 3522 5029">
    <p class='ocr_par' dir='ltr' id='par_1_102' title="bbox 1941 4947 3522 5026">
     <span class='ocr_line' id='line_1_102' title="bbox 1941 4947 3522 5026; baseline -0.007 -15"><span class='ocrx_word' id='word_1_790' title='bbox 1941 4954 2281 5011; x_wconf 88' lang='lat' dir='ltr'><strong>domicilium</strong></span> <span class='ocrx_word' id='word_1_791' title='bbox 2339 4954 2618 5026; x_wconf 82' lang='lat' dir='ltr'><strong>quoddam</strong></span> <span class='ocrx_word' id='word_1_792' title='bbox 2654 4955 2855 5009; x_wconf 90' lang='lat' dir='ltr'><strong>mentis</strong></span> <span class='ocrx_word' id='word_1_793' title='bbox 2883 4961 2967 5008; x_wconf 91' lang='lat' dir='ltr'><strong>est</strong></span> <span class='ocrx_word' id='word_1_794' title='bbox 3002 4966 3137 5017; x_wconf 80' lang='lat' dir='ltr'><strong>cor;</strong></span> <span class='ocrx_word' id='word_1_795' title='bbox 3175 4951 3228 5005; x_wconf 91' lang='lat' dir='ltr'><strong>in</strong></span> <span class='ocrx_word' id='word_1_796' title='bbox 3265 4963 3334 5003; x_wconf 90' lang='lat' dir='ltr'><strong>eo</strong></span> <span class='ocrx_word' id='word_1_797' title='bbox 3376 4947 3522 5004; x_wconf 88' lang='lat' dir='ltr'><strong>enim</strong></span> 
     </span>
    </p>
   </div>
   <div class='ocr_carea' id='block_1_103' title="bbox 252 5040 1816 5121">
    <p class='ocr_par' dir='ltr' id='par_1_103' title="bbox 252 5040 1816 5118">
     <span class='ocr_line' id='line_1_103' title="bbox 252 5040 1816 5118; baseline 0.004 -22"><span class='ocrx_word' id='word_1_798' title='bbox 252 5041 378 5112; x_wconf 73' lang='grc' dir='ltr'><strong>γὰρ</strong></span> <span class='ocrx_word' id='word_1_799' title='bbox 403 5040 466 5096; x_wconf 73' lang='grc' dir='ltr'>τὸ</span> <span class='ocrx_word' id='word_1_800' title='bbox 492 5044 823 5115; x_wconf 76' lang='grc' dir='ltr'>ἡγεμονικὸν</span> <span class='ocrx_word' id='word_1_801' title='bbox 849 5041 991 5099; x_wconf 81' lang='grc' dir='ltr'>εἶναι</span> <span class='ocrx_word' id='word_1_802' title='bbox 1023 5046 1385 5116; x_wconf 82' lang='grc' dir='ltr'>πιστεύεται),</span> <span class='ocrx_word' id='word_1_803' title='bbox 1407 5047 1495 5102; x_wconf 77' lang='grc' dir='ltr'>διὰ</span> <span class='ocrx_word' id='word_1_804' title='bbox 1517 5048 1673 5102; x_wconf 77' lang='grc' dir='ltr'>τοῦτο</span> <span class='ocrx_word' id='word_1_805' title='bbox 1704 5048 1816 5118; x_wconf 87' lang='grc' dir='ltr'>γίνε</span> 
     </span>
    </p>
   </div>
   <div class='ocr_carea' id='block_1_104' title="bbox 1920 5040 3524 5121">
    <p class='ocr_par' dir='ltr' id='par_1_104' title="bbox 1945 5042 3524 5121">
     <span class='ocr_line' id='line_1_104' title="bbox 1945 5042 3524 5121; baseline -0.006 -16"><span class='ocrx_word' id='word_1_806' title='bbox 1945 5049 2300 5121; x_wconf 83' lang='lat' dir='ltr'><strong>principatus</strong></span> <span class='ocrx_word' id='word_1_807' title='bbox 2345 5049 2521 5105; x_wconf 88' lang='lat' dir='ltr'><strong>animi</strong></span> <span class='ocrx_word' id='word_1_808' title='bbox 2560 5064 2685 5105; x_wconf 88' lang='lat' dir='ltr'><strong>esse</strong></span> <span class='ocrx_word' id='word_1_809' title='bbox 2708 5047 2951 5102; x_wconf 87' lang='lat' dir='ltr'><strong>creditur</strong></span> <span class='ocrx_word' id='word_1_810' title='bbox 2983 5064 2996 5099; x_wconf 89' lang='lat'>:</span> <span class='ocrx_word' id='word_1_811' title='bbox 3029 5044 3237 5099; x_wconf 86' lang='lat' dir='ltr'><strong>idcirco</strong></span> <span class='ocrx_word' id='word_1_812' title='bbox 3262 5042 3524 5095; x_wconf 89' lang='lat' dir='ltr'><strong>Dominus</strong></span> 
     </span>
    </p>
   </div>
   <div class='ocr_carea' id='block_1_105' title="bbox 249 5132 1816 5212">
    <p class='ocr_par' dir='ltr' id='par_1_105' title="bbox 249 5135 1813 5212">
     <span class='ocr_line' id='line_1_105' title="bbox 249 5135 1813 5212; baseline 0.003 -21"><span class='ocrx_word' id='word_1_813' title='bbox 249 5135 524 5208; x_wconf 70' lang='grc' dir='ltr'>ταιὶντῇ</span> <span class='ocrx_word' id='word_1_814' title='bbox 556 5136 757 5209; x_wconf 75' lang='grc' dir='ltr'>καρδία</span> <span class='ocrx_word' id='word_1_815' title='bbox 792 5138 893 5209; x_wconf 84' lang='grc' dir='ltr'>τῆς</span> <span class='ocrx_word' id='word_1_816' title='bbox 946 5138 1051 5210; x_wconf 81' lang='grc' dir='ltr'><strong>γῆς</strong></span> <span class='ocrx_word' id='word_1_817' title='bbox 1091 5140 1123 5193; x_wconf 89' lang='lat'><strong>6</strong></span> <span class='ocrx_word' id='word_1_818' title='bbox 1174 5138 1398 5211; x_wconf 82' lang='grc' dir='ltr'>Κύριος,</span> <span class='ocrx_word' id='word_1_819' title='bbox 1439 5140 1561 5212; x_wconf 72' lang='grc' dir='ltr'>ητις</span> <span class='ocrx_word' id='word_1_820' title='bbox 1587 5141 1706 5195; x_wconf 72' lang='grc' dir='ltr'>ἐστὶ</span> <span class='ocrx_word' id='word_1_821' title='bbox 1753 5158 1813 5197; x_wconf 87' lang='grc' dir='ltr'><strong>το</strong></span> 
     </span>
    </p>
   </div>
   <div class='ocr_carea' id='block_1_106' title="bbox 1920 5132 3523 5212">
    <p class='ocr_par' dir='ltr' id='par_1_106' title="bbox 1947 5132 3523 5204">
     <span class='ocr_line' id='line_1_106' title="bbox 1947 5132 3523 5204; baseline -0.008 -8"><span class='ocrx_word' id='word_1_822' title='bbox 1947 5149 2133 5198; x_wconf 88' lang='lat' dir='ltr'><strong>manet</strong></span> <span class='ocrx_word' id='word_1_823' title='bbox 2160 5142 2215 5196; x_wconf 90' lang='lat' dir='ltr'><strong>in</strong></span> <span class='ocrx_word' id='word_1_824' title='bbox 2245 5142 2411 5197; x_wconf 89' lang='lat' dir='ltr'><strong>corde</strong></span> <span class='ocrx_word' id='word_1_825' title='bbox 2438 5150 2635 5204; x_wconf 59' lang='lat' dir='ltr'><strong>terra),</strong></span> <span class='ocrx_word' id='word_1_826' title='bbox 2676 5139 2770 5195; x_wconf 91' lang='lat' dir='ltr'><strong>ubi</strong></span> <span class='ocrx_word' id='word_1_827' title='bbox 2803 5145 2893 5193; x_wconf 84' lang='lat' dir='ltr'><strong>est</strong></span> <span class='ocrx_word' id='word_1_828' title='bbox 2915 5136 3116 5192; x_wconf 87' lang='lat' dir='ltr'><strong>mentis</strong></span> <span class='ocrx_word' id='word_1_829' title='bbox 3164 5134 3314 5189; x_wconf 90' lang='lat' dir='ltr'><strong>illius</strong></span> <span class='ocrx_word' id='word_1_830' title='bbox 3358 5132 3523 5187; x_wconf 71' lang='lat' dir='ltr'><strong>cmle~</strong></span> 
     </span>
    </p>
   </div>
   <div class='ocr_carea' id='block_1_107' title="bbox 256 5222 1816 5310">
    <p class='ocr_par' dir='ltr' id='par_1_107' title="bbox 256 5225 1816 5306">
     <span class='ocr_line' id='line_1_107' title="bbox 256 5225 1816 5306; baseline 0.003 -24"><span class='ocrx_word' id='word_1_831' title='bbox 256 5225 359 5282; x_wconf 77' lang='grc' dir='ltr'>νοῦ</span> <span class='ocrx_word' id='word_1_832' title='bbox 422 5228 632 5283; x_wconf 72' lang='grc' dir='ltr'>ἐκείνου</span> <span class='ocrx_word' id='word_1_833' title='bbox 671 5230 924 5302; x_wconf 76' lang='grc' dir='ltr'>οὐράνιον</span> <span class='ocrx_word' id='word_1_834' title='bbox 958 5231 1275 5303; x_wconf 70' lang='grc' dir='ltr'>ἐνδιαίτημα</span> <span class='ocrx_word' id='word_1_835' title='bbox 1296 5248 1312 5263; x_wconf 74' lang='grc'><strong><em>⁸</em></strong></span> <span class='ocrx_word' id='word_1_836' title='bbox 1350 5232 1491 5287; x_wconf 82' lang='grc' dir='ltr'>ὥστε</span> <span class='ocrx_word' id='word_1_837' title='bbox 1525 5234 1624 5305; x_wconf 83' lang='grc' dir='ltr'><strong>τὴν</strong></span> <span class='ocrx_word' id='word_1_838' title='bbox 1659 5233 1816 5306; x_wconf 82' lang='grc' dir='ltr'>βουλὴ</span> 
     </span>
    </p>
   </div>
   <div class='ocr_carea' id='block_1_108' title="bbox 1920 5222 3524 5310">
    <p class='ocr_par' dir='ltr' id='par_1_108' title="bbox 1949 5222 3524 5310">
     <span class='ocr_line' id='line_1_108' title="bbox 1949 5222 3524 5310; baseline -0.01 -21"><span class='ocrx_word' id='word_1_839' title='bbox 1949 5241 2035 5289; x_wconf 86' lang='lat' dir='ltr'><strong>ste</strong></span> <span class='ocrx_word' id='word_1_840' title='bbox 2055 5232 2423 5297; x_wconf 88' lang='lat' dir='ltr'><strong>domicilium,</strong></span> <span class='ocrx_word' id='word_1_841' title='bbox 2461 5240 2521 5289; x_wconf 90' lang='lat' dir='ltr'><strong>ut</strong></span> <span class='ocrx_word' id='word_1_842' title='bbox 2556 5232 2853 5289; x_wconf 83' lang='lat' dir='ltr'><strong>consilium</strong></span> <span class='ocrx_word' id='word_1_843' title='bbox 2887 5228 3011 5297; x_wconf 85' lang='lat' dir='ltr'><strong>ejus</strong></span> <span class='ocrx_word' id='word_1_844' title='bbox 3043 5227 3276 5310; x_wconf 82' lang='lat' dir='ltr'><strong>stultum</strong></span> <span class='ocrx_word' id='word_1_845' title='bbox 3308 5222 3524 5284; x_wconf 87' lang='lat' dir='ltr'><strong>reddat,</strong></span> 
     </span>
    </p>
   </div>
   <div class='ocr_carea' id='block_1_109' title="bbox 256 5315 1816 5398">
    <p class='ocr_par' dir='ltr' id='par_1_109' title="bbox 256 5315 1816 5398">
     <span class='ocr_line' id='line_1_109' title="bbox 256 5315 1816 5398; baseline 0.004 -25"><span class='ocrx_word' id='word_1_846' title='bbox 256 5315 436 5373; x_wconf 69' lang='grc' dir='ltr'>αὐτοῦ</span> <span class='ocrx_word' id='word_1_847' title='bbox 462 5320 733 5391; x_wconf 78' lang='grc' dir='ltr'>μωρᾶναι,</span> <span class='ocrx_word' id='word_1_848' title='bbox 757 5320 940 5385; x_wconf 83' lang='grc' dir='ltr'>καθὼς</span> <span class='ocrx_word' id='word_1_849' title='bbox 972 5322 1314 5395; x_wconf 83' lang='grc' dir='ltr'>όΠροφήτης</span> <span class='ocrx_word' id='word_1_850' title='bbox 1345 5325 1498 5394; x_wconf 75' lang='grc' dir='ltr'>φησι,</span> <span class='ocrx_word' id='word_1_851' title='bbox 1531 5326 1628 5378; x_wconf 64' lang='grc' dir='ltr'><strong>καὶ</strong></span> <span class='ocrx_word' id='word_1_852' title='bbox 1650 5323 1816 5398; x_wconf 81' lang='grc' dir='ltr'>δράξα</span> 
     </span>
    </p>
   </div>
   <div class='ocr_carea' id='block_1_110' title="bbox 1920 5315 3526 5398">
    <p class='ocr_par' dir='ltr' id='par_1_110' title="bbox 1952 5315 3526 5395">
     <span class='ocr_line' id='line_1_110' title="bbox 1952 5315 3526 5395; baseline -0.008 -15"><span class='ocrx_word' id='word_1_853' title='bbox 1952 5332 2012 5380; x_wconf 92' lang='lat' dir='ltr'><strong>ut</strong></span> <span class='ocrx_word' id='word_1_854' title='bbox 2069 5324 2147 5379; x_wconf 90' lang='lat' dir='ltr'><strong>ait</strong></span> <span class='ocrx_word' id='word_1_855' title='bbox 2214 5326 2529 5395; x_wconf 86' lang='lat' dir='ltr'><strong>prOpbeta,</strong></span> <span class='ocrx_word' id='word_1_856' title='bbox 2587 5335 2641 5380; x_wconf 90' lang='lat' dir='ltr'><strong>et</strong></span> <span class='ocrx_word' id='word_1_857' title='bbox 2689 5320 3067 5394; x_wconf 84' lang='lat' dir='ltr'><strong>apprehendat</strong></span> <span class='ocrx_word' id='word_1_858' title='bbox 3130 5317 3408 5387; x_wconf 87' lang='lat' dir='ltr'><strong>sapientes</strong></span> <span class='ocrx_word' id='word_1_859' title='bbox 3472 5315 3526 5369; x_wconf 91' lang='lat' dir='ltr'><strong>in</strong></span> 
     </span>
    </p>
   </div>
   <div class='ocr_carea' id='block_1_111' title="bbox 261 5406 1816 5489">
    <p class='ocr_par' dir='ltr' id='par_1_111' title="bbox 261 5407 1816 5489">
     <span class='ocr_line' id='line_1_111' title="bbox 261 5407 1816 5489; baseline 0.005 -26"><span class='ocrx_word' id='word_1_860' title='bbox 261 5407 393 5463; x_wconf 76' lang='grc' dir='ltr'>σθαι</span> <span class='ocrx_word' id='word_1_861' title='bbox 422 5407 517 5461; x_wconf 76' lang='grc' dir='ltr'>τὸν</span> <span class='ocrx_word' id='word_1_862' title='bbox 541 5409 703 5480; x_wconf 71' lang='grc' dir='ltr'>σοφὸν</span> <span class='ocrx_word' id='word_1_863' title='bbox 733 5412 792 5464; x_wconf 71' lang='grc' dir='ltr'>ὲν</span> <span class='ocrx_word' id='word_1_864' title='bbox 819 5413 888 5481; x_wconf 78' lang='grc' dir='ltr'>τῇ</span> <span class='ocrx_word' id='word_1_865' title='bbox 942 5413 1249 5486; x_wconf 74' lang='grc' dir='ltr'>πανουργία</span> <span class='ocrx_word' id='word_1_866' title='bbox 1270 5413 1435 5468; x_wconf 82' lang='grc' dir='ltr'>αὑτοῦ</span> <span class='ocrx_word' id='word_1_867' title='bbox 1466 5416 1559 5469; x_wconf 76' lang='grc' dir='ltr'><strong>καὶ</strong></span> <span class='ocrx_word' id='word_1_868' title='bbox 1598 5416 1816 5489; x_wconf 68' lang='grc' dir='ltr'>περιτρέ</span> 
     </span>
    </p>
   </div>
   <div class='ocr_carea' id='block_1_112' title="bbox 1920 5406 3527 5489">
    <p class='ocr_par' dir='ltr' id='par_1_112' title="bbox 1956 5406 3527 5486">
     <span class='ocr_line' id='line_1_112' title="bbox 1956 5406 3527 5486; baseline -0.007 -16"><span class='ocrx_word' id='word_1_869' title='bbox 1956 5418 2159 5472; x_wconf 85' lang='lat' dir='ltr'><strong>astutia</strong></span> <span class='ocrx_word' id='word_1_870' title='bbox 2206 5432 2399 5473; x_wconf 87' lang='lat' dir='ltr'><strong>eorum</strong></span> <span class='ocrx_word' id='word_1_871' title='bbox 2423 5417 2504 5486; x_wconf 77' lang='lat'><strong>“,</strong></span> <span class='ocrx_word' id='word_1_872' title='bbox 2539 5423 2595 5473; x_wconf 88' lang='lat' dir='ltr'><strong>et</strong></span> <span class='ocrx_word' id='word_1_873' title='bbox 2632 5416 2908 5485; x_wconf 85' lang='lat' dir='ltr'><strong>sapientes</strong></span> <span class='ocrx_word' id='word_1_874' title='bbox 2935 5413 3181 5482; x_wconf 84' lang='lat' dir='ltr'><strong>ipsorum</strong></span> <span class='ocrx_word' id='word_1_875' title='bbox 3214 5415 3444 5463; x_wconf 87' lang='lat' dir='ltr'><strong>conatus</strong></span> <span class='ocrx_word' id='word_1_876' title='bbox 3472 5406 3527 5459; x_wconf 86' lang='lat' dir='ltr'><strong>in</strong></span> 
     </span>
    </p>
   </div>
   <div class='ocr_carea' id='block_1_113' title="bbox 261 5498 1816 5580">
    <p class='ocr_par' dir='ltr' id='par_1_113' title="bbox 261 5498 1816 5580">
     <span class='ocr_line' id='line_1_113' title="bbox 261 5498 1816 5580; baseline 0.006 -27"><span class='ocrx_word' id='word_1_877' title='bbox 261 5499 362 5569; x_wconf 65' lang='grc' dir='ltr'>ιῖοαι</span> <span class='ocrx_word' id='word_1_878' title='bbox 407 5498 561 5570; x_wconf 80' lang='grc' dir='ltr'>αύτῷ</span> <span class='ocrx_word' id='word_1_879' title='bbox 613 5500 752 5573; x_wconf 69' lang='grc' dir='ltr'>πρὶς</span> <span class='ocrx_word' id='word_1_880' title='bbox 788 5503 850 5556; x_wconf 75' lang='grc' dir='ltr'>τὸ</span> <span class='ocrx_word' id='word_1_881' title='bbox 876 5503 1119 5559; x_wconf 77' lang='grc' dir='ltr'>ἐναντίον</span> <span class='ocrx_word' id='word_1_882' title='bbox 1158 5505 1228 5560; x_wconf 80' lang='grc' dir='ltr'>τὰ</span> <span class='ocrx_word' id='word_1_883' title='bbox 1271 5506 1411 5577; x_wconf 78' lang='grc' dir='ltr'>σοφὰ</span> <span class='ocrx_word' id='word_1_884' title='bbox 1452 5508 1816 5580; x_wconf 74' lang='grc' dir='ltr'>ἑγχειρήματσ</span> 
     </span>
    </p>
   </div>
   <div class='ocr_carea' id='block_1_114' title="bbox 1920 5498 3528 5580">
    <p class='ocr_par' dir='ltr' id='par_1_114' title="bbox 1957 5504 3528 5575">
     <span class='ocr_line' id='line_1_114' title="bbox 1957 5504 3528 5575; baseline -0.006 -12"><span class='ocrx_word' id='word_1_885' title='bbox 1957 5508 2297 5563; x_wconf 84' lang='lat' dir='ltr'><strong>contrarium</strong></span> <span class='ocrx_word' id='word_1_886' title='bbox 2346 5515 2547 5565; x_wconf 87' lang='lat' dir='ltr'><strong>vertat.</strong></span> <span class='ocrx_word' id='word_1_887' title='bbox 2576 5506 2714 5561; x_wconf 78' lang='lat' dir='ltr'><strong>Nam</strong></span> <span class='ocrx_word' id='word_1_888' title='bbox 2750 5504 2880 5575; x_wconf 86' lang='lat' dir='ltr'><strong>quia</strong></span> <span class='ocrx_word' id='word_1_889' title='bbox 2912 5504 3028 5558; x_wconf 82' lang='lat' dir='ltr'><strong>ﬁeri</strong></span> <span class='ocrx_word' id='word_1_890' title='bbox 3059 5516 3170 5556; x_wconf 87' lang='lat' dir='ltr'><strong>non</strong></span> <span class='ocrx_word' id='word_1_891' title='bbox 3215 5506 3430 5570; x_wconf 88' lang='lat' dir='ltr'><strong>poterat</strong></span> <span class='ocrx_word' id='word_1_892' title='bbox 3470 5504 3528 5553; x_wconf 90' lang='lat' dir='ltr'><strong>ut</strong></span> 
     </span>
    </p>
   </div>
   <div class='ocr_carea' id='block_1_115' title="bbox 280 5588 1816 5675">
    <p class='ocr_par' dir='ltr' id='par_1_115' title="bbox 280 5588 1816 5669">
     <span class='ocr_line' id='line_1_115' title="bbox 280 5588 1816 5669; baseline 0.005 -24"><span class='ocrx_word' id='word_1_893' title='bbox 280 5589 505 5661; x_wconf 77' lang='grc' dir='ltr'>Ἐπειδὴ</span> <span class='ocrx_word' id='word_1_894' title='bbox 535 5590 643 5663; x_wconf 77' lang='grc' dir='ltr'><strong>γὰρ</strong></span> <span class='ocrx_word' id='word_1_895' title='bbox 684 5592 977 5666; x_wconf 78' lang='grc' dir='ltr'>ἀμήχανον.</span> <span class='ocrx_word' id='word_1_896' title='bbox 994 5588 1062 5665; x_wconf 79' lang='grc' dir='ltr'>ἦν</span> <span class='ocrx_word' id='word_1_897' title='bbox 1088 5594 1179 5651; x_wconf 82' lang='grc' dir='ltr'>τὸν</span> <span class='ocrx_word' id='word_1_898' title='bbox 1213 5597 1447 5669; x_wconf 83' lang='grc' dir='ltr'>ἄρχοντα</span> <span class='ocrx_word' id='word_1_899' title='bbox 1492 5598 1587 5654; x_wconf 82' lang='grc' dir='ltr'><strong>τοῦ</strong></span> <span class='ocrx_word' id='word_1_900' title='bbox 1625 5600 1816 5658; x_wconf 86' lang='grc' dir='ltr'>σκότου</span> 
     </span>
    </p>
   </div>
   <div class='ocr_carea' id='block_1_116' title="bbox 1920 5588 3521 5675">
    <p class='ocr_par' dir='ltr' id='par_1_116' title="bbox 1958 5591 3521 5675">
     <span class='ocr_line' id='line_1_116' title="bbox 1958 5591 3521 5675; baseline -0.01 -17"><span class='ocrx_word' id='word_1_901' title='bbox 1958 5603 2215 5675; x_wconf 87' lang='lat' dir='ltr'><strong>princeps</strong></span> <span class='ocrx_word' id='word_1_902' title='bbox 2265 5602 2614 5657; x_wconf 84' lang='lat' dir='ltr'><strong>tenebrarum</strong></span> <span class='ocrx_word' id='word_1_903' title='bbox 2685 5612 2890 5653; x_wconf 82' lang='lat' dir='ltr'><strong>meram</strong></span> <span class='ocrx_word' id='word_1_904' title='bbox 2964 5595 3105 5649; x_wconf 81' lang='lat' dir='ltr'><strong>lueis</strong></span> <span class='ocrx_word' id='word_1_905' title='bbox 3170 5591 3521 5661; x_wconf 57' lang='lat' dir='ltr'><strong>praesentiam</strong></span> 
     </span>
    </p>
   </div>
   <div class='ocr_carea' id='block_1_117' title="bbox 341 5700 1816 5777">
    <p class='ocr_par' dir='ltr' id='par_1_117' title="bbox 341 5700 1816 5777">
     <span class='ocr_line' id='line_1_117' title="bbox 341 5700 1816 5777; baseline 0.001 -20"><span class='ocrx_word' id='word_1_906' title='bbox 341 5703 382 5777; x_wconf 64' lang='grc' dir='ltr'><strong>ξ’</strong></span> <span class='ocrx_word' id='word_1_907' title='bbox 414 5700 586 5759; x_wconf 80' lang='lat' dir='ltr'><strong>Zach.</strong></span> <span class='ocrx_word' id='word_1_908' title='bbox 607 5720 718 5767; x_wconf 75' lang='lat' dir='ltr'><strong>xw.</strong></span> <span class='ocrx_word' id='word_1_909' title='bbox 743 5706 798 5763; x_wconf 90' lang='grc'>7.</span> <span class='ocrx_word' id='word_1_910' title='bbox 854 5706 929 5777; x_wconf 49' lang='grc' dir='ltr'><strong>Ἓξ</strong></span> <span class='ocrx_word' id='word_1_911' title='bbox 951 5704 1088 5762; x_wconf 85' lang='lat' dir='ltr'><strong>Gen.</strong></span> <span class='ocrx_word' id='word_1_912' title='bbox 1125 5723 1164 5770; x_wconf 81' lang='grc' dir='ltr'>ι,</span> <span class='ocrx_word' id='word_1_913' title='bbox 1199 5710 1252 5765; x_wconf 76' lang='lat'><strong>3.</strong></span> <span class='ocrx_word' id='word_1_914' title='bbox 1332 5713 1375 5745; x_wconf 76' lang='grc' dir='ltr'><strong><em>η</em></strong></span> <span class='ocrx_word' id='word_1_915' title='bbox 1399 5712 1541 5770; x_wconf 76' lang='lat' dir='ltr'><strong>Psal.</strong></span> <span class='ocrx_word' id='word_1_916' title='bbox 1575 5727 1743 5777; x_wconf 71' lang='grc' dir='ltr'>εχνιι,</span> <span class='ocrx_word' id='word_1_917' title='bbox 1774 5713 1816 5767; x_wconf 69' lang='grc'>2.</span> 
     </span>
    </p>
   </div>
   <div class='ocr_carea' id='block_1_118' title="bbox 1920 5700 3525 5777">
    <p class='ocr_par' dir='ltr' id='par_1_118' title="bbox 1964 5702 3525 5777">
     <span class='ocr_line' id='line_1_118' title="bbox 1964 5702 3525 5777; baseline -0.01 -8"><span class='ocrx_word' id='word_1_918' title='bbox 1964 5715 2009 5747; x_wconf 76' lang='grc'><strong>⁸⁸</strong></span> <span class='ocrx_word' id='word_1_919' title='bbox 2041 5713 2297 5777; x_wconf 80' lang='lat' dir='ltr'><strong>Isa.uv,</strong></span> <span class='ocrx_word' id='word_1_920' title='bbox 2324 5713 2412 5768; x_wconf 79' lang='grc'><strong>17.</strong></span> <span class='ocrx_word' id='word_1_921' title='bbox 2508 5715 2549 5746; x_wconf 82' lang='grc'>¹¹</span> <span class='ocrx_word' id='word_1_922' title='bbox 2595 5711 2698 5767; x_wconf 88' lang='lat' dir='ltr'><strong>Isa.</strong></span> <span class='ocrx_word' id='word_1_923' title='bbox 2733 5726 2841 5776; x_wconf 79' lang='lat' dir='ltr'><strong>ut,</strong></span> <span class='ocrx_word' id='word_1_924' title='bbox 2904 5709 2988 5763; x_wconf 86' lang='lat' dir='ltr'><strong>ll.</strong></span> <span class='ocrx_word' id='word_1_925' title='bbox 3083 5708 3128 5738; x_wconf 80' lang='lat'>&quot;</span> <span class='ocrx_word' id='word_1_926' title='bbox 3166 5705 3270 5760; x_wconf 88' lang='lat' dir='ltr'><strong>Isa.</strong></span> <span class='ocrx_word' id='word_1_927' title='bbox 3332 5718 3385 5770; x_wconf 69' lang='grc' dir='ltr'>κ,</span> <span class='ocrx_word' id='word_1_928' title='bbox 3422 5702 3525 5771; x_wconf 72' lang='lat'><strong>12;</strong></span> 
     </span>
    </p>
   </div>
   <div class='ocr_carea' id='block_1_119' title="bbox 2508 5709 2988 5776">
    <p class='ocr_par' dir='ltr' id='par_1_119' title="bbox 2508 5709 2988 5776">
     <span class='ocr_line' id='line_1_119' title="bbox 2508 5709 2988 5776; baseline -0.006 -11"><span class='ocrx_word' id='word_1_929' title='bbox 2508 5715 2549 5746; x_wconf 84' lang='grc'><strong>¹¹</strong></span> <span class='ocrx_word' id='word_1_930' title='bbox 2595 5711 2698 5767; x_wconf 88' lang='lat' dir='ltr'><strong>Isa.</strong></span> <span class='ocrx_word' id='word_1_931' title='bbox 2733 5726 2841 5776; x_wconf 79' lang='lat' dir='ltr'><strong>ut,</strong></span> <span class='ocrx_word' id='word_1_932' title='bbox 2904 5709 2988 5763; x_wconf 82' lang='lat' dir='ltr'><strong>ll.</strong></span> 
     </span>
    </p>
   </div>
   <div class='ocr_carea' id='block_1_120' title="bbox 276 5772 1207 5845">
    <p class='ocr_par' dir='ltr' id='par_1_120' title="bbox 276 5772 1207 5845">
     <span class='ocr_line' id='line_1_120' title="bbox 276 5772 1207 5845; baseline 0.002 -14"><span class='ocrx_word' id='word_1_933' title='bbox 276 5772 447 5831; x_wconf 70' lang='lat' dir='ltr'><strong>&quot;Isa.</strong></span> <span class='ocrx_word' id='word_1_934' title='bbox 483 5777 744 5842; x_wconf 65' lang='lat'><strong>“13,14.</strong></span> <span class='ocrx_word' id='word_1_935' title='bbox 822 5776 870 5809; x_wconf 75' lang='grc'><strong>’⁸</strong></span> <span class='ocrx_word' id='word_1_936' title='bbox 901 5775 1008 5835; x_wconf 82' lang='lat' dir='ltr'><strong>Job</strong></span> <span class='ocrx_word' id='word_1_937' title='bbox 1040 5794 1090 5845; x_wconf 76' lang='grc' dir='ltr'><strong>ν,</strong></span> <span class='ocrx_word' id='word_1_938' title='bbox 1121 5778 1207 5835; x_wconf 76' lang='lat' dir='ltr'><strong>i5.</strong></span> 
     </span>
    </p>
   </div>
   <div class='ocr_carea' id='block_1_121' title="bbox 1964 5713 2412 5781">
    <p class='ocr_par' dir='ltr' id='par_1_121' title="bbox 1964 5713 2412 5781">
     <span class='ocr_line' id='line_1_121' title="bbox 1964 5713 2412 5781; baseline -0.002 -13"><span class='ocrx_word' id='word_1_939' title='bbox 1964 5715 2009 5747; x_wconf 75' lang='grc'><strong>⁸⁸</strong></span> <span class='ocrx_word' id='word_1_940' title='bbox 2041 5713 2145 5771; x_wconf 86' lang='lat' dir='ltr'><strong>Isa.</strong></span> <span class='ocrx_word' id='word_1_941' title='bbox 2171 5730 2297 5781; x_wconf 79' lang='lat' dir='ltr'><strong>uv,</strong></span> <span class='ocrx_word' id='word_1_942' title='bbox 2324 5713 2412 5768; x_wconf 79' lang='grc'><strong>17.</strong></span> 
     </span>
    </p>
   </div>
  </div>
