3930 6210
401 358 506 416 ὓθἹ

1627 360 1684 414 S.
1723 355 2050 413 GllEGORll
2092 357 2388 414 NYSSENI‘

3541 349 3681 407 608

401 473 727 545 attingeret,
774 475 881 532 nisl
935 485 1148 548 partem
1197 481 1436 552 aliquam
1495 478 1682 535 carnis
1734 479 1788 533 in
1855 477 1972 547 ipsa

2082 476 2299 547 ἀκράτῳ
2320 472 2616 546 προσμίξαι
2650 477 2715 546 τῇ
2749 472 2841 527 τοῦ
2867 470 3042 542 φωτὸς
3069 469 3358 542 παρουσίᾳ,
3393 469 3461 538 μὴ
3506 485 3680 537 σαρ-

399 567 816 635 conspexisset,
871 568 1109 636 idcirco,
1145 578 1502 641 posteaquam
1553 570 1794 624 divinam
1850 583 1975 622 car-

402 669 525 708 nem
559 655 730 722 vidit,
778 664 834 711 et
867 673 955 713 res
999 659 1353 716 admirandas
1404 677 1523 730 qua:
1558 676 1654 730 per
1704 661 1876 730 ipsam
1944 674 1974 714 a

401 746 686 802 divinitate
721 743 1130 816 elIiciebantur,
1173 752 1402 822 aspexit,
1438 752 1710 821 speravit,
1767 767 1826 806 se
1850 790 1864 814 ,
1923 750 1968 805 si

404 845 580 891 morte
621 853 842 894 carnem
872 840 1174 906 ali‘ecisset,
1211 858 1426 897 omnem
1467 843 1632 898 etiam
1670 843 1926 897 virtutem
1951 881 1966 906 ,

401 945 525 998 qua:
556 929 610 982 in
659 930 774 999 ipsa
825 941 983 999 erat,
1016 941 1424 1002 superaturum.
1461 933 1649 1001 Itaque
1711 933 1840 987 dum
1889 933 1976 987 in-

355 1063 361 1070 .
404 1021 561 1076 hians
583 1021 649 1075 ad
707 1025 892 1078 carnis
939 1039 1120 1078 escam
1159 1026 1406 1094 aspirat,
1455 1024 1760 1079 divinitatis
1809 1024 1974 1078 hamo

355 1109 358 1113 '
403 1114 702 1170 transﬁxus
730 1126 848 1181 est,
886 1126 1048 1186 atque
1075 1117 1147 1170 ita
1172 1116 1340 1170 draco
1392 1129 1490 1185 per
1517 1116 1739 1169 hamum
1775 1115 1974 1172 ductus

369 1212 514 1276 “est,
541 1213 600 1258 ut
622 1207 692 1259 ait
725 1204 858 1270 Job,
901 1208 993 1275 qui
1030 1223 1125 1276 per
1170 1222 1258 1269 se,
1314 1206 1459 1276 quod
1519 1206 1762 1260 futurum
1821 1217 1974 1274 erat,

407 1251 514 1266 ἠν
545 1251 600 1258 *ν
622 1251 691 1259 ἠ·
726 1251 858 1270 -ν-νν
903 1251 993 1275 “ι“··
1030 1251 1114 1276 ι’ν·
1170 1251 1258 1269 "vi
1315 1251 1459 1276 ἰ’-ν’·
1519 1251 1762 1260 ···““’““··
1823 1251 1972 1274 Vn"!

371 1251 813 1362 iprzenuntians,
855 1297 1069 1360 ﬂama,
1127 1297 1339 1367 inquit,
1399 1296 1680 1352 draconem
1723 1298 1879 1352 duces
1903 1298 1972 1352 ".

405 1382 706 1439 Audiamus
735 1393 912 1440 autem
942 1402 972 1440 a
1023 1387 1284 1456 propheta
1308 1427 1323 1453 ,
1361 1403 1611 1458 quaenam
1662 1399 1820 1444 erant
1869 1404 1934 1445 ea
1957 1429 1972 1454 ,

404 1489 524 1543 quae
557 1489 654 1528 cor
708 1475 854 1531 istud
890 1485 1053 1532 terrae
1105 1478 1370 1535 adversus
1433 1481 1750 1536 universum
1801 1481 1976 1536 inibat

405 1563 671 1628 consilia,
735 1579 860 1618 cum
915 1565 1178 1622 adversus
1231 1566 1446 1621 Domini
1493 1583 1716 1622 carnem
1789 1567 1974 1622 fauces

403 1655 640 1721 aperuit.
684 1652 825 1719 Quid
865 1655 921 1709 in
974 1671 1099 1710 eum
1131 1657 1265 1711 dicit
1317 1655 1524 1724 lsaias,
1581 1659 1728 1713 illius
1787 1659 1974 1713 redar-

2079 568 2175 630 κός
2219 584 2336 621 τινα
2392 567 2584 637 μοῖραν
2633 565 2985 638 θεωρήσαντα
3024 563 3080 614 ἐν
3117 559 3296 631 ἐαυτῷ
3330 577 3344 588 ·
3372 560 3454 614 διὰ
3483 559 3682 612 τοῦτο

2077 659 2154 721 ὡς
2175 656 2280 712 εἶδε
2305 659 2400 730 τὴν
2433 659 2688 728 θεοφόρον
2720 657 2919 728 σάρκα,
2944 652 3050 709 εἶδε
3093 653 3149 707 δὲ
3177 655 3273 708 καὶ
3299 653 3367 706 τά
3396 651 3516 722 παρ’
3546 652 3682 705 αὒ-

2076 750 2175 820 τῆς
2199 748 2564 820 ἐνεργούμενα
2601 751 2700 820 τῆς
2732 747 2984 818 θεότητος
3014 746 3284 817 θαύματα,
3317 744 3570 815 ἧλπισεν.
3613 743 3682 794 εἰ

2076 838 2176 908 τῆς
2209 839 2410 911 σαρκὸς
2447 838 2535 892 διὰ
2561 838 2656 891 τοῦ
2707 837 2941 892 θανάτου
2987 837 3307 908 κρατήσειε,
3341 836 3433 888 καὶ
3467 835 3678 902 πάσης

2076 931 2175 1000 τῆς
2201 932 2258 983 ἐν
2283 931 2419 1000 αὐτῇ
2451 931 2749 1001 κρατήσειν
2789 929 3090 1000 δυνάμεως.
3124 928 3233 981 Καὶ
3275 927 3461 978 τούτου
3491 927 3694 995 χάριτι
3715 925 3726 930 ’

2076 1021 2136 1074 τὺ
2163 1022 2259 1093 τῆς
2309 1021 2510 1093 σαρκὸς
2536 1022 2727 1093 δέλεαρ
2771 1020 3077 1092 περιχανὼν
3096 1060 3110 1083 ,
3139 1017 3216 1090 τῷ
3268 1019 3364 1088 τῆς
3397 1015 3680 1077 θεότητος

2077 1110 2357 1182 ἀγκίστρῳ
2394 1110 2727 1181 περιεπάρη,
2757 1109 2852 1162 καὶ
2889 1107 3062 1170 οῦτως
3087 1106 3228 1178 ἢχθη
3253 1106 3284 1158 6
3314 1103 3526 1173 δράκων
3567 1101 3677 1154 διὰ

2075 1201 2170 1255 τοῦ
2203 1201 2530 1273 ἀγκίστρου,
2565 1201 2746 1265 καθώς
2772 1217 2934 1271 φησιν
2962 1201 2991 1253 6
3042 1197 3180 1261 Ἰὼϐ,
3202 1199 3230 1252 6
3259 1194 3676 1269 προαναφωνή-

2081 1308 2181 1355 σας
2221 1292 2288 1345 δι’
2322 1292 2485 1346 αὐτοῦ
2534 1293 2595 1346 τὸ
2633 1292 2888 1362 ἐσόμενον
2915 1333 2930 1356 ,
2965 1290 3163 1359 λέγων,
3192 1290 3276 1343 ὅτι
3316 1289 3510 1354 Ἀξεις
3543 1286 3677 1340 τὸν

2079 1381 2373 1450 δράκοντα
2417 1384 2488 1437 ἐν
2538 1384 2854 1454 ἀγκίστρῳ.
2893 1381 3239 1450 Ἀκούσωμεν
3280 1379 3336 1433 δὲ
3371 1378 3518 1448 παρὰ
3555 1378 3678 1444 τῆς

2075 1472 2170 1527 τοῦ
2195 1475 2478 1544 Προφήτου
2514 1476 2697 1546 φωνῆς
2721 1516 2736 1541 ,
2770 1474 2892 1528 τίνα
2925 1469 3018 1544 ἦν,
3052 1472 3089 1526 ἃ
3120 1473 3155 1542 ἡ
3190 1470 3381 1541 καρδία
3412 1471 3511 1539 τῆς
3549 1469 3678 1536 γῆς

2077 1563 2214 1632 αῦτη
2246 1565 2388 1619 κατὰ
2431 1565 2525 1619 τοῦ
2581 1566 2782 1629 παντὸς
2815 1563 3203 1624 ἐϐουλεύσατο,
3229 1563 3316 1615 ὅτε
3359 1559 3498 1614 κατὰ
3558 1562 3677 1628 τῆς

2079 1656 2282 1726 σαρκὸς
2318 1656 2411 1709 τοῦ
2438 1657 2646 1727 Κυρίου
2677 1656 2738 1709 τὸ
2762 1657 2936 1726 στόμα
2981 1655 3179 1727 ἤνοιξε.
3210 1653 3276 1706 Τί
3317 1653 3465 1719 λέγει
3509 1650 3677 1720 πρὸς

403 1761 576 1812 guens
610 1747 889 1816 cogitata?
918 1747 996 1801 Tu
1037 1747 1226 1802 dixisti
1252 1749 1309 1802 in
1327 1749 1483 1804 corde
1514 1761 1602 1805 tuo
1633 1767 1651 1804 :
1688 1749 1755 1804 In
1784 1751 1973 1804 caelum

2082 1744 2243 1797 αὐτὸν
2287 1746 2514 1824 Ἡσαΐας
2528 1747 2782 1817 ,ἐλέγχων
2805 1747 2964 1800 αὐτόν
2983 1764 2996 1811 ;
3018 1746 3100 1799 Σὺ
3118 1741 3290 1810 εἴπας
3311 1744 3378 1797 ἐν
3398 1742 3475 1846 τῇ
3508 1759 3676 1846 κέφ-

403 1836 726 1899 ascendam,
764 1852 920 1906 super
959 1848 1110 1891 astra
1147 1839 1264 1893 caeli
1309 1855 1504 1907 ponam
1552 1841 1745 1896 solium
1805 1858 1977 1895 meum

2082 1832 2180 1903 δίᾳ
2217 1849 2332 1890 σου
2357 1854 2370 1868 ·
2415 1815 2518 1903 an}
2563 1813 2975 1904 τὸν-ὀὐρανὸν
3008 1834 3376 1904 ἀναϐήσομαι
3398 1871 3416 1896 ,
3449 1831 3679 1886 ἐπάνω

404 1927 877 1994 (sedeboinmonte
924 1929 1135 1984 excelso
1178 1947 1340 2000 supra
1360 1933 1522 1986 nubes
1581 1932 1980 2004 conscendam),

402 2027 452 2070 et
483 2034 572 2072 ero
603 2019 793 2073 similis
824 2020 1103 2075 Altissimo
1126 2022 1196 2076 ".
1235 2022 1363 2078 Haec
1399 2039 1587 2080 secum
1651 2026 1981 2081 sceleratum

402 2125 500 2164 cor
533 2111 832 2181 cogitabat.
866 2112 1006 2169 Ante
1045 2130 1176 2170 vero
1199 2155 1214 2180 ,
1271 2117 1402 2186 quid
1459 2133 1653 2190 magna
1690 2119 1782 2174 illa
1826 2134 1982 2175 mens

404 2199 460 2252 in
501 2201 748 2269 malitia,
807 2204 938 2274 quid
996 2205 1285 2275 improbus
1334 2209 1427 2263 ille
1476 2209 1740 2281 Assyrius
1793 2225 1980 2266 secum

403 2287 523 2356 ipse
545 2287 863 2358 loqueretur
887 2333 901 2358 ,
928 2308 994 2347 ex
1013 2292 1168 2350 lsaiae
1203 2296 1331 2349 item
1361 2298 1542 2354 verbis
1569 2299 1976 2370 intelligamus:

401 2379 560 2443 Dixi,
587 2380 926 2439 Fortitudine
976 2403 1164 2441 manus
1203 2405 1328 2442 mea:
1354 2390 1553 2466 faciam
1575 2433 1591 2458 ,
1619 2401 1670 2446 et
1698 2392 1981 2461 prudentia

401 2470 677 2538 sapientia:
692 2489 821 2528 mea:
855 2477 1105 2531 terminos
1135 2479 1368 2548 gentium
1406 2481 1646 2550 auferam
1668 2521 1684 2546 ,
1730 2490 1780 2536 et
1823 2481 1980 2551 forti-

403 2562 637 2616 tudinem
680 2579 860 2620 eorum
885 2568 1202 2636 prwdabor,
1230 2582 1282 2626 et
1316 2573 1622 2626 concutiam
1678 2575 1834 2628 urbes
1881 2574 1985 2629 Ita-

403 2653 600 2708 bitatas
619 2694 635 2720 ,
665 2665 715 2710 et
749 2657 927 2712 orbem
957 2671 1225 2715 terrarum
1256 2663 1558 2718 universum
1605 2674 1867 2735 tanquam
1896 2671 1984 2721 ni-

402 2743 530 2798 dum
558 2748 1023 2819 comprehendam,
1048 2761 1098 2805 et
1137 2761 1392 2824 tanquam
1436 2773 1535 2810 ova
1584 2756 1839 2814 derelicta
1879 2761 1982 2815 tol-

402 2834 541 2901 lam,
576 2845 758 2893 etnon
783 2843 884 2895 erit
922 2843 1013 2912 qui
1063 2843 1284 2913 effugiat
1329 2863 1440 2911 me,
1507 2858 1600 2902 aut
1644 2852 1980 2907 contradicat

403 2925 534 2980 mihi
550 2927 616 2982 “.
652 2928 767 2985 Hac
799 2932 890 2988 ille
948 2949 1046 3004 spe
1094 2936 1379 3007 deceptus,
1443 2954 1567 2994 eum
1607 2942 1703 3012 qui
1758 2953 1982 3014 propter

403 3029 559 3068 suam
587 3031 716 3089 erga
739 3035 913 3091 genus
937 3022 1242 3079 humanum
1273 3027 1713 3085 benevolentiam
1734 3033 1787 3086 in
1811 3037 1976 3091 terris

2086 1927 2206 1980 τῶν
2245 1927 2518 1996 νεφελῶν
2547 1928 2713 1994 θήσω
2765 1927 2874 1981 τόν
2897 1928 3112 1996 θρόνον
3144 1943 3282 1996 μου,
3309 1924 3403 1979 καὶ
3431 1923 3680 1993 ἔσομαι

2082 2018 2283 2088 ὅμοιος
2315 2019 2396 2085 τῷ
2447 2020 2736 2089 ’Υψίστῳ.
2781 2018 2967 2073 Ταῦτα
2995 2021 3028 2090 ἡ
3063 2017 3274 2090 πονηρὰ
3299 2017 3495 2089 καρδία
3521 2015 3678 2069 καθ’

2082 2110 2281 2182 ἑαυτῆς
2309 2110 2686 2164 ἐϐουλεύσατο.
2707 2110 2817 2163 Καὶ
2846 2109 2927 2162 ἔτι
2960 2108 3066 2180 πρὸ
3085 2109 3306 2170 τούτων,
3327 2108 3354 2160 6
3387 2105 3579 2177 μέγας
3617 2107 3683 2156 ἐν

2081 2200 2250 2272 κακίᾳ
2271 2198 2414 2267 νοῦς,
2433 2201 2462 2253 6
2495 2199 2728 2272 πονηρὸς
2763 2199 3066 2270 Ἀσσύριος,
3088 2195 3176 2253 οἷα
3201 2198 3334 2270 πρὸς
3358 2197 3522 2252 αὐτὸν
3579 2196 3681 2249 δι-

2082 2291 2250 2362 εξῄει,
2296 2289 2615 2363 ἀκούσωμεν
2645 2291 2807 2346 πάλιν
2840 2294 2904 2345 ἐκ
2933 2293 3034 2362 τῆς
3076 2291 3296 2345 Ἡσαΐου
3324 2288 3546 2360 φωνῆς’
3596 2291 3682 2342 ’Δ

2083 2389 2212 2446 εἷπε
2237 2410 2251 2425 ο
2283 2391 2367 2461 Τῇ
2411 2394 2585 2462 ἰσχύϊ
2624 2391 2733 2459 τῆς
2783 2390 2979 2462 χειρός
3008 2404 3126 2458 μου
3158 2382 3412 2448 ποιήσω,
3435 2379 3536 2434 καὶ
3587 2378 3683 2448 τ’ἱῖ

2083 2485 2270 2553 σοφίᾳ
2301 2483 2413 2553 τῆς
2443 2484 2750 2550 συνέσεως
2776 2481 2978 2552 dealt?)
3007 2480 3135 2548 ὅρια
3172 2474 3376 2541 ἐθνῶν,
3414 2471 3506 2526 καί
3529 2472 3684 2538 τὴν

2084 2575 2269 2644 ἰσχὺν
2290 2574 2488 2630 αὐτῶν
2513 2576 2924 2645 προνομεύσω,
2945 2571 3051 2626 καὶ
3075 2571 3262 2624 σείσω
3284 2567 3485 2630 πόλεις
3510 2580 3686 2618 κατ-

2081 2661 2455 2737 οικουμένας,
2511 2666 2611 2720 καὶ
2651 2666 2768 2736 τὴν
2793 2661 3153 2734 οἰκουμένην
3195 2659 3346 2725 ὅλην
3386 2657 3687 2721 κατανιῆ-

2081 2759 2270 2825 deum
2316 2757 2397 2824 ὡς
2434 2756 2700 2812 νοσσίαν
2719 2795 2736 2822 ,
2764 2755 2863 2810 καὶ
2893 2755 2974 2820 ὡς
3015 2748 3521 2818 καταλελειμμένα
3580 2748 3688 2802 ei)":

2081 2847 2224 2918 ἀρῶ,
2250 2848 2347 2902 καὶ
2379 2850 2490 2904 οὐκ
2510 2848 2682 2902 ἐστιν
2705 2847 2773 2914 ὃς
2814 2843 3190 2916 διαφεύξπαί
3209 2859 3305 2912 με,
3328 2843 3365 2910 ἢ
3398 2840 3685 2908 ἀντείπῃ

2077 2957 2200 3009 μοι.
2231 2940 2388 2995 Μετὰ
2424 2940 2630 3010 ταύτης
2657 2939 2759 3008 τῆς
2788 2938 2998 3000 ἐλπίδος
3027 2936 3240 3006 δέχεται
3270 2935 3328 2986 ἐν
3354 2930 3538 3001 ἐαυτῷ
3569 2933 3690 2985 τὸν

2081 3031 2171 3084 διὰ
2218 3031 2624 3104 φιλανθρωπίαν
2664 3033 2777 3094 τοῖς
2825 3030 2974 3084 κάτω
3019 3027 3451 3097 ἐπιδημήσαντα.
3485 3023 3554 3074 Τί
3615 3025 3690 3076 δὲ

402 3103 693 3165 nobiscum
727 3115 1086 3182 versabatur,
1120 3117 1172 3171 in
1208 3133 1268 3174 se
1297 3122 1565 3190 suscepit.
1600 3121 1805 3178 Verum
1827 3142 1975 3196 quae-

404 3208 529 3218 -.ιι-ι-
571 3195 646 3218 2112
711 3212 887 3218 Α-Λμκη
929 3202 970 3218 I,
1034 3217 1037 3218 ,
1475 3210 1488 3218 .
1862 3217 1868 3218 ,

2083 3126 2230 3198 αὐτῷ
2261 3127 2384 3181 ἀντὶ
2407 3103 2514 3180 τῶν
2543 3125 2902 3179 ἐλπισθέντων
2929 3122 3159 3193 γίνεται,
3179 3120 3445 3189 διηγεῖται
3467 3117 3690 3218 nisi);

403 3208 531 3248 nam
570 3195 646 3250 illi
704 3212 895 3254 eorum
929 3202 1086 3270 loco,
1138 3221 1262 3274 quae
1309 3210 1599 3278 sperabat,
1655 3217 1972 3283 evenerint,

399 3285 665 3353 propheta
697 3289 1063 3347 calamitatem
1091 3294 1270 3364 ipsius
1330 3297 1616 3356 declarans
1667 3311 1852 3372 aperte
1900 3306 1977 3360 si-

403 3375 649 3444 gnificat,
686 3379 988 3446 Quomodo,
1016 3385 1274 3454 inquiens
1290 3429 1305 3452 ,
1326 3391 1513 3444 cecidit
1539 3409 1566 3446 e
1589 3393 1716 3447 caelo
1738 3393 1973 3465 Lucifer,

401 3467 493 3535 qui
526 3484 681 3524 mane
709 3471 1026 3529 oriebatur?
1058 3475 1333 3541 Quomodo
1361 3483 1622 3537 contritus
1654 3493 1733 3538 est
1777 3486 1830 3538 in
1869 3496 1976 3541 ter-

403 3561 564 3614 ram?
589 3559 757 3629 Super
797 3580 916 3618 eum
958 3575 1132 3621 strata
1182 3579 1261 3623 est
1311 3572 1532 3639 putredo
1557 3617 1571 3640 ,
1611 3575 1977 3632 indumentum

402 3647 569 3715 ipsius
597 3659 674 3704 est
697 3654 949 3708 vermium
979 3659 1353 3724 operimentum
1368 3661 1412 3692 "
1435 3700 1450 3726 ,
1476 3671 1530 3716 et
1579 3672 1779 3720 caetera
1801 3707 1816 3731 ,
1850 3668 1976 3737 qui-

405 3737 789 3798 busiuteritus
823 3745 942 3814 ejus
982 3748 1349 3816 describitur,
1409 3767 1532 3821 quae
1565 3756 1790 3811 cuilibet
1851 3759 1980 3814 licet

402 3843 468 3883 ex
513 3835 789 3901 prephetae
839 3838 1062 3909 scriptis
1129 3840 1475 3914 intelligere;
1543 3847 1861 3904 mihienim
1909 3853 1979 3908 ad

295 3912 333 3971 ἲ
404 3924 742 3990 propositum
768 3927 1106 3984 redeundum
1139 3940 1246 3988 est.

474 4009 555 4065 οι)
586 4012 637 4066 id
691 4013 856 4083 igitur
904 4033 1030 4073 vera
1070 4022 1338 4093 sapientia
1387 4026 1444 4082 in
1495 4032 1772 4101 arroganti
1813 4034 1981 4091 corde

404 4108 566 4156 terrae
596 4115 862 4174 versatur,
889 4116 948 4162 ut
971 4124 1218 4181 magnam
1250 4114 1398 4171 illam
1427 4119 1482 4173 in
1513 4122 1722 4177 malitia
1745 4134 1978 4182 mentem

403 4189 600 4257 deleat,
648 4201 707 4247 ut
751 4197 986 4254 tenebrae
1019 4202 1389 4262 discutiantur
1439 4223 1470 4263 a
1518 4209 1659 4275 luce,
1703 4221 1780 4280 ut,
1835 4215 1980 4284 quod

403 4285 636 4339 mortale
674 4294 779 4353 est,
831 4291 1192 4350 absorbeatur
1219 4312 1249 4350 a
1277 4299 1389 4353 vita
1409 4301 1476 4368 ’⁸,
1522 4310 1576 4358 et
1605 4313 1849 4359 extremo
1875 4307 1982 4360 ini-

403 4375 566 4441 mico,
597 4388 769 4433 morte
796 4382 1073 4450 nimirum,
1107 4388 1406 4455 destructo,
1443 4393 1644 4447 malum
1680 4405 1976 4453 evertatur.

2079 3220 2112 3288 ἡ
2153 3217 2458 3289 προφητεία
2498 3217 2560 3270 τὸ
2609 3217 2729 3270 κατ’
2763 3215 2970 3270 ἐκείνου
3019 3213 3190 3278 πάθος
3231 3211 3486 3279 λέγουσιν
3519 3206 3692 3274 Πῶς

2081 3309 2374 3374 ἐξέπεσεν
2400 3309 2467 3362 ἐκ
2497 3308 2602 3363 τοῦ
2645 3307 2903 3376 οὐρανοῦ
2937 3309 2969 3361 ό
2995 3306 3335 3374 ἐωσφόρος;
3359 3301 3485 3365 Πῶς
3503 3316 3696 3353 συν-

2080 3400 2276 3467 ετρίϐη
2317 3397 2414 3452 ἐπὶ
2447 3397 2564 3465 τὴν
2612 3395 2745 3467 γῆν,
2775 3389 2822 3462 ᾧ
2868 3393 3223 3462 ὑπεστρώθη
3254 3393 3293 3458 ἠ
3323 3391 3516 3460 σῆψις
3545 3430 3568 3454 ,
3632 3386 3698 3458 ᾧ

2079 3489 2309 3559 ἔνδυμα
2337 3490 2563 3558 γίνεται
2605 3489 2644 3557 ἡ
2683 3485 2967 3556 περιϐολὴ
3007 3483 3126 3539 τῶν
3163 3482 3524 3548 σκωλήθαυν;
3572 3487 3700 3537 καὶ

2081 3582 2182 3634 ὅσα
2216 3581 2349 3636 ἄλλα
2397 3581 2525 3652 περὶ
2567 3579 2661 3632 τοῦ
2701 3577 3011 3649 ἀφανισμοῦ
3060 3576 3221 3631 αὑτοῦ
3270 3573 3637 3642 διεξέρχεται
3676 3618 3695 3641 ,

2081 3673 2225 3744 ἅπερ
2257 3673 2433 3738 ἔξεστι
2457 3672 2534 3743 τῷ
2579 3671 2883 3742 βουλομένῳ
2913 3669 2972 3735 ἐξ
3000 3669 3178 3725 αὐτῶν
3207 3667 3310 3720 τῶν
3329 3669 3700 3735 γεγραμμέ-

2081 3782 2187 3820 νων
2211 3764 2275 3817 δι’
2307 3762 2593 3835 ἀκριϐείας
2623 3762 2832 3833 μαθεῖν.
2872 3761 3026 3832 Ἐμοὶ
3075 3759 3133 3815 δὲ
3166 3756 3294 3829 πρὸς
3318 3754 3406 3808 τὸν
3443 3756 3700 3809 σκοπὸν

2082 3856 2413 3912 ἐπανακτέον
2445 3856 2537 3910 τὸν
2565 3854 2742 3924 λόγον.

2157 4039 2255 4093 Διὰ
2287 4037 2446 4092 τοῦτο
2472 4039 2680 4108 γίνεται
2711 4039 2744 4108 ἡ
2793 4035 3019 4107 ἀληθινὴ
3063 4034 3244 4104 σοφία,
3271 4036 3328 4088 ἐν
3369 4036 3433 4105 τῇ
3485 4051 3699 4104 μεγα-

2083 4129 2380 4201 λορῤήμονι
2417 4127 2592 4200 ταύτῃ
2621 4126 2818 4200 καρδίᾳ
2847 4126 2947 4196 τῆς
2986 4125 3112 4196 γῆς,
3141 4125 3228 4178 ἵνα
3270 4122 3584 4196 ἐξαφανίσῃ
3622 4126 3697 4190 ἐξ

2083 4222 2254 4292 αὐτῆς
2276 4221 2368 4275 τὸν
2397 4221 2569 4291 μέγαν
2600 4221 2656 4273 ἐν
2691 4219 2859 4289 κακίᾳ
2883 4217 3028 4282 νοῦν,
3051 4218 3144 4270 καὶ
3164 4215 3402 4287 φωτισθῇ
3438 4215 3496 4267 τὸ
3523 4218 3695 4270 n6-

2082 4329 2190 4374 τος,
2228 4313 2322 4366 καὶ
2351 4311 2630 4383 καταποθῇ
2669 4311 2728 4364 τδ
2767 4310 2957 4381 θνητὸν
2991 4309 3094 4362 ὑπὸ
3124 4310 3223 4378 τῆς
3268 4307 3432 4377 ζωῆς,
3466 4309 3576 4360 καλ⁸
3623 4311 3701 4363 τὺ

2083 4403 2249 4456 κακὸν
2307 4404 2387 4465 εἰς
2438 4402 2778 4472 ἁνυπαρξίαν
2833 4403 3216 4474 μεταχωρήσῃ,
3280 4400 3373 4455 τοῦ
3424 4400 3696 4469 ὲσχάτθυ

403 4463 530 4522 Hinc
573 4469 670 4524 tibi
702 4475 1022 4544 praescripto
1076 4479 1240 4533 tridui
1289 4483 1468 4551 spatio
1523 4485 1776 4540 confecta
1827 4497 1974 4544 sunt.

2084 4494 2277 4566 ἐχθροῦ
2306 4463 2766 4566 καταργηθέντος,
2799 4463 2858 4560 δὲ
2908 4463 3066 4548 ἐστιν·
3167 4463 3420 4556 θάνατος.
3469 4463 3702 4548 ’ίαῦτὰ

402 4554 543 4611 Num
588 4559 743 4614 tarda
778 4563 994 4618 videtur
1038 4566 1152 4623 hanc
1193 4574 1408 4640 gratia?
1448 4573 1590 4629 Num
1623 4577 1788 4633 nimis
1823 4580 1984 4652 longo

403 4649 689 4706 intervallo
717 4660 926 4709 tantum
958 4657 1158 4714 bonum
1186 4671 1402 4731 partum
1435 4669 1554 4723 est?
1579 4667 1673 4724 Vis
1707 4649 1962 4728 eximiam

403 4739 659 4797 virtutem
688 4758 1008 4814 agnoscere,
1039 4767 1147 4819 qua
1177 4760 1286 4808 tam
1318 4759 1516 4829 exiguo
1554 4764 1814 4832 temporis
1854 4780 1985 4834 spa-

404 4830 481 4885 tio
509 4832 626 4889 haec
669 4845 822 4907 gesta
853 4841 1020 4895 sunt?
1046 4841 1250 4900 Omnes
1296 4849 1431 4904 mihi
1464 4830 1744 4907 hominum
1796 4830 1988 4914 aetates

401 4936 685 4992 enumera,
737 4945 858 4998 quae
904 4933 1014 5000 jam
1049 4934 1176 4992 inde
1207 4938 1276 4994 ab
1329 4941 1450 5010 ipso
1481 4943 1659 5013 primo
1706 4947 1976 5004 malorum

401 5023 528 5070 ortu
568 5033 741 5089 usque
771 5022 840 5076 ad
894 5040 1083 5081 eorum
1129 5029 1408 5087 interitum
1442 5037 1791 5102 exstiterunt,
1845 5051 1977 5112 quot

402 5106 636 5179 singulis
683 5115 935 5172 :etatibus
993 5118 1261 5186 homines,
1314 5140 1476 5194 quam
1537 5129 1703 5185 multa
1757 5106 1976 5193 eunetis

401 5205 654 5262 aetatibus
681 5205 962 5264 hominum
991 5213 1158 5267 millia
1187 5214 1429 5274 fuerunt.
1464 5218 1594 5276 lniri
1639 5240 1743 5279 non
1778 5229 1976 5296 poterit

404 5311 665 5352 numerus
697 5299 1061 5360 multitudinis
1093 5321 1304 5375 eorum,
1336 5325 1432 5379 per
1455 5327 1594 5382 quos
1623 5317 1824 5370 malitia
1853 5318 1980 5387 jure

403 5389 810 5458 quodammodo
863 5393 1206 5455 haereditario
1263 5403 1344 5457 sic
1398 5418 1696 5476 propagata
1753 5419 1856 5474 est,
1921 5421 1980 5466 ut

405 5479 562 5535 male:
613 5484 976 5553 improbitatis
1023 5489 1224 5547 divitiae
1283 5495 1336 5550 in
1387 5496 1634 5568 singulos
1680 5499 1982 5571 dispertita:

403 5569 743 5642 singulorum
787 5577 971 5634 studio
1008 5590 1062 5636 ct
1094 5597 1260 5652 opera
1299 5595 1475 5643 auctae
1530 5591 1677 5658 sint,
1713 5569 1874 5663 atque
1907 5596 1978 5650 ita

477 5748 526 5779 ”
552 5748 655 5805 Job
694 5769 780 5818 ιι..
825 5757 904 5812 19.
980 5760 1025 5791 ’⁵
1057 5760 1157 5816 lsa.
1206 5779 1316 5829 xw,
1349 5766 1433 5835 15,
1462 5767 1548 5820 14.
1627 5769 1670 5799 ³⁸
1704 5769 1804 5826 lsa.
1844 5790 1894 5834 ει,
1931 5774 2006 5828 Η.

2084 4604 2166 4640 σοι
2197 4589 2229 4657 ἡ
2257 4587 2554 4658 τριήμερος
2588 4587 2892 4659 προθεσμία
2940 4589 3348 4659 κατείργασται.
3385 4585 3473 4656 Μὴ
3520 4585 3703 4657 βρα-

2080 4678 2249 4748 δεῖαή
2279 4678 2468 4749 χάρις;
2515 4677 2589 4748 μὴ
2629 4678 2696 4731 δι’
2733 4679 2912 4749 ἄκρας
2943 4680 3190 4750 περιόδου
3223 4677 3468 4731 τοσοῦτον
3516 4677 3702 4748 ἀγα-

2081 4771 2170 4825 θὸν
2202 4770 2559 4841 κατώρθωται
2587 4790 2602 4838 ;
2631 4771 2818 4825 Βούλει
2844 4770 3045 4839 γνῶναι
3095 4770 3155 4823 τὸ
3187 4768 3518 4841 ὑπερϐάλλον
3570 4776 3700 4843 τῆς

2079 4863 2378 4934 δυνάμεως,
2405 4863 2511 4915 τῶν
2561 4863 2619 4916 ἐν
2673 4861 2814 4916 οὓτω
2856 4863 3047 4932 βραχεῖ
3087 4863 3263 4934 χρόνῳ
3293 4860 3695 4930 κατορθωθέν-

2080 4971 2225 5015 των;
2272 4954 2599 5028 Ἀρίθμησόν
2625 4974 2713 5026 μοι
2748 4956 2928 5020 πάσας
2959 4955 3058 5018 τὰς
3100 4954 3302 5026 μεταξὺ
3331 4952 3524 5021 γενεὰς
3551 4955 3690 5009 τῶν

2083 5045 2406 5118 ἀνθρώπων,
2437 5047 2545 5100 ἀπὸ
2577 5047 2677 5117 τῆς
2719 5046 2941 5120 πρώτης
2968 5047 3076 5101 τῶν
3107 5046 3290 5101 κακῶν
3319 5046 3526 5099 εἰσόδου
3568 5050 3686 5102 καὶ

2085 5139 2245 5209 μέχρι
2275 5139 2373 5208 τῆς
2401 5137 2726 5204 ἀναλύσεως,
2756 5139 2910 5192 πόσοι
2940 5139 3059 5192 καθ’
3090 5139 3326 5208 ἑκάστην
3345 5137 3536 5207 γενεὰν
3563 5141 3685 5192 ἄν-

2083 5232 2287 5302 θρωποι
2327 5233 2384 5283 ἐν
2410 5231 2602 5294 πόσαις
2624 5230 3016 5302 ἀριθμούμενοι
3052 5231 3329 5300 μυριάσιν.
3373 5230 3686 5287 Ἀδύνατόν

2081 5324 2226 5376 ἐστιν
2249 5322 2463 5396 ἀριθμῷ
2482 5324 2851 5394 διαλειφθῆναι
2873 5325 2935 5377 τὸ
2964 5323 3187 5394 πλῆθος,
3205 5316 3282 5377 ὧν
3311 5323 3370 5376 ἐν
3394 5326 3510 5383 ταῖς
3534 5322 3694 5377 διει-

2079 5415 2261 5483 δοχαῖς
2298 5416 2331 5485 ή
2383 5414 2549 5467 κακία
2614 5414 3041 5468 συνεπλατύνετο
3070 5454 3083 5478 ,
3117 5413 3211 5467 καὶ
3263 5416 3292 5466 6
3341 5411 3508 5472 κακὸς
3551 5413 3696 5486 τῆς

2083 5507 2343 5576 πονηρίας
2383 5505 2608 5570 πλοῦτος
2654 5508 2732 5569 είς
2771 5507 2896 5569 τοὺς
2951 5505 3072 5559 καθ’
3107 5506 3334 5560 ἕκαστον
3369 5501 3699 5576 μεριζόμε-

2082 5615 2192 5661 νος,
2219 5597 2284 5651 δι’
2331 5598 2560 5652 ἑκάστου
2603 5597 2802 5669 μείζων
2834 5597 3062 5666 ἐγίνετο,
3084 5598 3179 5650 καὶ
3233 5595 3378 5652 οῦτω
3427 5594 3706 5668 πολυγο-

2059 5775 2130 5846 .²⁷
2161 5772 2241 5827 1⁵³
2302 5789 2411 5837 XIV.
2455 5774 2516 5827 12
2547 5790 2668 5837 sua.
2723 5775 2768 5808 “
2801 5773 2843 5828 Il
2877 5773 3003 5830 Cor.
3034 5772 3159 5835 v.5.
