3930 6210
253 246 369 304 609

1253 239 1319 294 IN
1357 239 1632 297 CHRISTI
1670 240 2304 299 RESURRECTIONEM
2343 242 2550 299 ORAT.
2592 245 2634 299 Ι.

3435 242 3540 296 610

260 356 432 413 νοῦσα
489 354 791 426 συνδιεξῄει
824 357 945 419 ταῖς
992 355 1081 409 ἀεὶ
1111 357 1539 428 -ἐπιγενομέναις
1577 360 1792 426 γενεαῖς
1819 360 1854 429 ἡ

1972 356 2192 412 fecunda
2227 355 2438 412 malitia
2469 355 2725 412 aetatibus
2749 353 2942 410 ordine
2970 353 3389 410 succedentibus
3422 370 3543 424 per-

265 447 436 506 κακία
464 449 700 520 χεομένη
733 447 813 519 τῷ
842 447 1039 519 πλήθει
1075 449 1212 520 πρὸς
1252 449 1500 521 ἄπειρον,
1530 451 1636 514 ἕως
1683 452 1763 516 είς
1801 451 1862 504 τὸ

267 540 570 612 ἀκρῦτατον
611 538 707 592 τοῦ
749 538 923 591 κακοῦ
958 536 1294 610 προελθοῦσα
1321 579 1336 603 ,
1369 537 1552 610 πάσης
1587 540 1861 611 κατεκρά-

261 647 401 702 τησε
437 630 537 700 τῆς
575 628 926 699 ἀνθρωπίνης
959 629 1177 697 φύσεως
1213 645 1227 660 ⁸
1255 629 1397 682 οὑτω
1433 629 1528 684 τοῦ
1574 631 1862 703 Προφὴτου

261 721 575 785 καθολικῶς
625 721 1052 792 ἀποφηναμένου
1074 761 1089 784 ,
1121 722 1204 774 ὅτι
1237 720 1466 788 Πάντες
1500 722 1823 786 ἐξέκλιναν
1845 765 1861 790 ,

259 816 397 884 ἅμα
438 813 879 883 ἠχρειώθησαν,
922 814 1012 868 καὶ
1035 813 1135 868 οὑκ
1169 810 1238 886 ἦν
1266 818 1324 868 ἐν
1362 817 1476 878 τοῖς
1509 811 1658 870 οὖσιν
1691 817 1862 882 οὐδὲν,

257 910 290 963 ὃ
323 909 405 981 μὴ
433 909 631 972 κακίας
677 907 909 978 ὄργανον
940 902 1030 978 ἦν.
1051 907 1161 978 Τὴν
1203 903 1296 962 οὖν
1327 907 1595 979 τοσαύτην
1635 911 1732 965 τοῦ
1765 924 1866 960 κα-

261 1000 368 1054 κοῦ
411 999 646 1072 σωρείαν
673 999 772 1071 τὴν
804 998 914 1052 ἀπὸ
961 998 1272 1068 καταϐολῆς
1312 998 1518 1071 κόσμου
1574 1005 1736 1071 μέχρι
1767 1001 1865 1071 τῆς

262 1092 415 1147 κατά
451 1093 512 1145 τὸ
538 1092 710 1156 πάθος
735 1090 829 1144 τοῦ
872 1091 1080 1162 Κυρίου
1125 1092 1438 1162 οἰκονομίας
1470 1091 1868 1164 συναθροισθεῖ-

265 1205 394 1249 σαν,
422 1189 451 1239 ὁ
487 1187 546 1238 ἐν
571 1187 719 1255 τρισὶ
752 1186 972 1255 διαχέας
1007 1185 1266 1256 ἡμέραις,
1300 1186 1502 1256 μικράν
1524 1203 1606 1240 σοι
1639 1185 1867 1257 πεποίη-

268 1297 360 1331 ται
405 1278 505 1346 τῆς
543 1277 994 1350 ὑπερϐαλλούσης
1033 1277 1317 1347 δυνάμεως
1346 1277 1447 1349 τὴν
1497 1277 1788 1344 ἐπίδειξιν;
1827 1278 1862 1350 ἥ

269 1373 392 1442 οὑχὶ
429 1372 622 1424 πασῶν
690 1371 801 1422 τῶν
847 1371 904 1423 ἐν
956 1372 1077 1433 ταῖς
1128 1370 1390 1441 ἱστορίαις
1445 1369 1866 1440 θαυματοποιῶν

270 1464 632 1538 ἰσχυροτέραν
658 1481 674 1528 ;
712 1464 922 1534 Ὥσπερ
964 1463 1073 1534 γὰρ
1102 1461 1386 1526 πλεονάζει
1410 1461 1503 1516 τοῦ
1535 1461 1773 1534 Σαμψὼν
1805 1462 1868 1514 τὸ

267 1555 481 1625 θαῦμα,
509 1556 572 1608 ού
622 1555 765 1608 κατὰ
811 1554 872 1608 τὸ
913 1557 1242 1625 κατισχύσαι
1288 1557 1448 1626 μόνον
1492 1555 1588 1608 τοῦ
1630 1556 1863 1622 λέοντος,

268 1650 410 1708 ἀλλά
442 1650 535 1702 καί
579 1649 639 1702 τὺ
685 1649 901 1712 ἀπόνως
945 1649 1108 1702 αὑτὸν
1154 1648 1590 1720 διαχειρίσασθαι
1631 1651 1865 1720 γυμναῖς

271 1741 372 1793 καὶ
405 1739 622 1802 ἀόπλοις
656 1741 813 1810 χερσὶ
834 1739 925 1792 τὸν
950 1739 1093 1811 θῆρα
1131 1740 1539 1804 καταπαίζοντα
1561 1739 1862 1794 διασπάσα-
1895 1712 1940 1772 Β

275 1832 442 1887 σθαιο
476 1831 617 1885 οὑτω
643 1831 735 1884 καὶ
768 1832 862 1885 τοῦ
890 1832 1013 1903 δίχα
1037 1832 1218 1902 πάσης
1246 1833 1514 1902 ἐργωδίας
1543 1833 1635 1887 τὸν
1659 1833 1863 1905 Κύριον

272 1923 380 1994 τὴν
425 1922 687 1994 τοσαύτην
742 1923 1004 1994 ἀφανίσαι
1063 1925 1291 1991 κακίαν,
1342 1924 1616 1993 ἀπόδειξις
1664 1925 1864 1996 μείζων

272 2015 399 2068 ἐστὶ
437 2014 529 2068 τοῦ
562 2015 660 2084 τῆς
696 2016 976 2086 δυνάμεως
1015 2015 1462 2087 ὑπερϐάλλοντος.
1498 2017 1610 2087 Ούχ
1658 2017 1865 2071 ὑδάτων

270 2105 522 2174 ἀπείρων
558 2107 820 2176 ἐπιρροαὶ
866 2109 930 2159 ἐκ
973 2106 1081 2160 τῶν
1133 2106 1338 2168 ἀνωθεν
1383 2106 1744 2179 καταρακτῶν
1789 2107 1868 2179 τῷ

273 2197 622 2268 ὑποκειμένῳ
681 2199 1190 2267 ἐγκαταπίπτουσαι
1215 2240 1230 2264 ,
1278 2199 1399 2257 οὐδὲ
1471 2199 1696 2253 ἄϐυσσοι
1758 2199 1866 2252 τῶν

274 2289 427 2342 ίόίων
464 2291 604 2361 ὅρων
652 2290 1135 2362 ὑπεροιδαίνουσαι,
1174 2293 1267 2345 καὶ
1317 2295 1428 2354 τοῖς
1467 2291 1730 2362 πελάγεσι
1769 2292 1867 2364 τὴν

273 2380 382 2450 γῆν
415 2380 824 2446 ἐπικλύζουσαι,
852 2382 973 2435 οὑδέ
1000 2384 1201 2454 πᾶσαὴ
1227 2384 1519 2454 οἰκουμένη
1553 2385 1680 2456 νηὸς
1712 2384 1867 2455 δίκην

271 2472 574 2543 αὖτανδρος
595 2473 675 2544 τῷ
708 2472 854 2544 βυθῷ
876 2475 1284 2547 καλυπτομένη,
1319 2476 1440 2530 οὑδὲ
1481 2476 1581 2548 ὅρη
1609 2477 1868 2547 γινόμενα

274 2563 462 2634 βύθια,
492 2566 586 2617 καὶ
612 2565 849 2637 κορυφαὶ
887 2567 995 2619 τῶν
1018 2567 1162 2638 ὀρῶν
1201 2567 1556 2639 ὑποϐρύχιον
1589 2569 1711 2622 οὐδὲ
1745 2569 1868 2624 καθ’

272 2658 572 2729 ὁμοιότητα
607 2658 857 2729 Σοδόμων
881 2660 938 2712 αί
959 2660 1059 2731 τῆς
1081 2660 1279 2730 φλογὸς
1304 2661 1601 2734 ἐπομϐρίαι
1635 2662 1714 2733 τῷ
1734 2663 1869 2736 πυρὶ

273 2751 337 2802 τὸ
363 2749 649 2822 διεφθορὸς
699 2752 1162 2824 ἐκκαθαίρουσαιο
1203 2754 1324 2808 οὑδὲ
1361 2755 1488 2810 ἄλλο
1529 2773 1582 2809 τι
1625 2755 1868 2810 τοιοῦτον

274 2838 433 2892 οὐδέν
479 2857 493 2870 ·
533 2839 669 2894 ἀλλά
715 2841 865 2912 ἁπλῆ
904 2859 986 2906 τις
1034 2843 1130 2896 καὶ
1175 2844 1561 2917 ἀκατάληπτος
1608 2847 1870 2918 ἐπιδημία

279 2932 421 3002 μόνη
448 2931 598 3002 ζωῆς
621 2972 636 2997 ,
664 2933 758 2986 καὶ
787 2933 966 3001 φωτὸς
998 2935 1268 3007 παρουσία
1293 2975 1309 3000 ,
1343 2939 1455 3001 τοῖς
1478 2940 1536 2991 ἐν
1567 2937 1750 2991 σκότει
1775 2939 1870 2992 καὶ

273 3022 409 3092 σκιᾷ
472 3019 704 3076 θανάτου
753 3022 1085 3094 καθημένοις
1109 3063 1124 3089 ,
1176 3023 1418 3095 ἔκλειψιν
1474 3027 1711 3099 παντελῆ
1774 3029 1869 3082 καὶ

272 3111 588 3182 ἀφανισμὸν
607 3111 702 3166 τοῦ
719 3131 779 3167 τε
807 3113 1032 3178 σκότους
1055 3114 1264 3169 καὶτοῦ
1290 3115 1519 3170 θανάτου
1547 3117 1860 3190 πεποίηται.

276 3202 434 3256 Εἴπω
469 3220 521 3256 τι
549 3203 687 3277 πρὸς
728 3208 841 3270 τοῖς
879 3205 1190 3278 εἰρημένοις
1220 3209 1314 3262 καὶ
1339 3208 1563 3280 ἐτερον;
1607 3209 1778 3280 Ἐφύη
1805 3210 1867 3264 τὸ

279 3294 450 3349 κακὸν
488 3297 547 3349 ἐν
579 3296 660 3367 τῷ
703 3297 824 3367 ὕφει
851 3316 865 3330 ο
906 3298 1114 3372 ἡττήθη
1147 3301 1181 3371 ἡ
1229 3300 1367 3372 γυνὴ
1400 3301 1501 3373 τῆς
1543 3302 1743 3374 πείρας
1769 3302 1866 3356 τοῦ

281 3384 584 3458 δράκοντος
615 3405 630 3419 ο
682 3389 894 3462 ἡττήθη
949 3391 1088 3463 μετά
1139 3392 1314 3448 ταῦτα
1371 3395 1473 3466 τῆς
1536 3394 1796 3464 γυναικὸς
1838 3396 1870 3449 ό

285 3479 439 3551 ὢιήρ.
464 3481 566 3533 Διά
591 3482 762 3554 τριῶν
783 3482 908 3554 ἔσχε
928 3484 989 3537 τὸ
1019 3485 1187 3539 κακὸν
1223 3485 1323 3558 τὴν
1352 3487 1584 3556 γένεσιν.
1633 3487 1778 3560 Πρὸς
1816 3487 1868 3542 τί

288 3589 377 3641 μοι
414 3571 605 3642 βλέπει
635 3573 842 3629 τούτων
863 3576 897 3646 ἡ
953 3577 1176 3648 μνήμη;
1209 3579 1367 3633 Ἐστι
1397 3579 1519 3632 τινὰ
1547 3577 1640 3632 τοῦ
1661 3577 1868 3642 ἀγαθοῦ

281 3663 436 3727 τάξιν
473 3663 565 3718 διὰ
593 3666 692 3738 τῆς
719 3667 778 3720 ἐν
807 3668 883 3739 τῷ
904 3668 1059 3740 κακῷ
1096 3669 1301 3736 τάξεως
1342 3672 1694 3744 κατανοῆσαι.
1731 3673 1870 3744 Τρία

285 3753 473 3824 βλέπω
517 3757 692 3812 ταῦτα
728 3759 824 3812 τοῦ
855 3760 1026 3814 κακοῦ
1071 3761 1252 3832 δοχεῖα
1275 3779 1289 3794 ο
1321 3763 1536 3835 πρῶτον
1571 3765 1670 3836 μὲν
1693 3807 1708 3830 ,
1741 3767 1798 3820 ἐν
1825 3761 1872 3836 ᾧ

284 3845 351 3899 τὸ
384 3848 600 3918 πρῶτον
629 3852 857 3924 συνέστη
883 3869 898 3883 ο
929 3853 1201 3926 δεύτερον,
1249 3857 1330 3920 είς
1358 3857 1387 3909 ὃ
1416 3857 1687 3930 μετερῤύη
1709 3877 1722 3891 ο
1756 3858 1874 3932 τρί-

285 3957 408 4004 τον,
441 3935 564 4009 ἐνῷ
605 3944 734 4012 μετά
777 3944 949 3999 ταῦτα
985 3947 1293 4016 ἐπεγένετο.
1336 3947 1552 4020 Ἐπειδὴ
1601 3949 1780 4003 τοίνυν
1813 3951 1872 4004 ἐν

283 4037 409 4098 τοῖς
440 4036 586 4107 τρισὶ
611 4038 817 4102 τούτοις
844 4041 876 4110 ἡ
908 4038 1077 4094 κακία
1111 4040 1543 4114 ἐπλήμμυρε,τῇ
1567 4043 1870 4115 διαϐολικῇ,

283 4127 460 4197 λέγω,
491 4127 669 4198 φύσει,
709 4132 807 4186 καὶ
852 4131 934 4204 τῷ
978 4132 1087 4186 τῶν
1135 4134 1409 4202 γυναικῶν
1458 4133 1624 4204 γένει,
1666 4137 1760 4189 καὶ
1795 4135 1874 4207 τῷ

281 4219 619 4292 πληρώματι
641 4223 753 4277 τῶν
787 4224 996 4296 ἀνδρῶν
1022 4242 1036 4257 ⁸
1067 4225 1258 4280 τούτου
1289 4227 1450 4298 χάριν
1483 4227 1790 4292 ἀκολούθως
1815 4231 1872 4283 ἐν

292 4316 466 4385 τρισὶν
492 4315 730 4388 ἡμέραις
767 4318 803 4389 ἡ
857 4318 1009 4383 νόσος
1038 4319 1441 4390 ἑξαφανίζεται,
1479 4320 1695 4392 ἑκάστῳ
1724 4321 1872 4390 γένει

1967 447 2086 504 fusa
2124 449 2360 504 creverit
2397 449 2451 503 in
2482 448 2776 512 infinitum,
2808 447 2983 502 donec
3008 445 3076 500 ad
3102 461 3376 501 summum
3420 449 3544 499 mali

1965 531 2244 595 cumulum
2310 542 2633 611 perveniens
2699 547 2868 595 totam
2934 550 3186 594 naturam
3248 538 3545 592 humanam

1965 631 2296 701 occupavit?
2334 630 2426 686 Sic
2453 632 2598 686 enim
2628 630 2748 686 sine
2773 630 3091 700 exceptione
3122 628 3388 698 Propheta
3421 642 3545 682 sen-

1964 727 2193 781 tentiam
2258 728 2402 793 tttlit,
2463 726 2678 792 Omnes,
2740 725 2994 796 inquiens
3019 727 3082 787 ",
3129 725 3542 788 declinaverunt,

1964 820 2128 873 simul
2156 819 2370 874 inutiles
2405 820 2534 889 facti
2569 829 2713 883 sunt,
2749 818 2886 874 adeo
2912 825 2969 872 ut
3013 818 3146 871 nihil
3185 819 3542 880 inveniretur,

1965 913 2112 981 quod
2166 913 2386 966 malitiae
2439 928 2546 966 non
2605 918 2753 966 esset
2814 910 3259 964 instrumentum.
3308 907 3542 963 Tantum

1967 1003 2134 1074 igitur
2175 1004 2444 1057 malorum
2499 1016 2779 1068 acervum,
2826 1001 2895 1056 ab
2922 1001 3040 1070 ipsa
3071 1000 3257 1054 mundi
3281 1002 3547 1055 constitu-

1966 1097 2117 1152 tione
2153 1096 2221 1150 ad
2250 1104 2478 1151 mortem
2511 1110 2684 1165 usque
2719 1094 2932 1149 Domini
2966 1095 3309 1148 cumulatum
3339 1103 3394 1148 et
3444 1109 3546 1146 au-

1967 1195 2138 1254 ctum,
2187 1189 2278 1258 qui
2321 1186 2496 1242 tribus
2523 1187 2716 1242 diebus
2746 1187 3018 1252 dissolvit,
3053 1193 3106 1240 ct
3151 1185 3367 1252 evertit,
3417 1202 3546 1256 par-

1968 1295 2166 1335 vamne
2215 1279 2314 1334 tibi
2363 1280 2675 1350 praestantis
2727 1278 3000 1348 potentia),
3055 1278 3382 1348 virtutisque
3436 1295 3550 1336 suae

1968 1371 2426 1440 significationem
2461 1369 2652 1425 dedit?
2680 1369 2872 1424 Nonne
2902 1369 2984 1424 vis
3018 1369 3162 1438 ejus,
3207 1385 3390 1424 rerum
3431 1384 3550 1424 om-

1968 1464 2140 1529 nium,
2203 1479 2324 1532 qua:
2373 1463 2746 1518 monumentis
2801 1462 3156 1517 historiarum
3207 1461 3550 1515 admiranda.-

1967 1564 2492 1621 commemorantur,
2529 1557 2782 1627 apparuit
2811 1555 3314 1612 excellentissima?
3349 1555 3550 1621 Quem-

1969 1649 2264 1705 admodum
2289 1650 2434 1705 enim
2466 1649 2749 1706 Samsouis
2773 1649 2985 1704 facinus
3010 1663 3075 1704 eo
3101 1649 3274 1719 magis
3303 1648 3547 1704 admira-

1968 1757 2112 1808 mur,
2147 1743 2291 1812 quod
2331 1757 2441 1796 non
2477 1742 2653 1797 solum
2690 1743 2901 1797 leonem
2945 1741 3097 1806 vicit,
3144 1741 3239 1796 sed
3270 1757 3396 1796 eum
3429 1741 3548 1796 sine

1967 1833 2153 1890 labore
2187 1835 2485 1904 superavit,
2549 1833 2805 1904 quodque
2833 1835 2978 1889 nuda
3033 1835 3336 1904 inermique
3381 1849 3545 1888 manu

1968 1931 2178 1978 tantam
2203 1923 2398 1988 feram,
2434 1933 2696 1994 tanquam
2747 1923 2939 1984 ludens
2971 1923 3172 1979 occidit
3199 1935 3251 1979 et
3281 1925 3550 1979 dilacera-

1967 2016 2047 2072 vit
2063 2016 2129 2048 ’θ’
2156 2034 2170 2070 :
2194 2016 2275 2071 sic
2301 2031 2364 2072 ea
2385 2031 2443 2072 re
2469 2015 2683 2071 Domini
2709 2016 2884 2072 virtus
2911 2017 3187 2084 excelluit,
3220 2019 3365 2088 quod
3400 2019 3552 2072 nullo

1967 2110 2187 2181 negotio
2215 2110 2478 2164 malitiam
2509 2109 2732 2166 delevit.
2762 2109 2949 2181 Neque
2973 2111 3120 2165 enim
3173 2111 3552 2181 superioribus

1967 2203 2266 2257 cataractis
2293 2201 2606 2272 patefactis,
2659 2203 2985 2274 abyssisque
3009 2203 3262 2273 proprios
3288 2207 3553 2258 terminos

1968 2293 2428 2356 transilientibus,
2477 2300 2532 2348 et
2577 2293 2914 2357 tumefaetis,
2964 2308 3230 2363 aquarum
3285 2295 3552 2348 immensa

1969 2383 2052 2438 vis
2083 2383 2312 2453 ingruit,
2347 2398 2470 2453 quae
2503 2391 2706 2437 terram
2747 2383 2987 2437 obrucns
3021 2381 3354 2444 universam,
3392 2396 3551 2434 mon-

1969 2483 2162 2545 tesque
2188 2475 2603 2539 transcenderis,
2632 2483 2686 2528 et
2715 2474 2984 2528 montium
3018 2472 3236 2543 fastigia
3262 2487 3552 2541 superans,

1968 2569 2157 2623 orbem
2187 2575 2446 2637 tanquam
2496 2566 2773 2636 navigium
2824 2566 2986 2620 simul
3023 2579 3149 2619 cum
3205 2565 3338 2633 ipsis
3368 2563 3552 2617 nautis

1969 2668 2135 2730 atque
2164 2659 2480 2714 vectoribus
2513 2658 2855 2714 demerserit.
2897 2656 3105 2729 Neque,
3144 2663 3205 2710 ut
3236 2656 3550 2711 Sodomita-

1970 2767 2092 2806 rum
2151 2750 2490 2821 temporibus
2551 2750 2800 2820 contigit,
2869 2750 3032 2820 ignis.
3099 2758 3153 2805 et
3209 2751 3550 2804 ﬂammarum

1971 2844 2168 2908 imber,
2230 2843 2376 2914 quod
2435 2851 2753 2912 corruptum
2805 2851 2945 2907 erat,
3000 2857 3239 2912 purgans
3286 2843 3549 2912 expiavit.

1971 2934 2158 3007 Neque
2190 2935 2336 2991 aliud
2367 2935 2666 3006 quidquam
2703 2933 2902 2988 accidit
2940 2933 3229 3003 ejusmodi.
3278 2932 3382 2988 Sed
3418 2933 3552 2988 siut-

1973 3028 2097 3098 plex
2127 3027 2374 3098 quzedam
2407 3035 2462 3082 et
2493 3025 2948 3097 incomprehcnsa
2994 3024 3377 3096 peregrinatio,
3435 3025 3550 3079 sola

1972 3121 2096 3175 vita:
2128 3119 2377 3191 lucisque
2406 3121 2694 3190 praesentia
2725 3117 2780 3171 in
2805 3118 3065 3182 tenebris,
3093 3126 3149 3172 ct
3191 3116 3412 3186 regione
3442 3132 3554 3170 unt-

1969 3212 2084 3268 brae
2107 3212 2304 3267 mortis
2345 3207 2761 3265 considentibus
2788 3208 3043 3263 tenebras
3083 3223 3276 3262 omnes
3303 3207 3550 3276 dispulit,

1968 3311 2024 3360 et
2085 3312 2318 3358 mortem
2379 3301 2552 3372 ipsam
2617 3299 2909 3356 interfecit.
2969 3299 3201 3355 Aliudne
3253 3299 3550 3370 quidquam

1971 3393 2267 3465 adiungam
2305 3393 2370 3448 iis
2414 3407 2537 3462 quae
2566 3391 2714 3446 dicta
2746 3390 2916 3446 sunt?
2959 3391 3019 3444 in
3051 3399 3305 3461 serpente
3349 3391 3551 3444 malum

1970 3495 2221 3542 exortum
2250 3493 2354 3542 est.
2385 3485 2580 3540 Mulier
2619 3483 2875 3539 draconis
2906 3482 3120 3539 insidiis
3157 3483 3382 3554 decepta
3427 3483 3550 3538 fuit.

1970 3576 2216 3633 Mulieris
2250 3577 2519 3632 illecebris
2583 3577 2666 3631 vir
2712 3577 2830 3646 ipse
2891 3576 3080 3631 cessit.
3141 3574 3342 3632 Tribus
3403 3577 3554 3632 hisce

1971 3669 2234 3742 gradibus
2292 3671 2494 3724 malum
2555 3670 2798 3725 emersit.
2859 3668 3131 3735 Quorsum
3179 3669 3292 3725 haec
3344 3679 3555 3740 spectat

1974 3761 2427 3817 commemoratio
2453 3761 2477 3814 ?
2501 3759 2652 3816 Licet
2675 3776 2745 3815 ex
2770 3760 2873 3814 hoc
2896 3759 3023 3813 mali
3050 3759 3242 3815 ordine
3261 3760 3553 3829 quemdam

1975 3853 2104 3909 boni
2129 3853 2376 3908 ordinem
2403 3853 2478 3906 illi
2506 3852 2929 3922 respondentem
2952 3850 3404 3907 animadvertere.
3433 3851 3555 3907 llaec

1975 3947 2079 4000 tria
2103 3961 2268 4001 cerno
2298 3945 2423 3999 mali
2455 3944 2798 4015 receptacula
2826 3963 2839 3998 :
2871 3944 3128 4015 primum,
3162 3945 3217 3999 in
3244 3960 3352 4016 quo
3378 3945 3555 4015 primo

1976 4038 2267 4094 constitit:
2321 4038 2576 4101 alterum,
2625 4038 2680 4092 in
2709 4038 2855 4108 quod
2892 4036 3156 4104 deﬂuxit;
3211 4038 3456 4104 tertium,
3499 4039 3554 4094 in

1977 4145 2089 4200 quo
2127 4138 2314 4199 postea
2348 4129 2583 4184 inhaesit.
2627 4128 2807 4194 Quare
2834 4144 2958 4184 cum
2994 4129 3050 4182 in
3084 4128 3169 4183 his
3200 4127 3379 4182 tribus
3403 4128 3557 4180 mali-

1977 4225 2054 4278 tia
2107 4223 2454 4288 redundarit,
2496 4237 2690 4291 nempe
2732 4223 2786 4275 in
2841 4227 3034 4274 natura
3065 4219 3356 4280 diabolica,
3414 4225 3468 4272 et
3503 4219 3557 4272 in

1983 4333 2182 4389 genere
2214 4316 2528 4381 mulierum,
2564 4321 2616 4369 et
2649 4314 2702 4367 in
2732 4313 2976 4366 virorum
3019 4311 3389 4394 plenitudine;
3421 4327 3558 4366 con-

283 4406 395 4460 τῶν
436 4409 494 4460 ἐν
526 4408 699 4480 κακίᾳ
737 4410 1104 4482 νενοσηκότων
1142 4413 1270 4482 μιᾶς
1295 4412 1508 4484 ἡμέρας
1549 4414 1870 4486 ἀποκληρω·

1979 4419 2302 4467 sentaneunt
2358 4407 2478 4471 fuit,
2537 4416 2594 4460 ut
2641 4405 2806 4460 trium
2859 4404 3072 4460 dierum
3109 4403 3284 4473 spatio
3335 4406 3560 4459 morbus

283 4497 476 4569 θείσης
514 4499 653 4571 πρὸς
693 4501 837 4554 ἴασιν
858 4519 870 4532 ο
905 4505 963 4555 ἐν
1009 4503 1108 4574 μιᾷ
1136 4502 1319 4574 ἡμέρᾳ
1347 4504 1396 4557 oi
1444 4505 1634 4576 ἀνδρες
1666 4506 1764 4577 τῆς
1787 4507 1875 4560 νό-

286 4607 383 4645 σου
439 4591 826 4664 καθαίρονται·
879 4594 938 4648 ἐν
985 4597 1052 4666 τῇ
1105 4595 1355 4668 δευτέρᾳ,
1381 4596 1443 4650 τὸ
1467 4598 1578 4652 τῶν
1603 4600 1878 4668 γυναικῶν

287 4683 658 4753 θεραπεύεται
687 4685 846 4752 γένος
864 4703 878 4716 ·
915 4688 973 4740 ἐν
1001 4689 1066 4759 τῇ
1091 4687 1411 4761 τελευταίᾳ,
1433 4689 1658 4762 ἔσχατος
1685 4691 1878 4763 ἐχθρὸς

293 4779 649 4848 καταργεῖται
678 4780 706 4833 ό
729 4779 977 4846 θάνατος,
1011 4781 1104 4834 καὶ
1140 4781 1266 4852 περὶ
1302 4782 1467 4835 αὑτὸν
1485 4783 1650 4856 ἀρχαί
1671 4801 1752 4849 τε,
1784 4784 1880 4838 καὶ

287 4868 554 4935 ἐξουσίαι,
586 4874 682 4926 καὶ
725 4873 986 4943 δυνάμεις
1032 4873 1143 4928 τῶν
1190 4874 1584 4946 ἀντικειμένων
1603 4877 1881 4949 δυνάμεων

284 4962 401 5016 τῶν
427 4981 484 5016 τε
519 4963 955 5036 προκαθημένων
974 4966 1444 5036 συναφανίζονται.
1475 4967 1568 5037 Μὴ
1599 4966 1886 5041 θαυμάσῃς

278 5057 348 5111 δὲ
399 5056 446 5108 εἰ
500 5061 778 5126 χρονικοῖς·
823 5057 1186 5129 διαστήμασιν
1233 5061 1267 5129 ἡ
1315 5058 1408 5112 τοῦ
1465 5058 1666 5128 ἀγαθοῦ
1707 5060 1885 5127 κτίσις

277 5149 693 5218 ἐπιμερίζεται.
725 5149 836 5204 Καὶ
881 5149 989 5221 γὰρ
1043 5152 1192 5222 παρά
1243 5151 1342 5222 τὴν
1382 5150 1604 5222 πρώτην
1642 5151 1735 5206 τοῦ
1791 5154 1883 5208 κό-

277 5253 433 5307 σμου
459 5236 691 5303 γένεσιν,
722 5239 822 5290 οὑκ
873 5240 1053 5308 ἠτόνει
1081 5242 1113 5312 ἡ
1153 5240 1271 5293 θεία
1314 5241 1543 5314 δύναμις
1581 5244 1797 5300 ἅπαντα
1822 5246 1881 5299 ὲν

277 5331 496 5398 ἀκαρεῖ
540 5329 824 5384 τελειῶσαι
863 5330 930 5384 τὰ
965 5331 1117 5393 ὄντα,
1147 5331 1261 5385 ἀλλ’
1299 5333 1448 5403 ὅμως
1481 5335 1881 5407 συμπαραλαμ-

281 5421 446 5476 ϐάνει
482 5423 547 5492 τῇ
575 5420 906 5494 δημιουργία
934 5423 1042 5476 τῶν
1075 5422 1244 5478 ὄντων
1271 5425 1366 5478 καὶ
1409 5423 1477 5478 τά
1511 5426 1736 5498 χρονικά
1762 5425 1880 5480 δια-

289 5514 582 5585 στήματα·
608 5512 683 5578 ῶς
717 5513 834 5568 τόδε
864 5514 964 5586 μέν
1010 5533 1063 5568 τι
1099 5513 1240 5569 κατά
1264 5515 1365 5586 τὴν
1400 5516 1620 5588 πρώτην
1667 5517 1880 5590 ἡμέραν

359 5695 406 5727 ⁸⁸
443 5692 590 5751 Psal.
623 5711 742 5763 xm,
773 5697 826 5752 5.
905 5693 1172 5751 "‘Judic.
1215 5709 1326 5764 xlv,
1361 5694 1418 5752 6.

1981 4503 2366 4574 expelleretur,
2416 4499 2648 4570 singulis
2683 4497 2975 4568 generibus
3004 4497 3212 4550 malitia
3262 4496 3561 4551 laboranti—

1982 4597 2085 4652 bus
2109 4597 2316 4651 tributo
2347 4593 2645 4649 rurationis
2673 4591 2780 4653 die.
2815 4598 2875 4644 ut
2901 4605 3010 4646 uno
3033 4588 3250 4660 quidem
3275 4589 3376 4643 viri
3409 4604 3563 4641 cura-
3614 4577 3619 4646 ἲ

1982 4698 2195 4754 rentur,
2249 4689 2422 4742 altero
2472 4686 2800 4742 feminarum
2851 4690 3338 4761 genustcxtremo
3376 4691 3558 4736 autem

1982 4789 2260 4834 extremus
2295 4776 2490 4839 bostis,
2523 4789 2690 4840 mors,
2725 4774 3120 4837 destrueretur,
3156 4779 3210 4826 et
3237 4771 3328 4840 qui
3362 4770 3559 4824 mortis

1982 4871 2217 4928 ministri
2249 4881 2376 4926 sunt
2404 4869 2704 4940 principes,
2749 4875 2802 4923 ct
2832 4874 3127 4936 potestates
3160 4865 3422 4918 virtutum
3465 4863 3562 4917 ad-

1982 4963 2350 5017 versariarum
2408 4968 2463 5017 et
2521 4960 2904 5030 imperantium
2961 4958 3400 5027 proﬂigarentur.
3452 4955 3563 5011 Nec

1983 5053 2274 5110 admireris
2309 5053 2432 5109 boni
2461 5059 2782 5124 proventum
2816 5050 2928 5104 fieri
2957 5049 3218 5118 temporis
3250 5051 3560 5103 intervallo.

1983 5145 2118 5202 Nam
2173 5152 2226 5200 ct
2277 5145 2330 5198 in
2392 5144 2565 5214 prima
2624 5143 2813 5197 mundi
2861 5144 3240 5214 procreationc
3288 5152 3563 5197 momento

1985 5244 2198 5310 poterat
2255 5236 2437 5289 divina
2496 5236 2673 5290 virtus
2733 5243 2929 5289 cuncta
2980 5235 3258 5304 perlicere,
3323 5243 3561 5288 attamen

1985 5347 2168 5387 rerum
2230 5329 2576 5385 fabricationi
2633 5336 2876 5399 tempora
2923 5327 3240 5396 distribuit;
3284 5336 3337 5381 ut
3388 5327 3564 5396 primo

1983 5424 2203 5495 quidem
2237 5421 2324 5478 dic
2350 5437 2478 5492 pars
2503 5436 2690 5476 earum
2716 5436 2824 5475 una
2848 5420 3294 5486 constitueretur,
3326 5419 3565 5476 secundo

1989 5525 2169 5572 autem
2221 5516 2414 5583 altera,
2464 5522 2627 5585 atque
2677 5512 2751 5568 ita
2781 5510 3045 5585 deinceps
3087 5512 3329 5584 reliqum,
3389 5511 3563 5569 donec
