3930 6210
442 270 536 326 GH

1712 259 1772 314 S.
1812 255 2145 315 GREGORII
2181 253 2474 312 NYSSENI

3580 257 3697 314 6i2

441 388 622 440 omnia
674 381 909 454 perfecta
948 386 1097 442 sunt,
1131 385 1185 434 et
1219 376 1490 441 absoluta,
1542 389 1606 432 eo
1637 375 1849 432 dierum
1906 393 2008 430 nu-

2115 373 2462 444 τελειωθῆναι
2488 371 2548 425 τὸ
2571 371 2736 442 μέρος
2762 369 2860 441 τῆς
2890 370 3118 435 κτίσεως
3141 410 3157 438 ,
3182 371 3240 424 ὲν
3274 369 3329 425 δὲ
3358 373 3424 443 τῇ
3454 371 3698 446 δευτέρᾳ

442 490 613 540 mero,
649 475 740 542 qui
773 473 1008 541 scriptus
1048 479 1152 535 est,
1188 469 1292 525 Deo
1320 477 1516 524 cuncta
1549 467 1901 537 perﬁciente:
1933 465 2015 522 sic

441 568 604 620 etiam
636 566 724 619 hic
756 579 820 618 ea
844 561 1123 632 sapientia:
1149 560 1379 625 ratione,
1403 573 1524 628 quae
1549 557 1728 612 verbis
1749 556 2014 627 explicari

444 675 549 711 non
603 664 802 723 potest,
837 655 1012 708 tribus
1056 651 1248 705 diebus
1300 650 1502 703 malum
1554 647 1791 717 ejicitur,
1839 653 1892 702 et
1920 663 2016 702 e7.-

443 747 683 802 clnditur
711 747 780 800 ab
833 744 1163 804 hominibus,
1225 739 1565 802 mulieribus,
1623 747 1678 794 et
1716 753 1745 790 a
1786 751 2013 806 serpen-

445 841 574 892 tium
625 851 844 909 genere,
899 835 954 888 in
983 833 1184 904 quibus
1235 832 1428 902 primis
1458 837 1652 884 natura
1683 829 1800 884 vitii
1829 838 2012 883 ortqu

447 929 656 982 habuit.

517 1111 641 1164 Haec
674 1109 740 1163 de
769 1107 933 1162 trium
956 1101 1393 1159 dierumnumeri
1425 1115 1591 1155 causa
1613 1098 2009 1170 c0gitavimus:

445 1212 612 1264 recte,
665 1215 875 1262 necne,
932 1195 1242 1251 auditorum
1317 1191 1582 1262 judicium
1633 1202 1771 1247 esto.
1830 1189 2015 1260 Neque

443 1295 588 1348 enim
636 1290 800 1344 verba
843 1295 1032 1344 nostra
1083 1293 1286 1340 certam
1333 1282 1816 1338 demonstrationis
1851 1282 2015 1337 ratio-

443 1400 565 1438 nem
603 1383 802 1436 habere
840 1380 1112 1442 volumus,
1156 1377 1251 1432 sed
1284 1377 1356 1430 ita
1384 1375 1675 1445 quzerendo
1710 1389 1808 1429 nos
1855 1389 2013 1429 exer-

443 1489 647 1530 cemus.
673 1471 826 1537 Quod
858 1471 903 1524 si
939 1484 1000 1524 re
1043 1468 1160 1537 ipsa
1212 1464 1533 1536 praeﬁnitum
1568 1463 1763 1517 borum
1803 1461 2013 1518 dierum

443 1579 733 1621 numerum
780 1565 939 1633 plane
990 1561 1076 1615 vis
1120 1558 1428 1630 perspicere
1481 1555 1697 1626 (neque
1741 1556 1884 1610 enim
1938 1555 2011 1609 illi

443 1673 635 1728 parum
687 1655 859 1720 deest,
912 1653 957 1708 si
1011 1659 1135 1721 post
1201 1650 1389 1704 horam
1455 1662 1653 1701 nouam
1708 1660 2014 1716 parasceva:

444 1762 657 1820 tempus
686 1746 1022 1812 consideres,
1055 1758 1162 1816 qua
1196 1741 1414 1814 quidem
1444 1741 1577 1795 hora
1609 1737 1871 1792 Dominus
1908 1736 2012 1790 Pa-

443 1840 549 1896 tris
568 1839 822 1893 manibus
855 1837 1109 1908 spiritum
1145 1831 1590 1901 commendavit),
1618 1829 1896 1900 paulisper
1922 1837 2008 1882 at-

2114 465 2174 518 τὸ
2205 464 2422 536 ἕτερον’
2455 464 2550 516 καὶ
2592 462 2792 533 ἐφεξῆς
2840 463 3038 532 ὁμοίως
3077 463 3388 535 ἐπεραιώθη
3428 463 3494 518 τά
3528 465 3693 529 ὄντα,

2117 557 2306 626 ῥηταῖς
2331 553 2567 626 ἡμέραις
2590 553 2684 607 τοῦ
2722 552 2858 606 Θεοῦ
2887 552 2984 624 τὴν
3011 553 3188 607 κτίσιν
3245 554 3460 607 ἃπασαν
3489 573 3698 627 συναρ-

2119 647 2396 717 μόσαντος.
2422 643 2581 698 Οὕτω
2603 645 2697 697 καὶ
2718 643 2949 697 ἐνταῦθα
2975 643 3116 697 κατά
3146 644 3236 698 τὸν
3257 647 3494 717 ἀρῥητον
3520 647 3693 700 αὑτοῦ

2113 738 2213 807 τῆς
2255 736 2444 804 σοφίας
2477 735 2652 804 λόγον,
2678 736 2735 788 ὲν
2779 735 2958 806 τρισὶν
2986 735 3218 806 ἡμέραις
3263 737 3368 789 τῶν
3428 738 3594 790 ὄντων
3621 740 3694 791 τὸ

2113 829 2280 883 κακὸν
2312 826 2654 893 ὲξοικίζεται,
2686 827 2744 894 ἐξ
2766 827 3006 899 ἀνδρῶν,
3035 829 3099 880 ὲκ
3135 829 3438 896 γυναικῶν,
3463 831 3560 882 καὶ
3591 830 3692 883 τοῦ

2113 920 2300 988 γένους
2325 916 2432 970 τῶν
2475 916 2670 985 ὄφεων,
2701 916 2759 968 ὲν
2785 910 2865 978 οἷς
2900 914 3136 986 πρώτοις
3167 916 3201 986 ἠ
3229 915 3326 986 τῆς
3356 917 3556 980 κακίας
3598 918 3670 987 φύ

2115 1030 2197 1076 σις
2223 1011 2348 1081 ἔσχε
2369 1010 2468 1080 τὴν
2503 1008 2735 1076 γένεσιν.

2196 1102 2354 1156 Ἀλλά
2393 1101 2520 1172 περὶ
2553 1099 2651 1170 μὲν
2695 1101 2792 1171 τῆς
2819 1098 2911 1153 τοῦ
2950 1097 3182 1170 ἀριθμοῦ
3214 1098 3320 1150 τῶν
3348 1099 3568 1170 ήμερῶν
3601 1101 3656 1152 αἱ

2113 1195 2232 1259 τίας
2252 1236 2267 1260 ,
2318 1193 2492 1248 ταῦτα
2527 1195 2902 1264 ὑπενοήσαμεν
2927 1209 2940 1222 ’
2996 1191 3106 1244 εἴτε
3136 1191 3192 1243 δὲ
3229 1189 3424 1261 ὀρθῶς,
3452 1191 3564 1244 εἴτε
3592 1196 3690 1245 καὶ

2117 1288 2212 1357 μὴ,
2249 1289 2306 1340 ὲν
2339 1288 2403 1357 τῇ
2449 1285 2627 1357 κρίσει
2678 1284 2783 1338 τῶν
2817 1283 3099 1354 ἀκροατῶν
3132 1283 3552 1353 καταλείψομεν.
3610 1286 3687 1337 οὐ

2114 1377 2222 1448 γὰρ
2251 1377 2522 1447 ἀπόφασις
2558 1377 2586 1429 6
2611 1375 2766 1443 λόγος
2794 1375 2963 1438 ἐστὶν,
2993 1372 3126 1426 ἀλλά
3155 1375 3429 1443 γυμνασία
3455 1375 3551 1427 καὶ
3589 1375 3690 1445 ζή-

2113 1487 2289 1540 τησις.
2325 1470 2387 1522 Εί
2419 1468 2475 1522 δὲ
2509 1467 2692 1538 ζητεῖς
2733 1467 2798 1519 δι’
2829 1466 3112 1538 ἀκριϐείας
3152 1465 3277 1518 ἰδεῖν
3319 1466 3376 1518 ὲν
3414 1465 3492 1536 τῷ
3525 1467 3691 1521 πάθει

2112 1561 2222 1614 τῶν
2272 1560 2490 1632 ἡμερῶν
2531 1559 2734 1612 τούτων
2759 1559 2858 1629 τὴν
2892 1556 3226 1628 προθεσμίαν
3254 1557 3457 1628 (λείπει
3480 1558 3590 1628 γὰρ
3611 1558 3691 1629 τῷ

2119 1652 2336 1723 ἀριθμῷ
2361 1652 2461 1704 οὐκ
2488 1651 2686 1718 ὀλίγον,
2734 1651 2783 1703 εἰ
2816 1649 2952 1720 μετά
2983 1647 3080 1720 τήν
3109 1649 3336 1718 ὲννάτην
3375 1649 3475 1719 τῆς
3518 1668 3692 1722 παραο

2121 1744 2322 1812 σκευῆς
2349 1742 2498 1814 ὥραν
2526 1739 2815 1813 ἀριθμοῖης
2842 1741 2939 1801 τὺν,
2961 1740 3172 1812 χρόνον,
3200 1742 3293 1808 ἀφ’
3321 1734 3388 1812 ἧς
3431 1743 3550 1804 ταῖς
3585 1760 3690 1795 πα-

2116 1839 2332 1906 τρικαῖς
2363 1835 2520 1906 χερσὶ
2549 1833 2609 1886 τὸ
2640 1833 2856 1902 πνεῦμα
2886 1832 3192 1904 παρέθετο),
3226 1833 3419 1904 μικρὸν
3442 1833 3687 1902 ἐπίσχες,

444 1932 624 1995 tende,
653 1939 707 1985 et
730 1931 981 1991 fortasse,
1011 1927 1153 1996 quod
1185 1924 1408 1996 quaeris,
1447 1921 1711 1976 invenies.
1739 1919 2008 1986 Quonam,

2114 1928 2208 1981 καὶ
2238 1925 2464 1996 παρέξει
2498 1942 2578 1978 σοι
2611 1924 2770 1994 τυχὸν
2816 1926 2844 1978 6
2872 1923 3028 1992 λόγος
3069 1925 3164 1994 τὴν
3210 1925 3336 1994 περὶ
3369 1925 3559 1978 τούτου
3593 1943 3691 1978 σα-

444 2022 680 2091 inquies,
708 2030 867 2090 pacto
883 2017 906 2072 ?
921 2016 1125 2072 Divina:
1147 2014 1398 2087 potentia:
1427 2010 1856 2084 magnitudinem
1881 2025 2011 2065 con-

444 2113 642 2176 sidera,
673 2119 728 2166 et
757 2109 902 2181 quod
932 2110 1074 2164 scire
1106 2108 1281 2178 cupis,
1340 2106 1632 2177 intelliges.
1684 2103 2012 2169 Recordare,

443 2203 571 2274 quid
613 2203 680 2257 de
718 2217 776 2257 se
807 2201 1070 2255 Dominus
1125 2197 1512 2268 pronuntiarit,
1572 2204 1628 2252 et
1657 2211 1776 2251 eam
1837 2196 2011 2266 ipsius

442 2311 562 2353 esse
591 2295 844 2349 virtutem
862 2305 1182 2362 cognosces,
1226 2299 1283 2344 ut
1326 2289 1623 2355 voluntate,
1674 2303 1782 2342 non
1830 2298 2010 2342 autem

442 2395 652 2439 natura:
705 2381 1032 2436 necessitate
1085 2379 1322 2432 animam
1372 2392 1402 2430 a
1440 2391 1668 2446 corpore
1719 2377 2010 2447 disjimgat.

446 2475 614 2529 Nemo
644 2473 809 2535 enim,
841 2470 1038 2542 inquit,
1070 2469 1210 2524 tollit
1240 2469 1475 2522 animam
1502 2466 1670 2521 meam
1704 2484 1736 2520 a
1787 2484 1888 2523 me.
1923 2467 2013 2522 sed

444 2585 538 2638 ego
571 2582 707 2635 pono
752 2564 904 2618 illam
949 2582 979 2616 η
1029 2563 1241 2630 ηιείρεο.
1291 2559 1620 2614 Potestalem
1658 2561 1798 2613 enim
1847 2559 2012 2614 habeo

443 2658 668 2726 ponendi
695 2673 834 2718 eam,
865 2664 1244 2723 etpatcstatem
1292 2653 1455 2707 habeo
1501 2653 1692 2706 iterum
1740 2668 2014 2706 assumen-

449 2751 506 2803 di
530 2751 594 2802 ’°.
631 2748 744 2802 Hoc
776 2748 934 2801 nobis
967 2747 1040 2800 ita
1068 2745 1386 2809 constituto,
1417 2743 1702 2814 perspicue
1722 2744 1927 2813 patebit
1957 2743 2011 2798 id

444 2841 590 2912 quod
619 2839 912 2910 qua'situm
953 2843 1057 2892 est.

514 3024 616 3090 Qui
649 3020 794 3077 enim
821 3022 1090 3087 potestate
1130 3029 1230 3069 sua
1268 3022 1464 3069 cuncta
1491 3014 1752 3084 disponit,
1784 3030 1891 3069 non
1942 3031 2007 3070 ex
2039 3028 2084 3090 ο

444 3115 753 3188 proditione
808 3107 914 3164 sibi
967 3103 1369 3176 impendentem
1426 3107 1844 3169 necessitatem,
1900 3123 2008 3160 non

443 3207 760 3264 .‘udzeorum
783 3201 940 3272 quasi
973 3199 1288 3269 praedonum
1312 3197 1595 3267 impetum,
1627 3215 1735 3253 non
1761 3199 2003 3268 iniquam

446 3297 608 3354 Pilati
641 3292 970 3361 sententiam
1003 3295 1309 3359 exspectat,
1359 3296 1419 3344 ut
1459 3303 1648 3344 eorum
1700 3289 1907 3344 malitia
1942 3291 2013 3346 sit

445 3387 756 3448 communis
804 3383 1088 3440 hominum
1122 3381 1318 3437 salutis
1348 3380 1677 3451 principium
1711 3391 1762 3436 et
1806 3395 2009 3447 causa;

446 3482 544 3538 sed
592 3477 824 3534 consilio
872 3491 973 3530 suo
1021 3473 1358 3536 antevertit,
1405 3481 1460 3528 et
1507 3487 1710 3527 arcano
1757 3472 2011 3527 sacriﬁcii

445 3588 664 3644 genere,
695 3567 842 3639 quod
883 3566 952 3620 ab
983 3564 1298 3620 hominibus
1335 3564 1486 3618 cerni
1522 3581 1630 3618 non
1662 3573 1896 3633 poterat,
1925 3579 2013 3619 se-

444 3667 623 3736 ipsum
657 3677 756 3732 pro
783 3659 942 3714 nobis
981 3657 1218 3712 hostiam
1264 3655 1444 3718 oll'ert,
1485 3663 1540 3710 et
1584 3656 1863 3709 victimam
1900 3657 2006 3709 im-

445 3757 644 3815 molat,
687 3751 947 3807 sacerdos
978 3748 1142 3804 simul
1170 3747 1460 3810 exsistens,
1492 3754 1547 3800 et
1571 3761 1744 3816 agnus
1775 3745 1890 3810 Dei,
1921 3746 2011 3800 ille

443 3847 535 3916 qui
574 3843 762 3898 mundi
798 3849 1081 3912 peccatum
1132 3839 1294 3893 tollit.
1330 3837 1561 3904 Quando
1596 3837 1650 3891 id
1711 3837 2012 3908 ιιι-ωεῑίιίιῖ

443 3949 566 3990 eum
599 3945 799 4000 corpus
832 3944 989 3984 suum
1028 3927 1310 3996 discipulis
1335 3928 1676 3996 congregatis
1713 3927 2008 3993 edendum,

439 4034 494 4078 ct
534 4021 853 4090 sanguinem
885 4016 1178 4072 bibendum
1211 4016 1461 4085 praebuit,
1503 4023 1633 4070 tunc
1679 4024 1867 4086 aperte
1911 4017 2007 4072 de-

439 4114 668 4170 claravit
699 4109 823 4180 agni
859 4107 1188 4163 sacriﬁcium
1211 4106 1322 4176 jam
1350 4121 1472 4162 esse
1508 4106 1831 4176 perlectum.
1870 4106 2005 4161 Nam

437 4206 678 4260 victimae
707 4215 910 4270 corpus
939 4213 1048 4252 non
1091 4207 1175 4252 est
1222 4194 1290 4250 ad
1343 4195 1610 4251 edendum
1647 4197 1923 4263 idoneum,
1959 4198 2006 4252 si

437 4299 738 4350 animatum
791 4293 882 4346 sit.
935 4290 1117 4356 Quare
1172 4305 1294 4344 cum
1347 4304 1546 4360 corpus
1591 4290 1898 4353 edendum,
1951 4296 2007 4342 et

2116 2020 2359 2090 φήνειαν.
2413 2017 2509 2080 Τίς
2533 2012 2626 2070 οὖν
2660 2018 2688 2068 ὁ
2718 2015 2874 2085 λόγος
2899 2032 2915 2080 ;
2973 2015 3294 2084 Ἀνάϐλεψον
3319 2017 3398 2079 είς
3426 2016 3487 2069 τὸ
3518 2033 3692 2086 μεγα-

2114 2113 2256 2165 λεῖον
2287 2113 2386 2180 τῆς
2419 2109 2568 2174 θείας
2606 2109 2917 2179 δυνάμεως,
2976 2107 3069 2160 καὶ
3094 2107 3191 2161 οὐκ
3225 2108 3509 2176 ἀγνοήσεις
3535 2109 3598 2160 τὸ
3633 2110 3692 2160 ἐν

2116 2203 2264 2274 τόπῳ
2295 2200 2648 2271 ζητούμενον.
2678 2199 2954 2271 Μνήσθητι
2983 2200 3082 2268 τῆς
3108 2199 3439 2269 Δεσποτικῆς
3470 2200 3691 2266 ἀποφά-

2121 2313 2278 2359 σεως,
2303 2293 2354 2347 τί
2384 2295 2510 2365 περὶ
2539 2291 2702 2346 αὐτοῦ
2729 2290 3086 2359 ἀποφαίνεται
3113 2292 3140 2343 6
3169 2289 3261 2343 τοῦ
3289 2291 3486 2354 παντὸς
3515 2290 3694 2361 ἐξημ-

2122 2389 2285 2458 μένος
2313 2387 2374 2440 τδ
2416 2387 2616 2458 κράτος
2649 2401 2662 2416 ο
2693 2383 2812 2446 πῶς
2863 2383 3291 2456 αὐτοκρατορικῇ
3321 2383 3550 2455 ἐξουσίᾳ,
3586 2384 3695 2436 καὶ

2115 2480 2175 2533 οὑ
2223 2479 2436 2548 φύσεως
2483 2477 2696 2549 ἀνάγκῃ
2742 2474 3081 2542 διαζεύγνυσι
3125 2475 3222 2547 τὴν
3265 2475 3438 2546 ψυχὴν
3478 2477 3540 2528 ὲκ
3581 2477 3691 2530 τοῦ

2118 2571 2368 2640 σώματος
2393 2611 2406 2635 ,
2451 2571 2508 2622 ἐν
2537 2562 2617 2632 οἷς
2653 2585 2835 2637 φησιν,
2875 2567 2956 2620 ὅτι
2988 2566 3201 2631 Οὐδεὶς
3241 2567 3390 2634 αἴρει
3424 2567 3530 2635 τὴν
3557 2569 3697 2636 em-

2117 2662 2239 2730 χήν
2258 2678 2397 2729 μου,
2424 2659 2560 2713 ἀλλ’
2585 2657 2703 2726 ἐγὼ
2733 2659 2928 2724 τίθημι
2949 2655 3142 2723 αὐτὴν
3171 2655 3269 2724 ἀρ’
3289 2656 3521 2710 ἑαυτοῦ.
3549 2657 3698 2721 Ἐξο

2117 2753 2334 2807 ουσίαν
2375 2751 2492 2819 ἔχω
2523 2749 2709 2805 θεῖναι
2735 2747 2958 2816 αὐτὴν,
2986 2747 3083 2801 καὶ
3115 2747 3407 2812 ἐξουσίαν
3431 2749 3546 2816 ἔχω
3575 2750 3704 2803 πά-

2116 2845 2218 2897 λιν
2242 2841 2450 2896 λαϐεῖν
2487 2838 2698 2906 αὐτήν.
2739 2837 2909 2892 Τοῦτό
2940 2855 3028 2909 μοι
3057 2837 3252 2909 στήτω,
3283 2837 3375 2891 καὶ
3405 2836 3464 2890 τὸ
3490 2835 3704 2908 ζητού-

2120 2949 2278 3004 μενον
2319 2932 2726 3002 σεσαφήνισται.

2194 3022 2254 3074 ’0
2301 3022 2409 3092 γὰρ
2458 3020 2634 3074 πάντα
2684 3018 2824 3073 κατά
2879 3017 2976 3090 τὴν
3029 3017 3348 3092 δεσποτικὴν
3399 3020 3704 3078 αὑθεντίαν

2113 3113 2449 3183 οἰκονομῶν,
2503 3111 2602 3165 οὐκ
2655 3111 2910 3181 ἀναμένει
2974 3109 3072 3182 τὴν
3125 3111 3190 3163 ὲκ
3241 3111 3338 3182 τῆς
3393 3114 3700 3184 προδοσίας

2111 3204 2374 3274 ἀνάγκην,
2423 3203 2517 3256 καὶ
2542 3203 2640 3274 τὴν
2672 3201 2966 3274 λῃστρικὴν
3008 3201 3194 3269 ἔφοδον
3231 3203 3339 3256 τῶν
3384 3205 3703 3276 Ἰουδαίων,

2111 3292 2207 3346 καὶ
2250 3293 2347 3363 τὴν
2391 3290 2484 3344 τοῦ
2530 3291 2763 3344 Πιλάτου
2806 3291 3118 3361 παράνομον
3159 3287 3529 3362 κρίσιν,“ῶστε
3575 3298 3705 3368 τὴν

2111 3382 2333 3436 ἐκείνων
2414 3382 2610 3436 κακίαν
2692 3382 2933 3453 ἀρχηγὸν
2981 3383 3072 3436 καὶ
3118 3383 3294 3437 αἰτίαν
3346 3385 3440 3455 τῆς
3493 3392 3709 3461 κοινῆς

2109 3475 2219 3529 τῶν
2257 3474 2557 3546 ἀνθρώπιον
2607 3474 2878 3546 σωτηρίας
2915 3473 3162 3542 γενέσθαι
3186 3491 3204 3506 ο
3251 3476 3385 3529 ἀλλά
3430 3479 3712 3551 προλαμ-

2110 3567 2261 3622 ϐάνει
2301 3569 2366 3638 τῇ
2429 3567 2708 3638 οἰκονομίᾳ
2738 3565 2837 3637 τὴν
2876 3565 3080 3635 ἔφοδον,
3127 3567 3264 3621 κατά
3306 3569 3395 3622 τὸν
3434 3570 3707 3640 ἄρρητον

2109 3660 2206 3730 τῆς
2238 3659 2552 3730 ἱερουργίας
2579 3659 2801 3729 τρόπον,
2830 3659 2923 3712 καὶ
2953 3661 3064 3721 τοῖς
3100 3658 3396 3730 ἀνθρώποις
3417 3661 3705 3731 ἀόρατον,

2109 3751 2204 3804 καὶ
2227 3751 2416 3804 ἑαυτὸν
2464 3751 2802 3822 προσήνεγκε
2846 3749 3158 3821 προσφορὰν
3188 3752 3276 3803 καὶ
3300 3751 3482 3804 θυσίαν
3525 3753 3711 3828 ὑπὲρ

2109 3841 2285 3911 ἡμῶν,
2332 3842 2360 3893 6
2388 3841 2566 3912 ἱερεὺς
2592 3840 2725 3910 ἅμα,
2754 3839 2847 3892 καὶ
2877 3839 2906 3891 6
2934 3837 3104 3908 ἀμνὸς
3133 3839 3224 3892 τοῦ
3261 3838 3411 3901 Θεοῦ,
3438 3841 3465 3892 6
3497 3840 3712 3911 αἴρων

2109 3930 2204 3999 τὴν
2239 3929 2510 4000 ἁμαρτίαν
2541 3927 2634 3980 τοῦ
2660 3925 2884 3998 κόσμου.
2919 3928 3057 3981 Πότε
3080 3929 3237 3982 τοῦτο
3263 3945 3276 3993 ;
3313 3930 3433 3982 Ὅτε
3465 3929 3706 4000 βρωτὸν

2109 4020 2300 4074 ἑαυτοῦ
2343 4019 2403 4073 τὸ
2443 4018 2601 4088 σῶμα
2636 4018 2716 4081 είς
2763 4017 2962 4088 βρῶσιν
3020 4019 3206 4086 σαφῶς
3233 4018 3557 4072 ἐνδείκνυται
3613 4025 3706 4094 τῷ

2107 4113 2207 4184 ήδη
2232 4111 2558 4182 γεγενῆσθαι
2587 4109 2770 4181 ἐντελῆ
2790 4108 2883 4162 τοῦ
2907 4107 3080 4180 ἀμνοῦ
3110 4109 3204 4180 τὴν
3230 4109 3436 4163 θυσίαν.
3465 4111 3538 4165 Οὐ
3563 4116 3704 4186 γὰρ

2106 4205 2172 4259 ἂν
2204 4201 2272 4276 ῆν
2301 4206 2362 4259 τὸ
2392 4205 2550 4275 σῶμα
2574 4203 2667 4258 τοῦ
2698 4203 2894 4275 ἱερείου
2929 4203 3064 4274 πρὸς
3112 4203 3310 4274 ἐδωδὴν
3346 4204 3702 4274 ἐπιτήδειον,

2105 4294 2263 4366 εἴπερ
2290 4295 2529 4364 ἔμψυχον
2547 4290 2634 4364 ἦν.
2661 4291 2870 4347 Οὐκοῦν
2895 4293 2983 4345 ὅτε
3015 4292 3254 4363 παρέσχε
3275 4294 3386 4355 τοῖς
3405 4293 3703 4362 μαθηταῖς

436 4385 756 4454 sanguinem
789 4380 1078 4434 bibendum
1110 4379 1397 4448 discipulis
1445 4380 1711 4446 exhibuit,
1752 4379 1862 4448 jam
1912 4392 2001 4431 ar-

2111 4386 2369 4454 ἐμφαγεῖν
2391 4384 2484 4438 τοῦ
2521 4383 2790 4454 σώματος,
2815 4383 2909 4436 καὶ
2937 4382 3029 4435 τοῦ
3054 4383 3282 4452 αἵματος
3308 4384 3542 4453 ἐμπιεῖν.
3568 4386 3701 4458 ἤδη

435 4493 570 4529 cana
605 4484 658 4527 ct
710 4488 820 4526 non
871 4470 1188 4539 aspectabili
1223 4472 1434 4526 ratione
1482 4486 1685 4540 corpus
1738 4479 1857 4524 erat
1896 4470 2001 4523 im—

435 4571 721 4632 molatum,
757 4575 815 4619 ut
845 4565 1020 4632 ipsius
1058 4566 1375 4634 mysterium
1413 4565 1721 4635 peragentis
1741 4564 2000 4634 potestati

431 4660 776 4714 collibuerat.
815 4654 879 4707 Et
907 4655 1087 4707 anima
1119 4655 1173 4706 in
1216 4655 1321 4709 illis
1347 4667 1483 4722 erat,
1513 4657 1566 4709 in
1591 4656 1790 4725 quibus
1809 4655 1998 4711 eadem

431 4754 548 4821 ipsa
581 4755 826 4819 potestas
862 4745 1012 4799 illam
1045 4744 1316 4814 deposuit,
1360 4747 1632 4818 simulque
1661 4762 1783 4802 cum
1815 4747 1995 4802 divina

431 4842 655 4906 virtute,
689 4851 812 4908 qua:
843 4851 964 4889 cum
991 4835 1081 4888 illa
1111 4842 1231 4888 erat
1259 4835 1575 4904 conjuncta,
1610 4836 1664 4890 in
1687 4850 1749 4890 ea
1778 4835 1998 4906 regione

430 4929 616 4983 cordis
650 4935 869 4982 versata
899 4934 1000 4980 est.
1038 4926 1224 4995 Itaque
1255 4925 1300 4980 si
1325 4927 1449 4996 quis
1487 4927 1612 4982 inde
1662 4936 1874 4996 tempus
1907 4927 1995 4980 in-

430 5019 599 5088 cipiat
638 5017 898 5080 dimetiri,
932 5031 1055 5070 cum
1091 5016 1422 5071 sacriﬁcium
1468 5017 1576 5072 Deo
1612 5019 1812 5072 factum
1848 5028 1931 5073 est
1965 5033 1997 5072 a

430 5123 630 5179 magno
651 5108 744 5161 illo
776 5107 1028 5177 Principe
1072 5107 1440 5171 sacerdotum,
1471 5109 1565 5178 qui
1599 5109 1835 5173 ratione,
1874 5125 1998 5178 qua:

430 5220 529 5256 nec
564 5200 747 5256 verbis
772 5198 1057 5268 explicari,
1086 5214 1187 5252 nec
1220 5199 1394 5252 oculis
1422 5201 1655 5268 perspici
1685 5200 1889 5270 potuit,
1916 5216 1996 5255 se—

431 5308 607 5362 Ipsum
673 5305 770 5359 pro
833 5287 1109 5343 communi
1180 5287 1462 5341 hominum
1519 5288 1693 5342 salute
1736 5298 1995 5358 tanquam

430 5400 625 5454 agnum
655 5381 874 5444 obtulit,
925 5396 1032 5435 non
1082 5378 1300 5438 recedet
1333 5394 1363 5433 a
1409 5381 1655 5434 veritate.
1692 5379 1817 5432 Erat
1848 5381 1991 5434 enim

432 5491 650 5546 vesp-cra
679 5515 694 5538 ,
739 5489 863 5529 cum
915 5487 1128 5527 sacrum
1183 5470 1314 5526 illud
1358 5487 1558 5541 corpus
1593 5468 1989 5525 comederunt:

431 5563 838 5634 quanrquidem
875 5577 1156 5632 vesperam
1208 5579 1336 5628 nox,
1367 5579 1484 5634 qua:
1516 5577 1845 5632 parascevcu
1893 5579 1989 5616 au-

498 5655 542 5686 ”
597 5655 751 5710 Joan.
786 5673 837 5722 x,
871 5655 955 5708 18.

2103 4474 2238 4527 κατὰ
2262 4474 2322 4526 τὸ
2354 4473 2577 4544 θελητὸν
2629 4473 2695 4543 τῇ
2731 4472 2946 4543 ἐξουσίᾳ
2970 4470 3064 4524 τοῦ
3094 4471 3154 4523 τὺ
3200 4473 3492 4541 μυστήριον
3520 4473 3704 4528 οἱκο-

2099 4563 2389 4634 νομοῦντος
2409 4563 2660 4634 ἀρρήτως
2688 4579 2746 4614 τε
2781 4563 2874 4615 καὶ
2894 4562 3136 4631 ἀοράτως
3156 4561 3218 4616 τὸ
3245 4560 3402 4630 σῶμα
3421 4561 3699 4618 ἐτέθυτο.

2099 4655 2266 4722 Καὶή
2313 4651 2456 4724 ψυχὴ
2498 4655 2554 4705 ὲν
2588 4652 2815 4714 ἐκείνοις
2854 4647 2942 4723 ἦν,
2973 4655 3031 4704 ὲν
3059 4645 3140 4714 οἷς
3177 4651 3344 4720 αὐτὴν
3383 4652 3415 4722 ή
3445 4650 3701 4716 ἐξουσία

2098 4745 2191 4800 τοῦ
2221 4743 2623 4816 οίκονομοῦντος
2647 4742 2937 4796 ἐναπέθετο
2967 4741 3105 4812 μετά
3134 4741 3232 4812 τῆς
3255 4740 3698 4815 ἐγκεκραμένης

2098 4838 2234 4909 αὐτῇ
2277 4837 2426 4899 Θείας
2463 4819 2758 4906 δυνάμεως,
2793 4835 2881 4887 τὸν
2914 4836 2970 4886 ἐν
3017 4832 3215 4903 καρδία
3244 4834 3440 4885 ἐκεῖνον
3487 4831 3696 4904 χῶρον

2099 4926 2483 5001 περιπολοῦσα.
2537 4927 2741 4980 Οὐκοῦν
2785 4926 2878 4994 ἀφ’
2912 4918 2972 4978 οὗ
3024 4923 3304 4996 προσήχθη
3346 4922 3419 4993 τῷ
3455 4922 3591 4994 Θεῷ
3656 4931 3690 4997 ἡ

2098 5019 2255 5072 θυσία
2281 5019 2431 5090 παρά
2459 5017 2549 5072 τοῦ
2579 5018 2814 5090 μεγάλου
2850 5017 3189 5089 Ἀρχιερέως.
3223 5017 3314 5070 τοῦ
3351 5015 3434 5068 τὸν
3465 5016 3686 5071 ἑαυτοῦ

2097 5110 2265 5182 ἀμνὸν
2282 5110 2417 5180 ὑπὲρ
2435 5109 2532 5179 τῆς
2553 5109 2736 5178 κοινῆς
2757 5109 3024 5180 ἁμαρτίας
3043 5108 3294 5178 ἀρρήτως
3313 5124 3368 5159 τε
3390 5108 3484 5160 καὶ
3503 5108 3686 5176 ἀορά-

2095 5219 2201 5264 τως
2223 5201 2686 5272 ίερουργήσαντος,
2709 5201 2816 5254 ἀπὸ
2831 5200 2950 5252 τότε
2974 5216 3055 5261 τις
3083 5198 3330 5268 ἀριθμῶν
3358 5198 3445 5250 τὸν
3472 5199 3680 5269 χρόνον

2095 5293 2194 5362 τῆς
2221 5290 2474 5363 ἀληθείας
2505 5291 2602 5362 οὐχ
2625 5291 3022 5362 ἁμαρτήσεται.
3067 5288 3304 5359 Ἐσπὲρα
3335 5289 3429 5355 μὲν
3460 5288 3565 5357 γάρ
3595 5285 3682 5360 ἦν

2095 5384 2182 5436 ὅτε
2219 5383 2432 5455 ὲδρώθη
2469 5383 2530 5436 τὸ
2577 5384 2717 5452 ἱερὸν
2755 5384 2928 5434 ἐκεῖνο
2987 5380 3081 5434 καὶ
3123 5381 3273 5448 ἅγιον
3315 5380 3491 5449 σῶμα.
3541 5379 3686 5449 Νὺξ

2094 5471 2150 5525 δὲ
2179 5472 2277 5543 τὴν
2308 5473 2540 5542 ἑσπέραν
2561 5473 2772 5542 εκείνην
2803 5473 2835 5543 ἠ
2864 5472 2968 5544 πρὸ
2989 5475 3086 5544 τῆς
3116 5476 3464 5545 παραακευῆς
3488 5470 3684 5524 διεδέ-

2097 5561 2242 5626 ξατο.
2287 5558 2477 5633 Εἷταὴ
2509 5561 2607 5632 τῆς
2639 5563 2988 5632 παρασκευῆς
3021 5563 3222 5632 ἡμέρα,
3252 5565 3318 5635 τῇ
3351 5562 3689 5637 ἐπεισάκτῳ
