3930 6210
272 156 393 213 613

1210 153 1279 209 ΙΝ
1315 152 1593 211 CHRISTI
1649 101 2283 207 RESURRECTIONEM
2322 147 2532 206 ORAT.
2573 147 2607 203 1.

3441 150 3546 207 6M

281 269 444 326 νυκτὶ
491 262 881 340 διατμηθεῖσα,
929 269 1009 333 είς
1048 269 1178 340 μίαν
1203 269 1373 325 νύκτα
1412 272 1508 325 καὶ
1545 272 1625 336 είς
1653 268 1867 342 ἡμέρας

1973 267 2195 334 tecedit,
2210 266 2445 336 excepit.
2474 264 2614 321 Huic
2637 266 2909 322 successit
2928 261 3248 322 Parascevae
3270 265 3408 332 dies,
3426 282 3548 337 qua:

284 358 382 417 δύο
415 358 876 431 καταψηφίζεται.
906 360 967 413 Ei
982 359 1092 431 γὰρ
1114 360 1176 414 τὸ
1201 346 1391 427 σκότος
1415 364 1445 416 ό
1472 361 1604 427 Θεὸς
1641 364 1865 419 ἐκάλεσε

286 453 481 518 νύκτα,
510 453 570 506 ὲν
612 451 668 504 δὲ
708 453 829 515 ταῖς
874 451 1052 523 τρισὶν
1100 451 1271 524 ὥραις
1307 453 1523 522 ἐγένετο
1553 453 1742 516 σκότος
1775 454 1869 508 ἐπὶ

282 546 474 598 πᾶσαν
502 542 600 613 τὴν
621 540 946 611 οἰκουμένην
976 556 991 570 °
1024 539 1163 611 αὕτη
1205 542 1352 595 ἐστὶν
1381 544 1416 613 ἡ
1446 541 1586 596 κατὰ
1616 542 1675 596 τὸ
1707 543 1870 614 μέσον

277 636 389 707 τῆς
425 633 633 705 ἡμέρας
683 632 1142 703 καινοτομηθεῖσα
1170 631 1297 699 νὺξ,
1343 632 1412 687 τὰ
1460 633 1555 687 δύο
1611 636 1871 705 τμήματα

279 729 402 780 τῶν
436 725 654 798 ἡμερῶν
689 725 757 779 δι’
809 726 1010 797 ἑαυτῆς
1048 725 1483 796 περιγράφουσα,
1518 726 1581 780 τὸ
1625 727 1722 800 μὲν
1764 728 1872 781 ἀπὺ

280 819 387 872 τοῦ
412 818 611 892 ὄρθρου
660 818 754 871 ἐπὶ
772 817 871 889 τὴν
890 816 1057 888 ἕκτην
1083 816 1254 889 ὥραν,
1276 818 1337 871 τὸ
1362 818 1420 871 δὲ
1454 818 1561 872 ἀπὸ
1581 820 1679 890 τῆς
1706 819 1861 874 ἐννά-

280 928 390 983 της
418 909 512 964 ἐπὶ
544 910 645 980 τὴν
681 908 941 979 ἑσπέραν.
995 908 1159 962 Ὥστε
1186 903 1326 962 εἶναι
1355 909 1515 981 μέχρι
1539 908 1751 971 τούτου,
1776 908 1871 963 δύο

281 1003 492 1065 νύκτας
512 1001 607 1055 καὶ
632 1000 849 1072 ἡμέρας
870 999 981 1053 δύο.
1013 995 1167 1065 Εἶτα,
1200 999 1305 1072 πρὸ
1325 999 1418 1053 τοῦ
1446 999 1727 1055 Σαϐϐάτου
1749 1000 1867 1065 νὺξ,

285 1093 385 1147 καὶ
423 1090 566 1163 μετὰ
596 1090 802 1159 ταύτην
834 1092 870 1161 ἡ
917 1089 1011 1144 τοῦ
1057 1091 1336 1145 Σαὸὃὰτου
1366 1091 1567 1163 ἡμέρα,
1601 1091 1741 1162 ἔχεις
1774 1091 1875 1157 τὰς

282 1186 441 1256 τρεῖς
479 1182 702 1259 νὺιτας.
754 1182 998 1254 Ζήτησόν
1030 1199 1123 1253 μοι
1162 1182 1346 1237 λοιπὸν
1378 1184 1477 1255 τὴν
1508 1184 1873 1254 ἁναστάσιμον

285 1274 457 1345 ὥραν,
485 1274 582 1327 καὶ
612 1272 865 1344 εὑρήσεις
902 1272 1000 1343 τὴν
1033 1275 1090 1326 ὲν
1114 1276 1227 1337 τοῖς
1252 1274 1568 1345 εἰρημένοις
1596 1274 1869 1346 ἀλήθειαν.

287 1367 429 1419 Πότε
458 1360 551 1420 οὖν
570 1365 750 1433 τοῦτο;
787 1364 933 1434 Ὀψὲ
949 1364 1288 1430 Σαϐϐάτων,
1305 1364 1577 1431 Ματθαῖος
1597 1366 1867 1438 βοᾷ.Αὖτη

280 1473 369 1509 τοι
395 1458 431 1528 ἡ
452 1455 571 1528 ὥρα
600 1454 701 1525 τῆς
718 1454 1087 1519 ’Δναστάσεως
1114 1454 1253 1509 κατὰ
1270 1454 1366 1525 τὴν
1389 1454 1481 1509 τοῦ
1506 1455 1736 1525 ἀγγέλου
1768 1473 1875 1525 φω-

283 1550 409 1619 νήν.
440 1542 608 1611 Οὗτος
632 1548 758 1618 ὅρος
781 1546 881 1615 τῆς
908 1548 970 1599 ἐν
1004 1546 1200 1618 καρδίᾳ
1225 1546 1327 1617 τῆς
1356 1548 1458 1618 γῆς
1479 1545 1755 1617 διαγωγῆς
1779 1545 1871 1600 τοῦ

1974 364 2135 411 nocte
2163 356 2254 410 illa
2283 363 2511 426 propter
2539 354 2674 411 solis
2705 355 3147 412 obscurationem
3176 355 3462 425 interiecta
3490 357 3548 413 in

1975 449 2092 505 dies
2130 449 2272 504 duos
2319 457 2375 503 et
2431 458 2649 503 noctem
2698 461 2860 502 unam
2901 447 3078 503 divisa
3125 455 3233 503 est.
3290 446 3448 513 Nam,
3498 449 3545 505 si

1979 543 2125 598 Deus
2154 552 2370 599 noctem
2421 544 2677 600 tenebras
2715 543 3007 613 appellavit
3031 544 3096 610 ³¹,
3130 544 3306 601 tribus
3366 553 3544 601 autem

1977 634 2129 691 horis
2150 635 2390 690 tenebrae
2407 634 2565 690 facta:
2591 644 2721 691 sunt
2744 650 2908 705 super
2926 636 3236 692 universam
3252 643 3455 692 terram
3476 637 3543 701 ³²,

1977 726 2215 797 spatium
2252 725 2385 781 illud
2410 727 2465 780 in
2504 725 2608 782 diei
2649 727 2830 781 medio
2874 727 3234 782 constitutum
3270 743 3375 783 nox
3421 728 3544 789 fuit,

1977 833 2099 888 quae
2128 817 2360 886 singulis
2416 817 2567 875 illius
2616 833 2682 873 cx
2732 827 2965 889 utraque
3005 830 3161 889 parte
3213 820 3546 875 sectionibus

1978 910 2140 965 binos
2167 908 2285 964 dies
2316 909 2566 965 deﬁnivit
2613 928 2627 965 :
2671 926 2843 965 unum
2876 909 3095 980 quidem
3147 911 3216 965 ab
3257 919 3381 965 ortu
3417 911 3548 966 solis

1979 1018 2155 1072 usque
2184 1001 2251 1055 ad
2278 1010 2484 1057 sextam
2533 1002 2748 1067 horam,
2794 1002 3030 1057 alterum
3085 1011 3268 1057 autem
3297 1003 3366 1057 ab
3416 1002 3548 1058 liora

1977 1108 2122 1148 nona
2144 1108 2325 1163 usque
2354 1094 2421 1148 ad
2462 1108 2771 1164 vesperam.
2798 1093 2976 1163 Atque
3010 1094 3083 1147 ita
3111 1095 3250 1149 duas
3297 1093 3409 1163 jam
3450 1110 3549 1149 no-

1979 1191 2094 1239 ctes
2136 1183 2422 1248 habemus,
2463 1191 2518 1239 et
2573 1183 2797 1239 totidem
2833 1185 2972 1240 dies.
3008 1183 3147 1240 Hinc
3182 1184 3406 1238 Sabbati
3439 1200 3549 1239 nox

1978 1283 2062 1331 est
2090 1276 2407 1340 subsecuta,
2444 1282 2499 1331 et
2529 1273 2751 1331 Sabbati
2774 1275 2914 1333 dies.
2937 1276 3018 1331 Ex
3043 1277 3246 1347 quibus
3278 1286 3388 1331 tres
3405 1275 3545 1337 dies.
3595 1314 3608 1327 .

1979 1376 2034 1422 et
2084 1377 2279 1424 noctes
2332 1368 2518 1424 itidem
2558 1376 2671 1424 tres
2712 1353 3101 1426 conﬁciuntur.
3136 1369 3431 1440 Reliquum
3464 1378 3550 1424 est

1979 1466 2035 1513 ut
2066 1460 2489 1516 resurrectionis
2524 1461 2710 1515 horam
2764 1462 3146 1532 inquiramus:
3189 1477 3295 1533 qua
3327 1462 3547 1532 quidem

1979 1550 2224 1616 inventa,
2263 1551 2468 1607 veritas
2513 1552 2774 1607 exstabit.
2828 1551 3058 1619 Quando
3108 1555 3274 1625 igitur
3305 1553 3546 1609 surrexit

284 1641 518 1712 Κυρίου.
534 1640 803 1712 Ἐσπέρσις
815 1641 923 1711 γὰρ
942 1639 1040 1710 ἤδη
1065 1638 1283 1710 βαθείας
1311 1640 1679 1712 γεγενημένης
1701 1639 1871 1712 (ἀρχὴ

1976 1640 2284 1699 Dominus?
2313 1642 2534 1714 Vespere
2560 1641 2918 1699 Sabbatorum
2938 1686 2953 1712 ,
2991 1644 3090 1698 tibi
3127 1644 3414 1700 Matthzeus
3440 1645 3548 1698 cla-

290 1734 352 1787 δὲ
375 1730 446 1805 ἦν
492 1734 589 1805 τῆς
616 1733 808 1797 νυκτὸς
840 1733 1057 1803 ἐκείνης
1088 1735 1121 1804 ἡ
1149 1734 1375 1806 ἑσπέρα,
1404 1733 1471 1804 ἣν
1508 1733 1808 1804 διαδέχεται
1836 1733 1871 1803 ἡ

293 1826 401 1896 μία
423 1823 528 1878 τῶν
555 1823 841 1878 Σαϐόάτων
878 1824 1122 1896 ἡμέρα),
1168 1826 1287 1878 τότε
1318 1827 1347 1879 ό
1393 1825 1613 1896 σεισμὸς
1642 1824 1867 1894 γίνεται.

291 1915 431 1969 Τότε
459 1917 486 1968 ό
513 1916 949 1986 καταστράπτων
988 1919 1100 1981 τοῖς
1141 1916 1431 1987 ὲνδύμασιν
1473 1916 1701 1986 ἄγγελος
1740 1917 1874 1970 ἀπο-

288 2006 466 2061 κυλίει
489 2006 579 2060 τὸν
608 2006 756 2060 λίθον
784 2006 877 2060 τοῦ
904 2007 1194 2078 μνημείου.
1224 2008 1288 2059 Ai
1317 2008 1373 2061 δὲ
1392 2011 1651 2077 γυναῖκες
1681 2006 1873 2078 μικρὸν

285 2098 704 2171 ἑτεορθρίσασαι,
732 2098 1136 2168 ὑποφαινούσης
1164 2100 1263 2170 ἤδη
1293 2100 1390 2171 τῆς
1418 2099 1528 2170 ήμέ
1540 2116 1639 2167 ρας
1669 2099 1731 2151 τὸ
1752 2098 1875 2167 φέγ-

284 2208 406 2260 γος,
427 2190 505 2254 ὡς
531 2190 626 2243 καί
659 2208 779 2244 τινα
820 2189 1050 2263 ἡλιακὴν
1083 2190 1255 2259 αὐγὴν
1291 2191 1390 2261 τῆς
1413 2190 1680 2260 ἀνατολῆς
1705 2190 1873 2260 ὑπερ-

285 2282 600 2354 φαίνεσθαι,
625 2283 747 2336 τότε
774 2280 1045 2354 ἱστοροῦσι
1073 2281 1171 2352 τὴν
1194 2281 1296 2352 ἤδη
1325 2278 1700 2350 γεγενημένην
1738 2278 1874 2333 ἀνά-

288 2392 517 2430 στασιν·
550 2375 608 2429 αἶ
639 2375 701 2428 τὸ
726 2374 828 2445 μὲν
857 2373 1041 2445 θαῦμα
1071 2372 1335 2442 ἔγνωσαν,
1378 2371 1476 2442 τὴν
1513 2372 1571 2425 δὲ
1603 2370 1750 2442 ὥραν
1773 2372 1872 2425 οὐκ

284 2466 667 2539 ἐδιδάχθησαν.
688 2467 810 2520 Ὅτι
845 2465 943 2537 μὲν
969 2465 1078 2537 γὰρ
1107 2464 1337 2538 ἠγέρθη,
1385 2459 1508 2517 εἷπε
1539 2463 1676 2534 πρὸς
1701 2463 1872 2527 αὑτὰς

284 2562 315 2613 δ
347 2558 584 2627 ἄγγελος
609 2574 625 2590 ·
671 2557 734 2610 τὸ
760 2557 817 2611 δὲ
856 2557 1008 2621 πότε,
1040 2554 1121 2626 τῷ
1163 2557 1367 2628 ῥήματι
1410 2556 1471 2608 οὐ
1511 2554 1868 2626 προσέθηκεν.

300 2649 444 2703 Ἀλλ’
490 2651 520 2703 ὁ
565 2647 741 2719 μέγας
788 2647 1064 2710 Βίατθαῖος
1109 2646 1266 2717 μόνος
1317 2647 1425 2699 τῶν
1471 2644 1871 2722 εὐαγγελιστῶν

288 2743 513 2795 πάντων
535 2740 627 2794 τὸν
652 2739 844 2810 καιρὸν
872 2739 940 2792 δι’
966 2739 1254 2811 ἀκριϐείας
1278 2739 1680 2809 ἐπεσημήνατο,
1702 2737 1871 2792 εἰπὼν

282 2834 385 2904 τὴν
415 2832 659 2904 ἑσπέραν
684 2827 826 2886 εἶναι
843 2830 939 2885 τοῦ
963 2831 1265 2896 Σαϐϐάτου,
1295 2829 1392 2902 τὴν
1419 2830 1570 2902 ὤραν
1589 2830 1687 2902 τῆς
1720 2830 1872 2886 Ἀνα-

290 2926 566 2990 στάσεως.

1977 1750 2035 1791 ra
2067 1749 2202 1791 voce
2241 1734 2529 1791 denuntiat
2550 1735 2617 1789 ³³.
2653 1735 2779 1791 Haec
2810 1743 2898 1792 est
2934 1735 3360 1792 resurrectionis
3389 1737 3547 1803 hora,

1975 1827 2278 1885 secundum
2336 1826 2517 1898 angeli
2567 1841 2780 1883 vocem.
2813 1826 2915 1883 Hie
2955 1828 3222 1885 terminus
3272 1827 3373 1884 fuit
3401 1844 3552 1884 com-

1974 1918 2301 1991 morationis
2327 1915 2545 1973 Domini
2596 1919 2650 1972 in
2682 1918 2848 1974 corde
2895 1927 3077 1974 terrae.
3134 1916 3375 1990 Vespera
3403 1920 3548 1975 enim

1922 2065 1945 2085 ,
1971 2011 2084 2081 jam
2116 2009 2409 2081 profunda,
2443 2024 2567 2081 qua:
2593 2009 2814 2080 quidem
2859 2024 3085 2081 vespera
3136 2010 3339 2077 noctis,
3385 2025 3549 2081 quam

1974 2117 2079 2157 una
2110 2102 2474 2157 Sabbatorum
2498 2101 2619 2157 dies
2645 2101 3029 2172 consequitur,
3056 2101 3387 2174 principium
3409 2113 3547 2166 erat,

1975 2201 2317 2249 terraemotus
2349 2191 2530 2249 factus
2555 2199 2656 2248 est.
2692 2191 2848 2247 Tunc
2887 2193 3118 2263 angelus
3153 2193 3209 2246 in
3258 2180 3549 2247 vestimen-

1972 2285 2046 2340 tis
2086 2283 2302 2355 fulgens
2331 2284 2566 2339 revolvit
2592 2283 2824 2353 lapidem
2872 2284 3235 2338 monumenti.
3289 2282 3547 2337 Mulieres

1974 2382 2159 2431 autem
2183 2390 2342 2429 mane
2364 2383 2677 2446 surgentes,
2709 2389 2834 2429 cum
2860 2373 2968 2429 diei
2990 2375 3100 2445 jam
3123 2374 3214 2429 lux
3242 2382 3549 2445 appareret,

1972 2474 2025 2523 et
2053 2465 2288 2522 orientis
2315 2465 2451 2522 solis
2503 2466 2766 2537 splendor
2815 2473 3157 2531 cerneretur,
3202 2475 3316 2521 tum
3371 2468 3548 2522 visum

1974 2562 2208 2627 pergunt
2235 2556 2721 2622 resurrectionem,
2764 2570 2886 2626 quae
2916 2555 3044 2626 jam'
3083 2555 3233 2612 facta
3281 2566 3443 2613 erat:
3495 2565 3552 2614 et

1973 2646 2300 2703 miraculum
2328 2634 2553 2717 quidem
2585 2656 2985 2718 cognoverunt,
3020 2649 3209 2703 horam
3236 2658 3414 2704 autem
3441 2664 3549 2721 qua

1972 2736 2314 2807 contigisset,
2349 2752 2458 2793 non
2501 2736 2832 2793 didicerunt.
2866 2738 3109 2809 Angelus
3159 2740 3307 2795 enim
3361 2756 3548 2797 surre-

1972 2828 2120 2884 xisse
2150 2827 2373 2899 quidem
2405 2826 2698 2885 Dominum
2749 2828 3062 2895 nuntiavit;
3096 2830 3317 2900 quando
3368 2840 3548 2887 autem

1974 2920 2298 2986 surrexerit,
2331 2934 2440 2975 non
2470 2918 2748 2990 patefecit.
2780 2920 2850 2975 At
2880 2935 3113 2992 magnus
3139 2922 3425 2980 Matthaeus
3456 2939 3547 2980 so-

287 3022 378 3075 lus
421 3034 492 3074 ex
546 3016 808 3074 omnibus
850 3015 1202 3088 evangelistis
1256 3021 1474 3086 tempus
1522 3024 1780 3071 accurate
1826 3012 2142 3084 descripsit,
2206 3012 2398 3068 dicens
2442 3011 2890 3070 Resurrectionis
2958 3013 3149 3069 horam
3198 3013 3369 3070 fuisse
3412 3013 3546 3073 Sab-

287 3113 400 3169 bati
431 3125 735 3178 vesperam.

360 3204 428 3260 Εἰ
456 3203 516 3257 δὲ
544 3201 721 3256 ταῦτα
745 3201 933 3256 τοῦτον
961 3200 1075 3271 ἔχει
1101 3199 1194 3253 τὸν
1226 3200 1444 3272 τρόπον,
1489 3200 1718 3272 ἕστηκεν
1734 3202 1867 3271 ἡμῖν

2040 3196 2173 3263 Quae
2202 3211 2327 3254 cum
2364 3198 2440 3252 ita
2470 3212 2531 3253 se
2560 3196 2821 3260 habeant,
2852 3206 3070 3253 constat
3100 3199 3260 3254 nobis
3307 3198 3546 3269 praeﬁni-

286 3298 323 3368 η
353 3293 686 3366 προθεσμία,
724 3292 837 3347 ἀπὸ
864 3293 962 3364 τῆς
991 3291 1131 3362 μετὰ
1168 3291 1265 3364 τὴν
1307 3292 1566 3363 πέμπτην
1608 3290 1867 3361 ἑσπέρας,

289 3389 369 3452 είς
405 3388 512 3459 τὴν
542 3386 638 3440 τοῦ
668 3385 948 3440 Σαόὁάτου
991 3386 1230 3457 ἑσπέραν
1270 3384 1726 3456 διαμετρουμένου
1775 3382 1870 3438 τοῦ

289 3478 510 3550 χρόνου,
553 3478 655 3548 τῆς
685 3475 981 3548 ἐμϐολίμου
1012 3476 1207 3539 νυκτὸς
1226 3513 1241 3537 ,
1293 3475 1477 3538 καθὼς
1508 3474 1746 3547 εἴρηται.
1770 3472 1871 3545 τὴν

291 3568 650 3641 παρασκευὴν
686 3570 768 3632 είς
810 3568 1021 3640 ἡμέρας
1048 3566 1143 3622 δύο
1179 3567 1272 3623 καὶ
1298 3567 1469 3621 νύκτα
1505 3567 1636 3637 μίαν
1663 3582 1873 3639 κερμα-

289 3663 568 3733 τιζούσης.
601 3661 750 3715 Ἔδει
776 3661 888 3731 γὰρ
909 3660 1001 3714 ἐπὶ
1035 3660 1130 3714 τοῦ
1158 3660 1512 3725 δεσπόζοντος
1537 3660 1596 3713 ὲν
1622 3661 1689 3730 τῇ
1716 3658 1873 3713 δυνα-

293 3756 450 3826 στείᾳ
475 3753 641 3808 αὑτοῦ
662 3753 758 3807 τοῦ
794 3753 1008 3819 αἰῶνος,
1049 3753 1123 3826 μὴ
1148 3756 1259 3818 τοῖς
1291 3752 1739 3824 συντεταγμένοις
1780 3750 1871 3806 τοῦ

291 3845 493 3916 χρόνου
526 3844 738 3916 μέτροις
775 3844 847 3898 τὰ
878 3843 1014 3915 ἔργα
1055 3844 1176 3897 κατ’
1224 3844 1470 3915 ἀνάγκην
1503 3844 1874 3918 συμπαρατεί-

292 3933 491 3990 νεσθαι
511 3948 527 3964 ·
553 3932 682 3987 ἀλλὰ
700 3933 840 4004 πρὸς
866 3931 967 4005 τὴν
988 3933 1095 3987 τῶν
1114 3932 1283 3988 ὄντων
1311 3933 1499 4004 χρείαν
1531 3932 1872 4004 καινοτομεῖ-

290 4027 422 4081 σθαι
452 4024 548 4080 τοῦ
566 4025 757 4096 χρόνου
778 4026 848 4080 τὰ
871 4026 1065 4098 μέτρα,
1100 4026 1196 4079 καὶ
1222 4025 1624 4097 συντομώτερον
1646 4024 1743 4098 τὴν
1764 4023 1875 4078 τῶν

284 4118 514 4188 ἀγαθῶν
545 4119 826 4190 ἐνέργειαν
854 4117 956 4187 τῆς
988 4116 1141 4182 θείας
1185 4117 1467 4184 δυνάμεως
1496 4116 1870 4188 ἐπιτελούσης,

289 4206 639 4280 ωλοδώτερα
677 4207 772 4262 τοῦ
817 4208 1010 4280 χρόνου
1047 4207 1426 4279 σχεδιασθῆναι
1455 4207 1522 4261 τὰ
1553 4208 1726 4280 μέτρα
1750 4224 1764 4238 ’
1799 4207 1873 4271 ὡς

291 4301 429 4372 μήτε
453 4299 719 4353 ἐλάττονα
754 4298 870 4353 τῶν
896 4298 1062 4372 τριῶν
1096 4300 1322 4372 ἡμερῶν
1362 4300 1457 4354 καὶ
1477 4299 1584 4354 τῶν
1609 4299 1875 4355 τοσούτων

288 4390 501 4445 νυκτῶν
524 4390 899 4462 ἀριθμηθῆναι
924 4391 1014 4445 τὸν
1043 4392 1256 4462 χρόνον.
1317 4391 1534 4463 Ἐπειδὴ
1562 4390 1751 4446 τοῦτον
1784 4391 1874 4446 τὸν

284 4480 527 4553 ἀριθμὸν
555 4482 586 4535 ό
629 4481 892 4553 μυστικὸς
929 4483 1025 4537 καὶ
1066 4482 1379 4556 ἀπόρρητος
1408 4484 1658 4555 ἐπιζητεί
1692 4483 1869 4553 λόγος,

1971 3297 2089 3344 tum
2123 3287 2291 3344 tridui
2322 3288 2562 3360 spatium
2592 3303 2624 3342 a
2644 3303 2870 3357 vespera
2898 3296 3022 3358 post
3058 3290 3305 3360 quintam
3354 3305 3530 3360 usque

1970 3380 2040 3435 ad
2089 3395 2372 3452 vesperam
2426 3378 2653 3436 Sabbati
2699 3388 2914 3448 tempus
2981 3382 3406 3438 resurrectionis
3467 3384 3542 3437 ita

1970 3471 2405 3539 dimetientibus,
2465 3479 2525 3527 ut
2580 3471 2868 3542 interiecta
2907 3484 3034 3537 nox,
3083 3473 3545 3543 quemadmodum

1970 3564 2176 3619 dictum
2207 3572 2314 3632 est,
2354 3572 2806 3628 connumeretur,
2837 3580 2960 3635 quae
2983 3579 3314 3636 parasceven
3347 3567 3404 3623 in
3427 3565 3546 3621 dies

1972 3656 2114 3713 duos
2143 3666 2199 3712 et
2224 3665 2441 3712 noctem
2484 3671 2649 3711 unam
2698 3657 2957 3728 partitur.
2998 3656 3237 3713 Decebat
3285 3658 3451 3724 enim,
3483 3666 3546 3712 ut

1973 3748 2027 3802 in
2066 3747 2188 3817 ejus
2220 3748 2476 3818 imperio,
2507 3749 2601 3818 qui
2639 3748 2859 3804 saeculis
2886 3746 3224 3815 dominatur,
3276 3764 3415 3804 nova
3452 3764 3543 3803 ra-

1973 3837 2122 3893 tione
2151 3838 2331 3907 spatia
2363 3838 2626 3909 temporis
2666 3839 3218 3895 accommodarentur
3249 3840 3317 3895 ad
3362 3855 3543 3895 rerum

1973 3928 2286 3993 utilitatem,
2319 3944 2429 3984 non
2459 3939 2640 3986 autem
2675 3946 2766 3987 res
2789 3932 3109 3989 necessario
3143 3933 3364 3988 statutis
3409 3941 3546 3988 tem-

1972 4021 2125 4090 poris
2179 4021 2435 4078 terminis
2477 4022 2924 4087 extenderentur,
2976 4031 3033 4080 et
3069 4022 3256 4077 divina
3303 4023 3543 4093 potentia

1973 4110 2209 4167 celerius
2236 4111 2381 4165 bona
2406 4111 2570 4168 nobis
2595 4112 2663 4166 ad
2693 4113 2900 4168 exitum
2931 4113 3282 4181 perducente,
3328 4113 3545 4167 termini

1975 4201 2239 4271 temporis
2269 4201 2345 4256 ita
2378 4201 2856 4265 contraherentur,
2892 4209 2949 4255 ut
2985 4215 3094 4255 non
3150 4204 3437 4271 pauciores
3462 4211 3542 4285 ta!-

1973 4306 2117 4358 men,
2162 4307 2323 4361 quam
2357 4302 2468 4349 tres
2506 4293 2631 4351 dies
2685 4299 2739 4348 et
2790 4292 3017 4348 totidem
3056 4301 3246 4349 noctes
3287 4295 3545 4350 contine—

1974 4392 2115 4439 rent.
2150 4382 2307 4439 llunc
2330 4384 2475 4440 enim
2510 4398 2801 4440 numerum
2831 4385 3063 4456 mystica
3092 4392 3145 4440 et
3166 4400 3369 4441 arcana
3404 4388 3546 4441 ratio

1976 4475 2308 4544 postulabat,
2330 4490 2401 4531 ne
2420 4475 2580 4531 solita
2616 4475 2829 4531 dierum
2851 4485 2904 4531 et
2928 4475 3168 4530 noctium
3197 4476 3374 4547 spatia
3401 4478 3547 4533 cele-

288 4572 433 4644 μήτε
463 4572 536 4628 τὰ
580 4572 788 4643 συνήθη
830 4573 939 4627 τῶν
969 4574 1193 4646 ἡμερῶν
1223 4591 1282 4627 τε
1311 4575 1405 4629 καὶ
1432 4575 1642 4630 νυκτῶν
1669 4575 1871 4647 ἀναμέ-

1981 4581 2093 4623 rem
2158 4568 2358 4624 divinae
2405 4568 2630 4624 virtutis
2697 4568 2967 4624 actionem
3019 4570 3381 4626 retardarent.
3439 4572 3543 4637 Qui

286 4680 491 4717 νουσαν
517 4663 866 4735 διαστήματα
899 4665 1035 4737 πρὸς
1076 4665 1136 4720 τὸ
1162 4666 1325 4737 τάχος
1354 4666 1452 4737 τῆς
1473 4667 1751 4739 ἐνεργείας
1774 4668 1872 4739 τὴν

288 4753 447 4807 θείαν
483 4753 872 4825 ἐμποδίζεσθαι
913 4755 1158 4829 δύναμιν.
1206 4756 1269 4813 Ὀ
1313 4757 1420 4830 γὰρ
1460 4757 1710 4824 ἐξουσίαν
1735 4757 1871 4829 ἔχων

287 4843 397 4898 καὶ
429 4843 603 4898 θεῖναι
641 4845 736 4915 ἀφ’
779 4846 973 4901 ἑαυτοῦ
1010 4847 1112 4918 τὴν
1152 4847 1332 4920 ψυχὴν
1354 4849 1447 4903 καὶ
1469 4849 1755 4903 ἀναλαϐεῖν
1782 4849 1872 4903 ὅτε

283 4931 567 4996 ἑδούλετο,
614 4932 863 4998 ἐξουσίαν
909 4930 1055 5006 εἶχεν
1087 4934 1163 4999 ὠς
1212 4935 1439 5007 ποιητὴς
1485 4935 1594 4991 τῶν
1636 4936 1869 5001 αἰώνων,

278 5022 421 5093 οὐχὶ
444 5022 727 5078 δουλεῦσαι
764 5024 854 5079 διὰ
878 5025 986 5080 τῶν
1013 5025 1189 5098 ἔργων
1212 5021 1293 5098 τῷ
1324 5027 1520 5099 χρόνῳ,
1556 5026 1692 5081 ἀλλὰ
1715 5030 1872 5098 ποιῆ·

278 5130 388 5169 σαι
426 5115 568 5169 κατὰ
598 5115 670 5169 τὰ
690 5115 827 5188 ἔργα
853 5116 946 5171 τὸν
974 5118 1186 5189 χρόνον.
1236 5117 1378 5171 Ἀλλ’
1402 5117 1555 5173 οὔπω
1585 5118 1680 5173 τοῦ
1718 5119 1877 5189 μεγίά

279 5222 423 5261 στου
448 5206 560 5259 τῶν
593 5208 899 5278 κεφαλαίων
924 5210 953 5264 ό
973 5209 1131 5277 λόγος
1159 5209 1358 5282 ἥψατο.
1396 5211 1589 5281 Ζητεῖν
1612 5210 1722 5283 γὰρ
1748 5211 1875 5276 τοὺς

282 5298 794 5370 φιλομαθεστέρους
817 5299 987 5365 εἰκὸς,
1012 5300 1131 5366 πῶς
1159 5303 1219 5354 ὲν
1244 5300 1321 5371 τῷ
1343 5301 1521 5374 χρόνῳ
1544 5302 1723 5373 τρισὶν
1747 5305 1875 5357 ἑαυ-

284 5390 381 5445 τὸν
415 5390 448 5443 ό
492 5390 695 5463 Κύριος
745 5392 949 5457 δίδωσι,
988 5396 1054 5465 τῇ
1095 5409 1155 5447 τε
1187 5393 1386 5467 καρδίᾳ
1418 5394 1517 5466 τῆς
1541 5395 1644 5465 γῆς
1671 5396 1764 5449 καὶ
1796 5393 1874 5465 τῷ

1974 4659 2119 4714 enim
2148 4667 2203 4715 et
2232 4660 2498 4731 ponendae
2521 4668 2576 4716 et
2597 4675 2817 4716 rursum
2847 4665 3127 4717 sumenda:
3165 4665 3378 4727 animae,
3419 4679 3543 4718 cum

1974 4750 2157 4815 vellet,
2188 4751 2424 4808 habebat
2451 4759 2798 4823 potestatem,
2825 4759 3037 4822 poterat
3068 4753 3253 4817 etiam,
3280 4762 3543 4822 tanquam

1976 4842 2300 4898 surculorum
2338 4852 2550 4910 auctor,
2578 4841 2810 4909 edicere,
2837 4850 2895 4896 ut
2926 4842 3235 4898 actionibus
3257 4844 3372 4900 suis
3407 4852 3545 4899 tem-

1978 4950 2082 5006 pus
2114 4935 2425 4999 inserviret,
2472 4950 2583 4990 nou
2621 4942 2803 4988 autem
2841 4933 3088 4990 actiones
3129 4935 3379 5005 tempori.
3438 4934 3545 4991 Sed

1979 5041 2159 5081 rerum
2190 5026 2548 5080 maximarum
2575 5032 2739 5096 caput
2775 5025 3015 5080 nondum
3043 5026 3352 5097 attigimus.
3407 5027 3544 5082 Illud

1972 5120 2116 5175 enim
2150 5134 2180 5173 a
2210 5118 2470 5175 studiosis
2497 5118 3099 5189 oportuitinvestigari,
3128 5118 3403 5189 quomodo
3436 5132 3547 5174 uno

1973 5215 2274 5283 eodemque
2305 5220 2552 5283 tempore
2576 5211 2839 5268 Dominus
2878 5227 2937 5267 se
2976 5211 3156 5269 tribus
3187 5213 3273 5268 bis
3312 5211 3545 5280 dederit,

1974 5301 2126 5357 cordi
2151 5309 2328 5369 terrae,
2365 5302 2621 5374 paradiso
2644 5317 2770 5358 eum
2810 5303 3046 5371 latrone,
3087 5302 3380 5371 Patrisque
3427 5316 3548 5359 ma-

1972 5396 2153 5451 nibus.
2194 5394 2329 5450 Nam
2357 5394 2423 5449 ad
2453 5395 2752 5467 pharisaeos
2799 5395 3051 5468 quidem,
3077 5394 3546 5467 quemadmodum,

358 5566 402 5601 ³³
435 5564 579 5620 Gen.
615 5582 654 5631 I,
682 5568 764 5631 5.,
812 5568 856 5601 ⁸¹
895 5567 1083 5623 Matth.
1138 5584 1307 5632 xxvn,
1348 5568 1438 5625 45.
1515 5571 1562 5603 ⁸³
1620 5569 1811 5624 Matth.
1851 5585 1871 5623 ι

1982 5586 2043 5636 ιι,
2082 5571 2133 5625 1.
