3930 6210
445 215 551 274 6'15

1646 209 1704 267 S.
1735 210 2063 266 GREGORII
2098 209 2391 269 NYSSENI

3593 215 3709 275 6l6

444 331 644 402 inquit,
671 328 846 382 Jonas
893 325 997 396 fuit
1040 327 1095 380 in
1124 333 1301 380 ventre
1329 325 1432 380 ceti
1484 325 1653 379 tribus
1686 325 1906 380 diebus:
1944 326 2018 379 sic

2120 326 2434 397 παραδείσῳ
2486 326 2584 378 σὺν
2625 317 2702 396 τῖς»
2727 324 2899 400 λῃστῇ
2928 324 3024 379 καὶ
3053 326 3172 387 ταῖς
3201 323 3478 397 πατρῴαις
3506 331 3707 401 χερσί.

441 424 544 478 erit
571 430 621 476 et
647 420 826 474 Filius
845 419 1071 473 hominis
1094 419 1150 472 in
1180 418 1336 472 corde.
1356 426 1508 472 terra:
1535 417 1790 470 triduano
1809 425 2022 486 tempo-

445 515 521 568 ris
538 513 715 582 spatio
732 510 799 564 “.
822 511 901 563 Ad
922 511 1187 564 latronem
1207 517 1410 573 autem,
1439 507 1608 561 Hodie
1630 523 1830 560 mecum
1850 507 1952 560 eris
1970 507 2023 560 in

442 604 696 675 paradiso
710 601 754 632 ³⁸
775 619 790 667 ;
814 600 881 655 ad
898 600 1109 656 Patrem
1133 617 1282 664 vero,
1300 599 1363 653 In
1380 615 1566 652 manus
1588 608 1707 652 tuas
1720 598 2023 652 commendo

445 698 693 766 spiritum
727 709 898 748 meum
923 694 987 747 ³⁸.
1023 692 1192 748 Nemo
1241 692 1387 746 enim
1420 699 1514 744 aut
1535 691 1852 760 paradisum
1879 687 2022 758 apud

445 788 652 844 inferos
678 805 799 844 esse
814 787 1031 852 dixerit,
1051 794 1145 840 aut
1169 784 1374 839 inferos
1398 783 1450 836 in
1470 783 1740 852 paradiso.
1761 782 2020 837 uteodem

447 888 692 948 tempore
732 877 1023 946 utrobique
1064 873 1264 937 fuerit,
1321 881 1416 926 aut
1466 872 1552 925 his
1592 869 1771 925 Patris
1830 884 2023 924 manus

448 970 700 1025 indicari.
727 969 794 1023 At
826 969 942 1022 haec
973 968 1060 1037 pie
1093 963 1573 1020 considerantibus
1606 977 1676 1016 ne
1720 963 2022 1032 quaestione

446 1062 666 1130 quidem
695 1061 928 1114 fortasse
953 1057 1241 1113 videantur
1279 1053 1467 1124 digna.
1503 1052 1608 1118 Qui
1649 1053 1793 1107 enim
1835 1053 2021 1107 divina

447 1151 688 1220 potentia
723 1164 822 1203 sua
857 1148 1060 1217 ubique
1091 1155 1196 1212 est,
1230 1144 1278 1198 is
1297 1153 1351 1199 et
1375 1145 1542 1198 rebus
1562 1142 1715 1198 adest
1741 1143 2018 1206 omnibus,

445 1251 498 1295 et
529 1242 677 1294 nullo
700 1238 1011 1294 excluditur
1034 1239 1175 1290 loco.
1213 1234 1410 1289 Verum
1442 1250 1542 1306 ego
1566 1235 1832 1289 rationem
1857 1235 2020 1288 aliam

445 1342 703 1403 prmterea
742 1331 958 1385 memini
996 1343 1080 1382 me
1107 1327 1386 1392 didicisse,
1423 1341 1589 1396 quam
1616 1327 1794 1394 vobis,
1819 1327 1864 1380 si
1899 1327 2020 1396 pla-

444 1433 550 1484 cet,
597 1422 833 1476 breviter
883 1420 1187 1490 explicabo.
1227 1416 1460 1483 Quando
1513 1417 1750 1486 Spiritus
1795 1423 2022 1471 sanctus

444 1514 499 1566 in
549 1511 830 1582 Virginem
880 1510 1048 1572 venit,
1086 1509 1247 1578 eique
1299 1507 1572 1562 Altissimi
1608 1508 1787 1563 virtus
1825 1508 2021 1562 obum-

443 1604 708 1668 bravit”,
752 1611 811 1656 ut
859 1602 1023 1655 homo
1070 1615 1247 1656 novus
1287 1599 1343 1654 in
1374 1600 1493 1669 ipsa
1543 1599 1877 1668 gigneretur,
1925 1597 2020 1668 qui

445 1706 730 1767 propterea
777 1703 1003 1749 vocatus
1041 1699 1126 1748 est
1168 1707 1367 1759 novus,
1395 1691 1545 1761 quod
1578 1706 1609 1745 a
1661 1689 1772 1746 Deo
1820 1698 2018 1761 praeter

444 1792 724 1845 hominum
756 1783 1210 1842 consuetudinem
1241 1792 1460 1840 creatus
1498 1791 1603 1847 est,
1638 1791 1698 1838 ut
1742 1782 1837 1838 Dei
1869 1789 2018 1839 esset

443 1880 780 1936 domicilium
811 1893 920 1932 non
960 1873 1338 1929 manufactum
1367 1892 1384 1942 ;
1417 1888 1595 1944 neque
1623 1873 1769 1928 enim
1809 1872 1864 1926 in
1896 1887 2016 1927 ma-

445 1973 702 2035 nulaetis,
734 1970 839 2024 hoc
864 1977 967 2034 est,
1000 1967 1285 2022 hominum
1315 1981 1484 2037 opera
1530 1963 1871 2020 constructis
1913 1963 2013 2018 Al-

442 2066 690 2120 tissimus
722 2063 931 2116 habitat
953 2061 1021 2126 ”,
1046 2069 1176 2114 tunc
1210 2059 1489 2129 Sapientia
1525 2059 1631 2114 sibi
1662 2059 1885 2113 domum
1917 2072 2014 2112 ex-

442 2153 833 2216 aadilicante",
866 2151 1290 2206 obumbratione
1339 2157 1604 2219 tanquam
1647 2149 1790 2220 signi
1840 2147 2016 2204 forma

444 2247 596 2301 intus
623 2243 854 2298 mdilieio
881 2243 1203 2309 constituto,
1251 2241 1468 2297 duabus
1493 2241 1602 2297 illis
1630 2241 1901 2312 partibus,
1949 2256 2018 2297 ex

443 2338 642 2410 quibus
673 2336 908 2390 humana
943 2339 1160 2390 constat
1199 2343 1391 2388 natura
1425 2333 1704 2405 (animum
1731 2341 1786 2389 et
1817 2348 2020 2402 corpus

444 2428 777 2500 intelligo),
829 2428 1073 2497 potentia
1121 2425 1306 2479 divina
1354 2425 1651 2496 conjuncta
1715 2432 1840 2491 est,
1897 2440 2019 2481 sese

443 2527 662 2596 utrique
688 2522 896 2594 pariter
951 2519 1339 2574 commiscens.
1376 2517 1676 2588 Oportebat
1723 2519 1893 2583 enim,
1933 2526 2016 2584 ut,

441 2632 570 2673 cum
639 2621 872 2683 utraque
933 2626 1060 2682 pars
1114 2621 1338 2682 propter
1401 2619 1688 2681 peccatum
1745 2612 2018 2682 supplicio

442 2708 639 2764 mortis
670 2714 816 2761 esset
844 2703 1083 2759 obnoxia
1110 2703 1420 2772 (siquidem
1447 2704 1644 2758 animas
1673 2718 1824 2759 mors
1871 2712 1956 2760 est
1984 2717 2016 2757 a

440 2814 571 2856 vera
595 2801 704 2853 vita
735 2797 1031 2868 seiunctio,
1060 2795 1314 2864 corporis
1353 2804 1534 2849 autem
1582 2810 1732 2851 mors
1771 2804 1855 2850 est
1897 2796 2015 2866 ipsa

440 2891 724 2962 corruptio
772 2899 829 2945 et
891 2886 1254 2957 dissolutio),
1293 2887 1603 2957 oportebat,
1652 2888 1898 2958 inquam,
1953 2896 2015 2943 ut

440 2985 566 3038 vitae
593 2979 910 3050 conjunctio
942 2977 1012 3032 ab
1035 2986 1270 3046 utraque
1317 2983 1473 3046 parte
1519 2984 1748 3031 mortem
1781 2976 2016 3046 expelle-
2043 3004 2086 3064 α

442 3084 545 3131 ret.
578 3073 768 3143 Itaque
811 3070 1096 3125 divinitate
1127 3069 1350 3139 utrique
1393 3067 1634 3123 hominis
1674 3067 1816 3137 parti
1850 3082 2015 3138 copu-

441 3169 574 3232 lata,
610 3167 665 3221 in
704 3174 937 3236 utraque
967 3163 1256 3236 perspicua
1289 3159 1610 3216 excellentis
1639 3169 1848 3214 natura:
1877 3160 2019 3215 indi-

440 3262 526 3315 cia
578 3267 894 3330 patuerunt.
931 3258 1148 3326 Corpus
1182 3253 1330 3310 enim
1380 3259 1589 3306 attactu
1635 3266 1740 3308 suo
1793 3250 2016 3306 morbos

440 3368 666 3416 curans,
698 3350 1038 3406 divinitatem
1071 3362 1182 3420 prae
1201 3362 1262 3404 se
1294 3344 1504 3401 ferebat
1530 3361 1545 3411 ;
1581 3343 1802 3399 animus
1833 3349 2015 3397 autem

442 3443 644 3513 potenti
677 3443 767 3495 illa
807 3441 1088 3495 voluntate
1130 3437 1372 3492 divinam
1401 3435 1657 3490 virtutem
1706 3433 2008 3488 indicabat.

440 3531 909 3601 Quemadmodum
941 3529 1086 3586 enim
1116 3527 1374 3598 tangendi
1406 3540 1606 3582 sensus
1637 3535 1724 3580 est
1767 3523 2017 3594 corporis

442 3627 717 3697 preprius,
752 3625 832 3680 sic
868 3622 1036 3678 animi
1067 3621 1324 3692 proprius
1351 3627 1432 3676 est
1470 3618 1771 3673 voluntatis
1811 3627 2011 3671 motus.

441 3717 668 3772 Aeredit
723 3715 976 3786 leprosus
1021 3728 1252 3784 corpore
1303 3712 1417 3781 jam
1489 3711 1793 3766 dissolutus
1852 3718 2016 3782 atque

441 3808 744 3862 confectus.
779 3805 1066 3872 Quomodo
1117 3814 1343 3859 curatur
1394 3818 1426 3857 a
1467 3802 1737 3857 Domino?
1785 3803 2014 3858 Animus

441 3901 578 3961 vult,
632 3913 835 3968 corpus
867 3895 890 3969 [
927 3897 1168 3967 attingit.
1210 3896 1457 3966 Utroque
1505 3895 1668 3950 modo
1725 3889 2016 3964 expellitur

441 3992 685 4045 morbus.
723 3989 917 4043 Statim
957 3989 1126 4054 enim,
1155 3997 1212 4042 ut
1243 3987 1510 4057 scriptum
1541 3995 1626 4042 est
1647 3987 1716 4054 ⁸ο,
1762 3987 2016 4042 discessit

441 4081 646 4154 abeo]
680 4083 848 4151 lepra.
903 4079 1140 4134 Rursum
1197 4094 1323 4133 cum
1375 4087 1452 4132 tot
1499 4078 1783 4132 hominum
1842 4079 2016 4133 millia

441 4174 584 4245 apud
624 4189 682 4228 se
711 4171 1064 4227 considerent
1105 4170 1159 4224 in
1193 4170 1512 4235 solitudine,
1547 4171 1721 4227 noluit
1748 4184 1844 4224 eos
1868 4169 2014 4238 jeju-

442 4282 543 4320 nos
575 4265 868 4318 dimittere.
903 4261 1152 4316 Manibus
1192 4262 1357 4331 igitur
1409 4276 1577 4331 panes
1608 4261 1788 4331 fregit.

2048 1665 2095 1724 B

2126 416 2269 483 Πρὸς
2313 416 2440 478 τοὺς
2469 415 2797 484 Φαρισαίους
2837 417 2933 485 μὲν
2963 415 3070 486 γάρ
3121 432 3306 486 φησιν,
3348 415 3430 469 ὅτι
3461 418 3708 489 Ὠσπερ

2136 505 2330 574 Ἰωνᾶς
2362 506 2482 577 μὲν
2509 505 2589 578 ἦν
2616 508 2687 561 ἐν
2721 507 2796 575 τῇ
2830 510 3025 574 κοιλίᾳ
3067 509 3172 562 τοῦ
3201 509 3459 577 κήτους,
3505 512 3707 579 οὕτως

2121 600 2292 653 ἔσται
2319 601 2417 653 καὶ
2442 603 2474 654 ὀ
2504 599 2641 666 Υἱὸς
2674 600 2782 654 τοῦ
2820 601 3133 669 ἀνθρώπου
3169 601 3240 654 ἐν
3258 600 3336 669 τῇ
3357 603 3564 671 καρδίᾳ
3582 602 3706 672 τῆς

2122 689 2253 761 γῆς,
2278 691 2418 744 κατά
2449 693 2509 745 τὸ
2537 693 2832 764 τριήμερον
2859 691 2953 745 τοῦ
2982 693 3169 763 χρόνου
3205 693 3479 765 διάστημα
3502 712 3517 726 ο
3560 697 3704 768 πρὸς

2120 783 2211 836 τὸν
2240 782 2463 856 λῃστὴν,
2496 785 2577 837 ὅτι
2607 784 2878 853 Σήμερον
2898 786 3028 854 μετ’
3058 784 3203 854 ἐμοῦ
3225 787 3337 855 ἔσῃ
3366 787 3439 840 ἐν
3473 785 3561 853 τῷ
3592 805 3704 842 πα-

2112 871 2375 940 ραδείσῳ
2398 889 2412 903 ο
2444 871 2584 942 πρὸς
2613 872 2668 926 δὲ
2693 873 2786 926 τὸν
2828 874 3067 945 Πατέρα,
3108 875 3191 928 ὃτι
3235 879 3338 943 Ε’ίς
3354 879 3564 946 χεῖράς
3584 896 3705 934 σου

2121 966 2478 1037 παρατίθημι
2518 965 2586 1018 τὸ
2625 960 2860 1036 πιλεῦμὰ
2891 985 3033 1036 μου.
3070 967 3206 1022 Οὔτε
3246 971 3354 1041 γὰρ
3385 974 3445 1024 ὲν
3469 974 3708 1044 ὑποχθο-

2121 1058 2251 1122 νίοις
2274 1071 2358 1122 τις
2388 1058 2454 1112 ἂν
2491 1057 2582 1112 τὸν
2629 1058 2990 1129 παράδεισον,
3043 1060 3166 1114 οὔτε
3205 1064 3263 1115 ὲν
3295 1065 3613 1136 παραδείσῳ
3635 1068 3706 1121 τά

2121 1151 2414 1221 ὑποχθόνια
2438 1169 2452 1184 ο
2489 1151 2630 1204 ὥστε
2665 1152 2805 1205 κατά
2854 1152 3048 1205 ταύτὸν
3090 1153 3147 1205 ὲν
3179 1153 3512 1226 ἀμφοτέροις
3539 1156 3702 1224 εῖναι,

2120 1244 2154 1313 ἢ
2183 1246 2340 1313 χεῖρα
2362 1243 2456 1298 τοῦ
2479 1243 2688 1314 Πατρὸς
2716 1243 2966 1312 λέγεσθαι
2992 1244 3182 1299 ταῦτα.
3225 1245 3561 1301 Ἀλλὴοῦτο
3580 1250 3702 1318 μὲν,

2123 1333 2180 1385 ἐν
2211 1335 2321 1397 τοῖς
2370 1333 2609 1397 εὐσεϐῶς
2651 1333 3020 1404 λογιζομένοις
3061 1335 3221 1406 τυχὸν
3257 1337 3376 1390 οὐδὲ
3416 1335 3707 1410 ζητήσεως

2120 1423 2287 1487 ἄξιον.
2335 1424 2393 1478 Ὀ
2424 1425 2532 1496 γὰρ
2565 1425 2840 1495 πανταχοῦ
2869 1425 2942 1480 ὢν
2979 1425 3064 1479 διὰ
3088 1427 3188 1496 τῆς
3211 1425 3358 1491 θείας
3391 1429 3705 1500 δυνάμεως,

2121 1515 2214 1568 καὶ
2240 1513 2403 1568 παντὶ
2431 1517 2663 1590 πάρεστι
2689 1517 2782 1570 καὶ
2816 1517 3026 1580 οὐδενὸς
3054 1517 3429 1573 ἀπολείπεται.
3471 1517 3622 1588 Ἐγὼ
3648 1521 3708 1574 δὲ

2121 1607 2215 1660 καὶ
2239 1607 2426 1679 ἕτερον
2452 1602 2575 1661 οῖδα.
2604 1608 2761 1677 λόγον
2795 1609 2922 1680 περὶ
2946 1609 3133 1663 τούτου
3167 1609 3375 1679 μαθὼν,
3409 1611 3469 1664 ὃν
3509 1611 3706 1682 βουλο-

2129 1699 2308 1770 μένοις
2329 1700 2455 1770 ὑμῖν
2481 1699 2547 1752 δι’
2569 1700 2762 1770 ὀλίγων
2788 1701 3108 1773 ἐκθήσομαι.
3135 1702 3262 1755 ’Ὀτε
3288 1699 3450 1774 ἦλθεν
3475 1704 3572 1757 ἐπὶ
3602 1704 3705 1776 τὴν

2123 1790 2395 1861 Παρθένον
2435 1791 2494 1844 τὸ
2529 1791 2752 1862 Πνεῦμα
2788 1791 2850 1846 τὸ
2883 1792 3057 1861 ἆγιον,
3089 1794 3183 1846 καὶ
3222 1796 3254 1865 ὴ
3300 1795 3392 1848 τοῦ
3436 1795 3704 1864 Ὑψίστου

2123 1880 2350 1952 δύναμις
2379 1883 2515 1954 αὐτῇ
2544 1875 2886 1949 ἐπεσκίασεν,
2918 1885 3011 1937 ἐπὶ
3037 1884 3116 1954 τῷ
3145 1885 3236 1938 τὸν
3269 1887 3454 1940 καινὸν
3485 1887 3706 1958 ἀνθρω-

2124 1987 2225 2025 πον
2265 1973 2324 2025 ὲν
2357 1973 2492 2044 αὐτῇ
2524 1977 2783 2046 συστῆναι
2809 1974 2937 2046 (τὸν
2973 1975 3060 2028 διὰ
3086 1975 3240 2030 τοῦτο
3265 1977 3448 2030 καινὸν
3481 1977 3706 2047 ὠνομα-

2125 2063 2342 2133 σμένον,
2372 2064 2452 2118 ὅτι
2483 2065 2622 2119 κατὰ
2643 2065 2773 2118 Θεὸν
2810 2065 3054 2137 ἐκτίσθη,
3092 2067 3151 2120 ού
3173 2066 3312 2120 κατά
3349 2067 3708 2139 ἀνθρωπίνην

2126 2154 2432 2226 συνήθειαν,
2463 2154 2604 2208 ὥστε
2653 2155 2902 2224 γενέσθαι
2944 2155 3076 2210 Θεοῦ
3111 2157 3312 2227 δοχείον
3353 2159 3710 2229 ἀχειροποίη-

2121 2263 2213 2298 τον
2239 2260 2254 2275 ·
2289 2247 2352 2299 ού
2385 2247 2491 2317 γὰρ
2530 2250 2770 2300 κατοικεῖ
2795 2249 2853 2300 ἐν
2879 2249 3293 2318 χειροποιήτοις,
3320 2251 3427 2312 τοῖς
3456 2249 3562 2302 ὑπὸ
3593 2250 3707 2302 ἁν-

2121 2335 2374 2406 θρώπων,
2405 2337 2567 2406 λέγω,
2592 2339 3133 2409 κατεσκευασμένοις,
3159 2342 3188 2392 ὁ
3220 2339 3496 2409 ”Υψιστος)
3518 2354 3532 2371 ⁸
3564 2341 3706 2394 τότε

2120 2427 2306 2490 αὐτοῖς
2347 2428 2437 2482 τὸν
2481 2427 2626 2483 οἷκον
2658 2430 2756 2500 τῆς
2794 2429 2990 2498 Σοφίας
3030 2429 3435 2500 οίκοδομούσης,
3482 2431 3573 2484 καὶ
3611 2432 3704 2503 τῷ

2119 2519 2220 2590 τῆς
2252 2518 2530 2590 δυνάμεως
2560 2520 2964 2592 ἀποσκιάσματι
2994 2520 3158 2573 οἱονεὶ
3199 2519 3353 2590 τύπῳ
3397 2521 3704 2592 σφραγΰιος

2120 2611 2331 2666 ἔνδοθεν
2373 2609 2916 2682 καταμορφωθέντος,
2961 2611 3081 2664 τότε
3121 2612 3466 2684 ἀμφοτέροις,
3503 2612 3564 2664 δι’
3613 2604 3709 2665 ὧν

2119 2705 2154 2774 ἡ
2186 2703 2502 2773 ἀνθρωπίνη
2538 2702 2698 2772 φύσις
2728 2703 3021 2773 συνέστηκε
3045 2703 3224 2774 (ψυχῇ
3260 2721 3322 2757 τε
3341 2745 3356 2769 ,
3393 2704 3562 2773 λέγω,
3593 2706 3712 2758 καὶ

2120 2794 2404 2864 σώματι),
2452 2794 2486 2864 ή
2530 2793 2648 2846 θεία
2701 2796 3093 2866 κατακιρνᾶται
3147 2794 3393 2866 δύναμις,
3444 2795 3715 2867 ἑκατέρῳ

2121 2886 2468 2957 καταλλήλως
2513 2886 2709 2959 ἑαυτὴν
2757 2888 3126 2959 καταμίξασα.
3211 2888 3359 2941 Ἔδει
3418 2888 3520 2959 γὰρ
3578 2889 3716 2943 τῶν

2119 2978 2211 3032 δύο
2247 2977 2452 3032 τούτων
2491 2977 2581 3032 διὰ
2612 2980 2711 3050 τῆς
2749 2981 3032 3052 παρακοῆς
3068 2981 3444 3050 νεκρωθέντων
3478 2981 3716 3052 (ἐπειδὴ

2118 3071 2387 3142 νέκρωσις
2438 3065 2544 3142 ἦν,
2594 3071 2692 3142 τῆς
2739 3069 2837 3142 μὲν
2876 3071 3053 3142 ψυχῆς
3098 3073 3132 3143 ή
3187 3071 3289 3141 τῆς
3335 3072 3496 3134 ὅντως
3539 3070 3716 3141 ζωῆς

2117 3160 2466 3234 ἀλλοτρίωσις
2489 3179 2503 3193 ο
2522 3162 2616 3216 τοῦ
2651 3161 2898 3232 σώματος
2925 3163 2982 3216 δὲ
3011 3165 3042 3235 ή
3079 3163 3252 3235 φθορά
3279 3179 3338 3215 τε
3389 3162 3477 3216 καὶ
3509 3162 3716 3216 διάλυ-

2119 3257 2250 3324 σις),
2277 3253 2604 3326 ἀμφοτέρων
2647 3253 2852 3308 τούτων
2879 3257 2944 3325 τῇ
2980 3255 3230 3325 ἐπιμιξίᾳ
3263 3255 3363 3326 τῆς
3390 3254 3524 3322 ζωῆς
3549 3254 3723 3318 ἐξοι-

2120 3345 2375 3415 κισθῆναι
2401 3344 2493 3398 τὸν
2517 3343 2764 3398 θάνατον.
2810 3345 2956 3416 Πρὸς
2983 3345 3242 3414 ἑκάτερον
3268 3345 3440 3398 τοίνυν
3463 3343 3564 3396 τῶν
3593 3347 3719 3400 τοῦ

2117 3435 2403 3507 ἀνθρώπου
2423 3436 2727 3508 τμημάτων
2750 3434 3098 3509 καταλλήλως
3117 3438 3216 3509 τῆς
3245 3436 3488 3509 θεότητος
3517 3437 3722 3506 ἐμμι-

2116 3529 2368 3599 χθείσης,
2417 3529 2484 3583 δι’
2539 3528 2865 3600 ἀμφοτέρων
2910 3529 3139 3602 ὲπίδηλα
3188 3529 3285 3600 τῆς
3322 3529 3725 3602 ὑπερεχούσης

2117 3621 2333 3691 φύσεως
2370 3621 2441 3674 τὰ
2485 3620 2840 3693 γνωρίσματα
2876 3615 2964 3693 ἦν.
3029 3621 3104 3675 Τὸ
3135 3621 3232 3692 μὲν
3258 3622 3362 3690 γὰρ
3402 3621 3557 3690 σῶμα
3593 3624 3722 3693 τὴν

2115 3713 2175 3766 ὲν
2207 3712 2358 3783 αύτῷ
2389 3710 2620 3781 θεότητα
2652 3712 2741 3766 διὰ
2771 3712 2870 3780 τῆς
2921 3712 3065 3783 ἁφῆς
3091 3713 3188 3775 τὰς
3220 3712 3378 3775 ἰάσεις
3423 3711 3724 3780 ἐνεργοῦν

2115 3805 2285 3873 ἐπεσή
2295 3817 2476 3874 μαινεο
2494 3804 2527 3874 ἡ
2548 3801 2605 3855 δὲ
2619 3802 2766 3872 ψυχὴ
2783 3802 2859 3873 τῷ
2878 3803 3089 3874 δυνατῷ
3110 3803 3296 3873 ἐκείνῳ
3314 3801 3570 3872 θελήματι
3596 3806 3724 3876 τὴν

2117 3895 2268 3950 θείαν
2303 3894 2637 3949 ἐνεδείκνυτο
2674 3894 2921 3966 δύναμιν.
2985 3896 3194 3966 ’Ὠσπερ
3229 3895 3333 3965 γὰρ
3365 3893 3558 3964 ήκατὰ
3595 3897 3722 3968 τὴν

2115 3988 2260 4058 ἁφὴν
2288 3985 2537 4056 αἴσθησις
2561 3982 2657 4039 τοῦ
2687 3984 2936 4055 σώματός
2960 3987 3106 4038 ἐστιν
3141 3986 3266 4050 ίδία,
3291 3983 3430 4037 οὕτω
3457 3985 3552 4037 καὶ
3591 3987 3717 4057 τῆς

2114 4079 2296 4152 ψυχῆς
2343 4081 2377 4151 ἡ
2419 4077 2557 4132 κατά
2605 4079 2924 4148 προαίρεσιν
2964 4078 3197 4147 κίνησις.
3263 4077 3639 4147 Προσέρχεται
3683 4083 3716 4133 ὁ

2115 4173 2315 4244 λεπρὸς
2344 4170 2682 4243 διερῤυηκὼς
2712 4170 2814 4242 ἤδη
2843 4171 2936 4224 καὶ
2963 4171 3330 4241 ήχρειωμένος
3351 4171 3426 4238 τῷ
3454 4169 3710 4240 σώματι.

2116 4263 2242 4325 Πῶς
2270 4263 2479 4330 γίνεται
2519 4261 2610 4313 ἐπὶ
2648 4260 2836 4314 τούτου
2877 4262 3027 4332 παρὰ
3069 4260 3163 4314 τοῦ
3197 4261 3402 4330 Κυρίου
3443 4262 3474 4330 ή
3509 4263 3714 4326 ἵασιςς

451 4357 516 4408 'll
538 4354 683 4425 ψυχὴ
713 4353 856 4407 θέλει
883 4355 979 4407 καὶ
1011 4353 1072 4405 τὸ
1098 4353 1257 4422 σῶμα
1282 4391 1297 4407 .
1317 4397 1330 4410 .
1353 4392 1368 4407 .
1394 4355 1428 4424 ή
1459 4353 1653 4423 λέπρα.
1698 4353 1869 4407 Πάλιν
1893 4355 2018 4418 τοὺς
2056 4357 2114 4409 ὲν
2141 4354 2361 4416 πολλαῖς
2393 4352 2597 4422 χιλιάσι
2621 4351 2763 4406 κατά
2779 4352 2874 4423 τὴν
2905 4351 3108 4423 ἔρημον
3163 4351 3310 4421 αὺτῷ
3366 4350 3684 4420 προσεδρεύ

444 4461 662 4508 σαντας.
707 4443 971 4496 ἀπολῦσαι
1013 4443 1110 4512 μὲν
1158 4445 1374 4513 νήστεις
1431 4445 1490 4496 οὐ
1522 4443 1702 4496 θέλει·
1749 4446 1870 4507 ταῖς
1929 4445 2084 4517 χερσὶ
2120 4444 2177 4496 δὲ
2211 4443 2492 4496 διακλᾶται
2514 4443 2636 4506 τοὺς
2666 4444 2881 4512 ἄρτους.

515 4535 678 4590 Vides
716 4534 988 4605 quomodo
1049 4533 1304 4589 divinitas
1351 4536 1568 4605 utrique
1601 4535 1739 4605 parti
1787 4537 2011 4605 conjun-
2044 4541 2086 4594 D

443 4635 530 4681 cla
566 4641 658 4695 per
686 4635 970 4691 utramque
998 4621 1329 4686 declaratur,
1373 4638 1498 4677 cum
1533 4633 1588 4678 et
1630 4640 1831 4694 corpus
1865 4634 2012 4695 agat,

442 4729 497 4774 et
551 4719 767 4770 animus
803 4715 975 4769 velit?
1032 4712 1226 4768 Verum
1277 4731 1385 4768 non
1431 4725 1516 4770 est
1545 4732 1770 4771 necesse
1836 4724 1895 4770 ut
1926 4733 2015 4772 res

444 4825 636 4864 omnes
684 4805 1030 4860 admirandas
1077 4805 1266 4859 eodem
1301 4817 1457 4874 pacto
1514 4807 1782 4877 perfectas
1823 4823 2016 4863 recen-

444 4917 683 4956 seamus.
719 4898 858 4953 Sunt
891 4897 1034 4951 enim
1073 4897 1327 4950 ortinibus
1365 4907 1525 4952 notae.
1552 4898 1916 4964 Quamobrem
1946 4900 2015 4955 ad

446 4991 521 5055 id,
549 4991 706 5057 cujus
737 4977 907 5058 gratia
943 4990 1056 5043 haec
1087 5004 1578 5045 commemoramus
1599 5032 1613 5056 ,
1657 4999 2012 5048 revertemur.

445 5082 728 5151 Quomodo
796 5081 985 5135 eodem
1028 5090 1272 5149 tempore
1309 5090 1363 5134 et
1421 5083 1560 5151 apud
1601 5083 1824 5146 inferos,
1861 5093 1914 5139 et
1962 5085 2016 5139 in

447 5175 700 5247 paradiso
726 5173 986 5228 Dominus
1027 5173 1212 5238 fuerit,
1263 5173 1545 5241 quaeritur.
1593 5175 1764 5243 Cujus
1797 5177 2014 5245 quidem

444 5267 764 5339 quaestionis
782 5282 886 5319 una
911 5265 1110 5320 solutio
1133 5272 1234 5327 est,
1273 5271 1330 5318 ut
1361 5264 1630 5331 dicamus,
1661 5267 1792 5320 nihil
1833 5269 2015 5322 avium

446 5368 539 5415 aut
571 5359 912 5412 inaccessum
952 5371 1071 5410 esse
1097 5355 1224 5420 Deo,
1259 5354 1311 5409 in
1338 5370 1446 5425 quo
1481 5357 1662 5411 omnia
1685 5359 2013 5415 consistunt.

517 5559 562 5588 “
592 5557 779 5610 Matth.
816 5575 915 5621 xu,
951 5559 1040 5614 40.
1119 5561 1163 5592 ³⁸
1198 5559 1328 5614 an.
1383 5576 1539 5616 χχιιι.
1591 5561 1678 5614 45.

445 5626 492 5660 ⁴⁶
523 5627 711 5682 Matth.
757 5645 872 5696 vm,
903 5632 968 5685 ὅ.
1048 5631 1088 5661 δί
1130 5629 1318 5684 Matth.
1355 5647 1443 5695 XV,
1474 5630 1542 5684 5‘2
1571 5648 1687 5700 sqq.

2198 4533 2358 4604 Ὁρᾷς
2404 4532 2520 4598 πῶς
2558 4534 2626 4587 δι’
2651 4535 3032 4606 ἀμφοτέρωνή
3066 4536 3124 4587 ὲν
3161 4535 3405 4606 ἑκατέρῳ
3437 4550 3714 4610 συμπαρο

2117 4625 2432 4696 ομαρτοῦσα
2474 4625 2662 4697 θεότης
2703 4627 3085 4697 δημοσιεύεται
3111 4667 3125 4690 ,
3157 4627 3234 4698 τῷ
3281 4645 3338 4680 τε
3379 4629 3713 4696 ὲνεργοῦντι

2114 4718 2346 4790 σώματι,
2385 4720 2480 4772 καὶ
2520 4722 2588 4791 τῇ
2617 4722 2761 4791 ὁρμῇ
2805 4720 2899 4772 τοῦ
2933 4721 2990 4774 ὲν
3025 4723 3090 4790 τῇ
3121 4719 3262 4791 ψυχῇ
3291 4719 3574 4790 γινομένου
3611 4723 3710 4776 θε-

2113 4809 2371 4880 λήματος.
2417 4811 2526 4863 Καὶ
2548 4809 2601 4864 τί
2651 4813 2755 4882 χρὴ
2789 4811 2966 4864 πάντα
2992 4810 3240 4876 διεξιέναι
3273 4811 3411 4863 αὐτὰ
3437 4810 3709 4881 θαύματα

2111 4900 2480 4971 ὁμοιοτρόπως
2530 4900 2956 4972 ἐπιτελούμενα,
3003 4905 3115 4965 τοῖς
3155 4901 3436 4972 προδήλοις
3468 4904 3707 4973 ἐνασχο-

2114 4994 2308 5048 λοῦντα
2356 4994 2446 5048 τὸν
2499 4993 2692 5063 λόγον;
2741 4996 2881 5048 Ἀλλ’
2924 4991 2983 5050 οὗ
3027 4996 3184 5067 χάριν
3232 4995 3340 5048 τῶν
3383 4997 3702 5066 εἰρημένων

2115 5085 2412 5156 ἐμνήσθην,
2454 5087 2589 5158 πρὸς
2630 5089 2806 5140 ἐκεῖνο
2829 5088 2922 5142 καὶ
2965 5088 3361 5158 μεταϐήσομαι.
3398 5087 3524 5150 Πῶς
3552 5089 3704 5142 κατᾶ

2113 5177 2307 5230 ταύτὸν
2347 5178 2440 5232 καὶ
2471 5181 2528 5231 ὲν
2571 5178 2649 5249 τῷ
2693 5179 2792 5250 ᾇδῃ
2831 5180 2926 5233 καὶ
2957 5183 3014 5233 ὲν
3046 5180 3124 5251 τῷ
3155 5178 3468 5249 παραδείσῳ
3513 5181 3540 5232 ὁ
3588 5179 3707 5231 Κύ-

2118 5285 2230 5338 ριος
2255 5286 2269 5335 ;
2295 5264 2368 5323 Οἵ)
2401 5269 2713 5341 ζητήματος
2738 5269 2891 5334 λύσις
2917 5271 3034 5324 ἐστὶ
3062 5272 3180 5342 μία,
3207 5271 3268 5323 τὸ
3301 5271 3470 5342 μηδὲν
3495 5270 3707 5324 ἄϐατον

2114 5354 2251 5412 εἶναι
2283 5359 2429 5432 Θεῷ,
2479 5362 2537 5416 ὲν
2577 5356 2621 5432 ᾧ
2662 5365 2729 5418 τὰ
2774 5364 2951 5418 πάντα
2977 5363 3325 5435 συνέστηκεν.
3391 5361 3582 5431 Ἑτέρα
3637 5361 3709 5414 δὲ

1757 5563 1800 5593 ³⁵³
1829 5564 1981 5630 ll)lt|.,
2016 5600 2018 5607 ι

2181 5565 2223 5598 ³⁷
2252 5567 2382 5621 Luc.
2416 5583 2449 5632 ι,
2500 5568 2587 5623 55.
2668 5569 2711 5601 ³⁸
2740 5568 2858 5623 Act.
2905 5583 3034 5633 xv",
3066 5566 3156 5622 24.
3233 5567 3277 5598 ⁸⁸
3315 5566 3473 5619 Prov.
3523 5579 3602 5627 Ix,
3647 5566 3706 5622 I.
