3930 6210
214 183 322 238 Gl?

1169 186 1234 242 IN
1277 184 1552 244 CHRISTI
1592 156 2225 244 nusunnncrtousn
2265 186 2473 244 ORAT.
2511 186 2554 240 ι.

3381 184 3486 240 618

215 297 348 370 πρὸς
372 297 447 370 ἢν
478 296 575 351 νῦν
600 299 631 352 ό
658 297 814 369 λόγος
840 299 1029 372 βλέπει
1052 319 1067 333 ·
1098 302 1183 356 ὅτι
1220 303 1341 358 ὅλον
1387 306 1479 358 τὸν
1503 305 1792 378 ἄνθρωπον

1906 305 2081 360 Altera
2116 304 2317 360 solutio
2353 312 2438 361 est
2462 304 2578 368 illa,
2601 302 2668 358 ad
2693 315 2858 373 quam
2886 316 3033 357 nunc
3066 300 3246 355 oratio
3295 309 3482 357 nostra

212 387 302 442 τοῦ
331 387 474 442 Θεοῦ
518 388 607 442 διὰ
653 390 758 459 τῆς
786 391 923 462 πρὸς
947 392 1140 447 ἑαυτὸν
1191 394 1545 467 ἀνακράσεως
1582 397 1664 460 είς
1699 396 1800 466 τὴν

211 482 360 536 θείαν
393 481 556 551 φύσιν
583 485 1115 553 μετασκευάσαντας,
1147 487 1207 541 ὲν
1230 484 1309 558 τῷ
1336 487 1516 560 καιρῷ
1533 489 1632 559 τῆς
1659 489 1801 543 κατὰ

204 573 263 627 τὸ
290 574 475 638 πάθος
514 574 827 645 οἰκονομίας
857 575 920 629 οὐ
952 576 1184 646 θατέρου
1216 578 1413 652 μέρους
1453 580 1514 632 τὸ
1539 578 1686 645 ἅπαξ
1710 581 1801 649 ὲγ-

204 663 418 737 κραθὲν
451 663 802 736 ἀνεχώρησεν
832 666 1253 739 (ἀμεταμέλητα
1273 668 1383 740 γὰρ
1412 668 1506 723 τοῦ
1537 668 1671 722 θεοῦ
1725 670 1798 724 τὰ

201 757 582 829 χαρίσματα)·
637 757 775 813 ἀλλὰ
815 758 913 830 τὴν
954 760 1054 833 μὲν
1084 760 1267 833 ψυχὴν
1314 758 1410 816 τοῦ
1454 762 1727 834 σώματος,
1765 765 1798 836 ή

200 849 403 919 θεότης
432 849 696 913 ἑκουσίως
717 848 1011 917 διέζευξεν,
1046 851 1248 923 ἑαυτὴν
1285 852 1343 907 δὲ
1376 855 1434 907 ὲν
1468 854 1800 925 ἀμφοτέροις

202 942 481 1013 μένουσαν
510 940 733 1007 ἔδειξεν.
796 941 899 996 Διὰ
938 943 1038 1015 μὲν
1071 944 1183 1017 γάρ
1234 943 1324 999 τοῦ
1368 943 1637 1017 σώματος.
1671 948 1730 999 ὲν
1755 939 1799 1014 ᾧ

197 1034 300 1106 τὴν
339 1036 405 1089 ὲκ
426 1034 522 1087 τοῦ
538 1033 774 1089 θανάτου
805 1036 1157 1108 καταφθορὰν
1185 1037 1286 1092 οὐκ
1320 1038 1557 1107 ἐδέξατο,
1586 1042 1796 1112 κατήρ-

200 1140 350 1196 γηαε
397 1124 490 1177 τὸν
533 1124 729 1195 ἔχοντα
755 1124 850 1178 τοῦ
880 1125 1112 1181 θανάτου
1142 1128 1203 1182 τὺ
1232 1130 1452 1199 κράτος,
1498 1129 1587 1186 διὰ
1618 1131 1677 1185 δὲ
1698 1132 1799 1201 τῆς

198 1217 386 1288 ψυχῆς
411 1217 716 1288 ὡδοποίησε
760 1216 841 1289 τῷ
879 1218 1049 1291 λῃστῇ
1087 1220 1186 1291 τὴν
1224 1221 1318 1274 ὲπὶ
1346 1221 1437 1275 τὸν
1471 1223 1798 1294 παράδεισον

200 1310 413 1364 εἴσοδον
433 1327 448 1342 ο
497 1310 593 1363 καὶ
614 1308 683 1363 τά
706 1310 801 1363 δύο
829 1310 952 1364 κατ’
982 1312 1146 1366 αὑτὸν
1170 1314 1497 1387 ἐνεργεῖται,
1528 1314 1593 1368 δι’
1621 1317 1799 1386 ἀμφο-

200 1405 384 1475 τέρων
412 1404 515 1475 τῆς
544 1404 800 1475 θεότητος
824 1404 886 1457 τὸ
916 1405 1122 1473 ἀγαθὸν
1145 1407 1539 1480 κατορθούσης·
1575 1409 1665 1464 διὰ
1699 1411 1798 1481 μὲν

198 1496 305 1565 τῆς
343 1495 440 1549 τοῦ
467 1493 721 1565 σώματος
748 1494 1083 1569 ἀφθαρσίας,
1114 1497 1212 1568 τὴν
1241 1497 1335 1551 τοῦ
1369 1498 1596 1554 θανάτου
1636 1499 1800 1555 κατά-

1902 381 2152 467 SpectaT:
2199 412 2396 468 nempe
2447 397 2617 452 Deum
2665 396 2760 467 qui
2814 402 2989 450 totum
3047 393 3324 449 hominem
3388 408 3485 465 per

1902 505 2058 546 suam
2084 506 2209 544 cum
2242 490 2336 546 illo
2366 489 2813 561 coniunctionem
2862 488 2917 542 in
2952 496 3205 543 naturam
3240 486 3483 542 divinam

1901 587 2228 645 mutaverat,
2259 581 2455 636 mortis
2513 588 2758 651 tempore
2800 593 2829 633 a
2880 586 3072 633 neutra
3104 578 3273 643 illius,
3319 591 3483 648 quem

1901 672 2070 727 semel
2131 681 2537 743 assumpserat,
2598 680 2754 741 parte
2826 669 3143 726 recessisse.
3191 668 3483 739 Nunquam

1899 764 2043 817 enim
2077 763 2230 818 illum
2264 778 2489 819 suorum
2528 774 2820 819 munerum
2855 753 3085 832 poenitet
3108 761 3176 815 “.
3215 758 3483 815 Divinitas

1898 866 2030 924 ergo
2072 855 2351 911 voluntate
2370 855 2589 926 quidem
2622 856 2864 911 animum
2886 870 2914 908 a
2939 860 3171 925 corpore
3191 851 3480 921 disjunxit,

1900 946 1996 1003 sed
2050 945 2108 1001 in
2168 955 2404 1018 utroque
2452 955 2631 1002 tamen
2683 961 2743 1002 se
2787 954 3010 1001 manere
3061 943 3481 999 demonstravit.

1898 1035 2035 1091 Nam
2074 1053 2172 1107 per
2218 1052 2441 1108 corpus,
2473 1038 2528 1092 in
2576 1051 2686 1108 quo
2725 1036 3136 1106 corruptionem
3188 1044 3254 1089 ex
3309 1042 3487 1088 morte

1899 1131 2313 1200 provenientetn
2356 1145 2467 1185 non
2508 1130 2733 1185 admisit
2753 1129 2822 1193 ⁸³,
2854 1129 3048 1183 evertit
3076 1136 3224 1191 eum,
3265 1125 3357 1196 “qui
3386 1124 3487 1178 ba-

1897 1221 2060 1277 bebat
2080 1222 2275 1279 mortis
2327 1220 2715 1293 imperium“:
2760 1236 2858 1291 per
2892 1221 3134 1275 animum
3172 1225 3353 1273 autem
3403 1217 3485 1271 la-

1900 1313 2041 1366 troni
2100 1308 2353 1384 patefecit
2392 1312 2600 1365 aditum
2658 1311 2713 1365 in
2771 1309 3128 1380 paradisum:
3189 1314 3484 1377 utrumque

1898 1412 2078 1458 autem
2110 1402 2301 1459 eodem
2331 1411 2578 1474 tempore
2599 1403 2900 1474 perfectum
2932 1411 3038 1467 est,
3070 1399 3359 1455 divinitate
3385 1412 3483 1469 per

1899 1503 2191 1566 utramque
2218 1495 2460 1552 hominis
2499 1504 2708 1566 partem
2740 1494 2855 1550 haec
2884 1492 3028 1550 bona
3069 1500 3384 1563 praestante,
3424 1501 3485 1546 ut

200 1585 363 1640 λυσιν
388 1600 403 1617 δ
432 1585 520 1639 διὰ
548 1585 606 1639 δὲ
634 1586 732 1655 τῆς
758 1584 938 1656 ψυχῆς
969 1586 1107 1658 πρὸς
1128 1586 1225 1657 τὴν
1270 1587 1406 1642 ίδίαν
1435 1589 1619 1642 ἑστίαν
1648 1591 1797 1643 ἐπει-

1906 1601 1998 1657 per
2046 1588 2298 1658 corporis
2349 1588 2821 1659 incorruptionem
2869 1592 3100 1642 mortem
3150 1586 3325 1657 ipsam
3363 1584 3483 1640 dis-

204 1680 472 1751 γομένης,
498 1678 598 1751 την
626 1679 720 1731 ἐπὶ
743 1678 835 1732 τὸν
869 1655 1196 1749 παράδεισον
1224 1680 1333 1735 τῶν
1361 1682 1663 1753 ἀνθρώπων
1690 1685 1790 1737 ἐπ-

1906 1677 2171 1744 solveret,
2233 1692 2329 1749 per
2366 1678 2536 1733 animi
2580 1655 2727 1733 vero
2767 1678 2822 1732 in
2867 1676 2998 1733 sede
3061 1655 3281 1747 propria
3348 1669 3482 1731 con-

205 1772 423 1828 ἁνοδον.
478 1769 629 1824 Ἐπεὶ
665 1766 761 1825 οὖν
803 1769 1024 1825 διπλοῦν
1058 1771 1157 1841 μὲν
1198 1771 1260 1825 τὸ
1299 1773 1636 1846 ἀνθρώπινον
1667 1775 1796 1845 σύγ-

204 1881 430 1936 κραμα,
454 1862 599 1934 ἀπλῆ
631 1862 688 1916 δὲ
721 1864 814 1917 καὶ
838 1862 1116 1935 μονοειδὴς
1146 1866 1180 1935 ή
1208 1863 1309 1936 τῆς
1339 1864 1589 1939 θεότητος
1610 1867 1792 1938 φύσις,

205 1959 268 2011 ὲν
306 1954 388 2026 τῷ
410 1953 585 2028 καιρῷ
617 1954 718 2024 τῆς
741 1953 835 2008 τοῦ
859 1954 1111 2025 σώματος
1138 1954 1245 2009 ἀπὸ
1271 1954 1373 2027 τῆς
1389 1955 1567 2029 ψυχῆς
1590 1954 1797 2022 διαζεύ-

204 2048 383 2114 ξεως,
416 2048 479 2100 ού
511 2046 944 2116 συνδιασχίξεται
977 2045 1055 2117 τῷ
1084 2044 1324 2118 συνθέτῳ
1362 2044 1422 2101 τὺ
1466 2047 1793 2120 ἀδιαίρετον,

202 2140 350 2195 ἀλλά
382 2139 443 2193 τὸ
469 2137 706 2210 ἔμπαλιν
743 2138 972 2207 γίνεται.
1037 2139 1115 2210 Τῇ
1154 2138 1264 2210 γάρ
1293 2139 1503 2211 ἐνότητι
1528 2140 1625 2211 τῆς
1646 2138 1797 2206 θείας

203 2232 430 2302 φύσεως
450 2234 554 2303 τῆς
576 2230 719 2285 κατά
747 2230 808 2285 τδ
831 2225 951 2286 ἴσον
975 2231 1033 2285 ὲν
1061 2231 1392 2304 ἀμφοτέροις
1417 2231 1605 2305 οὖσης,
1634 2234 1798 2289 πάλιν

205 2325 348 2398 πρδς
376 2324 578 2395 ἀλληλα
609 2324 678 2378 τά
700 2323 965 2378 διεστῶτα
994 2324 1325 2395 συμφύεται.
1350 2327 1461 2380 Καὶ
1482 2326 1625 2381 οὕτω
1651 2326 1797 2398 γίνεο

199 2435 321 2481 ται,
336 2419 366 2472 6
390 2416 619 2479 θάνατος
638 2415 757 2487 μὲν,
786 2417 849 2468 ὲκ
878 2416 976 2486 τῆς
998 2415 1105 2469 τῶν
1128 2418 1565 2488 συμπεφυκότων
1593 2418 1799 2490 διαιρέ-

206 2524 372 2572 σεως·
410 2510 445 2579 η
476 2507 772 2570 ἀνάστασις
802 2505 880 2569 δὲ,
900 2507 966 2559 ὲκ
995 2505 1097 2577 τῆς
1123 2504 1231 2561 τῶν
1261 2505 1640 2580 διαιρεθέντων
1666 2507 1798 2563 ἐνώ-

207 2618 372 2664 σεως.
440 2599 505 2653 Et
552 2599 610 2652 δὲ
655 2597 835 2669 ζητεῖς
876 2596 994 2661 πῶς
1038 2598 1097 2650 ὲν
1131 2597 1210 2669 τῷ
1259 2598 1570 2671 παραδείσῳ
1603 2597 1699 2665 ὣν,
1738 2602 1797 2654 ἐν

204 2694 328 2755 ταῖς
355 2690 518 2761 χερσὶ
537 2688 634 2742 τοῦ
662 2687 877 2759 Πατρὺς
907 2685 1099 2767 ἑαυτὸν
1124 2687 1506 2759 παρατίθεται,
1529 2691 1799 2762 ἑρμηνεύ-

208 2802 292 2839 σει
320 2800 404 2838 σοι
434 2784 463 2836 6
484 2782 686 2853 ὑψηλὸς
721 2781 949 2844 Ἡσαΐας
976 2780 1037 2833 τὸ
1068 2781 1418 2852 περὶτούτων
1447 2783 1607 2855 ζητού
1618 2796 1794 2855 μενον.

208 2874 347 2930 Eius
379 2872 496 2945 γὰρ
540 2874 745 2935 ἐκεῖνος
773 2871 838 2924 ὲκ
880 2874 1172 2943 προσώπου
1220 2872 1316 2926 τοῦ
1355 2872 1489 2928 Θεοῦ
1540 2876 1668 2947 περί
1700 2876 1800 2948 τῆς

203 2968 323 3021 ἀνω
356 2963 758 3074 ἰιερουσαλὴμ,
798 2962 864 3032 ἢν
888 2960 987 3014 οὐκ
1036 2963 1382 3066 άλληειὸπαρὰ
1415 2966 1507 3019 τὸν
1539 2964 1797 3039 παράδει-
1824 3010 1869 3075 C

208 3076 301 3112 σον
329 3055 474 3112 εἶναι
510 3054 858 3127 πιστεύομεν,
882 3055 965 3108 ὅτι
1000 3056 1124 3110 Ἐπὶ
1150 3046 1269 3110 τῶν
1290 3058 1503 3127 χειρῶν
1523 3077 1643 3128 μου
1668 3059 1799 3121 ἐζω-

210 3147 497 3219 τρόφησά
533 3165 651 3203 σου
689 3148 763 3202 τὰ
808 3148 997 3217 τείχη.
1057 3146 1119 3200 Et
1163 3143 1255 3201 οὖν
1281 3150 1338 3202 ὲν
1371 3152 1488 3213 ταῖς
1514 3150 1669 3221 χερσὶ
1705 3150 1797 3205 τοῦ

214 3243 430 3316 [ἰατρὸς
463 3240 910 3312 περιγέγραπται
946 3242 979 3310 ἡ
1019 3237 1393 3311 Ἰερουσαλὴμ,
1424 3241 1544 3311 ἥτις
1590 3241 1736 3295 ἐστὶν
1773 3243 1803 3294 ό

218 3332 572 3405 παράδεισος,
598 3330 843 3404 δηλονότι
879 3331 907 3384 6
936 3331 993 3383 ὲν
1023 3330 1336 3403 παραδείσῳ
1368 3332 1652 3402 γενόμενος
1684 3332 1801 3396 ταῖς

216 3424 501 3497 πατρῴαις
549 3422 767 3486 πάντως
812 3420 1143 3477 ἐνδιαιτᾶται
1192 3423 1504 3495 παλάμαις,
1556 3425 1614 3477 ὲν
1645 3418 1798 3496 αἷςὴ

216 3518 335 3573 θεία
357 3518 515 3583 πόλις
556 3515 656 3589 τὴν
687 3513 1033 3588 περιγραφὴν
1064 3515 1198 3588 ἔχει.
1230 3517 1341 3572 Καὶ
1382 3516 1558 3570 ταῦτα
1585 3515 1684 3587 μὲν
1721 3517 1803 3581 είς

214 3611 491 3666 τοσοῦτον.

289 3702 436 3756 Ὅσα
458 3699 517 3756 δὲ
558 3700 668 3755 τῶν
712 3700 988 3756 Ἰουδαίων
1037 3700 1310 3773 ἀκούομεν
1360 3698 1804 3773 κατατρεχόντων

219 3792 283 3849 ἓν
324 3793 533 3865 σφοδρᾷ
572 3795 878 3867 κατηγορίᾳ
932 3793 1026 3848 τοῦ
1079 3793 1369 3866 δόγματος,
1415 3792 1563 3859 ἀξιον
1607 3791 1673 3846 ἂν
1718 3791 1803 3864 είη

217 3887 545 3959 προσθεῖναι
577 3887 659 3940 διά
687 3887 936 3959 βραχέων
957 3886 1033 3958 τῷ
1053 3887 1216 3955 λόγῳ.
1249 3885 1481 3957 Λέγουσι
1507 3885 1616 3957 γὰρ
1642 3887 1699 3940 ἐν
1728 3883 1805 3956 τῷ

215 3978 356 4049 περὶ
393 3976 493 4031 τοῦ
525 3977 711 4049 Πάσχα
736 3978 882 4050 λόγῳ
900 3980 1013 4042 τοῖς
1048 3976 1320 4041 Ἰουδαίοις
1351 3976 1804 4048 νενομοθετῆσθαι

210 4073 369 4145 παρὰ
406 4072 503 4127 τοῦ
526 4073 802 4136 Μωῦσέως
826 4072 925 4143 τὴν
951 4066 1551 4144 τεσσαρεσκαιδεκάτην
1587 4067 1681 4125 τοῦ
1714 4086 1804 4124 σε-

211 4164 436 4237 ληναίου
460 4164 665 4237 δρόμου
709 4165 983 4237 περίοδον,
1025 4165 1119 4218 καὶ
1141 4162 1251 4219 τῶν
1282 4161 1424 4218 ἑπτά
1462 4161 1683 4235 ἡμερῶν
1708 4161 1806 4233 τὴν

210 4256 635 4329 ἁζυμοφαγίαν,
684 4257 780 4310 καὶ
811 4257 941 4328 ὄψον
987 4256 1081 4310 ἐπὶ
1114 4254 1228 4320 τοῖς
1275 4252 1505 4327 ἀζύμοις
1535 4254 1806 4309 ποιεῖσθαι

1903 1769 2239 1825 stitutionem
2267 1768 2579 1825 hominibus
2613 1768 2819 1823 aditum
2862 1769 2916 1821 in
2953 1768 3266 1839 paradisum
3300 1767 3482 1837 aperi-

1904 1869 2005 1917 ret.
2043 1860 2312 1928 Quoniam
2347 1861 2512 1933 igitur
2540 1860 2739 1931 duplex
2783 1866 2863 1916 est
2903 1859 3141 1914 hominis
3175 1857 3477 1921 concretio,

1904 1952 2135 2022 simplex
2171 1961 2351 2007 autem
2398 1959 2562 2021 atque
2596 1965 2706 2004 una
2748 1949 3049 2005 divinitatis
3098 1956 3315 2013 natura,
3361 1958 3485 2002 cum

1903 2043 2071 2097 homo
2118 2041 2413 2096 dirimatur
2453 2044 2620 2111 atque
2660 2037 3015 2103 distrahatur,
3066 2036 3328 2092 divinitas
3366 2034 3485 2105 ipsa

1904 2156 2025 2212 qua:
2043 2139 2321 2196 individua
2344 2147 2449 2203 est,
2473 2155 2581 2195 non
2617 2146 2921 2207 separatur,
2949 2133 3044 2191 sed
3074 2142 3267 2189 contra
3298 2133 3482 2205 potius

1905 2241 2129 2306 pr0pter
2160 2232 2427 2288 unitatem
2454 2238 2664 2287 naturae
2714 2228 2935 2295 divinae,
2965 2243 3086 2300 quae
3120 2227 3335 2298 utrique
3371 2226 3487 2281 ho-

1906 2323 2073 2381 minis
2101 2326 2244 2398 parti
2273 2341 2338 2382 ex
2367 2338 2525 2396 aequo
2549 2324 2715 2390 inest,
2761 2337 2881 2394 qua:
2915 2320 3166 2390 seiuncta
3208 2327 3486 2389 separata-

1906 2434 2013 2489 que
2044 2430 2219 2483 erant,
2252 2411 2471 2474 rursdm
2504 2423 2706 2473 coeunt
2738 2423 2793 2471 et
2838 2414 3271 2485 coniunguntur.
3304 2412 3485 2483 Atque

1906 2510 1983 2566 ita
2020 2526 2086 2567 ex
2118 2511 2354 2582 partium
2408 2509 2832 2581 conjunctarum
2881 2505 3153 2562 divisione
3199 2519 3350 2560 mors
3393 2518 3484 2560 se-

1906 2603 2116 2679 quitur,
2149 2620 2214 2660 ex
2265 2603 2567 2660 divisarum
2621 2609 2808 2656 autem
2857 2597 3250 2669 conjunctione
3297 2610 3485 2652 resur—

1907 2698 2100 2755 rectio.
2139 2694 2293 2763 Quod
2346 2695 2393 2751 si
2452 2693 2657 2766 qumris
2698 2685 2972 2764 quomodo
3015 2690 3069 2744 in
3120 2686 3374 2760 paradiso
3427 2701 3486 2741 se

1907 2788 2088 2843 Patris
2122 2786 2376 2843 manibus
2413 2765 2834 2847 commendarit,
2868 2780 2968 2837 tibi
3012 2779 3265 2836 sublimis
3312 2776 3486 2833 Isaias

1908 2873 2262 2946 respondebit
2282 2874 2350 2931 de
2372 2873 2584 2931 cmlesti
2610 2869 2936 2939 Jerusalem,
2967 2883 3129 2942 quam
3173 2864 3308 2924 nihil
3336 2868 3485 2923 aliud

1906 2970 2017 3027 nisi
2051 2969 2367 3040 paradisum
2398 2983 2522 3025 esse
2544 2966 2821 3023 credimus
2846 2982 2912 3022 ex
2943 2964 3039 3020 Dei
3066 2978 3303 3035 persona
3333 2981 3346 3018 :
3382 2962 3487 3018 De-

1902 3060 2090 3128 scripsi
2119 3074 2333 3125 muros,
2382 3058 2669 3129 inquiens,
2718 3066 2837 3111 (uos
2870 3056 2922 3109 in
2970 3052 3211 3110 manibus
3256 3054 3386 3109 meis
3413 3051 3484 3105 ⁸⁸.

1905 3148 2085 3218 Quare
2110 3150 2156 3207 si
2185 3148 2511 3214 Jerusalem,
2539 3148 2641 3204 hoc
2664 3157 2770 3212 est,
2806 3147 3120 3220 paradisus,
3148 3147 3202 3202 in
3230 3146 3484 3203 manibus

1904 3240 2083 3296 Patris
2110 3241 2384 3311 descripta
2418 3248 2521 3302 est,
2554 3246 2771 3295 constat
2804 3254 2955 3304 eum,
2987 3238 3080 3311 qui
3126 3238 3180 3293 in
3227 3236 3485 3309 paradiso

1904 3334 1996 3397 sit,
2026 3334 2083 3388 in
2127 3332 2309 3389 Patris
2349 3332 2635 3398 manibus,
2684 3332 2740 3387 in
2797 3332 3000 3403 quibus
3052 3329 3480 3400 descriptionem

1905 3425 2070 3480 habet
2100 3423 2285 3479 divina
2308 3423 2524 3490 civitas,
2557 3424 2906 3479 commorari.
2942 3423 3018 3479 Ac
3045 3422 3114 3477 de
3144 3420 3229 3477 his
3266 3414 3485 3492 quidem

1904 3514 2195 3571 hactenus.

1978 3713 2180 3771 Verum
2223 3713 2353 3785 quia
2391 3711 2567 3769 Judaei
2629 3712 2979 3769 vehementer
3020 3710 3333 3766 institutum
3382 3725 3486 3766 no-

1907 3817 2083 3867 strum
2127 3814 2429 3872 accusant,
2465 3821 2579 3863 non
2613 3804 2849 3861 alienum
2893 3804 3018 3870 erit,
3050 3811 3130 3869 ut,
3173 3818 3296 3875 qua:
3328 3803 3488 3860 nobis

1906 3899 2216 3969 objiciunt,
2262 3897 2506 3954 breviter
2564 3895 2901 3953 refellamus.
2953 3894 3154 3952 Dicunt
3206 3895 3375 3967 igitur
3432 3895 3488 3950 in

1906 3990 2177 4047 Paschate
2200 3987 2533 4047 celebrando
2558 3990 2641 4046 sic
2680 4004 2711 4044 a
2753 3988 2904 4045 lose
2949 3987 3488 4059 quartumdecimum

1908 4082 2052 4138 luna:
2088 4093 2286 4137 cursus
2331 4081 2622 4136 circuitum
2659 4079 2714 4134 in
2746 4079 2865 4150 lege
2920 4079 3300 4150 praescriptum
3340 4092 3487 4145 esse,

1908 4181 1971 4229 ut
1993 4181 2202 4244 septem
2260 4171 2455 4228 diebus
2487 4186 2630 4242 pane
2676 4170 2797 4226 sine
2847 4168 3152 4235 fermento,
3202 4178 3259 4224 et
3301 4168 3489 4226 herbis

1909 4264 2114 4320 amaris
2147 4277 2250 4336 pro
2295 4262 2527 4319 obsonio
2568 4268 2921 4316 vescerentur
2939 4258 3007 4315 ⁸⁸.
3037 4258 3403 4331 Quapropter,
3438 4260 3488 4316 si

206 4348 322 4402 τῶν
341 4348 612 4420 πικρίδων
642 4347 740 4419 τὴν
762 4347 918 4402 πόαν.
971 4347 1034 4402 Et
1066 4344 1160 4402 οὖν
1184 4343 1451 4419 ἐπιμελὴς
1475 4346 1604 4418 ὑμῖν
1643 4347 1677 4419 η
1699 4345 1800 4418 τῆς

1907 4354 2439 4427 quartumdeeimum
2466 4396 2483 4421 ,
2530 4352 2818 4424 inquiunt,
2848 4351 2993 4407 diem
3025 4352 3355 4417 observatis,
3415 4352 3490 4409 si-

203 4439 816 4512 τεσσαρεσκαιδεκάτης
850 4441 968 4495 ἐστὶ
996 4439 1399 4513 παρατήρησις,
1432 4455 1803 4511 συμπαραφυ-

202 4531 517 4595 λαττέσθω,
562 4533 728 4603 φησιν
755 4534 783 4586 6
826 4530 1113 4598 Ἰουδαῖος,
1152 4532 1248 4587 καὶ
1280 4527 1314 4603 ἡ
1363 4532 1551 4602 πικρὶς
1598 4529 1692 4584 καὶ
1742 4531 1804 4585 τὸ

200 4623 447 4692 ἄζυμον.
500 4622 565 4675 Et
613 4622 671 4675 δὲ
707 4621 878 4677 ταῦτα
923 4622 1018 4677 τοῦ
1054 4620 1398 4695 παρορᾶσθαι
1436 4621 1594 4689 ἀξια,
1650 4621 1730 4685 τίς
1766 4624 1800 4693 ὴ

201 4715 349 4785 περὶ
392 4714 609 4785 ἐκείνης
645 4713 885 4787 σπουδη;
934 4715 1008 4768 Ού
1049 4712 1157 4785 γὰρ
1197 4714 1263 4785 δὴ
1298 4714 1394 4768 τοῦ
1440 4714 1606 4769 αύτοῦ
1646 4732 1805 4786 νομο-

200 4805 398 4868 θέτου,
428 4804 490 4858 τὺ
516 4806 616 4876 μέν
646 4824 697 4859 τι
729 4805 938 4860 δίκαιον
962 4805 1058 4860 καὶ
1085 4804 1437 4877 ψυχωφελὲς,
1462 4806 1523 4860 τὸ
1549 4804 1606 4860 δὲ
1634 4806 1806 4877 ἄχρη-

198 4915 350 4954 στον
373 4898 612 4970 κρίνεται
638 4898 733 4953 καὶ
762 4898 1069 4971 ἀπόϐλητον
1090 4916 1104 4930 ο
1137 4897 1213 4963 ὡς
1238 4898 1555 4968 ἐπάναγκες
1576 4893 1740 4963 εἶναι,
1770 4898 1804 4969 ἢ

195 4991 404 5047 πάντα
430 4991 822 5066 κατορθοῦσθαι
842 4991 972 5063 παρ’
1002 4990 1179 5063 ἡμῶν,
1210 4992 1309 5046 ὅσα
1340 4990 1587 5063 περὶτοῦ
1612 4991 1805 5062 Πάσχα

196 5083 586 5153 διηγόρευται,
623 5085 657 5156 ἢ
709 5083 934 5157 μηδενὸς
971 5083 1118 5156 ἡμᾶς
1167 5082 1540 5155 περιέχεσθαι.
1604 5082 1671 5137 Τί
1713 5078 1806 5138 οὖν

196 5177 424 5248 tua!“
459 5174 807 5247 Mv'qoﬂtbuev
837 5174 932 5229 τοῦ
965 5174 1435 5247 παραγγείλαντος
1463 5214 1479 5240 ,
1511 5173 1587 5247 μὴ
1622 5173 1805 5244 φοϐεί-

206 5270 342 5322 ﬂat
372 5267 467 5321 τὸν
495 5267 796 5339 ὀνειδισμὸν
819 5267 928 5320 τῶν
948 5266 1274 5340 ἀνθρώπων,
1300 5268 1394 5320 καὶ
1421 5265 1500 5338 τῷ
1515 5265 1806 5338 φαυλισμῷ

208 5359 400 5415 αὐτῶν
438 5360 513 5431 μὴ
552 5358 836 5430 ἡττᾶσθαι.
892 5359 1125 5430 Οίδαμεν
1168 5358 1276 5430 γὰρ
1307 5356 1417 5412 τῶν
1452 5356 1680 5429 ἀζύμων
1707 5357 1806 5429 τὴν

208 5450 520 5524 ψδχωφελῆ
556 5451 974 5524 παρατήρησιν,
1007 5451 1103 5505 καὶ
1133 5449 1242 5505 τῶν
1277 5449 1538 5523 πικρίδων
1577 5449 1639 5503 τὸ
1676 5449 1806 5520 κέρ-

1913 4447 2026 4502 mul
2060 4447 2225 4504 etiam
2256 4447 2358 4502 hos
2397 4446 2554 4502 cibos
2583 4443 2872 4499 comedite.
2911 4440 3008 4498 Sin
3041 4442 3168 4499 illos
3192 4442 3487 4513 respuitis,

1911 4552 2012 4593 cur
2046 4540 2102 4594 in
2157 4539 2248 4596 die
2304 4536 2647 4594 observando
2720 4534 2967 4606 studium
3026 4532 3491 4606 ponitis2Neque

1908 4631 2057 4687 enim
2089 4630 2383 4687 dicendum
2404 4638 2509 4693 est,
2543 4643 2665 4700 quas
2690 4627 2761 4683 ab
2785 4628 2978 4683 eodem
3011 4626 3329 4698 legislature
3358 4634 3490 4681 sunt

1909 4723 2238 4787 constituta,
2264 4720 2465 4794 partim
2489 4735 2612 4777 esse
2634 4728 2895 4788 tanquam
2916 4721 3066 4789 justa
3092 4724 3259 4786 atque
3284 4717 3486 4774 animis

1910 4813 2065 4870 utilia
2094 4812 2506 4883 comprobanda
2539 4850 2555 4877 ,
2593 4809 2791 4881 partim
2823 4814 2882 4861 ut
2928 4807 3134 4878 injusta
3170 4815 3223 4885 et
3275 4806 3489 4862 inutilia

1907 4902 2270 4974 repudianda.
2304 4898 2403 4957 Bis
2454 4897 2793 4971 argumentis
2821 4896 3193 4962 concludunt,
3244 4903 3341 4952 aut
3368 4911 3488 4952 om-

1909 4996 2026 5061 nia,
2054 5008 2181 5066 quae
2235 4993 2292 5048 in
2330 4990 2603 5047 Paschate
2631 4986 2961 5045 celebrando
2984 4986 3143 5057 jussa
3200 4995 3364 5053 sunt,
3394 4996 3493 5041 aut

1910 5086 2048 5143 nihil
2077 5086 2379 5143 observare
2408 5098 2511 5139 nos
2557 5088 2834 5153 oportere.
2869 5078 3008 5148 Quid
3067 5087 3251 5136 autem
3285 5094 3388 5135 nos
3420 5079 3489 5134 ad

1913 5179 2031 5234 hac
2057 5178 2081 5231 ?
2110 5174 2517 5233 Meminerimus
2547 5170 2708 5229 nobis
2735 5185 2861 5228 esse
2916 5168 3256 5236 mandatum,
3293 5183 3362 5224 ne
3400 5166 3493 5221 ho-

1916 5266 2126 5329 minum
2174 5262 2480 5320 maledictis
2513 5273 2569 5318 et
2596 5259 2947 5318 contumeliis
2976 5259 3402 5339 succumbamus
3420 5259 3487 5312 ⁸⁷.

1913 5358 2177 5414 Novimus
2208 5356 2397 5413 utilem
2445 5354 2603 5427 panis
2651 5354 2773 5409 sine
2803 5353 3071 5408 fermento
3118 5348 3358 5406 confecti
3391 5350 3492 5406 ob-

1918 5449 2307 5514 servationem,
2341 5461 2445 5503 nec
2472 5459 2783 5502 amararum
2811 5443 3107 5501 herbarum
3134 5443 3374 5510 lucrum,
3397 5447 3492 5496 aut

288 5632 331 5668 ⁸⁸
353 5636 527 5691 Rom.
568 5649 645 5700 st,
666 5634 757 5692 29.
831 5634 879 5667 ⁸³
906 5632 1028 5689 Act.
1061 5634 1211 5696 n.27
1307 5636 1351 5668 ⁸⁸
1374 5635 1537 5692 ιιριπ.
1566 5651 1623 5701 ιι,
1654 5634 1740 5690 14.

1906 5633 1996 5689 Isa.
2023 5646 2149 5700 xcv,
2192 5630 2280 5687 12.
2356 5625 2592 5684 MExod.
2625 5641 2721 5695 ιιι,
2757 5623 2811 5679 8.
2889 5622 2930 5656 ⁸⁷
2955 5619 3147 5678 Matth.
3179 5638 3232 5688 v,
3266 5619 3334 5678 59
3366 5635 3491 5695 sqq.

404 5734 687 5796 PnaoL.
726 5730 843 5793 Gn.
893 5730 1118 5793 XLVI.

3073 5716 3153 5777 20
