3930 6210
482 256 591 304 (319

1763 249 1821 300 S.
1862 248 2190 304 GREGORII
2217 248 2304 303 ΝΥ
2317 246 2513 303 SSENI

3636 248 3746 303 6ἰο

487 371 594 426 diei
630 367 1064 439 quartaedecimm
1097 381 1256 422 usum
1288 367 1624 436 ignoramus.
1663 363 1773 420 Lex
1797 405 1811 426 ,
1843 375 1902 420 ut
1933 337 2057 434 pau-

2165 367 2276 430 δος,
2297 367 2392 420 καὶ
2419 365 2520 435 τῆς
2547 360 3144 436 τεσσαρεσκαιδεκάτης
3171 361 3234 416 τὸ
3259 363 3545 434 χρήσιμον.
3593 365 3656 419 Ὀ
3682 368 3741 422 δὲ

487 462 570 516 eis
601 463 869 515 rationem
923 460 1063 513 hanc
1094 458 1434 527 explicemus
1468 497 1483 522 ,
1534 457 1840 511 futurorum
1891 457 2062 511 bono-

489 569 608 611 rum
644 553 892 606 umbram
925 551 1214 605 continens
1231 551 1299 615 ⁸⁸,
1341 565 1511 604 υηυιιι
1558 549 1690 602 illud
1720 548 2062 618 propositum

491 644 672 707 habet,
733 651 792 696 ut
827 642 998 697 variis
1027 642 1302 696 mandatis
1338 641 1502 696 homo
1537 639 1606 693 ab
1641 639 1878 694 immista
1910 649 2064 694 natus

490 750 562 788 rte
583 749 696 789 sua:
730 733 937 786 malitia
982 740 1264 803 purgetur.
1299 729 1412 784 lluc
1442 737 1651 798 spectat
1688 728 2061 794 circumcisio,

478 823 852 878 -huc~Sabhati
885 863 901 887 ,
946 823 1055 878 huc
1089 823 1364 884 ciborum,
1402 821 1507 874 huc
1537 819 1705 873 varize
1741 819 2062 872 animalium

485 912 898 975 immolationis,
930 911 1036 966 huc
1069 910 1314 964 omnium
1357 907 1591 976 denique
1623 906 1756 975 legis
1801 919 2062 961 caeremo-

485 1003 702 1057 niarum
737 1011 790 1057 et
823 1003 1208 1056 institutorum
1237 998 1571 1054 observatio.
1607 997 1850 1068 Longum
1883 1006 2061 1053 autem

471 1102 653 1160 esset,
682 1109 745 1149 ea
780 1109 902 1164 quae
931 1094 1014 1148 lex
1065 1107 1161 1162 per
1199 1091 1484 1162 mnigmata
1519 1090 1868 1160 praescribit,
1904 1105 2063 1144 mun-

485 1184 678 1236 ditiam
741 1183 910 1237 animi
964 1181 1326 1252 signiﬁcantia
1362 1219 1376 1244 ,
1439 1181 1716 1250 sigillatim
1756 1195 2062 1238 recensere.

485 1273 951 1340 Quemadmodum
979 1274 1144 1343 igitur
1163 1288 1258 1343 per
1285 1273 1755 1327 circumcisionem
1772 1312 1787 1338 ,
1809 1289 1930 1343 qum
1954 1274 2065 1344 spi«

475 1353 593 1419 ritu
618 1366 912 1435 peragitur,
942 1373 1134 1419 natura
1158 1364 1485 1435 cupiditates
1518 1362 1727 1433 abjicit,
1753 1365 1916 1419 vitam
1942 1380 2064 1419 car-

485 1459 542 1512 ni
576 1458 868 1513 obnoxiam
907 1466 1196 1526 amputans
1243 1463 1298 1510 et
1331 1455 1736 1511 circumcidens
1763 1495 1779 1521 ,
1809 1471 1905 1526 per
1932 1454 2068 1511 Sab-

485 1550 670 1604 batum
705 1557 886 1604 autent
909 1547 1274 1613 lustituimur,
1309 1555 1368 1602 ιιι
1392 1548 1740 1618 quiescentes
1767 1561 1796 1599 a
1828 1545 2066 1616 peccatis

485 1640 882 1702 abstineamus,
933 1645 988 1693 et
1047 1638 1364 1692 animalium
1429 1637 1688 1692 mactatio
1733 1651 1837 1691 nos
1869 1636 2062 1699 docet,

2163 458 2316 526 λόγος
2344 449 2498 520 οὗτός
2522 456 2690 517 ἐστιν,
2717 455 2776 508 ὃν
2799 454 2874 507 ’δι’
2896 452 3092 519 ὀλίγων
3113 453 3540 525 ἐπισκεψόμεθαο
3557 456 3618 510 Ὀ
3641 465 3745 529 την

2165 549 2322 602 σκιὰν
2353 549 2460 601 τῶν
2508 547 2808 618 μελλόντων
2841 543 3058 613 ἀγαθῶν
3087 544 3226 615 ἔχων
3262 544 3449 616 νόμος,
3473 549 3607 618 πρὸς
3641 548 3746 604 ἕνα

2163 639 2306 694 κατά
2331 639 2392 693 τὸ
2437 637 2846 709 προηγούμενον
2897 635 3083 705 βλέπει
3115 636 3316 689 σκοπὸν
3341 677 3356 701 ,
3384 638 3536 702 ὅπως
3564 638 3628 694 ἂν
3650 639 3742 694 διά

2162 731 2269 784 τῶν
2299 729 2556 783 ποικίλων
2594 728 3072 799 παραγγελμάτων
3111 726 3406 798 καθαρθείη
3429 728 3536 799 τῆς
3573 731 3738 801 ἐμμι-

2162 821 2381 892 χθείσης
2425 820 2622 882 κακίας
2661 821 2690 872 ὁ
2717 818 3020 890 ἄνθρωπος.
3062 816 3231 870 Τοῦτο
3270 819 3327 870 ἐν
3347 821 3414 889 τῇ
3443 823 3738 892 περιτομῇ.

2161 912 2320 965 τοῦτο
2347 913 2404 964 ἐν
2429 910 2507 980 τῷ
2529 907 2812 979 Σαϐϐάτῳ,
2837 906 2994 961 τοῦτο
3021 909 3078 961 ἐν
3109 909 3175 978 τῇ
3201 909 3309 960 τῶν
3329 909 3611 980 ἐδωδίμων
3639 927 3740 965 ται.

2167 1005 2483 1075 ρατηρήσει,
2523 1001 2681 1055 τοῦτο
2718 1003 2776 1055 ἐν
2817 1003 2883 1073 τῇ
2920 1001 3139 1072 ποικίλῃ
3171 1001 3458 1073 ζωοθυσίᾳ,
3500 1003 3661 1056 τοῦτο
3681 1006 3740 1057 ἐν

2163 1097 2274 1158 τοῖς
2315 1092 2436 1148 καθ’
2476 1093 2706 1146 ἕκαστον
2757 1093 3191 1164 παρατηρήμασι
3245 1095 3608 1164 κατορθοῦται
3644 1097 3736 1152 τοῦ

2163 1184 2348 1253 νόμου.
2412 1182 2520 1236 Καὶ
2565 1180 2773 1252 μακρὸν
2816 1180 2882 1235 ἂν
2922 1182 3008 1250 εἴη
3057 1183 3122 1235 τά
3176 1182 3305 1253 περὶ
3353 1183 3588 1238 ἑκάστου
3608 1188 3733 1256 ἡμῖν

2164 1271 2573 1343 αἰνιγματωδῶς
2601 1273 2680 1334 είς
2720 1271 2779 1324 τὺ
2815 1270 2908 1325 τοῦ
2951 1271 3065 1341 βίου
3113 1271 3408 1341 καθάρσιον
3455 1274 3611 1344 παρά
3646 1276 3733 1329 τοῦ

2167 1364 2330 1435 νόμου
2384 1362 2688 1433 δηλούμενα
2728 1362 2796 1414 δι’
2843 1363 3124 1433 ἀκριϐείας
3162 1363 3493 1420 ἐκτίθεσθαι.
3530 1364 3735 1438 Ὠσπερ

2165 1455 2342 1509 τοίνυν
2373 1452 2459 1507 διὰ
2481 1453 2580 1524 τῆς
2607 1453 2906 1524 περιτομῆς
2933 1454 3032 1524 τῆς
3053 1455 3434 1523 πνευματικῶς
3460 1458 3734 1512 ἐπιτελου-

2169 1543 2334 1614 μένης
2357 1543 2390 1613 ή
2417 1541 2576 1610 φύσις
2596 1541 2656 1596 τὸ
2680 1541 2925 1612 ἐμπαθὲς
2947 1541 3281 1610 ἀποτίθεται,
3306 1549 3732 1617 περιαιρουμένη

2166 1631 2256 1685 τὸν
2288 1631 2539 1704 σαρκώδη
2567 1631 2679 1703 βίον
2705 1648 2720 1662 ο
2771 1630 2861 1685 διά
2891 1632 2948 1685 δὲ
2975 1631 3069 1685 τοῦ
3102 1633 3504 1705 Σαϐϐατισμοῦ,
3543 1638 3644 1709 τὴν
3680 1641 3732 1692 ἐν

486 1740 548 1788 ut
600 1731 1037 1803 perturbationes
1068 1739 1122 1786 et
1157 1729 1301 1792 vitia,
1330 1737 1664 1793 mactemus,
1716 1735 1770 1783 et
1809 1728 2054 1783 ciborum

2161 1722 2237 1794 τῷ
2259 1722 2412 1794 κακῷ
2435 1723 2704 1796 ἀπραξίαν
2731 1723 3038 1780 διδάσκεται
3061 1742 3074 1756 ·
3102 1727 3136 1797 η
3164 1726 3220 1780 δὲ
3247 1726 3514 1792 ζωοθυσία
3569 1747 3736 1785 κατα·-

485 1819 890 1875 immundorum
916 1817 1230 1874 interdictio
1260 1832 1361 1872 nos
1385 1825 1588 1882 monet,
1631 1825 1688 1870 ut
1721 1817 1788 1871 ab
1842 1817 2054 1886 impura

484 1908 873 1978 immundaque
901 1909 1010 1961 vita
1051 1906 1374 1962 recedamus
1410 1923 1424 1961 :
1460 1906 1543 1962 sic
1589 1915 1644 1960 et
1677 1905 1792 1959 haec
1824 1904 2055 1960 celebri-

484 2008 569 2056 tas
614 2001 760 2054 illam
811 1998 1018 2053 indicat
1069 1997 1466 2062 celebritatem,
1508 1995 1578 2050 ad
1619 2009 1786 2066 quam
1838 1995 2058 2051 animus

487 2106 581 2164 per
611 2106 796 2161 azyma
834 2098 1191 2158 praeparatur,
1223 2088 1356 2142 dum
1395 2094 1606 2158 septem
1654 2087 1850 2142 diebus
1879 2100 1910 2140 a
1949 2085 2058 2141 fer-

465 2191 670 2238 .mento
689 2181 846 2251 jubet
871 2181 1173 2236 abstinere.
1207 2179 1426 2250 Septem
1461 2179 1608 2234 enim
1631 2177 1844 2233 dierum
1868 2193 2060 2234 nume-

485 2287 581 2326 rus
610 2276 1039 2340 praetereuntem
1093 2269 1237 2322 hunc
1269 2267 1531 2338 temporis
1563 2282 1786 2323 cursum
1845 2266 2054 2338 signiﬁ-

483 2370 592 2427 cat,
624 2361 717 2430 qui
742 2375 842 2431 per
864 2357 1230 2414 hebdomadas
1269 2357 1732 2413 circumvolvitur.
1765 2355 2060 2428 Diligenter

474 2453 625 2508 enim
664 2449 905 2520 quotidie
929 2447 1230 2504 cavendum
1260 2456 1374 2514 est,
1415 2462 1483 2501 ne
1523 2445 1644 2502 dies
1674 2445 1889 2502 instans
1921 2445 2060 2501 ullas

484 2543 753 2598 hesternae
823 2540 1043 2595 malitiae
1103 2539 1364 2610 reliquias
1419 2546 1749 2602 conservet,
1801 2552 1870 2593 ne
1927 2535 2058 2608 quid

482 2632 803 2687 acerbitatis
881 2641 974 2686 aut
1031 2629 1417 2686 amaritudinis
1470 2628 1740 2686 hodierno
1792 2627 2060 2682 fermento

483 2720 685 2776 veteris
712 2719 1083 2789 improbitatis
1118 2719 1303 2773 mistio
1337 2719 1534 2788 pariat.
1583 2716 1679 2773 Sol
1731 2733 1793 2772 ne
1854 2715 2060 2770 occidat

482 2825 638 2880 super
665 2807 996 2862 iracundiam
1026 2815 1274 2873 vestram,
1331 2806 1512 2876 inquit
1548 2805 1843 2876 Apostolus
1867 2804 1933 2870 δ’,
1965 2804 2060 2874 qui

483 2901 744 2972 praecipit,
778 2908 834 2954 ut
869 2899 1009 2954 diem
1047 2897 1242 2953 festum
1296 2897 1656 2962 celebremus,
1713 2913 1817 2950 non
1864 2896 1918 2949 in
1956 2897 2063 2964 fer-

476 2999 654 3044 attento
684 2990 860 3052 veteri,
897 3004 989 3042 nec
1017 2987 1274 3058 fernwnlo
1311 2986 1536 3041 malitia:
1566 2996 1616 3040 et
1675 2978 1941 3057 nequitias,
1966 2986 2057 3040 sed

2157 1810 2348 1880 σφάζει
2381 1811 2448 1864 τὰ
2486 1811 2655 1882 πάθη,
2688 1812 2783 1865 καὶ
2807 1815 2840 1885 η
2866 1814 3228 1886 νενομισμένη
3251 1815 3378 1887 περὶ
3413 1817 3484 1871 τά
3514 1817 3731 1891 βρώμα-

2154 1921 2225 1958 τα
2253 1903 2362 1957 τῶν
2417 1904 2744 1976 ἀκαθάρτων
2792 1906 3062 1978 διάκρισις
3101 1907 3454 1979 συμϐουλεύει
3500 1927 3587 1964 σοι
3643 1911 3730 1965 τοῦ

2160 1996 2452 2068 ρυποῦντός
2497 2014 2556 2050 τε
2590 1997 2686 2051 καὶ
2718 1999 3031 2071 ἀκαθάρτου
3063 1998 3180 2070 βίου
3213 2000 3310 2071 τὴν
3351 2002 3722 2074 ἀλλοτρίωσιν·

2156 2087 2298 2141 οὕτω
2341 2087 2495 2158 καὶὴ
2538 2089 2697 2159 ἐορτή
2744 2107 2826 2143 σοι
2859 2089 2995 2163 αὕτη
3035 2092 3135 2162 τὴν
3174 2091 3366 2163 ἑορτὴν
3387 2093 3610 2164 ἐκείνην
3647 2094 3728 2146 ἐν⁶

2155 2176 2456 2242 δείκνυται,
2501 2177 2638 2250 πρὸς
2681 2179 2747 2250 ἢν
2782 2181 2815 2250 ὴ
2847 2178 2992 2252 ψυχὴ
3029 2181 3117 2235 διά
3160 2181 3267 2235 τῶν
3295 2180 3521 2255 ἀζύμων
3560 2201 3732 2256 παρα-

2159 2267 2502 2334 σκευάζεται,
2545 2271 2604 2324 ἐν
2632 2269 2771 2323 ἐπτά
2799 2269 3029 2342 ἡμέραις
3058 2272 3154 2344 τῆς
3193 2273 3286 2328 τοῦ
3319 2275 3573 2345 ζυμωτοῢ
3602 2275 3736 2348 βρώ-

2159 2375 2297 2422 σεως
2328 2358 2736 2429 καθαρεύουσα,
2792 2355 2866 2418 ὧν
2917 2362 2979 2415 τὸ
3019 2364 3248 2433 αἴνιγμα
3291 2364 3534 2420 τοιοῦτόν
3565 2367 3728 2420 ἐστιν·

2169 2449 2229 2501 '0
2273 2449 2380 2502 τῶν
2427 2449 2565 2502 ἐπτά
2621 2451 2840 2522 ἡμερῶν
2895 2453 3127 2526 ἀριθμὸς
3172 2455 3264 2508 τὸν
3319 2457 3608 2528 παρώικὸν
3651 2474 3731 2510 σοι

2159 2539 2343 2594 τοῦτον
2367 2540 2557 2612 χρόνον
2594 2541 2952 2610 ἐκδείκνυται,
2976 2543 3066 2598 τὸν
3095 2545 3161 2597 δι’
3190 2547 3501 2620 ἐΰδομάδων
3532 2551 3732 2604 ἀνακυ·

2161 2629 2286 2683 κλού
2295 2649 2474 2702 μενον.
2526 2634 2616 2686 Ἐν
2643 2627 2687 2702 ᾧ
2715 2634 2819 2706 χρὴ
2844 2635 2910 2688 δι’
2939 2637 3252 2707 ἐπιμελείας
3277 2641 3358 2704 εἰς
3381 2641 3482 2710 τὴν
3507 2640 3735 2695 ἐνεστῶ⁹

2161 2740 2260 2776 σαν
2289 2724 2502 2796 ἡμέραν
2565 2727 2728 2798 μηδὲν
2771 2732 2870 2799 τῆς
2895 2729 3084 2802 χθιζῆς
3116 2732 3312 2798 κακίας
3337 2733 3589 2803 λείψανον
3621 2735 3736 2790 δια-

2162 2815 2430 2880 σώζεσθαι
2457 2855 2472 2880 ,
2518 2818 2594 2883 ὡς
2633 2819 2700 2873 ἂν
2733 2821 2805 2892 μή
2838 2839 2957 2875 τινα
2997 2823 3186 2894 στύψιν
3218 2826 3312 2878 καὶ
3356 2827 3507 2893 ὀξίδα
3528 2827 3609 2898 τῷ
3647 2846 3743 2900 ση-

2164 2903 2369 2976 μερινῷ
2402 2906 2682 2976 φυράματι
2711 2909 2745 2977 ὴ
2784 2910 2881 2979 τῆς
2913 2908 3080 2964 ἐὼλου
3107 2911 3302 2976 κακίας
3331 2916 3631 2984 ποιήσειεν.
3678 2917 3742 2969 '0

2163 2996 2337 3064 ἣλιος
2375 2996 2460 3066 μὴ
2510 2997 2798 3052 ἐιτιδυέτω
2853 3001 2951 3054 ἐπὶ
2998 3001 3078 3067 τῷ
3117 3004 3502 3074 παροργισμῷ
3549 3005 3737 3075 ὑμῶν,

482 3084 536 3134 iu
571 3081 773 3151 azymis
819 3050 1137 3133 sinceritatis
1185 3085 1234 3132 et
1288 3078 1524 3132 veritatis
1542 3077 1613 3133 ⁵ο.
1662 3050 1819 3142 Quod
1874 3083 2056 3131 autem

2161 3086 2326 3157 φησὶν
2354 3050 2393 3142 ὁ.
2421 3050 2761 3154 ἀπόστολος,
2830 3094 2863 3146 ὁ
2890 3092 2978 3162 μὴ
3024 3050 3096 3148 ἐν
3133 3050 3557 3164 ζύῖιῃτάταῖαἷᾷ,
3581 3050 3742 3168 Ζηδὲ

482 3172 550 3228 de
580 3187 687 3226 uno
720 3170 936 3226 malitia:
967 3183 1168 3241 genere
1203 3167 1523 3236 didicimus,
1555 3168 1609 3223 id
1636 3168 1801 3224 simili
1847 3168 2058 3223 ratione

483 3262 550 3317 de
596 3261 823 3330 reliquis
876 3259 1098 3315 malitia:
1163 3259 1455 3330 generibus
1521 3258 1729 3313 dictum
1778 3259 2057 3314 existime-

482 3367 627 3406 mus.
665 3349 1008 3405 'Amaritudo
1067 3349 1212 3404 enim
1246 3364 1278 3405 e
1309 3348 1418 3403 vita
1465 3356 1739 3419 torporem
1798 3356 1853 3403 et
1906 3348 2059 3418 igna-

483 3443 627 3497 viam
661 3442 903 3511 expellit,
959 3449 1014 3496 et
1062 3439 1210 3496 illius
1250 3439 1372 3494 loco
1417 3438 1609 3495 l'ortem
1643 3447 1697 3494 et
1761 3439 1954 3494 duram
2003 3447 2059 3495 et

482 3545 734 3603 asperam
809 3531 1028 3587 vivendi
1085 3529 1353 3586 rationem
1414 3530 1734 3599 introducit,
1787 3531 2055 3601 siquidem

482 3621 662 3678 omnis
709 3621 999 3691 disciplina
1040 3620 1311 3691 principio
1352 3619 1566 3676 videtur
1623 3633 1732 3676 non
1790 3621 2052 3688 laetitiam,

485 3713 578 3768 sed
615 3710 922 3766 molestiam
951 3709 1168 3767 aderre.

553 3967 736 4034 Quare
782 3969 877 4038 qui
923 3968 1048 4023 vita:
1081 3967 1253 4024 totius
1280 3967 1673 4027 hebdomadam
1709 3971 1860 4026 nulla
1885 3970 2053 4047 veteri

484 4059 692 4114 malitia
745 4059 1114 4123 commistam,
1168 4058 1262 4114 sed
1307 4060 1376 4113 ab
1410 4060 1582 4129 ipsius
1630 4059 1893 4118 fermento
1921 4063 2057 4118 libe-

475 4165 600 4205 ram
653 4149 904 4220 transigit
935 4189 952 4214 ,
993 4151 1409 4220 temperantiam
1465 4152 1520 4205 in
1589 4151 1738 4207 victu
1795 4161 2052 4224 tauquam

470 4242 774 4299 obsonium
826 4240 1118 4307 adhibens,
1147 4243 1195 4297 is
1238 4243 1308 4297 ab
1359 4243 1508 4298 omni
1563 4244 1910 4300 tenebricosa
1949 4245 2054 4300 mi-

474 4333 668 4388 ‘stione
697 4348 757 4388 se
803 4333 980 4404 ipsum
1035 4341 1246 4390 avocat.
1281 4331 1396 4389 Hoc
1450 4335 2052 4406 cnimquartaadecimae

477 4426 627 4479 luna:
671 4438 867 4480 cursus
943 4425 1236 4494 signiﬁcat.
1283 4425 1417 4480 Nam
1447 4441 1584 4495 cum
1643 4435 1818 4482 totum
1878 4429 2051 4498 ipsius
2082 4427 2126 4482 D

482 4531 705 4570 cursum
739 4531 932 4570 novem
959 4524 1013 4570 et
1067 4515 1257 4586 viginti
1293 4516 1412 4572 dies
1459 4532 1584 4571 cum
1623 4518 1849 4573 dimidio
1874 4520 2048 4574 confl-

482 4609 649 4671 ciant,
693 4621 802 4677 quo
835 4605 1055 4676 quidem
1084 4608 1262 4678 spatio
1292 4608 1420 4662 luna
1458 4616 1572 4663 tum
1614 4611 1910 4666 crescendo
1943 4612 2054 4667 cir-

479 4700 666 4754 culum
697 4697 928 4770 perlicit,
959 4705 1071 4752 tum
1107 4698 1477 4756 decrescendo
1509 4703 1776 4758 minuitur
1796 4743 1811 4767 ,
1847 4713 1905 4758 ut
1935 4719 2054 4760 om-

477 4791 539 4844 ni
581 4804 806 4859 prorsus
835 4790 954 4844 luce
981 4787 1219 4853 deﬁciat,
1258 4790 1336 4854 tit,
1371 4800 1431 4846 ut
1481 4793 1675 4848 horum
1714 4795 1925 4850 dierum
1964 4795 2052 4850 di-

476 4878 712 4933 auidium
739 4878 949 4935 numeri
974 4881 1384 4949 quatuordecim
1407 4883 1523 4940 dies
1547 4894 1602 4941 et
1632 4886 1791 4956 paulo
1820 4887 2053 4958 amplius

476 4968 779 5023 contineat.
821 4971 954 5025 Cum
994 4971 1158 5041 igitur
1209 4973 1429 5043 proprio
1476 4989 1643 5032 cursu
1705 4979 2053 5050 progrediens

478 5063 758 5112 nocturno
786 5060 964 5129 spatio
993 5063 1075 5117 sic
1101 5062 1290 5118 orbem
1325 5079 1484 5120 suum
1525 5067 1647 5124 luce
1675 5071 2050 5140 compleverit,

486 5157 546 5205 ut
579 5149 687 5206 diei
732 5150 1012 5220 splendori
1048 5153 1276 5210 nitorem
1333 5155 1592 5228 adiungat
1646 5176 1827 5226 suum,
1865 5164 2052 5232 sequi-

485 5251 594 5308 tur,
642 5249 702 5296 ut
731 5257 906 5312 neque
934 5245 1171 5314 vesperi,
1218 5261 1394 5317 neque
1419 5264 1580 5306 mane
1622 5253 1875 5310 tenebras
1908 5255 2052 5310 ullas

481 5333 628 5388 sinat
673 5333 986 5403 interponi,
1035 5337 1237 5406 quibus
1289 5340 1550 5395 continua
1581 5342 1718 5399 lucis
1766 5347 1936 5402 series
1977 5348 2052 5402 in-

484 5432 875 5496 terrumpatur,
917 5427 1150 5500 cum_in
1180 5429 1462 5486 elementis
1505 5445 1766 5504 perpetua
1824 5436 2050 5496 luminis

557 5643 605 5676 δ⁸
638 5643 798 5702 Hebr.
833 5663 887 5710 ι,
922 5647 972 5702 1.
1049 5649 1316 5722 “Ephes.
1357 5670 1429 5721 tv,
1459 5656 1546 5711 26.
1625 5659 1671 5690 ⁸⁸
1699 5657 1866 5716 lCor.
1900 5677 1951 5728 ν,
1987 5663 2045 5718 8.

2157 3177 2228 3232 ἐν
2253 3178 2397 3249 ζύμῃ
2429 3183 2641 3248 κακίας
2664 3183 2764 3237 καί
2789 3186 3104 3253 πονηρίας,
3141 3188 3279 3242 ἀλλ’
3301 3188 3371 3242 ἐν
3392 3187 3636 3258 ἀζύμοις
3661 3192 3742 3244 ει-

2157 3275 2483 3341 λικρινείας
2533 3275 2631 3328 καὶ
2671 3276 2957 3345 ἀληθείας
2995 3278 3266 3350 ἑορτάζειν
3297 3282 3738 3354 ἐγκελευόμενος.

2163 3361 2230 3414 Ὃ
2256 3361 2312 3416 δὲ
2344 3363 2471 3434 περὶ
2503 3363 2595 3417 τοῦ
2629 3364 2746 3427 ἐνὸς
2776 3367 2876 3437 τῆς
2895 3368 3093 3433 κακίας
3119 3369 3292 3434 είδους
3316 3371 3581 3444 ἔγνωμεν,
3607 3377 3746 3431 ἀνα-

2156 3450 2333 3520 λόγως
2350 3454 2508 3508 τοῦτο
2532 3455 2658 3526 περὶ
2689 3456 2796 3511 τῶν
2820 3457 3020 3513 λοιπῶν
3045 3461 3139 3532 τῆς
3171 3462 3370 3527 κακίας
3401 3465 3561 3518 εἰδῶν
3594 3467 3747 3520 διδα-

2159 3544 2400 3613 σκόμεθα
2426 3564 2440 3576 ·
2496 3546 2530 3616 ἡ
2557 3546 2616 3600 δὲ
2663 3549 2852 3619 πικρὶς
2890 3551 3140 3606 ἐκϐάλλει
3183 3553 3246 3606 τὸ
3285 3555 3743 3611 καταδεδλακευ-

2159 3633 2318 3703 μένον
2364 3636 2422 3690 ἐν
2470 3634 2547 3708 τῷ
2593 3635 2692 3707 βίῳ
2729 3638 2822 3692 καὶ
2869 3639 3128 3697 ἔκλυτον⁹
3189 3644 3492 3714 ἀντεισάγει
3541 3647 3604 3700 δὲ
3649 3650 3746 3704 τὶν

2155 3724 2399 3796 ἐγκρατῆ
2426 3727 2520 3780 καὶ
2552 3729 2982 3801 κατεσκληκότα,
3033 3735 3129 3787 καὶ
3160 3738 3225 3807 τῇ
3257 3736 3502 3807 αἰσθήσει
3529 3738 3745 3810 δύσλη-

2156 3831 2287 3869 πτον
2317 3814 2451 3885 βίον.
2494 3819 2715 3889 Ἐπειδὴ
2760 3822 2909 3875 πᾶσα
2943 3825 3161 3878 παιδεία
3202 3828 3265 3881 06
3311 3829 3453 3882 δοκεῖ
3485 3829 3633 3901 πρὸς
3685 3831 3747 3886 τὸ

2156 3907 2329 3977 παρὸν
2355 3911 2529 3979 χαρᾶς
2560 3907 2718 3977 εἶναι,
2747 3912 2884 3967 άλλά
2906 3913 3103 3986 λύπης.

2240 3997 2297 4050 '0
2326 3999 2505 4052 τοίνυν
2535 4000 2623 4054 διά
2659 4001 2840 4075 πάσης
2866 4004 2964 4074 τῆς
2996 4005 3091 4059 τοῦ
3135 4006 3252 4077 βίου
3273 4002 3472 4063 τούτου
3504 4012 3742 4084 ἐϐδομά-

2153 4085 2241 4151 δος
2278 4089 2631 4162 ἀνεπίμικτον
2664 4095 2895 4159 παλαιᾶς
2924 4097 3120 4162 κακίας
3160 4100 3254 4153 καὶ
3281 4100 3489 4171 ἄζυμον
3521 4103 3625 4175 τὴν
3656 4107 3741 4160 ἀεὶ

2153 4177 2456 4234 ἐνεστῶσαν
2497 4183 2775 4255 κατορθῶν
2806 4186 3036 4256 ἡμέραν,
3073 4188 3200 4257 ὄψον
3238 4190 3336 4259 τῆς
3362 4191 3509 4261 ζωῆς
3551 4195 3742 4249 ποιού-

2156 4284 2314 4338 μενος
2339 4271 2437 4343 τὴν
2463 4274 2805 4346 ἐγκράτειαν,
2835 4270 2988 4342 οὗτος
3021 4280 3210 4334 ἐαυτὸν
3241 4282 3421 4352 πάσης
3457 4287 3744 4358 σκοτεινῆς

2153 4358 2429 4449 ἐπιμιξίας
2459 4365 2702 4435 χωρίζει.
2742 4367 2910 4420 Τοῦτο
2949 4369 3056 4441 γὰρ
3100 4371 3132 4441 ἡ
3166 4375 3741 4449 τεσσαρεσκαιδεκάτη

2152 4447 2244 4500 τοῦ
2274 4449 2555 4520 σεληναίου
2575 4454 2774 4526 δρόμου
2818 4459 3169 4516 ἐνδείκνυται.
3208 4461 3426 4536 Ἐπειδὴ
3449 4466 3562 4536 γάρ
3583 4447 3742 4522 ἐννέα

2154 4539 2289 4592 εἰσὶν
2319 4542 2374 4593 αἱ
2403 4544 2571 4597 πᾶσαι
2604 4546 2697 4600 τοῦ
2735 4549 3013 4620 σεληναίου
3043 4552 3241 4629 δρόμου
3261 4596 3276 4620 ,
3310 4555 3402 4608 καὶ
3428 4555 3608 4611 εἴκοσι
3653 4561 3741 4613 καὶ

2154 4629 2376 4700 ⁴ἡμίσεια
2397 4673 2412 4698 ,
2442 4634 2500 4687 ἐν
2529 4631 2616 4699 αἷς
2641 4639 2705 4691 ἐκ
2751 4641 3038 4712 νεομηνίας
3063 4646 3095 4716 ἦ
3131 4645 3326 4716 σελήνη
3357 4646 3424 4700 δι’
3455 4649 3743 4720 αὐξήσεως

2153 4720 2497 4778 τελειωθεῖσα
2544 4727 2621 4798 τῷ
2650 4729 2854 4802 κύκλῳ,
2887 4734 3046 4787 πάλιν
3070 4735 3156 4789 διὰ
3191 4737 3468 4806 μειώσεως
3513 4741 3601 4804 είς
3647 4742 3741 4812 τὴν

2159 4812 2397 4883 παντελῆ
2424 4815 2517 4867 τοῦ
2544 4817 2721 4884 φωτὸς
2744 4819 2983 4891 ἔκλειψιν
3006 4825 3379 4896 ἐπανέρχεται,
3406 4827 3660 4899 δηλονότι
3682 4831 3737 4884 τὺ

2157 4902 2326 4974 ἥμισυ
2371 4905 2466 4958 τοῦ
2506 4912 2966 4979 μνημονευθέντος
3007 4916 3241 4987 ἀριθμοῦ
3287 4924 3737 4992 τεσσαρεσκαιδε-

2159 4993 2296 5066 κάτη
2315 4997 2450 5059 ἐστὶ,
2473 4999 2564 5051 καὶ
2583 5001 2776 5072 μικρὸν
2799 5003 2878 5058 ἔτι
2906 5008 3060 5076 πρός.
3088 5008 3318 5076 Οὐκοῦν,
3340 5011 3467 5064 ὅταν
3486 5014 3547 5065 ἐν
3566 5014 3735 5082 τούτῳ

2156 5085 2293 5159 τύχῃ
2324 5083 2457 5142 οὖσα
2484 5092 2516 5162 ἡ
2547 5093 2738 5166 σελήνη
2761 5095 2836 5168 τῷ
2855 5099 3114 5169 σχήματι,
3137 5102 3324 5173 ἐπειδὴ
3356 5106 3734 5178 συμπροῖοῦσα

2157 5179 2298 5232 κατὰ
2312 5179 2402 5233 τὸν
2419 5181 2545 5235 ἴδιον
2567 5184 2765 5256 δρόμον
2789 5188 2863 5259 τῷ
2885 5191 3181 5262 νυκτερινῷ
3197 5193 3552 5265 διαστήματι,
3571 5213 3739 5267 προσ-

2155 5268 2334 5339 τίθησι
2381 5272 2442 5325 τὸ
2475 5273 2658 5329 λεῖπον
2694 5277 2769 5347 τῷ
2804 5280 3008 5351 κύκλῳ,
3030 5281 3169 5336 ὥστε
3218 5284 3597 5356 πληρωθεῖσαν
3627 5304 3741 5355 φω-

2157 5355 2247 5446 τὸς
2273 5361 2394 5423 ταῖς
2421 5362 2612 5430 αὐγαῖς
2641 5368 2738 5438 τῆς
2763 5367 2972 5440 ἡμέρας
3003 5371 3101 5435 τὰς
3125 5374 3255 5444 παρ’
3284 5355 3488 5444 ἑαυτῆς
3516 5375 3743 5446 λαμπη-

2156 5445 2313 5510 δόνας
2342 5458 2930 5529 συμπαρακαταμίξαι,
2961 5460 3037 5525 ὡς
3081 5464 3215 5534 μήτε
3261 5465 3403 5520 κατά
3444 5468 3542 5539 τὴν
3566 5445 3743 5518 ἐσπέ-
