3930 6210
305 261 406 318 621

1267 245 1335 302 ΙΝ
1381 241 1656 301 CHRISTI
1698 235 2327 296 RESURRECTIONEM
2359 233 2565 316 ()R_AT.
2606 233 2644 286 l.

3452 228 3556 286 6'22

304 389 432 444 ραν,
471 371 608 441 μήτε
643 366 785 421 κατὰ
815 366 906 420 τὸν
938 365 1156 438 ὅρθῳν,
1198 365 1421 428 σκότους
1457 361 1579 416 τινὰ
1613 360 1886 432 παρενθή-

2009 354 2271 408 uiceessio
2323 362 2560 409 maneat.
2604 350 2925 422 Priusquam
2952 349 3096 405 enim
3131 347 3263 403 solis
3295 346 3558 402 occiden-

301 481 409 531 κην
434 460 689 529 διακόψαι
718 457 812 512 τοῦ
837 459 1012 527 φωτὸς
1036 458 1134 528 τὴν
1167 456 1465 526 συνέχειαν,
1489 459 1546 508 ὲν
1574 457 1640 524 τῇ
1669 454 1886 522 διαδοχῇ

308 556 416 610 θεῶν
452 553 746 623 στοιχείων,
773 551 1080 622 ἀδιαιρέτου
1107 551 1204 620 τῆς
1232 549 1406 619 αὐγῆς
1438 546 1723 618 μενούσης.
1756 544 1890 614 Πρὶν

297 647 418 719 γάρ
448 643 688 716 ἀκριϐῶς
729 642 827 714 τὴν
867 641 1098 713 ἡλιακὴν
1137 641 1330 694 ἀκτῖνα
1375 641 1688 702 καταδῦναι,
1739 640 1888 692 ἀντι-

302 738 556 807 φαίνεται
585 735 651 788 δι’
682 734 898 796 εὐθείας
924 735 957 804 ἡ
988 733 1180 804 σελήνη
1217 733 1294 804 τῷ
1325 733 1460 804 ἡλίῳ
1501 733 1644 787 κατὰ
1671 731 1733 786 τὸ
1772 731 1890 784 διά-

305 843 509 898 μετρον
528 866 544 891 ,
578 825 675 877 xci.
701 821 780 893 τῷ
811 822 926 891 ἰδίῳ
956 821 1094 890 φωτὶ
1123 820 1467 891 καταλάμπει
1505 819 1567 872 τὸ
1601 818 1891 888 ὑποκείμε-

302 934 416 972 νον.
441 917 550 971 Καὶ
576 915 739 968 πάλιν
771 913 899 984 πρὶν
926 913 1144 977 πάντως
1172 913 1263 968 τὸν
1296 911 1492 967 κύκλον
1520 911 1691 980 αὐτῆς
1723 911 1890 963 ὑπελ-

302 1008 422 1062 θεῖν
439 1008 528 1060 τὸν
547 1007 817 1078 ὁρίζοντα,
849 1008 961 1069 τοῖς
983 1005 1255 1074 λειψάνοις
1287 1004 1379 1058 τοῦ
1416 1005 1698 1074 σεληναίου
1718 1005 1892 1074 φωτὸς

304 1100 344 1169 ἡ
383 1099 485 1169 τῆς
533 1098 748 1169 ἡμέρας
794 1096 935 1167 αὐγὴ
993 1100 1408 1168 κατακιρνᾶται.
1450 1100 1559 1152 Καὶ
1605 1097 1746 1152 οὕτω
1794 1101 1892 1168 τῆς

305 1189 644 1260 πανσελήνου
674 1188 887 1257 ὲκείνης
925 1186 1137 1257 ἡμέρας
1176 1187 1236 1240 τὸ
1280 1188 1469 1251 σκότος
1492 1186 1890 1258 ὲξαφανίζεται,

307 1281 452 1334 κατά
479 1298 538 1332 τε
572 1279 666 1332 τὸν
707 1279 901 1349 ὄρθρον
944 1281 1035 1332 καὶ
1070 1280 1168 1348 τὴν
1222 1279 1492 1351 ἑσπέραν,
1527 1283 1590 1352 τῇ
1625 1282 1733 1333 τῶν
1777 1299 1891 1351 φω-

308 1375 526 1443 στήρων
575 1370 793 1439 διαδοχῇ
843 1369 1314 1441 λαμπρυνόμενον.
1365 1372 1542 1443 Ὅπερ
1582 1374 1762 1426 τοίνυν
1816 1372 1894 1443 τῷ

304 1461 552 1532 αἰσθητῷ
596 1461 735 1529 φωτὶ
785 1459 926 1513 κατὰ
977 1460 1073 1529 τὴν
1115 1461 1710 1532 τεσσαρεσκαιδεκάτην
1757 1479 1895 1532 συμ-

309 1551 510 1614 ϐαίνει,
543 1549 604 1601 τὸ
640 1547 728 1600 διὰ
764 1548 942 1618 πάσης
974 1549 1166 1611 νυκτός
1206 1566 1265 1600 τε
1297 1549 1391 1602 nati.
1437 1551 1651 1622 ἡμέρας
1679 1551 1896 1620 ἀπαρά-

309 1642 499 1694 δεκτον
541 1635 680 1693 εἶναι
713 1639 814 1709 τῆς
847 1640 1126 1710 ἐπιμιξίας
1157 1639 1250 1692 τοῦ
1300 1640 1542 1707 σκότους,
1577 1641 1733 1694 τοῦτο
1773 1641 1895 1712 βού-

312 1733 469 1785 λεται
500 1734 530 1784 ὁ
569 1708 1129 1801 πνευματικὸς-νόμος
1152 1769 1166 1792 ,
1199 1730 1464 1801 σύμϐολον
1495 1731 1745 1798 γενέσθαι
1773 1708 1893 1796 τοῖς
1926 1708 1966 1762 Β

316 1820 698 1890 πνευματικῶς
727 1821 1098 1891 ἑορτάζουσιν,
1127 1820 1265 1874 ὥστε
1294 1821 1381 1874 διὰ
1416 1823 1594 1892 πάσης
1625 1822 1724 1892 τῆς
1752 1824 1893 1876 κατὰ

316 1914 424 1984 τὴν
451 1912 592 1982 ζωὴν
617 1911 928 1981 ἑϐδομάδος,
964 1911 1021 1964 ἓν
1066 1912 1256 1982 Πάσχα
1290 1913 1548 1981 φωτεινὸν
1605 1913 1699 1966 καὶ
1729 1914 1886 1967 ἀσκόο

313 2023 499 2059 τιστον
524 2005 642 2058 ὅλον
671 2003 760 2057 τὸν
796 2004 987 2075 χρόνον
1015 2004 1198 2068 αὐτοῖς
1241 2005 1339 2074 τῆς
1368 2004 1513 2076 ζωῆς
1539 2003 1889 2075 ἐργάζεσθαι.

313 2098 468 2167 Αὕτη
495 2097 602 2166 γὰρ
637 2095 744 2148 τῶν
775 2096 902 2167 περ)⁹
939 2095 1000 2148 τὸ
1049 2095 1241 2165 Πάσχα
1273 2094 1747 2166 παραγγελμάτων
1783 2097 1896 2158 τοῖς

313 2190 663 2260 Χριπιανοίς
693 2190 726 2257 ἡ
761 2188 1114 2250 κατάστασις.
1149 2187 1249 2240 Διὰ
1281 2186 1436 2241 τούτο
1478 2187 1612 2258 πρὸς
1636 2186 1737 2258 τὴν
1770 2203 1893 2240 τεσ-

317 2280 822 2350 σαρεσκαιδεκάτην
859 2279 1148 2349 βλέπομεν,
1182 2278 1269 2332 διὰ
1294 2278 1386 2332 τοῦ
1417 2278 1675 2349 αἰσθητοῦ
1706 2277 1895 2333 τούτου

317 2374 416 2425 καὶ
452 2370 636 2424 ὑλικοῦ
672 2371 868 2439 φωτὸς,
899 2371 992 2423 τού
1017 2370 1180 2425 ὰΰλου
1206 2388 1266 2424 τε
1295 2371 1390 2425 καὶ
1413 2371 1604 2442 νοητοῦ
1631 2373 1730 2442 τὴν
1760 2388 1898 2442 φαν-

315 2463 516 2517 τασίαν
548 2463 1051 2533 ἀναλαμϐάνοντες,
1090 2462 1164 2525 ὼς
1211 2462 1272 2515 τὸ
1306 2463 1404 2532 μὲν
1450 2462 1626 2518 δοκεῖν
1669 2463 1900 2535 σελήνην

317 2552 635 2623 πλήθουσαν
662 2552 960 2622 ἐπιζητεῖν,
982 2551 1040 2604 τὺ
1072 2552 1199 2623 παρ’
1228 2552 1426 2624 ἑαυτῆς
1453 2553 1658 2622 φέγγος
1683 2553 1904 2626 διαρκὲς

317 2643 706 2714 παρεχομένην
737 2644 869 2714 ἡμῖν
908 2643 1218 2714 παννύχιον,
1253 2645 1320 2715 τῇ
1350 2645 1406 2698 δὲ
1442 2644 1702 2720 ἀληθείᾳ,
1739 2645 1904 2716 νόμον

319 2734 458 2804 ἡμῖν
488 2730 630 2787 εἶναι
657 2735 718 2787 τὸ
743 2737 1118 2807 παρατήρημα
1144 2735 1237 2790 τοῦ
1267 2736 1446 2791 πάντα
1467 2736 1558 2790 τὸν
1581 2736 1791 2808 χρόνον,
1813 2737 1905 2792 τὸν

1992 447 2063 501 tis
2100 447 2235 500 radii
2279 448 2435 516 plane
2485 444 2763 507 deficiant.
2795 458 2825 497 e
2864 442 3086 513 regione
3131 441 3375 496 cernitur
3407 440 3556 504 luna,

1992 555 2109 610 quae
2136 540 2254 592 luce
2285 552 2383 593 sua
2413 535 2675 590 mundum
2724 535 2982 590 illustrat.
3039 534 3103 587 Et
3137 549 3354 590 rursum
3414 540 3563 586 ante-

1990 646 2154 702 quam
2203 631 2330 684 hinc
2391 644 2556 684 cursu
2615 627 2868 683 confecto
2902 627 3026 681 luna
3084 625 3362 691 discedat,
3418 624 3560 679 lucis

1989 723 2108 790 ejus
2144 720 2391 791 reliquiis
2438 720 2542 774 diei
2593 719 2852 790 splendor
2881 717 3216 788 adiungitur.
3264 718 3442 787 Atque
3484 715 3559 770 ita

1989 832 2054 870 ex
2090 816 2177 868 illa
2211 823 2391 879 nocte,
2421 828 2529 883 qua
2561 812 2689 866 luna
2731 811 2887 881 plena
2914 817 3020 876 est,
3061 810 3298 864 tenebra:
3341 807 3560 879 penitus

1931 951 1942 964 .
1990 906 2377 970 excluduntur,
2428 913 2616 960 mutua
2676 904 2809 960 solis
2873 912 2927 958 et
2980 903 3121 957 lunae
3176 909 3290 956 tum
3350 901 3560 971 vesperi

1991 1009 2106 1055 tum
2141 1013 2302 1054 mane
2352 998 2722 1054 successione.
2755 995 2910 1062 Quod
2943 995 3108 1066 igitur
3138 994 3246 1050 luci
3303 993 3564 1050 sensibus

1991 1089 2250 1159 expositae
2281 1088 2688 1159 quartadecima
2717 1088 2807 1142 die
2843 1086 3132 1156 contingit,
3177 1095 3235 1140 ut
3263 1101 3360 1156 per
3393 1093 3563 1140 totam

1992 1191 2205 1236 noctem
2241 1188 2406 1251 atque
2431 1179 2575 1235 diem
2611 1180 2815 1232 nullam
2852 1179 3204 1234 tenebrarum
3251 1179 3563 1234 mistionem

1992 1273 2264 1337 admittat,
2301 1273 2354 1327 id
2389 1272 2692 1342 spiritualis
2729 1273 2814 1327 lex
2843 1271 2957 1325 vult
3001 1285 3124 1326 esse
3153 1269 3564 1335 documentum,

1994 1374 2054 1419 ut
2089 1379 2184 1434 per
2209 1375 2378 1418 totam
2411 1364 2535 1418 vitae
2564 1363 2958 1419 hebdomadam
3021 1363 3338 1432 prteclarum
3396 1379 3566 1418 unum

1996 1456 2201 1511 Pascha
2245 1464 2298 1511 et
2338 1471 2367 1509 a
2415 1455 2655 1511 tenebris
2699 1454 3127 1510 remotissimum
3175 1455 3516 1512 celebrantes
3550 1495 3566 1522 ,

1996 1561 2156 1600 omne
2189 1547 2448 1615 temporis
2498 1546 2737 1616 Spatium
2781 1546 2843 1603 in.
2869 1547 2988 1602 luce
3023 1547 3413 1617 lransigamus.
3444 1547 3568 1603 llaec

1997 1647 2082 1693 est
2132 1638 2442 1693 celebrandi
2493 1637 2780 1694 Paschatis
2827 1639 2967 1709 apud
3007 1639 3347 1696 Christianos
3399 1641 3565 1698 insti-

1998 1731 2135 1783 tutio
2190 1739 2352 1800 atque
2380 1731 2711 1786 observatio.
2774 1730 2983 1786 Idcirco
3049 1733 3570 1801 quartamdecimam

2000 1821 2142 1876 hanc
2179 1821 2322 1876 diem
2355 1822 2710 1886 attendimus,
2744 1831 2800 1876 ut
2829 1838 2895 1877 ex
2939 1823 3040 1877 hac
3073 1823 3212 1888 luce,
3243 1839 3366 1894 qua:
3405 1839 3571 1881 sensu

2000 1913 2301 1984 percipitur
2358 1921 2413 1967 et
2451 1913 2506 1967 in
2543 1913 2774 1967 materia
2806 1913 2914 1968 sita
2960 1922 3044 1970 est
3070 1952 3086 1979 ,
3116 1914 3294 1969 lucem
3335 1932 3366 1968 a
3402 1922 3574 1970 mate-

1999 2005 2081 2060 ria
2114 2005 2420 2075 sejunctam
2451 2015 2502 2059 et
2537 2020 2660 2076 quae
2694 2007 2810 2061 sola
2849 2017 3029 2063 mente
3071 2005 3572 2078 comprehenditur.

2003 2095 2394 2166 intelligamus,
2435 2103 2511 2160 et,
2539 2095 2669 2149 dum
2709 2095 2958 2151 videmur
3010 2097 3195 2152 lunam
3242 2099 3457 2168 plenam
3489 2098 3576 2152 in-

2002 2190 2240 2260 quirere,
2294 2203 2415 2259 qua:
2465 2195 2786 2258 perpetuum
2817 2203 2881 2244 ex
2935 2203 2996 2245 se
3024 2190 3206 2244 lumen
3247 2198 3360 2245 tota
3418 2202 3579 2249 nocte

2005 2281 2262 2351 praebeat,
2296 2280 2429 2334 nihil
2467 2280 2610 2334 aliud
2659 2281 2818 2336 nobis
2865 2296 2928 2336 ea
2974 2297 3032 2336 re
3086 2282 3258 2352 legem
3323 2285 3575 2353 praeseri-

2006 2373 2137 2429 bere
2197 2371 2577 2428 existimemus
2605 2414 2619 2438 ,
2655 2373 2761 2428 nisi
2814 2381 2873 2427 ut
2919 2388 3083 2428 omne
3142 2382 3356 2446 tempus
3382 2419 3397 2440 ,
3431 2377 3576 2447 quod

2007 2480 2117 2520 nox
2155 2463 2381 2535 diesque
2435 2463 2757 2527 dimetitur,
2785 2463 3084 2520 virtutibus
3143 2465 3476 2520 illustratum
3527 2476 3581 2522 et

2008 2555 2386 2627 splendidum,
2418 2562 2472 2611 et
2511 2555 2680 2611 nullis
2740 2556 3049 2612 tenebrosis
3102 2558 3415 2614 actionibus
3456 2574 3579 2630 per-

2011 2651 2235 2706 mistum
2271 2649 2681 2720 inquinatumve
2710 2650 3082 2707 traducamus.
3135 2652 3216 2706 Ac
3241 2651 3308 2708 de
3343 2652 3429 2708 his
3454 2641 3580 2723 qui-

2011 2741 2134 2798 dem
2182 2741 2339 2797 satis.

319 2827 484 2879 νυκτὶ
538 2827 634 2880 καὶ
677 2828 863 2899 ἡμέρα
918 2827 1414 2900 διαμετρούμενον,
1464 2830 1716 2904 λαμπρὸν
1773 2834 1906 2906 ἡμῖν
1944 2834 2181 2907 διαρκῶς
2216 2829 2376 2900 εἶναι,
2428 2835 2522 2887 καὶ
2561 2834 2668 2887 τῶν
2701 2833 2877 2905 ἔργων
2915 2833 3024 2888 τῶν
3064 2834 3352 2890 σκοτεινῶν
3394 2835 3583 2890 ἀνεπί-

324 2933 545 2988 μικτον.
573 2918 685 2971 Καὶ
706 2919 832 2988 περὶ
864 2919 962 2990 μὲν
987 2918 1211 2984 τούτων,
1229 2921 1481 2977 τοσαῦτα.

404 3015 547 3068 Ὅσα
586 3015 642 3068 δὲ
689 3016 718 3069 ὁ
754 3015 986 3087 σταυρὸς
1036 3017 1351 3088 ἐμπεριέχει
1401 3020 1670 3091 νοήματα,
1725 3022 1791 3076 δι’
1842 3014 1904 3076 οὗ

2085 3021 2217 3087 Quae
2247 3035 2378 3076 vero
2408 3019 2477 3074 ad
2503 3033 2722 3074 crucem
2752 3017 3026 3088 pertinent
3053 3059 3068 3084 ,
3109 3034 3205 3089 per
3251 3001 3412 3090 quam
3463 3038 3586 3093 pas-

323 3106 626 3162 τελειοῦται
653 3107 715 3161 τὸ
753 3108 882 3178 περὶ
909 3109 970 3162 τὸ
1003 3109 1172 3172 πάθος
1207 3111 1530 3182 μυστήριον,
1578 3113 1662 3177 τίς
1692 3112 1757 3166 ἂν
1805 3116 1906 3184 ῥᾳ-

327 3201 459 3264 δίως
487 3199 565 3270 τῷ
601 3199 745 3270 λόγῳ
783 3200 1134 3272 σαφηνίσειε;
1172 3202 1262 3272 Μὴ
1295 3203 1401 3274 γὰρ
1426 3204 1526 3256 οὐκ
1554 3198 1694 3274 ἦσαν
1725 3205 1908 3275 μυρίοι

328 3292 524 3363 τρόποι
563 3291 702 3361 πρὸς
742 3291 970 3346 θάνατον
1008 3292 1295 3363 φέροντες,
1341 3295 1408 3348 δι’
1455 3288 1531 3349 ὧν
1571 3292 1640 3367 ἦν
1687 3295 1910 3349 δυνατὸν

332 3380 690 3452 πληρωθῆναι
718 3380 817 3451 τὴν
845 3382 985 3452 ὑπὲρ
1008 3382 1166 3454 ήμῶν
1187 3382 1279 3435 τοῦ
1312 3382 1539 3438 θανάτου
1568 3383 1908 3454 οἱκονομίανς

344 3474 487 3525 Ἀλλ’
514 3474 581 3526 ὲκ
609 3473 824 3527 πάντων
849 3467 1000 3536 οὗτος
1025 3473 1234 3546 ὡρίσθη
1265 3476 1394 3546 παρ’
1421 3476 1584 3529 αὐτοῦ
1613 3475 1706 3528 τού
1736 3474 1914 3545 ἑαυτῷ

334 3566 455 3616 κατ’
491 3563 739 3630 ἐξουσίαν
761 3565 821 3617 τὸ
845 3565 1012 3628 πάθος
1036 3565 1335 3635 ὁρίσαντος.
1357 3565 1454 3619 Δεῖ
1471 3565 1599 3636 γὰρ,
1625 3567 1778 3636 φησὶ.
1807 3565 1915 3619 τὸν

347 3653 486 3706 ϊὶὸν
517 3651 620 3708 τοῦ
647 3651 980 3721 ἀνθρώπου.
1008 3655 1121 3708 Οὐκ
1151 3650 1292 3720 εἷπε,
1329 3657 1410 3709 Τὰ
1453 3657 1548 3710 καὶ
1577 3657 1645 3710 τὰ
1670 3657 1915 3710 πείσεται

338 3749 370 3797 ὁ
393 3746 523 3808 Υἱὸς
551 3744 644 3799 τοῦ
672 3745 980 3816 ἀνθρώπου,
1009 3747 1084 3809 ὼς
1110 3749 1176 3803 ἄν
1198 3765 1283 3812 τις
1312 3748 1492 3812 ἁπλῶς
1519 3749 1660 3802 εἴποι
1684 3766 1918 3820 προαγο-

349 3839 528 3908 ρεύων
574 3839 632 3890 τδ
669 3838 994 3908 λεγόμενον,
1026 3839 1162 3892 ἀλλὰ
1196 3839 1257 3892 τὸ
1290 3840 1586 3908 ἀναγκαῖον
1625 3841 1765 3894 κατά
1797 3858 1918 3894 τινα

348 3929 512 3997 λόγον
567 3928 864 4000 ἀπόρρητον
919 3929 1171 3998 γενέσθαι
1219 3931 1431 3999 ὀφεῖλον
1484 3931 1796 4001 δογματίζει
1839 3930 1919 4002 τῷ

348 4020 588 4091 ῥήματι,
617 4022 673 4073 ἐν
706 4020 783 4091 τῷ
813 4022 1012 4086 είπεῖν,
1044 4023 1126 4075 ὅτι
1150 4021 1251 4075 Δεῖ
1274 4021 1380 4075 τὸν
1419 4021 1557 4075 Υιὸν
1577 4021 1682 4076 τοῦ
1702 4021 1922 4090 ἀνθρώ-

341 4129 464 4166 που
517 4113 716 4166 πολλὰ
772 4111 984 4167 παθεῖν
1024 4111 1121 4166 καὶ
1172 4110 1762 4179 ἀποδοκιμασθῆναι,
1820 4111 1919 4164 καὶ

339 4203 762 4272 σταυρωθῆναι
781 4245 796 4270 ,
845 4205 942 4258 καὶ
992 4203 1066 4272 τῇ
1112 4205 1279 4272 τρίτῃ
1327 4203 1515 4272 ἡμέρᾳ
1561 4202 1917 4271 ἀναστῆναι.

345 4297 699 4367 Κατανόησόν
745 4314 834 4366 μοι
879 4297 988 4368 γὰρ
1030 4297 1124 4350 τοῦ
1171 4296 1270 4350 Δεῖ
1298 4297 1397 4368 τὴν
1437 4296 1696 4360 διάνοιαν,
1736 4295 1802 4348 δι’
1848 4289 1916 4364 ἦς

2011 3113 2186 3168 sionis
2221 3112 2540 3184 mysterium
2567 3109 2863 3180 perficitur,
2901 3110 3026 3180 quis
3055 3125 3119 3167 ea
3153 3110 3312 3168 facile
3353 3112 3588 3171 dicendo

2009 3213 2173 3273 queat
2224 3200 2542 3272 explicare?
2567 3200 2762 3254 Annon
2793 3199 2938 3253 enim
2971 3200 3398 3256 innumerabiles
3430 3211 3589 3260 erant

2010 3294 2275 3350 moriendi
2312 3293 2573 3357 rationes,
2603 3291 2806 3361 quibus
2831 3290 3025 3346 mortis
3056 3305 3155 3361 pro
3177 3292 3338 3348 nobis
3388 3292 3595 3350 obeun-

2012 3387 2096 3442 dat
2165 3385 2456 3442 consilium
2523 3383 2730 3452 expleri
2788 3381 3232 3451 poteratiﬂanc
3287 3391 3468 3440 tamen
3520 3401 3590 3442 ex

2013 3474 2268 3529 oumibus
2312 3486 2477 3527 unam
2520 3472 2586 3537 is,
2633 3472 2724 3541 qui
2769 3476 2960 3527 mortis
2988 3513 3003 3539 ,
3045 3488 3208 3543 quam
3253 3476 3437 3539 vellet,
3471 3477 3591 3547 opi-

2014 3567 2233 3623 nionem
2286 3564 2550 3629 habebat,
2603 3564 2707 3619 sibi
2765 3563 2966 3635 delegit
3017 3573 3182 3636 atque
3222 3568 3584 3640 praescripsit.

2019 3655 2238 3726 Oportet
2271 3656 2440 3719 enim,
2476 3654 2697 3724 inquit,
2733 3652 2936 3708 Filium
2974 3654 3221 3711 hominis.
3273 3656 3391 3713 Non
3419 3658 3588 3724 dixit,

2018 3748 2132 3804 haec
2159 3758 2214 3804 et
2281 3747 2395 3802 haec
2430 3745 2604 3802 Filius
2668 3745 2910 3802 hominis
2962 3749 3219 3818 patietur,
3272 3757 3330 3803 ut
3391 3749 3591 3822 aliquis

2021 3842 2204 3894 futura
2263 3839 2636 3910 praenuntians
2693 3838 3020 3908 simpliciter
3057 3839 3317 3909 dixisset,
3353 3843 3451 3898 sed
3497 3859 3594 3900 ne-

2019 3932 2320 3987 cessarium
2388 3944 2589 3985 arcana
2657 3930 2893 3999 quadam
2959 3930 3174 3986 ratione
3231 3946 3297 3987 ac
3349 3934 3590 3988 debitum

2019 4038 2142 4078 esse
2171 4021 2462 4092 signiﬁcat,
2494 4021 2647 4086 dum,
2683 4020 2933 4090 Oportet,
2967 4022 3160 4092 inquit,
3194 4022 3394 4077 Filium
3420 4025 3592 4079 homi-

2023 4115 2106 4167 nis
2137 4112 2304 4166 multa
2349 4113 2484 4181 pati,
2525 4121 2575 4165 et
2637 4112 2930 4178 reprobari,
2996 4121 3045 4164 et
3080 4112 3341 4181 cruciﬁgi,
3382 4122 3433 4166 et
3491 4123 3595 4168 ter-

2025 4206 2100 4259 tia
2127 4205 2213 4259 die
2246 4219 2512 4274 resurgere
2535 4203 2602 4258 ⁸¹.
2636 4201 2754 4255 Vim
2781 4202 2926 4256 enim
2972 4202 3119 4257 illius
3153 4204 3327 4266 verbi,
3359 4214 3590 4272 oportet.

2025 4297 2156 4350 mihi
2189 4295 2499 4358 considera,
2533 4304 2588 4349 et
2620 4294 2862 4348 invenies
2902 4292 2956 4346 id
3004 4292 3057 4346 in
3097 4307 3160 4348 ea
3205 4295 3498 4360 contineri,
3536 4306 3595 4351 ut

343 4392 659 4460 εὑρίσκεται
689 4390 749 4443 τὸ
785 4390 858 4460 μὴ
885 4391 994 4445 δεῖν
1029 4390 1260 4461 ἄλλωςῆ
1297 4390 1383 4444 διὰ
1413 4390 1506 4443 τοῦ
1547 4388 1778 4460 σταυροῦ
1825 4405 1906 4454 γε·

2029 4387 2320 4460 signiﬁcet,
2365 4385 2480 4440 ﬁeri
2531 4385 2688 4438 aliter
2743 4399 2851 4438 non
2909 4391 3192 4454 oportere,
3247 4386 3348 4440 nisi
3399 4397 3456 4440 ut
3501 4403 3596 4457 per

343 4481 530 4533 νέσθαι
568 4481 787 4543 πάντως
812 4479 872 4533 τὸ
904 4481 1073 4544 πάθος
1098 4481 1160 4534 τὸ
1189 4480 1668 4552 δογματιζόμενον.
1705 4479 1802 4543 Τίς
1828 4475 1921 4532 οὖν

342 4576 373 4627 ὁ
415 4574 547 4644 περὶ
591 4574 782 4626 τούτου
816 4574 1004 4642 λόγοςς
1053 4575 1231 4628 Μόνου
1279 4574 1373 4627 τοῦ
1419 4573 1656 4645 μεγάλου
1707 4571 1920 4625 Παύλου

345 4670 483 4730 ἐστὶ,
527 4668 622 4720 τοῦ
673 4671 737 4721 ὲκ
768 4667 876 4720 τῶν
919 4668 1173 4739 ἀρρήτων
1216 4667 1475 4737 ῥημάτων
1507 4663 1920 4725 παιδευθέντος,

347 4759 385 4812 ἃ
413 4761 467 4811 ἐν
495 4762 606 4822 τοῖς
636 4759 847 4823 ἀδύτοις
869 4759 962 4812 τοῦ
985 4758 1311 4830 παραδείσου
1341 4757 1567 4828 μυηθεὶς
1591 4754 1920 4826 ἠκροάσατο,

352 4852 447 4902 καὶ
479 4852 538 4902 τὸ
568 4851 694 4921 περὶ
724 4851 914 4902 τούτου
950 4852 1244 4920 μυστήριον
1275 4849 1627 4918 διασαφῆσαι,
1659 4844 1840 4908 καθὼς
1863 4849 1919 4897 ἐν

352 4942 514 5011 μέρει
560 4942 648 4994 διὰ
693 4941 802 4994 τῶν
850 4942 986 5011 πρὸς
1037 4941 1312 5009 ⁹Εςρεσίους
1358 4939 1530 5007 λόγων
1574 4937 1634 4990 τὸ
1687 4935 1923 5006 κρυπτὸν

348 5035 649 5106 ὑπῃνίξατο
678 5035 883 5102 λέγων’
923 5035 1056 5088 Ἵνα
1089 5032 1456 5100 ἐξισχύσητε
1490 5028 1924 5082 καταλαϐέσθαι

343 5129 478 5182 σὺν
502 5125 650 5179 πᾶσι
685 5125 807 5190 τοῖς
854 5125 1072 5194 ἁγίοις,
1112 5125 1166 5176 τί
1203 5122 1265 5176 τὸ
1300 5122 1526 5187 πλάτος
1559 5122 1655 5174 καὶ
1694 5119 1890 5189 μῆκος
1913 5158 1926 5181 ,

342 5223 415 5276 τὸ
433 5219 629 5284 ,ϐάθος
646 5219 741 5272 καί
765 5218 943 5284 ὕψος,
965 5216 1184 5285 γνῶναί
1209 5234 1270 5269 τε
1291 5216 1405 5282 τὴν
1429 5214 1930 5281 ὑπερϐάλλουσαν

339 5312 598 5382 ἀγάπην
638 5308 746 5377 τῆς
780 5309 1052 5380 γνώσεως
1090 5309 1196 5362 τοῦ
1239 5305 1515 5376 Χριστοῦ,
1560 5307 1659 5359 ἵνα
1698 5308 1931 5373 πληρω-

345 5404 498 5471 θῆτε
523 5404 608 5466 είς
636 5400 760 5455 πᾶν
785 5399 852 5452 τὸ
895 5399 1182 5467 πλήρωμα
1220 5398 1326 5450 τοῦ
1358 5396 1524 5451 Θεοῦ.
1564 5397 1636 5448 Οὐ
1674 5394 1782 5466 γὰρ
1823 5395 1926 5464 ἀρ-

347 5496 463 5563 γῶς
513 5495 543 5546 ὁ
584 5492 726 5555 θεῖος
775 5493 979 5553 ἐκεῖνος
1021 5489 1295 5560 ὀφθαλμὸς
1336 5488 1430 5540 τοῦ
1482 5485 1824 5546 ’Δποστόλου,
1873 5484 1935 5537 τὸ

2028 4494 2246 4534 crucem
2286 4493 2435 4533 mors
2484 4484 2791 4548 oppetatur.
2843 4474 2975 4542 Quae
3020 4476 3246 4546 hujusce
3281 4476 3355 4532 rei
3387 4479 3598 4533 causa?

2028 4572 2179 4628 Pauli
2200 4571 2373 4626 solius
2391 4578 2476 4625 est
2498 4584 2616 4624 eam
2639 4583 2931 4638 exponere,
2960 4582 3052 4637 per
3073 4582 3274 4622 arcana
3297 4568 3383 4621 illa
3405 4569 3592 4631 verba,

2028 4680 2148 4735 qua;
2173 4666 2222 4718 in
2249 4663 2424 4734 adytis
2449 4659 2686 4729 paradisi
2708 4659 3037 4715 constitutus
3058 4659 3262 4713 audivit
3282 4677 3292 4710 :
3312 4659 3482 4714 solius
3521 4660 3597 4714 in-

2029 4769 2216 4825 quam,
2241 4753 2389 4806 Pauli
2420 4759 2525 4812 est.
2562 4750 2664 4803 hoc
2688 4748 2870 4802 crucis
2904 4747 3222 4817 mysterium
3257 4747 3553 4816 explanare
3580 4790 3594 4812 ,

2030 4845 2484 4917 quemadmodum
2514 4843 2675 4896 etiam
2709 4856 2773 4895 ex
2803 4848 2952 4908 parte
2971 4839 3148 4905 aliqua
3186 4838 3238 4890 in
3271 4837 3501 4907 epistola
3531 4842 3596 4893 ad

2031 4938 2295 5008 Ephesios
2324 4936 2452 4989 facit
2473 4977 2486 4998 ,
2507 4934 2636 4987 dum
2669 4947 2928 4986 arcanum
2967 4930 3069 4982 hoc
3124 4929 3458 4998 patefaciens
3481 4972 3497 4994 ,
3533 4929 3598 4982 Ut

2031 5031 2268 5098 possitis,
2296 5025 2493 5095 inquit,
2523 5022 2949 5090 comprehendere
2970 5037 3085 5074 cum
3115 5021 3355 5074 omnibus
3381 5022 3598 5083 sanctis,

2033 5134 2148 5188 qttw
2180 5117 2248 5170 sit
2280 5114 2529 5177 latitudo,
2557 5124 2606 5166 et
2636 5111 2925 5182 longitudo,
2955 5121 3004 5164 et
3039 5110 3362 5172 sublimitas,
3405 5121 3453 5164 et
3479 5126 3600 5177 pro-

2035 5208 2278 5275 fundum,
2315 5204 2448 5258 scire
2477 5205 2635 5256 etiam
2673 5202 3139 5271 supereminentem
3171 5203 3402 5256 scientia:
3424 5203 3602 5255 chari-

2040 5309 2200 5351 tatem
2265 5293 2482 5357 Christi,
2514 5293 2914 5361 tuimpleamini
2952 5293 3005 5345 in
3047 5307 3251 5346 omnem
3313 5292 3600 5361 plenitudi-

2037 5406 2152 5444 nem
2171 5388 2266 5442 Dei
2288 5388 2354 5441 ⁸¹.
2387 5386 2572 5454 Neque
2601 5386 2745 5439 enim
2773 5384 2973 5437 frustra
2993 5383 3212 5437 divinus
3234 5383 3324 5437 ille
3353 5383 3600 5452 Apostoli

2042 5481 2235 5537 oculus
2264 5478 2447 5534 crucis
2487 5477 2710 5547 figuram
2747 5475 3095 5546 excogitavit.
3133 5472 3240 5529 Sed
3279 5489 3343 5529 ea
3384 5473 3512 5529 item
3547 5489 3606 5529 re

423 5679 464 5709 ει
500 5673 690 5729 Mulli).
726 5690 836 5738 xvi,
865 5676 925 5729 ‘ll
961 5674 1167 5746 -,.'ilarc.
1204 5689 1322 5742 vm,
1357 5673 1414 5727 5i
1444 5689 1457 5738 ;
1488 5667 1616 5722 Luc.
1649 5682 1726 5729 ix,
1761 5661 1865 5731 22;
1898 5657 2058 5715 Joan.
2091 5675 2187 5726 xu,
2225 5658 2284 5712 5|
2316 5671 2436 5726 sqq.
2516 5655 2557 5686 ⁵³
2591 5651 2788 5722 Ephesi.
2830 5665 2913 5717 III,
2958 5651 3158 5716 18,19.
