3930 6210
386 320 494 377 623

1653 317 1713 374 s.
1751 279 2083 372 onsconn
2104 314 2399 371 NYSSENI

3524 318 3633 374 6‘35

384 438 545 492 facile
573 436 832 502 ostendit,
862 450 922 492 se
952 434 1210 492 omnibus
1243 435 1566 507 ignorantia:
1606 437 1851 506 squamis
1885 437 1927 492 al

2058 436 2242 508 σχῆμα
2269 437 2362 490 τοῦ
2418 437 2650 509 σταυροῦ
2685 436 3008 508 κατενόησεν
3032 453 3046 468 ·
3081 439 3196 491 ἀλλ’
3220 431 3386 499 ἔδειξε
3415 441 3508 490 καὶ
3534 439 3625 492 διὰ

383 529 556 583 oculis
617 528 812 582 mentis
862 527 1114 582 excussis
1143 567 1158 594 ,
1197 528 1372 598 ipsam
1423 543 1608 582 rerum
1668 529 1958 583 veritatem

381 619 526 673 clare
588 617 958 688 perspexisse.
984 617 1145 673 Novit
1177 619 1346 682 enim,
1379 633 1442 672 ea
1484 618 1657 688 ﬁgura
1679 660 1694 685 ,
1727 628 1960 688 quatuor

378 707 641 763 cornibus
668 722 700 763 e
736 707 917 763 medio
952 709 1403 778 provenientibus
1426 707 1733 778 descripta,
1767 723 1958 780 poten-

381 801 512 853 tiam
572 814 668 868 per
721 799 906 854 omnia
995 807 1388 854 commeantem
1455 807 1508 856 et
1556 801 1954 871 providentiam

380 893 548 958 illius,
581 891 673 962 qui
717 894 770 945 in
798 891 914 960 ipsa
947 891 1331 946 manifestatus
1367 898 1452 946 est
1484 935 1497 956 ,
1553 891 1870 963 signiﬁcari,
1903 901 1957 947 et

381 986 586 1042 idcirco
617 992 800 1056 partes
859 984 1010 1040 illius
1054 984 1302 1054 singulas
1350 975 1586 1054 propriis
1644 985 1955 1041 nominibus

378 1077 690 1148 appellavit.
726 1074 857 1129 Eam
881 1075 1025 1130 enim
1050 1115 1064 1141 ,
1094 1091 1214 1148 qua:
1255 1089 1284 1126 a
1317 1075 1494 1129 medio
1549 1075 1804 1131 deorsum
1835 1091 1960 1132 ver-

376 1170 494 1240 git,
527 1167 855 1239 profundum
887 1175 1046 1221 vocat
1080 1184 1095 1233 ;
1145 1181 1268 1236 qua:
1300 1178 1478 1221 autem
1512 1183 1753 1233 sursum,
1781 1169 1953 1224 subli-

378 1264 652 1329 unitatem;
682 1259 1024 1314 latitudinem
1065 1276 1195 1316 vero
1243 1269 1295 1316 et
1321 1259 1714 1330 longitudinem
1779 1260 1900 1315 illas
1934 1303 1948 1327 ,

373 1368 493 1423 quae
540 1354 792 1422 utrinque
843 1359 1165 1406 transversae
1201 1352 1595 1421 protenduntur
1621 1390 1634 1410 .
1695 1360 1790 1415 ut,
1832 1365 1952 1420 qua:

374 1445 500 1498 hinc
557 1459 586 1496 a
641 1442 821 1497 medio
883 1442 1206 1512 producitur
1233 1485 1246 1505 ,
1286 1443 1519 1498 latitudo
1548 1482 1562 1506 ,
1608 1459 1730 1514 qua:
1767 1448 1948 1498 autem

373 1534 522 1587 illinc
545 1573 559 1595 ,
595 1532 879 1602 longitudo
946 1532 1258 1586 nominetur
1291 1552 1303 1586 :
1344 1535 1543 1602 quibus
1592 1545 1778 1602 aperte
1814 1532 1945 1587 mihi

371 1625 584 1679 videtur
606 1637 863 1678 sermone
899 1621 1202 1689 declarare,
1241 1623 1372 1676 nihil
1429 1624 1481 1676 in
1531 1624 1696 1679 rebus
1746 1622 1946 1678 creatis

368 1733 526 1781 esse,
563 1715 708 1786 quod
740 1731 847 1770 non
887 1715 1071 1769 divina
1126 1723 1316 1768 natura
1367 1715 1640 1769 incolume
1685 1723 1902 1770 tueatur
1927 1757 1942 1780 ,

2060 529 2248 583 τούτου
2274 530 2480 600 σαφῶς,
2505 531 2586 583 ὅτι
2607 532 2713 595 πᾶς
2736 531 2834 601 τῆς
2857 529 3078 600 ἀγνοίας
3098 528 3320 592 λεπίδας
3344 529 3626 582 ἀποϐαλὼν

2059 622 2166 675 τῶν
2186 622 2468 693 ὀμμάτων,
2491 621 2624 693 πρὸς
2648 623 2816 692 αὐτὴν
2840 624 2941 694 ὁρᾷ
2967 621 3218 692 καθαρῶς
3236 620 3332 691 τὴν
3351 619 3624 694 ἀληθειαν.

2059 708 2181 767 Οἵδε
2209 713 2317 785 γὰρ
2345 713 2425 766 ὅτι
2453 712 2512 764 τὸ
2538 713 2721 782 σχῆμα
2745 711 2900 766 τοῦτο
2925 712 3176 781 τέτταρσι
3204 709 3494 784 προϐολαῖς
3529 711 3630 763 ἀεὶ)

2055 805 2156 876 τῆς
2189 807 2246 859 ὲν
2273 804 2350 877 τῷ
2380 806 2531 876 μέσῳ
2562 805 2832 876 συμϐολῆς
2863 803 3234 876 μεριζόμενον,
3258 804 3356 875 τὴν
3383 804 3477 858 διὰ
3501 802 3608 856 πάι

2055 915 2162 950 των
2193 899 2433 969 ἤκουσαν
2464 897 2558 950 τοῦ
2591 899 2647 951 ἐν
2693 897 2840 967 αὐτῷ
2878 896 3136 966 φανέντος
3173 896 3398 966 δύναμιν
3435 913 3498 948 τε
3539 897 3638 948 καὶ

2056 989 2312 1060 πρόνοιαν
2372 987 2745 1059 διασημαίνει,
2802 989 2896 1042 καὶ
2946 987 3136 1042 τούτου
3185 988 3344 1058 χάριν
3391 987 3638 1058 ἑκάστην

2055 1080 2320 1153 προϐολὴν
2351 1081 2678 1144 ἰδιαζούσαις
2711 1081 3068 1152 κατονομάζει
3097 1082 3333 1150 φωναῖςο
3360 1080 3525 1150 βάθος
3549 1079 3637 1132 λέ-

2053 1190 2165 1242 γων
2217 1173 2275 1226 τὸ
2302 1175 2364 1227 ὲκ
2391 1173 2484 1227 τοῦ
2516 1174 2680 1244 μέσου
2708 1173 2858 1227 κάτω
2877 1213 2891 1237 ,
2919 1173 3013 1227 καὶ
3041 1171 3173 1244 ὕψος
3206 1173 3267 1225 τὸ
3294 1173 3632 1244 ὑπερκείμε-

2053 1281 2170 1320 νον’
2203 1265 2402 1329 πλάτος
2426 1265 2482 1318 δὲ
2515 1267 2607 1319 καὶ
2642 1266 2832 1335 μῆκος,
2858 1265 2920 1318 τὸ
2948 1267 3012 1318 ὲκ
3043 1264 3270 1334 πλαγίου
3299 1265 3630 1336 παρατεινό-

2055 1373 2214 1426 μενον
2258 1357 2395 1426 μετὰ
2428 1357 2526 1426 τὴν
2567 1355 2839 1427 συμϐολὴν
2884 1355 3222 1426 ἑκατέρωθεν
3252 1374 3265 1386 ·
3302 1357 3375 1420 ὠς
3427 1356 3490 1410 τὸ
3531 1358 3638 1428 μὲν

2051 1446 2199 1500 ἔνθεν
2222 1437 2312 1501 τοῦ
2337 1448 2519 1519 μέσου,
2543 1447 2762 1510 πλάτος,
2781 1447 2840 1499 τὸ
2863 1447 2918 1499 δὲ
2943 1446 3228 1518 ἑτέρωθεν,
3251 1446 3422 1516 μῆκος
3452 1463 3634 1518 προσ-

2048 1538 2375 1610 αγορεῦσαιο
2419 1538 2485 1590 δι’
2536 1531 2610 1590 ὧν
2647 1537 2805 1590 τοῦτό
2870 1554 2959 1607 μοι
3008 1537 3154 1589 δοκεῖ
3198 1537 3383 1606 σαφῶς
3432 1538 3634 1609 διαση-

2051 1630 2260 1702 μαίνειν
2291 1629 2367 1700 τῷ
2407 1629 2570 1700 λόγῳ,
2603 1631 2685 1682 ὄτι
2722 1629 2872 1682 οὐδὲν
2913 1629 3024 1682 τῶν
3059 1629 3226 1682 ὅντων
3263 1630 3428 1694 ἐστὶν,
3476 1630 3507 1683 ὁ
3546 1631 3633 1702 μὴ

2045 1724 2110 1792 τῇ
2167 1721 2288 1792 θείᾳ
2337 1720 2703 1790 διακρατεῖται
2756 1718 2935 1788 φύσει,
2988 1719 3048 1772 τὸ
3097 1720 3506 1790 ὐπερουράνιον,
3558 1724 3633 1774 τὸ

369 1807 513 1879 quod
539 1815 622 1862 est
648 1821 814 1876 supra
845 1807 1038 1872 cmlos,
1069 1805 1214 1876 quod
1248 1807 1350 1860 sub
1396 1813 1562 1869 terra,
1597 1804 1852 1875 quodque
1874 1805 1927 1858 ac

2046 1811 2395 1883 ὑποχθόνιον,
2421 1812 2482 1865 τὸ
2509 1812 2602 1864 ἐπὶ
2643 1811 2711 1865 τὰ
2740 1811 2952 1880 πέρατα
2997 1810 3106 1863 τῶν
3146 1811 3313 1864 ὄντων
3355 1811 3634 1866 πάντοθεν

367 1909 612 1954 extrema
653 1897 840 1952 mundi
889 1905 1267 1951 transversum
1308 1895 1548 1966 undique
1577 1896 1938 1966 protenditur.

367 1989 499 2043 Nam
530 2005 625 2058 per
653 1988 1010 2054 altitudinem,
1044 1986 1095 2042 id
1118 1987 1262 2057 quod
1287 1994 1374 2043 est
1411 2003 1666 2054 sursum;
1694 2003 1789 2058 per
1816 2003 1943 2058 pro-

369 2081 616 2146 fundum,
654 2080 797 2151 quod
852 2079 1304 2145 subterraneum;
1337 2094 1433 2149 per
1453 2079 1846 2150 longitudinem
1885 2089 1940 2135 et

364 2171 704 2226 latitudinem
769 2171 824 2224 in
889 2170 1068 2224 medio
1102 2169 1281 2240 posita
1331 2178 1574 2225 extrema
1615 2171 1886 2241 signiﬁcat
1920 2214 1936 2238 ,

362 2276 484 2330 quae
513 2275 544 2314 a
574 2261 775 2314 virtute
802 2266 976 2314 totum
1011 2259 1116 2314 hoc
1163 2260 1478 2315 universum
1535 2267 1721 2315 tuente
1757 2261 1936 2314 conti-

363 2360 582 2406 nentur.
614 2350 774 2406 Potes
805 2359 988 2405 autem
1015 2365 1080 2404 ex
1109 2349 1178 2406 iis
1199 2365 1320 2420 qua:
1351 2349 1404 2403 in
1435 2349 1614 2403 anima
1648 2357 1739 2404 tua
1777 2350 1934 2416 ﬁunt,

361 2457 423 2497 ea
451 2459 573 2513 qua:
594 2441 662 2497 de
692 2441 800 2496 Deo
834 2441 1123 2513 cogitanda
1171 2449 1302 2496 sunt
1349 2441 1623 2495 declarata
1687 2451 1934 2498 contem-

361 2536 518 2605 plari.
555 2535 764 2590 Caelum
803 2535 945 2588 enim
971 2533 1212 2603 suspice,
1239 2540 1293 2587 et
1326 2540 1510 2602 partes
1543 2532 1760 2589 inﬁmas
1816 2535 1934 2589 ani-

363 2639 449 2678 mo
492 2622 911 2693 complectere,
947 2632 1329 2690 extremosque
1362 2635 1427 2675 ac
1470 2637 1714 2678 summos
1781 2623 1932 2682 orbis

360 2715 622 2769 terminos
664 2715 995 2783 cogitatione
1053 2711 1490 2780 comprehende,
1528 2721 1694 2782 atque
1749 2715 1932 2770 consi-

357 2804 507 2868 dera,
539 2819 786 2874 quaenam
822 2803 1060 2874 potentia
1104 2814 1360 2872 tanquam
1389 2804 1760 2860 universitatis
1807 2807 1928 2860 vin-

357 2897 540 2951 culum
575 2897 690 2953 haec
723 2897 906 2951 omnia
946 2895 1222 2950 devinciat
1279 2902 1442 2964 atque
1486 2897 1764 2952 contineat
1798 2916 1812 2952 :
1845 2899 1927 2952 vi-

357 2985 617 3054 debisque
641 2993 834 3055 sponte
867 2999 966 3039 sua
991 2986 1044 3038 in
1072 2998 1136 3039 ea
1165 2983 1364 3037 divina:
1406 2985 1663 3052 potentia:
1689 2993 1928 3042 contem-

2044 1906 2108 1959 ἐκ
2163 1904 2391 1974 πλαγίου
2437 1902 2919 1974 παρατεινόμενον.
2963 1901 3224 1972 Σημαίνει
3261 1901 3370 1973 γάρ
3400 1903 3489 1957 διὰ
3519 1903 3633 1974 μὲν

2042 1994 2134 2049 τοῦ
2169 1995 2352 2064 ὕψους.
2387 1994 2448 2047 τὸ
2489 1993 2899 2065 ὑπερκείμενον
2941 1993 3028 2047 διὰ
3063 1992 3120 2046 δὲ
3156 1993 3247 2048 τοῦ
3295 1994 3511 2064 βάθους,
3553 1997 3633 2049 τὺ

2043 2087 2389 2159 ὑποχθόνιονο
2420 2085 2498 2157 τῷ
2527 2087 2690 2158 μήκει
2719 2085 2776 2139 δὲ
2807 2086 2899 2138 καὶ
2929 2085 3008 2156 τῷ
3039 2085 3250 2150 πλάτει,
3288 2086 3355 2139 τὰ
3392 2085 3481 2138 διὰ
3513 2087 3628 2156 μέ-

2042 2197 2133 2233 σου
2165 2179 2396 2252 πέρατα,
2425 2178 2494 2232 τὰ
2521 2179 2626 2232 ὑπὸ
2651 2179 2748 2250 τῆς
2783 2179 2890 2231 πᾶν
2915 2177 3311 2249 διακρατούσης
3334 2179 3630 2249 δυνάμεως

2043 2271 2393 2342 συνεχόμενα.
2425 2268 2606 2322 Ἔστω
2627 2269 2682 2321 δὲ
2714 2268 2803 2320 διὰ
2825 2267 2932 2320 τῶν
2957 2269 3015 2322 ὲν
3035 2271 3101 2338 τῇ
3133 2271 3196 2338 σῇ
3217 2267 3359 2337 ψυχῇ
3390 2270 3629 2338 γινομέ-

2038 2381 2142 2416 νων
2172 2365 2230 2416 ὲν
2261 2365 2327 2435 τῇ
2363 2362 2489 2434 περὶ
2527 2361 2661 2414 Θεοῦ
2702 2360 2879 2432 ἐννοίᾳ
2909 2362 2942 2432 ἡ
2984 2359 3092 2414 τῶν
3128 2360 3429 2431 λεγομένων
3474 2360 3628 2413 ἀπό-

2034 2457 2218 2524 δειξις.
2263 2455 2587 2526 Ἀνάϐλεψον
2616 2455 2722 2526 γὰρ
2749 2456 2830 2519 εἰς
2857 2454 2949 2507 τὸν
2972 2453 3222 2525 οὐρανὸν,
3246 2453 3339 2508 καὶ
3366 2453 3432 2506 τὰ
3457 2453 3626 2507 κάτω

2037 2547 2172 2619 βάθη
2197 2549 2275 2619 τῷ
2294 2547 2540 2619 λογισμῷ
2565 2547 2918 2616 κατανόησον,
2942 2544 3180 2598 ἔκτεινον
3200 2545 3296 2598 ἐπὶ
3318 2545 3382 2598 τὰ
3404 2544 3622 2613 πλάγια.

2034 2642 2128 2696 καὶ
2148 2641 2215 2694 τὰ
2241 2641 2385 2711 ἄκρα
2409 2641 2508 2710 τῆς
2535 2640 2626 2692 τοῦ
2655 2639 2855 2702 παντὸς
2880 2639 3191 2702 συστάσεως
3219 2637 3319 2710 τὴν
3348 2638 3621 2704 διάνοιαν,

2032 2732 2125 2784 καὶ
2173 2731 2382 2799 λόγισαι
2423 2731 2507 2794 τίς
2555 2732 2701 2782 ἐστιν
2735 2731 2768 2800 ἡ
2815 2729 2987 2783 ταῦτα
3023 2729 3317 2798 συνέχουσα
3357 2728 3626 2798 δύναμις,

2029 2815 2139 2873 οἷόν
2165 2838 2249 2883 τις
2278 2820 2570 2891 σύνδεσμος
2599 2818 2693 2872 τοῦ
2725 2819 2924 2882 παντὸς
2947 2820 3226 2890 γινομένη.
3259 2819 3361 2873 Καὶ
3381 2818 3500 2888 ὄψει
3525 2820 3627 2886 ὡς

2029 2908 2348 2978 αὐτομάτως
2379 2909 2437 2961 ὲν
2464 2912 2530 2979 τῇ
2564 2908 2772 2979 διανοίᾳ
2799 2910 2831 2979 ἡ
2867 2910 2995 2980 περὶ
3019 2912 3118 2980 τῆς
3145 2909 3294 2974 θείας
3326 2909 3627 2980 δυνάμεως

2027 2999 2204 3054 ἔννοια
2237 3001 2297 3053 τὸ
2336 3004 2520 3072 σχῆμα
2550 3000 2644 3053 τοῦ
2677 3000 2912 3070 σταυροῦ
2952 3001 3370 3071 ὲγχαράσσεται,
3402 3003 3468 3054 ὲκ
3497 3002 3628 3058 τῶν

358 3076 592 3148 platione
621 3076 806 3132 crucis
835 3075 1059 3146 ﬁguram
1083 3075 1312 3146 exprimi
1350 3075 1405 3129 in
1432 3076 1618 3131 animo
1645 3093 1710 3134 ac
1741 3087 1924 3135 mente

2032 3092 2371 3164 ὑψηλοτέρων
2395 3094 2486 3145 ἐπὶ
2507 3093 2575 3146 τὰ
2607 3092 2744 3162 βάθη
2772 3091 3028 3162 καθῆκον,
3055 3093 3148 3147 καὶ
3176 3093 3268 3148 ἐπὶ
3292 3093 3360 3147 τά
3395 3093 3623 3165 πέρατα

357 3177 470 3234 tua,
505 3182 534 3221 a
560 3168 773 3238 superis
821 3168 886 3222 ad
930 3166 1101 3222 infera
1129 3209 1144 3234 ,
1183 3167 1251 3222 ab
1290 3167 1548 3223 extremis
1574 3169 1643 3225 ad
1682 3180 1924 3227 extrema

2032 3185 2136 3240 τῶν
2166 3185 2351 3256 ἄκρων
2379 3186 2684 3258 ὲγκαρσίως
2707 3186 3180 3256 παρατεινόμενον.

355 3265 660 3328 protentam
693 3267 855 3328 atque
883 3259 1230 3329 descriptam.

411 3348 681 3420 Figuram
710 3349 853 3405 hanc
881 3365 1108 3419 Inagnus
1143 3349 1306 3404 etiam
1321 3349 1490 3408 David
1508 3352 1576 3408 de
1602 3366 1662 3408 se
1697 3353 1928 3421 loquens

353 3441 625 3512 expressit
658 3456 670 3492 :
709 3439 825 3506 Quo
856 3440 958 3503 ibo,
1001 3440 1196 3510 inquit,
1230 3458 1263 3495 a
1299 3444 1492 3512 spiritu
1534 3456 1644 3510 tuo,
1683 3453 1855 3515 etquo
1894 3462 1927 3499 a

351 3532 487 3600 facie
513 3541 606 3585 tua
631 3531 837 3600 fugiam
863 3534 886 3584 ?
918 3529 979 3588 Si
1032 3533 1315 3586 ascendero
1341 3535 1397 3587 in
1453 3535 1639 3588 caelum
1671 3536 1809 3606 (haec
1842 3546 1928 3593 est

351 3623 709 3693 sublimitas),
738 3632 793 3676 tu
846 3622 959 3677 illic
992 3638 1067 3676 es.
1098 3621 1158 3677 Si
1186 3623 1503 3682 descendere
1553 3629 1610 3680 in
1661 3627 1925 3696 infernum

349 3716 476 3785 (hoc
505 3725 587 3770 est
619 3713 992 3785 profundum),
1012 3714 1160 3768 ades.
1185 3713 1247 3768 Si
1264 3733 1536 3785 sumpsero
1559 3733 1757 3786 pennas
1780 3736 1922 3774 mea:

347 3802 606 3864 diluculo,
641 3801 692 3855 id
721 3812 826 3865 est,
854 3801 922 3856 ad
952 3811 1132 3871 ortum
1159 3804 1292 3860 solis
1329 3804 1467 3874 (haec
1499 3815 1585 3862 est
1643 3809 1919 3880 latitudo),

344 3903 393 3948 ct
421 3894 724 3950 habitarem
741 3895 793 3948 in
819 3897 1066 3950 extremis
1098 3897 1262 3950 maris
1290 3897 1369 3952 ⁸⁸ε
1423 3899 1505 3954 sic
1553 3900 1696 3956 enim
1755 3916 1920 3958 occa-

345 3999 466 4040 sum
489 3985 726 4055 appellat
752 3986 890 4056 (haec
914 3996 997 4042 est
1025 3986 1354 4058 longitudo).
1379 3990 1573 4047 Cernis
1612 4008 1721 4062 quo
1753 3993 1920 4050 modo

344 4078 528 4134 crucis
557 4078 785 4148 ﬁguram
821 4079 1133 4137 describat?
1168 4079 1250 4134 Tu
1279 4095 1362 4146 es,
1425 4084 1622 4152 inquit,
1677 4085 1772 4155 qui
1825 4102 1920 4155 per

341 4169 523 4226 omnia
553 4184 847 4234 commeas,
887 4172 979 4240 qui
1013 4181 1208 4226 cuncta
1234 4171 1498 4238 devincis,
1519 4176 1612 4245 qui
1647 4177 1702 4230 in
1733 4177 1919 4247 teipso

343 4261 762 4330 comprehendis
796 4262 1073 4318 universa.
1109 4262 1190 4317 Tu
1216 4279 1380 4336 supra
1410 4281 1491 4331 es,
1519 4274 1576 4321 tu
1629 4283 1688 4324 es
1748 4269 1912 4322 infra.

343 4353 401 4407 In
432 4352 534 4406 hac
559 4362 802 4407 extrema
845 4365 997 4422 parte
1023 4369 1216 4412 manus
1243 4365 1329 4412 est
1358 4365 1472 4420 tua.
1531 4368 1586 4414 et
1638 4359 1692 4413 in
1745 4359 1914 4413 altera

2101 3341 2269 3397 Τοῦτο
2304 3343 2364 3396 τὸ
2411 3344 2594 3415 σχῆμα
2641 3345 2732 3402 καὶ
2772 3345 2800 3398 ὁ
2849 3344 3022 3414 μέγας
3066 3345 3230 3400 Δαόὶδ
3275 3347 3332 3399 ἐν
3359 3345 3432 3415 τῷ
3472 3346 3620 3400 καθ’

2027 3435 2220 3504 ἑαυτὸν
2254 3434 2464 3507 ὕμνησε
2489 3435 2650 3505 λόγῳ·
2684 3437 2808 3492 Ποῦ
2837 3437 3104 3505 πορευθῶ
3129 3437 3247 3491 ἀπὸ
3277 3437 3382 3492 τοῦ
3413 3441 3626 3492 Uret}-

2019 3527 2209 3596 ματός
2235 3542 2372 3589 σου,
2405 3528 2501 3582 καὶ
2522 3527 2640 3582 ἀπὸ
2661 3527 2768 3582 τοῦ
2790 3528 3114 3596 προσώπου
3133 3543 3248 3582 σου
3269 3528 3384 3582 ποῦ
3403 3531 3625 3598 φύγηη

2039 3618 2177 3675 Ἐὰν
2219 3616 2418 3671 ἀναϐῶ
2462 3619 2549 3684 εὶς
2593 3617 2699 3672 τὸν
2739 3619 2999 3686 οὐρανὸν
3044 3618 3238 3688 (τοῦτο
3283 3618 3342 3672 τὸ
3394 3619 3527 3687 ὕψος
3557 3620 3621 3690 ).

2036 3708 2176 3764 Ἐὰν
2199 3708 2430 3766 καταϐῶ
2455 3712 2541 3775 εὶς
2568 3709 2675 3763 τὸν
2699 3709 2854 3780 ᾅδην
2881 3708 3074 3780 (τοῦτο
3100 3711 3160 3764 τὸ
3189 3710 3404 3780 βάθος).
3453 3710 3625 3766 Ἐὰν

2021 3800 2372 3870 ἀντιλάϐοιμι
2397 3803 2503 3868 τὰς
2527 3799 2821 3870 πτέρυγάς
2837 3818 2956 3869 μου
2987 3802 3115 3855 κατ’
3139 3803 3359 3869 ὄρθρον,
3387 3802 3414 3854 ὃ
3436 3801 3537 3854 ὲστ
3549 3821 3623 3856 ιν

2021 3895 2054 3965 ἡ
2096 3894 2328 3964 ἀνατολὴ
2361 3894 2452 3948 τοῦ
2497 3895 2650 3967 ἡλίου
2684 3894 2871 3964 (τοῦτο
2907 3893 2968 3946 τὸ
3003 3895 3256 3963 πλάτος).
3299 3896 3364 3948 Ei
3408 3909 3626 3949 κατα-

2021 3987 2395 4056 σκηνώσαιμι
2427 3990 2514 4052 εις
2545 3987 2616 4042 τὰ
2642 3988 2871 4056 ἔσχατα
2922 3987 3034 4055 τῆς
3076 3987 3387 4054 θαλάσσης
3428 3986 3626 4056 (οὕτω

2019 4078 2128 4150 γὰρ
2161 4078 2259 4142 τὰς
2289 4078 2498 4149 δυσμὰς
2535 4076 2849 4148 ὀνομάζειν
2905 4077 3062 4132 τοῦτο
3090 4077 3153 4131 τὸ
3197 4077 3386 4148 μῆκος.
3425 4078 3624 4148 Ὁρᾷς

2017 4167 2135 4232 πῶς
2175 4168 2547 4239 διαζωγραφεί
2595 4167 2655 4219 τὸ
2698 4166 2793 4221 τοῦ
2846 4166 3080 4238 σταυροῦ
3126 4168 3311 4238 σχῆμα
3353 4165 3440 4220 διὰ
3479 4167 3622 4224 τῶν

2015 4257 2352 4328 λεγομένων;
2400 4259 2470 4311 Σὺ
2505 4253 2574 4323 εἷ,
2611 4259 2794 4329 φησιν,
2847 4260 2874 4310 ὁ
2902 4258 2991 4312 ’διὰ
3023 4258 3237 4322 πάντων
3277 4257 3458 4328 ἥκων,
3487 4261 3616 4314 καὶ

2015 4349 2308 4420 σύνδεσμος
2340 4349 2447 4404 τῶν
2480 4351 2797 4421 γινομένων,
2831 4349 2924 4406 καὶ
2959 4349 3134 4404 πάντα
3164 4350 3221 4402 ἐν
3252 4348 3425 4418 ἑαυτῷ
3461 4347 3613 4403 δια-

342 4441 441 4496 viae
467 4442 576 4496 dux
610 4449 694 4497 est
714 4440 938 4498 dextera
968 4453 1078 4498 tua.
1119 4445 1201 4500 Ub
1225 4445 1279 4499 id
1325 4462 1555 4517 magnus
1605 4449 1732 4502 item
1767 4447 1910 4517 Apo-

2032 4439 2302 4510 ιαμϐάνων
2341 4440 2409 4494 τὰ
2444 4441 2674 4511 πέρατα.
2724 4442 2871 4494 ’Δνω
2902 4442 2965 4500 σὺ
3010 4436 3078 4502 εἴ,
3112 4440 3261 4499 κάτω
3291 4442 3353 4496 σὺ
3391 4440 3614 4510 πάρει,

341 4533 534 4600 Stolus,
574 4547 700 4588 cum
737 4535 916 4588 omnia
974 4533 1078 4589 ﬁde
1125 4544 1178 4590 et
1210 4539 1518 4606 cognitione
1563 4539 1766 4608 repleta
1795 4539 1912 4594 fue-

339 4628 472 4689 rint,
507 4627 622 4681 fore
644 4626 796 4689 dicit,
826 4633 885 4678 ut
918 4625 982 4690 is,
1015 4625 1109 4694 qui
1140 4640 1306 4698 super
1341 4629 1522 4682 omnia
1554 4637 1658 4694 est,
1707 4629 1763 4682 in
1809 4643 1908 4684 n02

339 4717 483 4772 mine
503 4715 630 4772 Jesu
661 4715 866 4770 Christi
905 4715 1184 4782 adoretur,
1233 4727 1286 4772 et
1329 4733 1360 4773 a
1394 4719 1732 4790 cmlestibus,
1773 4728 1828 4774 et
1873 4735 1904 4792 ᾳ

335 4805 714 4871 terrestribus,
745 4813 800 4859 et
835 4804 906 4859 ab
934 4804 1166 4860 infernis
1204 4806 1249 4838 ”
1277 4823 1290 4860 :
1319 4807 1516 4876 quibus
1566 4807 1748 4866 verbis
1805 4823 1902 4876 per

334 4897 516 4952 crucis
558 4898 782 4968 ﬁguram
801 4898 990 4953 dividit
1005 4897 1206 4954 Christi
1222 4899 1612 4956 adorationem.
1653 4900 1904 4958 leestis

333 4991 479 5044 enim
508 4991 655 5056 regio
688 4991 743 5044 in
775 4991 998 5045 sublimi
1030 4993 1213 5049 crucis
1248 5004 1400 5061 parte
1429 4993 1765 5050 adorationis
1787 4994 1902 5048 cul-

333 5089 447 5135 tum
479 5081 714 5144 exhibet,
747 5081 1019 5137 mundana
1047 5083 1098 5137 in
1141 5084 1358 5148 mediis,
1412 5083 1622 5139 inferna
1651 5084 1718 5140 ad
1769 5100 1897 5155 pro-

331 5173 558 5228 fundum
589 5175 842 5243 pertinet.
890 5174 1038 5230 Idem
1083 5191 1200 5230 mea
1239 5177 1459 5245 quidem
1495 5179 1767 5233 sententia
1822 5179 1898 5234 si-

329 5266 552 5335 gniﬁcat
586 5266 749 5319 etiam
789 5267 900 5318 iota
934 5265 1087 5329 illud,
1121 5267 1164 5321 si
1199 5282 1323 5320 cum
1353 5268 1508 5338 apice
1539 5267 1892 5336 coniunctum

329 5355 879 5424 consideretur,quod
911 5364 964 5409 et
986 5357 1126 5410 cmlo
1163 5357 1434 5421 stabilius,
1464 5366 1518 5412 et
1549 5365 1695 5418 terra
1725 5357 1891 5410 ﬁrmi«

328 5457 415 5508 us,
451 5453 503 5499 et
538 5445 682 5499 onmi
717 5460 897 5499 rerum
925 5445 1317 5500 constitutione
1367 5449 1571 5502 certius
1627 5457 1730 5502 est.
1772 5446 1892 5502 Cae-

327 5533 436 5586 lum
464 5537 602 5589 enim
623 5548 676 5591 et
739 5547 879 5591 terra
922 5538 1220 5592 transibunt
1248 5538 1316 5604 “,
1363 5547 1436 5600 et,
1484 5536 1660 5606 Hujus
1708 5539 1893 5593 mundi

395 5708 441 5741 ⁵³
472 5707 612 5762 Psal.
647 5724 909 5774 cxxxvm,
960 5713 990 5764 7
1017 5727 1136 5778 sqq.

2014 4531 2072 4589 ὲν
2103 4529 2181 4599 τῷ
2227 4531 2422 4596 πέρατι
2467 4531 2641 4600 τούτῳ
2693 4533 2726 4603 ἡ
2776 4531 2894 4602 χείρ
2944 4529 3035 4584 σού
3075 4531 3243 4594 ἐστιν,
3287 4530 3386 4595 καὶ,
3415 4531 3473 4582 ὲν
3502 4533 3620 4604 τῷ

2012 4621 2182 4692 ἑτέρῳ
2213 4623 2246 4691 ἡ
2289 4620 2436 4690 δεξιά
2484 4639 2580 4683 σου
2626 4622 2830 4692 ὁδηγεῖ.
2874 4621 2972 4675 Διὰ
3011 4621 3168 4676 τοῦτο
3211 4622 3303 4676 καὶ¹
3344 4623 3372 4674 ὁ
3403 4620 3620 4691 μέγας

2022 4712 2363 4778 Ἀπόστολος,
2391 4714 2518 4768 ἔνθα
2543 4715 2804 4792 πληρωθῇ
2827 4715 2892 4768 τὰ
2919 4715 3094 4776 πάντα
3114 4714 3212 4783 τῆς
3237 4714 3465 4777 πίστεως
3483 4719 3616 4772 καὶ

2008 4805 2386 4876 ἐπιγνώσεως,
2452 4808 2872 4876 προσκυνεῖσθαι
2942 4807 3088 4876 λέγει
3149 4809 3241 4859 τὸν
3287 4805 3423 4876 ὑπὲρ
3468 4811 3614 4866 πᾶν

2007 4899 2174 4968 δνομα
2202 4899 2330 4954 ὄντα
2362 4900 2419 4954 ἐν
2462 4899 2540 4970 τῷ
2579 4901 2802 4970 ὀνόματι
2854 4899 3026 4970 Ἰησοῦ
3073 4897 3337 4969 Χριστοῦ,
3368 4895 3473 4949 ὑπό
3523 4917 3607 4956 τε

2005 4991 2114 5045 τῶν
2136 4990 2399 5063 οὐρανίων
2424 4991 2516 5044 καὶ
2537 4989 2646 5046 τῶν
2667 4991 2923 5060 ὲπιγείων
2942 4990 3162 5043 καὶτῶν
3183 4987 3599 5059 καταχθονίωνο

2005 5081 2166 5135 πάλιν
2212 5082 2306 5134 καὶ
2347 5081 2435 5136 διὰ
2465 5080 2668 5135 τούτων
2717 5082 2856 5136 κατὰ
2891 5080 2952 5136 τὸ
2997 5081 3181 5152 σχῆμα
3208 5080 3302 5134 τοῦ
3337 5082 3598 5151 σταυροῦ

2006 5171 2217 5242 μερίζει
2253 5171 2347 5224 τοῦ
2378 5173 2610 5244 σταυροῦ
2644 5173 2743 5244 τὴν
2784 5171 3172 5243 προσκύνησιν.
3218 5172 3283 5228 Ἠ
3329 5170 3428 5240 μὲν
3464 5172 3593 5245 γὰρ

2003 5263 2369 5333 ὑπερκόσμιος
2396 5261 2546 5332 λῆξις
2583 5264 2642 5318 ὲν
2669 5263 2746 5335 τῷ
2781 5264 2892 5318 ἄνω
2915 5261 3010 5315 τοῦ
3045 5259 3276 5332 σταυροῦ
3308 5259 3463 5338 μέρει
3494 5261 3590 5331 τῷ

2000 5354 2242 5426 Δεσπότῃ
2269 5354 2462 5426 πληροί
2482 5355 2578 5426 τὴν
2609 5353 2995 5426 προσκύνησιν·
3029 5355 3062 5422 ὴ
3087 5353 3143 5405 δὲ
3175 5350 3488 5419 ὲγκὸσμιος,
3509 5351 3584 5402 ἐν

1999 5448 2110 5508 τοῖς
2145 5447 2348 5516 μέσοιςο
2395 5448 2427 5516 ὴ
2477 5447 2534 5499 δὲ
2575 5445 2921 5515 ὑποχθόνιος,
2968 5442 3061 5498 τοῦ
3115 5442 3313 5514 βάθους
3361 5440 3580 5512 ἔχεται..

2001 5536 2170 5592 Τοῦτο
2212 5536 2397 5590 καὶτὸ
2439 5535 2602 5593 Ἰῶτὰ
2631 5537 2744 5590 ἐστι
2786 5536 2925 5590 κατὰ
2973 5536 3062 5590 τὸν
3111 5534 3242 5604 ἐμὸν
3286 5531 3461 5601 λόγον,
3499 5529 3588 5586 τὸ

1215 5712 1258 5740 ³⁸
1290 5710 1524 5776 Philipp.
1551 5726 1612 5774 ιι,
1667 5713 1749 5765 10.
1827 5711 1872 5744 ⁵³
1909 5711 2096 5769 Matth.
2134 5727 2280 5776 xxw,
2304 5711 2392 5766 55.
