3930 6210
295 332 406 387 625

1257 326 1324 381 IN
1359 325 1644 384 ιὶιιιιιδτι
1669 326 2309 386 RESURRECTIONEM
2343 333 2555 389 ORAT.
2592 335 2633 388 l.

3450 331 3551 388 6‘26

302 448 449 520 μετὰ
478 445 576 516 τῆς
606 444 833 516 κεραίας
855 445 1250 517 θεωρούμενον,
1281 446 1309 499 ὃ
1340 448 1435 500 καὶ
1486 446 1594 499 τῶν
1627 446 1872 517 οὐρανῶν
1904 453 1921 507 1

2022 464 2152 519 gura
2184 453 2426 520 prceterit
2453 452 2522 514 ³⁸,
2552 452 2662 504 iota
2692 459 2866 503 autem
2903 464 2968 504 ea:
3000 449 3127 518 lege,
3158 457 3207 502 et
3241 462 3374 515 apex
3419 463 3552 501 unus

300 536 684 608 μονιμώτερον
706 578 721 602 ,
749 538 843 592 καὶ
867 536 967 607 τῆς
994 539 1097 608 γῆς
1127 537 1552 609 σταθερώτερον,
1584 538 1677 590 καὶ
1704 537 1884 608 πάσης

296 632 408 700 τῆς
433 627 538 681 τῶν
559 630 727 681 ὄντων
751 629 1063 693 συστάσεως
1088 629 1490 703 διαρκέστερον.
1533 628 1595 682 '0
1629 630 1886 696 οὐρανὸς

301 717 414 772 καί
449 719 487 785 ἡ
528 716 602 787 γῆ
633 719 1068 787 παρελεύσεται
1091 735 1104 749 ·
1139 719 1252 783 καὶ,
1276 720 1463 772 Ὅλου
1507 718 1614 772 τοῦ
1655 719 1887 786 κόσμου

307 809 560 879 παράγει
593 809 657 863 τὸ
692 809 933 879 σχῆμα·
965 809 1031 863 τὸ
1060 809 1128 863 δὲ
1162 810 1299 863 ἰῶτα
1330 810 1397 863 ἐκ
1425 809 1530 864 τοῦ
1555 811 1765 878 νόμου,
1791 809 1884 863 καὶ

309 903 355 969 ἡ
385 903 592 970 κεραία
620 903 693 954 οὐ
716 901 1135 970 παραδέχεται.
1176 902 1240 955 ἸΙ
1264 901 1554 970 ὲγκάθετος
1579 900 1832 972 γραμμὴ,
1856 901 1890 971 ή

307 994 524 1048 ἄνωθεν
551 995 644 1047 ἐπὶ
672 995 734 1047 τὸ
757 995 917 1065 βάθος
950 993 1286 1065 καθήκουσα,
1317 993 1450 1048 ἰῶτα
1471 993 1685 1062 λέγεται
1721 1010 1734 1024 ’
1775 994 1809 1063 ἡ
1836 992 1890 1046 δὲ

314 1082 629 1153 ὲγκαρσίως
655 1083 895 1156 ἀγομένη
931 1083 1020 1137 διὰ
1042 1083 1296 1152 πλαγίου,
1317 1085 1512 1154 κεραία
1545 1082 1890 1153 ὀνομάζεται,

315 1174 505 1240 καθὼς
539 1176 654 1229 ἔστι
690 1177 784 1230 καὶ
823 1179 973 1248 παρὰ
999 1177 1108 1230 τῶν
1142 1176 1570 1247 ναυτιλλομένων
1597 1175 1754 1228 τοῦτο
1793 1191 1894 1245 μα-

316 1264 453 1321 θεῖν.
479 1267 553 1320 Τὸ
580 1267 689 1338 γὰρ
720 1268 874 1333 ξύλον
904 1267 965 1320 τὸ
988 1267 1076 1321 διὰ
1103 1267 1331 1336 πλαγίου
1352 1267 1429 1338 τῷ
1455 1265 1584 1336 ἱστῷ
1615 1265 1896 1334 ἐπικείμε-

317 1374 432 1418 νον,
455 1350 516 1408 οὗ
543 1358 640 1410 καὶ
667 1357 764 1429 τὴν
796 1355 988 1430 ὀθόνην
1018 1358 1329 1425 ὲξαπλοῦσι,
1364 1359 1589 1428 κεραίαν
1615 1357 1888 1426 λέγουσιν,

319 1449 385 1499 ἐκ
404 1445 496 1499 τοῦ
523 1449 796 1518 σχήματος
813 1449 1182 1519 ὀνομάζοντες.
1202 1449 1292 1502 Διό
1315 1467 1405 1520 μοι
1421 1449 1564 1502 δοκεῖ
1589 1449 1723 1520 πρὸς
1741 1447 1897 1502 τοῦτο

323 1538 544 1609 βλέπειν
567 1541 597 1609 ἡ
627 1539 747 1592 θεία
769 1539 860 1592 τοῦ
885 1540 1215 1610 Εὐαγγελίου
1251 1541 1424 1611 φωνή·
1453 1541 1535 1593 ὅτι
1557 1539 1730 1593 ἐκεῖνό
1753 1539 1897 1592 ἐστιν

321 1633 379 1684 ὲν
412 1625 458 1699 ᾧ
487 1631 557 1684 τά
581 1631 759 1685 πάντα
792 1633 1110 1703 συνέστηκε,
1137 1634 1196 1686 τὸ
1226 1633 1333 1686 τῶν
1363 1636 1421 1686 ὲν
1450 1632 1599 1703 αὐτῷ
1633 1648 1896 1704 περικρα-
1955 1678 1968 1686 .

323 1739 416 1774 του
427 1723 603 1792 μένων
633 1723 966 1793 άῖόιὼτερον,
997 1723 1025 1776 ὃ
1053 1725 1150 1794 τὴν
1180 1723 1371 1777 ἑαυτοῦ
1397 1723 1624 1791 δύναμιν
1646 1723 1745 1792 τὴν
1775 1739 1900 1776 συν-

330 1811 628 1882 τηρητικὴν
671 1810 892 1864 πάντων
930 1812 1038 1864 τῶν
1080 1812 1286 1876 ὄντων,
1331 1807 1442 1866 οἷον
1475 1813 1542 1868 δι’
1576 1812 1902 1881 αἰνίγματος

333 1902 433 1954 καὶ
466 1902 728 1973 ἐσόπτρου
764 1903 909 1966 τινὸς
934 1903 1028 1956 τοῦ
1063 1905 1205 1958 κατὰ
1233 1904 1324 1958 τὸν
1359 1904 1588 1974 σταυρὸν
1627 1907 1904 1973 σχήματος

334 1991 699 2047 ὑποδείκνυσι.
742 1995 839 2047 Διὰ
880 1993 945 2064 δὴ
987 1995 1141 2049 τοῦτό
1186 2013 1379 2066 φησιν,
1411 1994 1603 2048 ὅτιδεί
1635 1994 1723 2047 τὸν
1779 1993 1904 2048 Υίὸν

330 2083 424 2135 τοῦ
455 2085 765 2155 ἀνθρώπου,
797 2087 894 2158 οὐχ
923 2087 1109 2149 ἁπλῶς
1147 2086 1454 2152 ἀποθανεῖν,
1491 2085 1626 2139 ἀλλὰ
1661 2102 1906 2156 σταυρω-

330 2173 512 2245 θῆναι,
557 2177 645 2231 ἴνα
689 2177 910 2249 γένηται
952 2181 1064 2242 τοῖς
1103 2177 1576 2248 διορατικωτέροις
1606 2177 1850 2245 θεολόγος
1879 2178 1908 2230 6

332 2269 567 2340 σταυρὸς
616 2269 713 2340 τὴν
754 2270 1157 2341 παντοδύναμον
1196 2268 1442 2334 ἐξουσίαν
1488 2267 1582 2322 τοῦ
1628 2269 1714 2320 ἐπ’
1762 2267 1911 2339 αὐτῷ

327 2359 653 2429 δειχθέντος,
685 2361 774 2414 καὶ
810 2359 984 2415 πάντα
1021 2352 1078 2414 ὲν
1109 2363 1273 2414 πᾶσιν
1302 2361 1480 2424 ὄντος,
1516 2358 1910 2430 ἀνακηρύσσων

328 2450 408 2520 τῷ
430 2454 691 2522 σήματι.
718 2453 807 2524 Μὴ
838 2455 1371 2526 παρασιωπήσωμεν,
1395 2453 1634 2520 ἀδελφοὶ,
1666 2452 1797 2522 μηδὲ
1821 2451 1912 2504 τὸν

328 2543 647 2613 εὐσχήμονα
689 2545 980 2616 βουλευτὴν
1026 2547 1264 2612 ἐκεῖνον,
1310 2543 1402 2598 τὸν
1439 2545 1546 2598 ἀπὸ
1591 2541 1912 2614 Ἀριμαθίας

343 2635 566 2706 Ἰωσὴφ,
584 2635 642 2699 ὃς
670 2636 840 2706 δῶρον
869 2638 929 2690 τὸ
957 2637 1222 2709 ἄχραντον
1257 2637 1350 2690 καὶ
1372 2637 1527 2705 ἆγιον
1554 2637 1730 2688 έκεῖνο
1758 2633 1916 2704 σῶμα

330 2725 534 2792 λαϐὼν,
569 2727 814 2798 καθαρὰν
836 2729 1178 2799 περιτίθησιν
1205 2728 1352 2799 αὐτῷ
1377 2727 1606 2792 σινδόνα,
1624 2725 1728 2792 ,καὶ
1754 2724 1918 2779 καθα-

338 2818 418 2890 ρῷ
460 2822 713 2892 μνημείῳ
742 2821 1136 2876 ἐναποτίθεται.
1171 2823 1353 2892 Νόμος
1389 2823 1519 2892 ἡμῖν
1551 2820 1689 2872 ἔστω
1731 2818 1793 2871 τὸ
1824 2816 1918 2871 τοῦ

335 2908 676 2978 εὐσχήμονος
738 2911 944 2964 ἐκείνου
977 2911 1264 2981 βουλευτοῦ
1308 2911 1466 2982 ἔργον
1506 2910 1600 2964 τοῦ
1635 2910 1731 2963 καὶ
1773 2911 1920 2981 ἡμᾶς

334 3001 542 3069 ὁμοίως
575 3000 958 3070 βουλεύεσθαι,
1005 3005 1133 3058 ὅταν
1162 3003 1416 3074 λάϐωμεν
1449 3003 1623 3056 ἐκεῖνο
1655 3002 1716 3056 τὸ
1751 3002 1920 3072 δῶρον

1986 558 2088 596 non
2115 543 2350 608 praeterit
2378 543 2445 598 "’.
2483 541 2647 596 Linea
2679 550 2827 596 recta
2865 557 2894 596 e
2925 542 3143 595 sublimi
3173 541 3227 595 in
3262 541 3428 594 imum
3463 539 3555 594 de-

1987 631 2257 686 scendens
2291 631 2399 684 iota
2450 630 2674 685 dicitur.
2732 631 2964 701 Oblique
3024 638 3202 685 autem
3268 630 3334 683 ad
3387 630 3556 683 latera

1990 721 2306 792 pertingens
2335 737 2473 792 apex
2501 723 2838 783 nominatur,
2902 721 2954 775 id
2983 723 3127 792 quod
3162 721 3229 775 ab
3282 720 3416 790 ipsis
3468 733 3558 772 na-

1992 810 2302 882 vigantibus
2331 811 2458 865 licet
2488 811 2723 875 discere,
2759 811 2851 880 qui
2888 811 3095 882 lignum
3125 810 3256 863 illud
3282 809 3558 862 transver-

1991 918 2112 960 sum
2141 903 2285 956 malo
2312 901 2588 980 adjacens,
2642 903 2730 955 cui
2789 903 2902 957 vela
2962 901 3320 970 suspendunt,
3372 899 3558 953 Graece

1992 994 2183 1050 eodem
2223 995 2443 1048 nomine
2490 1008 2608 1064 quo
2636 995 2846 1062 apicem
2892 993 3198 1058 nominant,
3233 1007 3426 1060 nempe
3465 1004 3557 1043 ce-

1992 1101 2178 1141 neam.
2206 1085 2567 1151 Quamobrem
2593 1085 2774 1140 divina
2800 1087 2916 1140 haec
2942 1084 3217 1154 Evangelii
3244 1083 3405 1138 verba
3426 1080 3560 1135 mihi

1992 1179 2249 1234 videnlur
2278 1181 2332 1232 in
2361 1179 2544 1233 crucis
2571 1178 2741 1248 ﬁgura
2767 1177 3026 1246 tanquam
3057 1177 3341 1244 a-nigmate
3365 1183 3562 1242 etspe-

1995 1273 2120 1327 culo
2153 1270 2392 1342 quodam
2427 1269 2558 1324 illud
2599 1268 2909 1333 ostendere,
2949 1269 3002 1322 in
3037 1281 3146 1336 quo
3191 1267 3375 1321 omnia
3426 1279 3562 1319 eon-

1996 1362 2275 1425 stiterunt,
2308 1358 2450 1429 quod
2492 1357 2770 1418 omnibus,
2802 1363 2924 1426 quae
2962 1356 3015 1408 in
3047 1356 3164 1424 ipso
3191 1353 3562 1413 continentur,

1998 1451 2252 1509 stabilius
2278 1460 2380 1514 est,
2414 1459 2576 1520 atque
2619 1459 2916 1510 aaleruum,
2953 1447 3113 1515 cujus
3153 1446 3391 1514 potentia
3430 1456 3564 1495 cun-

1999 1551 2086 1598 eta
2118 1543 2453 1597 moderatur.
2483 1540 2716 1594 Proinde
2743 1538 3004 1593 Dominus
3030 1538 3126 1602 ait,
3175 1541 3426 1605 oportere
3475 1530 3566 1584 Fio

2000 1634 2130 1689 lium
2165 1633 2422 1697 hominis,
2462 1647 2571 1685 non
2607 1630 2925 1700 simpliciter
2953 1630 3112 1691 mori,
3145 1627 3240 1682 sed
3292 1621 3561 1691 cruciﬁgi,

2003 1735 2062 1781 ut
2077 1741 2210 1781 crux
2230 1723 2396 1778 Deum
2416 1723 2634 1792 ges’taus
2662 1717 2992 1774 adversariis
3008 1715 3439 1784 omnipotentem
3463 1709 3570 1762 illi-

2005 1819 2187 1890 us,qui
2219 1819 2274 1872 in
2294 1818 2409 1887 ipsa
2427 1816 2710 1885 penderet,
2728 1812 2857 1875 vim,
2878 1811 3083 1881 quique
3099 1807 3282 1861 omnia
3317 1806 3370 1859 in
3388 1799 3568 1857 omni-

2003 1912 2107 1968 bus
2127 1917 2212 1965 est
2236 1909 2304 1971 ⁵⁸,
2329 1907 2496 1977 ﬁgura
2515 1920 2613 1962 sua
2646 1902 2994 1974 patefaceret.
3013 1897 3221 1953 Nobilis
3245 1897 3333 1950 ille
3353 1903 3572 1949 senator

2003 1999 2228 2070 .loseph,
2269 1997 2485 2057 fratres,
2524 1995 2592 2049 ab
2624 1992 2953 2046 Arimathzea
2983 1999 3093 2043 nou
3123 1993 3206 2042 est
3231 1981 3574 2039 nobissileu-

2009 2094 2085 2149 tio
2126 2089 2555 2162 praetereundus,
2609 2086 2700 2156 qui
2731 2092 2854 2140 cum
2891 2079 3226 2137 immaculati
3291 2075 3578 2143 sanctique

2006 2188 2154 2243 illius
2181 2182 2433 2254 corporis
2463 2191 2666 2234 munus
2711 2175 3038 2244 accepisset,
3074 2171 3308 2228 sindone
3372 2165 3580 2220 mundo

2009 2275 2140 2332 illud
2169 2273 2419 2333 involvit,
2453 2281 2507 2326 et
2542 2270 2597 2323 in
2631 2269 2987 2321 monumento
3014 2275 3168 2316 novo
3192 2276 3256 2314 ac
3301 2274 3438 2328 puro
3463 2256 3582 2310 col-

2010 2366 2227 2421 locavit.
2271 2361 2426 2428 Quod
2466 2360 2534 2414 ab
2563 2357 2928 2412 honeslo'lnoc
2945 2360 3196 2409 senatore
3218 2351 3426 2419 gestum
3473 2355 3578 2409 est,

2012 2455 2171 2510 nobis
2192 2453 2262 2528 sit
2301 2458 2561 2520 tanquam
2593 2447 2702 2509 lex,
2732 2454 2788 2498 ut
2831 2442 2971 2496 idem
3023 2451 3122 2493 nos
3169 2447 3384 2506 quoque
3441 2440 3582 2503 prae-

2014 2526 2250 2608 stemus,
2271 2556 2396 2596 cum
2433 2537 2565 2593 illud
2595 2534 2844 2604 corporis
2883 2546 3082 2586 munus
3114 2526 3469 2594 suscipimus,
3519 2536 3589 2575 ne

2017 2638 2071 2694 id
2099 2635 2322 2693 sordido
2345 2631 2696 2688 conscientiae
2720 2629 2890 2682 linteo
2926 2622 3289 2680 involvamus,
3345 2629 3480 2670 neve
3531 2612 3589 2666 in

2016 2728 2200 2785 cordis
2231 2732 2588 2780 monumento
2649 2729 2990 2773 mortuorum
3042 2711 3266 2767 ossibus
3330 2704 3591 2773 omnique

2022 2817 2372 2875 immundilia
2398 2815 2560 2884 pleno
2585 2819 2936 2879 reponamus.
2975 2805 3079 2858 Sed
3118 2800 3594 2869 unusquisque,ut

2020 2909 2214 2966 scribit
2247 2905 2540 2976 Apostolus
2561 2943 2576 2966 ,
2612 2916 2672 2956 se
2709 2900 2887 2968 ipsum
2915 2895 3128 2966 probet,
3160 2903 3227 2945 ne
3272 2901 3473 2941 munus
3516 2885 3595 2937 in-

2020 3003 2182 3074 digne
2203 2997 2516 3069 suscipienti
2535 2995 2605 3050 sit
2628 2994 2680 3048 in
2699 2988 3054 3064 judicium”.
3087 2985 3304 3047 Verum,
3329 2981 3456 3033 dum
3482 2979 3596 3032 haec

336 3090 436 3144 τοῦ
478 3094 747 3162 σώματος,
795 3095 870 3166 μὴ
906 3097 1270 3167 ὲρρυπωμένῃ
1307 3098 1374 3167 τῇ
1417 3096 1514 3166 τῆς
1562 3095 1918 3165 συνειδήσεως

2027 3073 2242 3167 loquor,
2274 3092 2455 3147 lucida
2486 3088 2661 3159 angeli
2704 3085 2843 3141 stula
2874 3081 3073 3136 mentis
3105 3078 3272 3132 aciem
3299 3073 3432 3128 mihi
3477 3086 3600 3140 per-

341 3184 541 3237 σινδόνι
571 3185 867 3256 λαμϐάνειν
889 3230 903 3254 ,
944 3189 1077 3259 μηδὲ
1115 3190 1328 3242 ὀδωδότι
1374 3189 1432 3256 ἐξ
1477 3190 1677 3243 ὀστέων
1714 3187 1922 3259 νεκρῶν

341 3277 438 3329 καὶ
492 3278 676 3347 πάσης
725 3279 1064 3352 ἀκαθαρσίας
1122 3282 1200 3353 τῷ
1254 3281 1493 3352 μνήματι
1549 3283 1648 3352 τῆς
1700 3280 1924 3350 καρδίας

343 3369 762 3424 ὲναποτίθεσθαι
802 3387 814 3398 ·
859 3371 1014 3435 ἀλλὰ,
1068 3370 1252 3436 καθώς
1295 3389 1459 3443 φησιν
1496 3373 1525 3424 ὁ
1575 3369 1924 3433 Ἀπόστολος,

343 3461 676 3530 δοκιμάζειν
700 3461 932 3515 ἕκαστον
967 3461 1192 3525 ἑαυτὸν,
1225 3463 1313 3516 ἵνα
1350 3461 1424 3532 μὴ
1476 3463 1650 3532 κρῖμα
1692 3463 1724 3529 ἡ
1770 3460 1930 3529 χάρις

347 3552 574 3621 γένηται
606 3551 682 3622 τῷ
709 3552 941 3618 ἀναξίως
979 3553 1253 3624 δεχομένῳ
1281 3555 1382 3624 τὴν
1414 3553 1589 3623 χάριν.
1634 3551 1794 3603 Ἀλλὰ
1823 3551 1930 3621 γάρ

353 3643 560 3710 μεταξύ
584 3643 769 3710 λέγων
792 3643 1118 3714 αἰσθάνομαι
1146 3647 1212 3715 τῇ
1243 3646 1476 3713 φωτεινῇ
1507 3643 1664 3711 στολῇ
1689 3640 1782 3693 τοῦ
1828 3642 1930 3708 ὀιγ⁴

353 3733 512 3800 γέλου
539 3734 1108 3806 καταστραπτόμενος,
1131 3735 1221 3788 καί
1251 3749 1352 3804 μου
1381 3733 1605 3786 διασείει
1627 3732 1714 3802 ὐφ’
1740 3731 1940 3801 ἡδονῆς

355 3823 456 3892 τὴν
489 3823 712 3892 καρδίαν
748 3825 775 3875 6
816 3824 1020 3893 γλυκὺς
1057 3827 1264 3889 ἐκεῖνος
1298 3824 1539 3894 σεισμὸς,
1573 3825 1601 3876 6
1632 3823 1724 3875 τὸν
1766 3822 1937 3892 βαρὺν

359 3914 510 3965 λίθον
548 3915 637 3966 τοῦ
676 3916 1016 3987 ἀνθρωπίνου
1063 3919 1344 3987 μνήματος
1389 3915 1734 3977 ἀποκυλίων,
1781 3913 1847 3966 δι’
1877 3907 1938 3968 οὐ

364 4008 637 4075 ἀνοίγεται
673 4012 836 4064 πᾶσιν
867 4012 899 4081 ἡ
935 4010 1072 4082 θύρα
1101 4011 1201 4080 τῆς
1227 4011 1592 4072 ἀναστάσεως.
1633 4009 1940 4078 Δράμωμεν

365 4101 462 4152 καὶ
514 4102 666 4169 ἡμεῖς
709 4105 802 4156 ἐπὶ
841 4105 940 4174 τὴν
993 4103 1122 4157 θέαν
1165 4102 1257 4156 τοῦ
1300 4099 1603 4172 παραδόξου
1645 4100 1938 4170 θεάματος·

358 4190 640 4257 διαγέγονε
682 4193 791 4266 γὰρ
838 4195 938 4266 ήδη
982 4194 1043 4247 τὸ
1083 4193 1395 4246 Σάϐϐατονο
1448 4191 1524 4262 μὴ
1555 4190 1802 4244 -κατόπιν
1835 4189 1944 4243 τῶν

358 4289 642 4356 γυναικῶν
681 4291 1098 4358 ἀπαντήσωμεν;
1144 4286 1337 4338 Ἔσται
1371 4283 1465 4337 καὶ
1497 4285 1554 4337 ὲν
1588 4285 1710 4347 ταῖς
1749 4282 1946 4353 ἡμετέ-

364 4395 488 4448 ραις
520 4380 678 4449 χερσὶ
709 4378 784 4430 τὰ
823 4378 1112 4448 ἀρώματα.
1141 4378 1174 4446 ὴ
1211 4374 1390 4437 πίστις
1418 4374 1512 4428 καὶ
1545 4377 1574 4445 ἡ
1620 4374 1941 4442 συνείδησις.

2027 3162 2269 3256 stringit,
2298 3192 2351 3238 et
2383 3181 2560 3236 dulcis
2588 3179 2680 3231 ille
2706 3185 2862 3231 terra:
2902 3181 3102 3232 motus,
3134 3181 3243 3239 quo
3272 3166 3451 3237 gravis
3504 3162 3596 3216 ille

2027 3277 2249 3336 humani
2287 3269 2626 3328 monumenti
2653 3266 2792 3336 lapis
2834 3264 3114 3319 revolutus
3152 3268 3256 3320 cst,
3309 3255 3596 3310 omnibus-

2029 3386 2134 3441 que
2163 3361 2584 3422 resurrectionis
2620 3358 2765 3412 l'ores
2799 3354 3082 3426 patefacta:
3110 3357 3271 3412 sunt,
3306 3362 3417 3419 pro:
3447 3345 3604 3400 volu‘

2031 3468 2180 3532 ptate
2205 3473 2302 3512 cur
2329 3468 2508 3508 meum
2541 3448 2805 3504 concutit.
2837 3446 3136 3500 Curramus
3159 3449 3212 3496 et
3238 3455 3340 3494 nos
3374 3437 3441 3491 ad
3471 3449 3607 3490 con-

2032 3549 2367 3621 spiciendum
2401 3541 2775 3613 spectaculum
2804 3538 2907 3591 hoc
2964 3535 3240 3589 uov‘um'et
3264 3527 3603 3583 admirabile.

2035 3642 2334 3696 Sabbatum
2368 3636 2511 3692 enim
2557 3634 2669 3704 jam
2706 3629 2906 3684 illuxit.
2971 3625 3050 3680 Ne
3098 3623 3500 3694 permittamus,
3551 3628 3610 3671 ut.

2036 3736 2294 3790 mulieres
2317 3734 2684 3785 antevertant.
2707 3723 2830 3778 Sint
2858 3719 3024 3775 etiam
3054 3719 3108 3770 in
3134 3715 3388 3770 manibus
3405 3711 3612 3767 nostris

2037 3833 2280 3879 aromata
2309 3820 2430 3876 lidei
2480 3830 2738 3889 puraeque
2795 3807 3171 3867 conscientiae.
3223 3805 3282 3859 lu
3335 3804 3423 3858 his
3463 3803 3609 3855 enim

2038 3913 2289 3970 consistit
2320 3913 2500 3966 bonus
2531 3907 2666 3963 odor
2690 3903 2918 3960 Christi.
2954 3900 3028 3955 Ne
3043 3909 3355 3970 quaeramus
3376 3893 3614 3963 :nuplihs

2038 4007 2306 4060 viventem
2335 4016 2473 4056 cum
2517 3996 2768 4052 mortuis.
2813 3993 3076 4049 Dominus
3113 3991 3258 4045 enim
3279 4001 3402 4044 eum
3438 4000 3467 4040 a
3507 3999 3616 4055 quo

2042 4101 2123 4154 sic
2160 4096 2476 4165 requiritur,
2523 4089 2703 4161 rejicit
2751 4096 2806 4142 et
2844 4094 3015 4148 arcet,
3068 4084 3260 4137 dicens
3296 4097 3309 4133 :
3346 4078 3474 4132 Noli
3534 4093 3616 4129 me

2044 4201 2258 4259 tangere
2278 4188 2353 4239 ⁸ο.
2388 4184 2528 4238 Cum
2559 4190 2738 4235 autem
2775 4177 3076 4234 ascendero
3113 4174 3180 4228 ad
3212 4171 3454 4233 Patrem,
3483 4176 3617 4220 tunc

2045 4297 2130 4336 me
2161 4277 2343 4333 licebit
2366 4277 2653 4343 attingere.
2713 4269 2792 4340 [Id
2823 4274 2929 4329 est,
2962 4279 3086 4319 cum
3135 4275 3247 4316 non
3297 4272 3618 4328 corpoream

2046 4371 2282 4441 amplius
2343 4365 2705 4432 servilcmque
2735 4359 2990 4419 formant,
3029 4355 3122 4409 sed
3151 4365 3298 4414 cum;
3323 4348 3414 4419 qui
3441 4357 3526 4402 est
3565 4347 3619 4400 iu

362 4434 665 4540 λῦτηηγάρ
695 4469 787 4522 τοῦ
826 4434 1060 4538 Χριάωῦ
1089 4434 1290 4537 ἔστινὴ
1318 4434 1533 4519 εὐωδία.
1563 4434 1782 4534 ’Μηκέτι

2047 4434 2216 4531 gloria
2253 4456 2452 4515 Patris.
2483 4453 2576 4521 qui
2603 4459 2686 4506 est
2709 4449 2764 4504 in
2804 4446 2975 4501 forma
3011 4442 3129 4508 Dei,
3176 4449 3231 4494 et
3265 4438 3433 4533 Deum
3485 4434 3621 4490 Ver-

361 4563 476 4616 τῶν
513 4561 724 4632 νεκρῶν
757 4561 1059 4626 τὸν-ζῶντα
1091 4561 1436 4630 ζητήσωμεν.
1485 4557 1587 4609 Τὸν
1626 4557 1734 4626 γάρ
1771 4553 1944 4615 οὓτως

363 4655 529 4710 αὑτὸν
555 4654 842 4724 ζητοῦντα,
869 4653 1170 4708 ἀπωθεῖται
1195 4653 1224 4703 6
1247 4650 1469 4721 Κύριος,
1491 4647 1682 4716 λέγων·
1706 4646 1800 4713 Μή
1825 4663 1943 4714 μου

364 4748 565 4800 ἅπτου
603 4762 616 4774 °
649 4745 764 4798 ἀλλ’
795 4746 925 4798 ὅταν
951 4742 1138 4798 ἀναϐῶ
1171 4741 1304 4812 πρὸς
1329 4741 1420 4793 τὸν
1447 4737 1689 4808 Πατέρα,
1711 4737 1832 4789 τότε
1864 4753 1944 4788 σοι

368 4839 579 4905 ἔξεστιν
611 4837 897 4892 Ξπτεσθαι.
942 4835 1289 4904 Ἀκούσωμεν
1319 4832 1371 4884 τί
1403 4808 1814 4898 εὐαγγελίζεται
1854 4827 1948 4881 καὶ

368 4935 405 5002 ἡ
433 4931 568 5002 γυνὴ
600 4933 630 5001 ἡ
656 4930 996 5001 προλαϐοῦσα
1020 4929 1109 4980 τὸν
1134 4927 1300 4996 ἄνδρα
1326 4923 1415 4978 διὰ
1441 4926 1539 4990 τῆς
1565 4920 1820 4982 πίστεως,
1854 4917 1948 4971 καὶ

370 5025 556 5085 καλῶς
607 5023 764 5075 τοῦτο
813 5023 1119 5092 ποιήσασα,
1172 5018 1261 5070 ἵνα
1295 5016 1383 5070 διὰ
1431 5013 1526 5066 τοῦ
1578 5007 1950 5079 κατάρξασθαι

369 5117 514 5187 7:96;
545 5115 604 5168 τὸ
630 5115 833 5183 ἀγαθὸν
862 5113 989 5182 περὶ
1019 5113 1116 5180 τῆς
1138 5110 1234 5164 τοῦ
1266 5108 1438 5162 κακοῦ
1467 5104 1644 5164 αἰτίας
1677 5104 1952 5174 ἀπολογή-

369 5225 560 5277 σηται.
606 5207 673 5259 Τί
701 5202 793 5258 οὖν
816 5207 930 5257 ἐστι
959 5205 1018 5256 τὸ
1043 5206 1141 5274 τῆς
1170 5201 1425 5270 γυναικὸς
1447 5197 1803 5266 Εὐαγγῦιιονς
1838 5197 1954 5249 Ὃν⁴

363 5319 484 5363 τως
519 5303 617 5352 οὐκ
654 5299 712 5364 ἐξ
745 5296 1071 5369 ἀνθρώπων,
1094 5294 1215 5349 οὐδὲ
1244 5294 1312 5347 δι’
1347 5290 1668 5362 ἀνθρώπων,
1695 5287 1831 5342 ἀλλὰ
1866 5286 1954 5340 διὰ

377 5391 568 5460 Ἰησοῦ
602 5388 862 5459 Χριστοῦ.
917 5390 1116 5441 ’Λκουε
1161 5387 1290 5459 γὰρ,
1336 5383 1520 5453 φησιν,
1564 5382 1592 5434 ὃ
1639 5377 1952 5432 ἐντέταλται

365 5490 395 5555 ἡ
409 5485 514 5554 μῖν
539 5483 568 5534 6
600 5482 801 5552 Κύριος
833 5480 967 5552 πρὸς
997 5480 1139 5548 ὑμᾶς
1165 5478 1360 5537 εἰπεῖν,
1385 5475 1530 5544 ὑμᾶς
1557 5471 1651 5535 οὓς
1679 5471 1773 5525 καὶ
1799 5468 1950 5522 ἀδελ-

362 5578 513 5646 905;
546 5573 714 5629 αὐτοῦ
750 5571 1261 5644 κατονομάζει,.ὄτι
1294 5566 1620 5636 Πορεύομαι
1658 5561 1808 5630 πρὸς
1851 5558 1958 5613 τὸν

2045 4554 2195 4614 bum,
2227 4549 2330 4603 ilde
2364 4542 2752 4614 conceperitis,
2789 4551 2921 4594 tunc
2949 4552 3055 4599 me,
3109 4549 3218 4588 non
3257 4520 3438 4585 au'tem
3489 4528 3622 4582 sim-

2045 4647 2238 4717 plicem
2268 4641 2412 4697 servi
2437 4639 2692 4699 formam,
2735 4627 3020 4700 adoretis.]
3071 4624 3372 4680 Audiamus
3418 4621 3620 4675 bonum

2047 4707 2326 4796 nuntium,
2355 4737 2522 4801 quem
2553 4726 2711 4780 nobis
2737 4721 2934 4776 mulier
2961 4717 3136 4779 allert,
3169 4727 3291 4784 qum
3324 4709 3427 4764 ﬁde
3450 4707 3621 4778 prior,

2045 4843 2210 4898 quam
2240 4825 2344 4891 vir,
2374 4799 2612 4881 accedit,
2645 4831 2710 4870 ac
2740 4812 2936 4869 merito
2964 4808 3204 4880 quidem,
3231 4811 3289 4858 ut
3346 4799 3623 4870 incipiens

2052 4889 2166 4987 ipsa
2194 4915 2261 4968 ad
2291 4889 2490 4968 bonum
2533 4922 2780 4968 currene,
2804 4903 2978 4957 diluat
3004 4897 3238 4957 crimen,
3281 4893 3337 4948 in
3364 4889 3511 4963 quod
3536 4890 3624 4944 in-

2051 4983 2210 5069 cidit,
2253 5019 2375 5060 cum
2403 5009 2530 5056 ante
2559 4995 2806 5054 cucurrit
2835 4993 2901 5047 ad
2931 4989 3156 5044 malum.
3189 4984 3414 5056 Ecquod
3458 4983 3628 5051 igitur

2053 5108 2137 5156 est
2165 5099 2270 5150 hoc
2293 5094 2541 5149 mulieris
2591 5079 2986 5156 Evangelium?
3027 5079 3144 5135 Non
3193 5093 3257 5132 ex
3309 5072 3623 5131 hominibus

2056 5188 2320 5261 profecto.
2359 5195 2536 5252 neque
2569 5195 2666 5250 per
2694 5175 2965 5236 homines,
3009 5169 3103 5225 sed
3132 5183 3228 5240 per
3261 5161 3626 5221 Jesumtlhri-

2059 5260 2229 5336 stum.
2267 5275 2490 5336 Audite,
2527 5271 2725 5341 inquit,
2759 5265 2905 5338 quod
2944 5261 3075 5318 mihi
3113 5260 3395 5322 Dominus,
3429 5262 3489 5310 ut
3528 5268 3627 5308 vo-

2061 5371 2146 5428 bis
2181 5383 2322 5439 quos
2366 5366 2563 5421 fratres
2593 5362 2758 5417 etiam
2812 5357 3080 5422 nominat,
3131 5351 3460 5408 nuntiarem,
3510 5347 3628 5416 ipse

2060 5459 2359 5517 mandavit.
2407 5454 2667 5518 Asceudo,
2717 5447 3032 5520 inquit,-ad
3086 5445 3301 5498 Patrem
3345 5454 3539 5502 meum,
3575 5445 3626 5491 et

2060 5554 2272 5608 Patrem
2313 5558 2563 5613 vestrum,
2597 5544 2762 5599 Deum
2795 5557 2986 5603 meum,
3015 5547 3065 5594 et
3107 5535 3271 5591 Deum
3302 5541 3526 5587 vestrum
3559 5529 3624 5581 ".

445 5764 498 5794 ³⁸
531 5762 549 5813 Ι
591 5761 719 5815 Cor.
758 5774 850 5823 vn,
880 5756 967 5811 3|.
1045 5756 1086 5787 ⁵⁷
1122 5753 1289 5809 Matth
1342 5769 1393 5816 v,
1436 5749 1518 5804 l8.
1596 5747 1642 5780 ⁵⁸
1672 5745 1688 5800 l
1723 5743 1847 5800 Cor.
1887 5759 1975 5805 xv,
2013 5739 2103 5793 28.
2180 5737 2224 5768 "
2259 5733 2277 5789 l
2310 5732 2437 5788 Cor.
2473 5747 2549 5793 ιιι,
2579 5728 2668 5782 28.
2747 5722 2970 5778 “Juan.
2995 5737 3086 5784 xx,
3117 5716 3203 5772 Π.
3279 5714 3321 5745 ⁴¹
3357 5710 3486 5766 ibid.
