3930 6210
399 313 503 370 6'27

1707 326 1765 382 S.
1797 325 2125 385 GREGORII
2159 329 2448 388 NYSSENI

3527 347 3634 405 623

400 439 443 490 0
481 438 733 492 nuntium
782 439 1100 508 praclarum
1140 450 1194 497 ct
1226 441 1462 498 bonum!
1516 443 1619 511 Qui
1670 462 1770 516 pro
1809 449 1959 504 nobis

2072 455 2301 524 Πατέρα
2316 474 2453 525 μου,
2486 456 2582 510 καὶ
2607 457 2834 526 Πατέρα
2863 461 3047 529 ὑμῶν,
3081 462 3177 516 καὶ
3208 465 3356 518 Θεόν
3376 483 3514 534 μου,
3536 469 3630 523 καί

400 527 578 584 factus
609 537 692 583 est
725 528 909 595 homo,
960 531 1007 586 is
1037 545 1160 587 cum
1215 535 1284 589 sit
1323 533 1667 606 Uuigenitus,
1717 554 1826 608 quo
1862 556 1963 595 nos

399 617 596 674 fratres
631 619 825 675 eﬂiciat
851 637 1001 685 suos,
1038 639 1096 678 se
1122 624 1392 681 hominem
1418 627 1482 682 ad
1523 643 1711 682 verum
1745 629 1962 686 Patrem

396 712 637 776 adducit,
695 721 754 766 ut
788 730 883 783 per
933 731 990 770 se
1030 716 1205 786 ipsqu
1241 733 1434 772 omnes
1475 729 1741 789 cognatos
1776 737 1962 777 secum

398 802 598 866 trahat,
639 817 707 857 ne
740 805 919 873 possit
971 806 1079 861 illis
1128 807 1363 879 amplius
1407 808 1593 878 objici,
1648 810 1793 880 quod
1843 827 1960 877 cos,

395 893 488 963 qui
522 903 714 948 natura
745 896 818 950 dii
848 911 954 950 non
980 907 1130 961 sunt,
1170 899 1544 976 adoraverint,
1585 899 1793 956 Etenim
1836 919 1961 957 eum

396 985 463 1038 ad
496 984 763 1042 viventem
793 995 846 1042 et
883 1003 1072 1043 verum
1123 988 1293 1045 Deum
1343 991 1680 1046 adorandum
1723 995 1959 1048 revocati

395 1077 528 1141 sint,
555 1077 625 1133 ab
653 1079 963 1135 hmredilate
988 1091 1212 1151 paterna
1243 1091 1501 1153 tanquam
1541 1084 1729 1154 rejecti
1775 1101 1961 1156 repro-

397 1167 615 1238 batique
649 1186 757 1225 non
798 1181 1029 1242 possunt
1060 1173 1298 1236 excludi,
1327 1176 1584 1245 quoniam
1619 1175 1813 1233 Filium
1867 1194 1961 1233 ve-

395 1273 516 1312 rum
547 1259 648 1328 ipsi
669 1276 764 1330 per
793 1262 1139 1332 adoptionem
1167 1263 1258 1318 iilii
1284 1267 1456 1320 secuti
1479 1275 1628 1324 sunt.
1647 1266 1749 1333 Qui
1775 1269 1960 1325 multis

393 1349 448 1402 in
488 1349 751 1406 fratribus
783 1352 1206 1423 primogenitum
1237 1365 1504 1411 creatura:
1525 1372 1584 1412 se
1619 1373 1715 1428 per
1736 1373 1958 1413 carnem

391 1439 650 1508 efficiens,
685 1457 900 1498 omnem
955 1452 1208 1499 naturam
1243 1447 1559 1511 humanam,
1584 1450 1742 1518 cujus
1792 1455 1963 1522 parti-

392 1546 516 1601 ceps
541 1547 665 1588 esse
683 1533 872 1598 voluit,
890 1544 1184 1605 assumpta:
1201 1537 1384 1592 carnis
1410 1537 1818 1593 necessitudine
1853 1540 1957 1594 sibi

391 1623 695 1692 conjunxit.
728 1623 834 1680 Sed
868 1627 993 1696 quia
1026 1629 1182 1698 panis
1221 1643 1446 1698 azymus
1477 1637 1603 1685 ante
1623 1629 1834 1686 Pascha
1860 1647 1958 1702 pro

391 1713 622 1768 obsonio
656 1713 856 1770 herbas
910 1730 1126 1772 amaras
1161 1717 1346 1781 habet,
1382 1717 1666 1774 videamus
1717 1735 1823 1790 qua
1865 1721 1956 1789 ju-

2071 547 2218 600 Θεὸν
2248 546 2432 616 ὑμῶν.
2469 549 2531 600 Ὦ
2573 549 2751 602 καλῶν
2793 568 2850 603 τε
2881 553 2972 605 καὶ
3001 553 3218 621 ἀγαθῶν
3268 556 3626 624 εὐαγγελίωνί

2077 636 2136 688 Ὀ
2171 636 2236 688 δι’
2270 637 2411 706 ἡμᾶς
2460 639 2747 708 γενόμενος
2777 641 2899 694 καθ’
2932 644 3098 713 ἡμᾶς.
3135 645 3220 710 ἵνα
3249 645 3334 699 διὰ
3366 648 3460 701 τοῦ
3492 650 3633 717 γενέ-

2073 725 2194 779 σθαι
2225 729 2357 797 ⁴ἡμῖν
2405 729 2672 799 ὁμογενὴς
2693 769 2706 792 ,
2739 731 2999 800 ἀδελφοὺς
3023 736 3170 804 ἡμᾶς
3194 736 3381 789 ἑαυτοῦ
3411 740 3633 810 ποιήσῃ.

2068 819 2330 887 προσάγει
2348 819 2438 872 τὸν
2460 821 2653 874 ἑαυτοῦ
2677 821 2960 892 ἄνθρωπον
2976 825 3053 895 τῷ
3075 826 3309 898 ἀληθινῷ
3334 831 3528 900 Πατρὶ,
3556 830 3639 883 ἵνα

2065 909 2132 961 δι’
2162 909 2326 962 αὑτοῦ
2355 910 2499 964 ἅπαν
2533 912 2592 965 τὸ
2616 915 2871 984 ὁμογενὲς
2908 917 3291 990 ἐφελκύσηται,
3337 920 3410 985 ὡς
3445 922 3639 992 μηκέτι

2065 1004 2264 1068 ὄνειδος
2285 999 2421 1058 εἷναι
2442 1008 2552 1070 τοῖς
2579 1005 2891 1061 δουλεύσαὲι
2913 1011 3022 1072 τοῖς
3047 1011 3120 1080 μὴ
3149 1010 3216 1078 φῦ
3228 1028 3305 1063 σει
3332 1009 3452 1064 οὖσι
3477 1013 3636 1077 θεοῖς.

2065 1095 2165 1148 Διά
2219 1096 2278 1148 τὸ
2325 1097 2695 1167 προσαχθῆναι
2742 1099 2902 1152 πάλιν
2936 1099 3015 1170 τῷ
3053 1101 3214 1165 ζῶντι
3267 1103 3360 1156 καὶ
3403 1103 3640 1174 ἀληθινῷ

2065 1185 2202 1257 Θεῷ,
2244 1187 2368 1257 μηδ’
2417 1187 2755 1259 ἀποόλήτους
2801 1189 2893 1243 καὶ
2929 1190 3342 1261 ἀποκηρῦκτους
3387 1193 3489 1263 τῆς
3533 1211 3639 1246 παρ

2063 1279 2245 1351 τρῴας
2291 1279 2652 1351 κληρονομίας
2685 1281 2971 1349 γενέσθαι,
2997 1285 3123 1346 τοὺς
3153 1283 3228 1353 τῷ
3266 1283 3377 1353 Υίῷ
3420 1284 3509 1338 διὰ
3545 1287 3639 1355 τῆς

2065 1373 2333 1437 υἱοθεσίας
2379 1372 2842 1445 ἀκολουθήσαντας
2873 1391 2887 1406 ·
2936 1376 2964 1427 ὁ
3007 1376 3066 1428 ὲν
3111 1376 3323 1439 πολλοῖς
3389 1377 3640 1447 ἀδελφοῖς

2066 1464 2409 1535 πρωτότοκον
2448 1464 2537 1518 διὰ
2565 1464 2663 1535 τῆς
2707 1463 2907 1534 σαρκὸς
2938 1465 3170 1535 ποιήσας
3206 1465 3427 1532 ἑαυτὸν,
3460 1468 3641 1520 πᾶσαν

2064 1554 2160 1626 τὴν
2191 1553 2368 1607 κτίσιν
2407 1548 2474 1624 ἧς
2506 1551 2828 1624 ἐκοινώνησε
2861 1553 2947 1606 διὰ
2977 1553 3078 1622 τῆς
3105 1555 3506 1627 άνακραθείσης
3541 1557 3642 1611 αὖ·

2062 1645 2141 1716 τῷ
2166 1645 2364 1718 σαρκὸς
2385 1647 2480 1697 ὲπε
2491 1644 2750 1698 σπάσατο.
2787 1644 2925 1696 Ἀλλ’
2949 1645 3134 1717 ἐπειδὴ
3161 1647 3187 1699 ό
3208 1646 3313 1718 πρὶν
3332 1647 3424 1700 τοῦ
3449 1649 3642 1720 Πάσχα

2066 1737 2210 1798 σῖτος
2243 1737 2271 1788 ό
2301 1734 2527 1804 ἄζυμος,
2567 1733 2696 1803 ὄψον
2731 1733 2825 1804 τὴν
2857 1733 3080 1804 πικρίδα
3125 1734 3257 1805 ἔχει,
3295 1737 3492 1807 ῐδωμεν
3536 1739 3642 1792 τίνι

388 1799 670 1858 etuiditate
704 1807 829 1871 post
858 1803 1317 1858 resurrectionem
1348 1805 1507 1874 panis
1535 1805 1804 1862 cﬂiciatur
1839 1810 1959 1864 dul-

2067 1825 2328 1896 ήδύσματι
2351 1827 2378 1877 ὀ
2404 1799 2541 1896 μετὰ
2566 1799 2663 1896 τῆν
2685 1799 2974 1880 ἀνάστασιν
2995 1799 3445 1898 ἀρτοςίῆδῦνεται.
3476 1830 3643 1902 Ὁρᾷς

389 1891 493 1945 cis.
535 1890 728 1946 Cernis
760 1893 813 1946 in
842 1893 1095 1950 manibus
1130 1894 1344 1950 Domini
1376 1895 1539 1952 Petro
1571 1899 1819 1968 piscante
1857 1917 1955 1971 pa-

391 1998 511 2038 nem
544 1993 597 2039 et
614 1983 795 2039 favum
829 1985 1041 2041 mellis?
1079 1984 1208 2042 inde
1227 1989 1538 2055 considera,
1577 1990 1631 2045 in
1664 1992 1794 2064 quid
1817 2008 1960 2049 ama-

389 2071 571 2126 ritudo
602 2072 725 2127 vita:
749 2081 1135 2131 commutetur.
1175 2076 1354 2142 Quare
1379 2093 1479 2135 nos
1505 2079 1632 2136 item
1669 2097 1735 2136 ex
1774 2082 1958 2152 pisca-

388 2176 447 2217 ιιι
473 2164 766 2220 verborum
801 2164 898 2221 Dei
938 2167 1050 2237 jam
1100 2167 1168 2221 ad
1200 2183 1396 2238 panem
1465 2171 1618 2226 illum
1678 2174 1956 2231 cmlestem

387 2267 766 2323 accurramus,
806 2270 968 2324 quem
1036 2259 1152 2326 spei
1197 2258 1358 2316 favus
1407 2259 1621 2318 dulcem
1670 2266 1849 2321 reddit
1901 2267 1956 2322 in

385 2344 606 2401 Christo
639 2343 772 2401 Jesu
797 2345 1030 2403 Domino
1063 2358 1276 2416 nostro,
1315 2353 1406 2407 cui
1455 2355 1630 2425 gloria
1661 2364 1715 2410 et
1761 2367 1957 2428 poten-

385 2437 461 2491 tia
490 2451 598 2492 una
630 2451 756 2493 cum
784 2437 944 2494 Patre
971 2448 1026 2496 et
1059 2439 1264 2510 Spiritu
1296 2453 1512 2511 sancto,
1541 2462 1688 2503 nunc
1713 2457 1767 2525 et
1805 2466 1952 2506 sem-

385 2541 502 2598 per,
538 2537 593 2584 et
617 2527 906 2599 inisaecula
941 2534 1286 2590 saeculorum.
1323 2537 1516 2592 Amen.

1007 2671 1264 2730 ORATIO
1296 2675 1359 2732 ll.

382 2812 463 2868 De
489 2814 868 2886 resurrectione
894 2813 1108 2868 Domini
1135 2817 1304 2869 nostri
1331 2813 1461 2870 Jesu
1494 2815 1714 2875 Christi.
1741 2828 1791 2872 et
1821 2820 1958 2886 quod

451 2880 598 2955 nullo
624 2882 777 2955 modo
805 2884 940 2937 inter
999 2901 1054 2938 se
1105 2888 1364 2940 contrarii
1401 2885 1733 2955 evangelista:
1788 2880 1961 2943 diver-

450 2953 527 3026 sis
561 2951 728 3006 modis
757 2954 1020 3026 memoria:
1049 2954 1379 3023 prodiderint
1408 2973 1469 3011 ea
1502 2951 1619 3026 qua:
1651 2959 1958 3014 acciderunt

451 3023 506 3077 in
534 3024 910 3077 resurrectione
938 3022 1317 3081 Emmanuelis.

451 3171 774 3242 Quanquam
824 3187 1014 3229 omnes
1042 3173 1260 3243 quidem
1297 3177 1715 3247 propemodum,
1744 3179 1953 3245 dilecti,

380 3279 501 3320 eam
531 3279 652 3335 qua:
680 3279 710 3318 a
742 3265 901 3321 nobis
933 3265 988 3320 in
1035 3264 1315 3322 Dominica
1349 3276 1510 3324 nocte
1549 3271 1836 3328 commode
1869 3280 1954 3327 at-

380 3371 488 3427 que
514 3365 884 3427 competenter
935 3357 1247 3414 introducta
1274 3367 1376 3424 est,
1427 3361 1842 3432 Evangeliorum
1861 3381 1958 3436 ap-

381 3447 615 3518 probant
658 3448 945 3504 lectionem
989 3449 1056 3505 de
1085 3451 1489 3508 resurrectione
1536 3456 1718 3522 magni
1770 3455 1862 3512 Dei
1903 3465 1958 3512 et

383 3539 692 3595 Servatoris
717 3539 891 3594 nostri
912 3537 1040 3595 Jesu
1071 3540 1276 3596 Christi
1318 3562 1331 3597 :
1361 3546 1608 3600 nonnulli
1637 3554 1816 3602 tamen
1849 3549 1954 3602 uti-

383 3633 589 3686 litatom
613 3633 831 3702 quidem
865 3647 924 3688 se
971 3633 1214 3690 sensisse
1275 3649 1381 3689 non
1418 3645 1638 3706 negant,
1669 3639 1762 3692 sed
1808 3641 1955 3709 quod

383 3729 577 3793 putent
631 3739 691 3780 se
735 3724 1030 3794 aliquando
1081 3727 1277 3782 tectius
1333 3735 1388 3781 et
1434 3728 1726 3786 obscurius
1763 3731 1957 3788 doctos

381 3829 526 3879 esse,
549 3813 618 3869 de
641 3815 834 3869 eadem
865 3830 926 3870 re
952 3830 1060 3870 non
1098 3817 1312 3883 eadem,
1340 3819 1433 3874 sed
1462 3821 1734 3876 contraria
1767 3831 1823 3876 et
1857 3838 1952 3876 au-

383 3904 615 3960 ditorem
641 3905 816 3975 magis
839 3905 908 3959 ad
929 3907 1360 3964 incredulitatem
1382 3911 1695 3967 inducentia
1727 3913 1957 3969 dicenti-

381 3994 487 4052 bus
510 3997 883 4067 evangelistis,
913 4001 1216 4068 perturbari
1252 4015 1312 4057 se
1329 4001 1502 4059 aiunt.
1527 4004 1626 4059 Cui
1657 4007 1803 4062 enim
1833 4022 1956 4062 cre-

381 4087 622 4143 dendum
657 4097 740 4144 est
767 4089 1080 4154 ‘tMatthazo,
1113 4093 1206 4160 qui
1230 4093 1443 4162 vesperi
1478 4093 1840 4151 Sabhatorum
1873 4115 1958 4153 re-

382 4175 785 4232 surrectionem
809 4177 1078 4234 accidisse
1101 4180 1332 4236 scribit?
1352 4197 1420 4237 an
1465 4183 1684 4250 Joanni,
1725 4187 1818 4256 qui
1855 4187 1960 4241 hoe

383 4269 525 4324 idem
561 4283 743 4333 mane,
775 4284 900 4325 cum
951 4270 1134 4326 adhuc
1159 4274 1397 4330 tenebrae
1428 4285 1634 4344 essent,
1657 4277 1958 4347 contigisse

385 4359 662 4415 memoria:
711 4363 988 4431 prodidit?
1029 4365 1113 4419 An
1167 4364 1329 4422 Lucae
1357 4376 1411 4422 et
1435 4367 1666 4425 Marco:
1722 4385 1955 4440 quorum

2062 1916 2157 1971 τοῦ
2209 1919 2416 1989 Πέτρου
2465 1916 2768 1981 ἀλιεύοντος
2815 1918 2873 1970 ὲν
2923 1921 3045 1981 ταῖς
3091 1920 3246 1990 χερσὶ
3287 1919 3380 1972 τοῦ
3430 1922 3640 1992 Κυρίου

2063 2009 2226 2080 ἄρτον
2259 2008 2350 2060 καὶ
2385 2006 2574 2078 κηρίον
2613 2006 2855 2077 μέλιτος;
2899 2009 3090 2078 νόησον
3135 2009 3186 2062 τί
3240 2027 3320 2063 σοι
3360 2012 3393 2081 ἠ
3445 2013 3643 2084 πικρία

2059 2100 2153 2154 τοῦ
2203 2100 2316 2170 βίου
2367 2099 2858 2164 κατασκευάζεται.
2905 2100 3112 2154 Οὐκοῦν
3166 2102 3494 2166 ἀναστάντες
3546 2104 3639 2157 καὶ

2058 2195 2221 2264 ἡμεῖς
2249 2193 2312 2244 ἐκ
2351 2191 2450 2262 τῆς
2477 2191 2586 2246 τῶν
2609 2191 2783 2260 λόγων
2812 2191 3016 2255 ἁλείας,
3052 2193 3152 2264 qr";
3179 2193 3258 2263 τῷ
3289 2194 3436 2265 ἄρτῳ
3469 2211 3640 2264 προσ·

2057 2285 2375 2356 δράμωμεν,
2418 2283 2477 2337 δν
2519 2283 2939 2352 καταγλυκαίνει
2978 2284 3038 2337 τὸ
3073 2285 3264 2358 κηρίον
3300 2285 3399 2354 τῆς
3427 2286 3639 2356 ἀγαθῆς

2058 2377 2292 2441 ἐλπίδος,
2322 2379 2379 2430 ὲν
2401 2375 2622 2448 Χριστῷ
2659 2375 2832 2446 Ἰησοῦ
2853 2376 2932 2447 τῷ
2955 2377 3145 2448 Κυρίῳ
3167 2377 3346 2448 ἡμῶν,
3446 2378 3481 2448 ἠ
3511 2378 3640 2444 δόξα

2060 2471 2154 2526 καὶ
2181 2471 2242 2524 τὸ
2285 2471 2485 2542 κράτος
2517 2473 2613 2525 σὺν
2636 2469 2713 2540 τῷ
2739 2467 2914 2539 Harp!
2940 2469 3034 2522 καὶ
3061 2467 3136 2538 τῷ
3167 2469 3305 2538 ἁγίῳ
3337 2468 3632 2539 Πνεύματι,

2058 2565 2153 2620 νῦν
2179 2565 2272 2620 κα)⁸
2301 2565 2388 2619 ἀεὶ
2422 2565 2515 2618 καὶ
2543 2565 2622 2628 είς
2648 2563 2772 2625 τοὺς
2801 2561 3003 2625 αἰῶνας
3039 2560 3146 2614 τῶν
3178 2559 3405 2614 αἰώνων.
3441 2559 3630 2630 Ἀμήν.

2671 2674 2890 2728 ΛΟΓΟΣ
2933 2672 3009 2726 Β’.

2056 2791 2198 2862 Περὶ
2243 2790 2367 2862 τῆςί
2395 2786 2785 2862 ἀναστάᾳεως
2825 2787 2933 2862 τοῦ
2976 2785 3400 2862 Ιςιξρίομήσᾳῶν
3440 2784 3639 2862 Ἰησοῦ

2127 2856 2385 2932 Χριστοῦ
2411 2901 2425 2921 .
2475 2859 2572 2932 καὶ
2607 2859 2707 2932 γὸτι
2745 2857 2894 2932 κατὰ
2913 2858 3108 2932 μηδὲν
3141 2856 3434 2932 ἀλτίήλοις
3463 2857 3644 2908 ἐναν-

2129 2926 2434 2996 τῖωθέντες
2475 2931 2529 2982 ol
2559 2926 2974 2998 εὐαγγελιστιιὶ
2997 2969 3011 2998 ,
3055 2927 3348 2996 διαφόρως
3372 2926 3445 2998 Δτὰ
3481 2941 3642 2998 συμ-

2136 2995 2424 3068 ϐεϐηκότα
2455 2999 2529 3069 τῇ
2556 2995 2888 3054 ἀναστάσει
2915 2997 3022 3052 τοῦ
3059 2995 3440 3067 Ἐμμανουὴλ
3473 2995 3641 3049 lard-

1985 3097 2030 3156 ο
2127 3088 2350 3143 ρησαν.

2126 3184 2336 3247 Πάντες
2371 3183 2503 3252 μὲν,
2541 3181 2853 3252 ἀγαπητοὶ,
2901 3179 2978 3244 ὡς
3025 3182 3236 3243 εἰπεῖν,
3285 3176 3639 3246 ἀποδέχονται

2056 3277 2152 3348 τὴν
2181 3278 2238 3329 ὲν
2285 3277 2352 3346 τῇ
2390 3276 2640 3344 Κυριακῇ
2690 3271 2848 3326 νυκτὶ
2882 3271 3011 3342 παρ’
3053 3271 3208 3342 ἡμῶν
3256 3269 3638 3340 είσηγηθεῖσαν

2059 3365 2331 3438 ἁρμοδίως
2367 3363 2474 3418 τῶν
2525 3362 2683 3434 ίερῶν
2734 3359 3083 3429 Εὐαγγελίων
3120 3360 3421 3428 ἀνάγνωσιν
3447 3397 3460 3420 ,
3509 3356 3641 3426 περὶ

2056 3457 2157 3526 τῆς
2205 3454 2552 3516 ἀναστάσεως
2607 3451 2698 3504 τοῦ
2758 3451 2992 3522 μεγάλου
3055 3450 3190 3503 Θεοῦ
3244 3449 3338 3503 καὶ
3387 3449 3643 3519 Σωτῆρος

2057 3542 2215 3613 ἡμῶν
2259 3539 2434 3613 Ἰησοῦ
2467 3539 2724 3610 Χριστοῦ.
2760 3540 2917 3603 Τινὲς
2960 3538 3141 3610 μέντοι
3179 3540 3242 3592 τὸ
3290 3542 3386 3608 μὲν
3412 3537 3644 3607 ὠφελεῖ·

2059 3635 2180 3688 σθαι
2214 3633 2534 3705 ὁμολογοῦσι
2559 3647 2572 3662 ⁸
2611 3632 2940 3702 πυκνότερον
2971 3632 3027 3686 δέ
3060 3651 3178 3696 πως
3211 3630 3503 3703 ἀκροᾶσθαι
3552 3629 3641 3682 8o-

2057 3725 2301 3789 κοῦντες,
2333 3725 2694 3796 ταράττεσθαί
2718 3723 2993 3794 φασι,τῶν
3015 3720 3403 3792 εύαγγελιστῶν
3444 3718 3518 3790 μὴ
3560 3718 3639 3772 τὰ

2057 3820 2196 3874 αύτά
2218 3820 2485 3890 λεγόντων
2509 3822 2636 3892 περὶ
2660 3819 2754 3872 τοῦ
2777 3818 2940 3873 αὑτοῦ
2971 3819 3308 3890 πράγματος,
3339 3815 3444 3870 ἀλλ’
3475 3817 3641 3870 ὲνανο

2056 3910 2168 3974 τία,
2190 3911 2282 3964 καὶ
2310 3911 2400 3964 τὸν
2426 3910 2700 3980 ἀκροατὴν
2729 3909 2927 3979 μᾶλλον
2977 3909 3114 3979 πρὸς
3153 3907 3252 3978 τὴν
3277 3905 3526 3961 ἀπιστίαν
3557 3907 3644 3959 ὲν-

2058 4004 2319 4073 αγόντων.
2367 4003 2486 4056 Τίνι
2525 4002 2634 4073 γὰρ
2666 4001 3020 4064 πιστευτέον;
3062 4000 3322 4069 Ματθαίῳ
3373 3998 3646 4068 γράφοντι

2057 4095 2155 4164 τὴν
2178 4095 2470 4149 ἀνάστασιν
2503 4094 2598 4163 ὀψὲ
2628 4093 2953 4163 γεγενῆσθαι
2982 4091 3273 4145 Σαὸϐάτων
3294 4132 3308 4157 ,
3340 4092 3373 4163 ἢ
3417 4090 3646 4162 Ἰωάννῃ

2057 4187 2224 4240 ταύτὸ
2250 4185 2408 4239 τοῦτο
2431 4185 2830 4255 συμϐεϐηκέναι
2882 4183 3026 4253 πρωῒ
3063 4183 3143 4236 ἔτι
3186 4183 3403 4246 σκοτίας
3445 4181 3644 4250 οὔσης,

2061 4279 2402 4348 ίστορηκότι,
2433 4277 2465 4345 ἢ
2521 4278 2704 4347 Λουκᾷ
2747 4276 2839 4329 καὶ
2868 4276 3116 4346 Μάρκῳο
3151 4275 3228 4346 τῷ
3289 4274 3387 4345 μὲν
3441 4274 3648 4345 ὄρθρον

2063 4363 2230 4433 βαθὺν
2253 4401 2268 4425 ,
2295 4363 2374 4432 τῷ
2401 4363 2456 4416 δὲ
2501 4364 2761 4434 ἀνατολὴν
2799 4363 2947 4435 ήλίου
2996 4363 3088 4416 τὸν
3114 4365 3276 4417 αὐτὸν
3308 4363 3492 4434 καιρὸν
3526 4364 3649 4416 ὀνο-

388 4455 474 4508 hic
497 4461 679 4508 ortum
708 4457 862 4521 solis,
902 4456 993 4512 ille
1015 4458 1343 4527 profundum
1375 4461 1677 4516 diluculum
1709 4464 1959 4517 eumdem

2068 4455 2337 4526 μάσαντι;
2375 4455 2514 4524 Πρὸς
2551 4451 2644 4508 οὖν
2672 4456 2770 4526 τὴν
2802 4454 2894 4510 τοῦ
2939 4456 3293 4527 ὑποκειμένου
3319 4455 3529 4526 προΰλή
3542 4474 3650 4525 μαι

385 4548 674 4603 articulum
694 4549 1102 4620 temporis,quo
1123 4549 1214 4604 illa
1232 4553 1580 4620 contigerint,
1624 4554 1964 4610 nominavit?

386 4639 466 4694 Ad
531 4640 858 4697 solutionem
905 4640 1069 4708 igitur
1098 4641 1364 4708 propositi
1391 4642 1564 4706 dubii,
1616 4643 1964 4714 aliarumque

387 4727 535 4784 circa
579 4729 968 4784 scrutationem
1007 4728 1281 4782 dictorum
1307 4730 1669 4785 exorientium
1704 4734 1962 4799 quaestio-

389 4836 541 4886 num,
569 4822 798 4877 excitari
827 4836 950 4888 nos,
979 4820 1396 4886 licetiniirmos,
1420 4835 1452 4876 a
1496 4820 1624 4886 Deo,
1659 4822 1751 4892 qui
1777 4838 1962 4878 resur-

388 4911 549 4973 rexit,
571 4923 627 4967 et
674 4913 888 4982 planam
919 4911 1177 4968 adhibere
1228 4913 1730 4984 interpretationem
1795 4929 1961 4985 Opor-

387 5008 487 5057 tet.
516 5001 730 5055 Etenim
757 5018 882 5056 eum
916 5002 1008 5071 qui
1051 5018 1237 5058 semen
1266 5002 1515 5059 lectionis
1547 5003 1766 5074 dejecit,
1815 5019 1965 5060 eam-

387 5105 498 5162 que
549 5088 606 5144 in
641 5090 870 5148 auribus
922 5093 1304 5149 universorum
1356 5095 1582 5164 sparsit,
1617 5111 1832 5168 requum
1877 5105 1963 5151 est

389 5182 517 5238 inde
557 5197 778 5252 quoque
829 5192 1076 5238 ortarum
1111 5186 1474 5254 quaestionum
1529 5187 1755 5244 reddere
1807 5191 1965 5244 ratio-

389 5290 539 5329 nem.
579 5272 694 5328 Hoc
728 5275 914 5344 itaque
944 5275 1125 5331 facere
1159 5277 1349 5344 etiam,
1374 5285 1536 5347 atque
1564 5294 1630 5332 ex
1661 5279 1768 5333 illis
1806 5279 1961 5348 ipsis,

389 5381 512 5434 quae
567 5381 732 5435 super
787 5366 873 5422 his
947 5366 1260 5424 dubitantes
1331 5369 1612 5433 dicebant,
1698 5369 1960 5424 rationem

391 5455 594 5513 inferre
621 5459 880 5514 conabor.
917 5459 1100 5528 Neque
1149 5461 1294 5515 enim
1344 5461 1489 5516 sacri
1546 5459 1961 5529 Evangeliorum

392 5549 714 5617 scriptores,
775 5551 858 5605 vel
905 5553 1110 5620 vesperi
1177 5553 1564 5617 Sabbatorum,
1626 5552 1710 5606 vel
1766 5550 1961 5620 majori

396 5650 545 5709 parte
573 5642 749 5696 noctis
781 5644 1071 5712 praeterita,
1105 5643 1188 5697 vel
1219 5643 1458 5697 diluculo
1489 5659 1700 5704 rursus,
1739 5641 1817 5695 vel
1841 5652 1963 5709 post

395 5731 591 5789 solaris
618 5733 752 5788 radii
804 5751 1098 5803 emersum,
1155 5736 1522 5792 resurrexisse
1555 5734 1845 5790 Dominum
1875 5733 1960 5788 di-

2062 4565 2152 4610 τος
2178 4545 2348 4609 λύσιν,
2377 4545 2598 4600 καὶτῶν
2627 4547 2801 4601 ἄλλων
2839 4548 2948 4602 τῶν
2973 4547 3112 4600 κατά
3134 4547 3232 4618 τὴν
3259 4548 3504 4614 ἐξέτασιν
3531 4548 3651 4601 τῶν

2063 4637 2242 4709 ῥητῶν
2267 4638 2654 4707 ἀναφυομένων
2683 4637 2978 4709 ζητήσεων,
3011 4639 3350 4710 διεγερθῆναι
3383 4640 3458 4691 δεῖ
3483 4639 3656 4710 παρά

2061 4729 2156 4782 τοῦ
2199 4728 2529 4792 ἀναστάντος
2561 4729 2716 4795 Θεοῦ,
2752 4731 2952 4802 καίπερ
2983 4730 3228 4794 ἀσθενεῖς
3265 4731 3419 4791 ὄντας
3448 4731 3612 4798 ἡμᾶς
3633 4769 3650 4790 .

2063 4819 2158 4871 καὶ
2195 4820 2295 4888 τὴν
2324 4819 2618 4890 ἑρμηνείαν
2655 4820 3003 4890 παραστῆσαι
3038 4822 3204 4892 σαφῆ.
3236 4820 3341 4874 Καὶ
3366 4819 3466 4888 γὰρ
3516 4823 3548 4872 ὁ
3589 4821 3656 4873 τὸ

2067 4911 2286 4981 σπέρμα
2308 4911 2407 4981 τῆς
2435 4909 2790 4980 ἀναγνώσεως
2814 4912 3252 4984 καταϐαλόμενος
3275 4951 3289 4974 ,
3321 4914 3410 4965 καὶ
3431 4913 3657 4982 ταύτην

2067 5002 2340 5066 πλατύνας
2374 5004 2430 5056 ὲν
2464 5005 2581 5066 ταῖς
2615 5004 2869 5058 ἁπάντων
2897 5005 3088 5068 ἀκοαῖς
3114 5046 3128 5069 ,
3157 5003 3361 5066 δίκαιός
3399 5005 3522 5055 ἐστι
3554 5004 3657 5056 καὶ

2063 5093 2172 5146 τῶν
2202 5092 2414 5160 φύντων
2442 5093 2689 5148 ἐντεῦθεν
2709 5095 3079 5166 ἐρωτημάτων
3108 5095 3392 5149 ἀποδοῦναι
3431 5093 3532 5148 τὸν
3560 5094 3652 5147 λό-

2066 5201 2182 5251 γον.
2212 5183 2382 5237 Τοῦτο
2401 5185 2463 5255 δὴ
2497 5186 2590 5238 καὶ
2629 5188 2849 5257 ποιῆσαι
2885 5189 3238 5260 πειράσομαι,
3271 5188 3329 5252 ἐξ
3357 5186 3544 5240 αὐτῶν
3573 5181 3649 5241 ὧν

2066 5277 2113 5328 οἱ
2152 5275 2592 5344 ὲπαπορήσαντες
2623 5275 2826 5346 ἔφασαν
2855 5276 2952 5347 τὴν
2977 5277 3129 5330 λύσιν
3167 5277 3478 5344 ἐπαγαγεῖν.
3508 5275 3645 5328 Οὒδὲ

2065 5367 2174 5435 γάρ
2200 5362 2352 5420 εἷπον
2386 5369 2433 5419 οἱ
2461 5367 2567 5420 τῶν
2607 5369 2951 5437 Εὑαγγελίων
2983 5371 3118 5440 [spot
3154 5370 3485 5438 συγγραφεῖς
3505 5406 3520 5428 ,
3547 5365 3640 5435 ὀῷὲ

2065 5457 2377 5521 Σαϐϐάτων,
2414 5457 2446 5527 ἢ
2479 5461 2865 5530 παρῳχηκότος
2893 5461 2986 5513 τοῦ
3021 5461 3264 5522 πλείονος
3300 5460 3396 5528 τῆς
3428 5458 3636 5518 νυκτὸς,

2067 5551 2098 5621 ἢ
2123 5550 2317 5622 ὄρθρου
2344 5550 2523 5615 πάλιν,
2555 5551 2586 5618 ἢ
2616 5553 2751 5621 μετὰ
2782 5552 2878 5621 τὴν
2911 5555 3009 5621 τῆς
3038 5552 3268 5624 ἡλιακῆς
3303 5554 3514 5611 ἀκτῖνος
3555 5548 3630 5618 βο-

2065 5641 2160 5712 λήν
2193 5641 2486 5712 ὲγηγέρθαι
2515 5643 2605 5694 τὸν
2638 5643 2842 5712 Κύριον
2865 5662 2876 5675 ο
2907 5643 3054 5696 οὕτω
3091 5643 3199 5714 γὰρ
3223 5642 3288 5696 ἂν
3327 5639 3640 5700 ἐναντίωσις

2064 5731 2152 5804 ἦν,
2186 5734 2247 5787 τὸ
2275 5733 2333 5788 ἒν
2369 5737 2596 5806 πρᾶγμα
2639 5736 2747 5790 τῶν
2782 5736 3238 5808 συγγεγραφότων
3275 5735 3371 5805 οὐχ
3398 5733 3470 5786 ἐνὶ
3503 5730 3647 5799 μᾶλα
