3930 6210
233 364 332 423 6'29

1127 359 1199 417 IN
1232 361 1514 421 CHRISTI
1551 362 2190 431 RESURRECTIONEM
2226 373 2433 430 ORAT.
2474 374 2534 430 Ii.

3387 377 3504 431 6317

232 486 332 551 λον,
364 483 486 541 ἀλλ’
512 483 572 538 ιν
598 481 879 555 διαφόροις
904 481 1307 555 ίστορησάντων
1329 484 1657 557 γεγενῆσθαι
1686 504 1812 541 και-

1922 502 2134 548 xerunt.
2173 492 2265 549 Sic
2297 493 2443 548 enim
2482 492 2848 548 contrarietas
2892 500 3061 559 esset,
3099 493 3144 548 si
3181 510 3350 549 unum
3384 492 3498 550 fac-

229 579 337 652 ροτξ
367 594 385 611 ο
424 576 562 632 ἀλλά
610 575 714 640 τὰς
762 576 1032 645 γυναῖκας
1079 574 1327 649 ἔγραψαν
1349 617 1365 642 ,
1408 576 1596 632 ἄλλοτε
1642 578 1820 643 άλλως

226 667 730 741 ἐπιπαραγενέσθαι
774 666 856 738 τῷ
899 666 1086 739 τάφῳ,
1117 666 1213 721 καὶ
1261 668 1324 722 ού
1365 669 1507 724 κατά
1535 669 1628 723 τὸν
1659 670 1820 725 αὐτὸν

224 759 421 830 καιρόν
440 776 455 789 ο
486 757 605 822 πιῖις
637 757 751 828 γὰρ
777 760 877 821 τάς
913 757 1185 830 διαφόρως
1218 757 1478 823 ἐλθούσας
1501 799 1517 825 ,
1554 760 1735 826 πάσας
1762 762 1820 815 δὲ

221 853 425 926 ὁμοίως
450 852 746 923 ἀκηκοέναι
773 850 926 925 παρά
948 849 1058 905 τῶν
1080 849 1330 920 ἀγγέλων
1356 853 1485 924 περὶ
1510 851 1605 906 τοῦ
1646 852 1821 924 Σωτῆο

222 962 345 1017 ρος,
371 946 463 998 ὅτι
502 940 775 1014 Ἠγέρθη,
806 942 919 996 οὐκ
944 939 1119 995 ἐστιν
1143 933 1295 1005 ὧδε,
1325 941 1399 1012 μὴ
1428 942 1822 1013 προστεθέντος

220 1034 314 1090 τοῦ
344 1034 505 1099 πότις
530 1033 610 1098 ὡς
655 1033 775 1087 κατ’
830 1032 1049 1102 ίκείνην
1099 1030 1200 1102 μὲν
1244 1031 1689 1103 ὁμολογουμένως
1723 1034 1818 1088 καὶ

222 1126 532 1201 συμφώνως
561 1126 662 1198 τὴν
699 1124 850 1179 θείαν
888 1122 1061 1179 νύκτα
1089 1125 1190 1196 τῆς
1227 1123 1576 1188 ἀναστάσεως
1596 1124 1820 1197 γενομέ-

223 1238 355 1292 νηςο
420 1220 651 1291 μηδενὸς
695 1218 756 1271 δὲ
806 1218 906 1288 τὴν
943 1214 1094 1287 ὥραν
1147 1214 1628 1287 ὲπισημηναμένου
1654 1255 1670 1277 ,
1716 1217 1817 1288 τὴν

224 1312 393 1367 Ιπᾶσιν
430 1310 735 1379 ἄγνωστον,
768 1307 909 1380 πλὴν
929 1306 1026 1361 τοῦ
1056 1305 1387 1372 ἀναστάντος
1415 1306 1572 1369 Θεοῦ,
1606 1307 1816 1362 καὶτοῦ

226 1401 444 1474 Πατρός
472 1400 570 1454 τσιῦ
600 1399 765 1472 μόνου
794 1396 1154 1468 γινώσκοντος
1196 1397 1340 1453 οὕτω
1383 1398 1476 1454 τὸν
1521 1398 1650 1454 Υἱδν
1675 1438 1692 1467 ,
1738 1399 1817 1465 ὡς

225 1493 390 1557 αὐτὸς
428 1492 699 1560 εγνωσται
721 1490 801 1562 τῷ
831 1490 1095 1563 Πατρὶ....
1122 1491 1235 1547 Καὶ
1254 1489 1349 1545 τοῦ
1381 1489 1698 1563 Πνεύματος
1719 1490 1814 1546 τοῦ

226 1584 408 1640 πάντα
444 1582 776 1655 ὲρευνῶντος
798 1623 814 1646 ,
835 1583 930 1636 καὶ
953 1580 1022 1636 τά
1048 1580 1187 1654 βάθη
1216 1581 1313 1636 τοῦ
1345 1581 1503 1637 Θεοῦ.
1537 1582 1817 1647 Ματθατος

224 1676 337 1747 γὰρ
390 1674 495 1746 εφη
549 1674 764 1745 Μαρίαν
803 1672 903 1744 τὴν
940 1672 1303 1743 Μαγδαληνὴν
1356 1674 1454 1727 καὶ
1500 1672 1600 1746 τὴν
1648 1673 1816 1745 ἄλλην

225 1766 453 1838 Μαρίαν
473 1766 573 1835 ὀψὲ
615 1765 911 1821 Σαϐϐάτων
959 1765 1054 1821 ἐπὶ
1081 1765 1181 1837 τὴν
1207 1763 1336 1819 θέαν
1371 1764 1688 1835 ἐληλυθέναι
1717 1765 1814 1819 τοῦ

1922 590 2059 644 tum,
2086 597 2195 638 non
2231 583 2285 636 in
2315 597 2425 636 uno
2454 582 2658 652 potius,
2688 582 2782 638 seti
2808 582 2860 635 in
2887 581 3122 639 diversis
3150 584 3506 654 temporibus

1920 672 2187 729 accidisse
2235 674 2544 744 scriptores
2597 675 2877 730 memoriae
2932 675 3328 746 prodidissent.
3383 674 3503 731 Sed

1921 763 2183 820 mulieres
2217 765 2596 837 scripserunt,
2625 767 2734 821 alio
2772 775 3018 837 tempore
3046 767 3185 824 alias
3212 768 3279 826 ad
3314 769 3497 839 sepul-

1918 871 2072 912 crum
2102 857 2341 922 venisse,
2373 867 2429 915 et
2469 875 2577 915 non
2606 860 2752 915 circa
2782 859 3034 916 eumdem
3065 862 3327 931 temporis
3359 860 3496 916 arti-

1918 949 2127 1015 culum,
2160 950 2457 1021 (quomodo
2488 952 2635 1008 enim
2682 966 2795 1017 eas,
2826 968 2947 1022 quae
2975 952 3211 1009 diversis
3237 951 3498 1024 tempori-

1916 1040 2019 1096 bus
2054 1044 2388 1117 venerunt?)
2438 1060 2629 1101 omnes
2661 1059 2790 1100 vero
2823 1044 3079 1100 similiter
3106 1045 3387 1101 audivisse
3429 1044 3498 1099 ab

1917 1132 2131 1202 angelis
2159 1131 2227 1188 de
2259 1130 2572 1200 Servatore,
2622 1130 2889 1197 Surrexit,
2916 1149 3017 1188 non
3052 1143 3130 1188 est
3166 1132 3250 1187 hic
3288 1132 3305 1163 ⁸
3337 1149 3350 1185 :
3386 1146 3497 1185 non

1917 1222 2133 1291 adjecto
2186 1224 2425 1295 quando.
2452 1224 2622 1293 Quasi
2655 1224 2709 1279 in
2735 1225 2829 1280 illa
2887 1225 3073 1281 divina
3101 1231 3260 1280 nocte
3289 1222 3499 1292 absque

1917 1312 2320 1379 controversia,
2371 1323 2427 1370 et
2488 1315 2543 1369 in
2577 1315 2683 1370 hoc
2712 1314 2970 1371 omnibus
3026 1312 3501 1370 consentientibus

1916 1404 2251 1459 resurrectio
2307 1404 2524 1474 quidem
2577 1405 2860 1471 acciderit,
2915 1420 3076 1461 nemo
3126 1419 3258 1461 vero
3303 1404 3501 1458 horam

1916 1498 2211 1565 notaverit,
2235 1513 2359 1569 qum
2410 1497 2666 1553 omnibus
2723 1500 2906 1569 ignota
2935 1506 3075 1563 erat,
3136 1506 3505 1568 praeterquam

1915 1604 2041 1644 cum
2080 1588 2211 1655 Deo,
2273 1590 2368 1660 qui
2412 1589 2735 1653 resurrexit,
2773 1596 2888 1644 tum
2931 1586 3105 1653 Patri,
3133 1588 3225 1658 qui
3248 1587 3400 1642 solus
3425 1585 3502 1640 ita

1917 1682 2100 1737 noscit
2130 1681 2351 1747 Filium,
2402 1690 2462 1736 ut
2514 1682 2631 1752 ipse
2665 1682 2919 1752 cognitus
2956 1689 3041 1737 est
3092 1696 3123 1735 a
3150 1680 3329 1735 Filio:
3383 1687 3501 1732 tum

1919 1773 2171 1844 Spiritui,
2203 1775 2294 1845 qui
2327 1774 2511 1829 omnia
2538 1781 2841 1839 scrutatur,
2879 1773 3043 1827 etiam
3098 1771 3505 1842 profunditates

224 1857 443 1928 τάφουο
489 1858 706 1927 σεισμόν
753 1874 813 1910 τε
855 1855 1187 1926 γεγενῆσθαι
1223 1854 1397 1927 μέγαν
1423 1872 1437 1887 ·
1484 1855 1716 1925 ἄγγελον
1754 1856 1813 1911 δὲ

1922 1842 2035 1921 Dei.
2066 1842 2348 1920 Mattlueus
2375 1866 2521 1920 enim
2552 1865 2687 1919 dixit
2718 1866 2739 1897 ³
2775 1864 3001 1918 Mariam
3034 1861 3409 1934 Magdalenant
3448 1869 3504 1915 et

227 1945 664 2018 teat46t6qxévat
706 1946 767 2011 se
795 1945 1066 2018 ούρανοῦ,
1103 1945 1166 1999 τὸ
1215 1946 1314 2017 μὲν
1358 1941 1499 2011 εἶδος
1525 1948 1811 2019 ἀστραπῇ,

226 2038 371 2110 χιόνι
395 2038 456 2093 δὲ
477 2039 579 2111 τὴν
604 2038 797 2111 στολὴν
820 2037 1225 2109 παραπλήσιον·
1248 2038 1334 2093 ἵνα
1363 2038 1444 2111 τῷ
1477 2038 1574 2110 μὲν
1597 2039 1814 2112 φοὸερῷ

228 2130 556 2204 καταπλήεῃ
586 2132 714 2195 τοὺς
740 2130 986 2199 φύλακας
1028 2130 1101 2200 (οἶ
1130 2130 1222 2183 καὶ
1241 2130 1340 2201 τὴν
1366 2129 1496 2186 θέαν
1523 2131 1625 2185 ούκ
1656 2132 1813 2201 ἐνεγ-

229 2230 451 2296 κόντες,
497 2227 698 2301 μικροῦ
731 2226 826 2281 καὶ
863 2225 1147 2282 ἀπώλοντο
1198 2225 1565 2289 καταστάντες
1601 2224 1681 2297 τῷ
1702 2226 1814 2280 δέει

227 2323 464 2389 νεκροὶὶ,
503 2319 582 2391 τῷ
615 2318 824 2392 φαιδρῷ
847 2319 906 2373 δὲ
932 2316 1370 2389 προσκαλέσηται
1400 2316 1498 2382 τὰς
1525 2319 1812 2385 γυναῖκας,

228 2413 325 2467 καὶ
352 2417 558 2484 θάρσος
586 2412 862 2484 ἐμποιήσῃ
899 2412 1019 2475 ταῖς
1050 2410 1150 2481 τὴν
1183 2409 1344 2478 φύσιν
1376 2409 1693 2480 εύπτοήτοις
1718 2409 1815 2464 καὶ

226 2505 465 2570 δειλαῖς,
498 2505 593 2558 καὶ
633 2503 733 2575 τὴν
768 2503 1062 2571 ἀνάστασιν
1110 2500 1176 2554 δι’
1210 2500 1376 2556 αὐτοῦ
1412 2499 1507 2554 τοῦ
1538 2500 1815 2572 σχήματος

225 2595 528 2669 ἀναγγείλῃ
560 2593 892 2668 περιχαρῶς.
931 2594 1083 2647 ἐπεὶ
1112 2593 1206 2646 καὶ
1241 2590 1447 2646 τούτων
1502 2591 1664 2663 χάριν
1702 2591 1813 2645 ἀπ-

227 2682 597 2739 έσταλτο.Τδν
624 2683 735 2756 γὰρ
764 2681 913 2737 λίθον
943 2681 1298 2747 ἀποκυλίσας,
1321 2673 1480 2753 εὗρεν
1508 2680 1815 2752 ἐγηγερμέ-

227 2791 314 2828 νον
355 2774 459 2828 τὸν
495 2774 700 2846 Κύριον
721 2815 738 2841 ,
771 2772 1160 2844 κεκλεισμένον
1197 2771 1291 2827 τὸν
1312 2771 1485 2842 τάφον
1508 2812 1525 2836 ,
1571 2760 1665 2827 καὶ
1694 2774 1816 2836 ταῖς

228 2867 495 2938 σφραγῖσι
549 2863 1060 2935 κατησφαλισμένον
1090 2904 1107 2929 ,
1172 2862 1267 2916 ml.
1315 2866 1383 2935 τῇ
1448 2865 1845 2940 στρατιωτικῇ,

230 2956 450 3027 φρουρᾷ
485 2954 944 3025 πεφυλαγμένον,
986 2953 1319 3009 ἀπολιπόντα
1355 2952 1710 3025 θεοπρεπῶς,
1755 2953 1815 3008 ὃν

226 3049 432 3120 τρόπον
454 3049 552 3103 καὶ
580 3046 691 3102 τῶν
714 3046 894 3119 θυρῶν
919 3046 1321 3119 κεκλεισμένων
1353 3047 1484 3101 εἵσω
1508 3048 1603 3102 τοῦ
1634 3050 1817 3121 δωμα-

1919 1957 2084 2013 aliam
2147 1957 2372 2012 Mariam
2416 1958 2627 2028 vesperi
2678 1954 3047 2012 Sabbatorum
3094 1951 3392 2009 venissead
3426 1950 3507 2005 vi-

1918 2050 2156 2106 dendum
2197 2051 2510 2120 sepulcrum
2547 2067 2560 2102 :
2612 2055 2774 2104 terrae
2803 2054 3010 2101 motum
3065 2051 3247 2099 autem
3299 2041 3506 2097 factum

1918 2156 2044 2196 esse
2071 2156 2327 2210 tnaguum
2360 2156 2373 2193 :
2402 2147 2568 2210 atque
2600 2139 2852 2210 angelum
2871 2136 2939 2193 de
2965 2136 3107 2192 coelo
3133 2131 3507 2196 descendisse.

1919 2232 2081 2302 cujus
2116 2240 2374 2302 aspectus
2406 2231 2623 2302 quidem
2653 2229 2877 2301 fulguri,
2903 2228 3043 2284 stola
3069 2241 3197 2282 vero
3220 2225 3332 2280 nivi
3360 2225 3505 2279 haud

1918 2320 2207 2376 dissimilis
2242 2320 2428 2388 fuerit,
2486 2327 2547 2374 ttt
2601 2319 2723 2390 ipso
2780 2315 3012 2373 terribili
3050 2315 3273 2387 quidem
3317 2313 3505 2368 habitu

1919 2410 2371 2483 perterrefacerct
2422 2410 2703 2474 custodes,
2742 2409 2836 2480 qui
2890 2410 3057 2466 etiam
3123 2421 3230 2461 non
3269 2404 3507 2461 ferentes

1920 2499 2208 2568 visionem,
2235 2498 2428 2571 parum
2451 2502 2626 2556 abfuit
2658 2502 2791 2572 quin
2846 2501 3109 2572 perirent,
3141 2497 3341 2554 mortui
3379 2496 3508 2551 lacti

1918 2600 2065 2646 metu
2099 2609 2113 2647 :
2141 2591 2382 2648 candore
2420 2607 2551 2648 vero
2582 2593 2838 2648 invitaret
2868 2591 3222 2656 mulieres,et
3248 2589 3503 2644 ﬁduciam

1918 2682 2171 2753 injiceret
2214 2690 2411 2739 natura
2458 2684 2666 2741 timidis
2715 2699 2781 2739 ac
2826 2682 3224 2747 formitlolosis,
3254 2695 3511 2737 resurre-

1919 2775 2266 2845 ctionemque
2300 2790 2397 2844 per
2418 2771 2608 2847 ipsum
2647 2775 2893 2830 habitum
2920 2789 3046 2830 cum
3073 2772 3280 2846 ingenti
3325 2772 3528 2826 la-titiau

1919 2865 2291 2919 annuntiaret.
2333 2862 2429 2920 His
2466 2863 2610 2918 enim
2638 2862 2707 2918 de
2739 2863 2923 2919 causis
2952 2865 3158 2919 missus
3199 2869 3338 2917 erat.
3368 2859 3527 2915 Cum-

1919 2957 2067 3013 enim
2092 2956 2327 3029 lapidem
2382 2957 2736 3022 revolvisset,
2762 2957 2965 3027 reperit
2985 2954 3358 3011 resurrexisse
3394 2953 3505 3008 Do-

1922 3048 2155 3114 minum,
2207 3048 2467 3118 sepulcro
2496 3048 2642 3119 quod
2674 3048 2869 3119 sigillis
2900 3046 3174 3102 mttnitum
3208 3044 3408 3110 fuerat,
3446 3058 3532 3097 ac'

226 3142 342 3196 τίου
371 3139 674 3211 γενόμενος
714 3142 828 3202 τοῖς
880 3139 1152 3211 μαθηταῖς
1197 3139 1545 3212 έπεφοίτησε.
1593 3141 1684 3195 Διὸ
1721 3142 1816 3195 καὶ

1924 3138 2178 3211 prmsidio
2208 3139 2442 3195 militum
2486 3140 2921 3206 custodiebatur,
2962 3140 3107 3197 sicut
3136 3137 3303 3193 Deum
3350 3140 3513 3190 dece-

230 3232 452 3301 ελεγεν·
490 3231 616 3285 οὐκ
657 3230 831 3285 ἔστιν
866 3224 1019 3294 ὦδε,
1060 3230 1201 3285 ἀλλ’
1235 3229 1458 3300 ἠγέρθη
1483 3247 1498 3262 ο
1542 3232 1764 3303 μηνύων
1790 3233 1817 3286 ό

1926 3233 2043 3297 bat,
2075 3233 2265 3288 clauso
2295 3232 2511 3295 relicto,
2560 3230 3020 3302 quemadmodum
3066 3227 3270 3284 clausis
3293 3239 3531 3296 quoque-

233 3322 463 3392 ἄγγελος
501 3321 605 3392 τῆς
629 3321 834 3387 οἰκείας
862 3321 1101 3393 ἀφίξεως
1132 3321 1821 3395 προτεθαυματουργῆσθαι

232 3414 329 3485 τὴν
355 3412 457 3468 τοῦ
482 3413 746 3485 Σωτῆρος
772 3412 1087 3478 ἀνάστασιν,
1112 3413 1179 3484 ἢν
1206 3411 1284 3476 ῶς
1311 3412 1444 3474 Θεὸς
1470 3413 1577 3485 ίδίᾳ
1595 3414 1819 3483 δυνάμει

236 3506 532 3579 πληρώσας
554 3545 570 3572 ,
605 3505 706 3577 τὴν
753 3504 1067 3576 οἰκονομίαν
1114 3506 1418 3576 ἐνήργησεν
1450 3544 1466 3569 ,
1520 3504 1820 3577 ἀγγελικῆς

237 3598 558 3670 συμμαχίας
604 3599 667 3652 οὐ
698 3597 933 3669 δεηθείς.
967 3598 1031 3651 Ei
1063 3596 1173 3668 γάρ
1205 3595 1367 3651 τοῦτο
1415 3598 1490 3670 μὴ
1527 3594 1595 3671 ἦν
1615 3638 1630 3663 ,
1665 3592 1818 3654 εἷπεν

234 3688 327 3754 ἂν,
369 3689 503 3743 Ἰδοὺ
539 3671 833 3761 ἐγείρεται,
861 3687 1037 3758 δηλῶν
1061 3687 1123 3742 τὸ
1161 3688 1479 3761 παραυτίκα
1504 3689 1814 3762 γινόμενον·

235 3779 431 3851 ἐπειδὴ
469 3779 529 3833 δι
558 3780 909 3852 προεγεγόνει
933 3779 1012 3852 τῷ
1043 3780 1441 3854 παρεληλυθότι
1469 3781 1645 3855 χρόνῳ
1684 3800 1821 3856 χρη·

237 3871 479 3941 οάμενος
498 3912 515 3937 ,
542 3871 740 3944 ἱφησεν
758 3889 773 3903 ·
812 3874 936 3927 Οὐκ
965 3873 1139 3927 ἐστιν
1160 3866 1299 3940 ὦδε,
1328 3873 1465 3928 ἀλλ’
1489 3874 1731 3943 ἠγέρθη.

1919 3323 2108 3394 januis
2139 3333 2437 3394 penetrans
2490 3322 2547 3377 in
2596 3322 2937 3377 domicilium
2972 3320 3042 3376 ad
3071 3319 3376 3390 discipulos
3416 3332 3512 3373 ac-

1922 3416 2111 3471 cessit.
2146 3412 2329 3481 Quare
2378 3412 2544 3469 etiam
2599 3413 2815 3469 dicebat
2845 3432 2859 3469 :
2899 3411 3021 3466 Non
3038 3420 3117 3467 est
3143 3412 3250 3473 hic,
3275 3408 3370 3466 sed
3396 3425 3515 3464 sur-

1923 3507 2063 3563 rexit
2108 3521 2129 3562 :
2163 3504 2485 3577 signiﬁcans
2531 3506 2761 3577 angelus
2825 3511 2953 3561 ante
3008 3519 3171 3560 suum
3215 3502 3531 3557 adventum-

1920 3603 2319 3659 admirabiliter
2354 3601 2627 3658 accidisse
2674 3598 3130 3654 resurrectionem
3177 3591 3510 3660 Servatoris,

1923 3710 2087 3766 quam
2116 3702 2175 3750 ut
2196 3693 2341 3751 Deus
2372 3692 2594 3765 propria
2623 3691 2824 3747 virtute
2850 3702 3167 3760 exsequens
3185 3686 3241 3740 in
3276 3684 3366 3751 iis,
3391 3701 3517 3754 quae

1925 3788 2195 3858 disposita
2248 3800 2314 3841 ae
2371 3784 2645 3841 destinata
2687 3790 2881 3846 erant,
2929 3778 3253 3851 pangendis
3300 3777 3511 3832 nullum

1927 3878 2246 3949 angelorum
2285 3876 2552 3932 auxilium
2579 3872 2933 3931 desideravit.
2969 3869 3087 3927 Nisi
3129 3870 3277 3927 enim
3308 3867 3413 3924 boe
3436 3866 3512 3922 ita

233 3968 420 4026 esset,
446 3960 671 4016 dixisset
702 3980 718 4017 :
753 3960 897 4017 Ecce
941 3961 1198 4033 resurgit,
1227 3961 1545 4033 signiﬁcans
1567 3964 1645 4032 id,
1673 3965 1822 4037 quod
1860 3967 2048 4024 statim
2083 3968 2275 4036 ﬁeret;
2330 3967 2426 4025 sed
2456 3968 2716 4040 quoniam
2763 3975 2891 4023 ante
2950 3963 3151 4020 factum
3192 3970 3334 4030 erat,
3374 3976 3516 4036 prav

230 4053 409 4110 serito
448 4060 687 4123 tempore
724 4053 1059 4111 utensdixit
1088 4072 1101 4109 :
1135 4053 1259 4110 Non
1287 4065 1366 4111 est
1400 4056 1508 4123 hic,
1532 4057 1630 4113 sed
1676 4061 1930 4116 surrexit.

304 4148 490 4201 Κάκεῖ
508 4147 567 4201 δὲ
588 4147 656 4202 έκ
680 4146 872 4203 τούτου
892 4146 1166 4203 δείκνυται
1193 4148 1400 4219 σαφῶς,
1416 4149 1495 4214 ῶς
1522 4152 1571 4204 oi
1601 4150 1829 4206 ἀπόστο·

227 4237 317 4290 λοι
343 4235 706 4309 κηρύττοντες
748 4237 811 4290 τὸ
837 4237 1168 4306 Εὐαγγέλιον
1191 4276 1208 4303 ,
1256 4237 1442 4308 ἔλεγον
1467 4239 1561 4293 τὸν
1592 4241 1827 4313 Χριστὸν

229 4329 538 4402 ἑγηγέρθαι
574 4330 683 4384 ὑπὸ
706 4329 801 4384 τοῦ
854 4332 1070 4404 Πατρὸς
1088 4374 1103 4398 ,
1150 4331 1240 4386 διὰ
1289 4332 1351 4386 τὸ
1377 4331 1489 4386 τῶν
1520 4333 1828 4389 ἀκουόντων

226 4423 498 4488 ἀσθενές,
531 4424 937 4496 εύπαράδεκτον
967 4425 1061 4478 τὸν
1091 4424 1249 4495 λόγον
1276 4424 1449 4498 ταύτῃ
1487 4427 1828 4483 κατασκευά-

224 4515 441 4580 ζοντες.
477 4516 538 4569 '0
569 4514 628 4568 δὲ
654 4515 885 4585 ἄγγελος
920 4517 1018 4589 τὴν
1058 4517 1548 4591 εύαγγελιζομένην
1572 4518 1672 4591 τὴν
1701 4520 1829 4575 ἀνά-

224 4626 432 4664 στασιν
467 4609 641 4681 ῥήξας
669 4610 874 4681 φωνὴν,
905 4611 1118 4683 γυμνὴν
1155 4613 1430 4682 ἐκφαίνων
1467 4614 1567 4686 τὴν
1596 4614 1822 4687 θεοπρε-

221 4700 515 4770 πεστάτην
538 4699 788 4766 ἐξουσίαν
816 4700 910 4755 τοῦ
945 4701 1275 4766 ἀναστάντος
1298 4702 1427 4757 ἐϐόα
1451 4719 1464 4733 ’
1502 4706 1625 4759 Οὐκ
1652 4705 1824 4759 ἔστιν

216 4787 376 4851 ὧδε,
409 4790 550 4844 ἀλλ’
582 4789 826 4859 ἠγέρθη.
865 4791 973 4845 Καὶ
999 4790 1061 4844 τὸ
1104 4789 1403 4862 ὲγηγέρθαι
1433 4789 1493 4845 δὲ
1530 4791 1694 4847 αὐτὸν
1718 4793 1825 4848 ὑπὸ

221 4879 333 4936 τοῦ
363 4880 581 4952 Πατρδς
614 4880 892 4949 λέγεσθαι,
916 4880 1030 4935 τῶν
1061 4881 1160 4952 μὲν
1187 4880 1516 4947 ἀκουόντων,
1556 4881 1633 4946 ὡς
1663 4882 1821 4955 ἔφην,

1998 4152 2178 4224 Atque
2223 4153 2357 4209 illud
2403 4153 2567 4209 etiam
2593 4167 2658 4208 ex
2717 4150 2822 4207 hoc
2851 4158 3041 4221 aperte
3074 4149 3512 4207 demonstratur,

1926 4241 2075 4315 quod
2098 4242 2359 4312 apostoli,
2382 4257 2506 4298 cum
2530 4240 2890 4313 prazdicarent
2909 4237 3517 4308 Evangelium,propter

1928 4335 2306 4390 inﬁrmitatem
2336 4332 2675 4390 audientium
2710 4331 2969 4387 dicebant
3009 4328 3289 4385 Christum
3322 4342 3513 4384 resus-

1923 4426 2150 4481 citatum
2187 4439 2310 4481 esse
2335 4439 2365 4479 a
2391 4422 2574 4489 Patre,
2628 4420 3023 4493 acceptabilem
3060 4411 3116 4474 et
3147 4415 3507 4474 commenda-

1929 4516 2091 4573 bilem
2121 4515 2226 4571 hoc
2242 4514 2405 4570 modo
2439 4529 2749 4572 sermonem
2778 4511 3094 4568 reddentes.
3133 4508 3240 4566 Sed
3261 4508 3514 4579 angelus,

1926 4607 2021 4677 qui
2041 4605 2253 4677 primus
2288 4606 2710 4663 resurrectionis
2725 4605 3188 4661 attnuntiatricetn
3208 4616 3395 4658 vocem
3418 4615 3511 4655 ru-

1929 4698 2028 4769 pit,
2069 4697 2271 4752 nudam
2309 4698 2606 4771 designans
2659 4713 2725 4755 ac
2779 4696 3087 4769 majestatis
3138 4692 3511 4767 plenissimam

1930 4791 2165 4860 ideoque
2201 4790 2439 4847 maxime
2465 4790 2884 4847 convenientem
2913 4789 3057 4858 ejus,
3092 4786 3186 4857 qui
3207 4796 3514 4841 resurrexe-

1929 4889 2034 4948 rat,
2060 4890 2406 4951 potestatem,
2437 4881 2711 4937 clamabat
2743 4900 2758 4937 :
2798 4879 2923 4935 Non
2952 4886 3031 4934 est
3056 4877 3162 4941 hic,
3197 4873 3293 4931 sed
3326 4888 3499 4930 surre-

212 4973 518 5043 οίκονομεῐ
563 4972 628 5026 τὸ
663 4971 922 5037 ἀσθενές·
946 4971 1042 5026 τὸν
1070 4972 1128 5027 δὲ
1165 4972 1330 5027 αὐτὸν
1371 4971 1484 5043 ἔχει
1522 4973 1649 5028 νοῦν
1671 5012 1687 5035 ,
1725 4974 1817 5028 ’καὶ

1927 4973 2030 5027 xit.
2062 4970 2255 5043 Itaque
2306 4972 2456 5044 quod
2503 4972 2705 5027 dicitur
2731 4986 2856 5027 eum
2902 4967 3290 5026 resuscitatum
3319 4979 3443 5022 esse
3479 4977 3512 5020 α

210 5066 332 5136 οὐχ
373 5064 583 5135 ἕτερον.
624 5063 714 5118 Ἑν
757 5065 864 5118 τίνι
897 5064 1007 5137 γὰρ
1056 5066 1085 5118 ό
1122 5064 1310 5136 Πατὴρ
1339 5065 1589 5137 ὲνεργεῖς
1630 5065 1720 5120 Ἐν
1754 5067 1817 5138 τῇ

1931 5061 2115 5129 Patre,
2145 5061 2483 5117 audientium
2516 5062 2761 5132 quidem,
2796 5069 2856 5116 ut
2887 5059 3024 5125 dixi,
3055 5057 3379 5130 disponebat
3427 5061 3513 5110 at-

212 5156 420 5228 οίκείᾳ
447 5154 675 5227 δυνάμει
706 5155 970 5228 δηλονότι.
1001 5154 1098 5220 Τίς
1129 5155 1187 5209 δέ
1228 5156 1430 5227 ἐστινὴ
1461 5155 1692 5227 δύναμις
1730 5156 1817 5210 τοῦ

1931 5170 2040 5226 que
2061 5154 2449 5211 moderabatur
2475 5154 2872 5221 inﬁrmitatem,
2900 5152 3152 5209 eumdem
3189 5164 3316 5206 vero
3342 5146 3514 5203 conti-

216 5247 488 5320 Πατρόςς
520 5247 709 5313 Οὐδεὶς
758 5247 952 5314 ἄλλος,
1004 5248 1038 5321 ἢ
1070 5249 1100 5302 ό
1146 5248 1381 5320 Χριστός
1404 5264 1419 5279 ⁸
1453 5249 1688 5320 Χριστὸς
1718 5248 1817 5322 γάιε

1934 5255 2049 5311 net,
2078 5252 2133 5302 et
2153 5259 2262 5301 non
2289 5245 2458 5300 alium
2482 5244 2841 5301 intellectum.
2867 5241 3002 5298 Nam
3031 5241 3086 5296 in
3116 5253 3227 5311 quo
3253 5244 3514 5308 operatur

220 5338 373 5394 Θεοῦ
423 5336 691 5408 δύναμις,
721 5339 816 5393 καὶ
844 5338 980 5393 Θεοῦ
1024 5338 1207 5410 σοφία.
1254 5337 1463 5393 Οὐκοῦν
1505 5339 1696 5395 ἑαυτὸν
1730 5342 1817 5395 ἀν-

1934 5335 2137 5392 Pater?
2172 5334 2231 5391 In
2283 5334 2506 5408 propria
2551 5336 2797 5405 potentia
2853 5332 3109 5389 videlicet
3171 5339 3227 5387 et
3284 5330 3508 5384 virtute.

224 5432 477 5501 ίττησεν
502 5430 533 5483 ό
557 5431 767 5502 Σωτὴρ,
800 5431 848 5484 εί
874 5431 968 5485 καὶ
1011 5426 1131 5486 ύτοὺ⁹
1147 5430 1245 5486 τοῦ
1275 5432 1487 5504 Πατρὸς
1518 5432 1817 5506 έγηγέρθαι

1934 5424 2195 5494 Quaenam
2225 5435 2310 5483 est
2328 5432 2510 5481 autem
2535 5426 2712 5480 virtus
2745 5438 2810 5478 ac
2838 5423 3080 5494 potentia
3098 5418 3315 5475 Patris?
3341 5416 3513 5473 Nemo

224 5523 485 5593 λέγεται.
517 5522 594 5575 Τὸ
621 5521 679 5575 δὲ
710 5523 855 5592 Ὀψὲ
873 5522 1205 5588 Σαϐϐάτων,
1227 5524 1289 5577 οὐ
1318 5522 1418 5595 τὴν
1457 5525 1699 5597 ἑσπέραν
1725 5523 1817 5595 τὴν

1937 5520 2078 5574 alius
2104 5527 2471 5590 pnrtcrquam
2524 5516 2825 5574 Christus:
2883 5515 3139 5571 Christus
3202 5511 3350 5567 enim
3417 5507 3512 5563 Det

230 5616 377 5671 κατὰ
412 5614 521 5686 τὴν
567 5613 722 5668 δύσιν
764 5614 859 5670 τοῦ
897 5614 1053 5686 ἡλίου
1104 5616 1255 5686 δηλοῖ
1278 5633 1290 5647 ο
1326 5616 1449 5672 οὐδὲ
1481 5617 1590 5689 γάρ
1635 5616 1817 5682 ἑνικῶς

1937 5613 2114 5669 virtus
2139 5627 2203 5668 ac
2229 5610 2490 5684 potentia,
2523 5609 2727 5682 Deique
2755 5608 3023 5680 sapientia
3054 5616 3155 5664 cst.
3187 5603 3325 5677 Ergo
3364 5599 3515 5673 seip-

309 5792 327 5822 ⁸
353 5788 554 5845 ﬂattb.
586 5805 781 5859 uvttt,
803 5791 851 5847 θ.
933 5792 953 5824 ³
983 5791 1115 5848 ibid.
1150 5791 1167 5846 l
1199 5808 1322 5863 sqq.
