3930 6210
381 369 479 424 551

1613 367 1670 422 S.
1702 366 2029 422 GREGORII
2066 365 2362 424 NYSSENI

3519 363 3640 419 6'59.

378 507 498 546 sum
522 493 870 547 resuscitavit
892 490 1166 556 Christus,
1207 493 1311 548 etsi
1341 507 1369 544 a
1403 490 1564 558 Patre
1586 491 1794 554 dicitur,
1827 507 1951 548 esse

2062 487 2202 546 εἶπεν
2238 491 2364 560 Ὀψὲ
2399 489 2696 552 Σαϐϐάτου,
2730 486 2866 542 ἀλλὰ
2896 486 3292 558 πληθυντικῶς,
3319 487 3464 555 ὀψὲ
3483 489 3640 542 Σασ-

378 584 756 637 resuscitatus.
778 581 1053 651 Caeterum
1105 582 1202 653 ὀψὲ
1243 583 1556 648 Σαϐϐἀτων,
1593 583 1651 644 ἰδέ
1684 594 1786 650 est,
1833 599 1951 638 sero

376 673 458 728 vel
484 673 679 742 vesperi
704 672 1192 740 Sabbatorum,non
1228 675 1500 744 signiﬁcat
1527 688 1832 744 vesperum,
1859 674 1950 743 qui

377 770 500 834 post
533 779 790 825 occasum
826 765 957 820 solis
989 763 1091 819 fuit
1117 784 1130 819 :
1160 781 1338 835 neque
1382 765 1529 820 enim
1599 765 1960 835 singulariter-

375 855 533 920 ilixit,
565 871 689 912 sero
718 856 965 924 Sabbati,
984 857 1080 912 sed
1104 859 1548 928 pluraliter,.sero
1567 857 1949 918 Sabbatorum.

379 947 614 1006 Sabbata
647 964 783 1003 vero,
805 963 1001 1005 omnen
1029 949 1395 1018 septimanam
1422 964 1616 1006 vocare
1647 948 1823 1004 solent
1848 945 1954 1003 lle-

379 1034 528 1088 bra‘i.
563 1035 693 1089 Nam
718 1051 785 1094 ne
822 1036 1036 1107 longius
1070 1037 1252 1102 abeas,
1278 1039 1642 1108 evangelistae,
1672 1055 1774 1090 uno
1818 1035 1952 1091 Sab-

377 1123 638 1190 batorum,
661 1125 912 1196 inquiunt
945 1146 958 1182 :
989 1142 1113 1182 cum
1172 1127 1461 1184 dicendum
1516 1128 1732 1194 fuisset,
1767 1126 1954 1181 Primo

377 1215 466 1271 die
513 1217 847 1286 septimanae.
896 1216 988 1273 Sic
1037 1219 1295 1274 nimirum
1341 1221 1504 1282 etiam
1565 1221 1620 1276 in
1673 1222 1954 1276 communi

377 1309 776 1366 consuetudine
833 1311 1057 1374 utimur,
1131 1311 1430 1367 secundum
1486 1311 1846 1368 Sabbatorum
1899 1320 1954 1368 et

378 1400 596 1454 tertium
653 1399 1015 1457 Sabbatorum
1046 1405 1382 1474 appellantes
1406 1405 1706 1460 secundum
1759 1415 1809 1462 et
1841 1417 1954 1462 ter-

378 1491 510 1546 tium
545 1491 688 1546 diem
723 1494 1055 1562 septimanae.
1072 1495 1189 1548 Non
1219 1497 1356 1552 dixit
1385 1495 1569 1565 igitur,
1595 1512 1720 1551 sero
1745 1497 1956 1552 Sabba-

375 1583 434 1645 ti,
470 1592 563 1637 aut
599 1587 808 1654 vesperi
847 1585 1088 1652 Sabbati,
1120 1596 1176 1640 ut
1238 1603 1525 1656 vesperum
1561 1589 1709 1643 illius
1736 1588 1840 1644 diei
1877 1589 1955 1644 si-

375 1672 701 1740 gniﬁcaret:
751 1676 846 1729 sed
890 1674 1018 1729 Sero
1072 1674 1448 1743 Sabbatoruvn,
1501 1685 1558 1729 ut
1609 1678 1842 1742 tardius,
1898 1685 1954 1733 el

375 1765 604 1819 nmltum
658 1764 870 1822 distans
923 1767 1210 1822 indicaret.
1246 1766 1458 1822 Etenim
1510 1769 1803 1838 aliquando
1851 1784 1951 1824 nos

2055 583 2260 638 ϐάτων.
2299 581 2552 636 Σάϐϐατα
2611 581 2668 634 δὲ
2729 581 2826 652 τὴν
2888 582 3066 634 πᾶσαν
3123 579 3391 650 ἑϐδομάδα
3449 580 3640 632 καλεῖν

2065 673 2332 744 Ἑϐραίοις
2363 671 2500 734 ἔθος.
2519 670 2726 724 Αὐτίκα
2759 668 2890 738 γοῦν
2924 669 2974 721 οἱ
3004 667 3390 736 εὐαγγελισταὶ
3418 670 3486 736 τῇ
3516 664 3638 733 ω

2053 766 2172 822 τῶν
2213 764 2549 819 Σαϐϐάτωνο
2608 764 2744 832 φασὶ
2793 762 2870 826 δὲ,
2935 763 3018 832 Τῇ
3053 761 3245 834 πρώτῃ
3299 759 3488 830 ἡμέρᾳ
3535 759 3642 828 τῆς

2054 855 2365 926 ἑϐδομάδος,
2397 855 2592 909 εἰπεῖν.
2633 851 2788 908 Οὕτω
2820 851 2883 923 δὴ
2914 852 3006 905 καὶ
3032 852 3091 904 ὲν
3119 854 3187 922 τῇ
3230 850 3501 920 συνηθείᾳι
3541 867 3637 902 κε-

2053 949 2158 1020 χρή
2170 945 2308 1018 μεθα
2329 985 2344 1010 ,
2373 945 2628 1016 δευτέραν
2661 943 2974 1010 Σαϐϐάτων,
3001 943 3096 997 καὶ
3125 943 3316 1014 τρίτην
3340 941 3642 995 Σαϐὅάτων

2054 1037 2552 1110 προσαγορεύοντες
2579 1035 2675 1107 τὴν
2707 1035 2964 1106 δευτέραν
3015 1035 3108 1088 καὶ
3135 1034 3326 1106 τρίτην
3363 1033 3464 1103 τῆς
3496 1031 3642 1085 ἑϐδο-

2059 1130 2226 1202 μάδος
2257 1129 2484 1200 ἡμέραν.
2519 1129 2634 1182 Οὐκ
2668 1123 2824 1180 εἶπεν
2858 1122 2985 1191 οῦν,
3028 1126 3157 1196 Ὀψὲ
3211 1125 3492 1179 Σαὸϐἀτου
3519 1164 3534 1186 ,
3574 1124 3634 1194 ἢ.

2068 1221 2340 1290 Ἑσπέρας
2390 1217 2667 1272 Σαϐϐάτου
2694 1257 2709 1280 ,
2745 1218 2832 1270 ἵνα
2876 1217 2974 1288 τὴν
3001 1217 3234 1286 ἑσπέραν
3285 1216 3383 1286 τῆς
3420 1215 3640 1284 ἡμέρας

2055 1313 2269 1382 ἐκείνης
2293 1311 2507 1382 δηλώσῃ
2527 1326 2540 1341 ·
2577 1309 2712 1375 ἀλλ’,
2746 1308 2881 1377 Ὀψὲ
2919 1308 3252 1369 Σαϐϐἀτων,
3280 1309 3368 1360 ῖνα
3410 1305 3473 1359 τὸ
3505 1306 3638 1376 βρά-

2054 1404 2163 1466 διον
2201 1403 2297 1458 καὶ
2345 1399 2790 1470 πολῦδιεστηκδς
2824 1401 3064 1472 ἑμφήνῃ.
3102 1398 3213 1452 Καὶ
3241 1398 3349 1470 γάρ
3393 1414 3499 1450 που
3541 1396 3640 1449 καὶ

2053 1497 2226 1560 οὕτως
2251 1497 2382 1566 ἡμῖν
2401 1491 2628 1562 σύνηθες
2652 1491 2849 1560 λέγειν·
2899 1488 3027 1558 ’0ψὲ
3049 1487 3150 1543 τοῦ·
3173 1485 3365 1559 καιροῦ
3391 1485 3646 1556 παραγέ-

2055 1605 2252 1658 γονας,
2307 1587 2402 1657 ὀψὲ
2445 1586 2546 1655 τῆς
2576 1583 2762 1654 ὥρας,
2816 1581 2914 1650 ὀψὲ
2962 1583 3062 1650 τῆς
3104 1578 3326 1650 χρείας·
3369 1577 3498 1646 οὐχὶ·
3535 1577 3642 1647 τὴν

2055 1679 2315 1748 ἑσπέραν,
2351 1676 2452 1731 καὶ
2476 1675 2567 1728 τὸν
2605 1672 2744 1744 μετὰ
2769 1672 2920 1742 ἡλίου
2958 1670 3170 1740 δυσμὰς
3215 1669 3405 1740 χρόνον
3439 1665 3641 1738 δηλοῦ-

2057 1786 2139 1822 σιν
2164 1785 2177 1798 °
2211 1767 2345 1822 ἀλλὰ
2382 1766 2444 1819 τὸ
2494 1765 2740 1836 βράδιον,
2790 1763 2886 1818 καὶ
2947 1761 3174 1816 κατόπιν
3219 1760 3321 1830 τῆς
3350 1758 3572 1830 χρείας,
3608 1757 3641 1827 ἦ

365 1873 592 1928 quoque
631 1859 704 1911 ita
729 1858 910 1914 dicere
940 1860 1202 1922 solemus,
1239 1859 1335 1929 ὀψὲ
1373 1860 1466 1912 τοῦ
1493 1861 1686 1932 καιροῦ
1704 1862 1951 1932 παραγέυ

2062 1860 2148 1915 τοῦ
2186 1858 2376 1930 καιροῦ
2430 1857 2684 1926 γενέσθαι
2733 1856 2825 1909 τὸν
2857 1854 3054 1926 τρόπον
3107 1851 3293 1906 τοῦτον
3350 1849 3644 1922 μηνύουσι.

378 1965 558 2015 γονας,
583 1949 634 2002 id
669 1957 774 2011 est,
796 1965 912 2003 sero
941 1950 1022 2004 vel
1052 1949 1256 2004 tardius
1279 1949 1348 2003 ad
1378 1961 1575 2018 tempus
1599 1952 1783 2005 venisti
1813 1967 1832 2005 :
1855 1953 1954 2021 se:

373 2039 473 2108 τῆς
512 2038 682 2109 ὥρας,
715 2039 767 2092 id
805 2048 909 2104 est,
965 2056 1081 2096 sero
1129 2041 1213 2096 vel
1264 2041 1470 2095 tardius
1501 2043 1568 2095 ad
1596 2045 1779 2096 horam
1815 2061 1833 2097 :
1856 2044 1956 2113 ὀψὲ

373 2129 474 2199 τῆς
514 2130 722 2199 χρείας,
758 2129 810 2184 id
853 2139 960 2192 est,
1007 2147 1123 2185 sero
1164 2146 1228 2186 ac
1263 2131 1489 2194 tardius,
1527 2148 1688 2202 quam
1732 2149 1865 2188 usus
1901 2141 1957 2188 et

375 2221 675 2275 necessitas
708 2223 1042 2290 postulasset
1078 2240 1092 2276 :
1143 2239 1253 2278 non
1289 2239 1591 2292 vesperam,
1618 2241 1792 2293 neque
1820 2233 1957 2280 tem-

379 2326 502 2380 pus,
536 2310 680 2383 quod
723 2319 848 2380 post
871 2325 1128 2367 occasum
1157 2305 1292 2368 solis
1315 2323 1418 2380 est,
1443 2315 1835 2384 significantes,
1867 2317 1960 2370 scd

378 2401 609 2466 tardius,
638 2410 690 2454 et
726 2409 848 2471 post
873 2417 1036 2470 quam
1067 2419 1200 2458 usus
1228 2413 1280 2458 et
1310 2407 1615 2459 necessitas
1651 2407 1954 2473 postulave-

374 2493 444 2547 rit
467 2501 562 2547 aut
589 2501 710 2563 post
758 2501 971 2563 tempus
1007 2495 1356 2549 commodum
1392 2503 1446 2548 et
1477 2506 1841 2565 opportunum
1877 2498 1957 2548 l'a-

373 2595 520 2640 etum
549 2602 670 2641 esse
696 2586 973 2656 quippiam
997 2587 1096 2641 hoc
1129 2585 1290 2641 modo
1316 2587 1637 2641 indicantes.
1670 2589 1844 2656 Atque
1860 2589 1956 2657 ὀψὲ

374 2677 682 2741 Σαϐϐάτων,
721 2678 776 2732 id
809 2687 913 2740 est,
945 2694 1060 2731 sero
1089 2678 1170 2731 vel
1202 2679 1395 2744 vesperi
1423 2677 1804 2740 Sabbalorum,
1839 2681 1953 2733 lon-

374 2771 494 2838 gius
523 2778 578 2824 et
612 2769 822 2824 tardius
855 2771 1140 2839 praeterita
1170 2771 1488 2839 septimame
1529 2781 1742 2840 tempus
1765 2772 1942 2841 signi-

377 2863 518 2912 licat.
560 2857 815 2928 lmpletur
871 2860 1126 2928 qurelibet
1204 2859 1507 2928 septimana
1562 2875 1758 2914 occasu
1818 2863 1952 2917 solis

375 2951 672 3004 Sabbatum
733 2951 1059 3020 excipiente.
1094 2949 1226 3003 Nam
1289 2953 1451 3004 etiam
1510 2951 1795 3008 Mattlueus
1827 2969 1949 3007 cum

2058 1952 2169 2005 Καὶ
2185 1951 2246 2003 τὸ
2279 1949 2424 2018 Ὀψὲ
2442 1947 2844 2014 inﬂatur-56
2865 1945 3053 2016 πόρρω
3066 1943 3160 1998 καλ⁵
3181 1943 3394 2013 βράδιον
3413 1942 3517 2010 τῆς
3543 1957 3650 1993 τε·

2061 2043 2386 2117 ραιωθείσης
2417 2041 2710 2112 ἑὸδομάδος
2736 2039 2902 2110 δηλοῖ.
2950 2036 3255 2107 Πληροῦται
3297 2035 3355 2088 δὲ
3401 2034 3651 2103 ἑϐδομὰς

2061 2135 2262 2204 ἑκάστη
2287 2175 2301 2199 ,
2324 2137 2444 2196 ταῖς
2480 2133 2616 2202 μετὰ
2639 2132 2700 2184 τὸ
2720 2129 2995 2184 Σάὸὁατον
3021 2128 3170 2198 ἡλίου
3199 2127 3446 2196 δυσμαῖς.
3478 2126 3536 2176 Ἀ
3547 2125 3654 2194 μέ-

2061 2227 2141 2279 λει
2174 2227 2266 2280 καὶ
2291 2225 2351 2277 τὸ
2394 2223 2525 2277 πολὺ
2557 2221 2837 2291 διεστηκὸς
2863 2221 2960 2275 τοῦ
3005 2217 3199 2289 καιροῦ
3233 2217 3366 2287 πρὸς
3397 2215 3458 2268 τὸ
3487 2212 3654 2276 τέλος

2062 2321 2159 2387 τῆς
2190 2315 2567 2387 πληρωθείσης
2593 2313 2884 2384 ἑϐδομάδος
2921 2313 2950 2364 6
2986 2310 3257 2372 Ματθαῖος
3283 2307 3452 2378 δηλῶν
3479 2345 3493 2370 ,
3543 2305 3658 2357 καὶ

2061 2410 2250 2479 ὥσπερ
2279 2405 2596 2478 ἑρμηνεύων
2629 2404 2841 2468 ἑαυτὸν,
2866 2405 3132 2474 ἐπήγαγε,
3161 2400 3242 2468 Τῇ
3273 2398 3656 2466 ἐπιφωσκού-

2061 2515 2142 2568 an
2176 2503 2262 2565 εὶς
2295 2500 2443 2568 μίαν
2471 2497 2805 2552 Σαϐϐἁτων.
2837 2495 3194 2566 Παρῳχήκει,
3228 2491 3390 2560 φησιν
3413 2529 3427 2553 ,
3468 2491 3497 2557 ή
3533 2487 3650 2552 νὺξ

2057 2589 2307 2644 τοσοῦτον
2329 2628 2344 2653 ,
2387 2589 2463 2653 ὡς
2491 2585 2629 2642 εἶναι
2656 2588 2744 2640 τὸν
2773 2586 2962 2656 καιρὸν
3001 2587 3099 2656 τῆς
3130 2585 3238 2636 τῶν
3266 2579 3655 2651 ἀλεκτρυόνων

2063 2681 2218 2751 βοῆς,
2249 2681 2368 2752 ἣτις
2400 2679 2460 2733 τὸ
2503 2679 2618 2749 φῶς
2661 2681 2760 2750 τῆς
2806 2678 3103 2750 μελλούσης
3137 2675 3351 2747 ἡμέρας
3395 2687 3657 2740 προανα-

2062 2771 2333 2840 κρούεται.
2367 2770 2548 2840 Ταύτῃ
2573 2787 2654 2824 τοι
2679 2809 2694 2832 ,
2727 2772 2820 2823 καὶ
2842 2770 2920 2841 τῷ
2945 2769 3122 2840 καιρῷ
3147 2767 3336 2836 τούτῳ,
3360 2763 3450 2816 καὶ
3478 2761 3540 2813 οὐ
3577 2763 3662 2832 τῇ

2064 2863 2200 2934 μετὰ
2230 2864 2290 2915 τὸ
2321 2862 2596 2916 Σάϐϐατον
2621 2862 2829 2933 ἑσπέρᾳ
2852 2861 3209 2922 καταλύοντες
3237 2857 3335 2921 τὰς
3361 2853 3660 2925 νηστείας.

2060 2956 2154 3026 τῆς
2181 2955 2518 3026 εὐφροσύνης
2550 2954 2852 3028 ἀρχόμεθα,
2892 2953 2991 3023 τῆς
3022 2951 3164 3006 κατὰ
3195 2949 3404 3003 πάντων
3433 2961 3666 3016 κρατη-

373 3043 631 3121 ιοιιιροι·ὶε
682 3043 994 3108 articulum,
1031 3046 1124 3112 qui
1198 3043 1426 3096 multum
1479 3043 1717 3098 distabat
1775 3060 1803 3099 a
1855 3044 1954 3100 ﬁne

2066 3048 2236 3118 σάσης
2265 3047 2553 3117 συνηθείας
2578 3045 2982 3116 συνηγορούσης
3016 3044 3095 3114 τῷ
3122 3042 3422 3112 πράγματι.

374 3133 598 3203 ειινιοιω
651 3133 987 3203 scpliumnm,
1021 3133 1375 3206 signiﬁcaret,
1408 3140 1464 3186 et
1489 3134 1647 3202 quasi
1689 3135 1927 3205 seipsum
1967 3136 2444 3206 interpretaretur,
2478 3136 2703 3205 adjecit,
2738 3135 2871 3200 Qua:
2929 3135 3190 3188 illucescit
3218 3134 3274 3186 in
3310 3146 3466 3184 unum
3499 3125 3665 3181 Sab-

373 3225 636 3279 batorum.

721 3223 1086 3286 Prazterierat,
1167 3223 1380 3292 inquit,
1441 3223 1496 3276 in
1548 3231 1761 3277 tantum
1826 3240 1933 3277 nox
1971 3233 2028 3278 ut
2065 3235 2209 3281 esset
2262 3235 2478 3296 tempus
2507 3226 2776 3295 gallorum
2824 3235 3041 3288 cantus,
3079 3224 3171 3294 qui
3221 3229 3412 3278 cautus
3456 3220 3666 3274 lucem

372 3318 541 3374 futuri
577 3317 682 3373 diei
743 3317 1017 3387 przecedit.
1070 3315 1223 3370 Tunc
1272 3316 1528 3370 nimirum
1560 3324 1723 3385 atque
1761 3315 1816 3369 in
1847 3315 1950 3371 hoc
1989 3318 2225 3373 articulo
2265 3319 2546 3388 temporis,
2619 3333 2730 3373 non
2785 3325 2965 3372 autem
3001 3330 3224 3386 vespera
3250 3328 3368 3384 qua!
3430 3310 3675 3364 Sabba—

373 3427 486 3469 tum
543 3413 873 3482 insequitur,
937 3412 1188 3466 ﬁnientes
1222 3410 1451 3480 jejunia,
1518 3410 1812 3480 incipimus
1884 3426 1984 3465 nos
2059 3413 2336 3470 oblectare
2392 3422 2556 3484 atque
2633 3413 2827 3478 laetari,
2868 3410 3288 3474 consuetudine,
3335 3421 3452 3479 quae
3493 3407 3673 3473 apud

372 3524 562 3564 omnes
591 3507 847 3569 obtinuit,
879 3506 1020 3560 hanc
1045 3521 1156 3560 rem
1193 3506 1612 3573 comprobante.

395 3631 412 3649 .
440 3599 577 3654 Cum
623 3598 792 3668 igitur
827 3597 914 3651 liic
943 3597 1206 3667 temporis
1250 3607 1396 3650 esset
1434 3596 1728 3662 articulus,
1783 3596 1955 3652 Maria

375 3691 695 3762 Magdalena
745 3701 910 3760 atque
957 3691 1128 3745 altera
1173 3689 1422 3759 ejusdem
1461 3691 1700 3748 nominis
1751 3692 1816 3746 ad
1869 3707 1958 3746 se-

377 3782 625 3850 pulcrum
669 3787 959 3845 venerunt,
1007 3787 1061 3833 et
1113 3780 1384 3850 angelum,
1428 3782 1522 3850 qui
1559 3780 1627 3836 de
1675 3781 1816 3836 caelo
1855 3782 1954 3837 de-

379 3873 692 3938 scenderat,
742 3870 1202 3942 quemadmodum
1242 3871 1449 3928 dictum
1496 3880 1603 3939 est,
1649 3873 1953 3930 viderunt:

377 3963 496 4034 qui,
543 3964 790 4018 revoluto
819 3963 1014 4033 lapide,
1044 3978 1210 4033 super
1257 3980 1380 4018 eum
1435 3963 1661 4019 sedebat
1709 3981 1785 4020 :a
1846 3982 1958 4037 quo

376 4054 542 4111 etiam
591 4055 836 4108 invitat:e
883 4053 1138 4109 viderunt
1188 4055 1391 4119 locum,
1441 4056 1533 4109 ubi
1574 4057 1790 4125 positus
1838 4067 1958 4112 erat

377 4145 647 4201 Dominus
678 4163 692 4200 :
723 4153 779 4201 et
823 4160 1047 4201 currere
1073 4147 1264 4224 jpssai,
1319 4162 1550 4216 quaeque
1600 4157 1952 4218 acceperant,

381 4243 638 4294 mandata
679 4239 968 4310 discipulis
999 4239 1181 4305 edere,
1212 4254 1447 4310 egressae
1495 4241 1746 4296 celeriter
1775 4255 1806 4295 e
1841 4255 1957 4294 mo-

381 4341 645 4386 numento
708 4333 1004 4388 currebant
1039 4351 1052 4385 :
1085 4333 1269 4402 itaque
1332 4333 1685 4388 currentibus
1737 4331 1952 4386 obviam

2133 3595 2239 3649 Τοῦ
2293 3595 2485 3666 καιροῦ
2523 3594 2702 3648 τοίνυν
2752 3593 2904 3656 ὄντος
2945 3589 3173 3654 τούτου,
3225 3591 3258 3660 ἡ
3309 3589 3678 3660 Μαγδαληνὴ

2061 3688 2248 3758 Μαρία
2292 3688 2386 3739 καὶ
2427 3687 2460 3756 ἡ
2515 3683 2806 3755 ὁμώνυμος
2847 3685 2941 3738 ἐπὶ
2970 3674 3142 3751 τάφον
3182 3677 3374 3752 ἦλθον,
3414 3680 3507 3733 καὶ
3545 3683 3680 3736 τὸν

2062 3780 2292 3848 ἄγγελον
2321 3778 2412 3831 τὸν
2445 3777 2503 3844 ἑξ
2557 3775 2787 3849 οὐρανοῦ
2816 3774 3230 3845 καταϐεϐηκότα
3251 3773 3338 3825 τὸν
3379 3789 3687 3845 προειρη-

2065 3870 2224 3942 μένον
2267 3869 2558 3923 ἐθεάσαντο
2609 3867 2848 3938 τρόπον,
2901 3865 3307 3918 ἁποκυλίσαντα
3339 3863 3425 3916 τὸν
3487 3863 3680 3919 λίθον

2063 3965 2158 4017 καὶ
2189 3963 2275 4016 ἐπ’
2311 3961 2469 4016 αὑτὸν
2503 3957 2882 4029 καθεζόμενον,
2909 3958 3000 4026 ὑφ’
3023 3951 3083 4010 οὗ
3109 3957 3203 4010 καὶ
3231 3944 3679 4027 προγζληθεῖσαι,

2062 4057 2154 4109 τὸν
2184 4056 2345 4109 τόπον
2379 4049 2538 4117 εἶδον,
2564 4051 2697 4106 ὅπου
2728 4049 2901 4102 ἔκειτο
2945 4051 2973 4102 6
3004 4048 3206 4120 Κύριος
3229 4090 3244 4110 ,
3281 4049 3372 4100 καὶ
3405 4063 3676 4116 προστα-

2061 4148 2275 4219 χθεῖσαι
2303 4149 2414 4209 τοῖς
2447 4144 2713 4216 μαθηταῖς
2749 4142 2976 4213 δραμεῖν
3001 4141 3094 4194 καὶ
3120 4138 3466 4208 ἀπαγγεῖλαι,
3499 4139 3691 4205 ἐξελε

2063 4235 2252 4288 θοῦσαι
2295 4233 2431 4305 ταχὺ
2465 4233 2558 4286 τοῦ
2591 4231 2869 4302 μνήματος
2895 4229 3128 4300 ἔδραμον
3154 4246 3167 4258 ·
3201 4229 3296 4282 καὶ
3324 4227 3386 4298 δὴ
3418 4229 3677 4297 τρεχοὺ-

2063 4345 2181 4390 σαις
2214 4326 2670 4396 προσαπαντήσας
2711 4327 2738 4380 6
2795 4322 3000 4394 Ἰησοῦς
3052 4319 3437 4392 προσεφώνησε
3459 4333 3473 4349 ·
3503 4321 3674 4376 Χᾱίο

381 4426 562 4480 iactus
592 4424 756 4482 Jesus
787 4426 1080 4497 appellavit
1105 4443 1221 4490 eas,
1256 4425 1467 4490 dicens,
1500 4427 1654 4480 Avete
1673 4428 1714 4482 ³.
1742 4425 1953 4480 Etenim

2062 4437 2211 4487 ρετε.
2240 4419 2348 4471 Καὶ
2396 4417 2504 4488 γὰρ
2535 4417 2638 4470 ἔδει
2668 4416 2882 4490 πρῶτον
2929 4414 2990 4468 τὸ
3042 4412 3317 4483 γυναικῶν
3343 4413 3496 4481 γένος
3555 4417 3684 4468 καὶ

381 4519 669 4588 oportebat
696 4519 934 4588 primum
981 4519 1304 4572 muliebrem
1335 4534 1526 4574 sexum
1566 4526 1620 4572 et
1666 4518 1735 4572 ab
1763 4519 1954 4588 angelo

2062 4515 2158 4584 τὴν
2199 4511 2493 4565 ἀνάστασιν
2547 4508 2996 4579 ετῦαγγελισθῆναι
3051 4505 3200 4577 παρὰ
3233 4505 3325 4558 τοῦ
3379 4502 3678 4571 ἀγγέλου,

381 4611 584 4665 bonum
615 4609 1040 4666 resurrectionis
1070 4609 1325 4678 accipere
1372 4609 1645 4674 nuntium,
1687 4615 1741 4664 et
1773 4607 1960 4663 Domi-

381 4717 512 4754 num
575 4700 796 4765 videre,
857 4708 909 4755 et
955 4700 1187 4770 primam
1246 4701 1315 4755 ab
1369 4717 1436 4757 eo
1486 4717 1677 4758 vocem
1733 4700 1958 4766 audire,

380 4793 556 4846 Arele.
606 4791 877 4858 Quoniam
931 4791 1125 4847 mulier
1179 4807 1397 4862 quoque
1454 4792 1632 4864 prima
1677 4793 1962 4848 audiverat

383 4882 631 4938 fraudem
680 4885 975 4954 serpentis,
1029 4893 1082 4939 et
1124 4893 1318 4940 contra
1369 4895 1698 4955 praiceptum
1751 4885 1960 4940 viderat

384 4973 518 5043 ligni
553 4974 826 5030 interdicti
867 4975 1128 5042 fructum,
1165 4986 1218 5032 et
1248 4990 1409 5048 ptena
1441 4976 1678 5032 tristitia:
1711 4990 1774 5029 ac
1800 4975 1929 5032 dolo

384 5063 461 5117 ris
490 5061 852 5119 condemnata
898 5066 1093 5124 fuerat.
1127 5066 1469 5136 Quapropter
1512 5068 1676 5121 etiam
1726 5067 1959 5124 adorare

385 5153 643 5208 Servator
671 5165 725 5210 et
754 5157 917 5226 pedes
949 5157 1359 5228 apprehendere
1385 5165 1440 5212 et
1467 5167 1810 5220 contrectare
1835 5173 1960 5228 per-

387 5247 656 5309 mittebat,
692 5257 750 5303 ut
781 5250 849 5303 iis
879 5266 999 5319 qua:
1027 5251 1218 5321 primae
1248 5251 1595 5307 desciverant
1629 5261 1681 5307 et
1707 5251 1959 5308 alienata:

387 5347 544 5394 erant
571 5340 640 5394 ab
668 5355 754 5405 eo,
813 5349 868 5395 et
901 5341 1193 5410 discipulis
1226 5341 1482 5412 gaudium
1509 5341 1840 5398 annuntiare
1863 5341 1956 5411 ju-

385 5427 582 5492 bebat,
644 5444 770 5484 cum
827 5432 1140 5497 mulierem,
1221 5447 1344 5502 qua:
1407 5433 1643 5488 tristitia:
1709 5432 1961 5489 ministra

387 5519 596 5574 Adamo
632 5521 831 5589 fuerat,
871 5522 1056 5593 gaudii
1107 5524 1354 5580 nuntiam
1404 5525 1540 5582 viris
1596 5540 1720 5582 esse
1769 5525 1953 5591 vellet,

387 5612 677 5668 contrariis
704 5617 978 5670 contraria
1026 5630 1252 5675 curans.
1295 5617 1553 5675 Euntibus
1589 5626 1770 5675 autem
1819 5617 1952 5682 illis,

461 5785 482 5818 ³
515 5784 704 5842 Matth.
743 5805 936 5856 xxviii,
966 5793 998 5846 9
1028 5808 1148 5862 sqq.

2060 4601 2272 4657 καὶτὸν
2300 4599 2498 4670 Κύριον
2536 4597 2685 4662 ἰδεῖν,
2717 4599 2809 4651 καὶ
2842 4595 3061 4667 πρώτην
3095 4594 3225 4665 παρ’
3259 4591 3416 4646 αὐτοῦ
3452 4591 3679 4660 φωνὴν
3734 4659 3744 4682 ⁸

2061 4692 2326 4755 ἀκοῦσαι,
2369 4691 2447 4756 τὸ,
2483 4690 2744 4758 Χαίρετε.
2797 4687 2950 4742 Ἐπεὶ
3002 4687 3096 4740 καὶ
3141 4685 3278 4755 γυνὴ
3306 4681 3488 4754 πρώτη
3537 4685 3678 4754 τῆς
3741 4720 3743 4722 .

2063 4787 2277 4856 ἀπάτης
2304 4784 2397 4838 τοῦ
2431 4783 2606 4853 ὄφεως
2634 4782 2857 4851 ἤκουσε,
2903 4780 2996 4833 καὶ
3036 4773 3142 4830 εἶδε
3175 4775 3500 4847 παρανόμως
3549 4775 3678 4829 τὸν

2063 4879 2156 4934 τοῦ
2184 4875 2630 4948 ἀπηγορευμένον
2660 4871 2816 4938 ξύλου
2842 4870 3072 4942 καρπὸν,
3115 4869 3208 4921 καὶ
3234 4867 3378 4938 λύπῃ
3417 4864 3674 4918 κατεδι-

2069 4973 2298 5037 κὰζετο·
2335 4969 2414 5023 διὸ
2453 4970 2545 5022 καὶ
2593 4966 2914 5036 προσκυνεῖν
2962 4964 2990 5014 6
3033 4960 3223 5032 Σωτὴρ
3269 4959 3361 5012 καὶ
3410 4960 3674 5025 κρατεῖν

2068 5067 2193 5128 τοὺς
2245 5063 2408 5124 πόδας
2459 5057 2787 5129 συνεχώρει,
2840 5054 2914 5117 ὡς
2964 5051 3206 5124 πρώταις
3238 5045 3672 5112 ἁποπεσούσαις

2068 5157 2161 5211 καὶ
2207 5150 2677 5222 ἀλλοτριωθείσαις
2712 5145 2876 5200 αὐτοῦ
2899 5185 2914 5210 ,
2951 5143 3044 5198 καὶ
3084 5145 3195 5206 τοῖς
3230 5141 3494 5211 μαθηταῖς
3536 5139 3669 5209 τὴν

2067 5245 2242 5319 χαρὰν
2271 5243 2604 5312 διαγγέλλειν
2632 5239 2884 5292 ἑκέλευσε
2903 5275 2918 5301 ,
2958 5237 3130 5306 χαρᾶς
3161 5231 3387 5301 ἄγγελον
3414 5229 3665 5299 ἀνδράσι

2067 5340 2300 5408 γυναῖκα
2333 5334 2584 5405 γενέσθαι
2616 5331 2963 5403 βουλόμενος,
2995 5328 3093 5398 τῆς
3141 5325 3318 5396 λύπης
3350 5321 3425 5393 τῷ
3463 5322 3665 5392 ’Δδάμ

2065 5429 2360 5501 γενομένην
2401 5427 2645 5480 διάκονον
2674 5462 2689 5486 ,
2739 5421 2816 5474 τὰ*
2859 5419 3073 5474 ἐναντία
3117 5417 3204 5471 διὰ
3239 5415 3346 5469 τῶν
3383 5412 3670 5472 ἐναντίων

2069 5521 2314 5593 ίώμενος.
2339 5513 2757 5585 Πορευομένων
2776 5511 2845 5566 δὲ
2859 5509 3076 5576 αὐτῶν,
3099 5509 3286 5579 φησιν,
3309 5502 3670 5574 ἀπαγγεῖλαι

2063 5617 2175 5680 τοῖς
2203 5612 2497 5684 μαθηταῖς,
2531 5606 2656 5663 ιδού
2696 5622 2851 5671 τινες
2880 5602 2990 5674 τῆς
3018 5599 3392 5667 κουστωδίας
3420 5595 3669 5652 ἐλθόν-
