3930 6210
293 337 409 395 653

1234 342 1301 417 ΠΝ
1339 342 1618 403 CHRISTI
1651 346 2303 411 RESUIIRECTIONEAE
2323 352 2529 411 ORAT.
2562 354 2625 411 11.

3481 358 3579 415 634

301 458 408 545 ccc
435 443 527 511 εις
553 443 671 545 την
704 448 919 545 πόλιν,
950 452 1327 526 ἀπήγγειλαν
1358 460 1484 527 τοῖς
1511 463 1896 534 ἀρχιερεῦσιν

2005 470 2209 540 inqu-it,
2260 481 2318 526 ut
2352 472 2609 526 mandata
2653 470 2925 527 referrent
2952 470 3270 545 discipulis,
3303 486 3423 529 ecce
3459 476 3582 545 qni-

298 532 548 590 ἇσταντα
573 536 646 591 τὰ
681 542 993 611 γενόμενα.
1034 547 1146 601 Καὶ
1172 532 1757 626 συναχθέντες
1779 556 1902 613 τῶν

296 627 774 721 πρεσφτέρωνν
794 637 1172 705 συμϐούλιόν
1208 658 1274 696 τε
1298 644 1621 717 λαϐόντες,
1650 649 1902 721 ἀργύρια

296 719 492 808 ἱκανὰ
510 719 744 777 ἔδωκαν
772 726 899 794 τοῖς
922 731 1309 801 στρατιώταις
1334 735 1619 808 ,λέγοντες
1638 757 1652 771 ·
1674 719 1901 798 Είπατε

296 807 402 861 ὅτι
440 812 499 903 οι
528 816 782 883 μαθηταί
813 820 1005 875 αὐτοῦ
1050 824 1273 893 νυκτὸς
1318 826 1600 898 ἐλθόντες
1627 832 1901 903 ἔκλεψαν

294 901 497 957 αὐτὸν
536 907 709 977 ἡμῶν
733 911 1133 983 κοιμωμένων,
1158 919 1258 973 καί
1281 919 1391 975 ἐὰν
1415 923 1693 995 ἀκουσθῇ
1721 901 1899 981 τοῦτο

291 995 404 1051 ἐπὶ
437 998 548 1052 τοῦ
584 998 880 1072 ἡγεμόνος
907 1045 924 1069 ,
969 1008 1142 1081 ἡμεῖς
1192 1013 1484 1085 πείσομεν
1524 1016 1712 1072 αὐτὸν
1734 1055 1751 1077 ,
1800 1018 1898 1073 καί

294 1086 464 1157 ὑμᾶς
508 1088 875 1163 ἀμερίμνους
919 1099 1256 1171 ποιήσομεν
1295 1121 1310 1136 σ
1374 1109 1430 1160 al
1493 1106 1558 1160 δὲ
1608 1110 1901 1179 λαϐόντες

296 1180 377 1233 τὰ
397 1180 675 1251 ἀργύρια,
710 1185 1012 1257 ἐποίησαν
1048 1194 1130 1262 ὡς
1170 1195 1614 1267 ἐδιδάχθησαν,
1671 1202 1772 1256 καὶ
1812 1202 1903 1258 δι·-

387 1542 457 1597 Ἦ
489 1545 589 1617 μὲν
622 1542 716 1602 οὗν
738 1549 870 1623 ἄλλη
902 1553 1088 1626 Μαρία
1112 1556 1338 1631 (ταύτην
1377 1558 1433 1614 δὲ
1466 1556 1611 1616 εἶναι
1640 1561 1739 1634 τὴν
1763 1562 1899 1619 Θεο-

296 1634 466 1729 sedum
495 1640 772 1695 πιστεύειν
807 1644 1116 1716 ἀκόλουθον,
1158 1651 1239 1705 ὅτι
1293 1653 1428 1725 μηδὲ
1470 1654 1770 1729 ἀπελείφθη
1798 1639 1897 1713 τοῦ

302 1727 515 1793 πάθους
538 1771 553 1793 ,
582 1731 698 1785 ἀλλ’
728 1734 915 1790 ἵστατο
958 1740 1108 1811 παρά
1140 1741 1219 1814 τῷ
1245 1745 1497 1817 σταυρῷ,
1526 1746 1604 1812 ὼς
1646 1727 1897 1820 Ἰωάννης

2000 564 2126 615 dant
2161 560 2226 616 de
2252 563 2497 616 custodia
2538 564 2592 615 in
2619 561 2801 616 urbem
2833 573 3102 629 venerunt,
3146 580 3219 619 .ac
3251 565 3584 620 renuntiave-

2002 659 2123 706 runt
2155 650 2481 721 principibus
2508 649 2843 705 sacerdotum
2873 654 3074 715 omnia,
3104 669 3223 724 qua:
3249 654 3578 712 acciderant.

2001 746 2170 812 Atque
2200 741 2283 796 illi
2307 743 2500 804 coacti,
2530 757 2741 812 unaque
2767 759 2883 797 cum
2911 744 3208 800 senioribus
3236 745 3418 801 habito
3450 761 3581 800 con-

1999 834 2124 887 silio
2151 834 2283 886 satis
2320 849 2566 903 magnam
2598 835 2881 901 pecuariam
2904 833 3161 888 dederunt
3202 835 3464 889 militibus
3493 834 3579 889 di-

1999 934 2171 980 centes
2203 938 2222 978 :
2250 923 2441 987 Dicite,
2493 925 2638 995 quod.
2667 925 2916 995 discipuli
2971 925 3086 995 ejus
3138 936 3288 980 nocte
3325 928 3575 988 venerint,

1998 1025 2049 1070 et
2102 1016 2458 1085 subripuerint
2501 1032 2622 1070 eum
2659 1015 2805 1072 vobis
2843 1016 3243 1071 dormientibus.
3282 1016 3352 1071 Et
3385 1016 3433 1070 si
3479 1017 3578 1069 hoc

1998 1107 2232 1163 delatum
2264 1107 2422 1176 fuerit
2444 1107 2533 1171 ,σά
2568 1110 2872 1175 prazsidem,
2917 1125 3012 1163 nos
3043 1107 3478 1177 persuadebimus
3504 1107 3575 1173 ei,

1997 1207 2047 1251 et
2072 1213 2159 1251 vos
2187 1212 2401 1251 securos
2430 1194 2730 1252 reddemus.
2762 1196 2856 1251 Illi
2878 1208 3056 1252 autem
3089 1208 3304 1266 accepta
3331 1197 3574 1266 pecunia,

1998 1288 2230 1358 fecerunt
2276 1286 2717 1359 quemadmodum
2754 1298 2908 1343 erant
2933 1290 3106 1344 edocti
3133 1306 3153 1345 :
3177 1301 3226 1345 et
3270 1291 3574 1360 divulgatus

1996 1392 2072 1436 est
2122 1382 2207 1437 hic
2269 1398 2453 1436 rumor
2500 1380 2640 1450 apud
2679 1379 2901 1437 Judwos
2950 1398 3114 1454 usque
3162 1383 3218 1436 in
3264 1381 3575 1437 hodiernum

1998 1474 2135 1528 diem
2160 1475 2202 1530 ⁵.

2066 1567 2249 1636 Atque
2277 1565 2449 1621 altera
2482 1564 2702 1635 quidem
2747 1562 2917 1618 Maria
2953 1564 3116 1636 (hanc
3146 1571 3329 1620 autem
3364 1562 3565 1634 Deipa-

1997 1670 2115 1711 ram
2168 1655 2345 1713 fuisse
2390 1656 2615 1713 credere
2659 1664 3092 1712 consentaneum
3139 1664 3225 1711 est
3265 1654 3571 1725 :quoniam

1998 1763 2102 1803 uec
2153 1762 2183 1802 a
2233 1746 2491 1818 passione
2537 1746 2763 1818 quidem
2811 1748 3008 1813 abfuit,
3061 1747 3158 1803 sed
3215 1746 3397 1802 stabat
3416 1745 3573 1817 juxta

306 1820 597 1894 ἱστόρησεν
624 1820 697 1901 ,ᾖ
749 1828 842 1882 καὶ
871 1828 1076 1901 ἔπρεπε
1105 1832 1174 1887 τά
1202 1836 1302 1904 τῆς
1333 1838 1509 1908 χαρᾶς
1540 1838 1892 1908 εὐαγγελίσα-

1998 1854 2251 1906 crucem,
2304 1848 2366 1895 ut
2407 1837 2647 1895 Joannes
2697 1839 2975 1895 memoria
3030 1836 3349 1908 prodidit',
3406 1850 3571 1908 quam

306 1912 462 2006 σθαι,
485 1917 609 1991 ῥίζῃ
636 1920 734 1990 τῆς
771 1923 948 1993 χαρᾶς
977 1922 1135 1997 οὔσῃ,
1171 1927 1265 1980 καὶ
1293 1927 1472 1994 καλῶς
1502 1930 1784 2006 ἀκουσάτω
1809 1932 1892 2000 τὸ,

300 2005 488 2076 Xane
509 2051 526 2072 ,
580 2016 1018 2086 κεχαριτωμένη
1044 2058 1059 2082 ,
1093 2022 1128 2074 ό
1160 2022 1376 2091 Κύριος
1423 2026 1575 2095 μετὰ
1618 2005 1803 2097 σοῦ),
1835 2026 1897 2081 τὸ

301 2099 640 2174 πρόσταγμα
686 2103 781 2160 τοῦ
822 2109 1030 2181 Κυρίου
1084 2110 1368 2184 πληροῦσα
1390 2155 1405 2180 ,
1457 2118 1571 2175 τοῖς
1625 2116 1898 2188 μαθηταῖς

300 2191 527 2255 πάντως
551 2195 907 2267 ἀπήγγειλεν.
947 2202 1024 2257 Οὐ
1070 2204 1179 2276 γὰρ
1203 2201 1271 2277 ἧν
1305 2206 1462 2279 Θέμις
1500 2207 1576 2280 μὴ
1602 2207 1896 2281 πληρωθῖγ

300 2301 397 2338 ναι
430 2286 491 2339 τὸ
517 2285 662 2341 οὕτω
709 2291 887 2361 σοφῶς
919 2294 1275 2369 οίκονομηθέν
1308 2316 1367 2352 τε
1402 2299 1495 2354 καὶ
1536 2301 1894 2374 προσταχθὲν,

302 2378 357 2430 εί
412 2379 509 2433 καὶ
555 2382 864 2453 ἠπίστησαν
899 2387 953 2439 οἱ
983 2388 1335 2456 ἀκούσαντες.
1384 2392 1536 2446 Ἐπεὶ
1568 2394 1671 2448 καὶ·
1704 2393 1897 2449 ἕπεται

298 2470 470 2524 τοῦτο
503 2472 763 2538 πολλάκις
804 2479 870 2548 τῇ
904 2477 1012 2531 τῶν
1055 2480 1549 2553 ἀπαγγελλομένων
1605 2483 1897 2555 θαυμάτων

300 2561 606 2634 ὑπερϐολῇ.
639 2564 712 2615 Οὐ
737 2564 847 2637 γὰρ
874 2564 939 2620 ἂν
970 2568 1130 2639 ἀργοὶ
1161 2569 1458 2640 διέμειναν,
1477 2574 1524 2624 εί
1547 2570 1893 2626 ἐπίστευσαν.

315 2651 384 2705 Ἠ
426 2652 484 2705 δὲ
515 2655 848 2728 Μαγδαληνὴ
900 2662 1351 2733 συμπορευομένῃ
1387 2664 1452 2734 τῇ
1489 2661 1734 2734 Θεοτὸκῳ
1758 2703 1773 2724 ,
1802 2664 1897 2717 καὶ

297 2743 448 2815 πρὸς
474 2744 575 2816 τὴν
601 2746 941 2817 ἀπαγγελίαν
960 2750 1160 2821 ὁμοίως
1185 2751 1512 2825 ἐπειγομένη
1534 2794 1549 2813 ,
1581 2753 1815 2808 πέπονθέ
1841 2771 1901 2807 τι

298 2836 401 2888 καὶ
434 2835 773 2907 ἀνθρώπινον
798 2857 811 2871 ·
840 2840 934 2894 καὶ
970 2840 1159 2913 ὥσπερ
1199 2845 1227 2897 ὁ
1258 2843 1465 2916 Πέτρος
1504 2843 1609 2898 ὑπὸ
1658 2844 1895 2916 Ἡρώδου

297 2926 636 2999 συλληφθεὶς
656 2970 670 2991 .
700 2930 795 2985 καὶ
833 2931 933 2986 διάο
956 2932 1053 2987 τοῦ
1087 2934 1325 3003 ἀγγέλου
1372 2936 1479 2989 τῶν
1513 2936 1758 2991 ἁλύσεων
1803 2938 1899 2991 λυα-

297 3020 422 3083 θεὶς
450 3021 796 3091 αὐτομάτως,
819 3024 913 3078 καὶ
941 3024 1043 3096 τῆς
1067 3026 1318 3097 φυλακῆς
1345 3027 1453 3093 ἔξω
1480 3029 1896 3100 γενόμενοςρια)⁸

294 3113 539 3167 ἐπιπολὺ
569 3113 827 3185 βαδίσας,
862 3117 938 3181 ὡς
984 3118 1079 3172 καὶ
1134 3118 1233 3188 τὴν
1296 3120 1398 3191 τῆς
1454 3121 1662 3186 πόλεως
1718 3122 1895 3191 πύλην

1993 1930 2159 1987 etiam
2211 1929 2443 1986 decebat
2485 1944 2575 1993 ea,
2622 1944 2746 2000 quae
2794 1930 2861 1983 ad
2899 1928 3159 2000 gaudium
3204 1926 3573 1998 pertinebant,

1995 2020 2350 2085 annuutiare,
2382 2028 2445 2075 ut
2467 2035 2591 2091 quae
2621 2020 2775 2075 radix
2812 2018 2999 2091 gaudii
3026 2028 3199 2085 esset,
3229 2032 3294 2072 ae
3313 2015 3577 2089 praeclare

1994 2112 2303 2169 audivisset
2337 2111 2495 2175 illud,
2544 2112 2677 2179 Ave,
2727 2113 2907 2182 gratia
2952 2110 3131 2180 plena,
3187 2109 3449 2163 Dominus
3499 2115 3576 2161 te-

1997 2214 2117 2254 cum
2136 2197 2222 2270 °),
2289 2198 2613 2255 mandatum
2658 2198 2875 2257 Domini
2927 2214 3240 2270 exsequens
3287 2197 3577 2268 discipulis

1995 2292 2222 2346 omnino
2267 2292 2544 2362 exposuit.
2579 2288 2701 2347 Non
2753 2290 2900 2347 enim
2953 2289 3041 2346 l‘as
3092 2299 3211 2346 erat
3246 2307 3357 2346 non
3398 2289 3576 2344 adim-

1996 2382 2132 2452 pleri
2184 2381 2260 2445 id,
2305 2383 2453 2452 quod
2498 2383 2572 2437 ita
2611 2384 2762 2440 clare
2810 2383 3167 2454 dispositum,
3218 2382 3578 2438 administra-

1996 2484 2135 2540 tum,
2183 2482 2241 2529 et
2285 2483 2613 2545 prazceptum
2670 2484 2811 2543 emt,
2865 2476 3085 2531 tametsi
3130 2490 3240 2529 non
3288 2473 3577 2529 crederent

1994 2567 2090 2647 qui
2140 2567 2457 2622 audiebant.
2498 2566 2770 2633 Quoniam
2814 2568 2921 2623 hoc
2961 2582 3181 2637 quoque
3233 2579 3377 2635 saepe
3427 2564 3577 2620 acci-

1995 2660 2124 2716 dere
2169 2660 2337 2725 solet,
2354 2659 2485 2714 dum
2524 2660 2794 2716 immensa
2840 2659 3104 2715 miracula
3147 2656 3573 2713 annuntiantur.

1995 2746 2184 2819 Neque
2207 2748 2353 2804 enim
2389 2750 2553 2804 otiosi
2600 2749 3060 2818 permansissent,
3098 2750 3144 2804 si
3193 2747 3575 2803 credidissent.

1997 2842 2069 2896 At
2092 2840 2428 2913 Magdalenze
2457 2858 2566 2897 una
2600 2857 2727 2897 cum
2757 2841 2993 2912 Deipara
3030 2841 3254 2896 abeunti
3293 2849 3350 2895 et
3388 2840 3579 2894 simili-

1998 2940 2081 2987 ter
2121 2932 2187 2987 ad
2237 2934 2679 2988 annuntiandum
2726 2932 3042 3003 properanti
3079 2932 3280 2987 accidit
3317 2930 3576 3002 quiddam

1998 3039 2151 3081 more
2190 3025 2557 3081 bumano:et
2605 3024 3065 3096 quemadmodum
3115 3023 3311 3078 Petrus
3360 3022 3429 3077 ab
3474 3020 3579 3076 lle-

1997 3119 2132 3174 rode
2160 3118 2621 3189 comprehensus,
2650 3124 2707 3171 et
2747 3131 2847 3187 per
2879 3117 3132 3187 angelum
3182 3113 3384 3169 solutis
3429 3113 3577 3167 ultro

295 3207 537 3262 διελθεῖν
556 3248 573 3271 ,
600 3208 801 3280 ἀληθὲς
829 3210 929 3265 οὐκ
953 3210 1091 3281 ᾤετο
1121 3211 1182 3266 τὸ
1206 3212 1489 3282 γινόμενον
1512 3253 1528 3278 ,
1563 3214 1678 3268 ἀλλ’
1711 3214 1893 3283 ἐνόμι-

1998 3208 2212 3262 catenis
2270 3222 2337 3262 ex
2384 3206 2638 3262 custodia
2687 3206 2942 3270 eductus,
3004 3206 3349 3274 multumque
3413 3203 3574 3274 spatii

300 3299 397 3364 ζεν
439 3299 630 3370 ὅραμα
670 3300 889 3371 βλέπειν
914 3318 929 3334 ·
962 3302 1104 3357 οὕτω
1137 3304 1232 3358 καὶ
1267 3303 1408 3376 αὕτη
1446 3305 1543 3377 τὴν
1590 3306 1896 3377 ὑπερϐολὴν

299 3386 398 3441 τοῦ
449 3386 729 3460 θαύματος
757 3390 919 3444 οἱονεὶ
957 3390 1184 3463 ἄκαιρόν
1217 3408 1338 3445 τινα
1386 3390 1714 3463 λογισαμένη
1735 3433 1750 3456 ,
1801 3393 1896 3447 καὶ

304 3479 426 3549 ἅμα
484 3478 595 3532 τῶν
647 3478 905 3549 φυλάκων
953 3478 1371 3550 ὲπιφθασάντων
1424 3479 1518 3533 καὶ
1571 3479 1894 3551 ἀρξαμένων

307 3565 447 3636 μετά
472 3566 583 3620 τῶν
610 3568 914 3639 ἀρχιερέων
952 3569 1052 3640 τὴν
1082 3569 1450 3640 συκοφαντίαν
1478 3568 1722 3639 ὑφαίνειν
1755 3569 1895 3624 κατά

303 3658 406 3730 τῆς
437 3659 818 3724 ἀναστάσεως·
847 3660 1150 3733 αἰσθομένη
1191 3663 1408 3725 πάντως
1458 3660 1699 3715 τοιούτου
1752 3661 1897 3727 τινὸς

308 3750 823 3823 ὲπιψιθυριζομὲνου
849 3794 864 3817 ,
904 3754 1032 3817 τοὺς
1081 3754 1179 3825 τῆς
1207 3754 1537 3826 ἀμφιϐολίας
1566 3752 1897 3827 παρεδέξατο

311 3841 602 3912 λογισμοὺς
619 3886 636 3910 ,
665 3844 762 3898 καὶ
782 3845 883 3914 τῆς
901 3844 1243 3915 ἀπαγγελίας
1272 3846 1644 3919 ὀλιγωρήσας,
1677 3846 1772 3900 καὶ
1798 3844 1894 3900 τοῦ

316 3934 588 4005 σωτηρίου
637 3937 1092 4010 προστάγματος.
1145 3938 1283 4010 πρὸς
1328 3939 1419 3993 τὸν
1480 3938 1648 4008 τάφον
1699 3936 1895 4009 ἐχώρει

314 4024 500 4096 πρωῒ,
536 4029 780 4095 σκοτίας
829 4029 914 4084 ἔτι
971 4029 1163 4096 οὔσης
1199 4071 1214 4094 ,
1273 4029 1351 4093 ὡς
1398 4029 1653 4099 Ἰωάννης
1707 4028 1894 4099 φησίν.

311 4119 524 4190 Ὠσπερ
569 4119 679 4193 γὰρ
725 4121 1106 4194 συνεχώρησεν
1157 4125 1187 4177 ὁ
1220 4122 1426 4194 Κύριος
1471 4122 1561 4176 τὸν
1595 4122 1795 4193 Θωμᾶν
1834 4121 1901 4190 ἐξ

300 4210 563 4275 ἀπιστίας
590 4213 796 4277 εἰπεῖν,
851 4213 993 4268 Ἐὰν
1019 4213 1107 4284 μὴ
1143 4214 1248 4267 ῑδω
1273 4214 1343 4268 ἐν
1366 4214 1494 4280 ταῖς
1531 4215 1746 4283 χερσίν
1783 4216 1896 4271 αὑ-

300 4302 410 4358 τοῦ
433 4303 543 4357 τὸν
567 4304 762 4358 τύπον
785 4303 904 4359 τῶν
929 4304 1116 4371 ἥλων,
1138 4304 1238 4358 καί
1259 4303 1436 4368 ,ϐάλω
1460 4304 1570 4360 τὸν
1590 4306 1899 4361 δάκτυλόν

292 4411 417 4465 μου
434 4396 526 4460 είς
549 4394 660 4449 τὸν
699 4396 893 4450 τύπον
914 4395 1032 4450 τῶν
1058 4396 1245 4464 ἥλων,
1271 4395 1560 4462 aediﬁde
1585 4397 1701 4467 τὴν
1727 4397 1898 4468 xet'pd

290 4500 417 4554 μου
442 4486 535 4549 είς
558 4482 673 4552 τὴν
697 4483 967 4552 πλευρὰν
997 4484 1205 4547 αὑτοῦ,
1236 4486 1309 4539 οὐ
1329 4485 1418 4556 μὴ
1448 4487 1772 4542 πιστεύσω
1803 4487 1896 4542 καὶ

294 4575 390 4629 διὰ
415 4576 515 4647 τῆς
537 4576 746 4629 ἐκείνου
778 4575 1234 4647 πολυπράγμονος
1258 4578 1515 4643 ἀπιστίας
1537 4580 1630 4633 καὶ
1654 4581 1891 4653 ἐπαφῆς,

293 4668 463 4736 ἡμεῖς
494 4669 578 4731 είς
612 4668 712 4737 τὴν
766 4668 950 4721 πίστιν
1004 4667 1416 4741 ἐϐεϐαιώθημεν
1443 4711 1458 4736 ,
1510 4672 1567 4725 ὲν
1596 4665 1641 4740 ᾧ
1676 4671 1894 4744 σώματι

296 4759 612 4824 πέπονθεν,
649 4762 708 4814 ὲν
734 4761 883 4833 αὐτῷ
913 4763 1008 4817 καὶ
1055 4762 1355 4835 ἐγηγέρθαι
1387 4765 1774 4830 πιστεύσαντες
1802 4766 1896 4820 τὸν

312 4852 700 4923 Ἑμμανουὴλ,
734 4854 862 4918 τοὺς
891 4857 990 4926 τῆς
1018 4854 1291 4926 δοκήσεως
1317 4854 1519 4926 μύθους
1561 4857 1894 4928 ἀποπεμψά-

296 4961 489 5015 μενοι·
516 4944 608 4999 τὸν
631 4945 793 5000 αὐτὸν
817 4948 1016 5019 τρόπον
1043 4950 1137 5002 καὶ
1159 4950 1258 5020 τὴν
1283 4950 1648 5022 Μαγδαληνὴν
1674 4950 1894 5022 Μαρίαν

289 5036 446 5106 πρὸς
498 5036 754 5103 ἀπιστίας
788 5039 1236 5112 ὑπονοστήσασαν
1262 5079 1277 5105 ,
1327 5041 1424 5096 καί⁸
1478 5041 1899 5114 μεγαλευχερῶς

287 5127 466 5183 τοῦτο
496 5129 775 5185 παθοῦσαν
805 5132 946 5202 (οὐκ
975 5132 1171 5205 ἄδηλον
1205 5132 1311 5207 γὰρ
1350 5132 1412 5187 τὸ
1437 5134 1539 5205 τῆς
1580 5133 1898 5202 γυναικείας

284 5219 584 5276 εύόλισθον
633 5221 928 5295 φύσεως),
980 5223 1277 5297 συνεχώρει
1320 5224 1409 5279 διὰ
1442 5225 1542 5296 τῆς
1597 5225 1892 5298 περιέργου

282 5310 633 5384 ζητήσεινς,
689 5313 1010 5385 πιστότερον
1056 5313 1394 5387 ἐργάσασθαι
1445 5312 1507 5367 τὸ
1534 5378 1537 5381 _
1564 5312 1749 5385 θαῦμα
1793 5312 1896 5383 τῆς

282 5402 658 5469 ἀναστάσεως
681 5445 697 5470 ,
749 5405 987 5471 πίστεως
1047 5406 1293 5477 ὑπάρχον
1353 5405 1498 5479 πέρα
1542 5408 1640 5461 καὶ
1692 5407 1896 5471 παντὸς

286 5497 593 5570 λογισμοῦ.
624 5499 736 5553 Καὶ
761 5499 901 5569 μετὰ
938 5496 1113 5553 ταῦτα
1157 5497 1257 5568 τῆς
1304 5496 1608 5567 ἀμφιϐόλου
1656 5498 1894 5560 διανοίας

291 5589 542 5647 ὶλθοῦσα
563 5630 580 5657 ,
607 5590 703 5644 καὶ
733 5589 915 5644 ίδοῦσα
950 5588 1111 5662 μόνον
1140 5588 1232 5643 τὸν
1269 5587 1416 5644 λίθον
1460 5589 1894 5646 ἀποκυλισθέντα

1998 3312 2348 3368 progressus,
2396 3312 2507 3366 quo
2536 3297 2605 3351 ad
2641 3305 2853 3366 portam
2883 3311 3104 3366 quoque
3131 3297 3285 3351 urbis
3325 3295 3578 3349 transiis-

1998 3399 2106 3452 set,
2155 3403 2266 3443 non
2312 3388 2541 3458 putabat
2572 3402 2763 3444 verum
2802 3402 2925 3443 esse
2959 3385 3106 3457 quod
3148 3385 3430 3456 agebatur,
3477 3388 3577 3443 sed

2000 3477 2264 3534 visionem
2317 3491 2377 3534 se
2432 3476 2619 3534 videre
2670 3478 3022 3535 existimabat
3061 3478 3184 3534 :ita
3239 3480 3403 3533 etiam
3458 3477 3575 3533 haec

1996 3584 2122 3625 cum
2158 3571 2535 3627 excellentiam
2585 3571 2837 3626 miraculi
2888 3570 3055 3628 veluti
3099 3570 3473 3642 importunum
3522 3578 3579 3625 et

1998 3663 2441 3735 intempestivum
2476 3662 2732 3735 quiddam
2773 3678 2896 3720 esse
2938 3670 3241 3734 reputaret,
3286 3670 3341 3718 et
3382 3662 3573 3724 simul,

1999 3762 2360 3827 posteaquam
2397 3757 2657 3813 custodes
2700 3757 3149 3819 antevertissent,
3184 3764 3396 3810 etcum
3434 3768 3575 3825 pon-

1998 3847 2240 3904 tiﬁcibus
2272 3847 2576 3919 cmpissent
2602 3856 2801 3915 texere
2829 3847 3160 3902 calumniam
3195 3846 3461 3903 adversus
3493 3859 3583 3900 re-

1998 3938 2424 4002 surrectionem,
2464 3954 2696 4011 prorsus
2734 3940 2845 3995 tale
2887 3939 3146 4009 quiddam
3193 3937 3576 3994 subsusurrari

1998 4028 2291 4095 sensisset,
2325 4029 2703 4101 ambiguitatis
2734 4044 2800 4085 ac
2822 4029 3182 4085 dubitationis
3212 4028 3579 4099 cogitationes

1998 4121 2223 4178 admisit
2252 4140 2268 4177 :
2297 4122 2656 4193 neglectaque
2686 4122 3098 4193 renuntiatione
3136 4129 3303 4191 atque
3346 4118 3580 4175 salutari

1997 4211 2279 4280 mandato,
2311 4189 2396 4267 ad.
2411 4189 2728 4283 sepulcrum
2755 4189 3013 4266 tebdebat
3040 4189 3228 4274 mane,
3250 4208 3382 4263 Cum
3404 4208 3577 4262 adhuc

1999 4303 2223 4360 tenebrae
2273 4312 2467 4367 essent,
2525 4308 2583 4356 ut
2623 4298 2867 4355 Joannes
2917 4301 3055 4353 ait’.
3101 4297 3576 4364 Quemadmodum

1998 4398 2144 4454 enim
2176 4395 2432 4467 permisit
2477 4393 2766 4457 Dominus,
2811 4401 2872 4446 ut
2896 4406 2963 4446 ex
2999 4389 3387 4445 incredulitate
3430 4388 3578 4445 Tuo—

1999 4506 2121 4546 mas
2149 4491 2384 4551 diceret,
2426 4487 2553 4542 Nisi
2587 4485 2762 4541 videro
2797 4488 2853 4540 in
2882 4482 3128 4539 manibus
3151 4484 3268 4553 ejus
3305 4483 3578 4554 vestigium

1995 4584 2288 4647 clavorum,
2335 4592 2385 4636 et
2440 4582 2650 4635 mittam
2698 4580 2924 4650 digitum
2978 4595 3148 4633 meum
3201 4578 3255 4632 in
3306 4577 3580 4647 vestigium

1996 4676 2288 4738 clavorum,
2325 4674 2532 4727 mittam
2565 4673 2690 4726 item
2722 4687 2938 4726 manum
2968 4688 3140 4726 meam
3175 4672 3227 4724 in
3260 4669 3400 4723 latus
3438 4667 3576 4737 ejus,

1998 4782 2103 4820 non
2146 4763 2401 4819 credam‘l
2434 4782 2448 4818 :
2482 4777 2544 4818 ac
2581 4778 2678 4833 per
2710 4764 2993 4818 curiosam
3034 4761 3183 4815 illius
3223 4758 3581 4814 incredulita-

1996 4866 2108 4914 tem
2145 4865 2203 4913 et
2230 4854 2749 4919 contrectationem,
2789 4869 2893 4909 nos
2931 4855 2986 4908 in
3017 4868 3137 4908 eam
3178 4852 3338 4906 [idem
3368 4849 3578 4906 contir-

1997 4949 2135 5005 mati
2182 4964 2400 5015 sumus,
2448 4955 2509 5001 ut
2548 4948 2771 5003 omissis
2825 4945 3151 5017 opinionum
3199 4959 3265 5001 ac
3307 4944 3580 5017 suspicio-

1997 5056 2128 5096 num
2160 5040 2387 5107 l'abulis,
2424 5054 2535 5112 quo
2567 5054 2801 5109 corpore
2826 5053 3028 5109 passus
3053 5046 3158 5103 est,
3194 5039 3386 5095 eodem
3412 5038 3576 5094 etiam

1999 5131 2396 5189 resuscitatum
2431 5146 2558 5187 esse
2584 5130 2877 5186 credamus
2906 5127 3316 5185 Emmanuelem
3347 5148 3360 5185 :
3385 5127 3578 5185 eodem

1997 5224 2161 5280 modo
2194 5222 2422 5279 Mariam
2472 5238 2697 5295 quoque
2742 5220 3118 5293 Magdalenam
3165 5222 3234 5275 ad
3277 5220 3581 5276 increduli-

1994 5324 2165 5373 tatem
2199 5331 2505 5381 reversam,
2555 5331 2681 5372 cum
2722 5316 2829 5370 hoc
2858 5315 3026 5370 etiam
3076 5313 3297 5370 [acilius
3344 5314 3393 5369 ei
3434 5312 3579 5368 acci-

1995 5408 2170 5464 disset
2205 5413 2336 5479 (non
2360 5409 2548 5480 ignota
2584 5418 2671 5466 est
2699 5406 2847 5462 enim
2878 5405 3168 5461 muliebris
3201 5419 3369 5461 sexus
3408 5405 3579 5475 fragi-

2000 5500 2128 5555 litas
2165 5511 2221 5556 et
2257 5499 2497 5557 facilitas
2529 5500 2598 5557 ad
2645 5497 2907 5570 lapsum).
2946 5512 3045 5568 per
3074 5496 3352 5553 euriosam
3391 5503 3447 5553 et
3479 5512 3581 5551 su-

2003 5606 2332 5663 pervacuam
2373 5594 2814 5665 inquisitionem,
2853 5592 3184 5648 miraculum
3214 5590 3581 5649 resurrectio—

366 5773 393 5801 δ
426 5765 622 5822 Matth.
650 5783 844 5835 sum,
885 5769 1066 5825 ll-Iii.
1142 5771 1162 5802 ⁸
1185 5767 1344 5826 Joan.
1406 5786 1518 5839 six,
1713 5769 1732 5800 ‘
1762 5767 1895 5829 Luc.

1998 5768 2084 5828 28.
2160 5771 2182 5805 "
2210 5769 2370 5828 Joan.
2412 5787 2500 5840 xx,
2540 5773 2587 5828 l.
2664 5773 2687 5808 ⁸
2718 5744 2851 5828 ibid.
2893 5773 2985 5831 25.
