3930 6210
242 330 249 341 ’
351 347 461 406 655

1599 348 1659 406 8.
1695 349 2030 409 GREGORII
2068 351 2366 414 NYSSENI
3469 357 3578 415 636

342 466 455 534 nis,
491 467 637 539 quod
674 481 890 525 omnem
942 466 1104 524 ﬁdem
1147 467 1643 540 cogitationemque
1687 479 1912 540 superat

2036 474 2114 545 τῆς
2145 474 2316 548 θύρας
2355 475 2450 531 τοῦ
2488 479 2767 549 μνήματος
2789 518 2804 542 ,
2832 477 2892 532 οὗ
2924 476 3027 549 μὴν
3056 476 3285 547 ἄγγελον
3327 476 3413 530 ἐπ’
3441 477 3587 549 αὐτῷ

343 568 507 631 atque
528 559 768 624 excedit,
794 558 1115 615 credibilius
1141 558 1353 616 elﬁcere
1384 559 1757 629 permittebat.
1777 561 1914 617 Cum

2036 563 2268 637 ιαθάπερ
2296 566 2394 638 ήδη
2429 567 2568 638 καθή
2578 585 2756 639 μενον,
2778 567 2973 622 δέδωκε
2998 569 3063 639 τῇ
3095 567 3355 637 ἀπιστείᾳ
3377 567 3438 621 τὸ
3466 584 3588 637 κρα-

348 651 450 706 bac
475 651 641 722 igitur
680 650 932 721 ambigua
961 659 1145 707 mente
1173 651 1467 715 accedens,
1512 665 1637 706 cum
1678 651 1915 723 lapidem

2036 657 2134 709 ξεῖν
2157 697 2173 722 ,
2231 658 2533 727 φαντασίαν
2578 657 2822 729 οίηθεῖσα
2864 656 2964 729 τὴν
3001 657 3129 711 θέαν
3182 656 3278 712 καὶ
3315 656 3586 723 ἔκστασιν,

344 740 617 795 duntaxat
650 739 721 795 ab
759 739 905 795 ostio
936 741 1275 795 monumenti
1308 740 1615 795 revolutum
1661 740 1914 808 vidisset,

2036 746 2112 799 cati.
2141 746 2240 817 οὐχ
2285 747 2362 810 ὡς
2410 747 2581 819 ἀληθῆ
2607 790 2622 813 ,
2666 747 2781 801 ἀλλ’
2806 746 2884 812 ὡς
2931 747 3136 818 ψευδῆ·
3170 749 3264 802 καὶ
3308 746 3594 819 δραμοῦσα

344 831 595 902 angelum
643 839 828 885 autem
878 846 985 886 non
1028 832 1263 902 amplius
1310 846 1478 901 super
1518 845 1605 898 eo,
1657 840 1717 886 ut
1752 833 1917 903 paulo

2036 838 2154 908 τρδς
2195 837 2286 893 τὸν
2313 838 2519 911 Πέτρον
2551 839 2645 894 καὶ
2680 840 2771 893 τὸν
2814 839 2973 894 ἄλλον
3005 838 3251 911 μαθητὴν
3273 880 3288 904 ,
3329 839 3390 892 δν
3424 838 3599 908 ἐφίλει

346 929 496 986 aute,
541 922 853 989 sedentem;
899 923 967 978 ab
1015 922 1400 979 incredulitate
1451 923 1595 978 vinci
1649 939 1711 980 se
1751 939 1913 995 passa

2036 928 2266 1000 Ἰησοῦς,
2314 928 2443 982 ἐϐόα
2479 929 2741 998 λέγουσα·
2771 925 2967 999 Ἦραν
3000 928 3109 984 τὸν
3145 930 3365 998 Κύριον
3388 931 3461 984 ἐκ
3489 930 3599 985 τοῦ

343 1020 453 1079 est,
481 1013 926 1084 imaginationem
969 1022 1026 1070 et
1057 1015 1445 1070 alienationem
1481 1014 1679 1071 mentis
1709 1030 1778 1070 ex
1816 1030 1914 1085 pa-

2036 1015 2325 1084 ινημείου,
2358 1016 2580 1072 καὶούκ
2613 1014 2746 1073 οῖδα
2776 1018 2894 1073 ποῦ
2924 1018 3151 1085 ἔθηκαν
3171 1020 3376 1073 αὐτόν.

346 1124 481 1163 vore
534 1110 819 1180 repentino
876 1116 1215 1166 contractam
1281 1124 1406 1167 esse
1443 1111 1769 1167 existimans
1821 1110 1897 1176 id,
1969 1110 2118 1182 quod
2185 1112 2339 1183 prius
2369 1112 2600 1178 viderat,
2646 1112 2810 1183 idque
2853 1129 2963 1169 non
2992 1129 3091 1184 pro
3132 1129 3283 1177 vero,
3325 1113 3424 1170 sed
3498 1130 3601 1186 pro

352 1201 492 1257 falso
520 1202 1064 1282 ducebat:cumque
1116 1204 1448 1261 accurrisset
1494 1205 1559 1261 ad
1601 1204 1825 1261 Petrum
1867 1213 1924 1262 et
1961 1206 2030 1262 ad
2080 1207 2248 1261 alium
2300 1207 2656 1277 discipulum,
2685 1223 2846 1279 quem
2898 1210 3160 1281 diligebat
3223 1208 3410 1276 Jesus,
3484 1210 3602 1265 cla-

351 1291 567 1353 mabat,
619 1292 805 1349 dicens
844 1292 1235 1350 :Snatulerunt
1284 1293 1571 1349 Dominum
1620 1311 1687 1350 ea:
1743 1306 2097 1363 monumento,
2121 1306 2171 1352 et
2200 1299 2372 1352 nescio
2401 1297 2491 1352 ubi
2519 1299 2786 1367 posuerint
2823 1302 3004 1355 eum’.

422 1382 590 1439 Vides
619 1383 763 1455 quod
801 1398 927 1439 cum
957 1399 1025 1440 ex
1066 1371 1137 1441 iis
1167 1400 1290 1457 quae
1317 1393 1443 1457 post
1470 1380 1792 1443 relationem
1821 1402 1921 1442 cu-

2101 1386 2265 1460 Ὁρᾷς
2300 1389 2378 1453 ὡς
2428 1388 2497 1443 ἐκ
2545 1388 2655 1442 τῶν
2690 1387 3152 1461 λογοποιηθέντων
3182 1390 3397 1462 νύκτωρ
3449 1389 3605 1462 παρά

354 1477 571 1533 stodum
604 1486 771 1534 noctu
805 1479 950 1549 apud
972 1478 1194 1536 Judtcos
1221 1480 1457 1536 conﬁcta
1485 1490 1668 1546 erant,
1710 1479 1920 1550 aliquid

2036 1479 2305 1544 Ἰουδαίοις
2334 1481 2471 1551 μετά
2513 1479 2610 1552 τὴν
2647 1479 2753 1533 τῶν
2783 1465 3038 1551 φυλάκων
3079 1480 3451 1554 παραγγελίαν
3503 1498 3604 1535 πει

355 1568 462 1623 tale
508 1567 577 1622 ad
627 1583 792 1625 aures
832 1570 954 1640 ejus
985 1571 1348 1641 pervenisset,
1398 1578 1581 1626 mente
1627 1570 1921 1625 immutata

2036 1570 2393 1644 ριηχιηθ]εῖσά
2431 1589 2485 1626 τι
2522 1573 2797 1640 τοιοῦτον,
2834 1573 3147 1644 παρηνέχθη
3183 1572 3276 1626 τὸν
3309 1572 3603 1642 λογισμόνι

354 1668 521 1730 atque
555 1660 853 1731 depravata
878 1668 965 1717 est
995 1679 1011 1717 :
1047 1676 1112 1716 ac
1147 1662 1357 1732 putavit
1388 1660 1736 1718 adversarios
1770 1660 1921 1715 fura-

2036 1662 2117 1716 ιιαὶ
2137 1662 2289 1734 ᾠήθη
2321 1664 2447 1726 τοὺς
2464 1664 2738 1728 ἐναντίους
2769 1664 2963 1733 κλέψαι
2989 1664 3050 1717 τὸ
3087 1661 3248 1733 σῶμα
3266 1661 3361 1715 τοῦ
3401 1661 3605 1731 Ἰησοῦ,

356 1760 442 1806 tos
470 1767 597 1808 esse
620 1767 824 1823 corpus
852 1750 1007 1816 Jesu,
1037 1761 1097 1807 ut
1130 1752 1334 1808 l'urtum
1371 1751 1429 1808 in
1467 1751 1752 1823 apostolos
1788 1764 1924 1806 con-

2036 1754 2115 1808 ίνα
2140 1753 2240 1826 τὴν
2269 1753 2475 1824 κλοπὴν
2498 1756 2610 1818 τοῖς
2641 1753 2957 1817 ἀποστόλοις
2980 1752 3372 1823 ἐπιφημίσωσι.
3405 1752 3556 1822 Πλὴν
3578 1753 3608 1805 ό

357 1843 585 1900 ferrent.
624 1844 695 1898 At
725 1841 922 1900 Petrus
946 1852 1000 1899 et
1029 1841 1270 1900 Joannes
1310 1844 1432 1900 sine
1475 1858 1630 1899 mora
1671 1857 1927 1899 surrexe-

358 1944 523 2000 runt,
578 1942 634 1991 et
679 1935 749 1990 ad
806 1935 1120 2006 sepulcrum
1165 1944 1548 1991 cucurrerunt.
1611 1932 1733 1991 Non
1777 1935 1926 1991 enim

359 2041 560 2080 novum
610 2033 667 2082 et
720 2026 1065 2097 inepinatum
1111 2032 1235 2083 erat
1286 2026 1433 2098 quod
1479 2026 1789 2091 dicebatur,
1843 2032 1925 2091 ut,

357 2116 506 2187 quod
546 2116 615 2171 ad
662 2118 1120 2174 resurrectionem
1165 2117 1384 2182 attinet,
1419 2115 1579 2172 ﬁdem
1612 2131 1723 2171 non
1755 2115 1926 2172 habe-

359 2217 481 2264 rent
511 2225 525 2262 :
555 2208 668 2263 imo
704 2222 832 2264 vero
865 2210 1031 2263 etiam
1068 2207 1329 2263 credibile
1360 2215 1414 2263 et
1453 2222 1564 2263 non
1595 2204 1926 2263 discordans

359 2306 417 2354 et
452 2298 692 2356 alienum
722 2308 841 2355 erat
867 2313 897 2352 a
924 2298 1131 2354 malitia
1156 2296 1405 2354 Iudaica.
1435 2296 1707 2369 lntrepide
1745 2306 1926 2353 autem

356 2398 415 2445 et
447 2390 655 2460 absque
685 2397 832 2446 metu
865 2390 919 2446 id
973 2390 1230 2462 agebant,
1261 2404 1388 2445 cum
1429 2389 1710 2446 silentium
1756 2395 1927 2453 esset,

359 2482 602 2538 tenebris
643 2480 888 2537 nondum
943 2481 1237 2548 discussis,
1278 2479 1500 2553 Deoque
1554 2480 1808 2536 ﬁduciam
1848 2482 1931 2537 eis

361 2581 524 2642 atque
557 2571 726 2627 animi
766 2572 1116 2642 praesentiam
1157 2572 1634 2629 subministrante.
1668 2569 1775 2626 Sed
1804 2584 1930 2627 cum

359 2678 426 2719 eo
454 2662 757 2729 venissent,
802 2661 1097 2718 manifesta
1139 2671 1305 2734 atque
1330 2662 1606 2719 evidentia
1638 2663 1795 2732 signa
1843 2675 1932 2716 re-

361 2753 727 2810 surrectionis
761 2753 1111 2808 invenerunt.
1142 2752 1341 2808 Vident
1370 2754 1517 2808 enim
1563 2753 1622 2807 in
1668 2752 1931 2823 sepulcro

362 2844 680 2898 linteamina
710 2843 988 2913 jacentia:
1035 2843 1183 2913 quod
1237 2858 1581 2913 nequaquam
1616 2843 1928 2906 accidisset,

363 2932 411 2987 si
463 2946 663 3003 corpus
701 2931 847 2987 furto
894 2934 1171 2988 sublatum
1223 2930 1440 2988 fuisset.
1492 2931 1736 2988 Primum
1782 2934 1928 2989 enim

2025 1846 2231 1917 Πέτρος
2266 1845 2361 1899 καὶ
2403 1844 2653 1917 Ἰωάννης
2692 1846 2922 1916 ἑτοίμοις
2951 1844 3306 1916 διανέστησαν
3330 1885 3346 1911 ,
3383 1845 3482 1897 καὶ
3513 1845 3609 1897 ἐπὶ

2024 1938 2116 1993 τὸν
2146 1937 2316 2007 τάφον
2347 1937 2599 2008 ἔδραμον.
2631 1936 2706 1990 Οὐ
2733 1934 2838 2007 γάρ
2866 1931 2935 2007 ἦν
2960 1936 3260 2007 παράδοξον
3285 1934 3343 1988 τὺ
3372 1934 3610 2005 λεγόμεο

2025 2044 2116 2082 νον
2137 2069 2153 2095 ,
2199 2028 2267 2082 ἶν’
2297 2027 2374 2092 ὼς
2404 2027 2498 2081 ἐπὶ
2535 2026 2636 2097 τῆς
2660 2027 3009 2090 ἀναστάσεως
3040 2026 3385 2096 ἀπιστήσωσι
3408 2042 3425 2058 ·
3470 2025 3608 2096 μᾶλ-

2024 2119 2116 2175 λον
2146 2119 2203 2174 δὲ
2243 2121 2336 2174 καὶ⁵
2376 2119 2565 2173 πιστὸν
2613 2119 2708 2173 καὶ
2755 2120 2856 2173 οὐκ
2908 2118 3113 2190 ἀπᾷδον
3162 2117 3264 2188 τῆς
3306 2118 3607 2189 Ἰουδαϊκῆς

2026 2207 2381 2280 κακουργίας.
2418 2208 2659 2278 Ἀφόὸως
2682 2208 2740 2262 δὲ
2776 2208 2934 2262 τοῦτο
2969 2207 3184 2260 ἐποίουν
3207 2247 3223 2272 ,
3259 2206 3353 2260 καὶ
3378 2206 3610 2277 ἡσυχίας

2028 2304 2382 2377 ὑπαρχούσης
2435 2304 2529 2358 καὶ¹
2559 2303 2640 2357 έτι
2702 2302 2926 2367 σκότους
2973 2301 3159 2367 ὄντος,
3200 2301 3296 2355 καὶ
3340 2300 3480 2371 πρὸς
3510 2299 3607 2351 τοῦ

2028 2396 2164 2451 Θεοῦ
2218 2396 2279 2449 τὸ
2332 2395 2553 2468 θαρρεῖν
2604 2393 2879 2457 λαϐόντες.
2935 2391 3096 2446 Ἀλλά
3153 2391 3399 2455 ἐλθόντες
3451 2385 3609 2461 εὗρον

2028 2487 2232 2560 ἐναργῆ
2284 2485 2355 2540 τά
2392 2487 2590 2557 σημεῖα
2616 2485 2715 2556 τῆς
2745 2483 3110 2546 ἀναστάσεως.
3157 2481 3354 2553 Ὀρῶσι
3395 2481 3508 2551 γάρ
3549 2482 3607 2534 ἐν

2028 2579 2108 2652 τῷ
2143 2580 2385 2651 μνήματι
2410 2578 2478 2632 τά
2499 2577 2680 2632 ὀθόνια
2712 2577 2970 2648 κείμεναο
2999 2573 3158 2628 τοῦτο
3176 2574 3232 2628 δέ
3260 2573 3361 2628 οὐκ
3390 2575 3457 2627 ἄν
3479 2589 3609 2626 ποτε

2031 2669 2246 2739 ἐγένετο
2269 2709 2284 2733 ,
2317 2669 2620 2733 κλαπέντος
2648 2668 2741 2721 τοῦ
2793 2666 3066 2738 σώματος.
3098 2664 3321 2736 Πρῶτον
3360 2664 3463 2735 μὲν
3500 2664 3609 2735 γάρ

2029 2764 2142 2827 τοῖς
2171 2761 2431 2825 κλέπταις
2475 2760 2627 2830 φίλον
2676 2760 2737 2814 τὸ
2791 2759 3150 2813 λωποδυτεῖν
3186 2757 3377 2810 ἔπειτα
3422 2755 3517 2818 δὲ,
3550 2754 3614 2808 τὸ

2029 2851 2240 2922 ταχέως
2265 2852 2505 2923 ἐνεργεῖν
2528 2850 2665 2919 ἄγαν
2696 2849 2794 2922 τὴν
2818 2850 3051 2921 κλοπὴν,
3088 2848 3178 2902 ἵνα
3209 2847 3283 2919 μὴ
3313 2844 3611 2916 φωραθῶσι

2034 2943 2127 2995 καὶ
2156 2940 2226 2995 τὰ
2251 2941 2506 2995 πάνδεινα
2545 2940 2777 2994 πάθωσι.
2809 2940 2944 3011 Περὶ
2990 2939 3047 2993 δέ
3087 2937 3182 2991 τοῦ
3235 2938 3487 3008 σώματος
3516 2936 3614 2990 τοῦ

366 3022 579 3080 furibus
623 3039 744 3079 mos
780 3033 866 3079 est
897 3032 1076 3080 vestes
1103 3023 1391 3080 detrahere
1434 3034 1596 3094 atque
1642 3024 1879 3095 spoliare
1913 3043 1926 3079 :

2043 3030 2219 3105 Ἰησοῦ
2247 3032 2521 3103 γέγραφεν
2545 3034 2574 3085 ό
2612 3031 2864 3099 Ἰωάννης
2886 3024 2989 3084 ὧδέ
3024 3048 3142 3093 πως
3160 3045 3175 3060 ·
3218 3028 3488 3096 Ἕδησαν
3512 3031 3624 3083 αὑ·-

365 3116 564 3172 deinde
592 3115 883 3171 admodum
913 3115 1166 3171 celeriter
1209 3115 1556 3170 committere
1597 3113 1826 3178 furtum,
1861 3130 1931 3170 ne

367 3209 424 3264 in
464 3210 586 3280 ipso
621 3208 864 3263 facinore
913 3206 1239 3277 deprehensi
1291 3206 1526 3276 pessime
1575 3207 1926 3264 mulctentur.

368 3297 445 3355 De
481 3313 715 3368 corpore
744 3306 927 3353 autem
956 3296 1088 3353 Jesu
1134 3298 1189 3351 in
1218 3296 1363 3352 hunc
1391 3296 1506 3353 fere
1532 3297 1750 3353 modum
1788 3298 1931 3354 scri-

369 3392 480 3461 psit
506 3387 745 3444 Joannes
770 3406 786 3444 :
824 3389 1186 3445 Obviuxeruut
1215 3404 1332 3443 euut
1365 3388 1537 3442 linteis
1580 3403 1697 3442 cum
1725 3404 1935 3442 aroma-

371 3480 531 3546 tibus,
580 3491 735 3551 prout
766 3497 877 3535 mos
908 3488 1022 3535 erat
1052 3479 1261 3535 ludatis
1308 3478 1605 3549 sepelire".
1651 3479 1935 3546 Quomodo

372 3572 537 3642 igitur
573 3586 683 3627 non
716 3571 874 3626 multi
904 3571 1107 3642 negotii
1138 3586 1228 3627 res
1256 3569 1563 3626 iurantibus
1590 3569 1785 3627 fuisset
1815 3571 1938 3626 vin-

372 3662 495 3717 cula
518 3662 752 3724 solvere,
784 3677 1095 3732 corpusque
1117 3661 1326 3715 nudare
1356 3660 1787 3727 linteaminibus,
1813 3676 1936 3732 qua:

368 3755 483 3825 jam
524 3754 902 3818 adhaesissent,
943 3762 1000 3810 et
1038 3753 1201 3810 facile
1245 3753 1406 3809 avelli
1461 3767 1571 3808 non
1603 3753 1938 3824 potuissent,

375 3860 440 3899 ac
462 3845 778 3916 priusquam
801 3844 1046 3900 detracta
1067 3853 1254 3901 essent
1271 3844 1695 3914 rumperentur?
1715 3843 1940 3901 Mistura

372 3936 521 3992 enim
554 3938 704 3993 aloes
719 3945 775 3991 et
811 3936 1066 4008 myrrhae,
1105 3951 1268 4007 quam
1293 3937 1555 3992 attulerat
1587 3935 1940 4005 Nicodemus,

375 4035 630 4085 conserta
660 4035 714 4106 et
752 4028 1028 4098 implicata
1059 4035 1236 4083 erant.
1266 4026 1407 4094 Quin
1436 4028 1601 4084 etiam
1633 4028 1939 4093 sudarium,

376 4120 522 4190 quod
557 4120 736 4176 fuerat
765 4119 821 4174 in
850 4118 1029 4190 capite
1056 4117 1201 4189 ejus,
1234 4133 1342 4174 non
1375 4134 1500 4174 cum
1528 4119 1942 4176 linteaminibus

378 4215 637 4286 positum,
690 4212 789 4270 sed
835 4194 1149 4284 separatim.
1175 4212 1478 4269 involutum
1538 4213 1595 4268 in
1643 4228 1815 4269 unum
1863 4214 1944 4268 lo-

378 4322 525 4373 cum,
570 4307 775 4364 nullius
821 4306 1223 4377 trepidationis,
1256 4305 1414 4376 quasi
1462 4304 1616 4361 furto
1660 4306 1936 4363 sublatum

377 4414 578 4471 corpus
608 4397 823 4464 fuisset,
863 4398 1125 4453 indicium
1154 4405 1293 4454 erat.
1319 4395 1424 4463 Qui
1458 4398 1603 4453 enim
1631 4398 1825 4462 otium,
1855 4406 1938 4451 ta-

378 4491 556 4562 lisque
607 4490 879 4547 securitas
931 4488 1145 4545 furibus
1200 4488 1415 4554 fuisset,
1465 4498 1526 4542 ut
1569 4498 1939 4561 tegumentum

376 4583 539 4638 etiam
585 4583 786 4653 capitis
831 4589 957 4652 apte
990 4581 1352 4646 involverent,
1405 4588 1461 4635 et
1511 4579 1808 4651 separatim
1854 4578 1945 4635 de-

379 4675 683 4746 ponerent?
734 4673 920 4744 llaque
967 4673 1071 4728 hoc
1114 4673 1277 4726 etiam
1316 4671 1608 4726 manifesto
1654 4670 1939 4726 veritatem

381 4766 801 4822 resurrectionis
834 4762 1155 4819 ostendebat
1188 4782 1203 4818 :
1233 4761 1399 4817 simul
1424 4772 1602 4816 autem
1625 4762 1791 4815 etiam
1824 4774 1943 4831 my-

380 4856 607 4913 sterium
653 4870 684 4909 a
731 4854 914 4910 divina
956 4852 1244 4924 majestate
1283 4852 1431 4907 haud
1464 4852 1704 4907 alienum
1744 4850 1943 4906 innue-

380 4948 473 5003 bat
502 4964 516 5001 :
551 4947 803 5001 nimirum
845 4944 993 5016 quod
1026 4953 1191 5014 caput
1221 4944 1441 4999 deitatis
1482 4944 1663 4998 locum
1691 4941 1943 4998 obtinens

382 5038 557 5109 (juxta
604 5036 761 5102 illud,
811 5036 983 5106 Caput
1027 5034 1232 5091 Clu-isti
1278 5034 1419 5089 Deus
1445 5035 1509 5105 ”)
1541 5042 1593 5089 et
1632 5035 1725 5105 qui
1760 5034 1829 5090 de
1880 5049 1947 5090 co

381 5131 601 5181 erstant
644 5139 949 5189 sermones,
1004 5132 1225 5178 manent
1273 5123 1417 5178 circa
1465 5123 1650 5179 carnis
1699 5124 1949 5179 humanm

382 5216 815 5289 assumptiuuem
842 5216 1000 5287 quasi
1033 5215 1259 5271 involuti
1299 5223 1463 5284 atque
1491 5213 1900 5271 indissolubiles
1928 5232 1942 5269 :

381 5311 596 5367 etiamsi
638 5308 921 5376 inferiora,
953 5323 1073 5378 qua:
1103 5306 1250 5361 circa
1286 5305 1706 5375 dispositionem
1760 5316 1815 5363 et
1851 5305 1945 5361 ad-

385 5402 862 5462 ministrationem,
898 5405 1071 5472 ‘quam
1119 5400 1174 5455 in
1219 5414 1383 5455 carne
1411 5397 1639 5469 peregit,
1689 5404 1744 5454 et
1797 5398 1948 5454 circa

383 5510 527 5561 eam,
571 5513 734 5566 quam
765 5510 891 5549 cum
936 5493 1249 5549 hominibus
1295 5491 1349 5547 iu
1383 5498 1528 5546 terra
1573 5488 1948 5545 conversatio-

387 5600 509 5639 nem
572 5586 761 5643 habuit
811 5587 1064 5659 (quarum
1130 5599 1310 5639 rerum
1368 5582 1580 5653 ﬁgura,
1631 5578 1947 5634 linteamina

465 5768 486 5799 ’
521 5762 678 5820 Joan.
708 5781 799 5833 xx,
836 5767 919 5821 l5.
999 5765 1039 5797 ‘°
1072 5761 1227 5819 Joan.
1252 5776 1366 5825 xu,
1392 5758 1476 5813 40.
1555 5756 1594 5788 ¹¹
1626 5754 1644 5809 l
1679 5753 1806 5810 Cor.
1837 5769 1913 5822 XI,
1946 5752 2000 5808 5.

2030 3122 2095 3176 τὸ
2136 3122 2207 3175 ἐν
2245 3122 2499 3186 ὀθονίοις
2521 3124 2673 3190 μετὰ
2719 3118 2839 3174 τῶν
2864 3118 3220 3189 ἀρωμάτων,
3250 3118 3447 3184 καθὼς
3472 3119 3614 3182 ἔθος

2030 3209 2110 3285 ἦν
2137 3211 2260 3279 τοῖς
2298 3211 2597 3279 Ἰουδαίοις
2637 3211 3025 3281 ἐνταφιάζειν.
3060 3209 3184 3274 Πῶς
3228 3205 3324 3263 οῦν
3371 3209 3470 3262 οὐκ
3508 3210 3602 3279 ep-

2031 3305 2204 3374 γῶδες
2230 3307 2341 3366 τοῖς
2365 3303 2655 3358 κλέπτουσι
2694 3303 2757 3357 τδ
2782 3302 2930 3356 λύειν
2956 3303 3080 3366 τοὺς
3111 3301 3350 3371 δεσμοὺς
3370 3340 3386 3364 ,
3417 3300 3511 3354 καὶ
3547 3298 3616 3352 τδ

2035 3398 2193 3469 σῶμα
2226 3396 2333 3451 τῶν
2366 3395 2594 3450 ὀθονίων
2645 3393 3015 3466 ἀπογυμνοῦν,
3058 3390 3619 3465 προσκεκολλημένων

2035 3489 2128 3541 καὶ
2155 3484 2617 3549 δυσαποσπάστως
2648 3484 2899 3555 ἐχόντων,
2930 3485 3023 3537 καὶ
3046 3483 3175 3554 πρὶν
3210 3474 3613 3552 ἀπαμφιασθῆ-

2035 3594 2122 3632 ναι
2158 3576 2510 3648 ῥηγνυμένων
2538 3592 2553 3642 ;
2582 3574 2833 3645 Μίγματι
2885 3573 2994 3645 γάρ
3028 3573 3193 3643 ἀλόης
3234 3573 3326 3627 καὶ
3365 3570 3622 3641 σμύρνης

2038 3670 2470 3741 συνεπλέκησαν,
2516 3669 2652 3739 ὅπερ
2691 3668 2915 3737 ἐκόμισε
2943 3667 3268 3737 Νικόδημος.
3314 3662 3472 3716 Ἀλλά
3509 3665 3617 3717 καὶ

2036 3761 2098 3816 τὸ
2130 3760 2407 3832 σουδάριον
2432 3799 2447 3824 ,
2480 3759 2509 3812 δ
2535 3755 2603 3830 ἦν
2635 3759 2728 3813 ἐπὶ
2753 3759 2854 3828 τῆς
2878 3757 3120 3828 κεφαλῆς
3145 3752 3301 3810 αὐτοῦ
3325 3790 3340 3816 ,
3370 3751 3432 3805 οὐ
3467 3751 3620 3821 μετὰ.

2037 3851 2147 3905 τῶν
2178 3850 2393 3904 ὀθονίων
2418 3848 2683 3920 κείμενον,
2719 3847 2852 3902 ἀλλά
2879 3847 3047 3919 χωρὶς
3076 3841 3507 3911 ἐντετυλιγμένον
3528 3840 3619 3899 εἰς

2038 3936 2137 3992 ἱνα
2192 3937 2354 3991 τόπον
2374 3975 2389 4002 ,
2426 3935 2615 3990 οὐδένα
2643 3935 2866 4007 θόρυϐον
2891 3934 2968 3999 ὡς
3001 3934 3094 3988 ἐπὶ
3143 3930 3390 3987 κλεπτῶν
3422 3930 3622 4001 ἐδήλου

2039 4030 2311 4085 λαϐόντων
2337 4028 2399 4082 τὸ
2437 4029 2614 4099 σῶμα.
2639 4026 2747 4081 Ποῦ
2770 4026 2879 4097 γὰρ
2908 4025 3103 4097 σχολὴν
3126 4019 3273 4095 εἶχον
3304 4024 3352 4077 οἱ
3382 4021 3618 4076 κλέπται

1992 4098 2137 4176 ‘atai
2164 4120 2415 4188 τοιαύτην
2441 4098 2643 4182 ἄδειαν,
2673 4116 2749 4181 ὡς
2784 4117 2879 4171 καὶ
2906 4116 2967 4170 τὸ
2995 4116 3096 4187 τῆς
3129 4113 3371 4186 κεφαλῆς
3400 4112 3615 4182 κάλυμ-

2045 4230 2122 4285 μα
2147 4212 2287 4267 κατὰ
2313 4212 2465 4278 τάξιν
2491 4212 2651 4266 εἱλεῖν
2677 4210 2772 4266 καὶ
2819 4210 3026 4265 τιθέναι
3080 4209 3249 4281 χωρίς
3271 4226 3287 4275 ;
3323 4210 3489 4263 Ὥστε
3518 4207 3619 4261 καὶ

2040 4302 2199 4357 τοῦτο
2248 4304 2528 4373 συνίστησι
2565 4301 2752 4372 σαφῶς
2800 4304 2897 4373 τῆς
2937 4299 3284 4364 ἀναστάσεως
3333 4299 3432 4371 τὴν
3474 4298 3618 4369 ἀλήο

2042 4395 2226 4448 θειαν’
2257 4392 2373 4463 ἅμα
2402 4393 2460 4446 δὲ
2490 4395 2587 4447 καῖ⁸
2618 4393 2912 4465 μυστήριον
2947 4391 3251 4464 παρεδήλου
3287 4389 3620 4462 θεοπρεπὲς,

2039 4484 2114 4548 ὡς
2140 4486 2173 4554 ἠ
2202 4483 2408 4555 κεφαλὴ
2433 4485 2529 4556 τῆς
2556 4486 2809 4557 θεότητος
2837 4484 2988 4551 τάξιν
3018 4483 3291 4555 ἐπέχουσα
3322 4482 3499 4554 (κατά
3526 4481 3624 4545 τὸ,

2052 4577 2127 4632 'H
2150 4575 2385 4645 κεφαλὴ
2408 4578 2513 4632 τοῦ
2531 4578 2788 4646 Χριστοῦ
2814 4580 2848 4632 ό
2869 4577 3033 4647 Θεὸς)
3056 4617 3070 4641 ,
3099 4578 3195 4631 καὶ
3220 4577 3270 4630 oi
3297 4576 3423 4647 περὶ
3446 4573 3633 4644 αὐτῆς

2043 4668 2191 4737 λόγοι
2247 4667 2467 4739 μένουσι
2535 4670 2630 4723 καὶ⁸
2679 4669 2818 4739 μετὰ
2862 4671 2960 4741 τὴν
3008 4668 3418 4741 ἐνανθρώτίησιν
3454 4667 3635 4719 οἱονεὶ

2045 4758 2469 4833 ἐνειλημ[μ]ένοι
2500 4762 2594 4815 καὶ⁸
2645 4762 2917 4816 ἀδιάλυτοι
2943 4779 2956 4792 ·
2988 4760 3091 4815 κᾶν
3120 4760 3191 4814 τά
3219 4760 3370 4814 κάτω
3393 4757 3460 4811 τὰ
3485 4758 3629 4826 περὶ

2044 4852 2143 4924 τὴν
2175 4853 2434 4924 ἐνσαρκον
2461 4853 2768 4924 οἰκονομίαν
2787 4893 2801 4917 ,
2828 4854 2923 4907 καὶ
2951 4852 3048 4923 τὴν
3083 4852 3176 4906 ἐπὶ
3211 4851 3314 4921 γῆς
3340 4849 3475 4920 μετά
3522 4849 3632 4902 ἀν-

2049 4941 2280 5013 θρώπων
2311 4942 2650 5014 ἀναστροφὴν
2677 4936 2773 5012 (ὧν
2798 4941 2968 5006 τύπος
3001 4937 3070 5012 ἦν
3099 4941 3170 4994 τὰ
3203 4940 3402 5007 ὀθόνια)
3427 4980 3442 5005 ,
3477 4938 3635 4994 κατὰ

2047 5034 2108 5090 τὸ
2131 5034 2352 5089 δυνατὸν
2381 5037 2513 5106 ἡμῖν
2545 5033 2848 5088 διαλέλυται
2875 5051 2934 5087 τε
2980 5032 3075 5087 καὶ
3100 5030 3466 5102 ἐψηλάφηται.
3513 5030 3635 5084 Καὶ

2047 5125 2218 5179 ταῦτα
2267 5125 2463 5188 ἰδόντες
2508 5126 2558 5177 οἱ
2608 5125 2736 5194 περὶ
2769 5124 2861 5178 τὸν
2891 5124 3095 5195 Πέτρον
3131 5123 3456 5176 ἐπίστευσαν
3480 5161 3496 5183 ,
3525 5122 3630 5192 οὐχ

2051 5214 2234 5277 ἀπλῶς
2275 5214 2453 5285 μόνον,
2476 5214 2610 5268 ἀλλά
2630 5215 2723 5268 καὶ
2750 5214 3015 5285 κρείττονι
3044 5213 3121 5284 νῷ
3162 5213 3255 5267 καὶ
3281 5211 3629 5282 ἀποστολικῷ

2049 5299 2390 5371 θεασάμενοι.
2427 5302 2651 5373 ,Πλήρης
2682 5301 2788 5373 γάρ
2836 5297 2905 5373 ἦν
2932 5304 2961 5357 ό
3003 5303 3170 5373 τάφος
3219 5301 3432 5371 φωτὸς,
3481 5300 3625 5355 ὥστε

2049 5392 2144 5446 καὶ
2166 5391 2357 5455 νυκτὸς
2388 5390 2553 5462 οῦσης
2589 5390 2668 5445 ἔτι
2689 5432 2705 5456 ,
2742 5390 2943 5455 διπλῶς
2986 5390 3280 5446 θεάσασθαι
3331 5390 3403 5444 τά
3450 5389 3618 5451 ἔνδον,

2049 5483 2145 5537 καὶ
2171 5481 2444 5553 αἰσθητῶς
2469 5484 2562 5536 καὶ
2585 5482 2985 5553 πνευματικῶς.
3009 5484 3071 5536 Εἰ
3094 5481 3200 5554 γὰρ
3230 5480 3347 5551 φῶς
3368 5481 3620 5545 δικαίοις,

2050 5574 2191 5629 κατὰ
2221 5573 2282 5628 τὸ
2316 5573 2696 5645 γεγραμμένον
2719 5614 2735 5642 ,
2770 5573 2860 5628 διὰ
2913 5574 3115 5639 παντὸς
3135 5614 3148 5640 ,
3190 5572 3370 5644 πολλῷ
3426 5572 3627 5643 μᾶλλον
