3930 6210
187 306 286 365 6'57

1067 302 1136 358 ΙΝ
1193 303 1474 361 CHRISTI
1525 301 2166 362 RESURRECTIONEM
2188 302 2396 361 ORAT.
2428 303 2497 362 ll.

3343 308 3448 364 6'58

186 425 264 496 τῷ
292 424 403 477 τῶν
431 422 657 478 δικαίων
695 421 834 493 Θεῷ.
874 424 996 477 Οὐκ
1028 423 1411 479 ἐπίστευσαν
1441 423 1510 478 δὲ
1532 463 1549 488 ,
1581 424 1765 494 φησιν,

1877 423 2051 491 erant)
2085 422 2427 489 acciderunt,
2459 430 2728 494 quantum
2767 438 2890 495 ejus
2918 421 3035 479 ﬁeri
3072 423 3251 494 potuit
3277 438 3309 478 a
3350 440 3451 479 no-

189 517 304 571 ἐπει
331 515 588 585 μηδέπω
620 513 873 584 ᾔδεισαν
898 513 1016 582 τὴν
1048 517 1324 585 Γραφὴν,
1356 515 1445 570 ὅτι
1468 516 1565 570 δεῖ
1582 515 1771 570 αὐτὸν

187 610 251 664 ἐκ
274 606 513 676 νεκρῶν
536 605 897 677 ἀναστῆναι.
930 607 1038 661 Καὶ
1078 607 1182 680 μὴν
1208 610 1432 681 ᾔδεισαν
1458 606 1554 661 τοῦ
1582 607 1768 677 Σωτῆ-

190 714 272 769 ρος
299 697 494 761 αὐτοῖς
525 696 787 759 πολλάκις
818 698 1209 767 προειρηκότος
1234 736 1251 760 ,
1284 697 1360 762 ὡς
1381 697 1765 767 ἀναστήσεται’

185 788 294 842 ἀλλ’
333 787 437 859 οὐχ
462 788 538 852 ὡς
576 787 685 841 ἀπὸ
714 788 813 859 τῆς
849 789 1072 860 Γραφῆς
1127 787 1480 860 πεπεισμένοι
1524 787 1619 841 καὶ
1662 784 1771 840 τῶν

186 879 394 934 ἐκεῖθεν
442 880 759 952 φερομένων
787 880 1051 952 χρησμῶν
1087 879 1107 951 (
1136 880 1229 944 οὓς
1262 881 1336 951 μὴ
1388 880 1615 951 ἐκϐῆναι
1663 879 1772 933 τῶν

186 971 457 1027 ἁθύνατων
479 968 547 1043 ἦν
572 975 590 1040 )
614 1013 630 1039 ,
659 972 775 1027 ἀλλ’
803 972 885 1027 ἔτι
915 973 1044 1045 περὶ
1078 972 1177 1044 τὴν
1209 973 1392 1027 πίστιν
1426 971 1768 1037 ὁκλάζοντες.

1875 512 1963 568 bis
2013 514 2281 570 dissoluta
2344 522 2508 585 atque
2560 521 2901 570 contrectata
2946 516 3076 570 sint.
3126 515 3305 586 Atque
3364 514 3453 571 bis

1874 605 2014 662 visis
2054 605 2253 661 Petrus
2299 614 2355 662 et
2400 621 2587 663 comes
2613 605 2734 677 ejus
2762 607 3139 673 crediderunt,
3172 623 3299 663 cum
3341 624 3452 663 non

1876 697 2202 769 simpliciter
2232 697 2434 764 soluat,
2474 683 2833 753 verumetiam
2860 700 3224 769 praestantiori
3269 711 3454 755 meme

1877 804 1941 844 ac
1968 804 2137 846 sensu
2168 788 2474 860 apostolico
2500 803 2615 844 rem
2646 798 3004 860 spectassem.
3046 788 3272 845 Plenum
3305 790 3452 847 enim

1868 880 2094 936 luminis
2137 888 2256 936 erat
2285 881 2620 950 sepulcrum,
2653 889 2714 935 ut
2743 881 2956 937 etiamsi
3003 896 3108 936 nos
3146 880 3328 936 adhuc
3366 897 3456 937 es-

1868 979 1975 1036 set,
2009 971 2306 1044 dupliciter
2341 982 2548 1035 tamen,
2580 980 2693 1027 tum
2740 974 3099 1038 sensibiliter,
3149 983 3262 1029 tum
3291 975 3455 1044 spiri-

188 1067 407 1122 tualiter
440 1068 695 1123 viderent
725 1082 790 1123 ea
838 1083 961 1138 qua:
991 1068 1143 1124 intus
1181 1075 1359 1123 erant.
1395 1065 1530 1121 Nam
1585 1067 1632 1123 si
1675 1068 1765 1123 lux
1796 1066 1966 1136 justis
1999 1077 2286 1138 perpetuo,
2325 1075 2488 1138 prout
2536 1069 2802 1138 scriptum
2844 1078 2950 1133 est,
3028 1070 3199 1124 multo
3276 1069 3456 1141 magis

180 1161 455 1233 iustorum
523 1160 655 1215 Deo.
724 1159 846 1215 Non
876 1160 1215 1216 crediderunt
1258 1170 1457 1226 autem,
1491 1161 1693 1231 inquit,
1720 1161 1847 1231 quia
1885 1160 2117 1216 nondum
2148 1170 2399 1216 noverant
2438 1159 2791 1230 Scripturam,
2820 1160 2959 1232 quod
2988 1171 3243 1231 oporteret
3277 1177 3393 1214 eum
3422 1177 3457 1216 tt

182 1257 405 1311 ιιιοιιιιιὶε
437 1271 708 1325 resurgere
734 1256 800 1311 “.
832 1257 993 1327 Atqui
1024 1258 1299 1321 sciebant,
1364 1258 1491 1328 quia
1536 1258 1800 1314 Servator
1837 1256 1921 1313 eis
1972 1272 2118 1326 saepe
2189 1257 2538 1327 praedixerat,
2593 1257 2740 1329 quod
2802 1267 3219 1315 resurrecturus
3262 1265 3452 1313 esset:

185 1344 280 1400 sed
320 1361 435 1402 non
484 1356 747 1418 tanquam
779 1361 809 1400 a
850 1346 1158 1419 Scriptura,
1210 1355 1377 1421 atque
1424 1349 1559 1405 inde
1626 1348 1812 1420 petitis
1851 1349 2096 1405 oraculis
2145 1349 2288 1419 (qute
2340 1347 2454 1405 ﬁeri
2493 1364 2605 1404 non
2656 1357 2891 1420 poterat,
2963 1349 3095 1421 quin
3150 1348 3455 1419 evenirent)

184 1440 430 1505 adducti,
461 1441 558 1499 sed
587 1448 847 1513 tanquam
876 1442 1028 1499 circa
1063 1443 1223 1501 iidem
1258 1444 1439 1501 adhuc
1477 1446 1824 1502 labascentes
1854 1452 2022 1515 atque
2054 1444 2462 1501 claudicantes.

256 1534 567 1607 Παρίστησι
619 1534 678 1589 δὲ
727 1535 790 1589 τὸ
828 1536 1034 1608 γυμνὸν
1070 1538 1162 1591 τὸν
1211 1537 1417 1610 Ἰησοῦν
1449 1538 1768 1612 ἀναστῆναι,

1947 1535 2217 1593 Cteterum
2246 1536 2393 1608 quod
2426 1535 2605 1593 nudus
2624 1534 2784 1593 Iesus
2810 1537 3021 1607 absque
3048 1535 3457 1591 linteaminibus

179 1625 288 1681 τῶν
339 1625 566 1680 ὀθονίων
623 1624 794 1696 χωρὶς
817 1667 833 1692 ,
882 1626 944 1680 τὸ
983 1626 1249 1699 μηδαμῶς
1286 1627 1448 1681 αὐτὸν
1500 1627 1584 1682 ἔτι
1630 1627 1771 1683 κατά

1877 1629 2196 1696 resurrexit,
2231 1628 2506 1700 signiﬁcat
2535 1644 2659 1685 eum
2700 1644 3049 1700 nequaquam
3089 1627 3317 1698 posthac
3345 1626 3451 1682 cibi

183 1717 370 1784 σάρκα
394 1717 808 1790 γνωσθήσεσθαι
846 1719 1053 1790 τροφῆς
1088 1717 1123 1790 ἦ
1157 1718 1321 1772 ποτοῦ
1351 1718 1768 1792 δεηθησόμενον,

182 1810 217 1880 ἢ
244 1810 557 1882 ἐνδυμάτων
596 1809 910 1882 περιϐολῆς.
942 1811 1006 1865 Εί
1032 1811 1128 1866 καὶ
1163 1812 1263 1883 τὴν
1302 1812 1609 1882 οἰκονομίαν
1636 1812 1773 1885 πλη-

187 1902 303 1973 ρῶν
325 1942 343 1967 ,
391 1903 597 1967 τούτοις
632 1900 776 1958 ἑκὼν
806 1902 1081 1975 ὑπέθηκεν
1108 1903 1298 1958 ἑαυτὸν
1322 1947 1337 1972 ,
1366 1904 1444 1970 ὡς
1468 1904 1570 1976 τῆς
1601 1904 1773 1977 αὐτῆς

184 1993 406 2065 φύσεως
436 1996 771 2067 κοινωνήσας
803 1997 936 2068 ήμῖν
963 2037 980 2064 ,
1013 1993 1205 2049 ἔπειτα
1247 1994 1306 2050 δὲ
1351 1994 1502 2070 δηλοῖ
1529 1996 1624 2051 καὶ
1673 1995 1772 2069 τὴν

182 2084 278 2141 τοῦ
317 2085 492 2147 usus
516 2088 596 2151 είς
622 2086 685 2141 τὸ
704 2086 931 2160 ἀρχαῖον
956 2087 1421 2154 ἀποκατάστασιν,
1451 2088 1541 2143 ὅτε
1567 2089 1773 2161 γυμνὸς

183 2173 253 2250 ἦν
278 2179 337 2233 ιν
362 2177 444 2250 τῷ
478 2178 795 2252 παραδείσῳ
845 2183 941 2236 καὶ
980 2182 1081 2236 οὐκ
1129 2182 1409 2254 ᾐσχύνετο.
1438 2181 1639 2237 Λοιπὸν
1660 2181 1772 2253 γάρ

186 2271 258 2334 ὡς
279 2269 418 2336 Θεδς
438 2310 455 2336 ,
484 2271 537 2325 εἰ
565 2273 660 2326 καὶ
688 2273 1104 2346 σεσαρκωμένος
1124 2314 1140 2338 ,
1187 2273 1312 2345 δόξῃ
1360 2276 1426 2345 τῇ
1471 2273 1773 2346 θεοπρεπε-

190 2364 355 2435 στάτῃ
389 2363 807 2435 περιεϐέϐλητο,
839 2362 1002 2429 αὐτὸς
1031 2361 1108 2417 ῶν
1134 2364 1164 2417 ὁ
1196 2362 1631 2435 ἀναϐαλλόμενος
1656 2362 1772 2433 φῶς

187 2452 260 2519 ὥς
291 2455 535 2525 ἱμάτιον,
642 2472 808 2527 φησιν
846 2456 876 2510 ὁ
905 2456 1189 2527 προφήτης
1213 2453 1397 2510 Δασίδ.
1440 2454 1579 2508 Ἀλλ’
1610 2457 1639 2509 ὁ
1673 2455 1773 2526 μὲν

187 2544 389 2618 Πέτρος
421 2544 517 2601 καὶ
556 2547 810 2617 Ἰωάννης
848 2546 1212 2612 πιστωθέντες
1253 2548 1317 2600 ὲκ
1352 2545 1462 2601 τῶν
1512 2544 1771 2617 τεθεαμέ-

188 2652 307 2701 νων,
349 2634 668 2708 ἀνεχώρουν
715 2637 935 2691 οῐκαδε’
985 2640 1052 2710 τῇ
1081 2637 1268 2710 Μαρίᾳ
1301 2638 1359 2692 δὲ
1408 2634 1560 2692 εἶπον
1595 2637 1769 2693 οὐδέν.

200 2727 479 2799 ᾨκονόμει
535 2729 646 2800 γὰρ
688 2730 718 2783 ό
753 2727 913 2800 μόνος
968 2727 1166 2799 σοφὸς,
1216 2729 1292 2793 ὼς
1333 2727 1669 2785 ἀπιστοῦσαν
1707 2730 1773 2784 ὲκ

190 2818 307 2882 θέας
328 2820 510 2891 αὐτὴν
539 2820 909 2892 προσάγεσθαι
942 2821 1171 2892 μᾶλλον,
1199 2821 1233 2892 ἢ
1261 2821 1449 2891 ἀκοῆς.
1491 2817 1772 2888 Εἱστήκει

190 2912 359 2967 τοίνυν
388 2911 547 2980 πρός
572 2911 655 2977 τῷ
684 2911 952 2982 μνήματι
980 2912 1098 2978 ἔξω
1148 2912 1447 2968 κλαίουσα
1467 2953 1481 2975 .
1521 2912 1619 2966 καὶ
1661 2926 1772 2965 πα-

188 3005 517 3074 ρακύψασα
540 3000 701 3059 εἶδεν
724 3004 1021 3075 ἀγγέλους
1070 3003 1181 3060 δύο
1215 3003 1477 3070 λευκοὺς
1506 3002 1602 3058 καὶ
1637 3019 1773 3073 φαι-

193 3094 363 3165 Opem;
390 3095 473 3166 τῇ
518 3095 717 3165 στολῇ
732 3136 748 3161 ,
788 3095 1219 3166 καθεζομένους
1244 3094 1353 3149 ἕνα
1390 3093 1541 3164 πρὸς
1570 3093 1647 3163 τῇ
1675 3111 1774 3148 κε-

193 3188 379 3258 φαλῇ,
414 3188 521 3243 καί
546 3188 656 3242 ἕνα
698 3187 850 3257 πρὸς
902 3186 1028 3252 τοῖς
1057 3186 1263 3254 ποσὶν,
1311 3186 1465 3241 ὅπου
1489 3185 1682 3240 ἔκειτο
1707 3183 1775 3238 τὸ

1870 1731 2121 1793 potusve,
2148 1730 2244 1776 aut
2273 1721 2719 1777 indumentorum
2752 1721 3077 1793 gestaminis
3108 1728 3273 1790 atque
3318 1733 3454 1789 ope-

1870 1812 2091 1869 rimenti
2117 1821 2367 1886 egentem
2406 1813 2459 1868 in
2505 1827 2673 1869 carne
2722 1813 3005 1884 cognitum
3051 1811 3138 1866 iri.
3177 1810 3241 1864 Et
3285 1811 3332 1865 si
3371 1810 3450 1872 id.

1871 1909 2022 1979 quod
2077 1907 2383 1973 decretum,
2431 1904 2755 1975 dispositum
2804 1919 2870 1960 ac
2925 1904 3256 1960 destinatum
3313 1909 3454 1966 erat,

1871 2014 2182 2073 exsequens
2207 2006 2262 2055 et
2292 1997 2688 2054 administrans
2724 2003 2919 2068 sponte
2951 2010 3048 2052 sua
3085 2010 3145 2051 se
3177 1993 3264 2050 bis
3290 1994 3456 2050 rebus

1873 2092 2131 2163 subjecit,
2180 2097 2243 2146 ut
2286 2089 2380 2160 qui
2423 2087 2669 2158 ejusdem
2716 2087 3003 2143 nobiscum
3040 2095 3248 2141 naturae
3292 2085 3459 2156 parti-

1873 2197 2003 2253 ceps
2048 2187 2198 2238 esset
2230 2201 2242 2236 :
2273 2177 2470 2236 deinde
2515 2177 2792 2248 significat
2818 2177 2981 2233 etiam
3030 2176 3223 2232 Adami
3261 2177 3314 2231 in
3345 2176 3459 2248 pri-

1872 2275 2080 2330 stinum
2112 2282 2314 2329 statum
2348 2270 2780 2335 restitutionem,
2810 2269 2865 2324 in
2894 2284 3004 2338 quo
3029 2268 3214 2324 nudus
3247 2277 3368 2326 erat
3398 2270 3455 2325 in

1873 2364 2152 2436 paradiso,
2184 2370 2240 2419 et
2267 2376 2377 2418 non
2411 2359 2795 2418 erubescebat.
2829 2357 2963 2413 Nam
2992 2358 3061 2414 de
3093 2366 3292 2415 caetero
3326 2368 3453 2414 tan-

1870 2471 2035 2528 quam
2081 2455 2247 2521 Deus,
2300 2454 2427 2510 licet
2468 2453 2823 2520 incarnatus,
2880 2451 3076 2524 gloria,
3122 2467 3245 2523 qua:
3283 2450 3454 2509 Deum

1871 2548 2111 2605 maxime
2143 2548 2323 2612 decet,
2353 2544 2732 2602 circumdatus
2776 2552 2918 2611 erat,
2954 2559 3081 2599 cum
3117 2544 3233 2615 ipse
3270 2545 3342 2600 sit
3382 2544 3453 2609 is,

1872 2640 1965 2710 qui
1992 2640 2201 2696 lumine
2232 2646 2494 2710 tanquam
2527 2637 2697 2709 pallio
2727 2636 2996 2701 induitur,
3024 2644 3086 2691 ut
3117 2637 3295 2707 inquit
3327 2652 3457 2707 pro-

1871 2730 2033 2802 pheta
2062 2730 2233 2786 David
2257 2730 2322 2783 ⁸³.
2359 2729 2438 2784 Ac
2475 2727 2672 2783 Petrus
2707 2727 2926 2797 quidem
2963 2736 3014 2781 et
3040 2725 3303 2789 Joannes.
3350 2725 3456 2782 ﬁde

1874 2821 2009 2892 ipsis
2046 2837 2112 2876 ex
2151 2821 2219 2876 iis
2286 2835 2409 2890 qua:
2444 2818 2695 2873 viderant
2744 2817 2911 2881 facta,
2942 2818 3165 2873 domum
3220 2829 3459 2874 reverte-

1875 2922 2036 2981 runt;
2061 2912 2246 2970 Mariae
2270 2927 2401 2970 vero
2438 2911 2577 2967 nihil
2616 2910 2891 2966 dixerunt.
2941 2911 3185 2967 Curabat
3212 2912 3358 2966 enim
3399 2918 3457 2967 et

1874 3019 2096 3075 operam
2137 3004 2303 3060 dabat
2353 3005 2420 3071 is,
2459 3004 2554 3074 qui
2586 3004 2739 3060 solus
2768 3003 2990 3074 sapiens
3032 3014 3136 3069 est,
3184 3011 3241 3057 ut
3295 3002 3454 3059 ﬁdem

1872 3109 1985 3150 non
2014 3094 2224 3151 habens
2255 3110 2351 3166 per
2381 3109 2445 3150 ea
2473 3109 2594 3165 qua:
2634 3094 2844 3151 videret
2891 3095 3095 3164 potius,
3139 3109 3303 3165 quam
3333 3109 3458 3163 qum

1874 3187 2112 3253 audiret,
2161 3189 2227 3240 ad
2258 3185 2593 3241 credendum
2636 3185 3022 3242 adduceretur.
3059 3185 3249 3241 Stabat
3292 3185 3458 3257 igitur

194 3280 356 3351 σῶμα
389 3281 503 3337 τοῦ
549 3280 756 3350 Ἰησοῦ
779 3296 795 3311 ο
841 3280 936 3353 καὶ
989 3279 1107 3333 δέον
1156 3279 1250 3334 τὸν
1296 3278 1529 3350 όδῦρμδν
1567 3279 1649 3341 είς
1683 3276 1776 3331 εὐ·

1877 3277 2028 3343 iuxta
2060 3286 2453 3332 monumentum
2489 3276 2625 3347 foris
2650 3276 2895 3347 plorans,
2927 3286 3117 3331 etcum
3148 3277 3456 3331 inclinasset

194 3372 462 3445 φροσῦνην
492 3371 837 3445 μεταϐαλεῖν,
863 3372 971 3426 τῶν
991 3371 1243 3443 δακρύων
1268 3370 1370 3426 οὐκ
1390 3371 1603 3442 ἔληγεν,
1632 3367 1774 3423 ὥστε

193 3465 314 3531 τοὺς
341 3466 610 3535 ἀγγέλους
639 3466 802 3520 οἱονεὶ
835 3465 954 3537 μετ’
1000 3466 1374 3536 ἐπιτιμήσεως
1402 3463 1577 3517 εἰπεῖν
1600 3479 1615 3494 ·
1658 3461 1777 3515 Γύ-

194 3570 310 3619 ναι,
363 3556 423 3610 τί
469 3556 735 3620 κλαίεις
776 3553 978 3608 ὡσανεὶ
997 3553 1213 3623 ἔλεγον·
1262 3553 1554 3607 Γυναικεῖα
1600 3548 1775 3604 ταῦτα

193 3645 267 3699 τά
309 3647 552 3718 δάκρυα,
586 3647 690 3700 οὐκ
719 3644 979 3718 εὔφρονος
1020 3645 1135 3699 νοῦ.
1167 3644 1280 3699 Ποῦ
1309 3644 1420 3716 γὰρ
1452 3642 1634 3715 χώραν
1662 3641 1776 3713 ἔχει

192 3736 260 3793 νδ
296 3739 429 3809 μετά
459 3738 716 3809 τοιαύτην
760 3737 890 3792 θέαν
922 3736 1245 3809 όδῦρεσθαι;
1272 3736 1517 3808 Κάκείνη
1547 3735 1647 3806 τῆς
1682 3735 1779 3788 αὐ-

192 3833 301 3902 τῆς
336 3831 585 3894 ἀπιστίας
619 3830 855 3902 ἐχομένη
894 3828 1291 3901 (παρετείνετο
1333 3828 1442 3901 γὰρ
1470 3828 1530 3883 τὸ
1564 3827 1737 3892 πάθος
1757 3867 1775 3894 ,

194 3923 291 3978 ἵνα
321 3925 435 3986 τοῖς
481 3921 620 3975 κατά
667 3922 864 3995 μικρὸν
909 3919 1320 3993 προτιθεμένοις
1365 3921 1446 3984 είς
1478 3918 1659 3973 πίστιν
1690 3936 1779 3972 τε·

188 4014 359 4078 λείως
389 4013 810 4087 ἑκκαθαρθιίη),
843 4014 979 4087 πρὸς
1022 4012 1219 4076 αὐτοὺς
1263 4007 1412 4066 εἵπεν
1456 4012 1539 4067 ὅτι
1586 4006 1780 4080 Ἦραν

191 4105 304 4160 τὸν
337 4105 553 4174 Κύριόν
583 4122 703 4175 μου
742 4103 813 4158 ἐκ
852 4102 961 4158 τοῦ
1006 4103 1303 4173 μνημείου
1323 4142 1338 4166 ,
1383 4100 1482 4155 καί
1510 4102 1621 4157 οὐκ
1646 4095 1779 4154 οἶδα

192 4196 311 4251 τιοῦ
340 4195 568 4263 ἔθηκαν
605 4194 814 4249 αὐτόν.
849 4192 959 4247 Kal
996 4190 1182 4246 ταῦτα
1206 4188 1464 4244 εἰποῦσα
1505 4186 1776 4258 ἐστράφη

1874 3384 1951 3429 se,
1982 3366 2111 3422 vidit
2148 3366 2363 3436 angelos
2399 3366 2534 3421 duos
2562 3374 2699 3422 veste
2724 3367 2957 3422 candida
2984 3369 3216 3439 insignes
3244 3379 3293 3424 et
3329 3368 3459 3422 illu-

1873 3469 2032 3526 stres,
2069 3459 2306 3514 sedentes
2352 3475 2517 3513 unum
2562 3458 2632 3513 ad
2671 3470 2852 3530 caput,
2901 3460 3133 3514 alterum
3174 3459 3245 3514 ad
3279 3459 3455 3529 pedes,

1874 3549 2225 3620 ubijacuerat
2252 3566 2442 3621 corpus
2472 3548 2603 3606 Iesu
2626 3552 2672 3584 ιδ
2705 3570 2718 3607 :
2752 3560 2807 3607 et
2846 3567 2971 3607 cum
3012 3552 3455 3607 lamentationem

1876 3640 2064 3697 laetitia
2095 3652 2435 3698 commutare
2470 3651 2772 3713 oporteret,
2813 3642 3108 3714 lacrymari
3149 3657 3257 3698 non
3305 3642 3456 3701 desi-

1875 3733 2075 3796 stebat,
2110 3733 2247 3790 adeo
2279 3743 2338 3789 ut
2372 3736 2551 3805 angeli
2585 3735 2742 3806 quasi
2797 3750 2921 3791 cum
2967 3736 3344 3807 increpatione
3370 3736 3457 3791 di-

1875 3832 2110 3880 cet-ent:
2147 3824 2368 3891 Mulier,
2406 3825 2535 3897 quid
2565 3827 2659 3896 ﬂes
2679 3829 2704 3881 ?
2728 3826 2956 3899 perinde
2986 3843 3051 3883 ac
3090 3829 3135 3885 si
3166 3829 3411 3884 dicerent
3438 3847 3455 3885 :

1876 3916 2171 3974 Muliebres
2230 3917 2314 3974 hae
2357 3926 2488 3975 sunt
2550 3920 2850 3991 lacrymaz,
2912 3936 3022 3976 non
3098 3922 3205 3977 laeti
3266 3921 3456 3977 animi.

1876 4007 1982 4076 Qui
2027 4011 2174 4064 enim
2220 4009 2402 4065 locum
2449 4011 2615 4067 habet
2665 4012 2985 4068 lamentatio
3014 4022 3138 4084 post
3190 4014 3297 4069 tale
3342 4027 3461 4080 spe-

1876 4100 2195 4157 ctaculum?
2226 4101 2405 4172 Atque
2432 4103 2524 4157 illa
2573 4104 2627 4158 in
2665 4104 2855 4159 eadem
2908 4103 3294 4160 incredulitate
3335 4119 3460 4174 per-

1877 4207 2141 4249 severans
2174 4192 2598 4266 (prorogabatur
2624 4195 2770 4248 enim
2814 4202 2868 4248 et
2913 4194 3309 4249 extendebatur
3333 4209 3459 4263 per-

190 4290 279 4354 εὶς
320 4287 393 4342 τὰ
424 4286 656 4353 ὀπίσω,
708 4282 808 4339 και
870 4282 1076 4351 θεωρεῖ
1102 4279 1210 4334 τὸν
1245 4279 1487 4348 Ἰησοῦν
1526 4278 1776 4346 ἑστῶτα,

1882 4285 2143 4350 turbatio,
2181 4296 2239 4341 ut
2270 4301 2364 4357 per
2390 4301 2455 4340 ea
2498 4300 2621 4355 qtue
2648 4285 2910 4354 paulatim
2939 4283 3358 4359 adliciebantur,
3390 4284 3458 4341 ad

188 4376 291 4432 eral
319 4379 434 4432 οὐκ
486 4375 620 4447 ᾔδει
656 4375 747 4430 ὅτι
783 4373 1013 4443 Ἰησοῦς
1055 4371 1189 4426 ἐστι
1208 4388 1222 4403 ο
1250 4370 1408 4426 τοῦτο
1443 4371 1540 4442 μὲν
1570 4371 1634 4431 ὲκ
1665 4370 1775 4427 τῶν

184 4467 443 4541 δακρύων
467 4466 925 4538 ἑπισκοτουμένη,
953 4464 1049 4520 καὶ
1075 4459 1186 4519 οἷον
1214 4461 1374 4534 ἀχλύῖ
1403 4462 1776 4534 βεϐαρημένη,

181 4561 346 4616 τοῦτο
385 4561 446 4615 δὲ
479 4559 577 4614 τοῦ
612 4558 786 4631 Ἰησοῦ
833 4557 1243 4629 οίκονομοῦντος
1271 4554 1334 4609 τὸ
1367 4557 1443 4625 μὴ
1472 4553 1779 4623 γνωσθῆναι

181 4654 327 4724 αὐτῇ
351 4670 368 4684 ο
392 4653 476 4707 διδ
516 4652 612 4705 καὶ
646 4646 767 4705 εἷπε
790 4668 805 4682 ·
834 4650 1024 4705 Γύναι
1048 4688 1065 4714 ,
1103 4648 1161 4702 τί
1198 4646 1469 4712 ualere;
1503 4646 1643 4701 Τίνα
1683 4642 1779 4711 (12-

178 4745 308 4812 τοῖς
331 4762 352 4810 ;
394 4745 630 4813 Ἓκείνη
654 4742 924 4798 δοκοῦσα
962 4742 1053 4823 δτι
1097 4743 1129 4794 ό
1163 4739 1470 4807 κηπουρός
1494 4736 1626 4790 ἐστι
1644 4775 1659 4799 ,
1679 4734 1779 4789 λέο

174 4856 273 4911 τοι
299 4835 468 4902 αὐτῷ
488 4855 504 4869 ·
534 4837 711 4906 Κύριε
727 4877 743 4903 ,
786 4838 839 4891 ει
885 4833 969 4889 σὺ
996 4832 1339 4898 ἐϐάστασας
1384 4828 1574 4884 αὐτὸν
1591 4868 1606 4893 ,
1648 4827 1780 4882 me

178 4948 282 5001 μοι
322 4927 450 4983 ποῦ
480 4930 702 4997 ἔθηκας
728 4926 917 4982 αὑτὸν
938 4963 957 4990 ,
1006 4923 1168 4995 κάγὼ
1221 4922 1413 4977 αὑτὸν
1453 4919 1596 4989 ἀρῶ.
1629 4920 1781 4989 Τάχα

180 5020 229 5075 ἃ
272 5020 390 5074 οὐκ
433 5018 539 5083 ἔξω
577 5017 674 5072 τοῦ
704 5017 1006 5087 πρέποντος
1038 5012 1314 5086 κηπουρὸν
1342 5010 1615 5067 ὑπέλαϐεν
1642 5007 1780 5067 εἶναι

184 5113 269 5166 σὺν
311 5110 531 5181 Ἰησοῦν
554 5129 568 5143 ο
596 5111 677 5182 τῷ
707 5110 823 5164 ὕντι
852 5109 963 5181 γὰρ
989 5103 1058 5180 ἦν
1086 5106 1249 5171 αὐτὸς
1274 5107 1304 5160 ό
1324 5104 1421 5160 τοῦ
1454 5104 1781 5178 παραδείσου

185 5202 443 5277 γεωργὸς
476 5201 682 5273 ἀληθής
726 5202 819 5256 καὶ
847 5200 1144 5263 ἀθάνατος,
1177 5198 1236 5251 ἑν
1265 5197 1344 5268 τῷ
1368 5196 1463 5250 τοῦ
1504 5198 1783 5267 μνήματος

189 5300 347 5370 κήπῳ
397 5293 654 5365 καθάπερ
702 5295 762 5347 ὲν
811 5292 887 5363 τῷ
914 5291 1230 5365 παραδείσῳ
1265 5289 1366 5361 τήν
1405 5292 1660 5359 γυναῖκα,
1682 5288 1780 5359 τὴν

190 5390 245 5453 ἐξ
262 5387 536 5451 ἀπιστίας
558 5386 652 5441 τὸν
691 5386 863 5454 usue
898 5385 989 5439 τὸν
1026 5384 1244 5457 πρῶτον
1270 5382 1544 5453 κηπουρὸν
1571 5383 1783 5455 ἀπατή-

194 5476 792 5549 σααινβιορθούμενος.
821 5475 1011 5540 (οὕτως
1039 5471 1135 5530 οῦν
1165 5474 1380 5529 ἅπαντα
1406 5471 1776 5543 μυστηριώδη,

192 5574 281 5625 καὶ
304 5573 495 5643 λόγων
516 5569 728 5639 ίμπλεα
753 5567 1041 5639 θειοτέρων
1066 5566 1160 5622 καὶ
1188 5563 1428 5636 ὑψηλῶν.

1882 4376 2214 4432 credendum
2264 4374 2510 4447 perfecte
2556 4376 2977 4448 expurgaretur)
3014 4374 3082 4430 ad
3132 4390 3229 4432 eos
3274 4376 3458 4434 dixit:

1882 4466 2228 4524 Sustulcruut
2272 4467 2556 4522 Dominum
2590 4484 2763 4521 meum
2793 4483 2858 4522 ea:
2889 4476 3247 4532 monumento,
3282 4476 3331 4521 et
3370 4484 3462 4522 ne--

1880 4557 1991 4611 scio
2028 4556 2118 4611 ubi
2149 4558 2421 4625 posuerint
2453 4573 2594 4612 eum.
2642 4557 2808 4628 Atque
2844 4556 2954 4613 luet:
2998 4557 3171 4611 locuta
3210 4573 3461 4611 conversa

1880 4658 1958 4703 est
1990 4659 2301 4714 retrorsum,
2355 4659 2406 4703 et
2443 4648 2581 4703 ridet
2621 4645 2804 4704 Iesum
2838 4659 3089 4717 stantem,
3136 4665 3227 4704 nec
3265 4646 3461 4702 sciebat

1881 4741 2020 4811 quod
2050 4739 2208 4796 Iesus
2228 4751 2385 4796 esset.
2427 4739 2631 4795 Partim
2661 4741 2807 4811 quod
2850 4757 2960 4812 pra:
3003 4742 3260 4812 laerymis
3288 4740 3460 4795 ulnisa

1883 4833 2149 4897 tem-bris,
2187 4840 2240 4888 et
2270 4833 2429 4902 quasi
2471 4833 2707 4903 caligine
2754 4844 2978 4903 gravata
3029 4842 3222 4897 esset;
3260 4832 3459 4903 partim

1881 4923 2028 4992 quod
2072 4925 2237 4979 ctiam
2265 4922 2427 4979 Iesus
2484 4924 2692 4979 interea
2734 4938 2848 4979 rem
2885 4924 2963 4977 ita
3002 4922 3342 4994 disponeret,
3401 4933 3461 4979 ut

1883 5016 1952 5069 ab
1990 5030 2054 5070 ea
2091 5030 2198 5069 non
2230 5025 2643 5085 agnosceretur.
2685 5016 3053 5083 Quamobrem
3087 5018 3252 5071 etiam
3279 5017 3457 5072 dixit:

1885 5110 2100 5174 Mulier,
2132 5111 2258 5180 quid
2282 5111 2462 5179 ploras
2484 5112 2509 5164 ?
2540 5111 2707 5178 Quem
2737 5113 2931 5183 qureris
2955 5114 2980 5168 ?
3009 5109 3116 5165 Illa
3144 5112 3457 5167 existimans

1877 5199 2016 5269 quod
2079 5198 2394 5255 hortulanus
2460 5211 2627 5269 esset,
2679 5200 2808 5256 dicit
2867 5203 2974 5256 ei:
3018 5200 3257 5265 Domine,
3293 5201 3343 5257 si
3404 5209 3458 5256 tu

1880 5292 2169 5360 asportasti
2202 5308 2341 5360 eum,
2380 5293 2468 5346 die
2518 5293 2669 5359 mihi,
2720 5293 2810 5348 ubi
2853 5295 3091 5363 posueris
3132 5310 3270 5359 eum,
3306 5302 3461 5364 atque

1875 5397 1967 5451 ego
1997 5397 2115 5435 eum
2146 5382 2354 5438 tollam.
2387 5380 2639 5437 Forsitan
2666 5391 2848 5439 autem
2874 5399 2984 5440 non
3016 5383 3114 5439 abs
3157 5398 3236 5453 rc,
3285 5398 3462 5454 neque

1882 5484 2037 5529 extra
2071 5473 2356 5539 decorum,
2391 5474 2742 5528 hortulanum
2781 5490 2905 5532 esse
2950 5477 3179 5547 putabat
3224 5473 3410 5531 Iesum
3439 5492 3455 5531 :

1885 5579 2020 5621 sane
2049 5564 2198 5621 enim
2228 5566 2346 5637 ipse
2373 5580 2538 5623 verus
2561 5573 2617 5622 et
2653 5567 2982 5624 immortalis
3015 5568 3257 5640 agricola
3298 5581 3460 5639 para-

188 5662 293 5718 disi
319 5670 473 5728 erat,
510 5662 568 5717 in
628 5662 791 5717 horto
819 5658 1185 5725 monumenti,
1223 5658 1368 5718 sicut
1407 5656 1462 5711 in
1520 5653 1779 5726 paradiso
1817 5657 2125 5725 mulierem,
2184 5675 2308 5733 qua:
2339 5656 2613 5717 Adamum
2656 5661 2891 5733 primum
2932 5660 3284 5717 hortulanum
3334 5673 3457 5729 per.

264 5780 591 5851 “laeuus,
612 5781 666 5839 9.
746 5779 957 5838 "Psal.
981 5793 1099 5848 (ιιιι,
1136 5777 1192 5835 2.
1271 5777 1311 5810 ³³
1340 5775 1494 5833 Joan.
1532 5792 1625 5843 xx,
1660 5775 1720 5832 ll
1756 5792 1878 5850 sqq.
