3930 6210
477 343 584 400 659

1708 331 1767 392 S.
1809 330 2137 391 GREGORII
2169 331 2465 390 NYSSEN’I

3634 329 3743 390 640

477 455 913 513 incredulitatem
944 455 1268 527 deceperat,
1299 454 1519 525 lapsam
1557 453 1844 525 corrigens
1903 460 2066 524 atque
2102 452 2419 511 emendatis.
2469 449 2561 508 Sie
2594 449 2762 523 igitur
2790 450 3042 509 universa
3106 446 3494 523 mysteriorum
3542 447 3739 520 plena,

477 547 895 617 rationibusque
919 546 1123 603 divinis
1138 562 1204 602 ac
1235 547 1565 603 sublimibus
1594 546 1796 602 referta
1826 555 1976 604 sunt.

545 641 816 697 Caeterum
844 656 968 698 cum
999 641 1114 698 haec
1149 641 1379 698 dixisset
1404 641 1596 711 Maria,
1630 648 1685 696 et
1711 642 1860 697 circa
1893 647 2050 697 seru-
2078 639 2126 697 Α

477 734 739 789 tationem
793 736 1043 806 corporis
1088 735 1331 792 sollicita
1357 728 1608 800 haereret,
1656 748 1722 789 ac
1743 733 1856 803 ja‘m
1889 734 2055 789 etiam

479 824 652 895 magis
681 840 944 882 conversa
988 837 1133 884 esset
1164 835 1224 882 ut
1266 826 1460 891 abiret,
1518 827 1655 883 satis
1701 827 1947 882 territam
2001 834 2057 881 et

478 916 844 972 exanimatam
883 920 1235 990 conspicatus
1271 920 1340 983 is,
1379 918 1471 990 qui
1501 926 1753 989 penetrat
1781 934 1955 988 usque
1987 917 2057 973 ad

477 1006 800 1063 divisionem
839 1011 1037 1066 anima:
1087 1021 1251 1082 atque
1296 1011 1544 1082 spiritus,
1584 1019 1799 1066 artuum
1837 1022 2057 1081 quoque

477 1114 543 1155 ac
568 1102 925 1157 medullarum
950 1106 1014 1168 ³⁸,
1050 1105 1141 1174 qui
1173 1103 1422 1175 judicare
1447 1119 1662 1174 quoque
1687 1104 1791 1160 scit
1818 1104 1885 1158 de
1906 1103 2057 1175 cogi-

481 1191 779 1248 tationibus
825 1193 1011 1249 cordis
1056 1209 1121 1248 ac
1174 1195 1373 1250 mentis
1422 1193 1830 1267 agitationibus,
1893 1195 2054 1251 unica

477 1296 612 1338 voce
665 1284 1102 1342 incredulitatem
1166 1285 1390 1351 exemit,
1462 1288 1752 1357 visumque
1809 1287 2054 1344 mulieris

477 1372 625 1427 acuit
672 1373 736 1428 ad
776 1374 1131 1445 agnitionem,
1182 1390 1308 1431 cum
1357 1375 1589 1432 dixisset
1638 1376 1825 1431 solum
1846 1384 1905 1430 ut
1940 1377 2058 1447 ipse

476 1463 710 1530 sciebat,
738 1474 862 1520 eum
899 1466 1279 1539 redargutione
1306 1473 1361 1523 et
1398 1476 1548 1523 motu
1578 1467 1647 1522 ad
1675 1468 2052 1533 reverentiam,

478 1551 678 1610 Maria.
708 1557 885 1628 Atque
919 1559 1019 1632 illa
1066 1560 1338 1629 extemplo
1377 1574 1664 1625 conversa,
1699 1567 1754 1614 et
1790 1559 2051 1625 Raboum’,

476 1646 623 1716 quod
679 1648 882 1703 dicitur
921 1650 1186 1720 magister,
1220 1666 1343 1705 eum
1380 1651 1707 1722 appellabat,
1750 1656 1804 1703 ct
1842 1649 2055 1706 divinos

475 1738 598 1794 illus
646 1740 812 1808 pedes
858 1742 1163 1795 conabatur
1214 1741 1660 1812 apprehendere:
1710 1748 1765 1796 et
1821 1742 2053 1805 audivit,

478 1829 562 1885 Nc
617 1847 698 1886 me
743 1842 954 1904 tangas.
1009 1834 1261 1888 Nondum
1301 1835 1440 1889 enim
1479 1833 1696 1889 arcendi
1736 1834 1805 1888 ad
1836 1835 2054 1890 Patrem

475 1936 687 1976 meum:
740 1921 864 1987 hoc,
923 1923 1121 1992 inquit,
1165 1924 1370 1978 donum
1415 1923 1528 1991 jam
1559 1934 1879 1990 consecuta,
1934 1941 2056 1995 qua:

2235 634 2396 690 Ἀλλὰ
2425 633 2598 689 ταῦτα
2634 636 2733 707 τῆς
2765 633 2987 706 Μαρίας
3018 630 3300 705 εἰπούσης,
3326 631 3424 686 καὶ
3456 631 3587 703 περὶ
3632 631 3741 704 τὴν

2156 726 2383 799 ἔρευναν
2415 724 2758 798 ἐπτοημένης
2797 723 2893 778 τοῦ
2938 723 3208 794 σώματος,
3241 722 3335 776 ut
3366 721 3569 794 μᾶλλον
3613 722 3739 775 ἐπιν

2156 817 2523 889 στραφείσης,
2573 817 2715 871 ὥστε
2777 817 2870 871 καὶ
2921 814 3271 886 πορευθῆναι,
3317 813 3741 885 βασανισθεῖσαν

2157 910 2357 974 ἱκανῶς
2388 908 2720 980 θεασάμενος
2738 908 2767 960 ὁ
2791 906 3160 978 διικνούμενος
3187 907 3315 978 ἄχρι
3346 905 3742 985 μερισμοῦψυ-

2154 1002 2261 1073 χῆς-
2280 1002 2375 1055 καὶ
2405 1000 2735 1071 πνεύματος.
2769 998 2967 1069 ἅρμιῶν
2990 1016 3050 1051 τε
3077 998 3175 1053 καὶ
3200 997 3432 1068 μυελῶν,
3474 998 3571 1051 καὶ
3619 1004 3740 1070 πὲρι-

2154 1092 2300 1157 τικὸς
2345 1090 2694 1162 ἐνθυμήσεων
2746 1090 2840 1144 καὶ
2872 1088 3091 1144 ἐννοιῶν
3135 1087 3360 1159 καρδίας
3384 1104 3397 1117 ·
3445 1090 3599 1158 φωνῇ
3639 1090 3736 1160 μιᾷ

2154 1183 2254 1253 τὴν
2280 1182 2537 1237 ἀπιστίαν
2565 1180 2810 1250 ἐξέκοψε,
2854 1181 2950 1234 καὶ
2989 1179 3050 1233 τὸ
3091 1179 3307 1250 βλέμμα
3347 1179 3451 1248 τῆς
3482 1180 3732 1246 γυναικὸς

2154 1273 2323 1351 ῶξυνε
2356 1274 2491 1345 πρὸς
2520 1274 2833 1342 ἐπίγνωσιν,
2863 1271 3033 1326 εἰπὼν
3061 1271 3326 1342 μόνον,ὼς
3357 1271 3522 1335 αὐτὸς
3550 1272 3730 1339 ἐγίνωο

2156 1381 2290 1427 σκε,
2331 1362 2701 1435 ἐντροπικῶς’
2749 1361 3004 1434 Μαριάμ.
3062 1364 3172 1418 Καὶ
3226 1363 3574 1433 παραχρῆμα
3617 1364 3726 1416 ἐπι-

2157 1457 2478 1525 πραφεῖσα,
2508 1454 2619 1521 καὶ,
2637 1454 2933 1517 Ῥασουγὶ,
2951 1452 3433 1525 προσηγόρευσεν..
3445 1451 3477 1504 ὃ
3496 1451 3728 1520 λέγεται,

2154 1543 2488 1598 Διδάσκαλε
2508 1585 2523 1609 ,
2569 1544 2663 1597 καὶ
2709 1542 2817 1595 τῶν
2853 1541 3011 1596 θείων
3062 1540 3240 1595 ποδῶν
3293 1541 3523 1595 ἐκείνων
3556 1542 3725 1611 ἐζήτει

2153 1633 2434 1698 λαϐέσθαι,
2470 1632 2565 1686 καὶ
2602 1633 2823 1704 ἤκουσε·
2862 1631 2957 1700 Μή
2997 1648 3117 1701 μου
3150 1631 3369 1714 viatori.
3398 1631 3591 1714 06.1w
3631 1631 3726 1699 γὰρ

2152 1729 2493 1797 ἀναϐέϐηκα
2519 1730 2664 1798 πρὸς
2700 1729 2807 1784 τὸν
2832 1728 3065 1797 Πατέρα
3090 1712 3230 1798 μου.
3279 1712 3521 1799 Ταύτης,
3552 1729 3722 1799 φησὶν,

2154 1819 2255 1891 ήδη
2285 1820 2384 1892 τῆς
2430 1820 2614 1891 φωνῆς
2641 1819 2879 1891 τυχοῦσα
2923 1819 3033 1890 τῆς
3074 1818 3305 1891 δωρεᾶς,
3358 1819 3454 1873 καὶ
3488 1820 3724 1890 ἁψαμένη

2158 1930 2263 1983 μου
2290 1913 2430 1984 μετὰ
2454 1915 2551 1985 τῆς
2580 1913 2743 1985 ἄλλης
2774 1912 3016 1986 Μαρίας,
3041 1913 3137 1967 καὶ
3170 1913 3628 1984 προσκυνήσασα,
3646 1913 3727 1966 καὶ

476 2027 584 2068 una
614 2028 737 2067 cum
772 2013 942 2068 altera
977 2013 1145 2068 Maria
1185 2021 1239 2070 et
1265 2017 1621 2070 contrectasti
1655 2032 1741 2072 me
1768 2024 1823 2071 et
1854 2017 2051 2071 adora-

2158 2005 2279 2067 τοὺς
2310 2002 2472 2067 πόδας
2517 2004 2839 2074 κρατήσασα
2871 2002 3323 2075 κατηφρόνησας,
3358 2002 3437 2065 ὡς
3486 2002 3587 2056 καὶ
3613 2003 3727 2056 Emt-

472 2103 622 2171 visti,
658 2105 931 2176 pedesque
952 2105 1196 2169 tenuisti,
1221 2107 1600 2177 contempsisti
1626 2106 1763 2163 adeo
1806 2108 2047 2163 utetiam

472 2209 582 2251 non
630 2195 953 2263 credideris,
1000 2212 1066 2252 ac
1103 2197 1240 2252 nihil
1269 2211 1527 2267 magnum
1555 2198 1622 2253 de
1652 2214 1738 2254 me
1770 2199 1823 2253 in
1866 2200 2051 2255 animo

470 2291 793 2360 concepisti,
817 2291 910 2347 sed
942 2291 1120 2346 adhuc
1136 2292 1283 2348 circa
1308 2303 1720 2348 monumentum
1749 2294 2048 2364 quaerebas,

471 2379 565 2450 qui
614 2379 879 2435 divinitus
927 2396 1092 2451 supra
1129 2383 1273 2452 apud
1309 2383 1523 2438 Patrem
1563 2399 1735 2439 eram.
1773 2385 1852 2439 Ac
1904 2399 2051 2438 nunc

472 2484 541 2524 ne
596 2485 681 2524 me
735 2471 992 2540 attingas.
1046 2474 1094 2528 si
1141 2470 1331 2530 eadem
1388 2474 1595 2531 mentis
1640 2475 1935 2545 agitatione
1983 2475 2052 2530 ad

470 2560 687 2618 Patrem
735 2566 1111 2622 ascensionem
1143 2567 1338 2624 deesse
1367 2568 1498 2622 mibi
1539 2568 1844 2624 existimas.
1902 2567 2052 2623 Non-

469 2654 596 2709 dum
627 2657 876 2717 enim,>ut
911 2667 971 2712 tu
1004 2657 1233 2729 cogitas,
1270 2659 1485 2715 αεσξηάί
1507 2660 1576 2713 ad
1612 2659 1820 2714 Patrem
1844 2677 2050 2726 meum;

471 2747 563 2801 sed
610 2747 740 2802 vade
770 2747 839 2803 ad
887 2749 1083 2818 fratres
1118 2767 1279 2816 meos,
1330 2761 1381 2805 et
1414 2751 1498 2804 dic
1536 2752 1612 2806 eis
1636 2767 1655 2805 :
1690 2752 1928 2806 Ascendo
1981 2751 2051 2805 ad

477 2838 692 2894 Patrem
719 2857 910 2903 meum,
946 2850 999 2894 et
1041 2839 1259 2898 Patrem
1288 2854 1540 2908 vestrum,
1578 2852 1625 2897 et
1659 2842 1825 2896 Deum
1854 2860 2050 2909 meum,

470 2945 536 2983 ac
584 2929 752 2985 Deum
811 2941 1060 2986 restrum.
1126 2931 1421 2999 Quoniam,
1484 2934 1685 3003 inquit,
1747 2935 2049 2990 secundum

471 3034 690 3075 carnem
728 3021 1123 3091 primogenitus
1165 3021 1239 3076 fni
1281 3022 1423 3076 inter
1452 3024 1655 3079 multos
1689 3024 1907 3088 fratres,
1943 3042 2048 3080 non

470 3113 604 3167 mibi
636 3130 804 3177 nunc,
837 3113 931 3170 sed
961 3114 1114 3170 vobis
1141 3113 1423 3179 fratribus,
1465 3116 1829 3185 corporaliter
1853 3132 2049 3171 ascen-

471 3204 596 3259 dam
630 3205 696 3260 ad
728 3204 943 3261 Patrem
974 3222 1178 3267 meum,
1204 3215 1259 3261 et
1284 3207 1497 3261 Patrem
1523 3215 1784 3271 vestrum,
1809 3215 1864 3260 et
1880 3205 2047 3262 Deum

471 3314 675 3362 meum,
736 3314 800 3353 ac
840 3298 1009 3354 Deum
1059 3307 1327 3356 vestrum.
1369 3299 1485 3355 Nisi
1523 3299 1669 3355 enim
1705 3298 1844 3354 Dens
1894 3314 2050 3353 meus
2077 3339 2118 3395 ϐ

470 3390 777 3461 appellatus
800 3398 966 3457 esset,
994 3406 1119 3445 cum
1151 3391 1517 3447 innocentiam
1543 3390 1796 3444 humana:
1816 3396 2048 3454 naturae,

472 3490 765 3552 propterea
791 3483 957 3552 quod,
991 3484 1138 3537 sicut
1188 3483 1244 3537 in
1287 3483 1558 3552 principio
1586 3485 1827 3552 generis,
1858 3496 2053 3551 pecca-

473 3584 589 3631 tum
617 3576 958 3645 ignorabam,
986 3576 1039 3630 in
1070 3591 1158 3631 me
1184 3575 1319 3630 vidit
1345 3592 1358 3627 :
1390 3583 1569 3631 vester
1593 3574 1763 3630 Pater
1783 3576 1865 3631 vel
1890 3575 2050 3635 Deus.

474 3673 662 3738 utpote
705 3682 896 3722 eorum
926 3667 1018 3738 qui
1054 3668 1123 3722 ab
1154 3683 1222 3722 eo
1266 3667 1558 3722 abalienati
1596 3668 1783 3730 eratis,
1818 3666 2055 3737 appellm

474 3763 565 3812 tus
611 3772 722 3811 non
769 3765 918 3811 esset
977 3755 1321 3827 Quapropter
1362 3757 1525 3811 etiam
1576 3755 1780 3811 Paulus
1812 3755 2053 3812 Hebraeis

473 3848 726 3907 scribens
771 3847 1027 3905 dicebat:
1082 3847 1209 3903 Non
1252 3848 1391 3902 enim
1433 3848 1487 3902 in
1529 3848 1839 3918 mannfacta
1867 3860 2054 3903 sancta

473 3940 709 3995 introivit
741 3938 1007 4006 Christus,
1055 3939 1127 3993 ad
1163 3938 1566 3994 similitudinem
1595 3939 1742 4008 facta
1771 3956 2010 3995 verorum
2031 3955 2053 3995 :

472 4027 563 4084 sed
592 4030 646 4082 in
683 4030 854 4098 ipsum
883 4030 1094 4095 caelum,
1133 4037 1192 4082 ut
1220 4038 1473 4097 appareat
1504 4046 1643 4083 nunc
1688 4032 1743 4084 in
1776 4042 2054 4099 conspectu

476 4119 575 4175 Dei
602 4136 699 4189 pro
739 4122 888 4175 nobis
913 4122 977 4177 ¹⁶.
1025 4119 1188 4176 Venit
1231 4121 1396 4191 igitur
1430 4119 1748 4191 Magdaleua
1782 4120 1971 4183 Maria,
2001 4131 2056 4178 et

475 4213 767 4267 annuntiat
792 4212 1103 4284 discipulis,
1155 4212 1301 4285 quod
1351 4214 1581 4269 vidisset
1634 4212 1918 4268 Dominum
1960 4214 2054 4283 qui

476 4304 594 4359 haec
638 4305 867 4360 dixisset
918 4305 1045 4361 sibi.
1073 4304 1209 4361 Cum
1263 4307 1502 4362 venisset
1530 4314 1734 4368 autem.
1797 4315 1959 4375 atque
1989 4320 2054 4360 ea

477 4396 881 4461 annuntiasset,
938 4413 1134 4453 rursus
1191 4398 1401 4453 invenit
1452 4397 1678 4451 Mariam
1734 4395 1944 4462 Jacobi,
2000 4402 2056 4452 et

476 4475 769 4550 Joannam.
800 4496 853 4544 et
881 4488 1019 4545 alias
1049 4490 1344 4546 nonnullas
1366 4504 1490 4545 cum
1524 4489 1681 4559 ipsis,
1712 4504 1837 4543 cum
1887 4502 2057 4558 appa-

477 4588 602 4635 ratu
633 4588 938 4633 aromatum
965 4587 1020 4633 et
1042 4587 1447 4649 unguentorum
1478 4580 1545 4633 ad
1570 4580 1890 4649 sepulcrum
1925 4594 2055 4648 pro-

477 4671 822 4742 perantes",
861 4670 1133 4726 discussis
1185 4673 1447 4739 tenebris,
1491 4688 1556 4729 ac
1596 4672 1868 4743 profundo
1909 4673 2055 4727 dilu-
2090 4693 2135 4751 ο
2159 4708 2224 4760 αὖ

478 4759 605 4814 culo
638 4760 775 4831 (hoc
817 4768 921 4818 est.
967 4761 1120 4831 justo
1152 4777 1217 4818 ac
1260 4778 1409 4829 vero,
1439 4770 1494 4818 et
1527 4779 1672 4819 nunc
1706 4763 1938 4833 primum
1973 4763 2049 4817 in-

480 4851 767 4923 cipiente),
803 4860 861 4905 ut
909 4852 1085 4924 inquit
1119 4852 1383 4920 Lucas",
1419 4861 1473 4909 et
1519 4855 1824 4923 adjungens
1856 4869 1916 4909 se
1934 4868 2057 4907 'uua

479 4956 605 4996 cum
635 4944 717 4998 eis
749 4945 880 5009 ibat,
912 4960 976 4999 ae
1008 4955 1229 5017 propter
1253 4946 1453 5001 ardens
1478 4960 1606 5016 erga
1638 4943 1822 5000 Jesnm
1847 4943 2059 4999 deside-

482 5033 625 5101 rjum
651 5035 762 5090 dux
801 5051 991 5091 earum
1015 5037 1324 5103 videbatur,
1368 5052 1433 5091 ac
1462 5044 1685 5107 propter
1722 5037 1862 5090 hanc
1898 5035 2060 5090 clari-

482 5133 672 5187 tatem.
700 5142 861 5196 quam
882 5144 946 5183 ex
984 5127 1130 5182 facto
1161 5128 1355 5198 adepta
1386 5136 1491 5192 est,
1527 5128 1869 5199 primaapud
1897 5143 2059 5183 evan-

483 5220 705 5321 gelislas
739 5227 1078 5275 numeratur.
1111 5220 1377 5290 Cupiebat
1415 5220 1560 5275 enim
1601 5219 1762 5274 etiam
1800 5219 1907 5275 illis
1945 5234 2055 5275 non

482 5311 549 5375 ex
578 5312 666 5376 iis,
705 5327 827 5382 qua:
856 5311 924 5367 ab
963 5327 1087 5367 sese
1118 5321 1172 5367 et
1201 5312 1270 5366 ab
1301 5312 1474 5367 altera
1501 5311 1668 5366 Maria
1697 5311 2055 5379 audivissent,

485 5400 582 5457 sed
636 5416 703 5457 ex
765 5400 1084 5471 illis.ipsis,
1139 5416 1260 5471 quae
1292 5402 1574 5468 vidissent,
1606 5403 1690 5457 vel
1739 5403 2054 5474 angelorum

485 5492 776 5562 pmsentia
812 5492 970 5548 ﬁdem
1008 5493 1123 5549 ﬁeri
1173 5494 1629 5551 resurrectionis:
1682 5502 1737 5549 et
1777 5500 1896 5548 erat
1932 5509 2057 5550 cum

483 5583 567 5640 eis
618 5583 917 5655 prudenter:
948 5599 1015 5640 ac
1049 5584 1231 5642 dedita
1253 5599 1418 5657 opera
1456 5593 1665 5652 tacens,
1704 5584 1947 5654 nihilque
1975 5584 2060 5639 di-

2155 2096 2370 2166 στῆσαι,
2426 2096 2519 2149 καὶ
2562 2095 2721 2149 οὐδὲν
2748 2095 2889 2167 μέγα
2926 2094 3205 2167 διενοήθης
3237 2093 3367 2165 napi.
3410 2092 3585 2164 ἐμοῦ,
3625 2092 3730 2147 ἀλλ’

2153 2186 2232 2241 ἔτι
2267 2188 2394 2260 περὶ
2420 2189 2481 2244 τὸ
2511 2191 2698 2260 μνῆμα
2736 2189 2946 2259 ἐζήτεις
2976 2187 3068 2241 τὸν
3106 2186 3310 2243 ἄνωθεν
3360 2186 3564 2249 θεῖκῶς
3605 2185 3731 2257 πρὸς

2151 2279 2241 2331 τὶν
2272 2280 2489 2351 Πατέρα
2522 2279 2854 2350 ὑπάρχοντα.
2892 2277 3003 2332 Καὶ
3051 2276 3147 2331 νῦν
3195 2278 3271 2349 μή
3319 2293 3419 2347 μου
3456 2275 3655 2335 ἅπτου,
3686 2276 3733 2329 ει

2157 2373 2293 2443 μετὰ
2316 2373 2414 2442 τῆς
2444 2373 2612 2445 αὐτῆς
2658 2372 2893 2435 διανοίας
2928 2370 2990 2425 τὸ
3017 2370 3152 2438 πρὸς
3197 2368 3290 2423 τὸν
3337 2367 3568 2440 Πατέρα
3609 2368 3735 2421 tiva-

2153 2463 2313 2535 ϐῆναι
2340 2463 2579 2533 νομίζεις
2614 2462 2879 2515 ἐλλείπειν
2915 2479 3021 2532 μοι.
3059 2460 3234 2515 Οὔπω
3263 2459 3370 2529 γὰρ
3397 2454 3735 2524 ἀναϐέϐηκα

2152 2553 2294 2607 κατὰ
2338 2553 2398 2606 σὲ
2447 2553 2599 2621 πρὸς
2634 2553 2739 2607 τὸν
2779 2551 3011 2621 Πατέρα
3049 2569 3169 2621 μου
3199 2565 3212 2579 ·
3270 2548 3441 2617 πλὴν
3476 2549 3738 2617 πορεύου

2152 2646 2302 2713 πρὸς
2336 2644 2478 2711 τοὺς
2512 2644 2814 2713 ἀδελφούς
2828 2660 2968 2712 μου,
3004 2640 3099 2696 καὶ
3128 2639 3258 2696 εἰπὲ
3296 2639 3540 2706 αὐτοῖς·
3580 2640 3740 2694 ‘Ara—

2153 2739 2333 2792 ϐαίνω
2356 2737 2506 2806 πρὸς
2525 2737 2632 2792 τὸν
2651 2736 2882 2805 Πατέρα
2893 2754 3032 2806 μου,
3057 2735 3155 2788 καί
3177 2734 3404 2803 Πατέρα
3426 2733 3619 2804 ὑμῶν,
3640 2732 3741 2787 καὶ

2156 2827 2305 2881 Θεόν
2336 2845 2479 2897 μου,
2510 2827 2608 2881 καί
2642 2816 2791 2881 Θεὸν
2818 2824 3004 2895 ὑμῶν.
3068 2824 3285 2896 Ἐπειδὴ
3313 2822 3540 2892 γέγονα,
3586 2822 3742 2894 φησι,

2154 2918 2296 2972 κατὰ
2342 2919 2521 2990 σάρκα
2554 2918 2894 2989 πρωτότοκος
2942 2917 2999 2970 ἐν
3044 2914 3257 2979 πολλοῖς
3299 2914 3591 2984 ἀδελφοῖς,
3642 2913 3745 2967 οὐκ

2153 3011 2373 3082 ἐμαυτῷ
2418 3012 2534 3076 νῦν,
2583 3011 2696 3065 ἀλλ’
2748 3011 2877 3080 ὑμῖν
2921 3010 3033 3072 τοῖς
3078 3007 3359 3077 ἀδελφοῖς,
3409 3005 3748 3077 σωματικῶς

2152 3103 2496 3174 ἀναϐήσομαι
2525 3104 2658 3173 πρὸς
2676 3102 2765 3155 τὸν
2796 3100 3014 3171 Πατέρα
3043 3118 3168 3173 μου,
3197 3098 3292 3153 καὶ
3319 3098 3541 3170 Πατέρα
3563 3098 3746 3168 ὑμῶν,

2153 3196 2244 3249 καὶ
2276 3193 2408 3247 Θεόν
2439 3212 2562 3264 μου,
2595 3196 2689 3249 καὶ
2713 3195 2844 3248 Θεὸν
2872 3194 3044 3265 ὑμῶν.
3094 3194 3157 3246 El
3190 3192 3279 3262 μὴ.
3298 3191 3408 3263 γὰρ
3436 3190 3585 3263 ἐμοῦ
3606 3191 3745 3256 Θεὸς

2154 3288 2545 3359 ἐχρημάτισας,
2592 3289 2647 3340 ἐν
2682 3287 2804 3356 ἐμοὶ
2852 3287 2924 3339 τὸΔ
2963 3285 3192 3356 ἄμωμον
3234 3284 3335 3354 τῆς
3380 3282 3743 3354 ἀνθρωπίνης

2152 3379 2365 3447 φύσεως
2401 3378 2488 3432 διὰ
2517 3378 2578 3431 τὸ
2604 3378 2815 3446 ἀγνοεῖν
2844 3377 3115 3448 ἁμαρτίαν
3136 3417 3152 3442 ,
3203 3376 3279 3440 ὼς
3309 3377 3368 3429 ἐν
3396 3375 3626 3446 ἀπαρχῇ
3655 3373 3750 3428 τοῦ

2152 3474 2341 3542 γένους
2372 3471 2518 3538 ἰδὼν,
2544 3474 2644 3526 οὐκ
2670 3472 2735 3526 ἂν
2765 3471 2919 3543 ὑμῶν
2947 3469 3146 3540 ἐκλήθη
3177 3469 3385 3539 Πατὴρ,
3414 3468 3447 3538 ἢ
3480 3467 3617 3532 Θεὸς
3642 3468 3751 3520 τῶν

2153 3563 2677 3635 ἀπηλλοτριωμένων
2709 3560 2893 3616 αὑτοῦ.
2942 3560 3033 3614 Διὸ
3077 3561 3172 3615 καὶ
3199 3559 3413 3622 Παῦλος
3462 3556 3751 3629 Ἑϐραίοις

2153 3655 2482 3709 ἐπιστέλλων
2507 3654 2710 3722 ἔλεγεννο
2740 3653 2823 3709 Οὐ
2848 3652 2956 3723 γὰρ
2976 3651 3350 3722 χειροποίητα
3373 3650 3514 3720 ἅγια
3539 3649 3755 3718 εἰσ-ἦλα

2153 3746 2257 3797 θεν
2286 3746 2318 3797 ό
2351 3742 2603 3810 Χριστὸς
2628 3742 2925 3796 ἀντίτυπα
2967 3740 3088 3795 τῶν
3117 3739 3430 3806 ἀληθινῶν,
3477 3738 3637 3793 ἀλλ’
3669 3743 3756 3804 εἰς

2152 3830 2338 3885 αὑτὸν
2350 3831 2457 3884 τὸν
2466 3847 2497 3883 ο
2505 3828 2843 3898 ὑρανὸννῦν
2853 3826 3333 3901 φανισθῆναι
3346 3823 3426 3890 τῷ
3437 3826 3757 3893 προσώπῳ

2156 3917 2302 3974 Θεοῦ
2326 3916 2472 3987 ὑπὲρ
2498 3916 2685 3985 ἡμῶν.
2713 3917 2971 3987 Ἔρχεται
3003 3912 3096 3969 οὖν
3123 3917 3158 3988 η
3188 3913 3521 3984 Μαγδαληνὴ
3551 3904 3756 3986 Μαρία

2155 4005 2570 4074 ἀπαγγέλλουσα
2592 4006 2703 4068 τοῖς
2732 4004 3019 4075 μαθηταῖς,
3043 4005 3124 4058 ὅτι
3145 4002 3356 4074 ἑώρακε
3377 4001 3470 4053 τὸν
3510 3998 3753 4073 Κύριον,

2156 4095 2250 4148 καὶ
2282 4097 2453 4147 ταῦτα
2480 4090 2630 4146 εἶπεν
2657 4094 2812 4163 αὐτῇ.
2848 4089 3273 4162 Παραγενομένη
3320 4088 3378 4142 δὲ
3420 4088 3516 4142 καὶ
3562 4091 3753 4159 ἀπαγ-

2155 4183 2403 4250 γείλασα,
2452 4180 2611 4235 πάλιν
2645 4179 2888 4251 εὑρίσκει
2921 4177 3137 4251 Μαρίαν
3169 4175 3265 4247 τὴν
3307 4174 3573 4230 Ἰακώϐου
3602 4218 3635 4249 ,ξ
3660 4178 3757 4230 καὶ.

2168 4270 2418 4322 Ἰωάνναν
2441 4308 2455 4331 ,
2508 4269 2602 4322 καὶ
2633 4267 2797 4331 ἄλλας
2829 4268 2926 4321 σὺν
2960 4268 3150 4330 αὐταῖς
3200 4264 3338 4336 μετὰ
3387 4266 3758 4336 παρασκευῆς

2155 4353 2464 4423 ἀρωμάτων
2498 4355 2592 4405 καὶ
2628 4353 2814 4424 μύρων
2862 4352 2995 4424 πρὸς
3026 4352 3116 4405 τὸν
3158 4350 3329 4420 τάφον
3357 4352 3753 4422 ἐπὲιγομένας,

2154 4440 2248 4494 τοῦ
2274 4440 2496 4503 σκότους
2521 4442 2995 4513 ὑποχωρήσαντος,
3024 4440 3118 4495 καὶ
3145 4439 3344 4511 ὄρθρου
3380 4438 3580 4509 βαθέος
3605 4442 3757 4505 ὄντος

2159 4527 2475 4595 (τουτέστιν,
2513 4529 2778 4600 ἀκριϐῶς,
2828 4530 2923 4583 καὶ
2972 4530 3097 4600 ἄρτι
3138 4529 3351 4599 πρῶτον
3388 4527 3753 4599 ἁρξαμένςυ),

2159 4616 2339 4680 καθώς
2366 4634 2530 4687 φησιν
2577 4620 2607 4672 ὁ
2648 4620 2881 4683 Λουκᾶς,
2934 4620 3028 4672 καὶ
3073 4616 3383 4688 ἀναμίξασα
3416 4617 3634 4687 ἑαυτὴν
3665 4619 3756 4671 σὺν

2229 4709 2367 4773 ταῖς,
2404 4707 2713 4779 ἐπορεύετο,
2739 4709 2826 4762 διὰ
2854 4710 2917 4761 τὸ
2942 4708 3144 4780 θερμὸν
3171 4707 3267 4760 τοῦ
3299 4705 3467 4760 πόθου
3493 4706 3604 4760 τοῦ
3632 4706 3755 4776 περὶ

2156 4796 2251 4850 τὸν
2302 4796 2530 4867 Ἰησοῦν,
2557 4795 2831 4867 ἐξάρχειν
2860 4796 3043 4850 αὐτῶν
3083 4794 3315 4849 δοκοῦσα
3339 4835 3355 4860 ,
3401 4794 3501 4847 καὶ
3554 4796 3749 4864 πρώτη

2160 4883 2311 4956 παρὰ
2353 4886 2466 4947 τοῖς
2506 4884 2921 4953 εὐαΥγελιστᾱῖς
2949 4882 3325 4955 ἀριθμουμένη
3347 4920 3362 4945 ,
3412 4881 3505 4934 διὰ
3557 4883 3627 4936 τὸ
3668 4884 3749 4934 ἑν-

2158 4970 2350 5024 τεῦθεν
2379 4970 2667 5042 ἐπίσημον.
2713 4970 3023 5042 Ἐπεθύμει’
3056 4970 3291 5041 γὰρ-καὶ
3327 4967 3526 5032 αὑτὰς,
3558 4969 3666 5021 οὐκ
3689 4965 3757 5031 ἐξ

2161 5051 2236 5112 ὧν
2270 5057 2400 5129 παρ’
2445 5058 2615 5125 αὐτῆς
2644 5060 2740 5113 καὶ
2772 5059 2873 5129 τῆς
2917 5058 3084 5129 ἄλλης
3128 5055 3348 5128 Μαρίας
3380 5056 3608 5126 ἢκουον,
3633 5053 3755 5107 ἀλλ’

2161 5146 2222 5211 ἐξ
2251 5147 2421 5217 αὐτῆς
2442 5149 2542 5217 τῆς
2564 5147 2733 5214 Θείας,
2770 5146 2804 5219 ἢ
2832 5148 3079 5216 ἀγγέλων
3110 5143 3436 5208 ἐπιστασίας
3464 5142 3759 5213 πιστωοῆο

2160 5251 2248 5289 ναι
2276 5235 2410 5305 πρὸς
2443 5234 2858 5305 τὴν-ἀνάστασιν
2880 5252 2895 5266 ο
2941 5235 3038 5289 καὶ
3071 5233 3468 5305 συνῆνάὺταῖς
3508 5231 3762 5296 συνετῶς

2163 5323 2448 5386 σιωπῶσα,
2491 5323 2585 5377 καὶ
2616 5323 2782 5394 μηδὲν
2811 5322 3047 5392 λέγουσα
3070 5319 3577 5392 διαπορευομέναις.
3598 5318 3765 5373 ἀλλά

2161 5409 2261 5480 τὴν
2304 5409 2415 5463 τῶν
2464 5412 2803 5481 πραγμάτων
2845 5411 3188 5480 ἁναμένουσα
3236 5410 3480 5482 Μαρίαν,
3523 5406 3619 5461 καὶ
3658 5424 3766 5462 πι-

2167 5495 2429 5550 στεύουσα
2457 5497 2550 5551 καὶ
2578 5498 2772 5562 αὑταῖς
2798 5497 2982 5561 αὐτοῖς
3009 5496 3253 5566 ὄμμασιν
3288 5495 3426 5550 ἰδίαν
3454 5493 3570 5547 τινὰ
3604 5493 3770 5565 alq-

2168 5584 2422 5654 ροφορίαν
2443 5583 2784 5656 δοθήσεσθαι.
2814 5585 2924 5639 Καὶ
2945 5584 3017 5657 δὴ
3034 5583 3123 5638 τὸν
3145 5582 3292 5639 λίθον
3313 5578 3771 5655 ἀποκεκυλισμέ.

560 5754 604 5789 ⁸⁸
636 5754 799 5813 llebr.
833 5775 904 5824 ιν,
938 5760 1018 5814 l2.
1098 5762 1141 5794 ¹⁶
1173 5758 1340 5815 llcbr.
1372 5775 1445 5827 Ix,
1487 5759 1574 5814 24.
1656 5759 1696 5791 ⁸⁷
1729 5756 1862 5813 Luc.
1898 5774 2048 5825 xxw,

2158 5775 2330 5830 νεηηά
2364 5757 2528 5815 Marc.
2557 5776 2666 5826 xvi,
2715 5761 2731 5815 Ι
2768 5776 2887 5833 sqq.
2967 5760 3007 5792 ’⁸
3034 5754 3162 5814 Luc.
3191 5773 3337 5822 ntv,
3370 5758 3420 5813 l.
