3930 6210
503 281 612 337 643

1751 275 1810 330 S.
1848 269 2175 331 GRECORII
2216 267 2506 327 NYSSE‘NI

3649 263 3754 317 ομ

503 406 616 456 res,
655 391 722 447 de
763 389 964 462 quibus
995 397 1081 445 est
1105 387 1249 460 apud
1282 387 1545 454 Marcum,
1594 402 1832 460 persona
1863 385 2073 442 Salome

2176 387 2325 456 ιήμῖν
2348 387 2460 438 τὸν
2489 385 2686 445 λίθον,
2735 380 2843 435 τῶν
2895 378 3160 435 Ἰουδαίων
3202 377 3616 449 σφραγισάντων
3653 380 3756 450 τὴν

503 483 691 551 ignara
722 481 976 544 infertur,
1013 480 1221 550 absque
1251 480 1650 541 controversia,
1679 478 1856 532 oratio
1874 479 2080 548 proha-

506 573 634 628 bilis
654 587 716 625 ac
745 571 1061 627 verisimilis
1081 580 1184 626 est.
1206 570 1340 626 Nam
1371 586 1471 624 nec
1500 570 1624 623 illas
1649 577 2078 622 consentaneum

503 670 588 716 est
618 662 847 724 dixisse,
885 663 1014 726 Quis
1055 663 1278 716 revolvet
1319 661 1470 714 nobis
1511 660 1758 725 lapidem,
1794 667 2078 729 propterea

501 751 647 820 quod
677 748 846 805 Judaei
876 751 1260 820 obsignassent
1287 750 1495 804 aditum
1547 748 1809 819 sepulcri,
1838 747 2078 801 adhibita

501 841 750 896 custodia
786 842 1039 904 militum.
1075 849 1129 895 et
1165 841 1361 896 tertius
1389 841 1507 896 dies
1543 841 1794 894 instaret.
1825 838 2078 893 Dixerant

501 935 647 989 enim
679 935 929 990 scelerati
976 935 1051 988 illi
1102 933 1170 988 ad
1211 933 1490 988 Pilatum:
1545 932 1822 987 Rccordati
1871 947 2074 995 sumus,

500 1026 637 1094 quod
660 1028 913 1094 impostor
938 1026 1027 1079 ille
1046 1026 1210 1093 dixit,
1234 1041 1352 1078 cum
1379 1023 1549 1078 adhuc
1573 1025 1759 1077 uiueret
1784 1037 1800 1073 :
1827 1021 1953 1076 Post
1976 1031 2080 1075 tres

499 1116 612 1170 dies
643 1133 913 1187 resurgam
936 1117 1002 1169 υ.
1040 1115 1094 1168 Si
1126 1115 1386 1170 mulieres
1435 1114 1601 1185 igitur
1631 1113 1879 1169 sciebant
1915 1112 2081 1164 mira-

499 1209 706 1268 culum,
761 1207 906 1278 quod
941 1221 1036 1276 per
1089 1206 1340 1276 angelum
1387 1204 1592 1259 factum
1641 1211 1779 1267 erat,
1832 1213 1886 1258 et
1933 1201 2079 1272 quod

502 1298 642 1366 lapis
688 1305 934 1351 remotus
982 1302 1149 1360 esset,
1200 1306 1253 1350 et
1282 1295 1540 1352 euSIodes
1567 1293 2081 1365 expavefaetimor-

500 1387 718 1457 tuisque
741 1388 948 1443 similes
978 1387 1001 1440 Γ
1003 1387 1109 1441 acti
1144 1387 1516 1451 recessissent,
1543 1385 1815 1456 quomodo
1836 1385 2082 1440 sollicita:

500 1489 555 1534 et
585 1481 757 1533 anxia:
779 1478 846 1533 de
890 1477 1233 1532 revolutione
1282 1476 1479 1547 lapidis
1534 1475 1737 1531 erant?
1772 1473 1866 1528 Sin
1898 1481 2078 1527 autem

499 1570 822 1624 miraculum
871 1569 1217 1640 ignorabant,
1257 1567 1559 1622 custodiam
1607 1567 1842 1620 militum
1893 1565 2082 1618 consi-

498 1660 692 1716 derare
735 1674 800 1712 ac
861 1675 968 1712 nou
1002 1659 1068 1713 de
1115 1658 1410 1728 aperiendo
1440 1663 1795 1711 monumento
1840 1656 2078 1724 cogitare

497 1750 799 1820 Oportebat.
833 1747 1056 1814 Verum,
1107 1757 1165 1803 ut
1193 1749 1328 1813 dixi,
1367 1749 1583 1802 Salome
1612 1756 1667 1802 et
1709 1747 1812 1801 hoc
1858 1747 2078 1817 ignora-
2109 1721 2151 1779 Β

500 1842 611 1905 bat,
643 1851 696 1895 et
755 1841 933 1910 ipsius
987 1841 1159 1896 solius
1193 1855 1257 1895 ea
1303 1841 1465 1894 verba
1522 1849 1700 1894 erant.
1737 1836 1874 1892 Nam
1908 1838 2078 1892 Maria

498 1931 813 2002 Magdalena
844 1940 1011 2001 atque
1037 1933 1208 1985 altera
1258 1930 1427 1984 Maria
1458 1946 1580 1985 eum
1610 1930 1886 1985 sedissent
1918 1945 1948 1984 e
1987 1945 2077 1984 re-

495 2023 660 2095 gione
714 2023 972 2094 sepulcri,
1025 2021 1484 2092 quemadmodum
1530 2023 1812 2077 memoria:
1841 2021 2081 2093 prodidit

501 2115 787 2170 Mattheus
808 2116 874 2179 “,
904 2129 1210 2186 magnoque
1239 2115 1422 2170 studio
1451 2123 1612 2183 atque
1637 2113 1908 2168 industria
1935 2114 2078 2169 assi-

497 2203 690 2260 dentes
721 2204 772 2259 id
805 2205 1061 2275 egissent,
1107 2213 1221 2259 tum
1257 2203 1538 2274 signacula
1569 2201 1904 2271 Judaeorum,
1959 2215 2073 2259 tum

499 2303 832 2349 armatorum
888 2294 1195 2350 custodiam
1249 2296 1423 2350 oculis
1482 2295 1599 2350 suis
1655 2305 2074 2366 conspexerant.

499 2385 750 2456 lngressa
794 2396 976 2443 autem
1013 2387 1228 2444 Salome
1262 2404 1386 2444 cum
1439 2397 1670 2460 utraque
1701 2389 1889 2453 Maria,
1927 2388 2077 2445 vide-

499 2487 625 2532 runt
671 2479 924 2548 juvenem
952 2478 1232 2535 sedentem
1281 2495 1312 2534 a
1361 2480 1593 2545 dextris,
1649 2481 1905 2535 amictum
1939 2480 2075 2535 stola

497 2568 752 2635 candida,
777 2579 831 2625 et
850 2582 1185 2640 expaverunt
1204 2586 1395 2626 omnes
1423 2573 1503 2626 "z
1535 2574 1645 2626 haec
1666 2572 1908 2642 quidem,
1930 2572 2074 2642 quod

499 2659 604 2716 ﬁde
627 2661 912 2732 indigeret,
939 2677 1001 2717 ac
1029 2663 1203 2732 magis
1233 2664 1472 2718 humano
1499 2679 1645 2718 more
1672 2663 1862 2718 all‘eeta
1889 2673 2070 2719 esset:

500 2752 606 2806 illa:
637 2767 770 2806 vero
793 2754 938 2822 quod
970 2754 1168 2822 saepius
1205 2754 1271 2808 ad
1318 2762 1732 2808 monumentum
1770 2755 2071 2818 venissent,

497 2843 825 2912 curioseque
887 2857 951 2897 ac
1005 2858 1172 2912 supra
1231 2859 1394 2914 quam
1453 2861 1680 2901 necesse
1729 2855 1892 2917 atque
1935 2861 2074 2916 opus

496 2943 664 2996 esset,
705 2933 963 3002 deinceps
1002 2934 1288 3002 esplorare
1325 2943 1491 3005 atque
1522 2935 1852 3008 investigare
1885 2954 2074 2993 resur-

2179 477 2382 530 εἴσοδον
2425 474 2519 528 τοῦ
2551 475 2746 544 τάφου,
2794 473 2889 527 καὶ
2931 473 3030 543 τὴν
3053 471 3161 526 τῶν
3191 471 3534 542 στρατιωτῶν
3561 487 3750 542 παρα-

2179 567 2636 637 καταστησάντων
2687 563 2950 638 φρουρὰν,
2978 564 3070 617 καὶ
3094 564 3192 634 τῆς
3209 563 3399 634 τρίτης
3429 563 3636 634 ἡμέρας
3664 566 3760 616 ἐν·

2177 660 2438 728 εστώσης.
2474 659 2618 730 Πρὸς
2660 659 2770 729 γὰρ
2818 657 2910 710 τὸν
2960 656 3188 711 Πιλάτον
3235 651 3388 710 εἶπον
3432 657 3483 709 οί
3535 657 3763 728 μιαροί·

2191 751 2608 820 Ἐμνήσθημεν
2655 749 2745 803 ὅτι
2805 752 2839 804 ό
2894 748 3123 816 πλάνος
3175 749 3403 816 ἐκεῖνος
3455 745 3625 803 εἴπεν
3665 752 3762 804 ἑτι

2179 839 2322 901 (6w-
2379 840 2541 895 Μετὰ
2585 839 2740 908 τρεῖς
2784 839 3008 909 ἡμέρας
3052 840 3364 909 ἐγείρομαι.
3420 841 3485 894 Ei
3533 843 3635 911 μὲν
3662 829 3763 895 οὗν

2178 932 2397 1004 ᾔδεισαν
2451 933 2508 986 αί
2552 933 2809 1000 γυναῖκες
2855 931 2915 984 rb
2956 929 3042 983 διὰ
3074 931 3168 983 τοῦ
3198 930 3429 997 ἀγγέλου
3463 931 3763 1001 γενόμενον

2179 1024 2384 1095 θαῦμα,
2435 1024 2535 1094 τήν
2579 1041 2638 1075 τε
2685 1021 3008 1093 ἀποκίνησιν
3039 1021 3134 1075 τοῦ
3165 1021 3334 1085 λίθου,
3368 1023 3463 1076 καὶ
3506 1022 3603 1093 τὴν
3645 1023 3760 1076 τῶν

2181 1116 2436 1186 φυλάκων
2462 1117 2526 1168 ἐκ
2553 1113 2645 1167 τοῦ
2681 1113 2846 1182 φόϐου
2872 1113 3139 1186 νέκρωσιν
3171 1131 3232 1166 τε
3258 1114 3352 1167 καὶ
3380 1114 3751 1184 ἀναχώρησιν,

2180 1207 2295 1270 πῶς
2337 1207 2625 1277 διηπόρουν
2670 1207 2797 1276 περὶ
2839 1205 2934 1258 τοῦ
2977 1205 3404 1274 ἀποκυλισθῆναι
3448 1207 3540 1258 τὸν
3572 1206 3750 1271 λίθον;

2181 1298 2244 1352 El
2270 1299 2324 1352 δὲ
2361 1299 2586 1367 ⁴ὴγνόουν
2628 1297 2689 1350 rb
2717 1297 2923 1366 θαῦμα,
2954 1298 3051 1368 τὴν
3078 1297 3473 1368 στρατιωτικὴν
3504 1299 3745 1368 φρουρὰν

2182 1393 2380 1445 ἐννοεῖν
2408 1391 2533 1452 ἔδει,
2564 1390 2655 1444 καὶ
2684 1390 2781 1462 τὴν
2805 1390 3003 1456 ἄνοιξιν
3028 1389 3121 1442 τοῦ
3155 1391 3432 1460 μνήματος
3459 1389 3533 1460 μὴ
3557 1391 3751 1459 φαντα-

2182 1483 2386 1548 ζεσθαι.
2421 1481 2576 1542 Ἀλλ’,
2612 1482 2687 1544 ὼς
2729 1481 2881 1552 ἔφην,
2913 1483 2948 1552 ή
2980 1480 3208 1551 Σαλώμη
3237 1481 3329 1534 καὶ
3359 1480 3518 1534 τοῦτο
3551 1482 3748 1550 ἠγνόει,

2180 1575 2274 1628 καὶ
2307 1575 2473 1645 αὐτῆς
2519 1573 2686 1644 μόνης
2734 1571 2803 1625 τὰ
2849 1573 3065 1643 ῥήματα
3093 1567 3180 1642 ῆν.
3226 1571 3412 1643 Μαρία
3448 1571 3559 1643 γὰρ
3590 1574 3624 1642 ή
3652 1571 3748 1624 Μαι

2180 1663 2415 1734 γδαληνὴ
2443 1665 2537 1716 καὶ
2563 1664 2595 1733 ἡ
2623 1662 2754 1732 ἄλλη
2793 1663 3000 1732 Μαρία,
3033 1659 3377 1714 καθεσθεῖσαι
3407 1661 3503 1713 τοῦ
3536 1662 3745 1731 μνήμας

2179 1771 2268 1816 τος
2305 1751 2362 1817 ἐξ
2390 1751 2656 1815 ἐναντίας,
2691 1750 2766 1814 ὡς
2795 1751 2824 1801 ὁ
2859 1750 3129 1813 Ματθαῖος
3157 1750 3438 1822 ἱστόρησε,
3489 1750 3590 1803 καὶ
3615 1751 3747 1818 φιλο-

2180 1846 2354 1908 πόνως
2385 1843 2867 1915 προσεδρεύσασαι,
2903 1842 2995 1895 καὶ
3020 1841 3118 1904 τὰς
3149 1841 3446 1913 σφραγῖδας
3475 1841 3592 1894 τῶν
3630 1841 3744 1896 Ἰουο

2177 1936 2361 2000 δαίων,
2387 1937 2481 1990 καὶ
2500 1935 2598 2008 τὴν
2618 1935 2726 1988 τῶν
2754 1933 2987 1988 ὁπλιτῶν
3009 1934 3252 2005 φυλακην
3271 1933 3390 2002 ὄψει
3418 1931 3743 2004 παρέλαΰον.

2178 2025 2507 2080 Εἰσελθοῦσα
2536 2024 2592 2078 δὲ
2624 2026 2657 2096 ή
2693 2022 2927 2094 Σαλώμη
2973 2023 3069 2075 σὺν
3104 2025 3225 2085 ταῖς
3256 2021 3500 2093 Μαρίαις
3525 2023 3746 2092 ἀμφοῖν,

2177 2117 2456 2172 νεανίσκον
2493 2111 2632 2168 εἶδον
2669 2114 2972 2184 καθήμενον
3013 2114 3071 2165 ὲν
3107 2115 3215 2176 τοῖς
3265 2111 3478 2176 δεξιοῖς,
3529 2111 3747 2182 περισε-

2178 2211 2444 2282 6λημένον
2475 2209 2665 2280 στολὴν
2696 2208 2926 2277 λευκὴν,
2977 2208 3069 2261 καὶ
3108 2205 3449 2276 ὲπτοήθησαν
3499 2207 3745 2260 ἅπασαιο

2177 2301 2211 2371 ἡ
2241 2299 2440 2371 μὲν,ὡς
2464 2297 2654 2361 ἐνδεῶς
2673 2297 2868 2367 ἔχουσα
2892 2296 3128 2359 πίστεως
3155 2297 3247 2348 καὶ
3269 2295 3748 2366 ἀνθρωπινώτερον

2177 2390 2490 2462 διακειμένη
2518 2406 2532 2420 ·
2566 2391 2622 2442 αί
2663 2390 2744 2455 δὲ,
2787 2388 2863 2452 ὼς
2901 2387 3357 2459 ὲταχωριάζουσαι
3412 2387 3626 2457 συχνῶς
3675 2387 3748 2458 τῷ

2181 2486 2442 2556 μνήματι,
2475 2483 2567 2537 καὶ
2600 2481 3071 2551 πολυπραγμονεῖν
3112 2479 3364 2533 δοκοῦσαι
3388 2480 3570 2533 λοιπὸν
3607 2481 3749 2551 πέρα

2175 2577 2270 2632 τοῦ
2299 2569 2508 2640 δέοντος
2539 2575 2635 2647 τὴν
2661 2575 2972 2630 ἀνάστασιν.
3005 2572 3101 2626 Διά
3121 2572 3229 2646 γὰρ
3259 2572 3416 2625 τοῦτο
3449 2573 3538 2626 καὶ⁵
3570 2573 3751 2625 νεανί-

2178 2687 2303 2733 σκος
2330 2669 2485 2740 ῶφθη
2509 2667 2854 2737 καταπλῆξαι
2874 2664 2950 2736 τῷ
2974 2664 3195 2736 μεγέθει·
3216 2665 3307 2717 καὶ
3336 2663 3501 2732 φόϐον
3529 2664 3754 2734 ἐμποιῆ-

2177 2781 2266 2816 σαι
2290 2763 2604 2834 δυνάμενος,
2628 2760 2724 2814 καὶ⁹
2753 2760 2945 2830 μιγνὺς
2967 2757 3284 2828 τεῖνφοεερῴ
3305 2757 3368 2809 rb
3401 2756 3646 2828 φαιδρὸν,
3668 2757 3755 2810 διὰ

2174 2854 2267 2908 τοῦ
2309 2852 2503 2907 λευκοῦ
2532 2853 2630 2922 τῆς
2655 2851 2867 2920 στολῆς,
2898 2851 2992 2904 καὶ
3015 2850 3091 2914 ὡς
3131 2851 3187 2902 ἐν
3215 2850 3397 2920 ἑορτῇ,
3427 2850 3522 2902 καὶ
3556 2851 3644 2903 ἵνα
3679 2850 3758 2920 μὴ

2175 2946 2395 3015 παγῶσι
2465 2943 2542 3016 τῷ
2593 2943 2735 3008 δέει,
2785 2941 3135 3014 σφοδρότερον
3183 2942 3373 3005 αὑταῖς
3422 2941 3758 3010 διαλέγεται,

496 3027 797 3080 rectionem
844 3025 1181 3080 viderentur.
1219 3025 1352 3080 Nam
1403 3027 1609 3083 idcirco
1655 3029 1816 3083 etiam
1854 3029 2072 3100 juvenis

2177 3037 2445 3092 παιδεύων
2497 3033 2667 3098 αὑτὰς
2705 3033 2773 3087 δι’
2825 3028 2900 3087 ὧν
2941 3032 3091 3101 ἔλεγε
3134 3033 3268 3104 μετά
3312 3031 3578 3096 τοσαύτας
3625 3032 3759 3096 θέας

497 3117 770 3188 apparuit,
799 3117 890 3188 qui
918 3117 1290 3188 magnitudine
1326 3119 1750 3189 perterrefaoere
1779 3135 1842 3176 ac
1869 3129 2069 3176 metum

496 3211 720 3282 injicere
769 3220 973 3281 posset,
1021 3227 1083 3266 ac
1111 3213 1307 3267 terrori
1361 3214 1700 3268 alacritatem
1730 3222 1784 3269 et
1829 3215 2068 3270 laetitiam

497 3304 754 3366 miscens,
786 3319 884 3373 per
913 3304 1206 3358 candorem
1241 3305 1419 3370 stolae,
1471 3319 1596 3359 cum
1651 3313 1874 3375 propter
1923 3307 2070 3362 diem

495 3393 710 3450 scilicet
741 3395 964 3462 festum,
1017 3404 1131 3450 tum
1166 3411 1234 3450 ne
1266 3404 1412 3452 metu
1447 3396 1866 3462 obtieescerent,
1916 3411 2070 3451 acer-

498 3486 622 3543 bius
650 3503 745 3543 eas
773 3488 1091 3556 alloquitur,
1126 3488 1404 3556 castigans
1449 3487 1630 3544 verbis
1662 3493 1716 3542 et
1747 3487 2067 3553 admonens,

499 3592 567 3633 ne
599 3586 720 3648 post
749 3587 828 3634 tot
861 3579 1226 3649 spectationes
1256 3579 1490 3633 curiosa:
1519 3587 1725 3647 essent,
1766 3579 1859 3641 sed
1888 3579 2070 3648 potius

499 3670 666 3723 “rma:
707 3678 989 3724 manerent
1035 3671 1086 3724 in
1124 3669 1213 3732 iis,
1255 3685 1377 3740 quae
1423 3669 1729 3726 vidissent:
1779 3668 1864 3724 Ite
1900 3670 2066 3737 enim,

497 3760 694 3830 inquit,
748 3759 907 3814 dicite
961 3760 1236 3830 discipulis
1291 3761 1406 3830 ejus
1459 3769 1510 3815 et
1554 3761 1712 3816 Petro
1757 3761 2071 3833 (discipulis

495 3851 738 3922 quidem,
768 3861 952 3921 utpote
984 3853 1054 3908 iis
1081 3855 1171 3922 qui
1195 3869 1338 3924 saepe
1362 3868 1472 3909 non
1495 3855 1848 3910 crediderunt
1872 3871 1886 3909 :
1909 3854 2070 3910 Petro

493 3958 646 4008 vero,
707 3955 765 3996 ut
807 3945 899 4011 qui
948 3944 1145 3999 iterum
1179 3947 1368 4000 eadem
1415 3946 1698 4002 vobiscum
1749 3946 2070 4002 curiositate

493 4030 763 4086 adductus
811 4033 875 4085 ad
922 4041 1337 4089 monumentum
1393 4035 1570 4104 venit)
1624 4035 1763 4105 quod
1813 4035 2070 4104 praecedet

493 4138 580 4176 vos
613 4123 666 4175 in
697 4121 976 4177 Galilazam
1003 4139 1021 4176 :
1064 4124 1136 4178 ibi
1176 4141 1294 4179 eum
1353 4126 1589 4180 uidebitis
1634 4127 1770 4180 sicut
1809 4127 1944 4179 dixit
1976 4143 2068 4180 vo-

493 4213 572 4266 bis
599 4214 663 4275 ",
684 4215 838 4268 vobis
861 4216 1184 4272 mulieribus
1205 4233 1321 4272 sero
1345 4215 1723 4284 Sabbatorum,
1750 4235 1813 4274 ea
1835 4218 1923 4273 die
1947 4233 2069 4287 qua!

2181 3128 2255 3198 μῆ
2287 3127 2593 3198 περιέργως
2621 3124 2946 3188 διακεῖσθαι,
2981 3123 3212 3194 βεϐαίως
3243 3123 3300 3175 δὲ
3332 3123 3532 3193 μᾶλλον
3561 3123 3649 3191 ἐφ’
3674 3118 3761 3185 οἷς

2176 3214 2314 3270 εἶδον
2357 3218 2598 3271 ἑστάναι.
2656 3215 2930 3284 Ὑπάγετε
2979 3214 3106 3284 γὰρ,
3147 3213 3332 3284 φησὶν,
3368 3215 3576 3267 εῐπατε
3631 3215 3764 3281 τοῖς

2169 3308 2461 3380 μαθηταῖς
2489 3307 2674 3362 αὐτοῦ
2697 3306 2794 3360 καί
2818 3305 2897 3370 τῷ
2929 3306 3126 3374 Πέτρῳ
3169 3307 3299 3375 (τοῖς
3337 3304 3438 3374 μὲν
3462 3304 3762 3375 μαθηταῖς,

2175 3403 2250 3465 ὡς
2272 3401 2529 3464 πολλάκις
2551 3398 2886 3469 ΐιπιστηκόσι
2910 3414 2924 3428 ο
2955 3398 3031 3469 τῷ
3057 3398 3112 3451 δὲ
3145 3397 3355 3468 Πέτρῳ.
3389 3396 3465 3459 ὡς
3493 3399 3636 3466 μετὰ
3663 3397 3765 3467 τῆς

2174 3489 2342 3560 αὐτῆς
2371 3489 2498 3559 ὑμῖν
2520 3487 3049 3560 πολυπραγμοσύνης
3079 3485 3326 3556 δεύτερον
3356 3487 3448 3539 ἐπὶ
3474 3486 3536 3538 τὸ
3563 3487 3766 3557 μνῆμα

2174 3579 2436 3650 ἐλθόντι),
2472 3577 2560 3631 ὅτι
2602 3576 2845 3646 προάγει
2894 3575 3048 3644 ὑμᾶς
3099 3577 3187 3641 είς
3228 3575 3340 3644 τὴν
3383 3577 3763 3640 Γαλιλαίαν,

2174 3672 2296 3727 ἐκεῖ
2324 3672 2511 3726 αὐτὸν
2540 3671 2789 3739 ὄψεσθε,
2828 3668 3022 3735 καθὼς
3048 3664 3219 3722 εἶπεν
3249 3669 3384 3737 ὑμῖν
3407 3681 3422 3696 ο
3467 3669 3607 3739 ὑμῖν
3636 3675 3768 3732 ταῖς

2174 3761 2440 3832 γυναιξὶν,
2469 3761 2614 3828 Ὀψὲ
2635 3758 2968 3823 Σαϐὄὰτων,
3006 3761 3072 3829 τῇ
3098 3756 3475 3830 ἐπιφωσκούσῃ
3504 3759 3590 3822 είς
3625 3760 3767 3830 μίαν

2175 3855 2466 3910 Σαϐϐάτων
2509 3854 2824 3922 ἐπιφανεὶς,
2876 3850 2950 3914 ὡς
2994 3851 3023 3904 ὁ
3068 3851 3340 3914 Ματθαῖος
3387 3850 3760 3920 συνέγραψεν.

2174 3947 2299 4010 Τοῖς
2333 3946 2442 4016 γὰρ
2492 3943 2756 4014 μαθηταῖς
2805 3941 3058 3994 οὐδέποτε
3124 3941 3370 4009 φαίνεται
3431 3943 3642 4012 φήσας,
3685 3943 3764 4006 ὡς

2177 4036 2314 4106 μετά
2338 4037 2436 4106 τὴν
2459 4034 2672 4105 ἔγερσιν
2710 4033 2890 4094 αὐτοῖς
2927 4034 2984 4084 ὲν
3016 4034 3080 4102 τῇ
3121 4032 3378 4103 Γαλιλαίᾳ
3409 4034 3720 4102 φανήσεται
3743 4051 3758 4065 ·

2159 4127 2356 4198 είμήτι
2399 4142 2463 4195 γε
2499 4127 2674 4178 έκεῖνο
2717 4126 2832 4194 ὲρεῖ
2881 4141 2994 4185 τις,
3038 4124 3173 4194 ὅπερ
3219 4125 3248 4176 ὁ
3303 4124 3610 4188 Ματθαῖος,
3663 4126 3761 4178 καὶ

2171 4219 2394 4290 Μάρκος
2422 4218 2656 4289 ἔγραψε,
2696 4217 2832 4288 μετά
2863 4217 2923 4269 τὸ
2956 4217 3164 4268 δεῖπνον
3193 4217 3255 4268 τὸ
3301 4217 3564 4285 μυστικὸν
3603 4217 3761 4280 ἐξελ-

497 4305 723 4360 lucesrit
767 4311 819 4360 in
871 4309 1100 4378 primam
1149 4308 1547 4376 Sabbatorum,
1588 4320 1647 4365 ut
1690 4311 1973 4366 Mattbzeus
2019 4311 2065 4341 “

2176 4309 2370 4362 θόντων
2391 4310 2569 4362 αὐτῶν
2593 4313 2670 4373 είς
2699 4311 2760 4362 rb
2799 4309 2922 4380 δρος
2943 4309 3048 4362 τῶν
3079 4309 3304 4362 Ἐλαιῶν
3333 4309 3473 4380 μετὰ
3499 4309 3562 4362 τὸ
3591 4311 3764 4381 ὑμνῆο

493 4399 842 4469 conscripsit.
886 4399 1178 4471 Discipulis
1207 4405 1351 4456 enim
1380 4418 1659 4473 nunquam
1692 4410 1915 4474 apparet
1940 4417 2063 4456 eum

2176 4415 2282 4463 σαι,
2313 4398 2416 4450 ὑπὸ
2449 4397 2541 4450 τοῦ
2585 4399 2833 4468 Σωτῆρος
2863 4398 3147 4470 εἰρημένον
3174 4391 3276 4451 ὧδέ
3307 4414 3421 4460 πως
3444 4414 3458 4428 ’
3486 4395 3662 4450 Μετὰ
3694 4396 3763 4450 δὲ

493 4489 717 4554 dixisse,
755 4491 898 4560 quod
931 4501 1054 4561 post
1097 4495 1555 4549 resurrectionem
1591 4496 1725 4565 ipsis
1757 4496 1812 4549 in
1843 4494 2062 4550 Galilaea

2176 4491 2236 4544 τὸ
2259 4488 2571 4559 ἐγερθῆναί
2592 4490 2930 4559 με,προάξω
2958 4489 3112 4558 ὑμᾶς
3131 4491 3218 4555 είς
3248 4489 3363 4557 τὴν
3386 4492 3436 4542 Γ
3437 4491 3756 4544 addatur.

494 4582 844 4650 appariturus
867 4591 1031 4645 esset,
1071 4583 1176 4638 nisi
1211 4583 1347 4639 forte
1371 4587 1496 4655 quis
1524 4585 1656 4640 illud
1686 4586 1908 4650 dixerit,
1963 4585 2104 4656 quod
2185 4590 2233 4637 et
2264 4581 2568 4643 Matthaeus,
2621 4590 2676 4636 et
2710 4581 2924 4637 Marcus
2978 4581 3318 4652 scripserunt
3366 4594 3490 4652 post
3533 4598 3760 4638 caenam

495 4675 780 4746 mysticam
811 4675 1133 4730 exeuntibus
1166 4675 1299 4744 ipsis
1325 4675 1474 4732 dicto
1505 4679 1704 4749 hymno
1736 4680 1788 4733 in
1817 4688 2057 4734 montem
2100 4675 2402 4738 Olivarum,
2453 4675 2523 4728 ab
2560 4673 2852 4730 Servatore
2925 4675 3007 4732 sic
3065 4675 3472 4746 quodammodo
3515 4677 3756 4740 dictum,

495 4761 784 4834 Postquam
823 4773 997 4816 autem
1028 4780 1383 4832 resurrerero,
1428 4768 1720 4835 praecedam
1749 4786 1833 4822 vos
1864 4771 1918 4823 in
1953 4768 2229 4824 Galilaeam
2253 4769 2320 4826 ".

561 4851 808 4923 Egressa:
837 4863 1014 4909 autem
1050 4871 1081 4911 e
1120 4867 1472 4913 monumento
1519 4860 1702 4915 Mariae
1730 4869 1784 4916 et
1819 4861 2060 4929 Salome,

2249 4860 2588 4925 Ἑξελθοῠσαι
2619 4860 2676 4912 δὲ
2708 4859 2772 4912 ὲκ
2812 4858 2905 4912 τοῦ
2943 4860 3222 4930 μνήματος
3255 4859 3311 4912 αἱ
3342 4859 3560 4930 Μαρίαι
3598 4863 3750 4932 καὶὴ

492 4948 729 4999 tremore
761 4953 924 5015 atque
970 4955 1180 5004 terrore
1225 4961 1490 5020 correpta:
1542 4953 1942 5024 profugiebant,
1999 4969 2063 5010 ac

2176 4953 2423 5023 Σαλώμη,
2452 4952 2639 5021 τρόμῳ
2673 4951 2766 5004 καὶ
2796 4949 3054 5020 ἐκπλήξει
3097 4950 3474 5020 συνεχόμεναι,
3510 4954 3749 5021 φυγάδες

495 5032 698 5088 nemini
727 5036 1024 5106 quidquam
1065 5037 1360 5093 dicebant:
1398 5041 1647 5095 timebant
1669 5044 1830 5107 enim,
1864 5045 2060 5114 partim

2176 5045 2430 5114 ἐγένοντο,
2470 5045 2564 5097 καὶ
2591 5043 2766 5098 οὐδενὶ
2797 5043 2950 5096 οὐδὲν
2964 5027 3140 5096 ’ἲὶπον
3165 5057 3180 5072 ⁶
3227 5043 3588 5111 Ἐφοϐοῦντο
3619 5045 3747 5113 γὰρ,

493 5125 707 5195 quidem
742 5138 960 5196 propter
992 5139 1254 5185 terrorem
1289 5131 1680 5196 adolescentis,
1701 5135 1897 5204 partim
1933 5150 2054 5190 vere

2176 5137 2320 5190 τοῦτο
2352 5137 2449 5207 μὲν
2476 5135 2562 5189 διὰ
2587 5135 2648 5188 rb
2676 5134 2904 5204 φοϐερὸν
2931 5134 3025 5188 τοῦ
3053 5134 3356 5199 νεανίσκου,
3389 5134 3556 5189 τοῦτο
3583 5137 3643 5189 δὲ
3661 5135 3753 5188 διὰ

492 5217 636 5288 quod
663 5217 774 5286 jam
805 5218 922 5274 dies
950 5236 1271 5292 progressus
1305 5232 1472 5286 esset,
1521 5235 1576 5280 et
1604 5225 1772 5280 Judmi
1838 5227 1940 5294 (ut
1974 5235 2060 5281 est

2176 5225 2221 5279 rb
2250 5225 2348 5296 τὴν
2385 5225 2595 5296 ἡμέραν
2637 5226 2738 5296 ήδη
2773 5225 3080 5297 προελθεῖν,
3125 5226 3220 5281 καὶ
3261 5225 3390 5285 τοὺς
3431 5226 3754 5293 Ἰουδαίους,

493 5309 822 5380 verisimile)
853 5325 1072 5365 sursum
1103 5312 1356 5369 deorsum
1389 5314 1808 5370 obambulantes
1842 5317 1908 5370 ad
1945 5331 2053 5371 eaa-

493 5399 611 5454 dem
642 5403 812 5470 parati
844 5411 1048 5458 essent.
1083 5402 1138 5457 lu
1167 5407 1574 5475 exemplaribus
1605 5407 1772 5476 paulo
1822 5406 2056 5477 diligen-

589 5604 631 5674 ξ’
666 5601 853 5674 Matth.
887 5615 1056 5674 xxvii,
1088 5601 1177 5674 βξ).
1289 5603 1334 5634 ¹¹
1364 5599 1551 5674 Matth.
1589 5616 1779 5668 XXVIII,
1817 5600 1841 5654 1
1879 5616 1999 5674 sqq.

491 5671 532 5703 “
569 5670 755 5726 Matth.
787 5687 935 5729 xxvr.
960 5673 1062 5734 52;
1096 5672 1258 5726 Marc.
1291 5688 1400 5735 xw,
1431 5673 1520 5726 ‘21.

2114 5605 2161 5645 ³³
2198 5605 2366 5663 Marc.
2405 5623 2512 5673 xvi,
2553 5610 2604 5664 5.

2164 5317 2239 5380 ὼς
2281 5317 2447 5380 εἰκὸς,
2501 5316 2772 5387 φονῶντας
2803 5318 2915 5372 ἀνω
2947 5318 3040 5370 καὶ
3073 5318 3221 5371 κάτω
3249 5320 3608 5388 περινοστεῖν.
3654 5318 3758 5370 Ἐν

2168 5406 2266 5476 μὲν
2292 5411 2403 5470 τοῖς
2432 5408 2838 5482 ἀκριϐεστέροις
2869 5409 3226 5481 ἀντιγράφοις
3252 5408 3313 5461 rb
3344 5410 3488 5480 μετά
3518 5410 3760 5480 Μάρκον

2717 5612 2764 5644 ⁸⁸
2811 5612 2941 5669 ibid.
2972 5613 3025 5668 7.
3139 5614 3184 5648 "
3204 5613 3394 5670 Matth.
3450 5625 3650 5668 xxvttt.
3698 5613 3762 5671 1.
