3930 6210
262 197 367 250 ϐίὸ

1154 187 1219 242 ΙΝ
1258 185 1533 242 CHRISTI
1565 183 2198 241 ιιεδυιιιιειλίἰυαειι
2229 181 2438 238 ΟΒᾹΤ.
2465 180 2526 236 ιι.

3405 190 3512 244 648

261 307 594 379 Εὑαγγέλιον
653 306 814 377 μέχρι
863 303 978 368 τοῦ,
1020 302 1378 372 Ἐφοϐοῦντο
1429 302 1565 372 γὰρ,
1619 299 1732 370 ἔχει
1779 299 1840 353 τὺ

1955 297 2063 351 tius
2114 302 2168 351 et
2215 295 2462 350 exactius
2515 293 2736 365 scriptis
2800 294 3154 365 Evangelium
3209 297 3510 354 secundum

260 401 436 462 τέλος.
485 398 573 450 Ἐν
604 396 662 450 δέ
686 413 796 448 τισι
831 395 1148 466 πρόσκειται
1179 394 1270 446 καλ⁸
1309 392 1477 446 ταῦτα
1496 407 1509 420 ·
1558 389 1840 455 Ἀναστὰς

259 493 326 544 δὲ
351 490 504 559 πρωϊ
530 487 732 556 πρώτῃ
773 485 1091 540 Σαϐϐἀτων
1131 484 1323 553 ἐφάνη
1368 482 1603 552 πρῶτον
1647 481 1844 548 Μαρίᾳ

258 580 332 649 τῇ
361 575 754 648 Μαγδαληνῇ,
787 575 889 644 ἀρ’
911 570 985 644 ἧς
1008 573 1352 641 ἐκϐεϐλήκει
1375 573 1525 626 ἑπτὰ
1547 571 1840 640 δαιμόνια.

257 671 438 724 Τοῦτο
467 671 522 723 δὲ
565 667 880 722 ἐναντίωσίν
928 683 1050 719 τινα
1099 665 1245 718 δοκεῖ
1283 665 1427 734 ἔχειν
1467 661 1603 732 πρὸς
1629 661 1699 714 τὰ
1750 660 1844 732 ἐμ-

255 759 498 832 προσθεν
531 759 662 829 ἡμῖν
708 756 994 828 εἰρημένα.
1043 755 1155 824 Τῆς
1205 753 1312 824 γὰρ
1350 753 1497 824 ὥρας
1529 755 1627 822 τῆς
1654 750 1845 814 νυκτός

255 850 538 919 ἀγνώστου
563 849 956 918 τυγχανούσης,
982 845 1105 899 καθ’
1133 846 1201 917 ἢν
1221 847 1251 898 ό
1275 843 1462 916 Σωτὴρ
1483 843 1704 913 ἀνέστη,
1728 841 1846 904 πῶς

256 942 496 995 ἐνταῦθα
524 941 824 1010 ἀναστῆναι
865 936 1016 1005 πρωῒ
1056 937 1364 1008 γέγραπται
1391 951 1406 999 ;
1452 933 1590 987 Ἀλλ’
1615 933 1735 986 οὐδὲ
1762 933 1848 986 ἐν·

256 1033 443 1086 αντίον
476 1031 774 1101 φανήσεται
804 1027 865 1081 τὸ
892 1026 1084 1098 ῥητὸν,
1127 1026 1177 1079 εί
1228 1025 1344 1095 μετ’
1381 1025 1688 1094 ἐπιστήμης
1718 1024 1847 1077 ἅνα-

258 1122 604 1193 γνωσόμεθα.
628 1121 741 1174 Καὶ
765 1119 874 1190 γὰρ
897 1117 1180 1182 ύποστίξαι
1199 1116 1306 1188 χρὴ
1335 1115 1586 1178 συνετῶς,
1611 1115 1847 1178 ἀναστὰς

259 1215 319 1268 δὲ
339 1255 352 1276 ,
397 1213 491 1265 καὶ
520 1210 690 1272 οὕτως
717 1208 1016 1275 ἐπαγαγεῖν
1042 1245 1056 1267 ,
1105 1205 1262 1273 Πρωῖ
1303 1202 1605 1257 Σαϐϐἁτου
1654 1201 1845 1272 ἐφάνη

261 1302 500 1372 πρῶτον
513 1301 709 1369 Μαρίᾳ
730 1296 804 1366 τῇ
820 1295 1303 1366 Marciana-(ilva.
1323 1293 1382 1347 τὸ
1403 1295 1500 1364 μὲν
1529 1293 1844 1359 Ἀναστὰς.

260 1394 363 1465 ἔχῃ
400 1393 497 1461 τὴν
529 1390 807 1460 ἀναφορὰν
844 1386 1148 1459 συμφώνως
1193 1385 1269 1458 τῷ
1300 1385 1564 1455 Ματθαίῳ
1595 1385 1729 1457 πρὸς
1757 1385 1848 1439 τὸν

262 1482 605 1555 προλαϐόντα
636 1478 826 1550 καιρόν
851 1494 866 1510 ο
893 1477 955 1529 τὸ
982 1477 1060 1542 δὲ,
1087 1475 1262 1543 Πρωϊ,
1295 1476 1428 1547 πρὸς
1446 1473 1543 1546 τὴν
1569 1477 1634 1545 τῇ
1663 1473 1850 1545 Μαρίᾳ

259 1573 565 1643 γενομένην
611 1569 933 1637 ἐπιφάνειαν
960 1565 1267 1636 ἀποδοθείη,
1291 1566 1482 1638 πρώτῃ
1506 1565 1602 1618 σὺν
1626 1569 1692 1636 τῇ
1713 1565 1848 1635 άλλη

260 1665 478 1737 Μαρία,
527 1663 623 1717 καὶ
670 1660 836 1715 πάλιν
883 1659 1018 1729 μόνη
1083 1655 1392 1728 θεασαμένη
1459 1655 1551 1709 τὸν
1599 1655 1804 1728 Κύριον
1831 1671 1845 1685 ·

264 1751 419 1825 πρωϊ
443 1754 549 1824 γάρ
574 1754 723 1805 ἐστιν
757 1751 901 1805 ἅπαν
931 1750 990 1804 τὸ
1015 1749 1318 1819 διάστημα,
1365 1747 1428 1800 τὸ
1458 1745 1594 1817 μετά
1622 1744 1718 1817 τὴν
1743 1744 1849 1798 τῶν

264 1846 641 1918 ἀλεκτρυόνων
684 1845 832 1916 βοήν.
860 1844 903 1896 Τ
906 1843 1154 1914 εσσάρων
1199 1841 1378 1894 τοίνυν
1415 1840 1581 1893 ὄντων
1620 1837 1846 1909 καιρῶν,

265 1937 370 1992 καὶ
397 1936 660 1990 τοσούτων
702 1935 971 2005 ἀφίξεων,
1021 1933 1141 1986 καθ’
1170 1932 1235 1996 ἃς
1263 1933 1320 1984 αἱ
1361 1933 1613 2000 γυναῖκες
1661 1930 1752 1982 ἐπὶ
1789 1927 1852 1982 τὸ

267 2029 464 2099 μνῆμα
517 2024 717 2100 ἦλθον,
778 2026 1006 2080 ἕκαστον
1056 2020 1447 2092 εύαγγελιστὴν
1504 2019 1601 2073 ἕνα
1661 2018 1851 2090 καιρὸν

261 2119 587 2190 ᾠκονόμησε
620 2117 826 2189 γράψαι
857 2116 920 2168 τὸ
948 2113 1173 2184 Πνεῦμα
1216 2113 1276 2165 τὸ
1319 2111 1492 2180 ἀγιον.
1541 2110 1651 2165 Καὶ
1680 2112 1708 2163 ό
1753 2108 1851 2180 μὲν

265 2210 564 2274 Ματθαίος,
609 2209 708 2271 τὰς
733 2206 829 2278 ὀψὲ
855 2205 1149 2260 Σαϐϐάτων
1179 2202 1624 2274 παραγενομένας
1666 2201 1759 2255 ἐπὶ
1788 2200 1852 2254 τὸ

266 2301 462 2372 μνῆμα
491 2299 766 2370 ἱστόρησε,
816 2297 910 2350 καὶ
941 2295 1170 2364 ἄγγελον
1213 2293 1308 2346 ἕνα
1352 2291 1764 2360 καταϐεϐηκότα
1792 2288 1852 2355 ἐξ

262 2390 500 2463 ούρανοῦ
532 2390 627 2444 καὶ
655 2389 745 2442 τὸν
769 2387 916 2440 λίθον
948 2383 1350 2439 ἀποκυλίσαντα
1377 2396 1390 2409 ⁸
1426 2381 1455 2433 ό
1482 2380 1539 2433 δὲ
1578 2380 1849 2449 Ἰωάννης,

261 2482 489 2554 Μαρίαν
531 2480 630 2552 τὴν
672 2476 1038 2548 Μαγδαληνὴν
1085 2472 1402 2546 ἐληλυθέναι
1452 2471 1618 2542 μόνην
1670 2472 1728 2523 ἐν
1776 2469 1854 2540 τῷ

261 2576 449 2627 σκότει
490 2571 598 2644 πρὸ
640 2573 736 2642 τῆς
777 2571 852 2624 ἕω
885 2567 1266 2638 συγγέγραφε,
1319 2562 1412 2616 καὶ
1453 2560 1547 2614 δύο
1589 2558 1850 2629 ἀγγέλους

261 2664 418 2718 ἑνδον
460 2660 555 2715 τοῦ
586 2661 756 2729 τάφου
785 2657 1079 2712 θεάσασθαι
1104 2673 1118 2687 ⁶
1155 2655 1369 2717 Λουκᾶς
1408 2652 1489 2720 δὲ,
1516 2651 1680 2728 ἄλλας
1712 2651 1852 2704 κατὰ

258 2754 466 2808 ταύτὸν
516 2753 608 2805 τὸν
650 2751 882 2822 ὄρθρον
937 2749 1162 2820 Μάρκος
1206 2747 1286 2813 δέ,
1320 2745 1511 2816 ἑτέραν
1539 2743 1852 2815 ἀνίσχοντος

259 2845 448 2917 ἡλίου,
481 2841 1045 2914 συναναμεμιγμένων
1076 2838 1237 2892 τινῶν
1267 2838 1363 2890 καὶ
1408 2836 1519 2889 τῶν
1546 2837 1648 2906 ἤδη
1683 2853 1855 2907 παρα-

259 2937 602 3008 γενομένων.
632 2935 740 2989 Καὶ
769 2937 888 2998 ταῖς
919 2933 1015 3003 μὲν
1042 2931 1136 2985 δύο
1164 2931 1362 3001 ἄνδρας
1392 2930 1717 2991 ἐπιστάντας
1755 2926 1853 2980 αὐ-

261 3033 388 3092 ταῖς
414 3045 431 3060 ·
488 3030 608 3090 ταῖς
651 3025 708 3079 δὲ
750 3024 1058 3096 καθήμενον
1108 3024 1166 3074 ἐν
1209 3023 1320 3083 τοῖς
1355 3017 1549 3083 δεξιοῖς
1577 3017 1857 3072 νεανίσκον

265 3123 401 3174 ἰδεῖν
432 3135 449 3150 ·
503 3119 717 3182 στολαῖς
760 3117 817 3170 δὲ
866 3117 1111 3177 ἅπαντας
1160 3111 1567 3184 ἠμφιεσμένους
1613 3110 1854 3171 λευκαῖς.

266 3215 437 3266 Ὥστε
467 3209 726 3265 δύνασθαί
750 3225 870 3262 τινα
899 3207 1040 3261 κατά
1080 3205 1177 3276 τὴν
1221 3203 1329 3258 τῶν
1374 3202 1579 3274 καιρῶν
1609 3201 1759 3267 τάξιν
1791 3199 1859 3253 τά

270 3307 403 3379 παρ’
441 3304 674 3358 ἑκάστου
703 3299 1064 3373 γεγραμμένα
1097 3296 1376 3359 συνθέντα,
1419 3294 1547 3365 μίαν
1597 3293 1860 3364 ἁρμονίαν

271 3399 367 3453 καὶ
391 3399 454 3452 ἓν
481 3396 645 3467 σῶμα
674 3393 852 3462 πάσης
883 3392 982 3462 τῆς
1013 3390 1249 3462 ἱστορίας
1281 3385 1618 3460 ἐργάσασθαι
1642 3402 1656 3416 ο
1689 3383 1861 3438 καθά-

277 3508 382 3563 περ
427 3489 550 3552 ἐνὸς
595 3487 658 3540 τὺ
703 3487 812 3540 πᾶν
862 3482 1199 3556 γεγραφότος
1246 3480 1342 3534 καὶ
1407 3479 1468 3533 ού
1517 3476 1742 3531 πολλῶν.
1798 3474 1861 3529 Et

279 3585 378 3654 μὲν
408 3581 524 3653 γὰρ
565 3580 694 3651 μιᾶς
739 3579 975 3648 ἀφίξεως
1023 3579 1130 3633 τῶν
1173 3576 1447 3646 γυναικῶν
1475 3577 1532 3629 ἐν
1567 3575 1646 3628 ἐνὶ
1687 3571 1862 3646 καιρῷ

277 3673 580 3744 γενομένης
627 3672 676 3724 οἱ
723 3671 989 3740 τέσσαρες
1035 3668 1478 3740 ἐμνημόνευσαν,
1523 3665 1618 3720 καὶ
1647 3667 1708 3718 ού
1738 3663 1864 3728 τοὺς

279 3765 481 3827 αὐτοὺς
532 3758 683 3815 εἷπον
727 3759 994 3829 ἀγγέλους
1025 3758 1374 3828 ἐπιφανῆναι,
1416 3757 1449 3827 ἦ
1482 3756 1609 3826 μίαν
1641 3754 1734 3808 καὶ
1765 3752 1864 3825 τὴν

280 3855 461 3922 αὐτὴν
489 3851 824 3919 ἐπιφάνειαν,
848 3848 1314 3920 ἦγουνιόπτασίαν,
1335 3847 1571 3910 ἅπαντες
1591 3844 1862 3907 εἰπόντες,

277 3943 502 4012 ταύτην
527 3942 722 4010 ἔφασαν
752 3945 812 3996 ἐν
838 3940 1114 4014 διαφόροις
1153 3939 1477 4011 γεγενῆσθαι
1510 3939 1738 4008 καιροῖς,
1766 3935 1866 4006 οὐχ

278 4033 410 4096 ἑνὸς
443 4030 906 4102 μνημονεύσαντες
930 4030 1158 4093 ἕκαστος
1185 4028 1403 4100 χρόνου,
1431 4026 1724 4094 διαφωνίας
1752 4020 1866 4094 εἶχε

282 4123 504 4196 μέμψιν
529 4124 558 4175 ὁ
589 4121 766 4189 λόγος.
799 4123 863 4174 Et
889 4121 945 4174 δέ
973 4120 1066 4174 καὶ
1093 4121 1142 4174 ot
1175 4119 1358 4189 καιροὶ
1389 4118 1635 4188 διάφοροι
1679 4108 1772 4168 καὶ
1797 4115 1866 4169 τὰ

279 4217 580 4287 πρόσωπα,
619 4215 712 4268 καὶ
740 4215 796 4266 αἱ
825 4212 936 4266 τῶν
963 4211 1333 4280 ἐπιφανέντων
1364 4210 1513 4278 ὄψεις
1555 4209 1654 4278 οὐχ
1681 4209 1736 4260 αί
1767 4207 1867 4258 αύ-

1942 385 2182 440 Marcum
2225 383 2512 448 hactenus,
2547 383 2818 437 Timebant
2857 385 3020 450 enim,
3057 384 3218 441 ﬁnem
3247 386 3428 444 habet.
3454 387 3512 442 In

1943 476 2225 532 nonnullis
2255 476 2467 546 adjecta
2495 485 2624 529 sunt
2652 476 2818 529 etiam
2855 475 2990 540 haec,
3029 474 3161 530 Cum
3200 479 3514 533 surrexisset

1945 577 2118 621 autem
2151 583 2302 620 mane
2325 566 2494 634 primo
2525 566 2609 620 die
2635 565 2992 620 Sabbatorum
3011 570 3258 636 apparuit
3282 571 3513 636 primum

1947 658 2138 712 Maria:
2163 658 2521 728 Magdalenw,
2545 674 2608 712 ex
2637 675 2739 729 qua
2761 658 2983 728 ejecerat
3011 670 3204 729 septem
3224 662 3510 716 dwmouia.

1947 747 2060 802 lloe
2088 757 2267 804 autem
2301 751 2643 805 contrarium
2683 750 2942 820 quiddam
2973 752 3062 816 iis,
3113 768 3232 822 quae
3267 768 3297 807 a
3356 754 3514 808 nobis

1946 853 2112 909 supra
2160 841 2306 896 dicta
2356 850 2506 906 sunt,
2558 844 2840 898 continere
2893 843 3122 898 videtur.
3184 843 3318 898 Cum
3368 845 3514 899 enim

1949 931 2083 986 hora
2117 933 2319 996 noctis,
2362 949 2468 1003 qua
2495 932 2757 988 Servator
2784 935 3047 1003 surrexit,
3081 936 3262 1006 ignota
3293 936 3382 1001 sit,
3421 939 3514 1005 qui

1948 1025 2027 1093 iit,
2062 1036 2118 1080 ut
2145 1025 2199 1079 in
2228 1026 2331 1080 hoc
2363 1027 2505 1089 loco,
2541 1043 2694 1081 mane
2747 1043 2870 1081 eum
2933 1029 3322 1092 resurrexisse,
3381 1033 3518 1083 scri-

1946 1124 2100 1185 ptum
2130 1117 2243 1170 sit?
2273 1115 2381 1172 Sed
2418 1119 2521 1172 hoc
2543 1118 2750 1172 dictum
2797 1120 2948 1173 nullo
2981 1119 3142 1173 modo
3180 1120 3516 1174 contrarium

1949 1206 2254 1276 apparebit,
2287 1207 2334 1262 si
2379 1215 2504 1276 apte
2549 1218 2714 1277 atque
2765 1207 3005 1262 scienter
3051 1209 3366 1278 legerimus.
3421 1209 3517 1262 Et-

1948 1297 2092 1351 enim
2133 1297 2430 1351 subnotare
2460 1305 2515 1352 et
2541 1297 2982 1367 subdistinguere
3015 1297 3173 1352 docte
3209 1307 3372 1368 atque
3430 1299 3517 1352 in-

1949 1389 2257 1460 telligentcr
2291 1396 2526 1458 oportet.
2559 1388 2695 1443 Cum
2729 1391 3064 1445 surrexisset
3101 1398 3278 1444 autem
3307 1407 3320 1442 :
3353 1398 3520 1459 atque

1951 1479 2026 1532 ita
2057 1480 2390 1548 subjungere
2419 1488 2840 1549 consequenter,
2873 1497 3024 1534 mane
3074 1481 3245 1550 primo
3277 1480 3362 1534 die
3390 1479 3522 1535 Sab-

1953 1570 2064 1624 bati
2091 1573 2335 1640 apparuit
2361 1573 2593 1639 primunt
2615 1571 2807 1626 Maria:
2826 1572 3190 1643 Magdalenw:
3215 1581 3272 1628 ut
3293 1575 3518 1629 verbum

1953 1661 2173 1732 quidem
2215 1662 2473 1727 ἀναστάς,
2515 1663 2569 1717 id
2617 1673 2723 1727 est,
2773 1681 2892 1717 cum
2939 1667 3274 1729 surrexisset,
3319 1679 3522 1719 conve-

1951 1751 2193 1807 nientem
2225 1768 2350 1806 eum
2387 1752 2638 1808 Mattme
2673 1754 2740 1808 ad
2781 1756 3034 1824 superius
3062 1763 3274 1824 tempus
3302 1753 3522 1810 relatio-

1952 1858 2077 1898 nem
2118 1842 2312 1898 habeat
2343 1863 2358 1899 :
2395 1845 2622 1900 verbum
2671 1861 2830 1911 vero,
2865 1847 3041 1917 πρωῒ,
3089 1845 3142 1900 id
3186 1858 3301 1911 est,
3346 1862 3518 1912 mane,

1953 1933 2002 1990 ei
2037 1949 2159 2005 qua:
2204 1934 2389 1990 Maria:
2439 1935 2585 1992 facta
2633 1945 2739 2001 est,
2790 1938 3118 2008 apparitioni
3157 1939 3520 1994 attribuatur:

1954 2041 2076 2096 qua:
2107 2027 2285 2097 prima
2325 2042 2452 2082 cum
2502 2030 2671 2084 altera
2717 2028 2910 2094 Maria,
2964 2038 3126 2099 atque
3165 2029 3359 2084 iterum
3405 2031 3522 2086 sola

1951 2116 2166 2172 viderat
2208 2117 2493 2175 Dominum
2546 2139 2559 2175 :
2592 2120 2736 2191 πρωί
2774 2121 2944 2186 enim,
2996 2121 3049 2177 id
3085 2130 3187 2184 est,
3230 2139 3402 2186 mane,
3437 2122 3524 2177 vel

1953 2207 2211 2274 diluculo,
2246 2209 2562 2264 universum
2611 2210 2744 2264 illud
2793 2210 3030 2280 spatium
3070 2219 3172 2274 est,
3202 2211 3345 2280 quod
3397 2218 3524 2280 post

1957 2300 2222 2370 gallorum
2247 2311 2466 2354 cantum
2522 2302 2830 2356 intercedit.
2863 2303 3000 2356 Cum
3049 2303 3214 2372 igitur
3242 2311 3524 2372 quaterna:

1959 2397 2264 2459 temporum
2293 2390 2402 2444 sint
2431 2390 2600 2454 vices,
2630 2391 2967 2460 totidemque
3013 2404 3292 2452 accessus,
3323 2391 3524 2459 quibus

1956 2482 2216 2536 mulieres
2246 2481 2314 2536 ad
2346 2491 2760 2536 monumentum
2791 2490 3079 2547 venerunt,
3114 2479 3354 2550 Spiritus
3397 2495 3528 2535 san-

1956 2584 2080 2631 ctus
2109 2590 2221 2630 rem
2254 2575 2329 2628 ita
2357 2575 2693 2644 dispensavit
2726 2583 2889 2644 atque
2917 2574 3212 2638 ordinavit,
3240 2580 3300 2627 ut
3323 2572 3524 2640 singuli

1956 2666 2307 2736 evangelista!
2342 2665 2589 2734 singulos
2617 2673 2921 2734 temporum
2961 2665 3223 2719 articulos
3273 2663 3526 2718 conscri-

1957 2755 2166 2810 berent.
2214 2755 2291 2809 Ac
2344 2753 2629 2810 Matthzeus
2681 2756 2898 2824 quidem
2953 2755 3096 2818 illas,
3145 2768 3266 2824 quae
3317 2753 3528 2824 vesperi

1961 2847 2323 2903 Sabbatorum
2375 2857 2642 2902 venerunt
2687 2847 2756 2902 ad
2805 2854 3243 2910 monumentum,
3298 2846 3527 2902 historia

1882 2960 1927 3021 ο
1958 2939 2392 3010 comprehendit,
2448 2947 2504 2996 et
2541 2938 2793 3008 angelum
2850 2951 3016 2991 unum
3069 2934 3420 2992 descendisse
3464 2936 3535 2992 de

1961 3027 2124 3093 cmlo,
2154 3029 2246 3099 qui
2278 3029 2512 3100 lapidem
2553 3027 2871 3082 revolvisset
2896 3027 2983 3090 ’7;
3037 3024 3275 3080 Joannes
3323 3033 3531 3089 autem,

1963 3116 2189 3173 Mariam
2254 3119 2628 3191 Magdalenam
2694 3117 2912 3171 venisse
2962 3115 3136 3171 solam
3185 3116 3239 3169 in
3291 3116 3533 3168 tenebris

1962 3217 2087 3264 ante
2120 3211 2296 3265 lucem
2342 3209 2693 3278 conscripsit,
2729 3215 2893 3276 atque
2931 3206 3159 3276 angelos
3201 3206 3340 3260 duos
3388 3205 3530 3260 intra

1963 3308 2378 3352 monumentum
2414 3296 2616 3352 vidisse
2639 3297 2685 3328 ’⁸
2711 3314 2723 3350 :
2754 3296 2933 3351 Lucas
2982 3296 3119 3350 alias
3162 3295 3310 3350 circa
3346 3295 3530 3364 ipsum

1962 3389 2261 3444 diluculum
2285 3391 2352 3456 ’νς
2375 3389 2590 3445 Marcus
2615 3405 2742 3445 vero
2763 3389 2925 3443 aliam
2947 3389 3156 3444 oriente
3179 3389 3315 3452 sole,
3334 3387 3531 3458 adjun-

1964 3480 2069 3536 ctis
2098 3480 2399 3547 nonnullis,
2429 3496 2550 3551 qua:
2574 3481 2687 3551 jam
2713 3481 2878 3536 etiam
2914 3488 3074 3535 antea
3105 3479 3173 3534 ad
3206 3495 3534 3535 monumen-

1966 3579 2082 3626 tum
2118 3571 2354 3628 l‘uissent
2382 3572 2446 3630 '°.
2474 3573 2653 3642 Atque
2688 3573 2809 3628 illas
2847 3572 3068 3643 quidem
3098 3571 3238 3628 duos
3272 3573 3418 3628 viros
3440 3572 3535 3642 qui

1966 3665 2101 3736 ipsis
2147 3665 2492 3729 astitissent;
2528 3667 2628 3720 bas
2661 3680 2790 3721 vero
2821 3664 3098 3720 sedentem
3138 3679 3170 3719 a
3216 3664 3423 3720 dextris
3446 3664 3537 3734 ju-

1965 3769 2158 3811 venem
2189 3755 2434 3824 vidisse;
2470 3765 2634 3827 atque
2683 3772 2874 3813 omnes
2926 3757 3083 3813 stolis
3130 3757 3268 3812 albis
3317 3756 3539 3812 indutos

1967 3847 2139 3903 fuisse
2191 3848 2467 3904 memoria:
2518 3847 2898 3918 prodiderunt.
2949 3849 3138 3920 Itaque
3184 3851 3232 3906 si
3274 3848 3400 3920 quis
3450 3864 3538 3915 ea,

1967 3955 2091 4012 qua:
2117 3941 2320 4014 singuli
2346 3941 2646 3996 secundum
2685 3941 2931 3996 ordinem
2963 3949 3268 4012 temporum
3302 3941 3541 4012 scripse-

1969 4039 2119 4096 runt,
2198 4032 2589 4103 composuerit,
2641 4031 2815 4102 possit
2875 4047 3036 4086 unam
3090 4032 3540 4095 consonantiam,

1970 4121 2536 4192 concordantiamque
2562 4130 2616 4178 et
2647 4137 2814 4176 unum
2847 4136 3050 4189 corpus
3087 4121 3331 4175 historiae
3371 4120 3542 4176 totius

1971 4213 2223 4269 edicere:
2258 4213 2482 4281 perinde
2511 4229 2573 4267 ac
2604 4214 2650 4269 si
2692 4227 2834 4268 unus
2861 4220 3026 4266 totam
3056 4226 3169 4265 rem
3213 4219 3443 4282 gestam,
3489 4221 3544 4266 et

280 4306 374 4358 uti.
424 4303 568 4374 (τοῦ
600 4301 736 4356 Θεοῦ
780 4301 1127 4371 βουληθέντος
1159 4299 1248 4354 διὰ
1290 4298 1498 4352 πολλῶν
1533 4299 1750 4369 τρόπων
1779 4313 1852 4349 πι·

1977 4322 2085 4359 non
2114 4306 2424 4376 complures
2455 4304 2826 4374 scripsissent.
2859 4301 2995 4358 Nam
3035 4303 3083 4360 si
3129 4302 3294 4358 unius
3323 4303 3543 4374 quidem

282 4395 603 4451 στὼσασθαι
645 4394 708 4447 τὸ
737 4394 962 4448 ἄπιστον
992 4392 1177 4462 θαῦμα
1207 4392 1306 4461 τῆς
1337 4389 1723 4459 ἀναστάσεως)
1773 4389 1852 4441 καἻ

1974 4397 2239 4452 adventus
2273 4397 2584 4462 mulierum,
2621 4396 2712 4466 qui
2756 4396 2810 4450 in
2851 4412 2962 4452 uno
3011 4395 3270 4468 temporis
3315 4397 3546 4450 articulo

280 4488 438 4559 τὸτῷ
457 4486 606 4558 ἀλλῳ
635 4485 710 4558 μὴ
728 4485 918 4557 λεχθὲν
945 4485 1131 4554 ἕτερος
1160 4483 1440 4554 ἱστόρησεν
1460 4481 1849 4550 εύαγγελιστής

1985 4485 2298 4551 accidisset,
2335 4501 2527 4542 omnes
2558 4496 2796 4557 quatuor
2825 4486 3156 4543 mentionem
3188 4485 3461 4551 iecissent,
3492 4494 3550 4540 et

281 4581 407 4644 πῶς
432 4580 537 4632 οὐκ
566 4579 712 4632 ἐστιν
747 4581 781 4649 ή
806 4578 1053 4648 διήγησις
1092 4575 1189 4646 ὅλη
1221 4575 1436 4646 καθαρά
1485 4575 1579 4629 καὶ
1617 4572 1852 4643 ἐλευθέρε

1980 4577 2201 4632 eosdem
2239 4579 2463 4648 angelos
2498 4577 2766 4634 dixissent
2797 4579 3158 4649 apparuisse:
3205 4578 3290 4632 vel
3320 4591 3428 4632 una
3463 4585 3549 4631 at-

280 4675 473 4742 πάσης
502 4671 675 4742 λαϐῆς
695 4688 709 4736 ;

1989 4683 2098 4739 que
2127 4667 2314 4724 eadem
2370 4670 2714 4740 apparitione
2759 4669 2875 4723 sive
2925 4669 3140 4724 visione
3174 4667 3244 4722 ab
3273 4666 3550 4722 universis

277 4768 462 4830 edita,
495 4766 639 4818 lianc
671 4765 724 4816 in
757 4761 992 4818 diversis
1031 4762 1372 4832 temporibus
1433 4759 1705 4816 accidisse
1771 4759 2063 4828 dixissent,
2120 4774 2174 4819 et
2223 4778 2330 4817 non
2376 4765 2542 4818 unius
2612 4764 2843 4834 quisque
2917 4763 3175 4832 temporis
3220 4762 3552 4816 mentionem

277 4861 592 4922 fecissent,
627 4855 1012 4928 discrepantia:
1065 4863 1228 4926 atque
1272 4855 1633 4911 dissensionis
1687 4858 2165 4926 reprehensionem
2199 4860 2437 4931 effugere
2498 4859 2741 4914 narratio
2810 4872 2917 4912 non
2949 4865 3151 4928 posset.
3211 4858 3307 4912 Sin
3369 4867 3552 4914 autem

268 4963 346 5011 et
385 4967 635 5023 personae
667 4960 721 5006 et
750 4963 999 5022 tempora
1027 4950 1243 5006 diversa
1302 4951 1545 5014 fuerunt,
1581 4958 1635 5006 et
1685 4965 1878 5006 eorum
1956 4953 2050 5024 qui
2099 4964 2496 5023 apparuerunt,
2552 4954 2720 5008 facies
2768 4967 2876 5007 non
2937 4951 3178 5006 eadem:
3236 4966 3358 5006 cum
3413 4949 3557 5006 Deus

269 5045 682 5116 compluribus
711 5045 890 5100 modis
919 5045 1078 5100 tidem
1107 5044 1287 5100 facere
1315 5047 1550 5100 voluerit
1610 5045 1917 5101 incredibili
1962 5048 2228 5104 miraculo
2263 5049 2716 5114 resurrectionis;
2743 5057 2795 5103 et
2817 5047 2960 5118 quod
2985 5062 3127 5101 unus
3189 5046 3552 5116 praetermisit,

271 5144 446 5201 alius
476 5140 709 5194 historia
744 5148 1066 5211 persecutus
1093 5147 1178 5196 est
1211 5139 1546 5210 evangelista
1577 5158 1588 5194 :
1623 5139 1715 5210 qui
1763 5139 1895 5196 ﬁeri‘
1917 5151 2118 5213 potest,
2152 5153 2209 5197 ut
2257 5158 2366 5198 non
2421 5153 2531 5197 tota
2573 5143 2816 5196 narratio
2848 5157 2983 5213 pura
3036 5149 3089 5195 et
3122 5141 3189 5195 ab
3257 5141 3404 5195 omni
3475 5154 3557 5195 re-
3641 5123 3656 5130 “

275 5237 674 5311 prehensione
702 5237 874 5291 libera
902 5237 973 5291 sit
995 5235 1018 5288 ἲ

377 5328 609 5399 Ἐπειδὴ
653 5329 709 5382 δὲ
755 5329 964 5382 πολλῶν
997 5328 1227 5400 Μαριῶν
1273 5331 1330 5383 ἐν
1379 5330 1489 5392 τοῖς
1534 5328 1852 5398 Εὑαγγελίοι

2062 5324 2333 5392 Quoniam
2361 5332 2543 5378 autem
2575 5323 2869 5376 multarum
2904 5320 3196 5376 Mariarum
3235 5322 3289 5376 in
3317 5320 3561 5392 Evange-

279 5422 534 5494 φέρεται
578 5420 799 5490 μνήμη,
847 5422 995 5491 τρεῖς
1048 5414 1185 5472 εἶναι
1226 5419 1322 5484 τὰς
1374 5420 1548 5483 πάσας
1598 5418 1852 5488 γινώσκει

1991 5418 2078 5474 liis
2112 5416 2315 5471 mentio
2343 5416 2420 5481 tit,
2453 5423 2564 5469 trcs
2613 5427 2844 5468 numero
2898 5427 3089 5468 omnes
3139 5429 3262 5471 csse
3315 5421 3560 5472 statuere

371 5596 410 5626 ¹⁹
449 5593 651 5651 Matth.
692 5615 879 5668 xxvtn,
917 5602 936 5654 t
968 5616 1090 5672 sqq.
1168 5601 1212 5636 “
1245 5600 1397 5655 Juau.
1430 5618 1518 5656 xx.
1548 5601 1570 5657 t
1607 5617 1730 5672 sqq.
1806 5598 1850 5632 ὐ
1883 5598 2018 5655 Luc.
2052 5612 2199 5666 xxiv,
2230 5595 2251 5650 l
2284 5612 2406 5667 sqq.
2489 5593 2534 5625 ⁸⁸
2568 5590 2734 5647 Marc.
2774 5604 2888 5654 xvn,
2924 5589 2945 5643 l
2980 5606 3100 5664 sqq.
