3930 6210
424 251 531 309 647

1675 231 1731 289 S.
1767 225 2093 287 GREGORll
2126 222 2422 282 NYSSEN!

3574 219 3683 277 648

424 365 692 421 debemus
719 380 735 419 :
766 374 904 433 quas
928 356 1166 414 Joannes
1190 350 1637 426 comprehensim
1668 345 2003 410 numeravit,

2124 341 2425 412 ὀφείλομεν,
2456 338 2522 403 ἀς
2546 339 2575 392 δ
2605 337 2855 408 Ἰωάννης
2875 335 3170 409 συλλήϐδην
3188 335 3462 409 ἠρίθμησε
3481 337 3684 408 φήσας.

428 470 556 511 cum
600 455 807 509 diceret
858 467 875 505 :
920 448 1149 506 Stabant
1195 457 1373 501 autem
1407 445 1572 513 juxta
1618 455 1825 495 crucem
1873 436 2003 492 Iesu

431 554 604 600 mater
633 545 770 609 ejus,
794 552 845 597 et
875 558 1028 597 soror
1051 540 1242 595 matris
1282 538 1418 606 ejus,
1454 534 1629 588 Maria
1662 530 1928 600 Cleophw,
1953 538 2003 582 et

434 636 613 692 Maria
644 634 965 705 Magdalena
985 633 1051 686 ³⁸.
1092 631 1227 684 Nam
1260 629 1481 684 Mariam
1517 624 1707 680 Jacobi
1756 632 1812 678 et
1861 621 2005 677 Josae

430 736 661 783 matrem
698 726 842 797 apud
876 726 1014 780 alios
1059 722 1428 792 evangelistas
1475 717 1839 778 nominatam,
1878 711 2004 768 Dei-

432 832 619 891 param
645 826 700 871 et
731 831 837 870 non
870 816 1033 869 aliam
1064 828 1187 869 esse
1216 812 1513 866 credimus.
1545 808 1813 873 Quoniam
1856 805 2005 858 enim

433 904 509 958 ita
536 902 866 973 dispositum
913 911 972 956 et
1015 901 1345 955 destinatum
1396 904 1536 960 erat,
1575 904 1635 950 ut
1670 903 1726 950 et
1783 895 2004 949 divinus

432 1006 630 1070 partus
660 998 1101 1059 obumbraretur,
1145 1002 1202 1048 et
1235 992 1608 1063 sanguinariis
1655 989 1861 1046 Judaeis
1895 1004 2002 1043 non

433 1089 902 1151 manifestaretur,
942 1087 1089 1156 quod
1129 1085 1275 1139 circa
1321 1085 1500 1154 ipsum
1544 1094 1782 1152 tempus,
1804 1097 1911 1151 quo
1937 1079 2006 1133 ad

434 1184 636 1238 lectum
679 1179 919 1249 jugalem
973 1177 1222 1232 ducenda
1272 1182 1428 1238 erat,
1477 1174 1629 1244 virgo
1673 1188 1738 1228 ex
1796 1172 2006 1241 Spiritu

433 1280 624 1330 sancto
658 1270 1006 1340 concepisset
1038 1287 1054 1323 :
1090 1265 1551 1337 quemadmodum
1586 1264 1808 1319 Litteris
1847 1278 2008 1318 man-

432 1362 617 1415 datum
658 1367 765 1424 est,
811 1357 956 1428 quod
1003 1364 1058 1412 et
1100 1359 1186 1411 vir
1227 1356 1394 1426 hujus
1431 1363 1484 1411 et
1536 1365 1691 1424 pater
1735 1354 1863 1409 Jesu
1893 1351 2009 1384 ⁸¹·³⁸

434 1461 659 1505 vocatus
694 1450 766 1505 sit
798 1447 1000 1518 Josepli
1045 1467 1059 1503 :
1092 1448 1280 1504 eodem
1327 1446 1489 1500 modo
1527 1444 1669 1500 Josre
1723 1451 1777 1499 et.
1820 1442 2009 1497 Jacobi

435 1544 669 1598 liliorum
713 1539 917 1611 Joseph
967 1539 1106 1594 fabri
1148 1555 1215 1595 ex
1253 1538 1531 1608 prioribus
1563 1537 1769 1608 nuptiis
1805 1546 1857 1591 et
1900 1549 2012 1605 pra:

435 1641 649 1689 mortua
696 1647 867 1687 uxore
919 1631 1181 1701 puerilem
1218 1639 1430 1685 aetatem
1497 1628 1773 1701 agentium
1836 1634 2012 1680 mater

2097 432 2505 499 Είστήκεισαν
2535 429 2604 484 δὲ
2633 428 2794 498 παρὰ
2830 426 2910 495 τῷ
2949 427 3190 496 σταυρῷ
3228 427 3337 482 τοῦ
3373 429 3591 498 Ἰησοῦ,
3640 433 3688 500 ἡ

2098 523 2298 605 prlium
2331 522 2540 584 αὐτοῦ,
2576 522 2674 576 καί
2712 523 2752 590 ἠ
2797 521 3028 591 ἀδελφὴ
3067 521 3175 590 τῆς
3213 524 3440 592 μητρὸς
3475 525 3686 592 αὐτοῦ,

2101 618 2303 685 Μαρία
2340 617 2378 685 ἡ
2412 615 2518 670 τοῦ
2576 617 2819 684 Κλεόφα
2857 615 2955 668 καί
2998 616 3191 684 Μαρία
3221 616 3259 683 ή
3290 617 3680 685 Μαγδαληνή.

2100 707 2333 778 Μαριὰμ
2366 704 2475 776 γὰρ
2505 704 2603 774 τὴν
2642 703 2923 769 Ἰακώϐου,
2955 705 3049 759 καὶ
3089 705 3246 776 Ἰωσῆ
3291 707 3504 778 μητέρα
3536 708 3688 777 παρὰ

2100 801 2217 862 τοῖς
2251 796 2432 859 ἄλλοις
2465 794 2878 864 εὑαγγελισταῖς
2924 794 3334 866 ὠνομασμένην,
3368 797 3468 868 τὴν
3498 797 3692 851 Θεοτό-

2117 906 2212 943 κον
2258 885 2419 950 εἶναι,
2449 888 2541 940 καὶ
2559 888 2659 953 οὐκ
2686 886 2871 956 ἄλλην,
2911 887 3373 959 πεπιστεύκαμεν.
3416 889 3692 961 Καθάπερ

2105 978 2214 1049 γὰρ
2243 977 2331 1031 διὰ
2374 976 2471 1049 τὴν
2516 977 2827 1048 οἰκονομίαν
2871 976 2965 1032 καὶ
3015 977 3094 1048 τῷ
3137 977 3558 1050 ὲπισκιασθῆναι
3599 980 3693 1033 τὸν

2104 1068 2247 1122 θεῖον
2289 1067 2446 1121 τόκον
2470 1105 2485 1130 ,
2530 1067 2621 1121 καὶ
2673 1066 2748 1137 μὴ
2799 1067 3178 1138 φανερωθῆναι
3227 1069 3339 1130 τοῖς
3384 1067 3690 1137 μιαιφόνοις

2121 1158 2395 1221 Ἰουδαίοις
2442 1158 2572 1229 παρ’
2622 1158 2753 1211 αὐτὸ
2806 1158 2867 1210 τὸ
2919 1156 3130 1228 μέλλειν
3176 1159 3267 1211 ἐπὶ
3308 1159 3407 1229 τὴν
3440 1160 3689 1213 παστάδα

2106 1252 2338 1322 ἄγεσθαι
2365 1250 2461 1321 τὴν
2488 1250 2762 1321 Παρθένον
2787 1252 2852 1303 ἐκ
2882 1250 3193 1322 Ιῐνεύματος
3223 1250 3376 1320 ἁγίου
3407 1249 3691 1305 συλλαϐεῖν

2111 1344 2562 1414 ἀναγέγραπται·
2616 1343 2693 1406 ὡς
2743 1343 2908 1415 ἄνδρα
2966 1343 3168 1414 ταύτης
3211 1343 3552 1416 χρηματίσαι
3599 1344 3692 1399 τὸν

2123 1436 2358 1508 Ἰωσὴφ,
2396 1436 2489 1509 καὶ
2524 1436 2736 1507 πατέρα
2780 1434 2871 1488 τοῦ
2914 1433 3088 1506 Ἰησοῦ
3116 1452 3130 1466 ·
3180 1434 3271 1488 τὸν
3303 1434 3467 1490 αὑτὸν
3491 1435 3694 1507 τρόπον

2111 1528 2204 1582 τοῦ
2245 1529 2404 1599 Ἰωσῆ
2436 1528 2529 1582 καὶ
2557 1527 2649 1581 τοῦ
2681 1527 2936 1581 Ἰακώϐου
2963 1527 3165 1581 παίδων
3192 1527 3358 1581 ὄντων
3387 1526 3485 1581 τοῦ
3513 1528 3696 1582 τέκτο-

2109 1636 2202 1683 νος
2236 1618 2453 1688 Ἰωσὴφ,
2478 1616 2736 1688 παιδικὴν
2762 1617 3004 1686 ἀγόντων
3040 1618 3137 1688 τὴν
3196 1617 3411 1688 ἡλικίαν
3452 1619 3518 1672 ἐκ
3557 1635 3695 1690 προσ

436 1724 666 1795 Deipara
697 1732 751 1779 et
783 1723 1165 1794 appellabatur
1217 1730 1272 1777 et
1304 1721 1731 1777 nominabatur:
1783 1720 1899 1772 lizec
1929 1718 2004 1771 ni-

2124 1709 2475 1781 ηγησαμένων
2493 1709 2684 1779 γάμων
2714 1710 2806 1761 καὶ
2833 1707 3382 1780 προτετελευτηκυίας
3408 1710 3691 1778 γυναικδς,

435 1817 632 1871 mirum
662 1816 1040 1870 obtrectantes
1069 1814 1233 1868 etiam
1268 1812 1441 1868 Judaei
1476 1813 1544 1867 de
1590 1811 1882 1866 Servatore
1930 1810 2014 1864 di—

434 1909 672 1963 cebant:
710 1908 790 1960 Au
822 1922 926 1959 non
955 1906 1041 1960 hic
1070 1913 1151 1959 est
1189 1906 1334 1973 ﬁlius
1381 1903 1574 1973 fabri?
1618 1901 1809 1956 Nonne
1848 1910 2016 1955 mater

434 2001 547 2068 ejus
575 2007 793 2053 vocatur
827 1995 1032 2061 Maria,
1057 2007 1106 2050 et
1134 1996 1329 2065 fratres
1373 1996 1486 2065 ejus
1521 1994 1779 2059 Iacobus,
1829 2002 1878 2047 et
1913 1991 2013 2047 Jo-

435 2108 538 2155 ses,
572 2101 620 2145 et
649 2089 857 2150 Simon,
891 2098 943 2143 et
986 2087 1158 2143 ludas
1181 2088 1271 2141 “‘l
1312 2090 1487 2156 Atque
1540 2085 1749 2140 idcirco
1777 2082 2016 2139 Joannes

436 2178 679 2250 quidem,
718 2187 778 2232 ut
807 2177 903 2248 qui
937 2177 1111 2233 libere
1141 2176 1381 2231 divinam
1430 2175 1719 2231 historiam
1769 2158 2043 2228 conseri?

435 2274 609 2337 heret,
642 2286 787 2336 eam,
824 2285 948 2341 quae
981 2271 1156 2326 stabat
1192 2269 1349 2339 juxta
1378 2281 1619 2332 crucem,
1664 2265 1719 2321 id
1760 2265 1905 2336 quod
1932 2278 2017 2320 re-

439 2366 555 2437 ipsa
585 2373 723 2428 erat,
776 2373 1004 2419 matrem
1049 2361 1179 2417 Jesu
1237 2360 1572 2431 appellavit:
1624 2357 1813 2413 caeteri
1874 2369 2008 2411 vero

437 2458 808 2529 evangelista,
841 2455 935 2527 qui
968 2454 1202 2509 multum
1235 2452 1384 2507 circa
1415 2447 1833 2519 dispositionem
1862 2446 2018 2501 labo-

441 2557 725 2614 raverunt,
745 2554 902 2601 certo
926 2545 1162 2601 consilio
1190 2556 1414 2598 matrem
1439 2556 1559 2596 eam
1584 2539 1773 2595 Jacobi
1805 2549 1859 2594 et
1877 2537 2021 2594 Josaa

439 2640 851 2711 appellaverunt
881 2638 901 2709 (
930 2637 984 2690 hi
1035 2636 1180 2691 enim
1215 2632 1378 2704 primi
1431 2640 1605 2696 erant,
1653 2639 1707 2686 et
1755 2629 2018 2701 insignes,

441 2733 537 2787 lilii
584 2730 860 2800 Josephi)
921 2730 1025 2782 lioe
1069 2734 1258 2796 aperte
1313 2724 1660 2794 signiﬁcante
1712 2721 2018 2792 Scriptura,

439 2821 590 2893 quod
643 2822 747 2875 hac
793 2818 1157 2888 dispositione
1205 2824 1260 2872 et
1311 2815 1651 2871 ordinatione
1698 2823 1859 2883 atque
1894 2811 2021 2866 inde

441 2918 703 2979 concepta
736 2908 1000 2980 opinione
1043 2907 1249 2975 absque
1290 2904 1535 2974 periculo
1563 2902 1731 2957 Maria
1777 2899 2021 2972 passioni

441 3002 668 3059 salutari
708 3002 990 3056 intererat.
1014 2997 1148 3052 Nam
1178 2997 1223 3052 si
1244 2997 1440 3066 vulgus
1463 3009 1582 3049 eam
1608 3009 1732 3049 esse
1753 2994 2018 3063 virginem
2047 3033 2091 3093 Ο

441 3096 713 3158 Srivisset,
733 3094 944 3164 perdita
971 3091 1201 3147 forsitan
1225 3090 1420 3144 luisset
1441 3087 1509 3142 ab
1558 3085 1759 3141 invidis
1793 3084 2019 3139 Judaﬁs.

442 3183 705 3253 lleperias
736 3190 917 3238 autem
949 3197 1070 3238 eam
1110 3181 1289 3243 etiam
1341 3179 1505 3235 unius
1559 3176 1730 3233 solius
1784 3175 2021 3230 ﬁliorum

442 3278 667 3349 Joseplii
707 3287 935 3332 matrem
970 3275 1113 3347 apud
1146 3273 1514 3346 evangelistas
1539 3271 1876 3326 nominatam
1902 3283 2027 3324 esse

445 3368 673 3424 Mariam
726 3368 940 3432 Jacobi,
988 3378 1043 3423 et
1086 3366 1313 3420 Mariam
1371 3365 1536 3421 Josze.
1576 3361 1794 3419 Marcus
1844 3369 2025 3417 autem

443 3460 631 3516 Jacobi
652 3461 825 3531 parvi,
849 3467 904 3515 et
929 3459 1072 3515 Josa:
1095 3466 1326 3513 matrem
1356 3472 1476 3511 eam
1500 3457 1739 3520 vocavit,
1766 3455 2026 3526 quoniam

447 3553 587 3608 alter
613 3559 733 3607 erat
765 3551 1008 3607 Jacobus
1062 3548 1293 3620 Alpbaai,
1333 3563 1567 3619 magnus
1616 3547 1849 3613 idcirco,
1898 3545 2027 3617 quia

448 3642 737 3700 duodecim
782 3642 1049 3712 apostolis
1082 3645 1519 3695 connumeratus
1558 3646 1700 3696 erat.
1734 3636 1872 3692 Nam
1902 3651 2031 3708 par-

447 3747 551 3789 vus
585 3746 695 3787 non
724 3740 844 3788 erat
868 3731 936 3787 de
966 3744 1201 3786 numero
1230 3743 1443 3786 eorum.

519 3990 598 4047 De
627 3990 722 4045 illo
754 3996 941 4047 autem
994 3989 1198 4061 aliquis
1253 3989 1506 4048 fortassis
1553 3991 1701 4047 haud
1756 3991 2034 4047 immerito

449 4082 857 4141 addubitaverit
884 4099 899 4136 :
932 4096 1044 4153 quo
1081 4089 1245 4154 pacto
1272 4080 1536 4138 Servator
1566 4082 1856 4153 discipulis
1909 4097 2036 4152 par-

451 4181 548 4235 tim
585 4192 683 4248 per
712 4177 959 4249 angelos,
985 4178 1189 4249 partim
1226 4193 1328 4235 sua
1361 4177 1538 4249 ipsius
1565 4192 1701 4234 voce
1732 4176 2032 4248 pollicitus,

450 4269 597 4342 quod
625 4266 908 4339 prolectus
941 4269 997 4323 in
1017 4268 1295 4325 Galilaeam
1318 4270 1399 4326 eis
1420 4270 1777 4341 appariturus
1800 4276 1945 4325 esset
1961 4267 2030 4332 ³³,

2119 1801 2301 1872 μήτηρ
2329 1803 2361 1870 ή
2388 1800 2650 1863 Θεοτόκος
2687 1799 3127 1871 προσηγορεύετό
3150 1817 3208 1854 τε
3236 1802 3327 1855 καὶ¹
3357 1801 3695 1872 ὠνομάζετο.

2115 1891 2301 1946 Ταῦτὰ
2342 1909 2423 1945 τοι
2475 1892 2570 1945 καὶ
2627 1890 3071 1962 βλασφημοῦντες
3112 1889 3253 1944 κατά
3296 1890 3390 1944 τοῦ
3441 1892 3696 1964 Σωτῆρος

2113 1968 2299 2053 ἔλεγον
2322 1983 2371 2036 οί
2406 1983 2646 2036 Ἰουδαῖοι
2674 2000 2688 2014 ’
2741 1985 2863 2052 Οὐχ
2897 1978 3075 2049 οὗτός
3103 1982 3274 2036 ἐστιν
3302 1985 3333 2036 ὁ
3360 1981 3468 2036 τοῦ
3491 1982 3698 2037 τέκτο-

2114 2096 2223 2143 νος
2245 2079 2411 2144 υίός;
2454 2079 2567 2147 οὐχ
2601 2077 2639 2146 ἡ
2662 2077 2860 2146 μήτηρ
2883 2076 3070 2130 αὐτοῦ
3097 2078 3326 2142 λέγεται
3351 2077 3568 2143 Μαρία,
3602 2074 3700 2129 και

2116 2172 2171 2227 οἱ
2196 2168 2442 2238 ἀδελφοί
2471 2167 2678 2231 αὑτοῦ,
2711 2166 3107 2233 Ἰάκωϐος,καί
3144 2165 3329 2234 Ἱωσὴ,
3355 2165 3453 2218 καί
3478 2167 3697 2235 Σίμων,

2118 2261 2216 2317 καὶ
2253 2261 2521 2327 ἰούδας;
2563 2259 2675 2313 Καὶ
2703 2259 2790 2313 διὰ
2834 2257 2992 2312 τοῦτο
3038 2258 3066 2311 ό
3116 2257 3214 2328 μὲν
3264 2258 3556 2328 Ἰωάννης,
3604 2259 3698 2311 καὶ

2120 2353 2272 2428 παρά
2300 2354 2376 2425 τῷ
2412 2351 2628 2424 σταυρῷ
2670 2353 2935 2414 ἑστῶσαν,
2968 2345 3056 2405 οἷα
3102 2349 3166 2422 δὴ
3214 2350 3352 2422 μετά
3385 2350 3699 2422 παρρησίας

2121 2445 2407 2517 θεολογῶν,
2433 2448 2496 2500 ὲκ
2522 2444 2623 2515 τῆς
2650 2443 2904 2513 ἀληθείας
2931 2442 3099 2510 αὐτῆς
3136 2440 3343 2512 μητέρα
3380 2440 3475 2493 τοῦ
3521 2438 3693 2511 Ἰησοῦ

2120 2538 2562 2611 προσηγόρευσεν
2588 2550 2602 2564 ·
2654 2536 2703 2589 oi
2735 2534 2789 2588 δὲ
2820 2534 2996 2587 λοιποὶ
3041 2532 3148 2585 τῶν
3186 2531 3579 2601 εύαγγελιστῶν
3621 2532 3695 2584 τὰ

2122 2630 2293 2685 πολλὰ
2320 2631 2448 2702 περ)⁵
2466 2629 2563 2701 τὴν
2585 2626 2892 2699 οἰκονομίαν
2916 2623 3322 2697 ἀσχοληθέντές,
3344 2624 3699 2695 οἰκονομικᾶς

2121 2723 2290 2796 αὐτὴν
2326 2725 2540 2795 μητέρα
2604 2720 2858 2777 Ἰακώϐου
2903 2720 2998 2773 καὶ
3051 2720 3208 2791 Ἰωσῆ
3251 2719 3700 2790 προσηγόρευσαν
3744 2736 3751 2737 ί

2125 2809 2291 2889 (οὗτοι
2325 2815 2433 2886 γὰρ
2462 2810 2603 2886 ἦσαν
2635 2815 2684 2866 οί
2722 2811 2926 2885 πρῶτοι
2956 2810 3049 2865 καὶ
3094 2812 3353 2882 ἐπίσημοι
3395 2810 3584 2876 παῖδες
3607 2810 3704 2864 τοῦ

2136 2908 2357 2977 Ἰωσήφ)
2375 2922 2389 2937 ·
2413 2906 2569 2958 τοῦτο
2600 2904 2883 2976 δηλοῦντος
2911 2902 3002 2956 τοῦ
3032 2903 3188 2972 λόγου
3221 2902 3427 2972 σαφῶς,
3455 2903 3537 2956 ὅτι
3565 2901 3710 2974 μετὰ

2123 2997 2325 3069 ταύτης
2353 3000 2451 3068 τῆς
2497 2997 2827 3067 οἰκονομίας,
2877 2994 2971 3048 καὶ
3013 2993 3111 3065 τῆς
3140 2993 3389 3047 ἐντεῦθεν
3428 2992 3706 3059 ὑπονοίας,

2124 3087 2419 3151 ἀκινδύνως
2443 3089 2476 3158 ή
2501 3086 2689 3156 Μαρία
2716 3083 2793 3155 τῷ
2821 3083 3070 3155 σωτηρίῳ
3094 3083 3253 3137 πάθει
3273 3083 3479 3155 παρῆν.
3509 3084 3570 3137 Εἰ
3594 3082 3708 3154 γὰρ

2125 3178 2393 3250 παρθένος
2445 3176 2854 3247 ὑπεγινώσκετο
2900 3179 3010 3240 τοῖς
3055 3176 3296 3239 πολλοῖς,
3338 3176 3446 3228 ὑπὸ
3473 3175 3581 3228 τῶν
3613 3176 3713 3246 βα-

2126 3264 2339 3324 σκάνων
2385 3268 2652 3323 Ἰουδαίων
2684 3267 2930 3322 ἀπώλετο
2962 3268 3046 3323 ἄν.
3087 3269 3240 3320 Ἐστι
3271 3268 3328 3320 δὲ
3351 3267 3524 3338 αὐτὴν
3552 3267 3713 3338 παρᾶ

2124 3361 2239 3423 τοῖς
2284 3357 2697 3428 εὑαγγελισταῖς
2744 3359 2840 3412 καὶ
2881 3358 2974 3412 τοῦ
3004 3359 3119 3422 ἑνὸς
3158 3359 3317 3429 μόνου
3350 3360 3459 3414 τῶν
3502 3359 3716 3413 παίδων

2125 3449 2220 3504 τοῦ
2259 3449 2454 3521 Ἰωσὴφ
2480 3448 2873 3520 ὠνομασμένην
2907 3450 3084 3521 εὑρεῖν
3124 3452 3340 3523 Μαρίαν
3383 3452 3482 3523 τὴν
3519 3451 3719 3505 Ἰακώ-

2128 3542 2246 3609 6ου,
2272 3542 2366 3596 καὶ
2393 3539 2610 3612 Μαρίαν
2636 3540 2734 3613 τὴν
2771 3541 2947 3611 Ἰωσῆ.
2996 3542 3052 3594 '0
3079 3541 3136 3594 δὲ
3163 3542 3404 3613 Μάρκος,
3445 3540 3719 3596 Ἰακώϐου

2128 3632 2221 3686 τοῦ
2271 3630 2466 3704 μικροῦ
2507 3632 2600 3685 καὶ
2638 3630 2793 3702 Ἰωσῆ
2828 3631 3036 3704 μητέρα
3067 3632 3232 3705 αὐτὴν
3257 3629 3422 3695 εἶπεν,
3467 3633 3721 3707 ἐπείπερ

2127 3725 2197 3802 ἦν
2227 3727 2383 3793 ἀλλος
2423 3727 2675 3792 Ἰάκωϐος
2703 3729 2732 3781 ὁ
2756 3726 2848 3780 τοῦ
2889 3727 3171 3797 Ἁλφαίου,
3192 3726 3274 3781 διὰ
3302 3725 3456 3780 τοῦτο
3497 3724 3720 3796 μέγας,

2130 3822 2211 3875 δ’τι
2235 3822 2345 3885 τοῖς
2369 3818 2682 3882 ἀποστόλοις
2706 3821 2817 3882 τοῖς
2844 3818 3050 3873 δώδεκα
3084 3817 3469 3890 συνηρίθμητο.
3510 3815 3572 3871 '0
3599 3818 3721 3892 γὰρ

2135 3910 2329 3983 μικρὸς
2353 3907 2453 3963 οὐκ
2475 3904 2544 3977 ἦν
2576 3908 2755 3973 αὐτοῖς
2782 3908 3116 3980 ἐναρίθμιος.

2217 4003 2422 4054 Ἐκεῖνο
2458 3999 2514 4054 δὲ
2552 3999 2616 4055 ἄν
2661 4017 2746 4063 τις
2783 4000 3009 4064 είκὸτως
3057 4000 3491 4072 ὲπαπορήσειεν,
3530 3999 3659 4064 πῶς
3692 4000 3723 4053 ὁ

2133 4092 2324 4164 Σωτὴρ
2364 4092 2737 4164 ὑποσχόμενος
2781 4094 2895 4156 τοῖς
2948 4090 3251 4163 μαθηταῖς,
3296 4091 3457 4145 τοῦτο
3489 4092 3591 4161 μὲν
3624 4094 3721 4146 καὶ

2133 4178 2222 4231 sta
2241 4178 2347 4234 τῶν
2373 4181 2641 4249 ἀγγέλων,
2666 4181 2828 4233 τοῦτο
2852 4181 2909 4234 δὲ
2930 4181 3022 4234 καὶ
3048 4181 3137 4234 διὰ
3157 4181 3254 4251 τῆς
3275 4182 3485 4245 οἰκείας
3503 4185 3721 4254 φωνῆς,

2135 4271 2217 4326 ὃτι
2238 4273 2316 4335 είς
2349 4273 2448 4345 τὴν
2478 4274 2770 4329 Γαλιλαίαν
2807 4274 3135 4347 ἀφικόμενος
3177 4275 3511 4347 ὀφθήσεται,
3538 4278 3722 4348 ὲφάνη

452 4362 605 4417 visus
634 4363 709 4417 sit
753 4359 1116 4432 Jerosolymis
1143 4375 1363 4432 quoque
1390 4361 1724 4432 promissum
1745 4367 2020 4430 praestare.

2137 4361 2237 4434 τὴν
2272 4364 2604 4432 ἐπαγγελίαν
2642 4367 2737 4419 καὶ
2783 4366 2841 4418 ὲν
2884 4363 3232 4436 Ἰερουσαλὴμ
3265 4366 3510 4439 πληρῶν.
3555 4369 3728 4422 Κατὰ

452 4454 588 4510 Nam
622 4455 924 4510 secundum
977 4453 1183 4509 Lucam
1217 4455 1438 4525 quidem
1468 4457 1523 4510 in
1565 4456 1682 4526 ipsa
1707 4455 1795 4510 die
1845 4470 2031 4510 resur-

453 4548 717 4603 rectionis
761 4545 897 4615 ipsis
924 4545 1179 4600 undecim
1210 4547 1559 4617 congregatis
1580 4546 1663 4600 ³⁶;
1696 4554 1755 4600 ut
1785 4543 2029 4602 Joannes

453 4645 636 4692 autem
666 4636 876 4701 scribit,
903 4643 958 4689 et
984 4636 1040 4689 in
1075 4636 1180 4690 hoc
1210 4636 1350 4706 ipso,
1375 4647 1428 4691 et
1459 4648 1653 4692 octavo
1685 4637 1773 4692 die
1806 4643 2031 4706 praestat

455 4727 849 4798 apparitionem
880 4734 1035 4782 stans
1104 4726 1160 4779 in
1190 4727 1371 4782 medio
1421 4742 1484 4782 ac
1526 4727 1751 4793 dicens,
1786 4726 1908 4782 Pax
1951 4743 2037 4783 vo-

456 4817 536 4872 bis
567 4819 634 4886 ⁸⁷,
665 4826 829 4889 atque
849 4818 1013 4873 etiam
1045 4816 1270 4872 Thomas
1307 4832 1370 4873 se
1397 4819 1850 4875 contrectandum
1896 4835 2035 4890 pra:—

457 4908 612 4965 bens.
645 4911 847 4965 Verum
888 4910 991 4965 hoc
1023 4910 1371 4967 liberalitatis
1402 4919 1456 4967 et
1502 4911 1857 4967 humanitatis
1891 4911 2033 4967 divi-

458 4999 569 5057 tias
596 5003 861 5068 ostendit,
901 5019 1007 5058 non
1040 5002 1314 5058 mendacii
1361 5004 1572 5059 crimen
1609 5004 1877 5059 continet.
1909 5003 2031 5058 Non

457 5094 604 5151 enim
638 5093 798 5163 dixit,
829 5095 888 5152 lu
919 5095 1141 5152 Galilaea
1170 5095 1439 5151 duntaxat
1486 5111 1572 5152 me
1602 5097 1887 5163 videbunt,
1938 5111 2034 5151 ne-

457 5202 565 5257 que
582 5200 704 5246 νοτ(
742 5187 1101 5258 ρει-οεοιγιιιίε
1132 5188 1308 5253 visus,
1331 5202 1439 5243 nou
1470 5190 1722 5259 apparuit
1741 5186 2036 5244 inGalilzea

461 5278 620 5335 sicuti
656 5279 987 5349 promiserat
1015 5279 1165 5350 (hoc
1190 5280 1335 5336 enim
1376 5289 1523 5335 esset
1570 5296 1702 5336 suos
1747 5295 2036 5336 sermones

462 5371 632 5429 falsos
661 5372 891 5430 reddere
922 5372 1303 5444 mentiendo),
1331 5374 1427 5429 sed
1458 5374 1505 5429 si
1536 5383 1590 5429 et
1630 5375 1685 5429 in
1729 5373 2035 5430 Jerusalem

2140 4453 2239 4527 μὲν
2282 4453 2373 4507 τὸν
2410 4456 2626 4508 Λουκᾶν
2656 4457 2714 4509 ὲν
2744 4458 2881 4528 αὐτῇ
2915 4459 2981 4527 τῇ
3014 4456 3197 4529 ἡμέρᾳ
3232 4457 3334 4528 τῆς
3362 4458 3726 4524 ἀναστάσεως
3804 4453 3813 4459 ’

2138 4546 2619 4618 συνηθροισμένοις
2643 4551 2754 4613 τοῖς
2779 4549 2970 4604 ἕνδεκα
2991 4567 3006 4582 ο
3042 4550 3181 4604 κατά
3210 4549 3267 4603 δὲ
3294 4551 3386 4603 τὸν
3436 4550 3725 4623 Ἰωάννην,

2134 4637 2229 4692 καὶ
2250 4639 2308 4691 ὲν
2339 4638 2476 4710 αὐτῇ
2508 4639 2601 4694 καὶ
2631 4640 2690 4694 ὲν
2716 4643 2782 4712 τῇ
2813 4641 2971 4713 ὀγδόῃ
3002 4641 3183 4713 ἡμέρᾳ
3210 4645 3442 4695 ποιεῖται
3463 4642 3566 4713 τὴν
3596 4646 3724 4698 ἑπι-

2135 4732 2384 4802 φάνειαν,
2413 4734 2542 4799 στὰς
2565 4736 2623 4789 ἐν
2653 4735 2822 4807 μέσῳ,
2847 4735 2944 4789 καὶ
2973 4734 3393 4803 λέγων,Εἰρήνη
3420 4734 3595 4805 ὑμῖν,
3629 4738 3727 4791 καὶ

2134 4824 2211 4898 τῷ
2243 4826 2413 4899 Θωμᾷ
2440 4825 2697 4900 ψηλαφᾷν
2722 4827 2957 4892 ἐνδιδοὺς
2977 4828 3185 4882 ἑαυτόν.
3221 4826 3383 4880 Ἀλλὰ
3405 4825 3568 4881 τοῦτο
3599 4828 3725 4898 φιλ-

2140 4919 2431 4992 ανθρώπου
2467 4919 2779 4991 φιλοτιμίας
2824 4919 3050 4974 πλοῦτον
3096 4918 3445 4991 παρίστησιν,
3478 4919 3543 4973 οὐ
3584 4919 3720 4990 ψεύ-

2140 5011 2261 5077 δους
2294 5013 2406 5084 ἔχει
2440 5013 2795 5085 κατηγορίαν.
2826 5013 2900 5066 Ob
2933 5012 3043 5084 γὰρ
3090 5006 3264 5093 εἶπεν,
3327 5011 3418 5065 Ἐν
3441 5014 3514 5084 τῇ
3561 5011 3720 5066 Γαλι-

2140 5103 2269 5174 λαία
2296 5120 2365 5173 με
2393 5102 2611 5173 ὄψονται
2647 5104 2826 5174 μόνον,
2855 5102 2983 5171 οὔτε,
3002 5101 3106 5174 μὴν
3138 5104 3195 5156 ἐν
3228 5103 3592 5174 Ἰερουσαλὴμ
3617 5120 3712 5172 φα-

2143 5193 2275 5258 νεὶς,
2312 5193 2410 5247 οὐκ
2442 5192 2598 5264 ὤφθη
2622 5193 2764 5248 κατὰ
2791 5194 2890 5266 τὴν
2922 5194 3212 5248 Γαλιλαίαν
3251 5194 3327 5258 ὡς
3352 5196 3725 5267 ἐπηγγείλατο

2148 5284 2167 5355 (
2200 5283 2354 5338 τοῦτο
2381 5284 2488 5356 γὰρ
2514 5282 2582 5357 ἦν
2603 5287 2664 5339 τὸ
2689 5288 2813 5350 τοὺς
2848 5287 3080 5352 οἰκείους
3112 5286 3415 5357 ψεύσασθαι
3463 5287 3651 5357 λόγως
3680 5293 3725 5349 )’

2148 5379 2197 5430 εί
2218 5377 2273 5431 δὲ
2298 5377 2393 5431 καὶ¹
2428 5378 2485 5432 ὲν
2529 5378 2880 5450 Ἰερουσαλήμ
2909 5379 3422 5451 ἀποκεκλεισμένοις
3451 5381 3512 5435 ὲν
3539 5380 3730 5449 δωμα-

531 5579 573 5609 ³¹
602 5577 910 5663 Joan.‘_xi_x,
936 5583 1025 5639 95.
1104 5584 1224 5663 “ff
1256 5584 1450 5646 Matth.
1484 5603 1591 5656 tm,
1626 5585 1726 5656 l9;
1758 5584 1893 5645 Luc.
1929 5603 1990 5656 ll,

2192 5586 2238 5620 “
2267 5586 2436 5645 Marc.
2458 5603 2545 5663 vn,
2568 5588 2621 5644 5.
2698 5588 2744 5621 ⁸⁸
2774 5560 3167 5653 Μαιιιιζιινιι,
3198 5586 3254 5641 7.
3332 5586 3379 5619 ³⁸
3402 5585 3535 5643 Luc.
3561 5598 3734 5652 xxxv,

460 5645 529 5701 36
563 5663 683 5716 sqq.
764 5652 807 5684 ³⁷
834 5653 995 5709 Joau.
1030 5671 1122 5715 xx.
1150 5654 1214 5709 2|
1250 5671 1372 5726 sqq.
