3930 6210
167 337 268 391 6&9

1065 327 1131 383 IN
1171 325 1450 384 CHRISTI
1483 322 2121 383 RESURRECTIONEM
2159 318 2372 382 ΟῐὶᾹΤ.
2409 323 2477 380 ll.

3327 322 3431 379 655)

168 450 265 520 τξῳ
294 446 384 500 διὰ
419 443 508 500 τὸν
542 437 705 514 φόϐον
739 442 847 497 τῶν
887 441 1150 496 Ἰουδαίων
1192 440 1437 510 ἐπεφάνη
1467 438 1743 510 δεομένοις
1771 492 1772 496 η

1873 444 2068 508 iropter
2099 447 2300 493 metum
2339 437 2653 492 Judxorum
2697 434 2977 491 conclusis
3029 436 3084 490 in
3145 433 3431 493 domicilio

169 541 263 610 τῆς
290 537 459 592 αὑτοῦ
497 536 829 608 παρουσίας,
871 535 966 589 καὶ
994 534 1092 606 τὴν
1130 532 1464 602 ἐπαγγελίαν
1503 531 1751 603 ἐπλήρω-

169 647 259 682 σεν
286 633 348 684 έν
377 632 446 700 τῇ
469 627 731 699 Γαλιλαίᾳ
753 625 963 696 φανεὶς,
989 626 1248 694 ἐκφυγεῖν
1277 622 1392 677 ἔστι
1418 623 1599 676 πᾶσαν
1627 637 1752 676 κατα

168 722 421 793 ηγορίαν,
456 719 743 790 ἀμφότερα
778 717 1037 786 γινόμενα
1068 713 1466 786 φιλανθρώπως
1502 713 1620 783 ἅμα
1658 712 1753 765 καὶ

163 813 408 884 ἀληθῶς.
461 813 616 882 Ἐμοὶ
657 811 715 865 δὲ
747 811 900 864 δοκεῖ
925 809 1126 880 πολλὴν
1159 807 1394 879 ἔμφασιν
1421 805 1562 878 ἔχειν
1591 805 1650 858 τὸ
1679 804 1754 857 εί-

163 904 409 978 ρημένον
440 902 594 976 παρὰ
626 902 710 974 τῷ
751 901 1020 972 Ματθαίῳ
1043 901 1170 971 περὶ
1203 898 1314 952 τῶν
1354 896 1634 969 μαθητῶν,
1669 895 1752 959 τὸ,

165 998 307 1050 Ἵνα
328 994 677 1049 ἀπέλθωσιν
688 994 775 1059 εὶς
792 992 908 1061 τὴν
921 990 1279 1056 Γαλιλαίαν,
1298 989 1473 1044 κάκεῖ
1483 1005 1559 1058 με
1579 988 1756 1056 ὄψον-

166 1104 287 1141 ται.
340 1083 562 1139 Πολλῶν
602 1087 712 1156 γὰρ
760 1085 944 1146 αὐτοῖς
975 1081 1192 1136 ἔσεσθαι
1234 1080 1585 1151 ἐπιφανειῶν,
1620 1077 1758 1149 πρὸς

165 1180 308 1250 μίαν
339 1179 414 1244 ὡς
461 1178 739 1249 ἐξαίρετον
789 1176 941 1248 παρὰ
984 1176 1084 1239 τὰς
1126 1173 1292 1240 ἄλλας
1338 1173 1637 1228 ἀποϐλέπει
1690 1169 1758 1224 τὰ

166 1271 274 1340 τῆς
296 1269 648 1338 ἐπαγγελίας,
671 1268 876 1340 καθ’ἥν
905 1267 1127 1338 ἔμελλεν
1155 1266 1338 1329 αὐτοῖς
1366 1265 1458 1318 ἐπὶ
1479 1263 1572 1318 τοῦ
1599 1263 1758 1334 ὅρους

169 1360 538 1432 φανήσεσθαι.
558 1359 694 1412 Τότε
712 1357 818 1428 γὰρ
841 1355 1298 1428 προσεληλυθόσιν
1314 1352 1462 1424 αὑτῷ
1477 1353 1572 1406 καὶ
1592 1367 1760 1422 προσ-

174 1450 551 1522 κεκυνηκόσι,
595 1448 758 1502 τινῶν
801 1446 1287 1519 ἀμφιϐαλλόντων,
1335 1445 1452 1515 μετ’
1510 1443 1758 1508 ἐξουσίας

168 1543 281 1611 ἔφη
315 1539 676 1611 θεοπρεποῦς,
717 1538 927 1606 Ἐδόθη
953 1556 1054 1609 μοι
1081 1536 1251 1594 πᾶσα
1268 1535 1522 1602 ἐξουσία
1547 1535 1617 1588 ὲν
1658 1536 1759 1589 οὐ·

167 1632 338 1699 ρανῷ
368 1633 467 1685 καὶ
498 1632 599 1686 ἐπὶ
637 1629 770 1701 γῆς.
809 1633 877 1684 Ἀ
905 1631 1014 1702 γὰρ
1046 1625 1158 1701 εἶχε
1193 1627 1440 1699 φυσικῶς
1472 1627 1548 1691 ὡς
1581 1625 1712 1694 Θεὸς
1741 1666 1756 1691 ν

173 1721 359 1776 ταῦτα
400 1721 617 1791 λέγεται
663 1721 965 1793 λαμϐάνειν
1008 1722 1083 1786 ὡς
1126 1720 1420 1791 γενόμενος
1473 1718 1760 1791 ἅνθρωπος

1853 530 2203 600 adventuque
2233 539 2287 585 et
2316 528 2608 600 praesentia
2645 543 2745 583 sua
2778 543 2917 599 Opus
2964 527 3294 583 habentibus
3339 543 3438 598 ap-

1851 621 2056 692 paruit,
2089 628 2143 676 et
2173 621 2503 691 promissum
2537 619 2789 690 pratstitit
2849 619 2906 673 in
2946 617 3165 675 Galilaea
3216 635 3434 691 quoque

1853 711 2028 777 visus,
2065 726 2190 767 cum
2221 719 2455 780 utraque
2485 710 2716 780 benigne
2759 709 2918 778 juxta
2961 724 3026 764 ac
3063 725 3186 766 vere
3218 710 3436 766 accide-

1853 803 1986 868 rint,
2016 801 2252 873 eﬁ‘ugere
2280 803 2407 857 licet
2439 815 2654 856 omnem
2688 801 3148 857 criminationem.
3174 800 3302 856 Mihi
3337 817 3436 856 au-

1854 903 1964 951 tem
1997 909 2246 966 magnam
2282 909 2346 950 ac
2395 894 2648 950 latentem
2685 894 2903 949 videtur
2951 894 3005 948 in
3045 909 3105 950 se
3157 894 3437 950 continere

1859 984 2340 1054 signiﬁcationem,
2368 983 2512 1054 quod
2553 983 2699 1053 apud
2741 983 3051 1038 Matthaaum
3094 983 3300 1039 dictum
3352 994 3438 1039 est

1857 1076 1924 1132 de
1954 1077 2264 1144 discipulis,
2302 1091 2517 1146 nempe,
2546 1075 2613 1128 Ut
2641 1075 2831 1129 abeant
2864 1076 2918 1129 in
2951 1074 3252 1142 Galilaeam,
3285 1086 3440 1146 atque

1856 1169 1929 1224 ibi
1965 1185 2043 1223 me
2090 1168 2334 1224 videbunt
2349 1168 2414 1222 ³⁸.
2453 1169 2588 1223 Cum
2617 1168 2760 1222 enim
2789 1168 3030 1223 futurum
3060 1177 3225 1233 esset,
3257 1175 3316 1222 ut
3339 1180 3442 1223 sa:-

1857 1263 1982 1332 pius
2015 1263 2097 1318 eis
2132 1269 2440 1332 appareret,
2469 1261 2535 1316 ad
2585 1275 2746 1314 unam
2785 1267 3046 1330 tanquam
3106 1264 3437 1330 praecipuam

1857 1364 1912 1408 et
1944 1361 2144 1424 prater
2173 1363 2401 1407 cazteras
2446 1351 2700 1406 eximiam
2745 1351 3142 1422 apparitionem
3193 1359 3443 1421 spectant

1856 1443 2022 1498 verba
2073 1443 2474 1514 promissionis,
2504 1443 2660 1512 juxta
2705 1458 2871 1514 quam
2921 1441 3274 1512 appariturus
3323 1452 3444 1497 erat

1855 1536 1936 1592 eis
1973 1536 2025 1589 in
2059 1543 2261 1591 monte.
2293 1534 2426 1589 Nam
2469 1543 2600 1589 tunc
2630 1550 2754 1589 cum
2809 1535 3175 1591 accessissent
3223 1542 3278 1590 et
3308 1535 3443 1590 ado-

1859 1636 2078 1683 rassent
2110 1643 2272 1694 eum,
2313 1627 2643 1698 quibusdam
2689 1627 3114 1698 ambigentibus,
3167 1642 3293 1682 cum
3346 1641 3446 1680 au-

1859 1720 2116 1774 ctoritate
2164 1719 2324 1788 plena
2371 1717 2676 1788 majestatis
2723 1718 2922 1773 divina:
2954 1718 3094 1773 dixit
3133 1739 3146 1775 :
3187 1717 3331 1772 Data
3366 1726 3446 1773 est

169 1813 558 1882 οἰκονομικῶς.
593 1811 686 1864 Διὸ
720 1813 813 1865 καὶ
843 1811 992 1880 ἔλεγε
1008 1827 1021 1841 ·
1045 1811 1316 1876 Δόξασόν
1329 1826 1406 1878 με
1428 1808 1532 1868 σὺ,
1555 1806 1766 1875 Πάτερ,

1873 1811 1998 1866 milii
2025 1819 2258 1877 potestas
2288 1813 2458 1865 omnis
2482 1811 2537 1864 in
2569 1817 2697 1864 caelo
2724 1819 2770 1864 et
2791 1809 2845 1863 in
2877 1819 3020 1865 terra
3037 1810 3102 1865 ⁸⁸.
3160 1807 3295 1865 Nam
3327 1827 3447 1880 qua:

172 1903 348 1973 παρὰ
373 1903 601 1969 σεαυτῷ
635 1903 710 1973 τῇ
755 1903 933 1972 δόξῃ,
975 1897 1015 1976 ᾖ
1044 1899 1213 1974 εἶχον
1248 1903 1363 1971 πρὸ
1399 1901 1503 1956 τοῦ
1531 1900 1636 1955 τὸν
1667 1901 1768 1954 κό-

171 2015 350 2067 σμον
375 1993 522 2052 εἶναι
555 1996 716 2064 παρὰ
743 1998 867 2051 σοί.
908 1997 971 2050 Ei
1001 1995 1110 2067 γὰρ
1143 1994 1218 2066 μὴ
1249 1990 1394 2064 εἶχεν
1426 1992 1596 2058 αὐτὴν
1632 1990 1768 2044 ἰδίαν

177 2088 266 2151 ὡς
297 2085 465 2152 Θεὸς,
506 2086 614 2140 τῶν
648 2085 927 2140 ἀδυνάτων
953 2082 1021 2158 ἦν
1053 2084 1216 2139 αὑτὸν
1245 2082 1471 2154 ταύτην,
1513 2081 1589 2146 ὡς
1617 2080 1770 2135 ἁλλο-

175 2178 342 2249 τρίαν
361 2177 570 2243 λαϐεῖν,
601 2176 697 2230 τοῦ
726 2175 862 2230 Θεοῦ
892 2177 986 2231 καὶ
1016 2175 1227 2247 [ἰατρὸς
1251 2173 1339 2228 διὰ
1367 2172 1461 2226 τοῦ
1482 2173 1770 2245 Προφήτου

175 2269 459 2337 λέγοντος,
491 2267 612 2337 Τὴν
635 2267 826 2333 δόξαν
855 2286 972 2339 μου
1000 2268 1180 2336 ἑτέρῳ
1213 2268 1286 2322 οὐ
1309 2264 1501 2320 δώσω.
1527 2265 1638 2318 Καὶ
1660 2265 1774 2317 ἐπι-

174 2362 340 2432 φέρει
363 2360 552 2414 λοιπὸν
575 2358 644 2413 τὰ
667 2361 912 2431 ῥήματα,
933 2360 999 2414 δι’
1029 2355 1104 2415 ὦν
1136 2357 1359 2430 ἔμελλον
1388 2357 1488 2428 τὴν
1514 2355 1772 2424 οἰκουμέ⁹

179 2470 283 2523 νην
323 2451 456 2523 ὃλην
487 2451 834 2524 σαγηνεύειν,
867 2453 961 2507 καὶ
993 2453 1052 2506 ἐν
1097 2445 1180 2514 οἷς
1211 2452 1357 2504 ἐστιν
1401 2447 1547 2503 άπαν
1586 2445 1648 2500 τὸ
1677 2447 1774 2518 τῆς

175 2543 471 2607 εὐσεϐείας
510 2544 826 2617 μυστήριον.
865 2540 1262 2611 Πορευθέντες
1314 2538 1446 2611 γὰρ,
1479 2535 1635 2609 φησὶ,
1660 2551 1775 2606 μα-

180 2637 523 2706 θητεύσατε
541 2634 742 2691 πάντα
768 2634 841 2690 τὰ
859 2634 1026 2704 ἔθνη,
1040 2631 1434 2700 βαπτίζοντες
1452 2628 1674 2696 αὐτοὺς
1691 2628 1779 2694 εις

183 2728 250 2781 τὸ
273 2726 470 2796 ὄνομα
489 2725 601 2782 τοῦ
627 2726 878 2796 Πατρός,
905 2725 1004 2780 καὶ
1035 2725 1141 2780 τοῦ
1169 2723 1329 2788 Υίοῦ,
1350 2722 1450 2779 καὶ
1473 2721 1580 2778 τοῦ
1602 2721 1778 2793 ἁγίου

183 2818 569 2888 Πνεύματος,
609 2816 1000 2884 διδάσκοντες
1057 2814 1282 2883 αὐτοὺς
1329 2812 1531 2884 τηρεῖν
1581 2811 1779 2866 πάντα

185 2912 305 2967 ὅσα
341 2908 743 2979 ἐνετειλάμην
773 2909 932 2979 ὑμῖν.
983 2907 1096 2963 Καὶ
1127 2906 1453 2981 προστίθησι
1481 2903 1670 2959 λοιπὸν
1707 2901 1778 2955 τὰ

189 3005 248 3058 τὸ
271 3003 440 3068 τέλος
473 3000 585 3055 τῶν
629 3001 893 3072 ῥημάτων
923 2999 1129 3056 τούτων
1171 3001 1266 3055 καὶ
1291 3000 1391 3072 τὴν
1421 2997 1647 3052 ἔκϐασιν
1681 2997 1777 3064 ἐγ-

188 3096 480 3168 γυώμεναο
511 3091 619 3148 Καί
647 3092 778 3148 ιδοὺ
811 3092 925 3165 ἐγὼ
947 3096 1076 3164 μεθ’
1106 3092 1274 3164 ὑμῶν
1298 3093 1414 3162 ειμι
1438 3091 1642 3155 πάσας
1672 3089 1782 3155 τὰς

1873 1905 2202 1960 naturaliter
2256 1903 2494 1959 habebat
2546 1910 2807 1972 tanquam
2852 1899 3031 1968 Deus,
3091 1901 3208 1958 haec
3250 1902 3451 1958 dicitur

1869 1996 2123 2066 accipere
2182 2000 2444 2065 tanquam
2518 1994 2683 2049 homo
2747 1999 2900 2048 certo
2961 1993 3194 2050 consilio
3249 1992 3446 2050 factus.

1871 2086 2234 2154 Quamobrem
2285 2087 2450 2142 etiam
2488 2084 2748 2141 dicebat:
2797 2084 3056 2156 ϐίοι-ἔρια
3105 2102 3206 2154 me,
3263 2085 3449 2151 Pater,

1874 2178 2016 2250 apud
2052 2179 2382 2248 temetipsum
2415 2177 2611 2248 gloria,
2650 2194 2810 2247 quam
2857 2175 3113 2232 habebam
3168 2168 3460 2248 antequam.

1874 2271 2102 2327 mundus
2132 2280 2267 2326 esset
2295 2268 2438 2340 apud
2465 2279 2513 2325 te
2544 2270 2610 2323 ⁸ο.
2642 2267 2761 2326 Nisi
2798 2268 2944 2326 enim
2997 2268 3142 2325 hanc
3173 2273 3454 2341 propriam

1875 2361 2120 2426 haberet,
2155 2369 2214 2416 ut
2257 2359 2426 2424 Deus,
2463 2360 2578 2416 ﬁeri
2614 2374 2725 2416 non
2777 2369 2987 2431 posset,
3042 2367 3104 2415 ut
3152 2374 3273 2416 eam
3325 2368 3453 2416 tan-

1876 2470 2041 2527 quam
2073 2455 2307 2510 alienam
2341 2454 2635 2525 acciperet,
2667 2452 2779 2509 Deo
2803 2461 2858 2510 et
2884 2451 3050 2510 Patre
3088 2468 3186 2524 per
3218 2454 3458 2525 pmphe—

1878 2555 1987 2602 tam
2022 2543 2267 2600 dicente:
2299 2543 2540 2599 Gloriam
2569 2558 2738 2596 meam
2765 2541 2922 2597 alteri
2966 2558 3070 2597 non
3098 2542 3237 2597 dabo
3261 2541 3330 2598 δι.
3375 2543 3457 2599 Ac

1882 2635 2080 2694 deinde
2109 2635 2360 2707 adjungit
2390 2633 2578 2701 verba,
2609 2633 2808 2705 quibus
2834 2640 3010 2690 totum
3058 2633 3246 2691 orbem
3277 2643 3458 2690 terra-

1877 2741 2000 2784 rum
2023 2726 2330 2782 babitatum
2351 2725 2566 2796 capturi
2595 2731 2650 2780 et
2666 2724 2824 2796 quasi
2841 2724 3106 2781 irretituri
3121 2733 3302 2794 erant,
3315 2734 3371 2782 et
3402 2725 3459 2782 in

1878 2821 2079 2895 quibus
2105 2820 2357 2878 consistit
2376 2820 2694 2876 universum
2709 2819 3031 2892 mysterium
3049 2820 3288 2892 pietatis.
3317 2820 3463 2876 Eun-

1881 2925 1958 2971 tes
1981 2913 2150 2980 enim,
2180 2912 2381 2985 inquit,
2405 2911 2585 2967 docete
2598 2927 2778 2967 omnes
2801 2921 3002 2983 gentes,
3024 2912 3350 2982 baptizantes
3372 2929 3461 2970 eos

1879 3007 1935 3061 in
1957 3007 2164 3061 nomine
2181 3003 2384 3071 Patris,
2399 3015 2448 3059 et
2480 3002 2638 3070 Filii,
2659 3013 2710 3060 et
2732 3001 2966 3075 Spiritus
2997 3006 3190 3071 sancti,
3219 3005 3462 3061 docentes

1882 3113 1970 3153 eos
2006 3112 2216 3153 servare
2257 3095 2457 3160 omnia,
2501 3111 2618 3166 qua:
2644 3096 2869 3164 prterepi
2915 3097 3150 3152 vobis".
3186 3097 3265 3153 Ac
3308 3096 3465 3152 dein-

192 3191 446 3261 ὴμέρας,
484 3186 596 3253 ἓως
633 3185 746 3255 τῆς
778 3186 1137 3254 συντελείας
1170 3184 1275 3240 τοῦ
1305 3182 1547 3250 αἰῶνος.
1580 3180 1772 3252 Ἀμήν.

1889 3204 2020 3259 ceps
2056 3188 2245 3258 adjicit
2277 3201 2341 3242 ea
2390 3187 2593 3256 quibus
2626 3185 2790 3242 tinem
2829 3187 3027 3243 borum
3067 3189 3359 3245 verborum
3410 3197 3467 3245 et

192 3287 294 3338 Διὰ
328 3281 514 3337 ταῦτα
583 3279 768 3348 ἔλεγεν
792 3295 806 3309 ο
862 3278 1288 3348 Ἀπαγγείλατε
1328 3274 1453 3342 τοῖς
1499 3271 1786 3343 ἀᾶιλφοῖς

193 3392 335 3443 μου,
376 3374 484 3426 ἵνα
509 3369 856 3426 ἀπέλθωσιν
876 3369 964 3434 εις
990 3366 1104 3435 τὴν
1132 3363 1493 3426 Γαλιλαίαν,
1517 3360 1691 3417 κάκεῖ
1711 3377 1788 3430 με

193 3466 482 3534 ὄψονται.
524 3462 670 3535 Πρὸς
700 3459 904 3530 ταύτην
933 3458 1031 3530 τὴν
1067 3456 1211 3527 ὄψιν,
1239 3457 1314 3519 ὼς
1354 3453 1490 3508 ίδίαν
1527 3451 1650 3506 τινὰ
1695 3451 1790 3505 καὶ

191 3557 502 3629 ἐξαίρετον,
534 3555 610 3614 ὼς
635 3553 791 3624 ἔφην,
821 3548 1260 3620 ἀποτεινόμενος,
1289 3546 1358 3617 ἣν
1383 3545 1568 3608 αὐτοῖς
1591 3542 1790 3614 μᾶλλον

190 3650 299 3702 καὶ
326 3649 392 3702 δι’
423 3647 628 3718 ἐτέρων
663 3643 927 3715 ῥημάτων
957 3641 1319 3713 προεμήνυεν,
1358 3637 1396 3691 ὃ.
1419 3633 1532 3699 τοῖς
1563 3636 1793 3703 εὐαγγε-

190 3741 376 3804 λικοίς
405 3740 728 3809 γράμμασιν
768 3737 870 3790 οὐκ
899 3733 1222 3805 ἐμφέρεται.
1275 3729 1338 3783 Εἰ
1367 3728 1478 3801 γὰρ
1514 3727 1588 3799 μὴ
1633 3726 1793 3780 τοῦτο

191 3826 297 3902 ἦν,
328 3831 433 3882 οὐκ
460 3829 525 3883 ἂν
548 3823 697 3880 εἶπεν
725 3828 754 3880 δ
784 3823 1065 3886 Ματθαῖος
1084 3838 1097 3850 ·
1125 3823 1189 3874 Ol
1207 3819 1276 3873 δὲ
1299 3818 1513 3873 ἕνδεκα
1535 3814 1795 3887 μαθηταὶ

187 3922 638 3990 ἐπορεύθησαν
673 3921 762 3985 εὶς
800 3917 918 3986 τὴν
947 3914 1286 3970 Γαλιλαίαν
1311 3915 1400 3978 εις
1433 3909 1496 3965 τὸ
1530 3910 1690 3979 ὄρος,
1712 3903 1784 3964 οὗ

185 4013 478 4078 ἐτάξατο
496 4009 691 4076 αὐτοῖς
715 4011 749 4064 ό
778 4006 1036 4074 Ἰησοῦς·
1062 4003 1301 4076 οὐδαμοῦ
1323 4002 1434 4056 τῶν
1449 3999 1796 4070 Εὐαγγελίων

189 4107 306 4162 ἰπὶ
332 4102 434 4158 τοῦ
457 4102 617 4173 ὅρους
640 4098 1016 4171 ὑποσχομένου
1048 4094 1142 4150 τοῦ
1174 4094 1380 4166 Κυρίου
1405 4092 1675 4147 ποιεῖσθαι
1697 4091 1797 4160 τὴν

1887 3289 2143 3336 eventum
2179 3278 2432 3350 spondet.
2478 3279 2545 3332 Et
2569 3295 2684 3333 ecce
2725 3295 2819 3349 ego
2850 3279 3120 3334 vobiscum
3147 3297 3266 3334 sunt
3295 3281 3470 3335 omni-

1891 3370 1988 3425 bus
2019 3369 2204 3424 diebus
2228 3384 2392 3439 usque
2412 3367 2481 3423 ad
2512 3369 3020 3424 consummationem
3039 3370 3243 3425 sa’culi.
3266 3370 3458 3424 Amen.

1890 3460 2186 3531 PrOpterea
2238 3459 2457 3516 dicebat
2506 3480 2520 3516 :
2577 3458 2895 3516 Renuntiate
2935 3460 3194 3530 fratribus
3243 3463 3371 3516 meis
3410 3474 3468 3518 ut

1892 3555 2082 3608 obeant
2111 3553 2165 3606 in
2215 3550 2522 3616 Galilaeam,
2570 3563 2726 3622 atque
2769 3551 2842 3608 ibi
2897 3569 2978 3607 me
3013 3553 3257 3608 videbunt
3278 3554 3344 3609 ”.
3387 3555 3472 3611 Ad

1895 3645 2039 3698 hanc
2096 3642 2522 3713 apparitionem,
2557 3648 2819 3712 tanquam
2853 3643 3135 3714 propriam
3175 3646 3470 3716 quamdam

1895 3717 2069 3807 atque
2089 3733 2441 3805 prmcipuam,
2478 3743 2538 3788 ut
2568 3734 2704 3800 dixi,
2737 3735 3072 3805 respiciens:
3101 3751 3266 3806 quam
3300 3739 3474 3808 magis

1894 3828 2058 3884 etiam
2092 3827 2174 3882 eis
2205 3840 2303 3898 per
2337 3825 2443 3879 alia
2476 3824 2642 3881 verba
2681 3824 3044 3896 praedixerat,
3076 3843 3198 3899 qua:
3232 3829 3289 3884 in
3318 3845 3458 3886 evan

1895 3921 2088 3992 gelicis
2117 3921 2343 3991 scriptis
2379 3934 2491 3975 non
2525 3920 2897 3976 continentur.
2934 3917 3051 3978 Nisi
3084 3925 3229 3979 enim
3265 3924 3369 3980 hoc
3403 3927 3477 3980 ita

1897 4017 2066 4074 esset,
2093 4024 2203 4064 non
2237 4009 2470 4066 dixisset
2505 4007 2794 4066 Matthaeus
2820 4029 2834 4064 :
2865 4008 3118 4066 Undeeim
3146 4021 3321 4068 autem
3351 4030 3479 4082 apo-

1898 4103 2024 4156 stoli
2058 4101 2302 4157 abierunt
2327 4103 2384 4156 in
2415 4101 2722 4168 Galilwam,
2762 4104 2820 4156 in
2864 4113 3093 4158 montem
3129 4107 3218 4158 ubi
3278 4108 3480 4161 consti-

189 4194 563 4264 ιπιφάνειαν.
611 4191 768 4246 Ἐπεὶ
796 4189 903 4261 πρὸ
946 4187 1154 4256 ταύτης
1187 4184 1288 4256 τῆς
1319 4184 1467 4248 Θέας
1488 4182 1590 4253 τῆς
1629 4182 1686 4234 ἐν
1720 4180 1772 4250 τί

1901 4201 2075 4246 tuerat
2128 4191 2203 4244 eis
2240 4187 2398 4244 Jesus
2419 4188 2505 4244 διε
2561 4205 2687 4245 cum
2733 4205 3006 4260 nusquam
3057 4193 3113 4246 in
3171 4192 3480 4265 Evangeliis

184 4290 328 4359 ὄρει
351 4329 367 4351 ,
408 4285 504 4340 καὶ
549 4283 644 4338 ἐπὶ
668 4281 771 4354 τῆς
809 4280 1079 4352 θαλάττης
1106 4279 1290 4342 αὐτοῖς
1320 4277 1424 4348 τῆς
1458 4274 1772 4348 Τιϐεριάδος

1900 4282 2182 4353 pollicitus
2218 4281 2292 4336 sit
2327 4279 2591 4336 Dominus
2641 4280 2696 4336 in
2743 4292 2926 4337 monte
2954 4297 3013 4340 se
3039 4280 3313 4340 facturum
3359 4301 3484 4345 esse

183 4379 337 4448 ἥτις
374 4374 494 4429 ἐστὶ
537 4374 640 4444 τῆς
684 4370 998 4435 Γαλιλαίας,
1031 4370 1205 4440 ἐφάνη
1237 4367 1329 4421 τὸν
1375 4365 1607 4439 ἀριθμὸν
1650 4359 1772 4420 οὖσι

1901 4374 2322 4446 apparitionem.
2355 4371 2490 4427 Nam
2517 4383 2645 4428 ante
2675 4372 2820 4428 hanc
2843 4375 3244 4446 apparitionem
3273 4394 3397 4450 qua:
3426 4379 3483 4437 in

176 4467 360 4526 ἑτι-τά
383 4484 398 4496 ο
441 4466 639 4536 Πέτρῳ
685 4463 783 4518 καὶ⁸
831 4463 1038 4534 Θωμᾷ,
1075 4461 1171 4516 καὶ
1207 4458 1533 4531 Ναθαναὴλ,
1569 4457 1664 4512 καὶ
1688 4457 1772 4510 τοϊ

1873 4475 2090 4540 _monte
2123 4465 2350 4529 accidit,
2381 4464 2546 4520 etiam
2581 4465 2648 4520 ad
2699 4481 2852 4522 mare
2891 4482 3115 4540 quoque
3151 4467 3486 4540 Tiberiadis,

404 4515 755 4622 Ζεϐεδαίου,
779 4515 1082 4618 nabilia};
1129 4515 1224 4608 δύο
1255 4552 1363 4607 τῶν
1396 4515 1675 4624 μαθητῶν,
1724 4549 1770 4603 ὠ

1873 4523 1882 4569 ’
1904 4515 2488 4630 3;.35'.;."¢;t1m'7:
2497 4515 2964 4627 ’ξρρξιηὶὶῖίῖιίέξ
2975 4515 3115 4631 ἐἶιῖἷ
3146 4515 3490 4635 ξεῖιέἰὲἶῖξιῖἶ

185 4652 489 4722 Ἰωάννης
511 4647 870 4720 συνέγραψεν.
904 4647 1064 4701 Ἀλλὰ
1091 4647 1226 4718 πρὸς
1251 4647 1312 4700 τὸ
1325 4645 1451 4716 δρος
1471 4643 1772 4698 ἀπέϐλεπεν

1906 4666 2064 4708 mero
2091 4665 2202 4706 una
2249 4657 2454 4716 erant,
2493 4647 2660 4707 Petro
2702 4651 2988 4718 nimirum,
3020 4653 3264 4721 Thomaz,
3288 4657 3494 4715 Natba-

166 4741 295 4803 οὗ
313 4743 578 4807 ἐτάξατο
601 4741 807 4805 αὐτοῖς
825 4743 858 4816 (ξ
873 4740 1122 4809 Ἰησοῦς,
1145 4739 1227 4806 τὸ,
1245 4737 1428 4794 Κάκεῖ
1433 4755 1510 4808 με
1532 4737 1772 4806 ὄψονται

1909 4741 2078 4807 naeli,
2113 4749 2168 4797 et
2199 4740 2328 4796 ﬁliis
2355 4738 2627 4807 Zebedaei,
2662 4743 2896 4814 aliisque
2939 4746 3158 4802 duobus
3203 4763 3269 4803 ex
3319 4749 3493 4806 disci«

161 4833 429 4909 δηλαδὴ
463 4833 789 4906 θεοπρεπῶς
827 4831 1231 4902 ἐντελλόμενος,
1270 4829 1666 4898 Πορευθέντες
1697 4841 1772 4897 μα

1911 4833 2094 4904 pulis,
2144 4841 2204 4887 ut
2262 4829 2507 4888 Joannes
2545 4833 2814 4904 scriptum
2871 4835 3114 4906 reliquit.
3167 4835 3370 4896 Verum
3423 4843 3494 4898 ad

167 4928 557 4999 θητεύσατε
574 4926 771 4980 πάντα
790 4924 861 4978 τὰ
884 4925 1050 4992 ἔθνη,
1072 4921 1464 4988 ,βαπτίζοντες
1481 4919 1702 4984 αὐτοὺς
1722 4920 1772 4973 εί

1914 4933 2182 4990 montem,
2206 4924 2295 4977 ubi
2318 4927 2667 4980 constituerat
2692 4927 2768 4980 eis
2794 4925 2975 4992 Iesus,
3001 4930 3333 4999 respiciebat
3361 4935 3494 4997 illud

169 5026 260 5080 τὸ
299 5020 512 5086 ὄνομα
540 5018 646 5071 τοῦ
681 5016 912 5086 Πατρός
937 5015 1037 5070 καὶ
1067 5014 1173 5069 τοῦ
1209 5011 1347 5068 Υἱοῦ
1377 5012 1476 5066 καὶ
1507 5011 1612 5067 τοῦ
1638 5011 1772 5080 tirio

1913 5017 2165 5079 verbum,
2198 5013 2283 5069 Ibi
2308 5032 2389 5071 me
2417 5016 2685 5086 videbunt,
2726 5018 2926 5075 divinae
2975 5021 3282 5092 majestatis
3336 5029 3497 5098 plena

175 5112 595 5180 Πνεύματος.
623 5110 733 5163 Καὶ
771 5109 880 5180 γὰρ
910 5108 1030 5162 οὐδὲ
1067 5106 1176 5162 ἀπὸ
1215 5104 1418 5161 σκοποῦ
1465 5121 1555 5175 μοι
1580 5104 1728 5158 δοκεῖ
1754 5122 1772 5157 1

1912 5109 2169 5165 videlicet
2195 5108 2446 5164 oratione
2480 5111 2748 5168 mandans
2778 5123 2834 5167 et
2878 5114 3224 5185 prmeipiens.
3267 5117 3494 5186 Euntes,

175 5209 254 5260 ιν
292 5201 386 5272 τῷ
421 5200 544 5270 δρει
575 5200 674 5270 τῆς
707 5199 995 5263 Γαλιλαίας
1025 5199 1120 5252 καὶ
1148 5197 1223 5269 μὴ
1253 5194 1480 5267 ἐτέρωθὶ
1507 5212 1610 5249 που
1642 5194 1772 5250 ταῦτ

1915 5198 2096 5254 docete
2121 5214 2298 5252 omnes
2319 5209 2519 5268 gentes,
2535 5199 2866 5270 baptizantes
2882 5221 2969 5258 eos
2990 5205 3043 5258 in
3061 5208 3272 5262 nomine
3290 5207 3497 5272 Patris,

173 5291 486 5364 εἰρῆσθαι
520 5288 589 5342 τὰ
610 5292 850 5361 ῥήματα.
874 5288 1135 5344 Γαλιλαία
1159 5289 1290 5361 γάρ,
1318 5289 1355 5356 ἡ
1384 5290 1767 5342 Κατακυλιστ

1915 5297 1964 5342 et
1997 5285 2152 5355 Filii,
2181 5297 2231 5341 et
2264 5287 2496 5355 Spiritus
2525 5293 2718 5345 sancti.
2773 5292 2987 5349 Etenim
3024 5311 3125 5352 nec
3158 5298 3258 5354 abs
3292 5315 3350 5354 re
3379 5301 3502 5370 qui-

179 5387 274 5450 τῇ
329 5378 560 5435 Ἐλλάδι
605 5379 818 5452 γλώττῃ
863 5378 1250 5452 ἑρμηνεύεται.
1297 5377 1390 5431 Διὸ
1418 5379 1514 5431 καὶ
1547 5376 1745 5446 Γελγὲλ

1923 5379 2046 5435 dem
2081 5380 2237 5446 mihi,
2270 5395 2374 5436 nec
2419 5390 2574 5438 extra
2601 5387 2940 5455 propositum
2985 5390 3225 5457 videtur,
3267 5393 3413 5463 quod
3447 5395 3502 5448 in

179 5491 216 5528 τ
229 5471 413 5544 9610.;
457 5468 813 5539 ὀνομάζεται.
851 5470 1118 5542 Καθάπερ
1167 5465 1260 5524 οὖν
1309 5469 1370 5535 ἐξ
1410 5468 1572 5540 ὅρους
1606 5468 1772 5540 ὑψηλο

1927 5482 2112 5527 monte
2143 5472 2400 5541 Galilrere,
2430 5486 2481 5531 et
2515 5492 2621 5533 non
2669 5479 2854 5551 aliquo
2884 5483 2993 5538 alio
3038 5483 3160 5540 loco
3191 5486 3306 5540 haec
3343 5486 3504 5540 verba

295 5673 345 5703 ³⁸
371 5672 570 5726 Iatth.
611 5673 872 5739 xxvm,7.
950 5673 992 5705 ”
1031 5673 1160 5727 ibid.
1186 5674 1269 5727 18.
1353 5673 1396 5704 ⁸ο
1427 5671 1584 5730 Joan.
1619 5688 1747 5739 xvii,

165 5751 236 5783 ⁸³
291 5744 435 5798 sbid.
483 5743 572 5798 l6.

1911 5673 1952 5706 "
1988 5675 2091 5730 lsa.
2127 5692 2262 5744 nn,
2292 5692 2343 5734 δ.
2407 5681 2450 5711 ’⁸
2487 5677 2680 5734 Matth.
2711 5698 2903 5748 xxx-v.1,
2943 5684 3022 5751 l9,
3047 5685 3137 5740 20.
3219 5687 3266 5719 ⁸⁸
3295 5687 3429 5743 ibid.
3458 5687 3505 5740 7.

291 5761 435 5799 smn.
483 5761 572 5798 ιο.

566 5835 840 5897 Parnm"
875 5836 984 5896 Gn.
1035 5837 1236 5897 XLVI.
3122 5849 3199 5911 21
