3930 6210
307 374 416 430 655

1217 372 1286 427 IN
1326 373 1602 430 CHRISTI
1642 370 2273 428 RESURRECTIONEM
2313 372 2521 429 ORAT.
2566 373 2654 430 Ill.

3451 379 3556 435 65-1

308 484 702 557 προκειμέναις
722 484 1017 558 εὐφημίαις
1045 489 1172 560 παρ’
1195 489 1434 560 ἐμαυτοῦ
1459 492 1729 547 συντελεῖν
1753 491 1888 563 πρὸς

2014 487 2079 544 lie
2112 489 2363 546 accidere
2389 491 2625 546 videtur.
2669 491 2802 546 Cum
2837 490 2982 546 enim
3017 491 3133 562 ipse
3165 492 3297 547 nihil
3333 497 3560 564 praecla-

307 578 413 646 τὴν
451 577 598 647 ἱερὰν
636 577 795 649 ᾠδὴν,
825 579 892 650 ἢν
931 579 1134 651 ἀρτίως
1178 581 1408 654 ῇσαμεν,
1455 583 1883 654 καταφεύξομαι.

325 669 568 723 Ἐκεῖθεν
603 669 682 732 δὲ,
711 671 830 732 ταῖς
866 671 1140 742 ἀφορμαῖς
1183 673 1544 744 χρησάμενος,
1569 675 1807 728 ἀποτίσω
1828 673 1889 727 τὸ

313 761 477 832 χρέος
519 763 587 831 τῇ
625 759 878 832 Γραφικῇ
911 761 1052 825 λέξει
1108 765 1460 835 προσυφήνας
1500 766 1595 818 καὶ
1635 765 1702 818 τά
1742 765 1885 836 ἐμὰ,

313 853 372 905 εἴ
389 868 512 905 τινα
544 852 652 922 ἄρα
683 853 778 906 καὶ
803 853 1061 922 τυγχάνει
1087 853 1239 926 παρὰ
1265 853 1344 926 τῷ
1379 856 1569 926 πένητι
1596 855 1766 926 δούλῳ
1792 857 1891 925 τῆς

312 944 395 1006 εἰς
434 942 525 996 τὸν
556 933 836 1013 Δεσπότην
875 944 1227 1014 εὐχαριστίας
1269 943 1536 1016 ἐγκώμια.
1573 946 1766 1013 Ἔλεγε
1790 946 1890 998 τοί-

312 1051 411 1088 νυν
441 1034 648 1104 ἀρτίως
674 1035 702 1087 6
730 1033 914 1096 Aa6‘t6,
947 1034 1042 1086 καὶ
1065 1035 1227 1104 ἡμεῖς
1255 1037 1370 1105 μετ’
1403 1037 1630 1090 ἐκείνου·
1666 1036 1892 1090 Αἰνεῖτε

313 1124 424 1178 τὸν
451 1125 694 1194 Κύριον,
746 1125 943 1178 πάντα
982 1125 1056 1179 τὰ
1096 1126 1264 1194 ἔθνη,
1299 1126 1888 1194 ἐπαινέσατεάῠτὸν,

315 1215 542 1282 πάντες
565 1219 619 1269 οἱ
641 1216 800 1270 λαοί.
830 1217 1011 1270 Πάντα
1034 1216 1125 1268 τὸν
1151 1215 1210 1280 ἐξ
1248 1217 1419 1288 Ἀδὰμ
1447 1218 1730 1289 ἄνθρωπον
1757 1219 1892 1290 πρὸς

315 1310 407 1362 τὸν
455 1308 626 1378 ὕμνον
671 1308 864 1371 καλεῖ,
921 1307 1125 1379 μηδένα
1171 1308 1596 1379 καταλιμπάνων
1633 1309 1738 1375 ἔξω
1788 1310 1890 1380 τῆς

318 1402 565 1472 κλήσεως
588 1415 604 1429 ⁸
644 1399 778 1452 ἀλλὰ
809 1399 936 1461 τοὺς
977 1399 1315 1471 Ἐσπερίους,
1346 1402 1472 1463 τοὺς
1516 1402 1734 1470 Ἑῲους,
1760 1403 1889 1464 τοὺς

320 1493 452 1563 παρ’
482 1491 747 1560 ἑκάτερα,
785 1490 948 1553 εἴτις
975 1489 1176 1561 ἄρκτου
1205 1491 1400 1559 γείτων
1427 1493 1518 1545 καὶ
1546 1493 1644 1562 τῆς
1678 1509 1894 1563 μεσημ-

315 1585 484 1656 ϐρίας
521 1584 761 1646 ἔνοικος,
788 1581 924 1651 ὁμοῦ
957 1581 1166 1645 πάντας
1203 1582 1525 1653 δημαγωγεῖ
1560 1581 1636 1654 τῷ
1671 1583 1890 1654 ψαλμῷ.

319 1675 435 1730 Καὶ
476 1670 710 1742 ἀλλαχοῦ
752 1671 852 1743 μὲν
897 1671 1008 1723 ἀπὸ
1056 1670 1256 1741 μέρους
1299 1671 1410 1725 τισὶ
1455 1670 1563 1723 τῶν
1593 1669 1895 1740 ἀνθρώπων

323 1763 792 1836 προσδιαλέγεται,
821 1760 856 1830 ἢ
882 1762 1008 1824 τοὺς
1030 1761 1209 1824 ὁσίους
1235 1759 1435 1826 καλῶν,
1472 1761 1506 1832 ἢ
1539 1761 1664 1824 τοὺς
1702 1760 1896 1824 παῖδας

1987 594 2110 633 rum
2149 587 2315 650 atque
2352 579 2704 649 magnificum
2740 594 2768 633 a
2807 595 2892 633 me
2931 580 3050 651 ipso
3085 581 3292 650 possim
3325 580 3393 634 ad
3427 596 3560 653 pro-

1988 671 2198 743 positas
2228 670 2417 726 laudes
2446 671 2908 727 concelebrandas
2935 669 3212 735 conferre,
3244 671 3311 726 ad
3344 685 3562 726 sacram

1988 766 2334 828 cantionem,
2369 779 2532 834 quam
2577 765 2738 834 paulo
2787 773 2912 818 ante
2962 763 3377 827 concinuimus,
3433 778 3566 818 con-

1991 854 2236 926 fugiam:
2294 866 2459 925 atque
2523 855 2647 910 inde
2693 866 3016 926 argumento
3064 862 3228 926 atque
3274 857 3566 911 occasione

1990 951 2210 1014 sumpta
2241 943 2468 998 dictioni
2499 942 2799 1014 Scriptura:
2829 959 2947 997 mea
2976 958 3194 1014 quoque
3224 942 3565 1010 coniungens

1990 1043 2045 1090 et
2079 1035 2235 1103 quasi
2285 1041 2567 1100 attexens,
2615 1035 2826 1088 solvam
2867 1049 2942 1089 aes
2985 1035 3222 1088 alienum
3259 1050 3272 1087 :
3311 1033 3357 1087 si
3405 1032 3568 1085 modo

1992 1126 2154 1181 etiam
2205 1125 2402 1194 aliqua:
2456 1124 2682 1194 pauperi
2725 1140 2885 1180 servo
2919 1141 2984 1180 ex
3021 1124 3190 1179 animi
3237 1122 3572 1195 gratitudine

1991 1232 2118 1287 erga
2170 1216 2453 1271 dominum
2505 1232 2668 1271 suum
2717 1215 2974 1285 profecta:
3015 1216 3205 1271 laudes
3248 1221 3568 1285 suppetunt.

1996 1307 2217 1363 Dicebat
2263 1308 2428 1378 igitur
2464 1309 2626 1378 paulo
2670 1317 2797 1362 ante
2835 1307 3004 1362 David
3028 1347 3043 1370 ,
3080 1315 3133 1360 et
3171 1322 3272 1362 nos
3304 1319 3410 1359 una
3444 1321 3570 1360 cum

1995 1400 2140 1453 illo:
2195 1397 2440 1453 Laudate
2495 1399 2812 1463 Dominum,
2861 1415 3039 1453 omnes
3087 1407 3299 1469 gentes,
3356 1395 3572 1450 laudate

1994 1507 2112 1546 eum
2133 1529 2147 1552 ,
2181 1505 2358 1544 omnes
2386 1492 2566 1560 populi
2605 1492 2643 1544 ¹.
2681 1491 2910 1545 Omnem
2943 1492 3222 1545 hominem
3259 1489 3327 1545 ab
3363 1487 3572 1542 Adamo

1996 1595 2170 1650 usque
2191 1620 2205 1645 ,
2244 1582 2513 1637 neminem
2551 1582 2972 1652 praztermittens
3002 1595 3163 1650 quem
3192 1593 3300 1632 non
3335 1577 3570 1638 invitet,

1999 1673 2064 1727 ad
2105 1673 2366 1742 hymnum
2410 1679 2599 1735 vocat;
2654 1672 2747 1728 sed
2794 1671 3200 1731 occidentales,
3232 1668 3570 1733 orientales,

2000 1776 2054 1822 et
2100 1767 2145 1822 si
2197 1764 2323 1836 quis
2379 1763 2526 1818 circa
2574 1764 2908 1828 alterutros,
2966 1763 3050 1818 vel
3106 1759 3574 1831 septentrionibus

328 1858 466 1928 πρὸς
490 1855 654 1926 ὕμνον
684 1855 912 1925 ἐγείρων
934 1869 947 1884 ·
989 1853 1084 1906 ἐπὶ
1116 1852 1176 1906 δὲ
1207 1852 1300 1906 τοῦ
1342 1853 1608 1924 παρόντος
1637 1852 1763 1922 ἔθνη
1804 1853 1899 1906 καὶ

2014 1859 2260 1922 vicinus,
2321 1857 2405 1911 vel
2459 1855 2887 1910 meridianarutn
2933 1853 3170 1924 partium
3223 1850 3404 1906 incola
3449 1856 3573 1909 est,

327 1948 494 2010 λαοὺς
524 1945 602 2016 τῷ
639 1945 927 2016 ψαλτηρίῳ
963 1945 1204 2014 συνάγει.
1248 1944 1415 1998 Ὅταν
1453 1943 1592 2013 γὰρ,
1630 1942 1773 1997 κατὰ
1811 1943 1900 1997 τὸν

342 2036 682 2099 ’Δπύστολον,
713 2034 991 2106 παρελύθη
1021 2034 1082 2087 τὸ
1113 2034 1298 2104 σχῆμα
1327 2032 1420 2085 τοῦ
1452 2033 1657 2103 κόσμου
1680 2033 1900 2099 τούτου,

330 2125 586 2197 βασιλεὺς
615 2126 673 2179 δὲ
703 2126 798 2178 καὶ
818 2123 951 2188 Θεὸς
981 2125 1227 2194 ἐπεφάνη
1256 2125 1419 2176 πᾶσιν
1447 2125 1475 2176 6
1503 2125 1758 2194 Χριστὸς,
1792 2125 1902 2178 πᾶ-

328 2230 430 2266 σαν
451 2212 627 2283 ψυχὴν
653 2211 878 2266 ἄπιστον
904 2210 1010 2280 πλη
1018 2210 1345 2281 ροφορήσας,
1364 2211 1456 2262 καὶ
1475 2210 1727 2279 γλῶσσαν
1745 2210 1902 2280 βλάσ·

326 2321 509 2376 φημον
549 2303 885 2375 χαλινώσας,
929 2302 1104 2372 στήσῃ
1147 2301 1203 2354 δὲ
1239 2301 1510 2373 Ἐλλήνων
1541 2301 1639 2374 τὴν
1689 2303 1907 2372 ματαιό-

327 2413 490 2465 τητα,
534 2395 630 2450 καὶ
674 2393 938 2448 Ἰουδαίων
963 2392 1061 2463 τὴν
1104 2391 1331 2463 πλάνην.
1371 2393 1468 2447 καὶ
1506 2393 1612 2446 τῶν
1643 2392 1906 2465 αἱρέσεων

328 2489 431 2560 τὴν
474 2487 783 2557 ἁδάμαστον
835 2484 1212 2554 γλωσσαλγίαν
1233 2502 1248 2516 ο
1280 2484 1403 2538 τότε
1447 2483 1534 2554 δὴ,
1577 2484 1698 2538 τότε
1728 2485 1906 2538 πάντα

327 2577 401 2631 τὰ
429 2576 560 2647 ἔθνη
607 2575 700 2628 καὶ
730 2577 778 2628 oi
815 2573 912 2628 ἀπ’
938 2574 1130 2637 αἰῶνος
1169 2573 1288 2627 λαοὶ
1316 2574 1721 2644 ὑποκύψαντες,
1765 2575 1909 2646 ἅμα·

329 2687 428 2741 χον
464 2670 564 2739 τὴν
594 2667 964 2739 προσκύνησιν
1003 2666 1416 2736 ἀναπέμψουσιν
1442 2707 1456 2731 ,
1494 2667 1589 2720 καὶ
1619 2667 1904 2739 θαυμαστή

329 2779 418 2824 τις
451 2760 605 2814 ἐσται
643 2759 931 2830 συμφωνία
968 2758 1295 2828 δοξολογίας,
1323 2758 1432 2811 τῶν
1464 2759 1561 2829 μὲν
1583 2749 1746 2813 ὁσίων
1781 2777 1909 2812 συν·

331 2853 486 2924 nam;
535 2850 866 2922 ὑμνούντων,
897 2850 1006 2904 τῶν
1044 2850 1102 2903 δὲ
1147 2849 1380 2912 ἀσεϐῶν,
1413 2849 1472 2916 ἐξ
1507 2849 1751 2919 ἀνάγκης
1799 2851 1911 2902 ίκε-

192 2975 254 3016 /
330 2944 622 2997 τευόντων.
675 2942 784 2995 Καὶ
822 2941 943 2995 τότε
986 2939 1200 3011 άληθῶς
1231 2941 1260 2992 6
1288 2939 1550 3020 ἐπιδέξιος
1585 2939 1749 3010 ὕμνος
1782 2956 1913 3010 συμ-

334 3034 533 3104 φώνως
581 3032 734 3104 παρὰ
779 3031 995 3085 πάντων
1043 3029 1339 3101 ᾁσθήσεται
1365 3068 1379 3092 ,
1413 3029 1506 3082 καὶ
1555 3027 1664 3081 τῶν
1709 3046 1913 3100 κρατη-

335 3128 543 3182 θέντων
574 3125 670 3178 καὶ
699 3123 811 3180 τῶν
837 3123 1203 3193 νικησάντωνο
1229 3121 1349 3174 τότε
1376 3121 1470 3173 καὶ
1494 3121 1523 3173 ὁ
1551 3120 1649 3191 τῆς
1669 3119 1914 3191 ταραχῆς

1997 1947 2167 2003 ἐἰηιυι
2203 1960 2394 2001 omnes
2431 1944 2600 1998 allicit
2640 1953 2693 1998 et
2727 1944 2920 1997 invitat
2967 1944 3071 1997 hoc
3129 1941 3360 2012 psalmo.
3394 1939 3574 2008 Atque

2006 2038 2142 2093 alias
2175 2035 2394 2106 quidem
2431 2034 2716 2104 speciatim
2750 2032 3058 2088 nonnullos
3089 2031 3342 2085 homines
3387 2028 3576 2099 appel-

2007 2129 2118 2190 lat,
2151 2134 2244 2180 aut
2292 2132 2517 2181 sanctos
2559 2139 2797 2187 vocans,
2846 2130 2941 2176 aut
2974 2135 3173 2193 pueros
3206 2119 3273 2174 ad
3308 2119 3573 2190 hymnum

2004 2217 2252 2272 excitans
2279 2233 2293 2270 :
2326 2216 2381 2269 in
2411 2216 2668 2285 praesenti
2699 2228 2829 2268 vero
2861 2223 3047 2282 gentes
3079 2225 3143 2264 ac
3175 2210 3407 2281 populos
3437 2208 3580 2280 psal-

2010 2310 2150 2365 terio
2180 2308 2326 2379 cogit
2354 2308 2409 2361 in
2439 2322 2630 2361 unum.
2659 2305 2797 2361 Cum
2823 2305 2967 2360 enim
2986 2343 3000 2368 ,
3029 2311 3088 2358 ut
3110 2302 3406 2372 Apostolus
3431 2301 3508 2354 ait
3530 2303 3576 2362 ⁸.

2008 2397 2184 2468 ﬁgura
2232 2397 2400 2468 hujus
2440 2395 2626 2450 mundi
2675 2395 2987 2459 transierit,
3038 2408 3132 2448 rex
3175 2406 3304 2447 vero
3339 2405 3404 2445 ac
3437 2390 3580 2446 Deus

2005 2488 2294 2553 Christus,
2333 2486 2482 2541 omni
2523 2486 2705 2540 anima
2742 2483 3025 2540 incredula
3060 2481 3128 2537 ad
3165 2482 3381 2553 plenam
3417 2480 3579 2536 [idem

2010 2596 2074 2636 ac
2101 2588 2307 2635 certam
2345 2578 2712 2650 cognitionem
2749 2576 3034 2641 traducta,
3072 2575 3369 2645 linguaque
3408 2572 3581 2627 maie-

2009 2673 2132 2730 dica
2167 2672 2407 2727 cohibita
2443 2678 2607 2741 atque
2643 2669 2854 2724 frenata
2877 2711 2890 2734 ,
2933 2667 3190 2722 omnibus
3229 2665 3583 2736 apparuerit;

2010 2763 2312 2820 inhibuerit
2364 2762 2494 2817 item
2551 2759 2866 2815 Graecorum
2903 2757 3198 2811 vanitatem
3222 2795 3236 2819 ,
3277 2763 3332 2809 et
3369 2753 3588 2809 Iudaeo-

2013 2873 2133 2911 l‘lln
2165 2869 2440 2921 errorem,
2471 2862 2526 2908 et
2555 2852 2832 2907 haereseon
2863 2849 3191 2904 indomitum
3218 2847 3416 2916 lingua:
3446 2861 3588 2900 mor-

2014 2951 2163 3005 bum.
2195 2946 2352 3003 Tunc
2387 2946 2648 3001 nimirum
2670 2986 2684 3011 ,
2715 2952 2846 2998 tunc
2879 2957 3070 2998 omnes
3105 2948 3290 3012 gentes
3310 2979 3324 3001 ,
3355 2949 3409 2995 et
3438 2939 3532 3012 qui
3559 2955 3588 2992 τι

2014 3040 2215 3096 sarculo
2264 3054 2440 3109 usque
2489 3045 2620 3093 sunt
2664 3035 2853 3107 populi
2901 3033 3327 3104 procumbentes
3360 3045 3589 3086 consen-

2014 3132 2237 3185 tientem
2274 3138 2328 3185 et
2359 3129 2684 3184 concordem
2721 3125 3098 3180 adorationem
3129 3122 3508 3194 praestabunt,
3535 3131 3590 3176 et

336 3217 596 3278 ὑπαίτιος
621 3216 650 3268 ὁ
674 3213 774 3284 τὴν
809 3211 912 3266 τοῦ
942 3211 1212 3266 Δεσπότου
1243 3210 1571 3279 φαντασθεὶς
1601 3210 1779 3276 ἀξίαν,
1812 3227 1909 3280 μα-

2017 3219 2357 3275 admirabilis
2383 3219 2605 3290 quidam
2635 3223 2940 3272 concentus
2972 3223 3026 3270 et
3051 3229 3357 3270 consensus
3386 3211 3590 3284 gloriﬁ-

339 3309 560 3376 στιγίας
587 3306 805 3376 οἰκέτης
837 3303 1130 3376 ὀφθήσεται
1161 3303 1317 3366 πᾶσι,
1350 3303 1479 3372 παρ’
1509 3300 1755 3369 ἀγγέλων
1775 3299 1912 3371 πρὸς

337 3397 438 3466 τὴν
464 3395 739 3466 τιμωρίαν
769 3394 1089 3464 συρόμενος,
1119 3392 1212 3444 καὶ
1257 3391 1458 3454 πάντες
1499 3393 1547 3444 oi
1573 3391 1671 3462 τῆς
1703 3389 1912 3444 ἐκείνου

340 3487 542 3550 κακίας
569 3485 840 3556 ὑπηρέται
873 3483 967 3537 καὶ
996 3483 1268 3553 συνεργοὶ,
1305 3484 1425 3546 ταῖς
1457 3481 1792 3552 πρεπούσαις
1825 3498 1917 3534 κο-

341 3581 535 3635 λάαεσι
563 3580 660 3633 καὶ
676 3579 854 3641 δίκαις
887 3576 1357 3648 ὑποϐληθήσονται
1377 3590 1391 3603 ο
1420 3569 1500 3637 εἷς
1527 3573 1584 3637 δὲ
1618 3573 1916 3642 φανήσεται

345 3669 604 3740 βασιλεὺς
627 3667 722 3721 καὶ
762 3664 974 3737 κριτὴς,
1007 3665 1188 3728 κοινὸς
1215 3663 1494 3733 Δεσπότης
1529 3661 1681 3732 παρὰ
1705 3661 1919 3714 πάντων

346 3759 803 3829 ὁμολογούμενος
837 3755 1036 3826 ἡσυχία
1069 3755 1127 3807 δὲ
1157 3755 1306 3808 ἔσται
1341 3752 1748 3822 κατεσταλμένη
1769 3791 1783 3815 ,
1815 3750 1921 3804 ὦσ-

349 3865 458 3920 περ
483 3850 612 3902 ὅταν
643 3848 906 3918 ἄρχοντος
937 3846 1032 3898 ἐπὶ
1081 3844 1326 3915 βήματος
1369 3843 1684 3914 καθημένου
1711 3883 1726 3907 ,
1761 3843 1788 3894 ὁ
1825 3840 1922 3908 μὲν

352 3939 535 4010 κῆρυξ
563 3937 908 4010 ὑποσημαίνῃ
942 3935 1042 4007 τὴν
1064 3935 1322 4006 ’σιωπὴν,
1358 3937 1407 3989 οἱ
1436 3935 1557 3989 λαοὶ
1587 3933 1643 3987 δὲ
1679 3933 1775 3986 καὶ
1801 3931 1922 4001 ὄψιν

354 4030 454 4082 καὶ
477 4029 646 4100 ἀκοὴν
670 4025 1164 4098 συντείναντες,τὴν
1186 4027 1286 4097 τῆς
1305 4025 1643 4097 δημηγορίας
1664 4023 1924 4095 ἀκρόασιν

351 4119 711 4191 άναμένωσιν.
729 4119 831 4174 Διὰ
843 4119 1019 4183 τοῦτο,
1036 4118 1264 4174 Αἰνεῖτε
1277 4118 1382 4172 τὸν
1396 4120 1632 4186 Κύριον,
1645 4117 1839 4170 πάντα
1855 4115 1926 4169 τὰ

346 4213 496 4280 ἔθνη
511 4252 529 4276 ,
549 4211 910 4266 ἐπαινέσατε
929 4211 1136 4276 αὑτὸν,
1169 4209 1392 4275 πάντες
1412 4212 1466 4264 ol
1493 4211 1650 4264 λαοί.
1669 4207 1926 4261 Δίνέσατε

347 4302 423 4366 ὡς
437 4302 689 4364 δυνατὸν,
703 4302 892 4355 ὲπαινέ
899 4319 1027 4356 σατε
1040 4301 1118 4365 ὡς
1149 4300 1340 4370 φιλάνο
1349 4317 1526 4370 ρωπον
1539 4317 1552 4332 ’
1567 4301 1648 4354 ὅτι
1667 4299 1928 4363 πεσόντας

349 4394 446 4448 καὶ
487 4394 717 4464 νεκροὺς
759 4393 918 4452 ὄντας
960 4390 1116 4455 αὖθις
1151 4392 1513 4462 ὲζωοποίησε,
1548 4392 1643 4446 καὶ
1671 4392 1732 4446 τὸ
1773 4392 1931 4462 πονῆ-

352 4501 449 4538 σαν
476 4482 673 4547 σκεῦος
697 4482 1035 4538 ἀνενεώσατο
1060 4482 1240 4547 πάλιν,
1273 4483 1367 4536 καὶ
1394 4483 1493 4553 τὴν
1521 4484 1579 4536 ὲν
1600 4485 1712 4545 τοῖς
1739 4483 1930 4551 τάφοις

2014 3309 2248 3364 cationis
2281 3307 2420 3371 erit,
2463 3305 2671 3363 sanctis
2712 3306 2933 3377 quidem
2978 3321 3130 3362 more
3179 3307 3344 3362 solito
3399 3305 3588 3360 laudes

2014 3399 2332 3455 dicentibus
2357 3439 2372 3463 ,
2409 3396 2613 3468 impiis'
2649 3405 2830 3451 autem
2882 3411 2948 3452 ex
3003 3395 3332 3451 necessitate
3377 3392 3588 3465 suppli-

2016 3491 2292 3545 cantibus.
2334 3491 2398 3543 Et
2439 3496 2574 3543 tunc
2612 3503 2802 3543 revera
2832 3487 3078 3542 victoriae
3109 3501 3329 3541 carmen
3361 3500 3593 3540 conserto
3621 3522 3646 3534 -

2018 3581 2218 3635 tienlcr
2251 3580 2318 3634 ab
2357 3579 2612 3634 omnibus
2653 3586 2886 3633 canetur
2923 3585 3034 3631 tam
3073 3575 3266 3642 victis,
3309 3591 3473 3646 quam
3509 3575 3595 3629 vi-

2020 3670 2301 3733 ctoribus,
2339 3677 2454 3723 tum
2488 3669 2887 3724 etiam-servus
2915 3668 3006 3723 ille
3031 3666 3260 3724 verbero
3291 3667 3467 3721 turbat
3500 3681 3594 3719 au-

2021 3773 2179 3826 ctor,
2229 3762 2322 3833 qui
2353 3762 2456 3817 sibi
2484 3762 2685 3816 domini
2717 3763 2802 3816 sui
2841 3761 3160 3831 dignitatem
3204 3759 3596 3832 imaginatione

2024 3860 2338 3922 sumpserat
2371 3860 2424 3905 et
2463 3858 2813 3922 arrogaverat
2833 3889 2846 3914 ,
2879 3850 3156 3905 videbitur
3184 3864 3376 3905 omnes
3407 3849 3598 3902 admo-

2024 3956 2192 4005 nens,
2231 3940 2360 3995 dum
2400 3941 2469 3996 ab
2511 3941 2723 4012 angelis
2757 3941 2823 3995 ad
2867 3940 3199 4010 supplicium
3241 3940 3507 4002 trahetur,
3543 3947 3599 3993 et

2026 4047 2222 4088 omnes
2249 4032 2400 4087 illius
2433 4033 2692 4103 nequitia:
2725 4031 2958 4086 ministri
2991 4039 3046 4086 et
3073 4031 3208 4087 socii
3241 4029 3441 4086 debitis
3469 4042 3601 4098 sup-

2025 4125 2214 4190 pliciis
2262 4139 2327 4180 ac
2375 4126 2553 4195 poenis
2597 4124 2940 4179 aliicientnr:
2988 4140 3130 4180 unus
3173 4133 3352 4177 autem
3396 4135 3494 4176 rex
3533 4135 3601 4175 ac

2024 4216 2190 4286 jndex
2223 4215 2545 4286 apparebit,
2577 4231 2737 4284 quem
2793 4229 2986 4269 omnes
3023 4228 3369 4267 communem
3409 4210 3598 4265 Domi-

2030 4324 2159 4362 num
2196 4322 2318 4362 esse
2353 4306 2760 4361 conﬁteantur:
2795 4305 2956 4376 quies
2997 4304 3127 4360 item
3172 4305 3279 4359 erit
3321 4313 3486 4375 atque
3519 4304 3598 4360 si-

2032 4397 2257 4452 lentium
2283 4437 2298 4461 ,
2334 4396 2798 4467 quemadmodum
2847 4397 2962 4452 lieri
3004 4397 3186 4466 solet,
3209 4411 3333 4450 cum
3372 4411 3471 4466 pro
3500 4397 3601 4449 tri-

2035 4489 2218 4543 hmali
2251 4487 2474 4543 sedente
2501 4497 2734 4558 praetore
2763 4503 2941 4558 praeco
2973 4487 3254 4543 silentium
3289 4485 3513 4550 indicit,
3549 4493 3604 4540 et

348 4575 460 4628 τῶν
485 4575 759 4642 λειψάνων
788 4575 979 4646 ἀηδίαν
1014 4577 1094 4638 εἰς
1147 4575 1286 4640 ζῶον
1319 4573 1593 4645 ἄφθαρτον
1637 4574 1909 4645 φιλανθρὼ

2034 4580 2220 4650 populi
2251 4579 2480 4635 auribus
2511 4587 2563 4634 et
2590 4579 2768 4635 oculis
2803 4580 2967 4636 simul
2997 4579 3193 4635 intenti
3223 4576 3605 4632 concionantis

350 4682 472 4730 πως
513 4666 845 4736 ἐμόρφωσε,
882 4667 977 4719 καὶ
1018 4665 1196 4736 ψυχὴν
1239 4665 1336 4737 τὴν
1380 4665 1487 4736 πρὸ
1528 4666 1808 4737 τεσσάρων
1847 4684 1929 4735 χι-

349 4755 552 4808 λιάδων
585 4753 722 4806 ἐτῶν
764 4752 1164 4808 καταλιποῦσαν
1193 4753 1255 4806 τὸ
1297 4752 1472 4824 σῶμα,
1506 4751 1580 4816 ὡς
1614 4753 1679 4804 ὲκ
1715 4754 1931 4823 μακρᾶς

350 4845 703 4916 ἀποδημίας,
743 4847 822 4909 εἰς
863 4845 998 4899 ἰδίαν
1037 4845 1214 4899 οίκίαν
1245 4846 1609 4916 ἐπανήγαγεν,
1646 4844 1796 4897 οὐδὲν
1826 4845 1934 4898 ἀπὸ

351 4937 551 5010 χρόνου
581 4939 672 4993 καὶ
696 4938 867 5008 λήθης
903 4936 1250 5008 ξενιζομένην
1275 4936 1411 5005 πρὸς
1449 4935 1511 4989 τὸ
1535 4937 1664 4989 ῐδιον
1681 4936 1932 5007 δργανον,

348 5013 500 5084 ἀλλά
527 5029 726 5085 θᾶττον
758 5031 844 5084 ἐπ’
869 5029 1002 5083 αὐτὸ
1024 5029 1330 5100 χωροῦσαν,
1358 5029 1391 5099 ἢ
1427 5028 1577 5100 ὅρνις
1598 5028 1692 5082 ἐπὶ
1717 5029 1816 5100 τὴν
1837 5047 1936 5082 κα-

344 5119 482 5174 λιὰν
510 5119 605 5190 τὴν
626 5121 834 5174 οἰκείαν
854 5118 1208 5174 καθίπταται.

2033 4686 2225 4726 vocem
2280 4676 2621 4739 exspectant.
2683 4668 2937 4734 Idcirco,
2989 4669 3226 4723 Laudate
3282 4666 3604 4724 Dominum.

2034 4778 2211 4816 omnes
2241 4771 2415 4832 gentes
2439 4803 2454 4827 ,
2493 4761 2707 4816 laudate
2740 4777 2857 4815 eum
2877 4800 2893 4825 ,
2927 4777 3103 4814 omnes
3137 4759 3335 4827 populi.
3366 4755 3607 4811 Laudato

2035 4859 2297 4923 tanquam
2333 4859 2606 4922 potentem
2628 4894 2642 4919 ,
2681 4852 2898 4907 laudate
2934 4862 3194 4919 tanquam
3223 4849 3518 4920 benignum
3553 4856 3609 4900 et

2038 4945 2338 4999 humanum
2371 4965 2381 4997 :
2417 4944 2675 5014 quoniam
2711 4958 2808 5000 eos
2842 4945 2934 5012 qui
2970 4941 3283 4998 cecidennt
3311 4953 3365 4996 et
3409 4938 3610 4996 mortui

2043 5033 2300 5099 fuerant,
2335 5049 2532 5088 rursus
2564 5032 2688 5086 vitae
2734 5032 3009 5094 restituit,
3041 5047 3137 5087 vas
3169 5031 3401 5086 fractum
3431 5030 3498 5086 de
3527 5029 3613 5082 in-

2041 5131 2199 5196 tegro
2227 5123 2546 5185 renovavit,
2582 5124 2746 5178 situm
2792 5131 2956 5194 atque
2994 5122 3450 5193 iniucunditatem
3487 5121 3613 5175 reli-

339 5214 811 5287 quiarum,qute
853 5215 909 5270 in
953 5215 1225 5284 sepulcris
1298 5224 1498 5280 erant,
1573 5213 1640 5268 ad
1714 5216 1916 5270 animal
1993 5219 2411 5290 incorruptibile
2458 5219 2688 5288 benigne
2737 5219 2975 5290 redegit,
3028 5220 3264 5274 animam
3322 5231 3442 5288 qua:
3489 5224 3616 5270 ante

339 5313 608 5378 quatuor
636 5305 806 5360 millia
837 5319 1106 5359 annorum
1150 5320 1353 5376 corpus
1387 5306 1704 5375 reliquerat,
1746 5309 1910 5363 veluti
1944 5324 2010 5364 ex
2043 5309 2205 5380 longa
2253 5310 2692 5379 peregrinatione
2720 5309 2784 5363 ad
2818 5324 2978 5364 suum
3005 5308 3346 5362 domicilium
3376 5305 3614 5366 reduxit.

345 5412 595 5468 eamque
625 5413 736 5453 non
771 5413 884 5470 prae
917 5399 1096 5469 spatio
1123 5400 1387 5471 temporis
1422 5410 1476 5456 et
1505 5400 1780 5459 oblivione
1815 5404 1971 5474 quasi
2014 5405 2358 5475 peregrinam
2389 5420 2517 5477 erga
2551 5421 2712 5460 suum
2750 5405 3178 5460 instrumentum
3212 5402 3482 5466 atl‘ectam,
3520 5401 3616 5456 sed
3695 5405 3699 5409 '

345 5495 531 5548 citius
570 5491 637 5546 ad
673 5493 725 5549 id
767 5495 1106 5558 tendentem,
1134 5507 1299 5563 quam
1335 5493 1454 5549 avis
1491 5493 1558 5548 ad
1597 5493 1786 5549 nidum
1816 5510 1979 5552 suum
2010 5495 2245 5551 devolat.

422 5581 694 5654 Εἴπωμιν
717 5584 826 5655 γάρ
854 5583 920 5640 τὰ
945 5586 1123 5639 οἰκεία
1150 5584 1252 5655 τῆς
1283 5585 1498 5656 ἑορτῆς,
1528 5586 1615 5642 ἵνα
1638 5587 1946 5652 ἀκολούθως

413 5757 453 5791 -¹
489 5753 642 5812 l‘sal.
671 5772 812 5822 τινι,
852 5756 900 5810 Ι.
979 5759 998 5790 ¹
1031 5755 1048 5810 1
1089 5756 1216 5813 Cor.
1256 5772 1352 5824 νυ,
1395 5755 1486 5814 51.

2130 5585 2386 5645 Dicamus
2411 5587 2557 5645 enim
2588 5603 2652 5644 ea
2677 5602 2796 5659 quae
2844 5586 3063 5659 proprie
3111 5585 3175 5641 ad
3243 5584 3440 5639 festum
3492 5597 3614 5654 pcr-
