  <div class='ocr_page' id='page_1' title='image "/cluster/home/n/w/nwhite01/storage/ocr_20150623/46/hvd.32044054112198/343.png"; bbox 0 0 3930 6210; ppageno 0'>
   <div class='ocr_carea' id='block_1_1' title="bbox 411 319 3674 390">
    <p class='ocr_par' dir='ltr' id='par_1_1' title="bbox 411 319 3674 390">
     <span class='ocr_line' id='line_1_1' title="bbox 411 319 3674 390; baseline -0.002 -5"><span class='ocrx_word' id='word_1_1' title='bbox 411 331 517 390; x_wconf 75' lang='lat'><strong>635</strong></span> <span class='ocrx_word' id='word_1_2' title='bbox 1685 321 1746 376; x_wconf 86' lang='lat' dir='ltr'><strong>S.</strong></span> <span class='ocrx_word' id='word_1_3' title='bbox 1788 319 2113 378; x_wconf 77' lang='lat' dir='ltr'><strong>GREGORll</strong></span> <span class='ocrx_word' id='word_1_4' title='bbox 2149 322 2443 382; x_wconf 78' lang='lat' dir='ltr'><strong>NYSSENI</strong></span> <span class='ocrx_word' id='word_1_5' title='bbox 3563 324 3674 381; x_wconf 57' lang='grc' dir='ltr'>ωδ</span> 
     </span>
    </p>
   </div>
   <div class='ocr_carea' id='block_1_2' title="bbox 411 433 1990 510">
    <p class='ocr_par' dir='ltr' id='par_1_2' title="bbox 411 433 1985 507">
     <span class='ocr_line' id='line_1_2' title="bbox 411 433 1985 507; baseline -0.007 -10"><span class='ocrx_word' id='word_1_6' title='bbox 411 445 628 503; x_wconf 89' lang='lat' dir='ltr'><strong>tinent,</strong></span> <span class='ocrx_word' id='word_1_7' title='bbox 655 445 714 493; x_wconf 92' lang='lat' dir='ltr'><strong>ut</strong></span> <span class='ocrx_word' id='word_1_8' title='bbox 760 435 827 491; x_wconf 91' lang='lat' dir='ltr'><strong>ad</strong></span> <span class='ocrx_word' id='word_1_9' title='bbox 864 437 1013 507; x_wconf 84' lang='lat' dir='ltr'><strong>ipsas</strong></span> <span class='ocrx_word' id='word_1_10' title='bbox 1075 447 1166 490; x_wconf 87' lang='lat' dir='ltr'><strong>res</strong></span> <span class='ocrx_word' id='word_1_11' title='bbox 1207 433 1622 490; x_wconf 94' lang='lat' dir='ltr'><strong>accommodate</strong></span> <span class='ocrx_word' id='word_1_12' title='bbox 1679 440 1736 487; x_wconf 90' lang='lat' dir='ltr'><strong>et</strong></span> <span class='ocrx_word' id='word_1_13' title='bbox 1787 445 1985 487; x_wconf 84' lang='lat' dir='ltr'><strong>conve-</strong></span> 
     </span>
    </p>
   </div>
   <div class='ocr_carea' id='block_1_3' title="bbox 2095 433 3676 510">
    <p class='ocr_par' dir='ltr' id='par_1_3' title="bbox 2095 433 3676 510">
     <span class='ocr_line' id='line_1_3' title="bbox 2095 433 3676 510; baseline 0.003 -24"><span class='ocrx_word' id='word_1_14' title='bbox 2095 434 2182 487; x_wconf 73' lang='lat' dir='ltr'><strong>xai</strong></span> <span class='ocrx_word' id='word_1_15' title='bbox 2215 433 2510 506; x_wconf 79' lang='grc' dir='ltr'><strong>προσφυῶς</strong></span> <span class='ocrx_word' id='word_1_16' title='bbox 2549 435 2662 498; x_wconf 86' lang='grc' dir='ltr'>τοῖς</span> <span class='ocrx_word' id='word_1_17' title='bbox 2706 434 3024 505; x_wconf 76' lang='grc' dir='ltr'><strong>πράγμασιν</strong></span> <span class='ocrx_word' id='word_1_18' title='bbox 3057 433 3427 507; x_wconf 81' lang='grc' dir='ltr'>έορτάσωμεν.</span> <span class='ocrx_word' id='word_1_19' title='bbox 3455 435 3528 490; x_wconf 79' lang='grc' dir='ltr'>Τὸ</span> <span class='ocrx_word' id='word_1_20' title='bbox 3561 438 3676 510; x_wconf 85' lang='grc' dir='ltr'><strong>γάρ</strong></span> 
     </span>
    </p>
   </div>
   <div class='ocr_carea' id='block_1_4' title="bbox 412 525 1990 598">
    <p class='ocr_par' dir='ltr' id='par_1_4' title="bbox 412 525 1990 597">
     <span class='ocr_line' id='line_1_4' title="bbox 412 525 1990 597; baseline -0.005 -10"><span class='ocrx_word' id='word_1_21' title='bbox 412 536 634 588; x_wconf 89' lang='lat' dir='ltr'><strong>nienter</strong></span> <span class='ocrx_word' id='word_1_22' title='bbox 680 529 960 585; x_wconf 80' lang='lat' dir='ltr'><strong>feriemur.</strong></span> <span class='ocrx_word' id='word_1_23' title='bbox 1021 525 1158 580; x_wconf 85' lang='lat' dir='ltr'><strong>Nam</strong></span> <span class='ocrx_word' id='word_1_24' title='bbox 1199 527 1344 596; x_wconf 90' lang='lat' dir='ltr'><strong>quod</strong></span> <span class='ocrx_word' id='word_1_25' title='bbox 1406 525 1765 597; x_wconf 83' lang='lat' dir='ltr'><strong>improprium</strong></span> <span class='ocrx_word' id='word_1_26' title='bbox 1803 533 1888 580; x_wconf 89' lang='lat' dir='ltr'><strong>est</strong></span> <span class='ocrx_word' id='word_1_27' title='bbox 1934 534 1990 580; x_wconf 84' lang='lat' dir='ltr'><strong>et</strong></span> 
     </span>
    </p>
   </div>
   <div class='ocr_carea' id='block_1_5' title="bbox 2095 525 3670 598">
    <p class='ocr_par' dir='ltr' id='par_1_5' title="bbox 2095 525 3670 598">
     <span class='ocr_line' id='line_1_5' title="bbox 2095 525 3670 598; baseline 0.003 -20"><span class='ocrx_word' id='word_1_28' title='bbox 2095 526 2354 579; x_wconf 78' lang='grc' dir='ltr'>ἀνοίκειον</span> <span class='ocrx_word' id='word_1_29' title='bbox 2408 526 2504 580; x_wconf 75' lang='grc' dir='ltr'>καὶ</span> <span class='ocrx_word' id='word_1_30' title='bbox 2553 525 2834 596; x_wconf 86' lang='grc' dir='ltr'>ἀλλότριον</span> <span class='ocrx_word' id='word_1_31' title='bbox 2875 525 3013 597; x_wconf 77' lang='grc' dir='ltr'>πρὸς</span> <span class='ocrx_word' id='word_1_32' title='bbox 3062 526 3139 597; x_wconf 79' lang='grc' dir='ltr'><strong>τῷ</strong></span> <span class='ocrx_word' id='word_1_33' title='bbox 3190 526 3361 598; x_wconf 84' lang='grc' dir='ltr'>μηδὲν</span> <span class='ocrx_word' id='word_1_34' title='bbox 3407 527 3670 597; x_wconf 81' lang='grc' dir='ltr'>ὠφελεῖν,</span> 
     </span>
    </p>
   </div>
   <div class='ocr_carea' id='block_1_6' title="bbox 413 616 1990 692">
    <p class='ocr_par' dir='ltr' id='par_1_6' title="bbox 413 616 1990 692">
     <span class='ocr_line' id='line_1_6' title="bbox 413 616 1990 692; baseline -0.004 -14"><span class='ocrx_word' id='word_1_35' title='bbox 413 626 647 680; x_wconf 86' lang='lat' dir='ltr'><strong>alienum</strong></span> <span class='ocrx_word' id='word_1_36' title='bbox 674 663 688 687; x_wconf 93' lang='lat'><strong>,</strong></span> <span class='ocrx_word' id='word_1_37' title='bbox 729 631 1088 692; x_wconf 72' lang='lat' dir='ltr'><strong>pimterquam</strong></span> <span class='ocrx_word' id='word_1_38' title='bbox 1124 620 1270 689; x_wconf 90' lang='lat' dir='ltr'><strong>quod</strong></span> <span class='ocrx_word' id='word_1_39' title='bbox 1319 618 1453 673; x_wconf 83' lang='lat' dir='ltr'><strong>nihil</strong></span> <span class='ocrx_word' id='word_1_40' title='bbox 1494 616 1756 686; x_wconf 90' lang='lat' dir='ltr'><strong>prodest,</strong></span> <span class='ocrx_word' id='word_1_41' title='bbox 1793 634 1884 674; x_wconf 89' lang='lat' dir='ltr'><strong>res</strong></span> <span class='ocrx_word' id='word_1_42' title='bbox 1907 626 1990 673; x_wconf 89' lang='lat' dir='ltr'><strong>est</strong></span> 
     </span>
    </p>
   </div>
   <div class='ocr_carea' id='block_1_7' title="bbox 2095 616 3676 692">
    <p class='ocr_par' dir='ltr' id='par_1_7' title="bbox 2095 616 3676 692">
     <span class='ocr_line' id='line_1_7' title="bbox 2095 616 3676 692; baseline 0.001 -22"><span class='ocrx_word' id='word_1_43' title='bbox 2095 617 2318 670; x_wconf 78' lang='grc' dir='ltr'>ἄτακτόν</span> <span class='ocrx_word' id='word_1_44' title='bbox 2361 618 2477 670; x_wconf 82' lang='grc' dir='ltr'>ἐστι</span> <span class='ocrx_word' id='word_1_45' title='bbox 2519 617 2612 670; x_wconf 74' lang='grc' dir='ltr'><strong>καὶ</strong></span> <span class='ocrx_word' id='word_1_46' title='bbox 2657 616 2968 680; x_wconf 84' lang='grc' dir='ltr'>ἀλλόκοτον,</span> <span class='ocrx_word' id='word_1_47' title='bbox 3011 617 3110 671; x_wconf 83' lang='grc' dir='ltr'><strong>οὐκ</strong></span> <span class='ocrx_word' id='word_1_48' title='bbox 3143 618 3201 671; x_wconf 85' lang='grc' dir='ltr'><strong>ἐν</strong></span> <span class='ocrx_word' id='word_1_49' title='bbox 3246 619 3358 682; x_wconf 83' lang='grc' dir='ltr'>τοῖς</span> <span class='ocrx_word' id='word_1_50' title='bbox 3393 619 3525 691; x_wconf 76' lang='grc' dir='ltr'>περὶ</span> <span class='ocrx_word' id='word_1_51' title='bbox 3546 619 3676 692; x_wconf 80' lang='grc' dir='ltr'>θρη-</span> 
     </span>
    </p>
   </div>
   <div class='ocr_carea' id='block_1_8' title="bbox 417 709 1988 782">
    <p class='ocr_par' dir='ltr' id='par_1_8' title="bbox 417 709 1988 782">
     <span class='ocr_line' id='line_1_8' title="bbox 417 709 1988 782; baseline -0.002 -14"><span class='ocrx_word' id='word_1_52' title='bbox 417 713 724 770; x_wconf 90' lang='lat' dir='ltr'><strong>inordinata</strong></span> <span class='ocrx_word' id='word_1_53' title='bbox 749 753 763 778; x_wconf 93' lang='lat'><strong>,</strong></span> <span class='ocrx_word' id='word_1_54' title='bbox 809 711 1170 782; x_wconf 90' lang='lat' dir='ltr'><strong>incomposita</strong></span> <span class='ocrx_word' id='word_1_55' title='bbox 1203 719 1368 780; x_wconf 88' lang='lat' dir='ltr'><strong>atque</strong></span> <span class='ocrx_word' id='word_1_56' title='bbox 1399 709 1641 765; x_wconf 88' lang='lat' dir='ltr'><strong>absurda</strong></span> <span class='ocrx_word' id='word_1_57' title='bbox 1662 749 1677 773; x_wconf 89' lang='lat'><strong>,</strong></span> <span class='ocrx_word' id='word_1_58' title='bbox 1739 725 1850 764; x_wconf 88' lang='lat' dir='ltr'><strong>non</strong></span> <span class='ocrx_word' id='word_1_59' title='bbox 1898 725 1988 765; x_wconf 90' lang='lat' dir='ltr'><strong>so-</strong></span> 
     </span>
    </p>
   </div>
   <div class='ocr_carea' id='block_1_9' title="bbox 419 804 1994 876">
    <p class='ocr_par' dir='ltr' id='par_1_9' title="bbox 419 804 1994 876">
     <span class='ocr_line' id='line_1_9' title="bbox 419 804 1994 876; baseline -0.001 -15"><span class='ocrx_word' id='word_1_60' title='bbox 419 810 529 862; x_wconf 93' lang='lat' dir='ltr'><strong>lum</strong></span> <span class='ocrx_word' id='word_1_61' title='bbox 566 809 619 862; x_wconf 93' lang='lat' dir='ltr'><strong>in</strong></span> <span class='ocrx_word' id='word_1_62' title='bbox 649 809 718 864; x_wconf 89' lang='lat' dir='ltr'><strong>iis</strong></span> <span class='ocrx_word' id='word_1_63' title='bbox 740 807 1085 862; x_wconf 76' lang='lat' dir='ltr'><strong>orationibus</strong></span> <span class='ocrx_word' id='word_1_64' title='bbox 1109 847 1124 873; x_wconf 90' lang='lat'><strong>,</strong></span> <span class='ocrx_word' id='word_1_65' title='bbox 1151 821 1272 876; x_wconf 74' lang='lat' dir='ltr'><strong>quae</strong></span> <span class='ocrx_word' id='word_1_66' title='bbox 1305 804 1372 860; x_wconf 90' lang='lat' dir='ltr'><strong>de</strong></span> <span class='ocrx_word' id='word_1_67' title='bbox 1403 805 1670 876; x_wconf 83' lang='lat' dir='ltr'><strong>religione</strong></span> <span class='ocrx_word' id='word_1_68' title='bbox 1702 820 1764 860; x_wconf 93' lang='lat' dir='ltr'><strong>ac</strong></span> <span class='ocrx_word' id='word_1_69' title='bbox 1792 806 1994 876; x_wconf 89' lang='lat' dir='ltr'><strong>pietate</strong></span> 
     </span>
    </p>
   </div>
   <div class='ocr_carea' id='block_1_10' title="bbox 415 895 1992 966">
    <p class='ocr_par' dir='ltr' id='par_1_10' title="bbox 415 895 1992 966">
     <span class='ocr_line' id='line_1_10' title="bbox 415 895 1992 966; baseline -0.003 -14"><span class='ocrx_word' id='word_1_70' title='bbox 415 899 708 963; x_wconf 82' lang='lat' dir='ltr'><strong>habentur,</strong></span> <span class='ocrx_word' id='word_1_71' title='bbox 740 914 927 954; x_wconf 90' lang='lat' dir='ltr'><strong>verum</strong></span> <span class='ocrx_word' id='word_1_72' title='bbox 968 899 1133 953; x_wconf 89' lang='lat' dir='ltr'><strong>etiam</strong></span> <span class='ocrx_word' id='word_1_73' title='bbox 1168 898 1222 951; x_wconf 91' lang='lat' dir='ltr'><strong>in</strong></span> <span class='ocrx_word' id='word_1_74' title='bbox 1255 897 1498 952; x_wconf 85' lang='lat' dir='ltr'><strong>externis</strong></span> <span class='ocrx_word' id='word_1_75' title='bbox 1521 935 1536 959; x_wconf 91' lang='lat'><strong>,</strong></span> <span class='ocrx_word' id='word_1_76' title='bbox 1583 905 1637 950; x_wconf 91' lang='lat' dir='ltr'><strong>et</strong></span> <span class='ocrx_word' id='word_1_77' title='bbox 1667 896 1733 950; x_wconf 91' lang='lat' dir='ltr'><strong>iis</strong></span> <span class='ocrx_word' id='word_1_78' title='bbox 1767 911 1888 966; x_wconf 77' lang='lat' dir='ltr'><strong>quze</strong></span> <span class='ocrx_word' id='word_1_79' title='bbox 1925 895 1992 949; x_wconf 91' lang='lat' dir='ltr'><strong>ad</strong></span> 
     </span>
    </p>
   </div>
   <div class='ocr_carea' id='block_1_11' title="bbox 417 985 1994 1060">
    <p class='ocr_par' dir='ltr' id='par_1_11' title="bbox 417 985 1994 1060">
     <span class='ocr_line' id='line_1_11' title="bbox 417 985 1994 1060; baseline -0.004 -14"><span class='ocrx_word' id='word_1_80' title='bbox 417 990 751 1046; x_wconf 81' lang='lat' dir='ltr'><strong>mundanam</strong></span> <span class='ocrx_word' id='word_1_81' title='bbox 777 993 1055 1060; x_wconf 88' lang='lat' dir='ltr'><strong>pertinent</strong></span> <span class='ocrx_word' id='word_1_82' title='bbox 1076 988 1418 1060; x_wconf 85' lang='lat' dir='ltr'><strong>sapientiam.</strong></span> <span class='ocrx_word' id='word_1_83' title='bbox 1447 985 1584 1054; x_wconf 86' lang='lat' dir='ltr'><strong>Quis</strong></span> <span class='ocrx_word' id='word_1_84' title='bbox 1606 987 1749 1042; x_wconf 89' lang='lat' dir='ltr'><strong>enim</strong></span> <span class='ocrx_word' id='word_1_85' title='bbox 1776 996 1994 1043; x_wconf 87' lang='lat' dir='ltr'><strong>estora-</strong></span> 
     </span>
    </p>
   </div>
   <div class='ocr_carea' id='block_1_12' title="bbox 415 1079 1986 1152">
    <p class='ocr_par' dir='ltr' id='par_1_12' title="bbox 415 1079 1986 1152">
     <span class='ocr_line' id='line_1_12' title="bbox 415 1079 1986 1152; baseline -0.001 -15"><span class='ocrx_word' id='word_1_86' title='bbox 415 1095 503 1137; x_wconf 89' lang='lat' dir='ltr'><strong>tor</strong></span> <span class='ocrx_word' id='word_1_87' title='bbox 534 1083 607 1136; x_wconf 87' lang='lat' dir='ltr'><strong>ita</strong></span> <span class='ocrx_word' id='word_1_88' title='bbox 649 1081 854 1137; x_wconf 88' lang='lat' dir='ltr'><strong>stultus</strong></span> <span class='ocrx_word' id='word_1_89' title='bbox 885 1082 1132 1152; x_wconf 87' lang='lat' dir='ltr'><strong>adeoque</strong></span> <span class='ocrx_word' id='word_1_90' title='bbox 1184 1081 1484 1141; x_wconf 79' lang='lat' dir='ltr'><strong>ridiculus,</strong></span> <span class='ocrx_word' id='word_1_91' title='bbox 1521 1081 1614 1150; x_wconf 85' lang='lat' dir='ltr'><strong>qui</strong></span> <span class='ocrx_word' id='word_1_92' title='bbox 1663 1080 1730 1135; x_wconf 88' lang='lat' dir='ltr'><strong>ad</strong></span> <span class='ocrx_word' id='word_1_93' title='bbox 1764 1079 1986 1150; x_wconf 85' lang='lat' dir='ltr'><strong>nuptias</strong></span> 
     </span>
    </p>
   </div>
   <div class='ocr_carea' id='block_1_13' title="bbox 418 1171 1996 1241">
    <p class='ocr_par' dir='ltr' id='par_1_13' title="bbox 418 1171 1996 1241">
     <span class='ocr_line' id='line_1_13' title="bbox 418 1171 1996 1241; baseline -0.003 -13"><span class='ocrx_word' id='word_1_94' title='bbox 418 1172 697 1228; x_wconf 84' lang='lat' dir='ltr'><strong>hilaritate</strong></span> <span class='ocrx_word' id='word_1_95' title='bbox 745 1181 800 1225; x_wconf 91' lang='lat' dir='ltr'><strong>et</strong></span> <span class='ocrx_word' id='word_1_96' title='bbox 848 1172 1195 1240; x_wconf 85' lang='lat' dir='ltr'><strong>jucunditate</strong></span> <span class='ocrx_word' id='word_1_97' title='bbox 1233 1172 1422 1241; x_wconf 90' lang='lat' dir='ltr'><strong>plenas</strong></span> <span class='ocrx_word' id='word_1_98' title='bbox 1473 1181 1739 1234; x_wconf 88' lang='lat' dir='ltr'><strong>vocatus.</strong></span> <span class='ocrx_word' id='word_1_99' title='bbox 1803 1171 1996 1226; x_wconf 89' lang='lat' dir='ltr'><strong>relicto</strong></span> 
     </span>
    </p>
   </div>
   <div class='ocr_carea' id='block_1_14' title="bbox 417 1260 1994 1333">
    <p class='ocr_par' dir='ltr' id='par_1_14' title="bbox 417 1260 1994 1333">
     <span class='ocr_line' id='line_1_14' title="bbox 417 1260 1994 1333; baseline -0.002 -16"><span class='ocrx_word' id='word_1_100' title='bbox 417 1273 543 1333; x_wconf 85' lang='lat' dir='ltr'><strong>apto</strong></span> <span class='ocrx_word' id='word_1_101' title='bbox 572 1271 625 1316; x_wconf 91' lang='lat' dir='ltr'><strong>et</strong></span> <span class='ocrx_word' id='word_1_102' title='bbox 653 1260 898 1330; x_wconf 87' lang='lat' dir='ltr'><strong>jucundo</strong></span> <span class='ocrx_word' id='word_1_103' title='bbox 926 1275 1124 1330; x_wconf 81' lang='lat' dir='ltr'><strong>genere</strong></span> <span class='ocrx_word' id='word_1_104' title='bbox 1159 1261 1426 1318; x_wconf 87' lang='lat' dir='ltr'><strong>orationis</strong></span> <span class='ocrx_word' id='word_1_105' title='bbox 1447 1301 1461 1325; x_wconf 92' lang='lat'><strong>,</strong></span> <span class='ocrx_word' id='word_1_106' title='bbox 1501 1263 1647 1330; x_wconf 88' lang='lat' dir='ltr'><strong>quod</strong></span> <span class='ocrx_word' id='word_1_107' title='bbox 1670 1275 1994 1317; x_wconf 66' lang='lat' dir='ltr'><strong>.accommo-</strong></span> 
     </span>
    </p>
   </div>
   <div class='ocr_carea' id='block_1_15' title="bbox 415 1352 1997 1423">
    <p class='ocr_par' dir='ltr' id='par_1_15' title="bbox 415 1352 1997 1423">
     <span class='ocr_line' id='line_1_15' title="bbox 415 1352 1997 1423; baseline 0.001 -16"><span class='ocrx_word' id='word_1_108' title='bbox 415 1355 604 1407; x_wconf 81' lang='lat' dir='ltr'><strong>datum</strong></span> <span class='ocrx_word' id='word_1_109' title='bbox 629 1353 701 1408; x_wconf 89' lang='lat' dir='ltr'><strong>sit</strong></span> <span class='ocrx_word' id='word_1_110' title='bbox 723 1391 738 1415; x_wconf 92' lang='lat'><strong>,</strong></span> <span class='ocrx_word' id='word_1_111' title='bbox 787 1367 850 1406; x_wconf 91' lang='lat' dir='ltr'><strong>ac</strong></span> <span class='ocrx_word' id='word_1_112' title='bbox 881 1352 1040 1420; x_wconf 89' lang='lat' dir='ltr'><strong>quasi</strong></span> <span class='ocrx_word' id='word_1_113' title='bbox 1079 1354 1491 1423; x_wconf 84' lang='lat' dir='ltr'><strong>congratuletur</strong></span> <span class='ocrx_word' id='word_1_114' title='bbox 1516 1353 1776 1408; x_wconf 87' lang='lat' dir='ltr'><strong>hilaritati</strong></span> <span class='ocrx_word' id='word_1_115' title='bbox 1811 1369 1875 1409; x_wconf 89' lang='lat' dir='ltr'><strong>ac</strong></span> <span class='ocrx_word' id='word_1_116' title='bbox 1919 1353 1997 1408; x_wconf 74' lang='lat' dir='ltr'><strong>fe-</strong></span> 
     </span>
    </p>
   </div>
   <div class='ocr_carea' id='block_1_16' title="bbox 417 1442 1998 1513">
    <p class='ocr_par' dir='ltr' id='par_1_16' title="bbox 417 1442 1998 1513">
     <span class='ocr_line' id='line_1_16' title="bbox 417 1442 1998 1513; baseline 0 -16"><span class='ocrx_word' id='word_1_117' title='bbox 417 1444 646 1498; x_wconf 88' lang='lat' dir='ltr'><strong>stivitati</strong></span> <span class='ocrx_word' id='word_1_118' title='bbox 681 1451 1021 1507; x_wconf 88' lang='lat' dir='ltr'><strong>conventus,</strong></span> <span class='ocrx_word' id='word_1_119' title='bbox 1072 1443 1248 1498; x_wconf 89' lang='lat' dir='ltr'><strong>tristia</strong></span> <span class='ocrx_word' id='word_1_120' title='bbox 1282 1442 1528 1513; x_wconf 69' lang='lat' dir='ltr'><strong>quaedam</strong></span> <span class='ocrx_word' id='word_1_121' title='bbox 1561 1444 1803 1498; x_wconf 89' lang='lat' dir='ltr'><strong>carmina</strong></span> <span class='ocrx_word' id='word_1_122' title='bbox 1837 1452 1998 1512; x_wconf 88' lang='lat' dir='ltr'><strong>atque</strong></span> 
     </span>
    </p>
   </div>
   <div class='ocr_carea' id='block_1_17' title="bbox 417 1533 1997 1606">
    <p class='ocr_par' dir='ltr' id='par_1_17' title="bbox 417 1533 1997 1606">
     <span class='ocr_line' id='line_1_17' title="bbox 417 1533 1997 1606; baseline -0.002 -17"><span class='ocrx_word' id='word_1_123' title='bbox 417 1535 672 1606; x_wconf 82' lang='lat' dir='ltr'><strong>lugubria</strong></span> <span class='ocrx_word' id='word_1_124' title='bbox 719 1534 1070 1605; x_wconf 89' lang='lat' dir='ltr'><strong>pronuntiet,</strong></span> <span class='ocrx_word' id='word_1_125' title='bbox 1103 1542 1156 1588; x_wconf 91' lang='lat' dir='ltr'><strong>et</strong></span> <span class='ocrx_word' id='word_1_126' title='bbox 1179 1551 1242 1589; x_wconf 84' lang='lat' dir='ltr'><strong>ex</strong></span> <span class='ocrx_word' id='word_1_127' title='bbox 1284 1533 1552 1603; x_wconf 65' lang='lat' dir='ltr'><strong>tragoedia</strong></span> <span class='ocrx_word' id='word_1_128' title='bbox 1592 1535 1793 1604; x_wconf 88' lang='lat' dir='ltr'><strong>petitas</strong></span> <span class='ocrx_word' id='word_1_129' title='bbox 1849 1534 1997 1588; x_wconf 88' lang='lat' dir='ltr'><strong>cala-</strong></span> 
     </span>
    </p>
   </div>
   <div class='ocr_carea' id='block_1_18' title="bbox 416 1622 1999 1695">
    <p class='ocr_par' dir='ltr' id='par_1_18' title="bbox 416 1622 1999 1695">
     <span class='ocr_line' id='line_1_18' title="bbox 416 1622 1999 1695; baseline -0.004 -12"><span class='ocrx_word' id='word_1_130' title='bbox 416 1630 636 1683; x_wconf 87' lang='lat' dir='ltr'><strong>mitates</strong></span> <span class='ocrx_word' id='word_1_131' title='bbox 671 1628 725 1681; x_wconf 93' lang='lat' dir='ltr'><strong>in</strong></span> <span class='ocrx_word' id='word_1_132' title='bbox 749 1626 1003 1681; x_wconf 90' lang='lat' dir='ltr'><strong>convivio</strong></span> <span class='ocrx_word' id='word_1_133' title='bbox 1033 1625 1265 1695; x_wconf 89' lang='lat' dir='ltr'><strong>nuptiali</strong></span> <span class='ocrx_word' id='word_1_134' title='bbox 1293 1633 1346 1680; x_wconf 90' lang='lat' dir='ltr'><strong>et</strong></span> <span class='ocrx_word' id='word_1_135' title='bbox 1376 1625 1434 1678; x_wconf 92' lang='lat' dir='ltr'><strong>in</strong></span> <span class='ocrx_word' id='word_1_136' title='bbox 1459 1625 1703 1680; x_wconf 89' lang='lat' dir='ltr'><strong>thalamo</strong></span> <span class='ocrx_word' id='word_1_137' title='bbox 1737 1622 1999 1679; x_wconf 87' lang='lat' dir='ltr'><strong>occinat?</strong></span> 
     </span>
    </p>
   </div>
   <div class='ocr_carea' id='block_1_19' title="bbox 416 1716 1996 1787">
    <p class='ocr_par' dir='ltr' id='par_1_19' title="bbox 416 1716 1996 1787">
     <span class='ocr_line' id='line_1_19' title="bbox 416 1716 1996 1787; baseline -0.001 -14"><span class='ocrx_word' id='word_1_138' title='bbox 416 1721 525 1775; x_wconf 84' lang='lat' dir='ltr'><strong>Ant</strong></span> <span class='ocrx_word' id='word_1_139' title='bbox 563 1736 628 1774; x_wconf 84' lang='lat' dir='ltr'><strong>ex</strong></span> <span class='ocrx_word' id='word_1_140' title='bbox 657 1719 939 1774; x_wconf 87' lang='lat' dir='ltr'><strong>contrario</strong></span> <span class='ocrx_word' id='word_1_141' title='bbox 967 1728 1186 1771; x_wconf 90' lang='lat' dir='ltr'><strong>mortuo</strong></span> <span class='ocrx_word' id='word_1_142' title='bbox 1241 1716 1409 1770; x_wconf 88' lang='lat' dir='ltr'><strong>alicui</strong></span> <span class='ocrx_word' id='word_1_143' title='bbox 1446 1716 1603 1787; x_wconf 88' lang='lat' dir='ltr'><strong>justa</strong></span> <span class='ocrx_word' id='word_1_144' title='bbox 1659 1717 1888 1786; x_wconf 79' lang='lat' dir='ltr'><strong>exsequi</strong></span> <span class='ocrx_word' id='word_1_145' title='bbox 1941 1726 1996 1771; x_wconf 90' lang='lat' dir='ltr'><strong>et</strong></span> 
     </span>
    </p>
   </div>
   <div class='ocr_carea' id='block_1_20' title="bbox 2093 708 3675 777">
    <p class='ocr_par' dir='ltr' id='par_1_20' title="bbox 2093 708 3675 777">
     <span class='ocr_line' id='line_1_20' title="bbox 2093 708 3675 777; baseline 0.003 -17"><span class='ocrx_word' id='word_1_146' title='bbox 2093 709 2279 772; x_wconf 84' lang='grc' dir='ltr'>σκείας</span> <span class='ocrx_word' id='word_1_147' title='bbox 2302 709 2394 762; x_wconf 79' lang='grc' dir='ltr'>καὶ</span> <span class='ocrx_word' id='word_1_148' title='bbox 2419 708 2702 772; x_wconf 76' lang='grc' dir='ltr'>εὐσεϐείας</span> <span class='ocrx_word' id='word_1_149' title='bbox 2728 708 2928 777; x_wconf 85' lang='grc' dir='ltr'><strong>λόγοις,</strong></span> <span class='ocrx_word' id='word_1_150' title='bbox 2955 709 3093 763; x_wconf 89' lang='grc' dir='ltr'><strong>άλλά</strong></span> <span class='ocrx_word' id='word_1_151' title='bbox 3116 709 3211 763; x_wconf 79' lang='grc' dir='ltr'>καὶ</span> <span class='ocrx_word' id='word_1_152' title='bbox 3230 711 3323 764; x_wconf 79' lang='grc' dir='ltr'><strong>ἐπὶ</strong></span> <span class='ocrx_word' id='word_1_153' title='bbox 3343 711 3453 765; x_wconf 89' lang='grc' dir='ltr'><strong>τῶν</strong></span> <span class='ocrx_word' id='word_1_154' title='bbox 3476 712 3675 777; x_wconf 76' lang='grc' dir='ltr'>ἔξωθεν</span> 
     </span>
    </p>
   </div>
   <div class='ocr_carea' id='block_1_21' title="bbox 2093 800 3679 876">
    <p class='ocr_par' dir='ltr' id='par_1_21' title="bbox 2093 800 3679 876">
     <span class='ocr_line' id='line_1_21' title="bbox 2093 800 3679 876; baseline 0.004 -24"><span class='ocrx_word' id='word_1_155' title='bbox 2093 801 2308 872; x_wconf 75' lang='grc' dir='ltr'>καὶτῆς</span> <span class='ocrx_word' id='word_1_156' title='bbox 2339 800 2434 854; x_wconf 78' lang='grc' dir='ltr'>τοῦ</span> <span class='ocrx_word' id='word_1_157' title='bbox 2461 801 2668 872; x_wconf 84' lang='grc' dir='ltr'>κόσμου</span> <span class='ocrx_word' id='word_1_158' title='bbox 2700 802 2914 870; x_wconf 82' lang='grc' dir='ltr'><strong>σοφίας.</strong></span> <span class='ocrx_word' id='word_1_159' title='bbox 2973 802 3072 865; x_wconf 85' lang='grc' dir='ltr'>Τίς</span> <span class='ocrx_word' id='word_1_160' title='bbox 3103 801 3211 874; x_wconf 83' lang='grc' dir='ltr'>γὰρ</span> <span class='ocrx_word' id='word_1_161' title='bbox 3243 802 3412 868; x_wconf 79' lang='grc' dir='ltr'>οὓτως</span> <span class='ocrx_word' id='word_1_162' title='bbox 3449 804 3679 876; x_wconf 85' lang='grc' dir='ltr'>ἀνόητος</span> 
     </span>
    </p>
   </div>
   <div class='ocr_carea' id='block_1_22' title="bbox 2093 892 3681 967">
    <p class='ocr_par' dir='ltr' id='par_1_22' title="bbox 2093 892 3681 967">
     <span class='ocr_line' id='line_1_22' title="bbox 2093 892 3681 967; baseline 0.004 -23"><span class='ocrx_word' id='word_1_163' title='bbox 2093 892 2127 962; x_wconf 77' lang='grc' dir='ltr'><strong>ἢ</strong></span> <span class='ocrx_word' id='word_1_164' title='bbox 2177 893 2525 962; x_wconf 86' lang='grc' dir='ltr'>ὐπεργελοῖος</span> <span class='ocrx_word' id='word_1_165' title='bbox 2572 895 2775 964; x_wconf 77' lang='grc' dir='ltr'>ῥήτωρ,</span> <span class='ocrx_word' id='word_1_166' title='bbox 2822 893 2896 956; x_wconf 85' lang='grc' dir='ltr'><strong>ὡς</strong></span> <span class='ocrx_word' id='word_1_167' title='bbox 2955 893 3176 964; x_wconf 78' lang='grc' dir='ltr'>κληθεὶς</span> <span class='ocrx_word' id='word_1_168' title='bbox 3223 895 3304 959; x_wconf 80' lang='grc' dir='ltr'><strong>είς</strong></span> <span class='ocrx_word' id='word_1_169' title='bbox 3339 895 3681 967; x_wconf 74' lang='grc' dir='ltr'><strong>φαιδρότητα</strong></span> 
     </span>
    </p>
   </div>
   <div class='ocr_carea' id='block_1_23' title="bbox 2092 984 3677 1058">
    <p class='ocr_par' dir='ltr' id='par_1_23' title="bbox 2092 984 3677 1058">
     <span class='ocr_line' id='line_1_23' title="bbox 2092 984 3677 1058; baseline 0.001 -20"><span class='ocrx_word' id='word_1_170' title='bbox 2092 984 2270 1054; x_wconf 82' lang='grc' dir='ltr'><strong>γάμου</strong></span> <span class='ocrx_word' id='word_1_171' title='bbox 2303 986 2606 1056; x_wconf 81' lang='grc' dir='ltr'>ἀποστῆναι</span> <span class='ocrx_word' id='word_1_172' title='bbox 2636 985 2735 1054; x_wconf 83' lang='grc' dir='ltr'><strong>μὲν</strong></span> <span class='ocrx_word' id='word_1_173' title='bbox 2768 985 2876 1038; x_wconf 86' lang='grc' dir='ltr'><strong>τῶν</strong></span> <span class='ocrx_word' id='word_1_174' title='bbox 2914 986 3185 1058; x_wconf 87' lang='grc' dir='ltr'>ἁρμοδίων</span> <span class='ocrx_word' id='word_1_175' title='bbox 3217 987 3392 1056; x_wconf 84' lang='grc' dir='ltr'>λόγων</span> <span class='ocrx_word' id='word_1_176' title='bbox 3416 988 3514 1042; x_wconf 85' lang='grc' dir='ltr'>καὶ</span> <span class='ocrx_word' id='word_1_177' title='bbox 3541 987 3677 1057; x_wconf 85' lang='grc' dir='ltr'>γλα-</span> 
     </span>
    </p>
   </div>
   <div class='ocr_carea' id='block_1_24' title="bbox 2095 1076 3674 1151">
    <p class='ocr_par' dir='ltr' id='par_1_24' title="bbox 2095 1076 3674 1151">
     <span class='ocr_line' id='line_1_24' title="bbox 2095 1076 3674 1151; baseline 0.001 -21"><span class='ocrx_word' id='word_1_178' title='bbox 2095 1076 2283 1148; x_wconf 83' lang='grc' dir='ltr'>φυρῶν</span> <span class='ocrx_word' id='word_1_179' title='bbox 2316 1077 2792 1132; x_wconf 85' lang='grc' dir='ltr'>συνευπαθούντων</span> <span class='ocrx_word' id='word_1_180' title='bbox 2816 1079 2937 1141; x_wconf 80' lang='grc' dir='ltr'>ταῖς</span> <span class='ocrx_word' id='word_1_181' title='bbox 2960 1079 3057 1149; x_wconf 85' lang='grc' dir='ltr'>τῆς</span> <span class='ocrx_word' id='word_1_182' title='bbox 3085 1079 3446 1151; x_wconf 75' lang='grc' dir='ltr'><strong>πανηγύρεως</strong></span> <span class='ocrx_word' id='word_1_183' title='bbox 3464 1080 3674 1150; x_wconf 78' lang='grc' dir='ltr'>χάρισι,</span> 
     </span>
    </p>
   </div>
   <div class='ocr_carea' id='block_1_25' title="bbox 2095 1167 3679 1240">
    <p class='ocr_par' dir='ltr' id='par_1_25' title="bbox 2095 1167 3679 1240">
     <span class='ocr_line' id='line_1_25' title="bbox 2095 1167 3679 1240; baseline 0.002 -20"><span class='ocrx_word' id='word_1_184' title='bbox 2095 1167 2262 1238; x_wconf 85' lang='grc' dir='ltr'>γοερά</span> <span class='ocrx_word' id='word_1_185' title='bbox 2304 1168 2361 1222; x_wconf 81' lang='grc' dir='ltr'>δὲ</span> <span class='ocrx_word' id='word_1_186' title='bbox 2410 1168 2547 1240; x_wconf 84' lang='grc' dir='ltr'>μέλη</span> <span class='ocrx_word' id='word_1_187' title='bbox 2589 1167 2806 1239; x_wconf 85' lang='grc' dir='ltr'>θρηνεῖν</span> <span class='ocrx_word' id='word_1_188' title='bbox 2839 1170 2932 1223; x_wconf 76' lang='grc' dir='ltr'><strong>καὶ</strong></span> <span class='ocrx_word' id='word_1_189' title='bbox 2959 1169 3027 1222; x_wconf 88' lang='grc' dir='ltr'><strong>τά</strong></span> <span class='ocrx_word' id='word_1_190' title='bbox 3064 1171 3128 1223; x_wconf 86' lang='grc' dir='ltr'><strong>ἐκ</strong></span> <span class='ocrx_word' id='word_1_191' title='bbox 3168 1169 3478 1240; x_wconf 74' lang='grc' dir='ltr'><strong>τραγῳδίας</strong></span> <span class='ocrx_word' id='word_1_192' title='bbox 3533 1172 3679 1224; x_wconf 76' lang='grc' dir='ltr'><strong>κακά</strong></span> 
     </span>
    </p>
   </div>
   <div class='ocr_carea' id='block_1_26' title="bbox 2094 1260 3678 1333">
    <p class='ocr_par' dir='ltr' id='par_1_26' title="bbox 2094 1260 3678 1333">
     <span class='ocr_line' id='line_1_26' title="bbox 2094 1260 3678 1333; baseline 0 -19"><span class='ocrx_word' id='word_1_193' title='bbox 2094 1261 2204 1314; x_wconf 82' lang='grc' dir='ltr'><strong>τῶν</strong></span> <span class='ocrx_word' id='word_1_194' title='bbox 2249 1261 2537 1316; x_wconf 80' lang='grc' dir='ltr'><strong>παστάδων</strong></span> <span class='ocrx_word' id='word_1_195' title='bbox 2581 1260 3072 1332; x_wconf 74' lang='grc' dir='ltr'>κατολοφόρεσθαις</span> <span class='ocrx_word' id='word_1_196' title='bbox 3117 1261 3151 1331; x_wconf 84' lang='grc' dir='ltr'>ῆ</span> <span class='ocrx_word' id='word_1_197' title='bbox 3177 1261 3239 1314; x_wconf 82' lang='grc' dir='ltr'><strong>τὸ</strong></span> <span class='ocrx_word' id='word_1_198' title='bbox 3267 1261 3505 1333; x_wconf 82' lang='grc' dir='ltr'>ἔμπαλιν</span> <span class='ocrx_word' id='word_1_199' title='bbox 3552 1263 3678 1315; x_wconf 74' lang='grc' dir='ltr'>ἐτα-</span> 
     </span>
    </p>
   </div>
   <div class='ocr_carea' id='block_1_27' title="bbox 2095 1351 3679 1424">
    <p class='ocr_par' dir='ltr' id='par_1_27' title="bbox 2095 1351 3679 1424">
     <span class='ocr_line' id='line_1_27' title="bbox 2095 1351 3679 1424; baseline 0 -18"><span class='ocrx_word' id='word_1_200' title='bbox 2095 1352 2315 1423; x_wconf 71' lang='grc' dir='ltr'>ταχθεὶς</span> <span class='ocrx_word' id='word_1_201' title='bbox 2355 1352 2435 1406; x_wconf 76' lang='grc' dir='ltr'><strong>ἐνὶ</strong></span> <span class='ocrx_word' id='word_1_202' title='bbox 2463 1352 2570 1405; x_wconf 87' lang='grc' dir='ltr'><strong>τῶν</strong></span> <span class='ocrx_word' id='word_1_203' title='bbox 2596 1353 3061 1424; x_wconf 81' lang='grc' dir='ltr'><strong>τετελευτηκότων</strong></span> <span class='ocrx_word' id='word_1_204' title='bbox 3094 1353 3162 1406; x_wconf 79' lang='grc' dir='ltr'>τὰ</span> <span class='ocrx_word' id='word_1_205' title='bbox 3195 1351 3560 1424; x_wconf 78' lang='grc' dir='ltr'>νενομισμένα</span> <span class='ocrx_word' id='word_1_206' title='bbox 3585 1370 3679 1406; x_wconf 81' lang='grc' dir='ltr'>τε·</span> 
     </span>
    </p>
   </div>
   <div class='ocr_carea' id='block_1_28' title="bbox 2097 1439 3679 1514">
    <p class='ocr_par' dir='ltr' id='par_1_28' title="bbox 2097 1439 3679 1514">
     <span class='ocr_line' id='line_1_28' title="bbox 2097 1439 3679 1514; baseline 0.002 -20"><span class='ocrx_word' id='word_1_207' title='bbox 2097 1443 2227 1507; x_wconf 81' lang='grc' dir='ltr'>λεῖν,</span> <span class='ocrx_word' id='word_1_208' title='bbox 2259 1439 2607 1496; x_wconf 87' lang='grc' dir='ltr'>ἐπιλαθέσθαι</span> <span class='ocrx_word' id='word_1_209' title='bbox 2653 1442 2754 1513; x_wconf 82' lang='grc' dir='ltr'>μὲν</span> <span class='ocrx_word' id='word_1_210' title='bbox 2796 1441 2890 1495; x_wconf 84' lang='grc' dir='ltr'>τοῦ</span> <span class='ocrx_word' id='word_1_211' title='bbox 2924 1441 3152 1506; x_wconf 79' lang='grc' dir='ltr'><strong>πάθους,</strong></span> <span class='ocrx_word' id='word_1_212' title='bbox 3205 1442 3595 1514; x_wconf 78' lang='grc' dir='ltr'>φαιδρύνεσθαι</span> <span class='ocrx_word' id='word_1_213' title='bbox 3623 1444 3679 1497; x_wconf 78' lang='grc' dir='ltr'>δὲ</span> 
     </span>
    </p>
   </div>
   <div class='ocr_carea' id='block_1_29' title="bbox 2099 1533 3681 1604">
    <p class='ocr_par' dir='ltr' id='par_1_29' title="bbox 2099 1533 3681 1604">
     <span class='ocr_line' id='line_1_29' title="bbox 2099 1533 3681 1604; baseline 0.001 -18"><span class='ocrx_word' id='word_1_214' title='bbox 2099 1535 2233 1604; x_wconf 81' lang='grc' dir='ltr'>πρὸς</span> <span class='ocrx_word' id='word_1_215' title='bbox 2263 1533 2356 1588; x_wconf 68' lang='grc' dir='ltr'><strong>τὸν</strong></span> <span class='ocrx_word' id='word_1_216' title='bbox 2379 1533 2682 1602; x_wconf 78' lang='grc' dir='ltr'>κατηφείας</span> <span class='ocrx_word' id='word_1_217' title='bbox 2711 1533 2950 1604; x_wconf 81' lang='grc' dir='ltr'>γέμοντα</span> <span class='ocrx_word' id='word_1_218' title='bbox 2977 1533 3265 1602; x_wconf 80' lang='grc' dir='ltr'>σύλλογον;</span> <span class='ocrx_word' id='word_1_219' title='bbox 3297 1535 3360 1588; x_wconf 79' lang='lat' dir='ltr'><strong>Ei</strong></span> <span class='ocrx_word' id='word_1_220' title='bbox 3391 1534 3452 1588; x_wconf 83' lang='grc' dir='ltr'>δὲ</span> <span class='ocrx_word' id='word_1_221' title='bbox 3482 1536 3542 1588; x_wconf 88' lang='grc' dir='ltr'><strong>ἐν</strong></span> <span class='ocrx_word' id='word_1_222' title='bbox 3565 1539 3681 1599; x_wconf 81' lang='grc' dir='ltr'>τοῖς</span> 
     </span>
    </p>
   </div>
   <div class='ocr_carea' id='block_1_30' title="bbox 2098 1625 3678 1700">
    <p class='ocr_par' dir='ltr' id='par_1_30' title="bbox 2098 1625 3678 1700">
     <span class='ocr_line' id='line_1_30' title="bbox 2098 1625 3678 1700; baseline 0.001 -20"><span class='ocrx_word' id='word_1_223' title='bbox 2098 1627 2411 1697; x_wconf 85' lang='grc' dir='ltr'>ἐγκοσμίοις</span> <span class='ocrx_word' id='word_1_224' title='bbox 2432 1627 2596 1680; x_wconf 82' lang='grc' dir='ltr'>καλὸν</span> <span class='ocrx_word' id='word_1_225' title='bbox 2622 1628 2654 1696; x_wconf 85' lang='grc' dir='ltr'><strong>ἡ</strong></span> <span class='ocrx_word' id='word_1_226' title='bbox 2686 1625 2837 1692; x_wconf 78' lang='grc' dir='ltr'>τάξις</span> <span class='ocrx_word' id='word_1_227' title='bbox 2858 1626 2954 1680; x_wconf 71' lang='grc' dir='ltr'>καὶ</span> <span class='ocrx_word' id='word_1_228' title='bbox 2979 1628 3277 1699; x_wconf 84' lang='grc' dir='ltr'>ἐπιστήμη,</span> <span class='ocrx_word' id='word_1_229' title='bbox 3302 1627 3484 1699; x_wconf 83' lang='grc' dir='ltr'>πολλῷ</span> <span class='ocrx_word' id='word_1_230' title='bbox 3505 1628 3678 1700; x_wconf 78' lang='grc' dir='ltr'>δήπου</span> 
     </span>
    </p>
   </div>
   <div class='ocr_carea' id='block_1_31' title="bbox 2099 1715 3676 1791">
    <p class='ocr_par' dir='ltr' id='par_1_31' title="bbox 2099 1715 3676 1791">
     <span class='ocr_line' id='line_1_31' title="bbox 2099 1715 3676 1791; baseline 0.002 -22"><span class='ocrx_word' id='word_1_231' title='bbox 2099 1715 2260 1769; x_wconf 87' lang='grc' dir='ltr'>πλέον</span> <span class='ocrx_word' id='word_1_232' title='bbox 2288 1717 2345 1769; x_wconf 90' lang='grc' dir='ltr'><strong>ἐν</strong></span> <span class='ocrx_word' id='word_1_233' title='bbox 2387 1719 2498 1779; x_wconf 78' lang='grc' dir='ltr'>τοῖς</span> <span class='ocrx_word' id='word_1_234' title='bbox 2535 1715 2790 1788; x_wconf 90' lang='grc' dir='ltr'>μεγάλοις</span> <span class='ocrx_word' id='word_1_235' title='bbox 2822 1716 2916 1770; x_wconf 78' lang='grc' dir='ltr'>καὶ</span> <span class='ocrx_word' id='word_1_236' title='bbox 2958 1717 3223 1787; x_wconf 80' lang='grc' dir='ltr'>οὐρανίοις</span> <span class='ocrx_word' id='word_1_237' title='bbox 3250 1717 3676 1791; x_wconf 78' lang='grc' dir='ltr'>ἁρμοδιώτερον.</span> 
     </span>
    </p>
   </div>
   <div class='ocr_carea' id='block_1_32' title="bbox 417 1795 1990 1882">
    <p class='ocr_par' dir='ltr' id='par_1_32' title="bbox 417 1807 1990 1879">
     <span class='ocr_line' id='line_1_32' title="bbox 417 1807 1990 1879; baseline 0 -15"><span class='ocrx_word' id='word_1_238' title='bbox 417 1813 726 1866; x_wconf 87' lang='lat' dir='ltr'><strong>orationem</strong></span> <span class='ocrx_word' id='word_1_239' title='bbox 777 1807 1065 1864; x_wconf 78' lang='lat' dir='ltr'><strong>funebrem</strong></span> <span class='ocrx_word' id='word_1_240' title='bbox 1096 1808 1297 1863; x_wconf 89' lang='lat' dir='ltr'><strong>habere</strong></span> <span class='ocrx_word' id='word_1_241' title='bbox 1335 1808 1563 1878; x_wconf 87' lang='lat' dir='ltr'><strong>jussus,</strong></span> <span class='ocrx_word' id='word_1_242' title='bbox 1613 1809 1818 1864; x_wconf 90' lang='lat' dir='ltr'><strong>oblitus</strong></span> <span class='ocrx_word' id='word_1_243' title='bbox 1852 1824 1990 1879; x_wconf 69' lang='lat' dir='ltr'><strong>pra:-</strong></span> 
     </span>
    </p>
   </div>
   <div class='ocr_carea' id='block_1_33' title="bbox 2095 1795 3675 1882">
    <p class='ocr_par' dir='ltr' id='par_1_33' title="bbox 2095 1806 3675 1882">
     <span class='ocr_line' id='line_1_33' title="bbox 2095 1806 3675 1882; baseline 0.003 -23"><span class='ocrx_word' id='word_1_244' title='bbox 2095 1806 2328 1878; x_wconf 76' lang='grc' dir='ltr'>Χριστὸς</span> <span class='ocrx_word' id='word_1_245' title='bbox 2351 1806 2528 1860; x_wconf 85' lang='grc' dir='ltr'>τοίνυν</span> <span class='ocrx_word' id='word_1_246' title='bbox 2566 1807 2764 1877; x_wconf 80' lang='grc' dir='ltr'>ἀνέστη</span> <span class='ocrx_word' id='word_1_247' title='bbox 2807 1809 3044 1879; x_wconf 80' lang='grc' dir='ltr'>σήμερον</span> <span class='ocrx_word' id='word_1_248' title='bbox 3073 1810 3102 1861; x_wconf 88' lang='grc' dir='ltr'><strong>ό</strong></span> <span class='ocrx_word' id='word_1_249' title='bbox 3127 1808 3279 1873; x_wconf 82' lang='grc' dir='ltr'>Θεὸς,</span> <span class='ocrx_word' id='word_1_250' title='bbox 3312 1810 3342 1862; x_wconf 90' lang='grc' dir='ltr'><strong>ό</strong></span> <span class='ocrx_word' id='word_1_251' title='bbox 3365 1809 3619 1882; x_wconf 80' lang='grc' dir='ltr'>ἀπαθὴς,</span> <span class='ocrx_word' id='word_1_252' title='bbox 3642 1811 3675 1863; x_wconf 86' lang='grc' dir='ltr'><strong>ό</strong></span> 
     </span>
    </p>
   </div>
   <div class='ocr_carea' id='block_1_34' title="bbox 418 1894 1991 1966">
    <p class='ocr_par' dir='ltr' id='par_1_34' title="bbox 418 1894 1991 1966">
     <span class='ocr_line' id='line_1_34' title="bbox 418 1894 1991 1966; baseline -0.003 -9"><span class='ocrx_word' id='word_1_253' title='bbox 418 1901 592 1956; x_wconf 89' lang='lat' dir='ltr'><strong>sentis</strong></span> <span class='ocrx_word' id='word_1_254' title='bbox 653 1913 850 1961; x_wconf 91' lang='lat' dir='ltr'><strong>casus,</strong></span> <span class='ocrx_word' id='word_1_255' title='bbox 889 1894 1198 1966; x_wconf 81' lang='lat' dir='ltr'><strong>jucundum</strong></span> <span class='ocrx_word' id='word_1_256' title='bbox 1252 1910 1312 1951; x_wconf 88' lang='lat' dir='ltr'><strong>se</strong></span> <span class='ocrx_word' id='word_1_257' title='bbox 1359 1897 1599 1966; x_wconf 73' lang='lat' dir='ltr'><strong>praebeat</strong></span> <span class='ocrx_word' id='word_1_258' title='bbox 1656 1907 1711 1952; x_wconf 89' lang='lat' dir='ltr'><strong>ct</strong></span> <span class='ocrx_word' id='word_1_259' title='bbox 1757 1897 1991 1952; x_wconf 90' lang='lat' dir='ltr'><strong>hilarem</strong></span> 
     </span>
    </p>
   </div>
   <div class='ocr_carea' id='block_1_35' title="bbox 417 1987 1996 2060">
    <p class='ocr_par' dir='ltr' id='par_1_35' title="bbox 417 1987 1996 2060">
     <span class='ocr_line' id='line_1_35' title="bbox 417 1987 1996 2060; baseline 0.002 -17"><span class='ocrx_word' id='word_1_260' title='bbox 417 1990 560 2060; x_wconf 84' lang='lat' dir='ltr'><strong>apud</strong></span> <span class='ocrx_word' id='word_1_261' title='bbox 591 1989 850 2045; x_wconf 70' lang='lat' dir='ltr'><strong>mmstitia</strong></span> <span class='ocrx_word' id='word_1_262' title='bbox 882 1988 1101 2058; x_wconf 91' lang='lat' dir='ltr'><strong>plenum</strong></span> <span class='ocrx_word' id='word_1_263' title='bbox 1113 1987 1485 2043; x_wconf 73' lang='lat' dir='ltr'><strong>conventum?</strong></span> <span class='ocrx_word' id='word_1_264' title='bbox 1509 1987 1664 2054; x_wconf 86' lang='lat' dir='ltr'><strong>Quod</strong></span> <span class='ocrx_word' id='word_1_265' title='bbox 1689 1988 1733 2044; x_wconf 93' lang='lat' dir='ltr'><strong>si</strong></span> <span class='ocrx_word' id='word_1_266' title='bbox 1754 1989 1808 2044; x_wconf 91' lang='lat' dir='ltr'><strong>in</strong></span> <span class='ocrx_word' id='word_1_267' title='bbox 1833 1989 1996 2046; x_wconf 84' lang='lat' dir='ltr'><strong>rebus</strong></span> 
     </span>
    </p>
   </div>
   <div class='ocr_carea' id='block_1_36' title="bbox 416 2079 1993 2152">
    <p class='ocr_par' dir='ltr' id='par_1_36' title="bbox 416 2079 1993 2152">
     <span class='ocr_line' id='line_1_36' title="bbox 416 2079 1993 2152; baseline -0.001 -15"><span class='ocrx_word' id='word_1_268' title='bbox 416 2082 712 2138; x_wconf 86' lang='lat' dir='ltr'><strong>mundanis</strong></span> <span class='ocrx_word' id='word_1_269' title='bbox 781 2096 870 2136; x_wconf 89' lang='lat' dir='ltr'><strong>res</strong></span> <span class='ocrx_word' id='word_1_270' title='bbox 918 2080 1119 2135; x_wconf 86' lang='lat' dir='ltr'><strong>decora</strong></span> <span class='ocrx_word' id='word_1_271' title='bbox 1169 2090 1256 2136; x_wconf 88' lang='lat' dir='ltr'><strong>est</strong></span> <span class='ocrx_word' id='word_1_272' title='bbox 1303 2079 1440 2136; x_wconf 90' lang='lat' dir='ltr'><strong>ordo</strong></span> <span class='ocrx_word' id='word_1_273' title='bbox 1504 2086 1668 2152; x_wconf 89' lang='lat' dir='ltr'><strong>atque</strong></span> <span class='ocrx_word' id='word_1_274' title='bbox 1727 2081 1993 2146; x_wconf 90' lang='lat' dir='ltr'><strong>scientia,</strong></span> 
     </span>
    </p>
   </div>
   <div class='ocr_carea' id='block_1_37' title="bbox 416 2170 1993 2244">
    <p class='ocr_par' dir='ltr' id='par_1_37' title="bbox 416 2170 1993 2244">
     <span class='ocr_line' id='line_1_37' title="bbox 416 2170 1993 2244; baseline 0 -16"><span class='ocrx_word' id='word_1_275' title='bbox 416 2174 590 2228; x_wconf 87' lang='lat' dir='ltr'><strong>multo</strong></span> <span class='ocrx_word' id='word_1_276' title='bbox 619 2170 865 2244; x_wconf 78' lang='lat' dir='ltr'><strong>profecto</strong></span> <span class='ocrx_word' id='word_1_277' title='bbox 894 2172 1069 2243; x_wconf 89' lang='lat' dir='ltr'><strong>magis</strong></span> <span class='ocrx_word' id='word_1_278' title='bbox 1119 2185 1239 2226; x_wconf 88' lang='lat' dir='ltr'><strong>eam</strong></span> <span class='ocrx_word' id='word_1_279' title='bbox 1290 2173 1574 2230; x_wconf 80' lang='lat' dir='ltr'><strong>observari</strong></span> <span class='ocrx_word' id='word_1_280' title='bbox 1635 2173 1896 2229; x_wconf 86' lang='lat' dir='ltr'><strong>convenit</strong></span> <span class='ocrx_word' id='word_1_281' title='bbox 1936 2173 1993 2228; x_wconf 89' lang='lat' dir='ltr'><strong>in</strong></span> 
     </span>
    </p>
   </div>
   <div class='ocr_carea' id='block_1_38' title="bbox 415 2263 1996 2336">
    <p class='ocr_par' dir='ltr' id='par_1_38' title="bbox 415 2263 1996 2336">
     <span class='ocr_line' id='line_1_38' title="bbox 415 2263 1996 2336; baseline 0.001 -18"><span class='ocrx_word' id='word_1_282' title='bbox 415 2267 582 2322; x_wconf 89' lang='lat' dir='ltr'><strong>rebus</strong></span> <span class='ocrx_word' id='word_1_283' title='bbox 623 2265 838 2335; x_wconf 89' lang='lat' dir='ltr'><strong>magnis</strong></span> <span class='ocrx_word' id='word_1_284' title='bbox 893 2272 1061 2334; x_wconf 92' lang='lat' dir='ltr'><strong>atque</strong></span> <span class='ocrx_word' id='word_1_285' title='bbox 1117 2263 1456 2320; x_wconf 79' lang='lat' dir='ltr'><strong>ccelestibus.</strong></span> <span class='ocrx_word' id='word_1_286' title='bbox 1519 2263 1774 2321; x_wconf 88' lang='lat' dir='ltr'><strong>Christus</strong></span> <span class='ocrx_word' id='word_1_287' title='bbox 1828 2263 1996 2336; x_wconf 90' lang='lat' dir='ltr'><strong>igitur</strong></span> 
     </span>
    </p>
   </div>
   <div class='ocr_carea' id='block_1_39' title="bbox 413 2356 1995 2421">
    <p class='ocr_par' dir='ltr' id='par_1_39' title="bbox 413 2356 1995 2421">
     <span class='ocr_line' id='line_1_39' title="bbox 413 2356 1995 2421; baseline -0.001 -8"><span class='ocrx_word' id='word_1_288' title='bbox 413 2358 575 2413; x_wconf 88' lang='lat' dir='ltr'><strong>nobis</strong></span> <span class='ocrx_word' id='word_1_289' title='bbox 606 2356 908 2414; x_wconf 67' lang='lat' dir='ltr'><strong>resurrexit</strong></span> <span class='ocrx_word' id='word_1_290' title='bbox 936 2356 1099 2413; x_wconf 88' lang='lat' dir='ltr'><strong>hodie</strong></span> <span class='ocrx_word' id='word_1_291' title='bbox 1129 2356 1276 2412; x_wconf 83' lang='lat' dir='ltr'><strong>Deus</strong></span> <span class='ocrx_word' id='word_1_292' title='bbox 1297 2394 1314 2421; x_wconf 90' lang='lat'><strong>,</strong></span> <span class='ocrx_word' id='word_1_293' title='bbox 1367 2356 1779 2413; x_wconf 86' lang='lat' dir='ltr'><strong>calamitatibus</strong></span> <span class='ocrx_word' id='word_1_294' title='bbox 1823 2364 1878 2412; x_wconf 90' lang='lat' dir='ltr'><strong>et</strong></span> <span class='ocrx_word' id='word_1_295' title='bbox 1901 2371 1995 2412; x_wconf 87' lang='lat' dir='ltr'><strong>ca-</strong></span> 
     </span>
    </p>
   </div>
   <div class='ocr_carea' id='block_1_40' title="bbox 415 2447 1992 2519">
    <p class='ocr_par' dir='ltr' id='par_1_40' title="bbox 415 2447 1992 2519">
     <span class='ocr_line' id='line_1_40' title="bbox 415 2447 1992 2519; baseline 0.001 -16"><span class='ocrx_word' id='word_1_296' title='bbox 415 2449 570 2504; x_wconf 86' lang='lat' dir='ltr'><strong>sibus</strong></span> <span class='ocrx_word' id='word_1_297' title='bbox 600 2448 837 2518; x_wconf 85' lang='lat' dir='ltr'><strong>amplius</strong></span> <span class='ocrx_word' id='word_1_298' title='bbox 868 2463 977 2501; x_wconf 88' lang='lat' dir='ltr'><strong>non</strong></span> <span class='ocrx_word' id='word_1_299' title='bbox 1007 2449 1282 2504; x_wconf 78' lang='lat' dir='ltr'><strong>obnoxius</strong></span> <span class='ocrx_word' id='word_1_300' title='bbox 1305 2487 1319 2508; x_wconf 90' lang='lat'><strong><em>.</em></strong></span> <span class='ocrx_word' id='word_1_301' title='bbox 1367 2447 1696 2503; x_wconf 89' lang='lat' dir='ltr'><strong>immortalis</strong></span> <span class='ocrx_word' id='word_1_302' title='bbox 1719 2448 1820 2519; x_wconf 77' lang='lat' dir='ltr'><strong>(Ac</strong></span> <span class='ocrx_word' id='word_1_303' title='bbox 1851 2449 1992 2504; x_wconf 90' lang='lat' dir='ltr'><strong>sub-</strong></span> 
     </span>
    </p>
   </div>
   <div class='ocr_carea' id='block_1_41' title="bbox 415 2539 1996 2611">
    <p class='ocr_par' dir='ltr' id='par_1_41' title="bbox 415 2539 1996 2611">
     <span class='ocr_line' id='line_1_41' title="bbox 415 2539 1996 2611; baseline 0 -16"><span class='ocrx_word' id='word_1_304' title='bbox 415 2542 548 2596; x_wconf 82' lang='lat' dir='ltr'><strong>siste</strong></span> <span class='ocrx_word' id='word_1_305' title='bbox 571 2555 870 2610; x_wconf 87' lang='lat' dir='ltr'><strong>parumper</strong></span> <span class='ocrx_word' id='word_1_306' title='bbox 905 2549 984 2606; x_wconf 93' lang='lat' dir='ltr'><strong>tu,</strong></span> <span class='ocrx_word' id='word_1_307' title='bbox 1001 2539 1242 2602; x_wconf 90' lang='lat' dir='ltr'><strong>ethnice,</strong></span> <span class='ocrx_word' id='word_1_308' title='bbox 1263 2539 1761 2611; x_wconf 78' lang='lat' dir='ltr'><strong>omissopetulanti</strong></span> <span class='ocrx_word' id='word_1_309' title='bbox 1786 2553 1850 2594; x_wconf 87' lang='lat' dir='ltr'><strong>ac</strong></span> <span class='ocrx_word' id='word_1_310' title='bbox 1871 2554 1996 2611; x_wconf 89' lang='lat' dir='ltr'><strong>pro-</strong></span> 
     </span>
    </p>
   </div>
   <div class='ocr_carea' id='block_1_42' title="bbox 411 2629 1993 2700">
    <p class='ocr_par' dir='ltr' id='par_1_42' title="bbox 411 2629 1993 2700">
     <span class='ocr_line' id='line_1_42' title="bbox 411 2629 1993 2700; baseline 0.001 -16"><span class='ocrx_word' id='word_1_311' title='bbox 411 2641 576 2687; x_wconf 79' lang='lat' dir='ltr'><strong>tervo</strong></span> <span class='ocrx_word' id='word_1_312' title='bbox 599 2631 746 2698; x_wconf 87' lang='lat' dir='ltr'><strong>risu,</strong></span> <span class='ocrx_word' id='word_1_313' title='bbox 779 2630 959 2700; x_wconf 88' lang='lat' dir='ltr'><strong>quoad</strong></span> <span class='ocrx_word' id='word_1_314' title='bbox 992 2629 1177 2684; x_wconf 87' lang='lat' dir='ltr'><strong>omnia</strong></span> <span class='ocrx_word' id='word_1_315' title='bbox 1229 2629 1525 2699; x_wconf 84' lang='lat' dir='ltr'><strong>audiveris)</strong></span> <span class='ocrx_word' id='word_1_316' title='bbox 1552 2645 1663 2685; x_wconf 92' lang='lat' dir='ltr'><strong>non</strong></span> <span class='ocrx_word' id='word_1_317' title='bbox 1694 2629 1762 2686; x_wconf 87' lang='lat' dir='ltr'><strong>ad</strong></span> <span class='ocrx_word' id='word_1_318' title='bbox 1795 2645 1993 2687; x_wconf 86' lang='lat' dir='ltr'><strong>neces-</strong></span> 
     </span>
    </p>
   </div>
   <div class='ocr_carea' id='block_1_43' title="bbox 416 2720 1992 2790">
    <p class='ocr_par' dir='ltr' id='par_1_43' title="bbox 416 2720 1992 2790">
     <span class='ocr_line' id='line_1_43' title="bbox 416 2720 1992 2790; baseline 0.003 -15"><span class='ocrx_word' id='word_1_319' title='bbox 416 2725 633 2777; x_wconf 89' lang='lat' dir='ltr'><strong>sitatem</strong></span> <span class='ocrx_word' id='word_1_320' title='bbox 661 2735 889 2776; x_wconf 80' lang='lat' dir='ltr'><strong>casuum</strong></span> <span class='ocrx_word' id='word_1_321' title='bbox 918 2760 934 2785; x_wconf 92' lang='lat'><strong>,</strong></span> <span class='ocrx_word' id='word_1_322' title='bbox 972 2721 1057 2776; x_wconf 84' lang='lat' dir='ltr'><strong>vel</strong></span> <span class='ocrx_word' id='word_1_323' title='bbox 1091 2720 1159 2776; x_wconf 91' lang='lat' dir='ltr'><strong>de</strong></span> <span class='ocrx_word' id='word_1_324' title='bbox 1200 2722 1340 2776; x_wconf 74' lang='lat' dir='ltr'><strong>cmlo</strong></span> <span class='ocrx_word' id='word_1_325' title='bbox 1367 2721 1706 2778; x_wconf 83' lang='lat' dir='ltr'><strong>descendere</strong></span> <span class='ocrx_word' id='word_1_326' title='bbox 1734 2730 1992 2790; x_wconf 89' lang='lat' dir='ltr'><strong>coactus,</strong></span> 
     </span>
    </p>
   </div>
   <div class='ocr_carea' id='block_1_44' title="bbox 409 2812 1986 2884">
    <p class='ocr_par' dir='ltr' id='par_1_44' title="bbox 409 2812 1986 2884">
     <span class='ocr_line' id='line_1_44' title="bbox 409 2812 1986 2884; baseline 0.001 -18"><span class='ocrx_word' id='word_1_327' title='bbox 409 2815 498 2869; x_wconf 87' lang='lat' dir='ltr'><strong>.vel</strong></span> <span class='ocrx_word' id='word_1_328' title='bbox 557 2813 1015 2868; x_wconf 85' lang='lat' dir='ltr'><strong>resurrectionem</strong></span> <span class='ocrx_word' id='word_1_329' title='bbox 1062 2823 1320 2882; x_wconf 86' lang='lat' dir='ltr'><strong>tanquam</strong></span> <span class='ocrx_word' id='word_1_330' title='bbox 1375 2812 1810 2884; x_wconf 79' lang='lat' dir='ltr'><strong>inexspectatum</strong></span> <span class='ocrx_word' id='word_1_331' title='bbox 1859 2814 1986 2868; x_wconf 88' lang='lat' dir='ltr'><strong>ino-</strong></span> 
     </span>
    </p>
   </div>
   <div class='ocr_carea' id='block_1_45' title="bbox 395 2901 1987 2975">
    <p class='ocr_par' dir='ltr' id='par_1_45' title="bbox 395 2901 1987 2975">
     <span class='ocr_line' id='line_1_45' title="bbox 395 2901 1987 2975; baseline 0.001 -17"><span class='ocrx_word' id='word_1_332' title='bbox 395 2905 731 2975; x_wconf 64' lang='lat' dir='ltr'><strong>gpinatumve</strong></span> <span class='ocrx_word' id='word_1_333' title='bbox 765 2901 1089 2958; x_wconf 86' lang='lat' dir='ltr'><strong>beneﬁcium</strong></span> <span class='ocrx_word' id='word_1_334' title='bbox 1133 2913 1333 2973; x_wconf 79' lang='lat' dir='ltr'><strong>praeter</strong></span> <span class='ocrx_word' id='word_1_335' title='bbox 1391 2919 1545 2974; x_wconf 83' lang='lat' dir='ltr'><strong>spem</strong></span> <span class='ocrx_word' id='word_1_336' title='bbox 1576 2905 1834 2975; x_wconf 86' lang='lat' dir='ltr'><strong>adeptus,</strong></span> <span class='ocrx_word' id='word_1_337' title='bbox 1891 2904 1987 2960; x_wconf 90' lang='lat' dir='ltr'><strong>sed</strong></span> 
     </span>
    </p>
   </div>
   <div class='ocr_carea' id='block_1_46' title="bbox 412 2994 1990 3066">
    <p class='ocr_par' dir='ltr' id='par_1_46' title="bbox 412 2994 1990 3066">
     <span class='ocr_line' id='line_1_46' title="bbox 412 2994 1990 3066; baseline 0.001 -16"><span class='ocrx_word' id='word_1_338' title='bbox 412 2995 507 3066; x_wconf 91' lang='lat' dir='ltr'><strong>qui</strong></span> <span class='ocrx_word' id='word_1_339' title='bbox 537 2995 780 3050; x_wconf 83' lang='lat' dir='ltr'><strong>novisset</strong></span> <span class='ocrx_word' id='word_1_340' title='bbox 808 2994 1068 3049; x_wconf 82' lang='lat' dir='ltr'><strong>.omnium</strong></span> <span class='ocrx_word' id='word_1_341' title='bbox 1104 3009 1285 3049; x_wconf 90' lang='lat' dir='ltr'><strong>rerum</strong></span> <span class='ocrx_word' id='word_1_342' title='bbox 1321 2994 1481 3051; x_wconf 82' lang='lat' dir='ltr'><strong>linem</strong></span> <span class='ocrx_word' id='word_1_343' title='bbox 1506 3035 1521 3060; x_wconf 95' lang='lat'><strong>,</strong></span> <span class='ocrx_word' id='word_1_344' title='bbox 1566 3007 1729 3066; x_wconf 89' lang='lat' dir='ltr'><strong>atque</strong></span> <span class='ocrx_word' id='word_1_345' title='bbox 1778 2997 1851 3050; x_wconf 89' lang='lat' dir='ltr'><strong>ita</strong></span> <span class='ocrx_word' id='word_1_346' title='bbox 1885 2996 1990 3051; x_wconf 90' lang='lat' dir='ltr'><strong>ini-</strong></span> 
     </span>
    </p>
   </div>
   <div class='ocr_carea' id='block_1_47' title="bbox 412 3085 1988 3156">
    <p class='ocr_par' dir='ltr' id='par_1_47' title="bbox 412 3085 1988 3156">
     <span class='ocr_line' id='line_1_47' title="bbox 412 3085 1988 3156; baseline -0.001 -14"><span class='ocrx_word' id='word_1_347' title='bbox 412 3089 547 3142; x_wconf 88' lang='lat' dir='ltr'><strong>tium</strong></span> <span class='ocrx_word' id='word_1_348' title='bbox 579 3085 834 3153; x_wconf 80' lang='lat' dir='ltr'><strong>fecisset,</strong></span> <span class='ocrx_word' id='word_1_349' title='bbox 867 3085 1042 3156; x_wconf 88' lang='lat' dir='ltr'><strong>utqui</strong></span> <span class='ocrx_word' id='word_1_350' title='bbox 1101 3085 1156 3139; x_wconf 91' lang='lat' dir='ltr'><strong>in</strong></span> <span class='ocrx_word' id='word_1_351' title='bbox 1188 3086 1364 3142; x_wconf 89' lang='lat' dir='ltr'><strong>oculis</strong></span> <span class='ocrx_word' id='word_1_352' title='bbox 1394 3086 1702 3142; x_wconf 87' lang='lat' dir='ltr'><strong>divinitatis</strong></span> <span class='ocrx_word' id='word_1_353' title='bbox 1757 3086 1988 3143; x_wconf 88' lang='lat' dir='ltr'><strong>haberet</strong></span> 
     </span>
    </p>
   </div>
   <div class='ocr_carea' id='block_1_48' title="bbox 393 3177 1988 3250">
    <p class='ocr_par' dir='ltr' id='par_1_48' title="bbox 393 3177 1988 3250">
     <span class='ocr_line' id='line_1_48' title="bbox 393 3177 1988 3250; baseline 0.001 -17"><span class='ocrx_word' id='word_1_354' title='bbox 393 3179 820 3250; x_wconf 83' lang='lat' dir='ltr'><strong>propositorum</strong></span> <span class='ocrx_word' id='word_1_355' title='bbox 847 3177 1216 3249; x_wconf 84' lang='lat' dir='ltr'><strong>cognitionem</strong></span> <span class='ocrx_word' id='word_1_356' title='bbox 1239 3216 1254 3240; x_wconf 86' lang='lat'><strong>,</strong></span> <span class='ocrx_word' id='word_1_357' title='bbox 1284 3185 1339 3234; x_wconf 91' lang='lat' dir='ltr'><strong>et</strong></span> <span class='ocrx_word' id='word_1_358' title='bbox 1376 3179 1701 3249; x_wconf 78' lang='lat' dir='ltr'><strong>priusquam</strong></span> <span class='ocrx_word' id='word_1_359' title='bbox 1727 3177 1795 3234; x_wconf 91' lang='lat' dir='ltr'><strong>de</strong></span> <span class='ocrx_word' id='word_1_360' title='bbox 1845 3179 1988 3235; x_wconf 58' lang='lat' dir='ltr'><strong>calo</strong></span> 
     </span>
    </p>
   </div>
   <div class='ocr_carea' id='block_1_49' title="bbox 412 3269 1989 3340">
    <p class='ocr_par' dir='ltr' id='par_1_49' title="bbox 412 3269 1989 3340">
     <span class='ocr_line' id='line_1_49' title="bbox 412 3269 1989 3340; baseline 0.001 -18"><span class='ocrx_word' id='word_1_361' title='bbox 412 3270 797 3333; x_wconf 83' lang='lat' dir='ltr'><strong>descenderet,</strong></span> <span class='ocrx_word' id='word_1_362' title='bbox 827 3269 1034 3324; x_wconf 87' lang='lat' dir='ltr'><strong>videret</strong></span> <span class='ocrx_word' id='word_1_363' title='bbox 1067 3276 1122 3324; x_wconf 92' lang='lat' dir='ltr'><strong>et</strong></span> <span class='ocrx_word' id='word_1_364' title='bbox 1163 3269 1406 3340; x_wconf 88' lang='lat' dir='ltr'><strong>gentium</strong></span> <span class='ocrx_word' id='word_1_365' title='bbox 1429 3269 1901 3340; x_wconf 82' lang='lat' dir='ltr'><strong>perturbationem</strong></span> <span class='ocrx_word' id='word_1_366' title='bbox 1930 3279 1989 3326; x_wconf 89' lang='lat' dir='ltr'><strong>et</strong></span> 
     </span>
    </p>
   </div>
   <div class='ocr_carea' id='block_1_50' title="bbox 413 3360 1986 3432">
    <p class='ocr_par' dir='ltr' id='par_1_50' title="bbox 413 3360 1986 3432">
     <span class='ocr_line' id='line_1_50' title="bbox 413 3360 1986 3432; baseline 0.001 -16"><span class='ocrx_word' id='word_1_367' title='bbox 413 3363 674 3417; x_wconf 82' lang='lat' dir='ltr'><strong>duritiam</strong></span> <span class='ocrx_word' id='word_1_368' title='bbox 707 3362 959 3426; x_wconf 86' lang='lat' dir='ltr'><strong>lsraelis,</strong></span> <span class='ocrx_word' id='word_1_369' title='bbox 990 3372 1044 3418; x_wconf 90' lang='lat' dir='ltr'><strong>et</strong></span> <span class='ocrx_word' id='word_1_370' title='bbox 1067 3360 1305 3416; x_wconf 89' lang='lat' dir='ltr'><strong>Pilatum</strong></span> <span class='ocrx_word' id='word_1_371' title='bbox 1335 3377 1431 3432; x_wconf 90' lang='lat' dir='ltr'><strong>pro</strong></span> <span class='ocrx_word' id='word_1_372' title='bbox 1464 3361 1724 3417; x_wconf 88' lang='lat' dir='ltr'><strong>tribunali</strong></span> <span class='ocrx_word' id='word_1_373' title='bbox 1753 3361 1945 3417; x_wconf 86' lang='lat' dir='ltr'><strong>sedere</strong></span> <span class='ocrx_word' id='word_1_374' title='bbox 1971 3401 1986 3429; x_wconf 91' lang='lat'><strong>,</strong></span> 
     </span>
    </p>
   </div>
   <div class='ocr_carea' id='block_1_51' title="bbox 411 3451 1988 3524">
    <p class='ocr_par' dir='ltr' id='par_1_51' title="bbox 411 3451 1988 3524">
     <span class='ocr_line' id='line_1_51' title="bbox 411 3451 1988 3524; baseline 0 -16"><span class='ocrx_word' id='word_1_375' title='bbox 411 3466 467 3508; x_wconf 87' lang='lat' dir='ltr'><strong>ct</strong></span> <span class='ocrx_word' id='word_1_376' title='bbox 496 3453 756 3524; x_wconf 86' lang='lat' dir='ltr'><strong>Caipham</strong></span> <span class='ocrx_word' id='word_1_377' title='bbox 795 3461 1002 3509; x_wconf 82' lang='lat' dir='ltr'><strong>vestem</strong></span> <span class='ocrx_word' id='word_1_378' title='bbox 1030 3452 1136 3508; x_wconf 91' lang='lat' dir='ltr'><strong>sibi</strong></span> <span class='ocrx_word' id='word_1_379' title='bbox 1173 3451 1529 3516; x_wconf 72' lang='lat' dir='ltr'><strong>discindere,</strong></span> <span class='ocrx_word' id='word_1_380' title='bbox 1560 3461 1616 3508; x_wconf 89' lang='lat' dir='ltr'><strong>et</strong></span> <span class='ocrx_word' id='word_1_381' title='bbox 1667 3452 1988 3508; x_wconf 86' lang='lat' dir='ltr'><strong>seditiosam</strong></span> 
     </span>
    </p>
   </div>
   <div class='ocr_carea' id='block_1_52' title="bbox 414 3543 1992 3616">
    <p class='ocr_par' dir='ltr' id='par_1_52' title="bbox 414 3543 1992 3616">
     <span class='ocr_line' id='line_1_52' title="bbox 414 3543 1992 3616; baseline 0.001 -17"><span class='ocrx_word' id='word_1_382' title='bbox 414 3548 625 3616; x_wconf 89' lang='lat' dir='ltr'><strong>plebem</strong></span> <span class='ocrx_word' id='word_1_383' title='bbox 657 3547 736 3601; x_wconf 90' lang='lat' dir='ltr'><strong>ira</strong></span> <span class='ocrx_word' id='word_1_384' title='bbox 767 3545 1131 3611; x_wconf 83' lang='lat' dir='ltr'><strong>inﬂammari,</strong></span> <span class='ocrx_word' id='word_1_385' title='bbox 1183 3552 1238 3599; x_wconf 75' lang='lat' dir='ltr'><strong>et</strong></span> <span class='ocrx_word' id='word_1_386' title='bbox 1271 3543 1465 3599; x_wconf 82' lang='lat' dir='ltr'><strong>Judam</strong></span> <span class='ocrx_word' id='word_1_387' title='bbox 1485 3544 1760 3615; x_wconf 88' lang='lat' dir='ltr'><strong>prodere,</strong></span> <span class='ocrx_word' id='word_1_388' title='bbox 1797 3553 1852 3600; x_wconf 90' lang='lat' dir='ltr'><strong>et</strong></span> <span class='ocrx_word' id='word_1_389' title='bbox 1893 3543 1992 3601; x_wconf 85' lang='lat' dir='ltr'><strong>Pe-</strong></span> 
     </span>
    </p>
   </div>
   <div class='ocr_carea' id='block_1_53' title="bbox 408 3634 1991 3708">
    <p class='ocr_par' dir='ltr' id='par_1_53' title="bbox 408 3634 1991 3708">
     <span class='ocr_line' id='line_1_53' title="bbox 408 3634 1991 3708; baseline -0.003 -16"><span class='ocrx_word' id='word_1_390' title='bbox 408 3649 556 3692; x_wconf 89' lang='lat' dir='ltr'><strong>trum</strong></span> <span class='ocrx_word' id='word_1_391' title='bbox 595 3651 964 3708; x_wconf 79' lang='lat' dir='ltr'><strong>prepugnare,</strong></span> <span class='ocrx_word' id='word_1_392' title='bbox 991 3643 1046 3690; x_wconf 88' lang='lat' dir='ltr'><strong>et</strong></span> <span class='ocrx_word' id='word_1_393' title='bbox 1075 3635 1236 3707; x_wconf 88' lang='lat' dir='ltr'><strong>paulo</strong></span> <span class='ocrx_word' id='word_1_394' title='bbox 1267 3642 1388 3706; x_wconf 92' lang='lat' dir='ltr'><strong>post</strong></span> <span class='ocrx_word' id='word_1_395' title='bbox 1410 3634 1651 3704; x_wconf 87' lang='lat' dir='ltr'><strong>seipsum</strong></span> <span class='ocrx_word' id='word_1_396' title='bbox 1673 3649 1770 3704; x_wconf 89' lang='lat' dir='ltr'><strong>per</strong></span> <span class='ocrx_word' id='word_1_397' title='bbox 1807 3650 1991 3692; x_wconf 89' lang='lat' dir='ltr'><strong>resur-</strong></span> 
     </span>
    </p>
   </div>
   <div class='ocr_carea' id='block_1_54' title="bbox 403 3726 1986 3798">
    <p class='ocr_par' dir='ltr' id='par_1_54' title="bbox 403 3726 1986 3798">
     <span class='ocr_line' id='line_1_54' title="bbox 403 3726 1986 3798; baseline 0 -16"><span class='ocrx_word' id='word_1_398' title='bbox 403 3728 712 3783; x_wconf 71' lang='lat' dir='ltr'><strong>rectionem</strong></span> <span class='ocrx_word' id='word_1_399' title='bbox 741 3727 807 3780; x_wconf 86' lang='lat' dir='ltr'><strong>ad</strong></span> <span class='ocrx_word' id='word_1_400' title='bbox 835 3728 1064 3798; x_wconf 79' lang='lat' dir='ltr'><strong>gloriam</strong></span> <span class='ocrx_word' id='word_1_401' title='bbox 1098 3726 1528 3782; x_wconf 88' lang='lat' dir='ltr'><strong>immortalitatis</strong></span> <span class='ocrx_word' id='word_1_402' title='bbox 1560 3727 1986 3784; x_wconf 76' lang='lat' dir='ltr'><strong>transformare:</strong></span> 
     </span>
    </p>
   </div>
   <div class='ocr_carea' id='block_1_55' title="bbox 414 3817 1991 3889">
    <p class='ocr_par' dir='ltr' id='par_1_55' title="bbox 414 3817 1991 3889">
     <span class='ocr_line' id='line_1_55' title="bbox 414 3817 1991 3889; baseline 0.001 -18"><span class='ocrx_word' id='word_1_403' title='bbox 414 3835 478 3872; x_wconf 85' lang='lat' dir='ltr'><strong>ac</strong></span> <span class='ocrx_word' id='word_1_404' title='bbox 531 3817 796 3889; x_wconf 84' lang='lat' dir='ltr'><strong>quidquid</strong></span> <span class='ocrx_word' id='word_1_405' title='bbox 855 3818 1098 3873; x_wconf 82' lang='lat' dir='ltr'><strong>futurum</strong></span> <span class='ocrx_word' id='word_1_406' title='bbox 1149 3825 1302 3886; x_wconf 84' lang='lat' dir='ltr'><strong>erat,</strong></span> <span class='ocrx_word' id='word_1_407' title='bbox 1363 3818 1675 3888; x_wconf 80' lang='lat' dir='ltr'><strong>cognitione</strong></span> <span class='ocrx_word' id='word_1_408' title='bbox 1739 3819 1991 3889; x_wconf 63' lang='lat' dir='ltr'><strong>praescri-</strong></span> 
     </span>
    </p>
   </div>
   <div class='ocr_carea' id='block_1_56' title="bbox 415 3906 1990 3980">
    <p class='ocr_par' dir='ltr' id='par_1_56' title="bbox 415 3906 1990 3980">
     <span class='ocr_line' id='line_1_56' title="bbox 415 3906 1990 3980; baseline 0.003 -20"><span class='ocrx_word' id='word_1_409' title='bbox 415 3917 567 3978; x_wconf 88' lang='lat' dir='ltr'><strong>ptum</strong></span> <span class='ocrx_word' id='word_1_410' title='bbox 618 3907 849 3972; x_wconf 89' lang='lat' dir='ltr'><strong>habens,</strong></span> <span class='ocrx_word' id='word_1_411' title='bbox 889 3923 996 3961; x_wconf 88' lang='lat' dir='ltr'><strong>non</strong></span> <span class='ocrx_word' id='word_1_412' title='bbox 1022 3906 1237 3962; x_wconf 88' lang='lat' dir='ltr'><strong>distulit</strong></span> <span class='ocrx_word' id='word_1_413' title='bbox 1261 3907 1581 3962; x_wconf 76' lang='lat' dir='ltr'><strong>beneficium</strong></span> <span class='ocrx_word' id='word_1_414' title='bbox 1615 3908 1820 3964; x_wconf 91' lang='lat' dir='ltr'><strong>homini</strong></span> <span class='ocrx_word' id='word_1_415' title='bbox 1853 3925 1990 3980; x_wconf 76' lang='lat' dir='ltr'><strong>pra:-</strong></span> 
     </span>
    </p>
   </div>
   <div class='ocr_carea' id='block_1_57' title="bbox 413 3997 1986 4068">
    <p class='ocr_par' dir='ltr' id='par_1_57' title="bbox 413 3997 1986 4068">
     <span class='ocr_line' id='line_1_57' title="bbox 413 3997 1986 4068; baseline 0.003 -18"><span class='ocrx_word' id='word_1_416' title='bbox 413 4009 601 4064; x_wconf 79' lang='lat' dir='ltr'><strong>stare,</strong></span> <span class='ocrx_word' id='word_1_417' title='bbox 659 4012 835 4068; x_wconf 89' lang='lat' dir='ltr'><strong>neque</strong></span> <span class='ocrx_word' id='word_1_418' title='bbox 878 3998 930 4052; x_wconf 91' lang='lat' dir='ltr'><strong>in</strong></span> <span class='ocrx_word' id='word_1_419' title='bbox 959 3997 1262 4068; x_wconf 78' lang='lat' dir='ltr'><strong>longiorem</strong></span> <span class='ocrx_word' id='word_1_420' title='bbox 1298 3997 1442 4052; x_wconf 87' lang='lat' dir='ltr'><strong>diem</strong></span> <span class='ocrx_word' id='word_1_421' title='bbox 1504 3999 1740 4054; x_wconf 86' lang='lat' dir='ltr'><strong>contulit</strong></span> <span class='ocrx_word' id='word_1_422' title='bbox 1795 4015 1986 4056; x_wconf 85' lang='lat' dir='ltr'><strong>earum</strong></span> 
     </span>
    </p>
   </div>
   <div class='ocr_carea' id='block_1_58' title="bbox 412 4086 1983 4157">
    <p class='ocr_par' dir='ltr' id='par_1_58' title="bbox 412 4086 1983 4157">
     <span class='ocr_line' id='line_1_58' title="bbox 412 4086 1983 4157; baseline 0 -15"><span class='ocrx_word' id='word_1_423' title='bbox 412 4104 592 4143; x_wconf 83' lang='lat' dir='ltr'><strong>rerum</strong></span> <span class='ocrx_word' id='word_1_424' title='bbox 626 4086 1160 4143; x_wconf 85' lang='lat' dir='ltr'><strong>administrationem</strong></span> <span class='ocrx_word' id='word_1_425' title='bbox 1187 4128 1201 4153; x_wconf 94' lang='lat'><strong>,</strong></span> <span class='ocrx_word' id='word_1_426' title='bbox 1243 4086 1339 4144; x_wconf 91' lang='lat' dir='ltr'><strong>sed</strong></span> <span class='ocrx_word' id='word_1_427' title='bbox 1362 4086 1827 4157; x_wconf 87' lang='lat' dir='ltr'><strong>quemadmodum</strong></span> <span class='ocrx_word' id='word_1_428' title='bbox 1873 4088 1983 4154; x_wconf 89' lang='lat' dir='ltr'><strong>illi,</strong></span> 
     </span>
    </p>
   </div>
   <div class='ocr_carea' id='block_1_59' title="bbox 411 4177 1982 4252">
    <p class='ocr_par' dir='ltr' id='par_1_59' title="bbox 411 4177 1982 4252">
     <span class='ocr_line' id='line_1_59' title="bbox 411 4177 1982 4252; baseline -0.001 -18"><span class='ocrx_word' id='word_1_429' title='bbox 411 4180 754 4252; x_wconf 76' lang='lat' dir='ltr'><strong>quitlcbilem</strong></span> <span class='ocrx_word' id='word_1_430' title='bbox 773 4177 1018 4250; x_wconf 80' lang='lat' dir='ltr'><strong>&#39;aliquem</strong></span> <span class='ocrx_word' id='word_1_431' title='bbox 1056 4181 1124 4234; x_wconf 92' lang='lat' dir='ltr'><strong>ab</strong></span> <span class='ocrx_word' id='word_1_432' title='bbox 1157 4180 1361 4250; x_wconf 90' lang='lat' dir='ltr'><strong>impetu</strong></span> <span class='ocrx_word' id='word_1_433' title='bbox 1423 4181 1688 4236; x_wconf 84' lang='lat' dir='ltr'><strong>torrentis</strong></span> <span class='ocrx_word' id='word_1_434' title='bbox 1721 4185 1778 4235; x_wconf 90' lang='lat' dir='ltr'><strong>et</strong></span> <span class='ocrx_word' id='word_1_435' title='bbox 1825 4193 1982 4234; x_wconf 80' lang='lat' dir='ltr'><strong>vora-</strong></span> 
     </span>
    </p>
   </div>
   <div class='ocr_carea' id='block_1_60' title="bbox 411 4268 1984 4340">
    <p class='ocr_par' dir='ltr' id='par_1_60' title="bbox 411 4268 1984 4340">
     <span class='ocr_line' id='line_1_60' title="bbox 411 4268 1984 4340; baseline -0.001 -17"><span class='ocrx_word' id='word_1_436' title='bbox 411 4271 550 4340; x_wconf 72' lang='lat' dir='ltr'><strong>ginis</strong></span> <span class='ocrx_word' id='word_1_437' title='bbox 579 4270 694 4340; x_wconf 89' lang='lat' dir='ltr'><strong>rapi</strong></span> <span class='ocrx_word' id='word_1_438' title='bbox 725 4269 946 4333; x_wconf 87' lang='lat' dir='ltr'><strong>vident,</strong></span> <span class='ocrx_word' id='word_1_439' title='bbox 979 4270 1105 4324; x_wconf 91' lang='lat' dir='ltr'><strong>licet</strong></span> <span class='ocrx_word' id='word_1_440' title='bbox 1151 4268 1291 4323; x_wconf 85' lang='lat' dir='ltr'><strong>haud</strong></span> <span class='ocrx_word' id='word_1_441' title='bbox 1329 4271 1644 4340; x_wconf 88' lang='lat' dir='ltr'><strong>ignorantes</strong></span> <span class='ocrx_word' id='word_1_442' title='bbox 1669 4269 1814 4339; x_wconf 90' lang='lat' dir='ltr'><strong>quod</strong></span> <span class='ocrx_word' id='word_1_443' title='bbox 1866 4268 1984 4324; x_wconf 80' lang='lat' dir='ltr'><strong>ﬁeri</strong></span> 
     </span>
    </p>
   </div>
   <div class='ocr_carea' id='block_1_61' title="bbox 408 4359 1982 4431">
    <p class='ocr_par' dir='ltr' id='par_1_61' title="bbox 408 4359 1982 4431">
     <span class='ocr_line' id='line_1_61' title="bbox 408 4359 1982 4431; baseline -0.001 -17"><span class='ocrx_word' id='word_1_444' title='bbox 408 4361 606 4431; x_wconf 81' lang='lat' dir='ltr'><strong>possit,</strong></span> <span class='ocrx_word' id='word_1_445' title='bbox 640 4367 698 4414; x_wconf 92' lang='lat' dir='ltr'><strong>ut</strong></span> <span class='ocrx_word' id='word_1_446' title='bbox 727 4374 886 4414; x_wconf 75' lang='lat' dir='ltr'><strong>coeno</strong></span> <span class='ocrx_word' id='word_1_447' title='bbox 911 4360 1168 4415; x_wconf 89' lang='lat' dir='ltr'><strong>torrentis</strong></span> <span class='ocrx_word' id='word_1_448' title='bbox 1197 4361 1301 4430; x_wconf 84' lang='lat' dir='ltr'><strong>ipsi</strong></span> <span class='ocrx_word' id='word_1_449' title='bbox 1345 4374 1563 4430; x_wconf 89' lang='lat' dir='ltr'><strong>quoque</strong></span> <span class='ocrx_word' id='word_1_450' title='bbox 1601 4359 1982 4423; x_wconf 87' lang='lat' dir='ltr'><strong>involvantur,</strong></span> 
     </span>
    </p>
   </div>
   <div class='ocr_carea' id='block_1_62' title="bbox 407 4451 1982 4522">
    <p class='ocr_par' dir='ltr' id='par_1_62' title="bbox 407 4451 1982 4522">
     <span class='ocr_line' id='line_1_62' title="bbox 407 4451 1982 4522; baseline -0.001 -16"><span class='ocrx_word' id='word_1_451' title='bbox 407 4463 461 4506; x_wconf 89' lang='lat' dir='ltr'><strong>et</strong></span> <span class='ocrx_word' id='word_1_452' title='bbox 489 4451 754 4522; x_wconf 87' lang='lat' dir='ltr'><strong>lapidum,</strong></span> <span class='ocrx_word' id='word_1_453' title='bbox 774 4456 916 4522; x_wconf 65' lang='lat' dir='ltr'><strong>Quos</strong></span> <span class='ocrx_word' id='word_1_454' title='bbox 945 4466 1132 4505; x_wconf 83' lang='lat' dir='ltr'><strong>secum</strong></span> <span class='ocrx_word' id='word_1_455' title='bbox 1168 4466 1310 4522; x_wconf 84' lang='lat' dir='ltr'><strong>aqua</strong></span> <span class='ocrx_word' id='word_1_456' title='bbox 1344 4451 1486 4522; x_wconf 87' lang='lat' dir='ltr'><strong>rapit</strong></span> <span class='ocrx_word' id='word_1_457' title='bbox 1515 4460 1680 4522; x_wconf 89' lang='lat' dir='ltr'><strong>atque</strong></span> <span class='ocrx_word' id='word_1_458' title='bbox 1709 4451 1982 4522; x_wconf 89' lang='lat' dir='ltr'><strong>provehit,</strong></span> 
     </span>
    </p>
   </div>
   <div class='ocr_carea' id='block_1_63' title="bbox 2092 1896 3678 1972">
    <p class='ocr_par' dir='ltr' id='par_1_63' title="bbox 2092 1896 3678 1972">
     <span class='ocr_line' id='line_1_63' title="bbox 2092 1896 3678 1972; baseline 0.004 -23"><span class='ocrx_word' id='word_1_459' title='bbox 2092 1897 2360 1960; x_wconf 86' lang='grc' dir='ltr'>ἀθάνατος</span> <span class='ocrx_word' id='word_1_460' title='bbox 2390 1899 2410 1965; x_wconf 93' lang='grc'>(</span> <span class='ocrx_word' id='word_1_461' title='bbox 2424 1896 2517 1950; x_wconf 68' lang='grc' dir='ltr'>καὶ</span> <span class='ocrx_word' id='word_1_462' title='bbox 2547 1897 2740 1968; x_wconf 77' lang='grc' dir='ltr'>μικρὸν</span> <span class='ocrx_word' id='word_1_463' title='bbox 2773 1898 2994 1969; x_wconf 81' lang='grc' dir='ltr'>ἐπίσχες</span> <span class='ocrx_word' id='word_1_464' title='bbox 3020 1900 3048 1952; x_wconf 89' lang='grc' dir='ltr'><strong>ό</strong></span> <span class='ocrx_word' id='word_1_465' title='bbox 3075 1897 3303 1962; x_wconf 84' lang='grc' dir='ltr'>ἐθνικὸς,</span> <span class='ocrx_word' id='word_1_466' title='bbox 3348 1899 3551 1972; x_wconf 76' lang='grc' dir='ltr'>παρεὶς</span> <span class='ocrx_word' id='word_1_467' title='bbox 3585 1903 3678 1955; x_wconf 78' lang='grc' dir='ltr'><strong>τὸν</strong></span> 
     </span>
    </p>
   </div>
   <div class='ocr_carea' id='block_1_64' title="bbox 2097 1988 3674 2063">
    <p class='ocr_par' dir='ltr' id='par_1_64' title="bbox 2097 1988 3674 2063">
     <span class='ocr_line' id='line_1_64' title="bbox 2097 1988 3674 2063; baseline 0.003 -21"><span class='ocrx_word' id='word_1_468' title='bbox 2097 1988 2346 2060; x_wconf 75' lang='grc' dir='ltr'>προπετῆ</span> <span class='ocrx_word' id='word_1_469' title='bbox 2393 1988 2634 2056; x_wconf 86' lang='grc' dir='ltr'>γέλωτα,</span> <span class='ocrx_word' id='word_1_470' title='bbox 2690 1988 2882 2060; x_wconf 81' lang='grc' dir='ltr'>μέχρις</span> <span class='ocrx_word' id='word_1_471' title='bbox 2920 1989 2985 2042; x_wconf 83' lang='grc' dir='ltr'><strong>ἂν</strong></span> <span class='ocrx_word' id='word_1_472' title='bbox 3017 1989 3232 2044; x_wconf 85' lang='grc' dir='ltr'>πάντων</span> <span class='ocrx_word' id='word_1_473' title='bbox 3279 1989 3577 2063; x_wconf 78' lang='grc' dir='ltr'>ἀκούσῃς),</span> <span class='ocrx_word' id='word_1_474' title='bbox 3612 1995 3674 2046; x_wconf 79' lang='grc' dir='ltr'><strong>οὐ</strong></span> 
     </span>
    </p>
   </div>
   <div class='ocr_carea' id='block_1_65' title="bbox 2095 2078 3678 2151">
    <p class='ocr_par' dir='ltr' id='par_1_65' title="bbox 2095 2078 3678 2151">
     <span class='ocr_line' id='line_1_65' title="bbox 2095 2078 3678 2151; baseline 0.004 -19"><span class='ocrx_word' id='word_1_475' title='bbox 2095 2079 2232 2150; x_wconf 81' lang='grc' dir='ltr'>πρὸς</span> <span class='ocrx_word' id='word_1_476' title='bbox 2277 2078 2522 2150; x_wconf 87' lang='grc' dir='ltr'>ἀνάγκην</span> <span class='ocrx_word' id='word_1_477' title='bbox 2553 2078 2760 2145; x_wconf 86' lang='grc' dir='ltr'>παθὼν,</span> <span class='ocrx_word' id='word_1_478' title='bbox 2791 2079 2909 2132; x_wconf 83' lang='grc' dir='ltr'>οὐδὲ</span> <span class='ocrx_word' id='word_1_479' title='bbox 2942 2079 3040 2150; x_wconf 84' lang='grc' dir='ltr'><strong>τὴν</strong></span> <span class='ocrx_word' id='word_1_480' title='bbox 3077 2081 3135 2147; x_wconf 79' lang='grc' dir='ltr'><strong>ἐξ</strong></span> <span class='ocrx_word' id='word_1_481' title='bbox 3173 2080 3415 2151; x_wconf 78' lang='grc' dir='ltr'>οὐρανῶν</span> <span class='ocrx_word' id='word_1_482' title='bbox 3446 2083 3678 2139; x_wconf 84' lang='grc' dir='ltr'>κάθοδον</span> 
     </span>
    </p>
   </div>
   <div class='ocr_carea' id='block_1_66' title="bbox 2097 2167 3678 2246">
    <p class='ocr_par' dir='ltr' id='par_1_66' title="bbox 2097 2167 3678 2246">
     <span class='ocr_line' id='line_1_66' title="bbox 2097 2167 3678 2246; baseline 0.003 -22"><span class='ocrx_word' id='word_1_483' title='bbox 2097 2169 2360 2240; x_wconf 72' lang='grc' dir='ltr'>βιασθεὶς,</span> <span class='ocrx_word' id='word_1_484' title='bbox 2386 2169 2508 2223; x_wconf 83' lang='grc' dir='ltr'>οὐδὲ</span> <span class='ocrx_word' id='word_1_485' title='bbox 2534 2167 2630 2240; x_wconf 83' lang='grc' dir='ltr'>τὴν</span> <span class='ocrx_word' id='word_1_486' title='bbox 2659 2168 2956 2240; x_wconf 70' lang='grc' dir='ltr'>ἀνάστασιν</span> <span class='ocrx_word' id='word_1_487' title='bbox 2983 2170 3059 2232; x_wconf 83' lang='grc' dir='ltr'>ὼς</span> <span class='ocrx_word' id='word_1_488' title='bbox 3079 2171 3484 2242; x_wconf 76' lang='grc' dir='ltr'>ἀπροσδόκητον</span> <span class='ocrx_word' id='word_1_489' title='bbox 3519 2174 3678 2246; x_wconf 84' lang='grc' dir='ltr'>εὐερ-</span> 
     </span>
    </p>
   </div>
   <div class='ocr_carea' id='block_1_67' title="bbox 2094 2258 3676 2331">
    <p class='ocr_par' dir='ltr' id='par_1_67' title="bbox 2094 2258 3676 2331">
     <span class='ocr_line' id='line_1_67' title="bbox 2094 2258 3676 2331; baseline 0.002 -17"><span class='ocrx_word' id='word_1_490' title='bbox 2094 2260 2284 2330; x_wconf 89' lang='grc' dir='ltr'>γεσίαν</span> <span class='ocrx_word' id='word_1_491' title='bbox 2321 2260 2454 2331; x_wconf 85' lang='grc' dir='ltr'>παρ’</span> <span class='ocrx_word' id='word_1_492' title='bbox 2492 2258 2714 2322; x_wconf 86' lang='grc' dir='ltr'>ἐλπίδας</span> <span class='ocrx_word' id='word_1_493' title='bbox 2745 2258 2942 2331; x_wconf 82' lang='grc' dir='ltr'>εὑρὼν,</span> <span class='ocrx_word' id='word_1_494' title='bbox 2980 2258 3094 2313; x_wconf 80' lang='grc' dir='ltr'>ἀλλ’</span> <span class='ocrx_word' id='word_1_495' title='bbox 3122 2259 3279 2325; x_wconf 80' lang='grc' dir='ltr'>εἰδὼς</span> <span class='ocrx_word' id='word_1_496' title='bbox 3315 2262 3535 2316; x_wconf 84' lang='grc' dir='ltr'>πάντων</span> <span class='ocrx_word' id='word_1_497' title='bbox 3567 2263 3676 2317; x_wconf 86' lang='grc' dir='ltr'><strong>τῶν</strong></span> 
     </span>
    </p>
   </div>
   <div class='ocr_carea' id='block_1_68' title="bbox 2095 2346 3677 2424">
    <p class='ocr_par' dir='ltr' id='par_1_68' title="bbox 2095 2346 3677 2424">
     <span class='ocr_line' id='line_1_68' title="bbox 2095 2346 3677 2424; baseline 0.003 -21"><span class='ocrx_word' id='word_1_498' title='bbox 2095 2350 2436 2422; x_wconf 80' lang='grc' dir='ltr'>πραγμάτων</span> <span class='ocrx_word' id='word_1_499' title='bbox 2463 2349 2524 2403; x_wconf 87' lang='grc' dir='ltr'><strong>τὸ</strong></span> <span class='ocrx_word' id='word_1_500' title='bbox 2552 2349 2724 2414; x_wconf 83' lang='grc' dir='ltr'>τέλος,</span> <span class='ocrx_word' id='word_1_501' title='bbox 2768 2349 2863 2402; x_wconf 76' lang='grc' dir='ltr'><strong>καὶ</strong></span> <span class='ocrx_word' id='word_1_502' title='bbox 2899 2346 3042 2404; x_wconf 78' lang='grc' dir='ltr'>οὕτω</span> <span class='ocrx_word' id='word_1_503' title='bbox 3089 2349 3188 2420; x_wconf 79' lang='grc' dir='ltr'>τὴν</span> <span class='ocrx_word' id='word_1_504' title='bbox 3230 2349 3403 2422; x_wconf 80' lang='grc' dir='ltr'>ἀρχὴν</span> <span class='ocrx_word' id='word_1_505' title='bbox 3442 2353 3677 2424; x_wconf 77' lang='grc' dir='ltr'>ποιησά-</span> 
     </span>
    </p>
   </div>
   <div class='ocr_carea' id='block_1_69' title="bbox 2098 2439 3672 2515">
    <p class='ocr_par' dir='ltr' id='par_1_69' title="bbox 2098 2439 3672 2515">
     <span class='ocr_line' id='line_1_69' title="bbox 2098 2439 3672 2515; baseline -0.007 -17"><span class='ocrx_word' id='word_1_506' title='bbox 2098 2459 2280 2512; x_wconf 84' lang='grc' dir='ltr'>μενος,</span> <span class='ocrx_word' id='word_1_507' title='bbox 2300 2441 2440 2512; x_wconf 74' lang='grc' dir='ltr'>ἔχων</span> <span class='ocrx_word' id='word_1_508' title='bbox 2482 2443 2541 2495; x_wconf 88' lang='grc' dir='ltr'><strong>ἐν</strong></span> <span class='ocrx_word' id='word_1_509' title='bbox 2564 2439 2859 2511; x_wconf 82' lang='grc' dir='ltr'>ὀφθαλμοῖς</span> <span class='ocrx_word' id='word_1_510' title='bbox 2885 2439 2985 2510; x_wconf 79' lang='grc' dir='ltr'><strong>τῆς</strong></span> <span class='ocrx_word' id='word_1_511' title='bbox 3015 2439 3268 2511; x_wconf 84' lang='grc' dir='ltr'>θεότητος</span> <span class='ocrx_word' id='word_1_512' title='bbox 3308 2442 3416 2496; x_wconf 88' lang='grc' dir='ltr'><strong>τῶν</strong></span> <span class='ocrx_word' id='word_1_513' title='bbox 3452 2461 3672 2515; x_wconf 81' lang='grc' dir='ltr'>προκει-</span> 
     </span>
    </p>
   </div>
   <div class='ocr_carea' id='block_1_70' title="bbox 2099 2530 3665 2604">
    <p class='ocr_par' dir='ltr' id='par_1_70' title="bbox 2099 2530 3665 2604">
     <span class='ocr_line' id='line_1_70' title="bbox 2099 2530 3665 2604; baseline 0 -18"><span class='ocrx_word' id='word_1_514' title='bbox 2099 2535 2275 2603; x_wconf 89' lang='grc' dir='ltr'>μένων</span> <span class='ocrx_word' id='word_1_515' title='bbox 2303 2533 2401 2604; x_wconf 83' lang='grc' dir='ltr'>τὴν</span> <span class='ocrx_word' id='word_1_516' title='bbox 2429 2530 2649 2602; x_wconf 89' lang='grc' dir='ltr'>γνῶσιν,</span> <span class='ocrx_word' id='word_1_517' title='bbox 2693 2531 2786 2584; x_wconf 75' lang='grc' dir='ltr'>καὶ</span> <span class='ocrx_word' id='word_1_518' title='bbox 2821 2531 2951 2603; x_wconf 78' lang='grc' dir='ltr'>πρὶν</span> <span class='ocrx_word' id='word_1_519' title='bbox 2995 2533 3053 2598; x_wconf 81' lang='grc' dir='ltr'><strong>ἐξ</strong></span> <span class='ocrx_word' id='word_1_520' title='bbox 3082 2531 3326 2604; x_wconf 81' lang='grc' dir='ltr'>οὐρανῶν</span> <span class='ocrx_word' id='word_1_521' title='bbox 3356 2534 3665 2600; x_wconf 83' lang='grc' dir='ltr'>κατελθεῖν,</span> 
     </span>
    </p>
   </div>
   <div class='ocr_carea' id='block_1_71' title="bbox 2098 2621 3674 2697">
    <p class='ocr_par' dir='ltr' id='par_1_71' title="bbox 2098 2621 3674 2697">
     <span class='ocr_line' id='line_1_71' title="bbox 2098 2621 3674 2697; baseline 0.001 -19"><span class='ocrx_word' id='word_1_522' title='bbox 2098 2624 2310 2696; x_wconf 82' lang='grc' dir='ltr'>βλέπων</span> <span class='ocrx_word' id='word_1_523' title='bbox 2337 2621 2558 2678; x_wconf 76' lang='grc' dir='ltr'>καὶτῶν</span> <span class='ocrx_word' id='word_1_524' title='bbox 2580 2621 2748 2677; x_wconf 89' lang='grc' dir='ltr'>ἐθνῶν</span> <span class='ocrx_word' id='word_1_525' title='bbox 2780 2622 2880 2694; x_wconf 79' lang='grc' dir='ltr'>τὴν</span> <span class='ocrx_word' id='word_1_526' title='bbox 2907 2623 3173 2694; x_wconf 82' lang='grc' dir='ltr'>ταραχὴν,</span> <span class='ocrx_word' id='word_1_527' title='bbox 3201 2624 3410 2678; x_wconf 76' lang='grc' dir='ltr'>καὶτοῦ</span> <span class='ocrx_word' id='word_1_528' title='bbox 3457 2625 3674 2697; x_wconf 70' lang='grc' dir='ltr'>Ἰσραὴλ</span> 
     </span>
    </p>
   </div>
   <div class='ocr_carea' id='block_1_72' title="bbox 2093 2713 3674 2788">
    <p class='ocr_par' dir='ltr' id='par_1_72' title="bbox 2093 2713 3674 2788">
     <span class='ocr_line' id='line_1_72' title="bbox 2093 2713 3674 2788; baseline 0.001 -19"><span class='ocrx_word' id='word_1_529' title='bbox 2093 2716 2195 2788; x_wconf 83' lang='grc' dir='ltr'>τὴν</span> <span class='ocrx_word' id='word_1_530' title='bbox 2241 2715 2584 2788; x_wconf 83' lang='grc' dir='ltr'>σκληρότητα</span> <span class='ocrx_word' id='word_1_531' title='bbox 2603 2754 2618 2780; x_wconf 92' lang='grc'><strong>,</strong></span> <span class='ocrx_word' id='word_1_532' title='bbox 2667 2714 2762 2768; x_wconf 77' lang='grc' dir='ltr'><strong>καὶ</strong></span> <span class='ocrx_word' id='word_1_533' title='bbox 2805 2713 3034 2769; x_wconf 87' lang='grc' dir='ltr'>Πιλάτον</span> <span class='ocrx_word' id='word_1_534' title='bbox 3089 2715 3528 2787; x_wconf 83' lang='grc' dir='ltr'>προκαθήμενον,</span> <span class='ocrx_word' id='word_1_535' title='bbox 3577 2718 3674 2771; x_wconf 83' lang='grc' dir='ltr'>καὶ</span> 
     </span>
    </p>
   </div>
   <div class='ocr_carea' id='block_1_73' title="bbox 2095 2804 3676 2878">
    <p class='ocr_par' dir='ltr' id='par_1_73' title="bbox 2095 2804 3676 2878">
     <span class='ocr_line' id='line_1_73' title="bbox 2095 2804 3676 2878; baseline 0.003 -17"><span class='ocrx_word' id='word_1_536' title='bbox 2095 2808 2349 2876; x_wconf 78' lang='grc' dir='ltr'>Καϊάφαν</span> <span class='ocrx_word' id='word_1_537' title='bbox 2371 2806 2519 2877; x_wconf 81' lang='grc' dir='ltr'>αὐτῷ</span> <span class='ocrx_word' id='word_1_538' title='bbox 2544 2807 2643 2878; x_wconf 79' lang='grc' dir='ltr'><strong>τήν</strong></span> <span class='ocrx_word' id='word_1_539' title='bbox 2667 2804 2869 2877; x_wconf 83' lang='grc' dir='ltr'>ἐσθῆτα</span> <span class='ocrx_word' id='word_1_540' title='bbox 2895 2807 3432 2878; x_wconf 87' lang='grc' dir='ltr'>περισπαράσσοντα,</span> <span class='ocrx_word' id='word_1_541' title='bbox 3454 2809 3552 2864; x_wconf 79' lang='grc' dir='ltr'>καὶ</span> <span class='ocrx_word' id='word_1_542' title='bbox 3579 2810 3676 2865; x_wconf 80' lang='grc' dir='ltr'><strong>τὸν</strong></span> 
     </span>
    </p>
   </div>
   <div class='ocr_carea' id='block_1_74' title="bbox 2097 2897 3679 2972">
    <p class='ocr_par' dir='ltr' id='par_1_74' title="bbox 2097 2897 3679 2972">
     <span class='ocr_line' id='line_1_74' title="bbox 2097 2897 3679 2972; baseline 0.003 -20"><span class='ocrx_word' id='word_1_543' title='bbox 2097 2897 2364 2970; x_wconf 84' lang='grc' dir='ltr'>στασιώδη</span> <span class='ocrx_word' id='word_1_544' title='bbox 2414 2899 2584 2970; x_wconf 84' lang='grc' dir='ltr'>δῆμον</span> <span class='ocrx_word' id='word_1_545' title='bbox 2629 2898 3054 2970; x_wconf 83' lang='grc' dir='ltr'>φλεγμαίνοντα,</span> <span class='ocrx_word' id='word_1_546' title='bbox 3101 2901 3196 2954; x_wconf 80' lang='grc' dir='ltr'><strong>καὶ</strong></span> <span class='ocrx_word' id='word_1_547' title='bbox 3239 2899 3442 2955; x_wconf 83' lang='grc' dir='ltr'>Ἰούδαν</span> <span class='ocrx_word' id='word_1_548' title='bbox 3487 2903 3679 2972; x_wconf 82' lang='grc' dir='ltr'>προδι-</span> 
     </span>
    </p>
   </div>
   <div class='ocr_carea' id='block_1_75' title="bbox 2094 2988 3676 3064">
    <p class='ocr_par' dir='ltr' id='par_1_75' title="bbox 2094 2988 3676 3064">
     <span class='ocr_line' id='line_1_75' title="bbox 2094 2988 3676 3064; baseline 0.003 -22"><span class='ocrx_word' id='word_1_549' title='bbox 2094 2988 2277 3054; x_wconf 89' lang='grc' dir='ltr'>δόντα,</span> <span class='ocrx_word' id='word_1_550' title='bbox 2307 2989 2400 3043; x_wconf 73' lang='grc' dir='ltr'><strong>καὶ</strong></span> <span class='ocrx_word' id='word_1_551' title='bbox 2450 2988 2654 3061; x_wconf 82' lang='grc' dir='ltr'>Πέτρον</span> <span class='ocrx_word' id='word_1_552' title='bbox 2687 2988 3160 3060; x_wconf 86' lang='grc' dir='ltr'>ὐπερμαχόμενον,</span> <span class='ocrx_word' id='word_1_553' title='bbox 3205 2991 3301 3046; x_wconf 78' lang='grc' dir='ltr'>καὶ</span> <span class='ocrx_word' id='word_1_554' title='bbox 3330 2993 3449 3064; x_wconf 81' lang='grc' dir='ltr'>μετ’</span> <span class='ocrx_word' id='word_1_555' title='bbox 3488 2993 3676 3064; x_wconf 81' lang='grc' dir='ltr'>ὀλίγον</span> 
     </span>
    </p>
   </div>
   <div class='ocr_carea' id='block_1_76' title="bbox 2095 3079 3675 3156">
    <p class='ocr_par' dir='ltr' id='par_1_76' title="bbox 2095 3079 3675 3156">
     <span class='ocr_line' id='line_1_76' title="bbox 2095 3079 3675 3156; baseline 0.004 -24"><span class='ocrx_word' id='word_1_556' title='bbox 2095 3079 2285 3133; x_wconf 71' lang='grc' dir='ltr'>ἐαυτδν</span> <span class='ocrx_word' id='word_1_557' title='bbox 2314 3082 2379 3150; x_wconf 75' lang='grc' dir='ltr'>τῇ</span> <span class='ocrx_word' id='word_1_558' title='bbox 2413 3080 2707 3135; x_wconf 84' lang='grc' dir='ltr'>ἀναστάσει</span> <span class='ocrx_word' id='word_1_559' title='bbox 2748 3083 2829 3145; x_wconf 84' lang='grc' dir='ltr'>εις</span> <span class='ocrx_word' id='word_1_560' title='bbox 2866 3080 3024 3146; x_wconf 79' lang='grc' dir='ltr'>δόξαν</span> <span class='ocrx_word' id='word_1_561' title='bbox 3051 3081 3356 3154; x_wconf 80' lang='grc' dir='ltr'>ἀφθαρσίας</span> <span class='ocrx_word' id='word_1_562' title='bbox 3392 3100 3675 3156; x_wconf 81' lang='grc' dir='ltr'>μεταμορ-</span> 
     </span>
    </p>
   </div>
   <div class='ocr_carea' id='block_1_77' title="bbox 2098 3170 3676 3247">
    <p class='ocr_par' dir='ltr' id='par_1_77' title="bbox 2098 3170 3676 3247">
     <span class='ocr_line' id='line_1_77' title="bbox 2098 3170 3676 3247; baseline 0.005 -25"><span class='ocrx_word' id='word_1_563' title='bbox 2098 3171 2366 3241; x_wconf 80' lang='grc' dir='ltr'>φούμενον</span> <span class='ocrx_word' id='word_1_564' title='bbox 2387 3186 2401 3201; x_wconf 88' lang='grc'><strong>·</strong></span> <span class='ocrx_word' id='word_1_565' title='bbox 2429 3170 2525 3225; x_wconf 80' lang='grc' dir='ltr'>καὶ</span> <span class='ocrx_word' id='word_1_566' title='bbox 2548 3174 2657 3225; x_wconf 86' lang='grc' dir='ltr'><strong>πᾶν</strong></span> <span class='ocrx_word' id='word_1_567' title='bbox 2692 3171 2755 3226; x_wconf 84' lang='grc' dir='ltr'>τὺ</span> <span class='ocrx_word' id='word_1_568' title='bbox 2787 3171 2980 3244; x_wconf 83' lang='grc' dir='ltr'>μέλλον</span> <span class='ocrx_word' id='word_1_569' title='bbox 3018 3172 3156 3245; x_wconf 78' lang='grc' dir='ltr'>ἔχων</span> <span class='ocrx_word' id='word_1_570' title='bbox 3177 3174 3676 3247; x_wconf 78' lang='grc' dir='ltr'>ὑπογεγραμμένον</span> 
     </span>
    </p>
   </div>
   <div class='ocr_carea' id='block_1_78' title="bbox 2095 3261 3678 3340">
    <p class='ocr_par' dir='ltr' id='par_1_78' title="bbox 2095 3261 3678 3340">
     <span class='ocr_line' id='line_1_78' title="bbox 2095 3261 3678 3340; baseline 0.007 -26"><span class='ocrx_word' id='word_1_571' title='bbox 2095 3265 2161 3333; x_wconf 78' lang='grc' dir='ltr'>τῇ</span> <span class='ocrx_word' id='word_1_572' title='bbox 2201 3261 2433 3331; x_wconf 86' lang='grc' dir='ltr'>γνώσει,</span> <span class='ocrx_word' id='word_1_573' title='bbox 2480 3263 2583 3316; x_wconf 86' lang='grc' dir='ltr'><strong>οὐκ</strong></span> <span class='ocrx_word' id='word_1_574' title='bbox 2629 3263 2923 3319; x_wconf 79' lang='grc' dir='ltr'>ἀνεϐάλετο</span> <span class='ocrx_word' id='word_1_575' title='bbox 2967 3263 3067 3336; x_wconf 82' lang='grc' dir='ltr'>τὴν</span> <span class='ocrx_word' id='word_1_576' title='bbox 3125 3266 3205 3330; x_wconf 71' lang='grc' dir='ltr'><strong>εἰς</strong></span> <span class='ocrx_word' id='word_1_577' title='bbox 3249 3265 3344 3320; x_wconf 81' lang='grc' dir='ltr'><strong>τὸν</strong></span> <span class='ocrx_word' id='word_1_578' title='bbox 3383 3267 3678 3340; x_wconf 76' lang='grc' dir='ltr'>ἄνθρωπον</span> 
     </span>
    </p>
   </div>
   <div class='ocr_carea' id='block_1_79' title="bbox 2097 3353 3680 3434">
    <p class='ocr_par' dir='ltr' id='par_1_79' title="bbox 2097 3353 3680 3434">
     <span class='ocr_line' id='line_1_79' title="bbox 2097 3353 3680 3434; baseline 0.004 -28"><span class='ocrx_word' id='word_1_579' title='bbox 2097 3354 2277 3424; x_wconf 82' lang='grc' dir='ltr'>χάριν,</span> <span class='ocrx_word' id='word_1_580' title='bbox 2321 3353 2441 3407; x_wconf 77' lang='grc' dir='ltr'>οὐδὲ</span> <span class='ocrx_word' id='word_1_581' title='bbox 2484 3353 2780 3426; x_wconf 79' lang='grc' dir='ltr'>ὑπερέθετο</span> <span class='ocrx_word' id='word_1_582' title='bbox 2823 3353 2924 3427; x_wconf 82' lang='grc' dir='ltr'><strong>τὴν</strong></span> <span class='ocrx_word' id='word_1_583' title='bbox 2955 3355 3296 3426; x_wconf 79' lang='grc' dir='ltr'>οἰκονομίαν·</span> <span class='ocrx_word' id='word_1_584' title='bbox 3331 3357 3450 3412; x_wconf 86' lang='grc' dir='ltr'>ἀλλ’</span> <span class='ocrx_word' id='word_1_585' title='bbox 3480 3358 3680 3434; x_wconf 82' lang='grc' dir='ltr'>ὥσπερ</span> 
     </span>
    </p>
   </div>
   <div class='ocr_carea' id='block_1_80' title="bbox 2095 3443 3679 3520">
    <p class='ocr_par' dir='ltr' id='par_1_80' title="bbox 2095 3443 3679 3520">
     <span class='ocr_line' id='line_1_80' title="bbox 2095 3443 3679 3520; baseline 0.006 -24"><span class='ocrx_word' id='word_1_586' title='bbox 2095 3445 2146 3496; x_wconf 82' lang='lat' dir='ltr'><strong>oi</strong></span> <span class='ocrx_word' id='word_1_587' title='bbox 2181 3443 2273 3499; x_wconf 80' lang='grc' dir='ltr'><strong>τὸν</strong></span> <span class='ocrx_word' id='word_1_588' title='bbox 2303 3444 2506 3513; x_wconf 81' lang='grc' dir='ltr'>ἀσθενῆ</span> <span class='ocrx_word' id='word_1_589' title='bbox 2549 3447 2700 3516; x_wconf 84' lang='grc' dir='ltr'>παρὰ</span> <span class='ocrx_word' id='word_1_590' title='bbox 2727 3446 3004 3518; x_wconf 85' lang='grc' dir='ltr'>χαράδρας</span> <span class='ocrx_word' id='word_1_591' title='bbox 3037 3446 3332 3518; x_wconf 85' lang='grc' dir='ltr'>συρόμενον</span> <span class='ocrx_word' id='word_1_592' title='bbox 3359 3447 3679 3520; x_wconf 76' lang='grc' dir='ltr'>βλέποντες,</span> 
     </span>
    </p>
   </div>
   <div class='ocr_carea' id='block_1_81' title="bbox 2096 3535 3686 3615">
    <p class='ocr_par' dir='ltr' id='par_1_81' title="bbox 2096 3535 3686 3615">
     <span class='ocr_line' id='line_1_81' title="bbox 2096 3535 3686 3615; baseline 0.005 -27"><span class='ocrx_word' id='word_1_593' title='bbox 2096 3535 2296 3600; x_wconf 85' lang='grc' dir='ltr'>εἰδότες</span> <span class='ocrx_word' id='word_1_594' title='bbox 2324 3536 2400 3600; x_wconf 84' lang='grc' dir='ltr'>ὡς</span> <span class='ocrx_word' id='word_1_595' title='bbox 2439 3536 2670 3590; x_wconf 71' lang='grc' dir='ltr'>ἐστικαὶ</span> <span class='ocrx_word' id='word_1_596' title='bbox 2712 3537 2956 3610; x_wconf 73' lang='grc' dir='ltr'>βορϐόρῳ</span> <span class='ocrx_word' id='word_1_597' title='bbox 2994 3537 3089 3592; x_wconf 83' lang='grc' dir='ltr'>τοῦ</span> <span class='ocrx_word' id='word_1_598' title='bbox 3127 3539 3430 3611; x_wconf 80' lang='grc' dir='ltr'>χειμάρῤου</span> <span class='ocrx_word' id='word_1_599' title='bbox 3461 3542 3686 3615; x_wconf 77' lang='grc' dir='ltr'>ἐνειλη-</span> 
     </span>
    </p>
   </div>
   <div class='ocr_carea' id='block_1_82' title="bbox 2097 3625 3684 3706">
    <p class='ocr_par' dir='ltr' id='par_1_82' title="bbox 2097 3625 3684 3706">
     <span class='ocr_line' id='line_1_82' title="bbox 2097 3625 3684 3706; baseline 0.006 -28"><span class='ocrx_word' id='word_1_600' title='bbox 2097 3625 2278 3706; x_wconf 78' lang='grc' dir='ltr'>θῆναι,</span> <span class='ocrx_word' id='word_1_601' title='bbox 2323 3628 2416 3681; x_wconf 66' lang='grc' dir='ltr'><strong>καὶ⁵</strong></span> <span class='ocrx_word' id='word_1_602' title='bbox 2457 3627 2558 3694; x_wconf 85' lang='grc' dir='ltr'><strong>τῆς</strong></span> <span class='ocrx_word' id='word_1_603' title='bbox 2612 3628 2824 3701; x_wconf 83' lang='grc' dir='ltr'>πληγῆς</span> <span class='ocrx_word' id='word_1_604' title='bbox 2851 3629 3182 3700; x_wconf 79' lang='grc' dir='ltr'>ἀνασχέσθαι</span> <span class='ocrx_word' id='word_1_605' title='bbox 3211 3629 3319 3684; x_wconf 85' lang='grc' dir='ltr'><strong>τῶν</strong></span> <span class='ocrx_word' id='word_1_606' title='bbox 3344 3629 3508 3685; x_wconf 85' lang='grc' dir='ltr'>λίθων</span> <span class='ocrx_word' id='word_1_607' title='bbox 3556 3634 3684 3688; x_wconf 77' lang='grc' dir='ltr'><strong>τῶν</strong></span> 
     </span>
    </p>
   </div>
   <div class='ocr_carea' id='block_1_83' title="bbox 2097 3717 3684 3798">
    <p class='ocr_par' dir='ltr' id='par_1_83' title="bbox 2097 3717 3684 3798">
     <span class='ocr_line' id='line_1_83' title="bbox 2097 3717 3684 3798; baseline 0.008 -30"><span class='ocrx_word' id='word_1_608' title='bbox 2097 3717 2519 3788; x_wconf 87' lang='grc' dir='ltr'>συνωθουμένων</span> <span class='ocrx_word' id='word_1_609' title='bbox 2564 3721 2714 3790; x_wconf 84' lang='grc' dir='ltr'><strong>παρά</strong></span> <span class='ocrx_word' id='word_1_610' title='bbox 2759 3721 2852 3774; x_wconf 84' lang='grc' dir='ltr'>τοῦ</span> <span class='ocrx_word' id='word_1_611' title='bbox 2886 3721 3099 3789; x_wconf 81' lang='grc' dir='ltr'>ὕδατος,</span> <span class='ocrx_word' id='word_1_612' title='bbox 3143 3723 3287 3794; x_wconf 82' lang='grc' dir='ltr'>ὅμως</span> <span class='ocrx_word' id='word_1_613' title='bbox 3315 3723 3405 3778; x_wconf 85' lang='grc' dir='ltr'>διὰ</span> <span class='ocrx_word' id='word_1_614' title='bbox 3430 3724 3494 3778; x_wconf 78' lang='grc' dir='ltr'>τὸ</span> <span class='ocrx_word' id='word_1_615' title='bbox 3526 3743 3684 3798; x_wconf 81' lang='grc' dir='ltr'>συμ-</span> 
     </span>
    </p>
   </div>
   <div class='ocr_carea' id='block_1_84' title="bbox 2094 3809 3681 3890">
    <p class='ocr_par' dir='ltr' id='par_1_84' title="bbox 2094 3809 3681 3890">
     <span class='ocr_line' id='line_1_84' title="bbox 2094 3809 3681 3890; baseline 0.008 -31"><span class='ocrx_word' id='word_1_616' title='bbox 2094 3809 2267 3873; x_wconf 79' lang='grc' dir='ltr'>παθὲς</span> <span class='ocrx_word' id='word_1_617' title='bbox 2307 3809 2366 3863; x_wconf 78' lang='grc' dir='ltr'><strong>τὸ</strong></span> <span class='ocrx_word' id='word_1_618' title='bbox 2412 3812 2542 3881; x_wconf 79' lang='grc' dir='ltr'><strong>περὶ</strong></span> <span class='ocrx_word' id='word_1_619' title='bbox 2586 3811 2678 3864; x_wconf 75' lang='grc' dir='ltr'><strong>τὸν</strong></span> <span class='ocrx_word' id='word_1_620' title='bbox 2719 3812 3098 3870; x_wconf 81' lang='grc' dir='ltr'>κινδυνεύοντα</span> <span class='ocrx_word' id='word_1_621' title='bbox 3139 3816 3240 3868; x_wconf 88' lang='grc' dir='ltr'><strong>οὐκ</strong></span> <span class='ocrx_word' id='word_1_622' title='bbox 3292 3815 3510 3870; x_wconf 77' lang='grc' dir='ltr'>ὀκνοῦσι</span> <span class='ocrx_word' id='word_1_623' title='bbox 3567 3818 3681 3890; x_wconf 81' lang='grc' dir='ltr'>τὴν</span> 
     </span>
    </p>
   </div>
   <div class='ocr_carea' id='block_1_85' title="bbox 2095 3900 3677 3982">
    <p class='ocr_par' dir='ltr' id='par_1_85' title="bbox 2095 3900 3677 3982">
     <span class='ocr_line' id='line_1_85' title="bbox 2095 3900 3677 3982; baseline 0.006 -28"><span class='ocrx_word' id='word_1_624' title='bbox 2095 3900 2326 3956; x_wconf 64' lang='grc' dir='ltr'>εἴσοδον*</span> <span class='ocrx_word' id='word_1_625' title='bbox 2383 3901 2527 3955; x_wconf 80' lang='grc' dir='ltr'>οὕτω</span> <span class='ocrx_word' id='word_1_626' title='bbox 2580 3903 2674 3956; x_wconf 79' lang='grc' dir='ltr'><strong>καὶ</strong></span> <span class='ocrx_word' id='word_1_627' title='bbox 2723 3903 2753 3956; x_wconf 89' lang='grc' dir='ltr'><strong>ό</strong></span> <span class='ocrx_word' id='word_1_628' title='bbox 2811 3903 3192 3977; x_wconf 85' lang='grc' dir='ltr'>φιλάνθρωπος</span> <span class='ocrx_word' id='word_1_629' title='bbox 3229 3906 3382 3978; x_wconf 86' lang='grc' dir='ltr'>ήμῶν</span> <span class='ocrx_word' id='word_1_630' title='bbox 3435 3907 3633 3982; x_wconf 79' lang='grc' dir='ltr'>Σωτὴρ</span> <span class='ocrx_word' id='word_1_631' title='bbox 3655 3949 3677 3976; x_wconf 88' lang='grc'><strong>,</strong></span> 
     </span>
    </p>
   </div>
   <div class='ocr_carea' id='block_1_86' title="bbox 2093 3993 3677 4068">
    <p class='ocr_par' dir='ltr' id='par_1_86' title="bbox 2093 3993 3677 4068">
     <span class='ocr_line' id='line_1_86' title="bbox 2093 3993 3677 4068; baseline 0.005 -20"><span class='ocrx_word' id='word_1_632' title='bbox 2093 3993 2374 4066; x_wconf 79' lang='grc' dir='ltr'>ἐθελοντὴς</span> <span class='ocrx_word' id='word_1_633' title='bbox 2415 3994 2706 4066; x_wconf 80' lang='grc' dir='ltr'>ὐσριστικά</span> <span class='ocrx_word' id='word_1_634' title='bbox 2739 3996 2833 4050; x_wconf 74' lang='grc' dir='ltr'>καὶ</span> <span class='ocrx_word' id='word_1_635' title='bbox 2865 3996 3036 4068; x_wconf 75' lang='grc' dir='ltr'>ἄτιμα</span> <span class='ocrx_word' id='word_1_636' title='bbox 3068 3997 3418 4066; x_wconf 80' lang='grc' dir='ltr'>κατεδέξατο,</span> <span class='ocrx_word' id='word_1_637' title='bbox 3460 4000 3549 4055; x_wconf 82' lang='grc' dir='ltr'>ἴνα</span> <span class='ocrx_word' id='word_1_638' title='bbox 3577 4002 3677 4057; x_wconf 73' lang='grc' dir='ltr'><strong>τὸν</strong></span> 
     </span>
    </p>
   </div>
   <div class='ocr_carea' id='block_1_87' title="bbox 2094 4086 3676 4163">
    <p class='ocr_par' dir='ltr' id='par_1_87' title="bbox 2094 4086 3676 4163">
     <span class='ocr_line' id='line_1_87' title="bbox 2094 4086 3676 4163; baseline 0.006 -24"><span class='ocrx_word' id='word_1_639' title='bbox 2094 4086 2154 4152; x_wconf 76' lang='grc' dir='ltr'>ἐξ</span> <span class='ocrx_word' id='word_1_640' title='bbox 2199 4087 2416 4158; x_wconf 84' lang='grc' dir='ltr'>ἀπάτης</span> <span class='ocrx_word' id='word_1_641' title='bbox 2469 4086 2839 4160; x_wconf 83' lang='grc' dir='ltr'>ἀπολλύμενον</span> <span class='ocrx_word' id='word_1_642' title='bbox 2892 4087 3040 4162; x_wconf 80' lang='grc' dir='ltr'>σώσῃ</span> <span class='ocrx_word' id='word_1_643' title='bbox 3060 4129 3076 4154; x_wconf 91' lang='grc'><strong>,</strong></span> <span class='ocrx_word' id='word_1_644' title='bbox 3128 4091 3395 4163; x_wconf 80' lang='grc' dir='ltr'>κατῆλθεν</span> <span class='ocrx_word' id='word_1_645' title='bbox 3448 4095 3531 4159; x_wconf 81' lang='grc' dir='ltr'><strong>είς</strong></span> <span class='ocrx_word' id='word_1_646' title='bbox 3579 4095 3676 4148; x_wconf 75' lang='grc' dir='ltr'>τὸν</span> 
     </span>
    </p>
   </div>
   <div class='ocr_carea' id='block_1_88' title="bbox 2095 4174 3675 4250">
    <p class='ocr_par' dir='ltr' id='par_1_88' title="bbox 2095 4174 3675 4250">
     <span class='ocr_line' id='line_1_88' title="bbox 2095 4174 3675 4250; baseline 0.009 -24"><span class='ocrx_word' id='word_1_647' title='bbox 2095 4174 2229 4244; x_wconf 88' lang='grc' dir='ltr'>βίον,</span> <span class='ocrx_word' id='word_1_648' title='bbox 2272 4176 2458 4248; x_wconf 82' lang='grc' dir='ltr'>ἐπειδὴ</span> <span class='ocrx_word' id='word_1_649' title='bbox 2503 4178 2720 4250; x_wconf 86' lang='grc' dir='ltr'>προῄδει</span> <span class='ocrx_word' id='word_1_650' title='bbox 2761 4180 2856 4234; x_wconf 73' lang='grc' dir='ltr'>καὶ</span> <span class='ocrx_word' id='word_1_651' title='bbox 2891 4178 2992 4250; x_wconf 82' lang='grc' dir='ltr'><strong>τὴν</strong></span> <span class='ocrx_word' id='word_1_652' title='bbox 3020 4179 3203 4234; x_wconf 76' lang='grc' dir='ltr'>ἄνοδον</span> <span class='ocrx_word' id='word_1_653' title='bbox 3232 4181 3461 4248; x_wconf 73' lang='grc' dir='ltr'>ἔνδοξον.</span> <span class='ocrx_word' id='word_1_654' title='bbox 3508 4185 3675 4239; x_wconf 76' lang='grc' dir='ltr'>Ἀπο-</span> 
     </span>
    </p>
   </div>
   <div class='ocr_carea' id='block_1_89' title="bbox 2094 4265 3675 4350">
    <p class='ocr_par' dir='ltr' id='par_1_89' title="bbox 2094 4265 3675 4350">
     <span class='ocr_line' id='line_1_89' title="bbox 2094 4265 3675 4350; baseline 0.006 -31"><span class='ocrx_word' id='word_1_655' title='bbox 2094 4265 2272 4319; x_wconf 84' lang='grc' dir='ltr'>θανεῖν</span> <span class='ocrx_word' id='word_1_656' title='bbox 2311 4267 2389 4338; x_wconf 81' lang='grc' dir='ltr'>τῷ</span> <span class='ocrx_word' id='word_1_657' title='bbox 2423 4268 2749 4341; x_wconf 82' lang='grc' dir='ltr'>ἀνθρωπίνῳ</span> <span class='ocrx_word' id='word_1_658' title='bbox 2793 4270 2984 4324; x_wconf 76' lang='grc' dir='ltr'>ἑαυτὸν</span> <span class='ocrx_word' id='word_1_659' title='bbox 3024 4272 3426 4344; x_wconf 82' lang='grc' dir='ltr'>συνεχώρησεν,</span> <span class='ocrx_word' id='word_1_660' title='bbox 3478 4276 3675 4350; x_wconf 79' lang='grc' dir='ltr'>ἐπειδὴ</span> 
     </span>
    </p>
   </div>
   <div class='ocr_carea' id='block_1_90' title="bbox 2093 4355 3678 4435">
    <p class='ocr_par' dir='ltr' id='par_1_90' title="bbox 2093 4355 3678 4435">
     <span class='ocr_line' id='line_1_90' title="bbox 2093 4355 3678 4435; baseline 0.006 -25"><span class='ocrx_word' id='word_1_661' title='bbox 2093 4357 2188 4410; x_wconf 72' lang='grc' dir='ltr'>καὶ</span> <span class='ocrx_word' id='word_1_662' title='bbox 2216 4355 2314 4428; x_wconf 79' lang='grc' dir='ltr'><strong>τήν</strong></span> <span class='ocrx_word' id='word_1_663' title='bbox 2348 4356 2566 4428; x_wconf 78' lang='grc' dir='ltr'>ἔγερσιν</span> <span class='ocrx_word' id='word_1_664' title='bbox 2611 4360 3030 4430; x_wconf 83' lang='grc' dir='ltr'>προεγίνωσκεν.</span> <span class='ocrx_word' id='word_1_665' title='bbox 3070 4363 3148 4415; x_wconf 69' lang='lat' dir='ltr'><strong>Oti</strong></span> <span class='ocrx_word' id='word_1_666' title='bbox 3179 4364 3286 4435; x_wconf 81' lang='grc' dir='ltr'>γὰρ</span> <span class='ocrx_word' id='word_1_667' title='bbox 3326 4364 3406 4429; x_wconf 83' lang='grc' dir='ltr'>ὡς</span> <span class='ocrx_word' id='word_1_668' title='bbox 3443 4359 3530 4429; x_wconf 75' lang='grc' dir='ltr'>εἷς</span> <span class='ocrx_word' id='word_1_669' title='bbox 3563 4367 3678 4421; x_wconf 86' lang='grc' dir='ltr'><strong>τῶν</strong></span> 
     </span>
    </p>
   </div>
   <div class='ocr_carea' id='block_1_91' title="bbox 2019 4447 3677 4538">
    <p class='ocr_par' dir='ltr' id='par_1_91' title="bbox 2019 4447 3677 4538">
     <span class='ocr_line' id='line_1_91' title="bbox 2019 4447 3677 4538; baseline 0.008 -39"><span class='ocrx_word' id='word_1_670' title='bbox 2019 4482 2062 4538; x_wconf 74' lang='lat' dir='ltr'><strong>D</strong></span> <span class='ocrx_word' id='word_1_671' title='bbox 2092 4447 2288 4502; x_wconf 85' lang='grc' dir='ltr'>κοινῶν</span> <span class='ocrx_word' id='word_1_672' title='bbox 2333 4447 2660 4520; x_wconf 85' lang='grc' dir='ltr'>ἀνθρώπων,</span> <span class='ocrx_word' id='word_1_673' title='bbox 2703 4452 3086 4522; x_wconf 76' lang='grc' dir='ltr'>ῥιψοκινδύνως</span> <span class='ocrx_word' id='word_1_674' title='bbox 3129 4455 3332 4526; x_wconf 85' lang='grc' dir='ltr'>ἐτόλμα</span> <span class='ocrx_word' id='word_1_675' title='bbox 3359 4459 3427 4529; x_wconf 74' lang='grc' dir='ltr'>τῇ</span> <span class='ocrx_word' id='word_1_676' title='bbox 3472 4458 3677 4530; x_wconf 62' lang='grc' dir='ltr'>ἀδηλίᾳ</span> 
     </span>
    </p>
   </div>
   <div class='ocr_carea' id='block_1_92' title="bbox 408 4539 1990 4616">
    <p class='ocr_par' dir='ltr' id='par_1_92' title="bbox 408 4543 1988 4615">
     <span class='ocr_line' id='line_1_92' title="bbox 408 4543 1988 4615; baseline 0 -17"><span class='ocrx_word' id='word_1_677' title='bbox 408 4545 608 4600; x_wconf 85' lang='lat' dir='ltr'><strong>ictibus</strong></span> <span class='ocrx_word' id='word_1_678' title='bbox 634 4543 922 4608; x_wconf 68' lang='lat' dir='ltr'><strong>laedantur,</strong></span> <span class='ocrx_word' id='word_1_679' title='bbox 937 4549 1119 4597; x_wconf 88' lang='lat' dir='ltr'><strong>tamen</strong></span> <span class='ocrx_word' id='word_1_680' title='bbox 1141 4558 1250 4612; x_wconf 83' lang='lat' dir='ltr'><strong>prae</strong></span> <span class='ocrx_word' id='word_1_681' title='bbox 1267 4543 1646 4599; x_wconf 83' lang='lat' dir='ltr'><strong>misericordia</strong></span> <span class='ocrx_word' id='word_1_682' title='bbox 1667 4543 1988 4615; x_wconf 87' lang='lat' dir='ltr'><strong>periclitan-</strong></span> 
     </span>
    </p>
   </div>
   <div class='ocr_carea' id='block_1_93' title="bbox 2095 4539 3676 4616">
    <p class='ocr_par' dir='ltr' id='par_1_93' title="bbox 2095 4539 3676 4616">
     <span class='ocr_line' id='line_1_93' title="bbox 2095 4539 3676 4616; baseline 0.006 -23"><span class='ocrx_word' id='word_1_683' title='bbox 2095 4539 2186 4594; x_wconf 79' lang='grc' dir='ltr'><strong>τοῦ</strong></span> <span class='ocrx_word' id='word_1_684' title='bbox 2217 4540 2502 4612; x_wconf 85' lang='grc' dir='ltr'>μέλλοντος</span> <span class='ocrx_word' id='word_1_685' title='bbox 2540 4543 2853 4614; x_wconf 87' lang='grc' dir='ltr'>ἐπιτρέπων</span> <span class='ocrx_word' id='word_1_686' title='bbox 2891 4544 2989 4616; x_wconf 81' lang='grc' dir='ltr'><strong>τὴν</strong></span> <span class='ocrx_word' id='word_1_687' title='bbox 3013 4544 3258 4609; x_wconf 74' lang='grc' dir='ltr'>ἔκϐασιν,</span> <span class='ocrx_word' id='word_1_688' title='bbox 3289 4545 3406 4600; x_wconf 85' lang='grc' dir='ltr'>ἀλλ’</span> <span class='ocrx_word' id='word_1_689' title='bbox 3437 4547 3515 4614; x_wconf 85' lang='grc' dir='ltr'><strong>ὡς</strong></span> <span class='ocrx_word' id='word_1_690' title='bbox 3542 4549 3676 4612; x_wconf 79' lang='grc' dir='ltr'>Θεὸς</span> 
     </span>
    </p>
   </div>
   <div class='ocr_carea' id='block_1_94' title="bbox 409 4633 1990 4711">
    <p class='ocr_par' dir='ltr' id='par_1_94' title="bbox 409 4633 1983 4707">
     <span class='ocr_line' id='line_1_94' title="bbox 409 4633 1983 4707; baseline 0.003 -22"><span class='ocrx_word' id='word_1_691' title='bbox 409 4637 485 4693; x_wconf 83' lang='lat' dir='ltr'><strong>tis</strong></span> <span class='ocrx_word' id='word_1_692' title='bbox 508 4635 721 4707; x_wconf 87' lang='lat' dir='ltr'><strong>ingredi</strong></span> <span class='ocrx_word' id='word_1_693' title='bbox 746 4649 854 4689; x_wconf 89' lang='lat' dir='ltr'><strong>non</strong></span> <span class='ocrx_word' id='word_1_694' title='bbox 897 4643 1194 4704; x_wconf 89' lang='lat' dir='ltr'><strong>gravantur</strong></span> <span class='ocrx_word' id='word_1_695' title='bbox 1227 4649 1239 4685; x_wconf 90' lang='lat'>:</span> <span class='ocrx_word' id='word_1_696' title='bbox 1271 4633 1342 4688; x_wconf 85' lang='lat' dir='ltr'><strong>ita</strong></span> <span class='ocrx_word' id='word_1_697' title='bbox 1368 4633 1627 4691; x_wconf 89' lang='lat' dir='ltr'><strong>Servator</strong></span> <span class='ocrx_word' id='word_1_698' title='bbox 1659 4642 1849 4691; x_wconf 89' lang='lat' dir='ltr'><strong>noster</strong></span> <span class='ocrx_word' id='word_1_699' title='bbox 1876 4635 1983 4690; x_wconf 86' lang='lat' dir='ltr'><strong>hu-</strong></span> 
     </span>
    </p>
   </div>
   <div class='ocr_carea' id='block_1_95' title="bbox 2095 4633 3680 4711">
    <p class='ocr_par' dir='ltr' id='par_1_95' title="bbox 2095 4633 3680 4711">
     <span class='ocr_line' id='line_1_95' title="bbox 2095 4633 3680 4711; baseline 0.005 -24"><span class='ocrx_word' id='word_1_700' title='bbox 2095 4633 2354 4706; x_wconf 70' lang='grc' dir='ltr'>ᾠκονόμει</span> <span class='ocrx_word' id='word_1_701' title='bbox 2393 4633 2456 4687; x_wconf 84' lang='grc' dir='ltr'><strong>τὸ</strong></span> <span class='ocrx_word' id='word_1_702' title='bbox 2505 4633 2882 4704; x_wconf 85' lang='grc' dir='ltr'>προκείμενον,</span> <span class='ocrx_word' id='word_1_703' title='bbox 2915 4636 3009 4689; x_wconf 76' lang='grc' dir='ltr'><strong>ἐπὶ</strong></span> <span class='ocrx_word' id='word_1_704' title='bbox 3039 4635 3188 4708; x_wconf 79' lang='grc' dir='ltr'>ῥητῷ</span> <span class='ocrx_word' id='word_1_705' title='bbox 3221 4636 3318 4692; x_wconf 78' lang='grc' dir='ltr'>καὶ</span> <span class='ocrx_word' id='word_1_706' title='bbox 3340 4638 3680 4711; x_wconf 72' lang='grc' dir='ltr'>ἐγνωσμὲνῳ</span> 
     </span>
    </p>
   </div>
   <div class='ocr_carea' id='block_1_96' title="bbox 407 4725 2538 4798">
    <p class='ocr_par' dir='ltr' id='par_1_96' title="bbox 407 4725 2538 4798">
     <span class='ocr_line' id='line_1_96' title="bbox 407 4725 2538 4798; baseline -0 -18"><span class='ocrx_word' id='word_1_707' title='bbox 407 4742 603 4784; x_wconf 88' lang='lat' dir='ltr'><strong>manus</strong></span> <span class='ocrx_word' id='word_1_708' title='bbox 627 4727 770 4781; x_wconf 93' lang='lat' dir='ltr'><strong>ultro</strong></span> <span class='ocrx_word' id='word_1_709' title='bbox 797 4739 860 4780; x_wconf 92' lang='lat' dir='ltr'><strong>ac</strong></span> <span class='ocrx_word' id='word_1_710' title='bbox 884 4732 1081 4794; x_wconf 89' lang='lat' dir='ltr'><strong>sponte</strong></span> <span class='ocrx_word' id='word_1_711' title='bbox 1109 4740 1208 4780; x_wconf 87' lang='lat' dir='ltr'><strong>sua</strong></span> <span class='ocrx_word' id='word_1_712' title='bbox 1235 4727 1634 4782; x_wconf 88' lang='lat' dir='ltr'><strong>contumeliosa</strong></span> <span class='ocrx_word' id='word_1_713' title='bbox 1663 4733 1718 4782; x_wconf 92' lang='lat' dir='ltr'><strong>et</strong></span> <span class='ocrx_word' id='word_1_714' title='bbox 1745 4725 1980 4797; x_wconf 87' lang='lat' dir='ltr'><strong>ignomi-</strong></span> <span class='ocrx_word' id='word_1_715' title='bbox 2078 4725 2158 4798; x_wconf 82' lang='grc' dir='ltr'>τῷ</span> <span class='ocrx_word' id='word_1_716' title='bbox 2184 4725 2346 4780; x_wconf 85' lang='grc' dir='ltr'>τέλει.</span> <span class='ocrx_word' id='word_1_717' title='bbox 2526 4783 2538 4797; x_wconf 52' lang='grc'><em>,</em></span> 
     </span>
    </p>
   </div>
   <div class='ocr_carea' id='block_1_97' title="bbox 407 4817 3675 4897">
    <p class='ocr_par' dir='ltr' id='par_1_97' title="bbox 407 4817 3675 4897">
     <span class='ocr_line' id='line_1_97' title="bbox 407 4817 3675 4897; baseline 0.003 -26"><span class='ocrx_word' id='word_1_718' title='bbox 407 4822 561 4875; x_wconf 87' lang='lat' dir='ltr'><strong>niosa</strong></span> <span class='ocrx_word' id='word_1_719' title='bbox 586 4820 849 4889; x_wconf 83' lang='lat' dir='ltr'><strong>suscepit,</strong></span> <span class='ocrx_word' id='word_1_720' title='bbox 877 4825 936 4873; x_wconf 91' lang='lat' dir='ltr'><strong>ut</strong></span> <span class='ocrx_word' id='word_1_721' title='bbox 963 4834 1087 4873; x_wconf 90' lang='lat' dir='ltr'><strong>eum</strong></span> <span class='ocrx_word' id='word_1_722' title='bbox 1118 4819 1211 4890; x_wconf 92' lang='lat' dir='ltr'><strong>qui</strong></span> <span class='ocrx_word' id='word_1_723' title='bbox 1244 4817 1439 4876; x_wconf 77' lang='lat' dir='ltr'><strong>fraude</strong></span> <span class='ocrx_word' id='word_1_724' title='bbox 1459 4821 1720 4891; x_wconf 89' lang='lat' dir='ltr'><strong>perierat,</strong></span> <span class='ocrx_word' id='word_1_725' title='bbox 1747 4831 2010 4886; x_wconf 87' lang='lat' dir='ltr'><strong>servaret,</strong></span> <span class='ocrx_word' id='word_1_726' title='bbox 2030 4820 2314 4877; x_wconf 88' lang='lat' dir='ltr'><strong>descendit</strong></span> <span class='ocrx_word' id='word_1_727' title='bbox 2336 4823 2389 4876; x_wconf 92' lang='lat' dir='ltr'><strong>in</strong></span> <span class='ocrx_word' id='word_1_728' title='bbox 2415 4822 2971 4891; x_wconf 90' lang='lat' dir='ltr'><strong>mundum,quoniam</strong></span> <span class='ocrx_word' id='word_1_729' title='bbox 2997 4821 3330 4893; x_wconf 64' lang='lat' dir='ltr'><strong>pravidebat</strong></span> <span class='ocrx_word' id='word_1_730' title='bbox 3355 4822 3531 4880; x_wconf 88' lang='lat' dir='ltr'><strong>etiam</strong></span> <span class='ocrx_word' id='word_1_731' title='bbox 3565 4826 3675 4897; x_wconf 85' lang='lat' dir='ltr'><strong>glo-</strong></span> 
     </span>
    </p>
   </div>
   <div class='ocr_carea' id='block_1_98' title="bbox 407 4909 3670 4986">
    <p class='ocr_par' dir='ltr' id='par_1_98' title="bbox 407 4909 3670 4986">
     <span class='ocr_line' id='line_1_98' title="bbox 407 4909 3670 4986; baseline 0.004 -24"><span class='ocrx_word' id='word_1_732' title='bbox 407 4913 612 4963; x_wconf 84' lang='lat' dir='ltr'><strong>riosum</strong></span> <span class='ocrx_word' id='word_1_733' title='bbox 631 4925 944 4966; x_wconf 87' lang='lat' dir='ltr'><strong>ascensum.</strong></span> <span class='ocrx_word' id='word_1_734' title='bbox 968 4909 1102 4966; x_wconf 79' lang='lat' dir='ltr'><strong>Mori</strong></span> <span class='ocrx_word' id='word_1_735' title='bbox 1124 4927 1184 4967; x_wconf 91' lang='lat' dir='ltr'><strong>se</strong></span> <span class='ocrx_word' id='word_1_736' title='bbox 1211 4913 1397 4983; x_wconf 84' lang='lat' dir='ltr'><strong>generi</strong></span> <span class='ocrx_word' id='word_1_737' title='bbox 1425 4914 1662 4967; x_wconf 85' lang='lat' dir='ltr'><strong>humano</strong></span> <span class='ocrx_word' id='word_1_738' title='bbox 1683 4913 1953 4983; x_wconf 89' lang='lat' dir='ltr'><strong>permisit.</strong></span> <span class='ocrx_word' id='word_1_739' title='bbox 1983 4915 2242 4984; x_wconf 87' lang='lat' dir='ltr'><strong>quoniam</strong></span> <span class='ocrx_word' id='word_1_740' title='bbox 2263 4913 2722 4971; x_wconf 88' lang='lat' dir='ltr'><strong>resurrectionem</strong></span> <span class='ocrx_word' id='word_1_741' title='bbox 2740 4929 2960 4986; x_wconf 86' lang='lat' dir='ltr'><strong>quoque</strong></span> <span class='ocrx_word' id='word_1_742' title='bbox 2983 4916 3384 4986; x_wconf 70' lang='lat' dir='ltr'><strong>pmsentiebat,</strong></span> <span class='ocrx_word' id='word_1_743' title='bbox 3408 4927 3464 4973; x_wconf 88' lang='lat' dir='ltr'><strong>et</strong></span> <span class='ocrx_word' id='word_1_744' title='bbox 3486 4922 3670 4974; x_wconf 85' lang='lat' dir='ltr'><strong>animo</strong></span> 
     </span>
    </p>
   </div>
   <div class='ocr_carea' id='block_1_99' title="bbox 405 5003 3666 5080">
    <p class='ocr_par' dir='ltr' id='par_1_99' title="bbox 405 5003 3666 5080">
     <span class='ocr_line' id='line_1_99' title="bbox 405 5003 3666 5080; baseline 0.003 -24"><span class='ocrx_word' id='word_1_745' title='bbox 405 5003 756 5074; x_wconf 72' lang='lat' dir='ltr'><strong>przevidebat.</strong></span> <span class='ocrx_word' id='word_1_746' title='bbox 786 5003 905 5059; x_wconf 87' lang='lat' dir='ltr'><strong>Non</strong></span> <span class='ocrx_word' id='word_1_747' title='bbox 927 5005 1075 5059; x_wconf 92' lang='lat' dir='ltr'><strong>enim</strong></span> <span class='ocrx_word' id='word_1_748' title='bbox 1107 5007 1272 5061; x_wconf 90' lang='lat' dir='ltr'><strong>sicuti</strong></span> <span class='ocrx_word' id='word_1_749' title='bbox 1301 5023 1448 5062; x_wconf 90' lang='lat' dir='ltr'><strong>unus</strong></span> <span class='ocrx_word' id='word_1_750' title='bbox 1468 5022 1538 5062; x_wconf 83' lang='lat' dir='ltr'><strong>ex</strong></span> <span class='ocrx_word' id='word_1_751' title='bbox 1563 5007 1881 5078; x_wconf 82' lang='lat' dir='ltr'><strong>vulgaribus</strong></span> <span class='ocrx_word' id='word_1_752' title='bbox 1905 5009 2222 5065; x_wconf 85' lang='lat' dir='ltr'><strong>hominibus</strong></span> <span class='ocrx_word' id='word_1_753' title='bbox 2249 5020 2453 5065; x_wconf 87' lang='lat' dir='ltr'><strong>temere</strong></span> <span class='ocrx_word' id='word_1_754' title='bbox 2491 5024 2614 5066; x_wconf 89' lang='lat' dir='ltr'><strong>sese</strong></span> <span class='ocrx_word' id='word_1_755' title='bbox 2658 5011 2917 5080; x_wconf 87' lang='lat' dir='ltr'><strong>periculis</strong></span> <span class='ocrx_word' id='word_1_756' title='bbox 2945 5010 3262 5080; x_wconf 83' lang='lat' dir='ltr'><strong>objiciebat,</strong></span> <span class='ocrx_word' id='word_1_757' title='bbox 3287 5011 3666 5071; x_wconf 86' lang='lat' dir='ltr'><strong>incertitudini</strong></span> 
     </span>
    </p>
   </div>
   <div class='ocr_carea' id='block_1_100' title="bbox 405 5093 3555 5173">
    <p class='ocr_par' dir='ltr' id='par_1_100' title="bbox 405 5093 3555 5173">
     <span class='ocr_line' id='line_1_100' title="bbox 405 5093 3555 5173; baseline 0.004 -27"><span class='ocrx_word' id='word_1_758' title='bbox 405 5093 576 5148; x_wconf 74' lang='lat' dir='ltr'><strong>futuri</strong></span> <span class='ocrx_word' id='word_1_759' title='bbox 604 5101 836 5150; x_wconf 89' lang='lat' dir='ltr'><strong>eventus</strong></span> <span class='ocrx_word' id='word_1_760' title='bbox 883 5109 997 5150; x_wconf 88' lang='lat' dir='ltr'><strong>rem</strong></span> <span class='ocrx_word' id='word_1_761' title='bbox 1029 5097 1383 5153; x_wconf 89' lang='lat' dir='ltr'><strong>committens</strong></span> <span class='ocrx_word' id='word_1_762' title='bbox 1407 5137 1422 5163; x_wconf 93' lang='lat'><strong>,</strong></span> <span class='ocrx_word' id='word_1_763' title='bbox 1465 5098 1561 5152; x_wconf 89' lang='lat' dir='ltr'><strong>sed</strong></span> <span class='ocrx_word' id='word_1_764' title='bbox 1601 5105 1863 5169; x_wconf 86' lang='lat' dir='ltr'><strong>tanquam</strong></span> <span class='ocrx_word' id='word_1_765' title='bbox 1889 5099 2031 5158; x_wconf 88' lang='lat' dir='ltr'><strong>Deus</strong></span> <span class='ocrx_word' id='word_1_766' title='bbox 2064 5115 2179 5156; x_wconf 90' lang='lat' dir='ltr'><strong>rem</strong></span> <span class='ocrx_word' id='word_1_767' title='bbox 2222 5099 2557 5173; x_wconf 89' lang='lat' dir='ltr'><strong>propositam</strong></span> <span class='ocrx_word' id='word_1_768' title='bbox 2582 5108 2733 5155; x_wconf 90' lang='lat' dir='ltr'><strong>certo</strong></span> <span class='ocrx_word' id='word_1_769' title='bbox 2757 5101 3143 5171; x_wconf 89' lang='lat' dir='ltr'><strong>destinatoque</strong></span> <span class='ocrx_word' id='word_1_770' title='bbox 3167 5101 3270 5157; x_wconf 82' lang='lat' dir='ltr'><strong>ﬁne</strong></span> <span class='ocrx_word' id='word_1_771' title='bbox 3299 5103 3555 5172; x_wconf 86' lang='lat' dir='ltr'><strong>regebat.</strong></span> 
     </span>
    </p>
   </div>
   <div class='ocr_carea' id='block_1_101' title="bbox 365 5183 1990 5264">
    <p class='ocr_par' dir='ltr' id='par_1_101' title="bbox 365 5183 1979 5258">
     <span class='ocr_line' id='line_1_101' title="bbox 365 5183 1979 5258; baseline 0.004 -20"><span class='ocrx_word' id='word_1_772' title='bbox 365 5237 376 5250; x_wconf 72' lang='grc'><strong>,</strong></span> <span class='ocrx_word' id='word_1_773' title='bbox 475 5183 606 5240; x_wconf 68' lang='lat' dir='ltr'><strong>Hcce</strong></span> <span class='ocrx_word' id='word_1_774' title='bbox 627 5186 796 5257; x_wconf 88' lang='lat' dir='ltr'><strong>igitur</strong></span> <span class='ocrx_word' id='word_1_775' title='bbox 821 5195 899 5240; x_wconf 77' lang='lat' dir='ltr'><strong>est</strong></span> <span class='ocrx_word' id='word_1_776' title='bbox 929 5187 1040 5241; x_wconf 78' lang='lat' dir='ltr'><strong>dies</strong></span> <span class='ocrx_word' id='word_1_777' title='bbox 1064 5225 1079 5250; x_wconf 89' lang='lat'><strong>,</strong></span> <span class='ocrx_word' id='word_1_778' title='bbox 1109 5205 1270 5258; x_wconf 81' lang='lat' dir='ltr'><strong>quam</strong></span> <span class='ocrx_word' id='word_1_779' title='bbox 1306 5189 1430 5258; x_wconf 78' lang='lat' dir='ltr'><strong>fecit</strong></span> <span class='ocrx_word' id='word_1_780' title='bbox 1470 5187 1760 5256; x_wconf 74' lang='lat' dir='ltr'><strong>Dominus,</strong></span> <span class='ocrx_word' id='word_1_781' title='bbox 1796 5191 1979 5245; x_wconf 67' lang='lat' dir='ltr'><strong>exsul-</strong></span> 
     </span>
    </p>
   </div>
   <div class='ocr_carea' id='block_1_102' title="bbox 2095 5183 3671 5264">
    <p class='ocr_par' dir='ltr' id='par_1_102' title="bbox 2161 5190 3671 5264">
     <span class='ocr_line' id='line_1_102' title="bbox 2161 5190 3671 5264; baseline 0.001 -17"><span class='ocrx_word' id='word_1_782' title='bbox 2161 5191 2324 5260; x_wconf 83' lang='grc' dir='ltr'>Αὕτη</span> <span class='ocrx_word' id='word_1_783' title='bbox 2372 5192 2548 5246; x_wconf 87' lang='grc' dir='ltr'>τοίνυν</span> <span class='ocrx_word' id='word_1_784' title='bbox 2586 5190 2855 5262; x_wconf 75' lang='grc' dir='ltr'>ἠήμέρα,</span> <span class='ocrx_word' id='word_1_785' title='bbox 2888 5191 2969 5261; x_wconf 75' lang='grc' dir='ltr'><strong>ἣν</strong></span> <span class='ocrx_word' id='word_1_786' title='bbox 3005 5193 3296 5259; x_wconf 71' lang='grc' dir='ltr'>ἐποίησεν</span> <span class='ocrx_word' id='word_1_787' title='bbox 3336 5195 3372 5246; x_wconf 82' lang='grc' dir='ltr'><em>ὁ</em></span> <span class='ocrx_word' id='word_1_788' title='bbox 3419 5197 3671 5264; x_wconf 71' lang='grc' dir='ltr'>Κύριος-ι</span> 
     </span>
    </p>
   </div>
   <div class='ocr_carea' id='block_1_103' title="bbox 407 5277 1990 5357">
    <p class='ocr_par' dir='ltr' id='par_1_103' title="bbox 407 5277 1982 5346">
     <span class='ocr_line' id='line_1_103' title="bbox 407 5277 1982 5346; baseline 0.004 -16"><span class='ocrx_word' id='word_1_789' title='bbox 407 5286 574 5332; x_wconf 79' lang='lat' dir='ltr'><strong>temua</strong></span> <span class='ocrx_word' id='word_1_790' title='bbox 615 5285 665 5330; x_wconf 82' lang='lat' dir='ltr'><strong>et</strong></span> <span class='ocrx_word' id='word_1_791' title='bbox 717 5277 957 5331; x_wconf 76' lang='lat' dir='ltr'><strong>lwtemur</strong></span> <span class='ocrx_word' id='word_1_792' title='bbox 1002 5278 1057 5330; x_wconf 79' lang='lat' dir='ltr'><strong>in</strong></span> <span class='ocrx_word' id='word_1_793' title='bbox 1097 5280 1213 5346; x_wconf 70' lang='lat' dir='ltr'><strong>ea’,</strong></span> <span class='ocrx_word' id='word_1_794' title='bbox 1251 5295 1357 5335; x_wconf 91' lang='lat' dir='ltr'><strong>non</strong></span> <span class='ocrx_word' id='word_1_795' title='bbox 1398 5280 1758 5336; x_wconf 86' lang='lat' dir='ltr'><strong>ebrietatibus</strong></span> <span class='ocrx_word' id='word_1_796' title='bbox 1795 5289 1849 5336; x_wconf 83' lang='lat' dir='ltr'><strong>et</strong></span> <span class='ocrx_word' id='word_1_797' title='bbox 1889 5296 1982 5336; x_wconf 90' lang='lat' dir='ltr'><strong>co-</strong></span> 
     </span>
    </p>
   </div>
   <div class='ocr_carea' id='block_1_104' title="bbox 2095 5277 3680 5357">
    <p class='ocr_par' dir='ltr' id='par_1_104' title="bbox 2095 5283 3680 5357">
     <span class='ocr_line' id='line_1_104' title="bbox 2095 5283 3680 5357; baseline 0 -17"><span class='ocrx_word' id='word_1_798' title='bbox 2095 5283 2586 5353; x_wconf 70' lang='grc' dir='ltr'>ἀγαλλιασώμεθα</span> <span class='ocrx_word' id='word_1_799' title='bbox 2617 5283 2716 5339; x_wconf 74' lang='grc' dir='ltr'><strong>καί</strong></span> <span class='ocrx_word' id='word_1_800' title='bbox 2763 5283 3188 5354; x_wconf 73' lang='grc' dir='ltr'>εὐφρανθῶμεν</span> <span class='ocrx_word' id='word_1_801' title='bbox 3237 5285 3308 5338; x_wconf 79' lang='grc' dir='ltr'>ἐν</span> <span class='ocrx_word' id='word_1_802' title='bbox 3353 5286 3533 5356; x_wconf 76' lang='grc' dir='ltr'>αὐτῇ,</span> <span class='ocrx_word' id='word_1_803' title='bbox 3587 5288 3680 5357; x_wconf 77' lang='grc' dir='ltr'>μὴ</span> 
     </span>
    </p>
   </div>
   <div class='ocr_carea' id='block_1_105' title="bbox 403 5369 1990 5447">
    <p class='ocr_par' dir='ltr' id='par_1_105' title="bbox 403 5369 1975 5432">
     <span class='ocr_line' id='line_1_105' title="bbox 403 5369 1975 5432; baseline 0.004 -11"><span class='ocrx_word' id='word_1_804' title='bbox 403 5369 867 5432; x_wconf 80' lang='lat' dir='ltr'><strong>niessationibus,</strong></span> <span class='ocrx_word' id='word_1_805' title='bbox 936 5385 1042 5424; x_wconf 89' lang='lat' dir='ltr'><strong>non</strong></span> <span class='ocrx_word' id='word_1_806' title='bbox 1102 5371 1287 5427; x_wconf 88' lang='lat' dir='ltr'><strong>choris</strong></span> <span class='ocrx_word' id='word_1_807' title='bbox 1356 5380 1410 5425; x_wconf 89' lang='lat' dir='ltr'><strong>et</strong></span> <span class='ocrx_word' id='word_1_808' title='bbox 1449 5370 1975 5427; x_wconf 84' lang='lat' dir='ltr'><strong>debacchationibns</strong></span> 
     </span>
    </p>
   </div>
   <div class='ocr_carea' id='block_1_106' title="bbox 2095 5369 3686 5447">
    <p class='ocr_par' dir='ltr' id='par_1_106' title="bbox 2095 5373 3686 5447">
     <span class='ocr_line' id='line_1_106' title="bbox 2095 5373 3686 5447; baseline 0.003 -19"><span class='ocrx_word' id='word_1_809' title='bbox 2095 5374 2284 5446; x_wconf 76' lang='grc' dir='ltr'>μέθαις</span> <span class='ocrx_word' id='word_1_810' title='bbox 2314 5376 2408 5429; x_wconf 78' lang='grc' dir='ltr'><strong>καὶ</strong></span> <span class='ocrx_word' id='word_1_811' title='bbox 2438 5373 2664 5446; x_wconf 85' lang='grc' dir='ltr'>κώμοις,</span> <span class='ocrx_word' id='word_1_812' title='bbox 2700 5374 2775 5446; x_wconf 79' lang='grc' dir='ltr'><strong>μὴ</strong></span> <span class='ocrx_word' id='word_1_813' title='bbox 2812 5378 2994 5446; x_wconf 82' lang='grc' dir='ltr'>χοροῖς</span> <span class='ocrx_word' id='word_1_814' title='bbox 3019 5376 3112 5429; x_wconf 75' lang='grc' dir='ltr'><strong>καὶ</strong></span> <span class='ocrx_word' id='word_1_815' title='bbox 3145 5376 3490 5447; x_wconf 75' lang='grc' dir='ltr'>παροινίαις,</span> <span class='ocrx_word' id='word_1_816' title='bbox 3529 5377 3686 5435; x_wconf 65' lang='grc' dir='ltr'>ἀλλὰ</span> 
     </span>
    </p>
   </div>
   <div class='ocr_carea' id='block_1_107' title="bbox 403 5459 1990 5540">
    <p class='ocr_par' dir='ltr' id='par_1_107' title="bbox 403 5459 1980 5536">
     <span class='ocr_line' id='line_1_107' title="bbox 403 5459 1980 5536; baseline 0.004 -25"><span class='ocrx_word' id='word_1_817' title='bbox 403 5459 649 5524; x_wconf 73' lang='lat' dir='ltr'><strong>insanis,</strong></span> <span class='ocrx_word' id='word_1_818' title='bbox 675 5461 768 5516; x_wconf 91' lang='lat' dir='ltr'><strong>sed</strong></span> <span class='ocrx_word' id='word_1_819' title='bbox 809 5461 1008 5516; x_wconf 91' lang='lat' dir='ltr'><strong>divinis</strong></span> <span class='ocrx_word' id='word_1_820' title='bbox 1047 5477 1110 5516; x_wconf 91' lang='lat' dir='ltr'><strong>ac</strong></span> <span class='ocrx_word' id='word_1_821' title='bbox 1143 5463 1252 5518; x_wconf 87' lang='lat' dir='ltr'><strong>Deo</strong></span> <span class='ocrx_word' id='word_1_822' title='bbox 1289 5465 1740 5520; x_wconf 90' lang='lat' dir='ltr'><strong>convenientibus</strong></span> <span class='ocrx_word' id='word_1_823' title='bbox 1765 5465 1980 5536; x_wconf 82' lang='lat' dir='ltr'><strong>cogita-</strong></span> 
     </span>
    </p>
   </div>
   <div class='ocr_carea' id='block_1_108' title="bbox 2095 5459 3688 5540">
    <p class='ocr_par' dir='ltr' id='par_1_108' title="bbox 2095 5465 3688 5540">
     <span class='ocr_line' id='line_1_108' title="bbox 2095 5465 3688 5540; baseline 0.002 -20"><span class='ocrx_word' id='word_1_824' title='bbox 2095 5470 2206 5531; x_wconf 77' lang='grc' dir='ltr'>ταῖς</span> <span class='ocrx_word' id='word_1_825' title='bbox 2235 5465 2523 5521; x_wconf 81' lang='grc' dir='ltr'>θεοειδέσιν</span> <span class='ocrx_word' id='word_1_826' title='bbox 2546 5465 2796 5530; x_wconf 82' lang='grc' dir='ltr'>ἐννοίαις.</span> <span class='ocrx_word' id='word_1_827' title='bbox 2830 5467 3077 5538; x_wconf 86' lang='grc' dir='ltr'>Σήμερον</span> <span class='ocrx_word' id='word_1_828' title='bbox 3118 5467 3338 5521; x_wconf 75' lang='grc' dir='ltr'>ἃπασαν</span> <span class='ocrx_word' id='word_1_829' title='bbox 3369 5469 3470 5540; x_wconf 79' lang='grc' dir='ltr'><strong>τὴν</strong></span> <span class='ocrx_word' id='word_1_830' title='bbox 3489 5469 3688 5524; x_wconf 81' lang='grc' dir='ltr'>οἰκου-</span> 
     </span>
    </p>
   </div>
   <div class='ocr_carea' id='block_1_109' title="bbox 401 5550 1990 5632">
    <p class='ocr_par' dir='ltr' id='par_1_109' title="bbox 401 5550 1976 5625">
     <span class='ocr_line' id='line_1_109' title="bbox 401 5550 1976 5625; baseline 0.007 -21"><span class='ocrx_word' id='word_1_831' title='bbox 401 5550 666 5608; x_wconf 80' lang='lat' dir='ltr'><strong>tionibus.</strong></span> <span class='ocrx_word' id='word_1_832' title='bbox 708 5551 881 5610; x_wconf 88' lang='lat' dir='ltr'><strong>llodie</strong></span> <span class='ocrx_word' id='word_1_833' title='bbox 905 5554 1220 5610; x_wconf 86' lang='lat' dir='ltr'><strong>universum</strong></span> <span class='ocrx_word' id='word_1_834' title='bbox 1255 5555 1444 5612; x_wconf 86' lang='lat' dir='ltr'><strong>orbem</strong></span> <span class='ocrx_word' id='word_1_835' title='bbox 1483 5565 1756 5625; x_wconf 76' lang='lat' dir='ltr'><strong>terrarum</strong></span> <span class='ocrx_word' id='word_1_836' title='bbox 1791 5557 1976 5615; x_wconf 87' lang='lat' dir='ltr'><strong>videre</strong></span> 
     </span>
    </p>
   </div>
   <div class='ocr_carea' id='block_1_110' title="bbox 2095 5550 3694 5632">
    <p class='ocr_par' dir='ltr' id='par_1_110' title="bbox 2095 5557 3694 5632">
     <span class='ocr_line' id='line_1_110' title="bbox 2095 5557 3694 5632; baseline 0.001 -17"><span class='ocrx_word' id='word_1_837' title='bbox 2095 5559 2256 5631; x_wconf 84' lang='grc' dir='ltr'>μένην</span> <span class='ocrx_word' id='word_1_838' title='bbox 2285 5559 2431 5615; x_wconf 83' lang='grc' dir='ltr'>ἐστιν</span> <span class='ocrx_word' id='word_1_839' title='bbox 2462 5559 2589 5615; x_wconf 75' lang='grc' dir='ltr'>ἰδεῖν</span> <span class='ocrx_word' id='word_1_840' title='bbox 2613 5558 2690 5622; x_wconf 79' lang='grc' dir='ltr'>ὡς</span> <span class='ocrx_word' id='word_1_841' title='bbox 2713 5558 2840 5615; x_wconf 70' lang='grc' dir='ltr'>μίαν</span> <span class='ocrx_word' id='word_1_842' title='bbox 2865 5557 3042 5614; x_wconf 83' lang='grc' dir='ltr'>οἰκίαν</span> <span class='ocrx_word' id='word_1_843' title='bbox 3074 5560 3157 5625; x_wconf 80' lang='grc' dir='ltr'><strong>εἰς</strong></span> <span class='ocrx_word' id='word_1_844' title='bbox 3187 5561 3507 5632; x_wconf 68' lang='grc' dir='ltr'>συμφωνίαν</span> <span class='ocrx_word' id='word_1_845' title='bbox 3546 5561 3694 5630; x_wconf 76' lang='grc' dir='ltr'>ἐνὸς</span> 
     </span>
    </p>
   </div>
   <div class='ocr_carea' id='block_1_111' title="bbox 485 5723 979 5794">
    <p class='ocr_par' dir='ltr' id='par_1_111' title="bbox 485 5723 979 5794">
     <span class='ocr_line' id='line_1_111' title="bbox 485 5723 979 5794; baseline 0.012 -14"><span class='ocrx_word' id='word_1_846' title='bbox 485 5723 670 5780; x_wconf 71' lang='grc' dir='ltr'>³Ρεοι.</span> <span class='ocrx_word' id='word_1_847' title='bbox 695 5744 863 5794; x_wconf 76' lang='lat' dir='ltr'><strong>cxvii,</strong></span> <span class='ocrx_word' id='word_1_848' title='bbox 892 5733 979 5786; x_wconf 63' lang='grc' dir='ltr'>ει.</span> 
     </span>
    </p>
   </div>
  </div>
