3930 6210
340 339 448 400 6'37

1267 337 1337 393 IN
1367 336 1658 394 CHRISTT‘
1689 335 2558 396 RESURRECTIONEMORAT.
2591 337 2679 394 lll.

3504 345 3607 398 €38

340 459 671 533 πράγματος
719 457 1094 528 συ-γχυθεῖσανν
1131 457 1224 511 τοῦ
1274 458 1418 512 κατά
1460 458 1746 528 συνήθειαν
1792 459 1930 528 πρά-

2040 459 2166 513 licet
2190 498 2204 522 ,
2229 458 2457 527 perinde
2495 473 2557 512 ac
2576 458 2622 516 si
2667 472 2773 512 una
2805 457 3001 515 domus
3048 467 3192 516 esset
3215 501 3228 521 ,
3253 459 3305 512 in
3336 459 3500 515 unius
3537 465 3611 516 rei

341 570 579 623 γματος,
612 550 1150 622 μετασκευασθεῖσαν
1179 550 1236 604 δὲ
1271 551 1351 604 ἑνὶ
1386 551 1688 622 συνθήματι
1732 553 1811 615 είς
1834 551 1931 621 τὴν

347 643 586 714 σπουδὴν
609 645 710 714 τῆς
738 642 924 712 εὑχῆς.
943 644 1008 695 Δί
1035 642 1299 715 λεωφόροι
1328 643 1451 706 τοὺς
1488 643 1800 714 ὁδοιπόρους
1831 643 1932 696 οὑκ

348 735 563 805 ἔχουσι·
616 733 864 788 θάλασσα
919 733 1164 804 σήμερον
1212 733 1424 788 ναυτῶν
1483 735 1576 787 καὶ
1629 734 1932 804 πλωτήρων

346 825 554 895 ἔρημος
568 838 582 853 ο
613 821 857 894 γεωργὸς
877 820 975 892 τὴν
999 821 1286 892 σκαπάνην
1307 822 1402 874 καὶ
1419 821 1479 874 τὸ
1493 820 1928 891 ἄροτρον-ῥίψας,

344 917 430 980 είς
456 915 518 967 τὸ
542 911 637 967 τοὺ
665 911 1018 984 ἑορτάζοντος
1054 912 1248 982 σχῆμα
1269 909 1706 964 ἑκαλλωπίσατο’
1747 910 1803 962 ai
1834 926 1932 962 κα-

346 1009 572 1079 πηλεϊαι
602 1006 704 1077 τῆς
735 1001 1009 1075 ἐμπορίας
1036 1001 1412 1074 σχολάζουσινο
1447 1003 1505 1057 at
1537 1000 1788 1072 ὀχλήσεις
1811 1000 1932 1054 ἐλύ-

347 1099 542 1170 θησαν,
575 1098 652 1161 ὡς
676 1094 886 1168 χειμὼν
932 1095 1288 1164 ἐπιφανέντος
1329 1094 1519 1164 ἔαρος·
1561 1093 1789 1164 θόρυϐοι»
1838 1094 1932 1147 καὶ

345 1185 586 1258 ταραχαὶ
629 1186 725 1239 καὶ
766 1184 926 1250 ζάλαι
965 1182 1061 1237 τοῦ
1099 1179 1238 1254 βίου,
1265 1185 1330 1255 τῇ
1384 1183 1576 1256 εἰρήνῃ
1606 1183 1700 1254 τῆς
1737 1183 1933 1254 ἑορτῆς

347 1278 726 1349 ὑπεξέστησαν
745 1293 760 1308 ο
789 1278 818 1330 6
855 1275 1026 1346 πένης
1054 1275 1131 1340 ώς
1157 1273 1412 1339 πλούσιος
1444 1275 1876 1340 καλλωπίζεταιο
1902 1277 1933 1329 6

348 1369 606 1433 πλούσιος
651 1368 750 1440 τῆς
783 1366 1070 1438 συνηθείας
1113 1366 1572 1439 περιφανέστερος
1619 1366 1928 1420 δείκνυταιο

345 1463 376 1516 6
399 1459 717 1533 πρεσϐύτης
744 1459 820 1524 ὡς
860 1459 981 1522 νέος
1013 1456 1196 1530 τρέχει
1229 1458 1366 1530 πρὸς
1388 1457 1486 1530 τὴν
1515 1459 1805 1530 μετουσίαν
1832 1459 1930 1528 τῆς

345 1551 690 1624 εὐφροσύνης
710 1567 724 1582 θ
752 1550 782 1603 6
809 1548 1060 1623 ἀσθενὴς,
1091 1551 1185 1604 καὶ
1221 1550 1322 1621 τὴν
1355 1550 1514 1604 νόσον
1554 1549 1834 1621 βιάζεται·
1872 1552 1932 1604 τὸ

347 1645 564 1699 παιδίον
608 1648 676 1716 τῇ
711 1643 979 1717 ἐξαλλαγῇ
1018 1645 1116 1715 τῆς
1154 1643 1380 1712 ἐσθῆτος
1440 1642 1710 1714 αίσθητῶς
1743 1644 1932 1715 ἑορτά-

351 1736 438 1801 ζει
458 1776 474 1798 ,
527 1735 714 1807 ἐπειδὴ
763 1735 971 1807 νοητῶς
1017 1733 1228 1790 οὐδέπω
1274 1733 1518 1789 δύναται.
1559 1733 1624 1787 Ἦ
1665 1733 1931 1805 παρθένος

2033 551 2100 606 de
2134 566 2284 606 more
2328 552 2442 605 ﬁeri
2474 551 2650 606 solitae
2702 566 3031 606 consensum
3083 565 3149 605 ac
3210 551 3369 620 quasi
3407 565 3610 606 consu-

2034 644 2278 698 nantiam
2321 643 2525 699 coiisse
2553 651 2716 713 atque
2779 644 3092 708 coaluisse,
3135 658 3356 713 uneque
3413 643 3608 714 signa,

2032 734 2192 803 quasi
2229 743 2436 789 tessera
2487 745 2711 799 accepta
2768 731 2835 786 ad
2887 732 3130 788 studium
3191 732 3461 786 orationis
3501 739 3613 785 tra-

2032 825 2283 880 ductum.
2321 822 2434 878 Viae
2455 824 3030 894 publictc'viatoribus
3069 830 3291 887 carent,
3333 838 3484 877 mare
3521 823 3613 883 lio-

2031 916 2122 974 die
2148 931 2178 971 a
2216 916 2402 972 nautis
2429 924 2484 972 et
2513 915 2825 971 vectoribus
2863 915 3137 971 desertum
3173 932 3186 968 :
3220 914 3458 985 agricola
3491 929 3614 967 ara-

2031 1014 2120 1062 tro
2179 1020 2243 1060 ac
2278 1005 2457 1077 ligone
2497 1006 2740 1076 projecto
2775 1006 2829 1060 in
2890 1006 3134 1061 habitum
3169 1005 3418 1061 leriantis
3461 1020 3614 1059 com-

2032 1098 2246 1168 positus
2269 1106 2324 1154 et
2356 1106 2773 1161 exornatus-cst,
2801 1113 3114 1168 cauponzea
3137 1105 3348 1168 quaestu
3375 1104 3610 1152 vacant:

2033 1192 2294 1262 strepitus
2325 1202 2586 1263 tanquam
2629 1192 2816 1246 hiems
2842 1200 3129 1262 appetente
3173 1206 3300 1246 vere
3355 1201 3614 1246 cessant:

2032 1284 2300 1339 tumultus
2323 1327 2336 1349 ,
2381 1285 2588 1349 ειη-θαι,
2622 1284 2744 1338 vita:
2773 1284 3026 1354 procellae
3055 1283 3176 1354 paci
3211 1293 3269 1338 ct
3293 1282 3462 1353 quieti
3505 1283 3615 1341 dici

2034 1373 2160 1431 festi
2221 1375 2615 1440 decesserunt,
2678 1390 2884 1446 pauper
2935 1385 2994 1429 ut
3051 1375 3204 1431 dives
3268 1382 3606 1431 exornatur,

2032 1464 2184 1520 dives
2217 1465 2380 1520 solito
2405 1464 2745 1535 splendidior
2773 1464 3150 1535 conSpieitur;
3185 1479 3349 1518 senex
3385 1462 3615 1531 perinde

2033 1572 2097 1612 ae
2126 1557 2348 1626 juvenis
2376 1557 2618 1612 accurrit
2652 1599 2667 1624 ,
2713 1565 2774 1612 ut
2804 1556 3074 1626 particeps
3119 1553 3319 1610 latitia:
3357 1555 3451 1608 ﬁat
3473 1593 3488 1616 ,
3526 1554 3612 1608 in-

2036 1649 2227 1705 ﬁrmus
2269 1664 2490 1720 quoque
2529 1649 2639 1704 vim
2701 1649 2894 1704 morbo
2923 1645 3122 1703 ali‘ert:
3165 1647 3379 1718 puellus
3427 1646 3611 1702 infans

2035 1740 2338 1796 mutatione
2363 1741 2533 1797 vestis
2557 1755 2722 1797 sensu
2741 1747 2965 1794 externo
2991 1738 3348 1801 festumcolit,
3373 1737 3614 1807 quando-

354 1827 754 1901 ὑπεργάννυται
785 1827 884 1899 τὴν
909 1825 1110 1899 ψυχὴν,
1147 1827 1230 1881 ὅτι
1255 1825 1356 1896 τῆς
1391 1825 1527 1890 ίδίας
1553 1825 1766 1891 ἐλπίδος
1793 1827 1934 1899 λαμ-

2040 1831 2257 1902 quidem
2283 1832 2530 1887 interiori
2553 1830 2719 1885 animi
2748 1845 2917 1885 sensu
2947 1828 3190 1884 nondum
3215 1837 3417 1899 potest.
3445 1827 3612 1898 Virgo

353 1919 502 1992 πράν
540 1920 631 1974 καὶ
673 1918 817 1974 οὕτω
859 1919 1180 1991 τιμωμένην
1221 1918 1324 1990 τὴν
1367 1919 1675 1991 ὑπόμνησιν
1707 1918 1927 1990 βλέπει’

351 2015 388 2085 ἠ
408 2013 649 2085 ἑγγαμος
675 2012 782 2084 ὅλῳ
811 2011 890 2084 τῷ
915 2010 1243 2084 πληρώματι
1269 2009 1372 2082 τῆς
1397 2011 1572 2082 οίκίας
1600 2011 1932 2085 ἑορτάζουσα

350 2106 560 2176 χαίρει’
584 2103 683 2158 νῦν
707 2104 816 2177 γάρ
841 2103 1000 2175 αὑτὴ,
1039 2103 1133 2159 καὶ
1161 2104 1192 2158 6
1226 2104 1492 2170 σύνοικος,
1527 2104 1621 2158 καὶ
1645 2107 1693 2159 oi
1721 2105 1928 2172 παῖδες,

348 2197 446 2250 καὶ
471 2196 522 2249 οί
560 2194 799 2259 οἰκέται,
830 2194 925 2250 καὶ
952 2193 1155 2258 πάντες
1187 2193 1424 2264 ἐφέστιοι
1452 2195 1794 2263 ἀγάλλονται.
1820 2198 1932 2251 Καὶ

346 2290 540 2359 ὥσπερ
584 2287 646 2342 τὸ
689 2286 896 2358 σμῆνος
939 2285 1051 2341 τῶν
1099 2285 1370 2357 μελισσῶν
1401 2286 1462 2340 τὸ
1493 2287 1614 2342 νέον
1646 2288 1741 2341 καὶ
1781 2288 1933 2359 ἀρτί-

345 2395 532 2442 τοκον,
572 2377 786 2450 πρῶτον
831 2376 935 2447 τῆς
973 2375 1321 2441 καταδύσεως
1350 2377 1384 2448 ἦ
1433 2376 1542 2433 τῶν
1586 2376 1933 2433 καλαθίσκων

346 2470 488 2541 πρὸς
517 2469 613 2523 τὸν
633 2469 770 2542 ἀέρα
800 2468 894 2524 καὶ
923 2467 986 2524 τὸ
1018 2468 1133 2540 φῶς
1160 2469 1541 2542 ἑξιπτάμενον,
1573 2469 1774 2541 ἄθρουν
1794 2469 1931 2542 ὁμοῦ

343 2563 445 2616 καὶ
479 2561 821 2633 συνηγμένον
865 2561 947 2616 ἑνὶ
997 2561 1176 2634 κλάδῳ
1202 2561 1418 2635 δένδρου
1453 2562 1897 2634 προσπλάσσεται
1913 2579 1928 2595 ο

342 2653 526 2717 οὕτως
571 2654 665 2708 ἑπὶ
721 2653 928 2726 ταύτης
973 2654 1074 2727 τῆς
1121 2655 1316 2727 ἑορτῆς
1361 2654 1634 2728 ὁλόκληρα
1659 2656 1753 2718 ,τά
1797 2655 1932 2728 γένη

344 2745 488 2817 πρὸς
513 2745 612 2810 τάς
638 2745 826 2811 ἑστίας
862 2745 1163 2819 συντρέχει.
1199 2747 1310 2802 Καὶ
1340 2745 1555 2818 ἀληθῶς
1595 2749 1660 2820 τῇ
1703 2751 1934 2821 μιμήσει

343 2835 489 2905 πρὸς
517 2835 622 2908 τὴν
671 2837 970 2908 μέλλουσαν
996 2838 1209 2910 ἡμέραν
1243 2841 1277 2911 ἠ
1309 2839 1560 2910 παροῦσα
1593 2839 1775 2906 καλῶς
1797 2842 1934 2898 ἀνα·-

343 2927 597 2999 φέρεται.
641 2929 1010 3001 ’Δθροιστικαὶ
1075 2930 1184 3003 γὰρ
1231 2929 1532 3004 ἀνθρώπων
1589 2932 1931 3005 ἀμφότεραι,

341 3020 536 3092 ἑκείνη
567 3020 677 3076 τῶν
721 3021 982 3088 καθόλου,
1014 3022 1154 3095 αὑτη
1184 3023 1292 3078 τῶν
1339 3023 1432 3078 ἐπὶ
1483 3025 1718 3097 μέρουςο
1763 3026 1852 3081 ἵνα
1877 3026 1936 3081 δὲ

342 3110 409 3164 τὸ
436 3110 801 3184 ἀληθέστερον
823 3113 1087 3184 εἴπωμεν,
1127 3113 1252 3167 ὅσον
1277 3115 1358 3178 είς
1398 3113 1731 3187 φαιδρότητα
1777 3115 1933 3188 φέρει

345 3205 446 3259 καὶ
471 3204 761 3276 εὐθυμίαν,
791 3204 933 3277 αὕτη
961 3207 1060 3278 τῆς
1092 3205 1547 3279 προσδοκωμένης
1573 3207 1932 3281 χαριεστέρα,

342 3290 541 3362 ἐπειδὴ
581 3290 704 3345 τότε
757 3292 857 3364 μὲν
895 3293 1208 3362 ἑπάναγκες
1254 3294 1348 3349 καὶ
1393 3295 1526 3359 τοὺς
1577 3296 1938 3369 ὀδυρομένους

342 3382 600 3454 δρᾶσθαι,
629 3376 722 3452 ⁴ὧν
765 3386 822 3438 αί
871 3385 1138 3458 ἁμαρτίαι
1168 3385 1680 3442 ἀποκαλύπτονταιο
1741 3387 1837 3444 νῦν
1879 3389 1937 3444 δὲ

344 3475 701 3541 ἀνεπίδεκτος
727 3476 834 3530 τῶν
869 3476 1208 3550 σκυθρωπῶν
1229 3480 1376 3532 ἑστιν
1401 3479 1434 3550 ή
1457 3479 1743 3534 εὐπάθεια.
1779 3480 1852 3534 '0
1878 3497 1937 3534 τε

346 3567 460 3639 γὰρ
485 3567 696 3634 δίκαιος
728 3569 1102 3641 εὐφραίνεται,
1126 3569 1221 3624 καὶ
1249 3570 1278 3622 6
1310 3569 1374 3624 τδ
1395 3570 1634 3634 συνειδὸς
1662 3571 1738 3642 μὴ
1765 3571 1938 3626 καθα-

352 3655 532 3727 ρεύων
554 3657 812 3728 ἀναμένει
838 3658 938 3731 τῆν
980 3661 1045 3713 ἑκ
1067 3659 1166 3729 τῆς
1196 3660 1482 3732 μετανοίας
1510 3660 1818 3734 διόρθωσιν,
1846 3663 1941 3717 καὶ

352 3749 510 3800 πᾶσα
535 3749 569 3819 ἠ
595 3748 741 3820 λύπη
771 3751 865 3804 ἑπὶ
899 3750 1003 3820 τῆς
1043 3751 1328 3824 παρούσης
1351 3752 1564 3824 ἡμέρας
1596 3754 1902 3826 κοιμίζεται
1922 3772 1935 3782 ο

354 3839 540 3902 οὐδεὶς
571 3839 626 3893 δὲ
653 3839 796 3894 οὑτω
827 3840 1156 3907 κατώδυνος,
1177 3841 1253 3907 ὡς
1272 3843 1456 3898 ἄνεσιν
1489 3843 1564 3916 μῆ
1592 3844 1850 3917 εὑρέσθαι
1870 3848 1937 3918 τῇ

359 3929 807 4006 μεγαλοπρεπείᾳ
832 3933 932 4005 τῆς
966 3933 1158 4006 ἑορτῆς
1179 3951 1192 3966 ’
1227 3933 1324 3989 νύν
1351 3937 1380 3990 6
1406 3935 1690 4008 δεσμώτης
1714 3937 1902 3993 λύεται
1921 3953 1936 3970 ⁸

353 4025 388 4077 ὁ
428 4020 704 4094 χρεώστης
723 4022 973 4094 ἀφίεται·
995 4025 1024 4078 6
1045 4022 1231 4087 δοῦλος
1250 4023 1628 4096 ἐλευθεροῦται
1650 4023 1729 4095 τῷ
1750 4023 1960 4096 ἀγαθῷ⁵

350 4113 453 4167 καὶ
476 4112 842 4186 φιλανθρώπῳ
855 4113 957 4185 τῆς
991 4113 1316 4185 Ἐκκλησίας
1335 4115 1672 4187 κηρύγματι,
1699 4117 1759 4170 ού
1787 4119 1941 4189 ραπι-

347 4207 586 4276 ζόμενος
620 4207 947 4278 ἀσχημόνως
983 4207 1125 4263 κατά
1171 4210 1272 4280 τῆς
1315 4211 1570 4279 παρειᾶς,
1606 4210 1700 4263 καὶ
1756 4210 1938 4282 πληγῇ

349 4301 452 4369 τῆς
501 4299 718 4372 πληγῆς
754 4301 1082 4372 ἀφιέμενος,
1126 4301 1246 4356 οὑδὲ
1289 4300 1476 4374 ὥσπερ
1527 4303 1586 4356 ἑν
1630 4306 1822 4375 πομπῇ
1863 4303 1943 4375 τῷ

349 4390 415 4461 δή
427 4409 515 4460 μῳ
554 4390 902 4462 δεικνύμενος
926 4393 1011 4463 ἐφ’
1040 4392 1229 4464 ὑψηλῷ
1261 4392 1498 4465 βήματι,
1541 4393 1704 4467 ὓϐριν
1723 4395 1781 4449 δὲ
1802 4394 1942 4466 έχων

2034 1927 2088 1980 in
2117 1924 2302 1979 animo
2328 1938 2430 1980 suo
2470 1923 2825 1980 vehementer
2863 1922 3078 1976 lzetatur
3105 1960 3121 1986 ,
3176 1920 3324 1992 quod
3356 1935 3469 1974 sua:
3497 1923 3611 1988 spei

2034 2017 2473 2074 recordationem
2527 2016 2664 2072 adeo
2718 2016 3004 2088 splendide
3068 2013 3330 2069 honorari
3385 2016 3607 2076 cernit;

2034 2107 2446 2165 materfamilias
2480 2123 2606 2163 cum
2642 2116 2760 2164 toto
2790 2122 2952 2178 grege
2978 2106 3178 2162 domus
3201 2143 3217 2170 ,
3263 2107 3482 2162 nemine
3530 2105 3612 2158 la-

2033 2201 2330 2256 miliarium
2377 2208 2542 2271 atque
2603 2199 3029 2256 domesticorum
3092 2197 3359 2261 absente,
3413 2196 3612 2252 festum

2033 2292 2320 2349 celebrans
2352 2293 2573 2347 laetatur
2608 2310 2620 2346 :
2658 2305 2805 2344 nunc
2832 2289 2978 2346 enim
3012 2288 3130 2358 ipsa
3185 2295 3352 2357 atque
3385 2287 3616 2340 maritus

2032 2395 2087 2442 et
2112 2385 2306 2453 liberi,
2355 2392 2411 2441 et
2450 2385 2634 2452 servi,
2660 2396 2963 2449 omnesque
2997 2379 3286 2436 domestici
3335 2379 3612 2434 laetantur.

2035 2475 2113 2532 Ac
2135 2477 2300 2532 veluti
2334 2491 2533 2532 novum
2557 2491 2623 2530 ac
2679 2490 2873 2531 recens
2903 2473 3112 2529 editum
3167 2487 3398 2528 examen
3451 2486 3614 2540 apum

2033 2580 2100 2622 ex
2136 2565 2380 2622 latibulis
2411 2565 2649 2637 primum
2691 2571 2748 2621 et
2808 2561 3122 2618 alvearibus
3155 2560 3322 2618 simul
3366 2569 3616 2615 coactum

2035 2666 2200 2730 atque
2229 2657 2537 2714 confertum
2569 2657 2624 2712 in
2657 2670 2841 2712 aerem
2875 2669 2942 2710 ac
2971 2653 3148 2710 lucem
3201 2652 3426 2708 evolans
3464 2665 3618 2706 ramo

2035 2750 2271 2821 alicujus
2311 2749 2528 2806 arboris
2578 2763 2699 2806 sese
2753 2746 2996 2818 applicat
3031 2753 3086 2801 et
3137 2743 3423 2800 considit:
3473 2742 3620 2797 haud

2035 2839 2270 2896 aiiterin
2303 2838 2410 2895 hoc
2441 2838 2582 2894 festo
2621 2839 2848 2908 integrae
2885 2835 3108 2891 familia:
3148 2833 3216 2887 ad
3267 2833 3424 2889 sedes
3455 2846 3606 2902 quae-

2037 2944 2147 3001 que
2199 2944 2332 2986 suas
2380 2927 2692 2986 conﬂuunt.
2728 2931 2809 2983 Ac
2867 2925 3115 2998 profecto
3140 2925 3259 2996 ipsa
3311 2925 3620 2980 imitatione

2036 3035 2278 3092 praesens
2306 3021 2423 3077 dies
2445 3020 2513 3075 ad
2542 3019 2788 3076 futurum
2822 3027 2971 3075 recte
2989 3016 3250 3074 -rel‘ertur
3284 3023 3448 3085 atque
3470 3031 3621 3071 com-

2036 3121 2282 3182 paratur.
2313 3111 2556 3184 Uterque
2583 3111 2729 3168 enim
2765 3109 3051 3164 hominum
3091 3116 3458 3178 congregatur
3491 3116 3574 3162 est
3603 3125 3614 3159 :

2039 3206 2136 3262 ille
2155 3206 2563 3269 universorum,
2585 3205 2675 3259 hic
2705 3202 3069 3274 Singularium
3102 3221 3116 3257 :
3147 3210 3206 3256 ut
3227 3207 3407 3254 autem
3436 3199 3621 3255 verius

2039 3295 2324 3362 dicamus,
2357 3304 2627 3368 quantum
2659 3295 2750 3350 ad’
2789 3293 3034 3351 laetitiam
3084 3293 3323 3365 pertinet
3344 3300 3398 3348 et
3431 3291 3621 3346 hilari-

2039 3394 2240 3443 tatem:
2285 3387 2402 3443 base
2433 3401 2598 3459 quam
2630 3386 2722 3442 illa
2748 3429 2763 3455 ,
2817 3401 2940 3458 quae
2970 3393 3358 3457 exspectatur,
3414 3384 3623 3456 gratior

2039 3494 2106 3534 ac
2153 3479 2455 3550 jucundior
2507 3488 2622 3547 est,
2678 3479 2881 3550 quippe
2923 3486 3055 3535 tunc
3115 3476 3337 3549 quidem
3392 3491 3623 3532 necesse

2039 3579 2124 3627 est
2149 3573 2312 3627 etiam
2337 3572 2701 3629 lamentantes
2721 3571 2918 3636 videri,
2951 3585 3186 3642 quorum
3215 3568 3470 3624 videlicet
3499 3583 3622 3638 pec-

2041 3676 2165 3722 cata
2194 3667 2564 3740 deteguntur;
2622 3669 2912 3739 praesentis
2968 3682 3102 3724 vero
3162 3666 3270 3722 diei
3300 3664 3621 3736 jucunditas

2043 3756 2225 3815 nullos
2254 3758 2496 3814 admittit
2523 3758 2710 3816 tristes
2737 3766 2794 3814 et
2823 3757 3009 3813 animo
3029 3756 3320 3812 demissos.
3375 3753 3508 3810 Nam
3569 3763 3623 3809 et

2037 3851 2224 3920 justus
2253 3850 2505 3915 laztatur,
2539 3859 2594 3906 et
2631 3851 2678 3906 is
2704 3849 2798 3921 qui
2832 3850 3227 3905 conscientiam
3284 3862 3475 3918 puram
3515 3862 3621 3901 non

2042 3941 2204 3997 habet
2240 3980 2256 4007 ,
2294 3957 2363 3997 ex
2402 3943 2786 4013 resipiscentia
2817 3941 2903 3997 sui
2937 3940 3334 3997 correctionem
3395 3946 3620 4010 sperat,

2042 4042 2207 4103 atque
2249 4033 2430 4090 omnis
2467 4033 2522 4088 in
2547 4032 2799 4104 praesenti
2851 4031 2939 4088 die
2999 4031 3220 4087 tristitia
3271 4029 3450 4100 sopita
3502 4037 3620 4084 est:

2044 4124 2228 4180 nullus
2249 4131 2432 4179 autem
2468 4125 2604 4180 adeo
2635 4123 2966 4194 aegritudine
3006 4137 3230 4191 pressus
3263 4129 3317 4174 et
3345 4119 3622 4174 obnoxius

2043 4223 2159 4278 est,
2223 4213 2358 4284 quin
2423 4228 2518 4284 per
2575 4213 2743 4282 hujus
2799 4211 2925 4266 festi
2977 4209 3437 4280 magnificentiam
3496 4209 3625 4263 mali

2043 4305 2130 4362 sui
2162 4306 2540 4362 remissionem
2575 4303 2777 4360 sentiat
2811 4311 2974 4372 atque
3023 4301 3268 4356 levamen
3311 4320 3324 4355 :
3388 4299 3494 4355 hoc
3538 4300 3627 4355 die

2045 4399 2170 4454 nexi
2223 4399 2557 4454 solvuntur:
2595 4395 2814 4452 debitor
2859 4394 3199 4460 dimittitur;
3237 4408 3429 4449 servus
3483 4393 3628 4447 bono

350 4483 451 4537 καὶ
500 4483 874 4555 ἑρυθριασμδν
934 4484 1031 4556 τὴν
1077 4485 1254 4557 ἀρχὴν
1286 4487 1385 4556 τῆς
1421 4485 1768 4558 ἐλευθερίαςο
1825 4487 1936 4542 ἀλλ)

2047 4497 2101 4543 et
2138 4488 2380 4544 humano
2426 4486 2704 4559 praaconio
2742 4497 2906 4556 atque
2939 4483 3121 4540 edicto
3151 4481 3407 4538 Ecclesiae
3436 4498 3628 4537 manu~

350 4573 500 4626 οὑτω
542 4574 786 4644 κοσμίως
827 4573 1156 4646 ἀφιέμενος,
1205 4575 1278 4639 ὼς
1315 4574 1674 4644 γινώσκεται,
1722 4576 1944 4649 εὐεργε-

349 4667 530 4719 τεῖται
569 4666 663 4719 καὶ
697 4667 728 4719 6
751 4665 928 4737 μένων
965 4667 1058 4720 ἐπὶ
1088 4667 1184 4736 τῆς
1209 4666 1456 4730 δουλείας
1487 4667 1586 4724 ἔτι.
1619 4669 1682 4722 Et
1712 4670 1820 4740 γὰρ
1850 4671 1943 4724 καὶ

354 4758 531 4814 πολλὰ
565 4759 660 4813 καὶ
700 4759 870 4833 βαρέα
894 4762 962 4814 τά
998 4761 1390 4833 ἁμαρτήματα,
1420 4761 1753 4834 παραίτησιν
1776 4762 1944 4834 ὑπερε

357 4849 615 4904 ϐαίνοντα
640 4851 734 4905 καὶ
771 4849 1126 4922 συγγνώμην,
1161 4850 1478 4922 αἰδούμενος
1524 4851 1554 4904 6
1579 4851 1858 4922 Δεσπότης
1882 4853 1945 4906 τὸ

352 4942 462 5013 τῆς
491 4942 706 5015 ἡμέρας
747 4942 984 5015 γαληνὸν
1016 4944 1113 4997 καὶ
1156 4943 1558 5015 φιλάνθρωπον,
1605 4942 1822 5016 δέχεται
1851 4945 1942 4998 τὸν

352 5035 795 5106 ἀπερριμμένον,
847 5035 942 5090 καὶ
985 5037 1042 5089 ἑν
1071 5037 1184 5100 τοῖς
1224 5035 1442 5106 ἀτίμοις
1483 5033 1779 5107 ὁρώμενον,
1816 5036 1945 5101 ὡςὸ

353 5129 566 5201 Φαραὼ
607 5129 702 5183 τὸν
743 5129 983 5199 οίνοχόον
1013 5130 1078 5182 ἑκ
1110 5127 1205 5182 τοῦ
1236 5128 1634 5198 δεσμωτηρίου.
1671 5123 1792 5182 Οἵδε
1833 5129 1944 5200 γὰρ

345 5224 434 5288 ὡς
477 5221 618 5276 κατὰ
644 5221 743 5294 τὴν
790 5220 1128 5294 προθεσμίαν
1175 5221 1277 5291 τῆς
1313 5205 1686 5286 ἀναστάσεως,
1722 5215 1790 5294 ῆς
1821 5221 1943 5276 καθ’

343 5312 651 5386 ὁμοιότητα
673 5312 772 5386 την
810 5311 1091 5385 παροῦσαν
1123 5311 1390 5384 τιμῶμεν,
1432 5312 1622 5384 χρῄζει
1664 5315 1758 5368 καὶ
1783 5313 1944 5379 αὐτὸς

271 5397 284 5407 ’
346 5408 456 5475 τῆς
477 5404 826 5473 ἀνεξικακίας
853 5405 1065 5475 καὶτῆς
1083 5404 1416 5475 ἀγαθότητος
1429 5405 1522 5458 τοῦ
1539 5406 1832 5468 Δεσπότου,
1853 5409 1947 5462 καὶ

347 5497 618 5562 δανείζων
647 5495 883 5552 ἐνταῦθα
913 5497 1005 5550 τὸν
1034 5496 1202 5561 ἔλεον,
1251 5496 1526 5568 προσδοκᾷ
1562 5495 1661 5568 τὴν
1690 5497 1946 5551 ἀπόδοσιν

351 5593 411 5644 έν
466 5589 667 5661 καιρῷ.
711 5587 1050 5655 Ἠκούσατε,
1087 5589 1137 5643 οἱ
1185 5586 1479 5654 δεσπόται;
1527 5587 1801 5655 Φυλάξατε
1852 5589 1944 5642 τὸν

353 5682 518 5751 λόγον
547 5681 625 5745 ὡς
652 5679 880 5750 ἀγαθὸν,
923 5679 1000 5751 μὴ
1024 5679 1315 5750 διαϐἀλητέ
1337 5697 1404 5750 με
1425 5677 1576 5750 παρά
1600 5681 1710 5742 τοῖς
1736 5677 1944 5744 δούλοις

354 5775 429 5841 ὡς
453 5773 670 5846 ψευδῶς
720 5773 816 5846 τὴν
861 5773 1071 5846 ἡμέραν
1102 5771 1541 5845 ἐγκωμιάζονταο
1587 5770 1809 5843 ἀφέλετε
1848 5772 1942 5842 τὴν

2050 4581 2325 4646 mittitur,
2367 4595 2469 4636 nec
2509 4588 2691 4635 tamen
2727 4579 2900 4650 alapis
2935 4576 3078 4634 {inde
3111 4591 3174 4633 os
3215 4575 3335 4646 ejus
3365 4573 3628 4634 cmditur.

2051 4675 2318 4745 plagaque
2353 4688 2382 4727 a
2427 4673 2582 4745 plaga
2609 4673 2876 4729 liberatur
2907 4692 2922 4726 ι
2960 4685 3094 4735 nec,
3163 4665 3624 4739 quemadmodum

2051 4768 2106 4822 in
2135 4782 2335 4838 pompa
2365 4765 2481 4821 ﬁeri
2514 4767 2688 4829 solet,
2725 4766 2778 4818 in
2831 4763 2980 4819 edito
3015 4771 3179 4830 atque
3230 4758 3450 4814 sublimi
3502 4773 3629 4827 sug-

2049 4866 2204 4930 gesto
2258 4858 2460 4928 populo
2515 4863 2869 4922 ostentatur,
2909 4869 2940 4909 a
2985 4855 3187 4908 rubore
3235 4862 3290 4908 et
3347 4858 3630 4906 contume-

2052 4951 2124 5005 lia
2152 4948 2458 5004 libertatem
2478 4961 2634 5002 suam
2658 4961 2890 5003 exorsus
2918 4964 2932 5001 :
2959 4944 3054 5002 sed
3086 4944 3158 4997 ita
3183 4945 3380 4999 decore
3411 4956 3476 4995 ac
3533 4940 3631 4996 lio-

2053 5037 2561 5102 nestetlimittitur,
2628 5046 2687 5092 ut
2744 5045 2935 5092 notum
2983 5047 3108 5102 est;
3166 5034 3438 5091 beneﬁcio
3499 5033 3629 5085 item

2051 5128 2286 5185 adicitur
2340 5129 2409 5189 is,
2447 5128 2540 5198 qui
2597 5127 2779 5183 adhuc
2834 5128 2888 5183 in
2945 5126 3209 5183 servitute
3241 5131 3446 5178 manet.
3493 5119 3630 5175 Nam

2052 5221 2271 5278 etiamsi
2299 5220 2472 5274 multa
2504 5234 2568 5274 ac
2593 5220 2778 5292 gravia
2831 5219 2944 5275 sint
2969 5216 3197 5280 delicta,
3235 5230 3356 5285 quae
3414 5212 3632 5268 veniam

2053 5329 2119 5368 ac
2147 5311 2590 5384 deprecationem
2629 5309 2939 5374 excedant,
2967 5308 3134 5377 hujus
3160 5305 3268 5361 diei
3316 5302 3634 5360 serenitatis

2053 5412 2107 5460 et
2148 5403 2506 5459 humanitatis
2547 5401 2904 5457 veneratione
2953 5398 3218 5452 Dominus
3260 5396 3456 5466 recipit
3485 5393 3634 5464 alijc-

2051 5506 2229 5562 ctum,
2281 5505 2335 5552 et
2367 5496 2511 5551 inter
2537 5494 2672 5550 viles
2703 5502 2757 5549 et
2806 5493 3204 5564 ignominiosos
3233 5487 3593 5558 conspicuum
3620 5527 3633 5547 ,

2053 5587 2513 5659 quemadmodum
2537 5584 2754 5642 Pharao
2778 5600 2844 5640 ex
2883 5599 3109 5640 carcere
3141 5582 3483 5654 pincernam.
3525 5577 3634 5631 No-

2055 5679 2132 5733 vit
2161 5679 2308 5734 cnim
2339 5681 2455 5750 ipse
2498 5690 2745 5751 tempore
2779 5676 3171 5734 resurrectioni
3215 5672 3493 5728 destinato
3514 5710 3529 5736 ,
3565 5669 3634 5721 :ul

2054 5771 2213 5845 cujus
2236 5772 2647 5832 similitudinem
2675 5779 2996 5841 prirscntem
3019 5771 3160 5830 diem
3186 5765 3635 5824 cclmncstawus.
