3930 6210
352 379 457 437 659

1568 375 1626 431 S.
1667 373 1996 432 GREGORII
2030 371 2324 430 NYSSENI

3487 361 3592 419 060

348 493 515 546 etiam
561 490 803 562 seipsum
856 505 996 562 opus
1039 490 1243 550 habere
1291 493 1516 550 lenitate
1557 510 1622 550 ac
1675 497 1917 552 bonitate

2033 494 2192 564 ιύπην
2228 492 2338 546 τῶν
2382 489 2711 560 θλιϐομένων
2765 484 2973 556 ψυχῶν,
3024 483 3100 546 ὡς
3145 483 3174 534 ὁ
3230 478 3438 552 Κύριος
3484 481 3588 535 τῶν

353 583 570 637 Domini
593 621 609 648 ,
643 592 697 637 et
741 583 898 652 quasi
926 591 1117 639 mutuo
1156 585 1590 641 misericordiam
1656 587 1745 642 hic
1778 589 1918 644 dans

351 679 634 742 exspectat
666 673 719 726 in
752 682 992 743 tempore
1023 689 1126 728 suo
1145 676 1463 730 relationem
1501 683 1555 730 et
1585 689 1916 745 compensa-

353 763 574 816 tionem.
632 761 898 826 Audistis,
949 763 1152 818 domini
1204 785 1216 819 :
1265 765 1552 821 Custodite
1609 781 1916 822 sermonem

352 869 452 922 pro
482 855 660 921 bono,
709 870 778 910 ne
833 854 1134 912 traducatis
1171 872 1257 912 me
1301 857 1444 927 apud
1481 872 1702 923 servos,
1757 859 1918 927 quasi

354 945 493 1001 falso
550 961 615 1000 ac
668 961 777 1000 non
827 947 1041 1001 sincere
1088 947 1343 1003 laudibus
1403 948 1674 1003 celebrem
1741 949 1917 1014 diem,

353 1034 614 1090 dimittite
657 1035 1033 1104 aegritudinem
1090 1034 1302 1090 alllictis
1333 1043 1388 1090 et
1445 1035 1622 1090 anxiis
1683 1035 1918 1100 animis,

355 1121 813 1191 quemadmodum
870 1120 1133 1177 Dominus
1189 1123 1512 1192 corporibus
1542 1123 1920 1178 mortiﬁcatio-

355 1227 480 1266 nem
513 1230 528 1267 :
565 1213 833 1267 traducite
861 1211 1092 1267 infames
1124 1213 1193 1266 ad
1240 1213 1608 1280 honestatem;
1652 1213 1923 1270 restituite

355 1303 650 1373 ignominia
682 1314 895 1358 notatos
925 1306 978 1357 in
1021 1303 1178 1358 famae
1208 1305 1614 1375 integritatem;
1651 1305 1922 1360 traducite

356 1393 425 1448 ad
457 1393 711 1463 gaudium
745 1393 972 1450 amictos
1001 1434 1017 1458 ,
1065 1393 1132 1448 ad
1197 1395 1502 1450 libertatem
1555 1397 1826 1451 sermonis
1864 1395 1924 1449 [i-

355 1485 517 1541 ducia
569 1501 635 1542 ac
695 1487 948 1543 libertate
1008 1498 1276 1543 carentes.
1333 1487 1559 1543 Educite
1598 1504 1666 1544 ex
1724 1490 1924 1559 angulo

355 1587 614 1648 tanquam
648 1593 712 1634 ex
736 1578 1003 1649 sepulcris
1029 1578 1326 1650 proiectos.
1359 1579 1674 1635 Elllorescat
1712 1591 1765 1634 et
1793 1581 1926 1636 emi-

355 1678 482 1725 neat
520 1669 574 1724 in
608 1669 862 1724 omnibus
893 1668 1054 1725 sicuti
1088 1667 1188 1725 ﬂos
1211 1710 1227 1735 ,
1270 1669 1436 1725 decor
1475 1669 1584 1724 diei
1615 1668 1756 1726 festi.
1788 1669 1924 1726 Nam

356 1761 402 1816 si
425 1760 622 1817 natalis
660 1759 779 1816 dies
819 1760 1056 1815 hominis
1082 1763 1226 1830 regis
1258 1775 1530 1838 carcerem
1562 1762 1772 1830 aperit:
1808 1763 1924 1818 dies

2021 584 2288 656 σωμάτων
2313 583 2412 654 τὴν
2451 581 2745 651 νέκρωσιν·
2799 574 3267 647 μεταμορφὼσατε
3304 574 3431 637 τοὺς
3478 572 3593 626 ἀτί-

2022 692 2154 746 μους
2199 676 2277 736 είς
2330 670 2644 741 ἐπιτιμίαν,
2691 667 2817 729 τοὺς
2866 665 3213 735 θλιϐομένους
3250 664 3330 726 είς
3382 661 3593 731 χαρὰν,

2016 767 2143 830 τοὺς
2190 764 2670 838 ἀπαρῤησιάστους
2747 759 2826 821 εἰς
2877 755 3210 827 παρρησίαν.
3267 752 3600 820 Ἐξαγάγετε

2017 859 2115 926 τῆς
2145 855 2346 924 γωνίας
2380 855 2504 916 τοὺς
2549 851 2823 921 ῥιφέντας,
2862 847 2939 909 ὼς
2981 847 3201 913 τάφων·
3235 841 3601 912 ἐπανθησάτω
3665 839 3668 842 ’

2019 947 2078 999 τὸ
2104 944 2204 1014 τῆς
2239 943 2429 1013 ἑορτῆς
2471 940 2663 1002 κάλλος
2700 937 2776 998 ὡς
2815 935 2973 998 ἄνθος
3018 936 3128 997 τοῖς
3174 933 3355 985 πᾶσιν.
3383 931 3447 983 Et
3487 930 3600 1000 γάρ

2021 1031 2283 1102 βασιλέως
2317 1028 2604 1100 ἀνθρώπου
2633 1025 2906 1095 γενέθλιος
2937 1022 3120 1094 ἡμέρα
3147 1020 3351 1088 ἀνοίγει
3380 1019 3600 1088 δεσμω-

2019 1125 2243 1195 τήριον,
2302 1123 2337 1192 ἡ
2388 1119 2651 1181 ἐπινίκιος
2704 1116 2886 1187 ήμέρα
2929 1112 3162 1185 Χριστὸς
3210 1109 3448 1172 ἀναστὰς
3499 1109 3602 1162 ούκ

2021 1216 2220 1286 ἀφήσει
2244 1213 2368 1276 τοὺς
2397 1209 2824 1280 τεθλιμμένους;
2859 1207 2923 1259 Ut
2957 1205 3299 1275 πτωχοὶ,τήν
3328 1201 3603 1272 ὑμετέραν

2020 1306 2218 1377 τροφὸν
2246 1302 2566 1358 ἀσπάσασθε
2587 1319 2601 1333 ο
2631 1302 2680 1354 οἱ
2706 1297 3090 1371 διερρυηκότες
3112 1295 3207 1348 καὶ
3233 1292 3604 1363 λελωϐημένοι

2022 1398 2090 1452 ea
2124 1397 2380 1466 σώματα,
2429 1394 2530 1464 τήν
2561 1393 2796 1463 ἰωμένην
2829 1389 2983 1460 ὑμῶν
3023 1388 3120 1452 τὰς
3159 1385 3465 1457 συμφοράς.
3501 1383 3606 1438 Διά

2023 1489 2131 1560 γὰρ
2181 1488 2280 1560 τήν
2329 1486 2436 1541 ἀπὸ
2482 1485 2582 1555 τῆς
2652 1485 3002 1546 ἀναστάσεως
3055 1480 3244 1533 ἐλπίδα
3295 1481 3388 1532 καὶ
3431 1478 3604 1549 ἀρετὴ

2026 1582 2382 1645 σπουδάζεται
2432 1578 2526 1632 καὶ
2564 1577 2731 1630 κακία
2781 1577 3053 1646 μισεῖται,
3087 1574 3209 1626 ἐπεὶ
3251 1571 3604 1632 ἀναστάσεως

2026 1671 2408 1746 ἀνῃρημένης,
2469 1665 2550 1733 εἷς
2592 1667 2744 1739 παρά
2791 1668 2926 1720 πᾶσι
2984 1664 3202 1737 κρατῶν
3249 1663 3606 1734 εὑρεθήσεται

2025 1764 2178 1832 λόγος
2197 1781 2210 1794 ι
2241 1763 2522 1833 Φὰγωμεν
2551 1760 2650 1814 καὶ
2679 1760 2930 1828 πίωμεν-ο
2966 1757 3176 1824 αὔριον
3205 1754 3316 1826 γὰρ
3339 1750 3609 1820 ἀποθνή-

354 1849 589 1906 victoria
629 1849 860 1904 celebris
907 1855 962 1904 et
997 1849 1227 1904 illustris
1257 1888 1271 1912 ,
1327 1849 1582 1904 Christus
1636 1865 1928 1921 resurgens
1961 1853 2000 1907 Β
2033 1870 2283 1924 σκομεν.

355 1940 616 2008 alliictos,
682 1957 980 2011 oppressos
1034 1951 1090 1996 et
1136 1944 1468 1998 constrictos
1525 1959 1630 1998 non
1689 1945 1965 2002 dimittet?
2019 1949 2326 2019 Pauperes,
2380 1943 2769 2018 amplectimini
2820 1951 3057 2000 vestram
3119 1941 3386 1997 nutricem
3444 1958 3460 1993 :
3506 1938 3607 2009 qui

356 2032 595 2096 oblaasa,
629 2032 855 2096 vitiata,
914 2043 1171 2102 corrupta
1232 2033 1551 2089 mulilatave
1599 2049 1830 2105 corpora
1883 2038 2124 2104 habetis,
2191 2038 2521 2093 curatricem
2569 2045 2871 2091 vestrarum
2933 2032 3301 2088 calamitatum
3367 2027 3606 2100 (diem)

355 2123 610 2187 salutate,
635 2122 836 2193 quippe
879 2132 1102 2194 propter
1125 2139 1278 2194 spem
1307 2124 1732 2180 resurrectionis
1778 2126 1966 2182 virtuti
2000 2130 2287 2191 studetur,
2326 2134 2382 2182 et
2420 2127 2612 2183 vitium
2645 2125 2772 2182 odio
2813 2121 3074 2184 habetur,
3100 2119 3360 2191 quoniam
3388 2115 3608 2171 sublata

354 2216 758 2272 resurrectione
787 2232 927 2272 unus
957 2217 1100 2287 apud
1131 2231 1322 2271 omnes
1353 2216 1606 2272 obtinens
1633 2232 1816 2274 sermo
1846 2222 2163 2290 reperietur.
2188 2223 2421 2278 Edamus
2450 2232 2496 2276 et
2529 2221 2765 2274 bibamus
2798 2233 2816 2271 :
2850 2234 2967 2271 cras
2989 2215 3126 2269 enim
3155 2213 3436 2266 moriemur
3451 2210 3494 2264 δ.

421 2305 506 2361 Διὶ
556 2305 703 2361 hunc
763 2306 906 2361 diem
964 2306 1262 2377 respiciens
1299 2307 1592 2376 Apostolus
1652 2317 1923 2380 tempora-

2099 2315 2244 2383 Πρὸς
2273 2314 2474 2384 ταύτην
2504 2312 2716 2382 βλέπων
2743 2305 3221 2375 ό“Απόστολος.τήν
3246 2303 3475 2374 ἡμέραν,
3505 2304 3608 2372 τῆς

357 2396 496 2452 riam
528 2397 696 2452 vitam
729 2399 1050 2462 contemnit,
1098 2407 1152 2452 et
1201 2396 1438 2451 futuram
1469 2399 1744 2454 desiderat
1767 2411 1822 2455 et
1851 2400 1926 2455 af-

2033 2405 2174 2476 ζωῆς
2225 2406 2324 2476 τῆς
2377 2405 2662 2475 ἐπικαίρου
2704 2401 3068 2471 καταφρονεϊ’
3119 2396 3377 2464 ἐπιθυμεῖ
3405 2394 3464 2446 δὲ
3505 2395 3608 2464 τῆς

341 2488 540 2564 ltectat,
567 2499 870 2544 extenuans
925 2497 1103 2543 autem
1160 2504 1246 2549 ea,
1293 2504 1412 2558 quae
1472 2490 1746 2554 videntur,
1782 2491 1842 2546 Si
1872 2493 1926 2546 in

2035 2496 2366 2567 μελλούσης,
2414 2493 2761 2562 ἐξευτελίζων
2802 2491 2860 2544 δὲ
2897 2489 2965 2543 τὰ
3011 2487 3264 2560 δρώμενά
3310 2503 3494 2555 φησιν·
3533 2487 3604 2538 El

354 2579 478 2644 hac,
519 2577 715 2648 inquit,
747 2578 852 2631 vita
895 2593 1034 2646 spem
1082 2579 1377 2647 posuimus,
1433 2581 1662 2634 maxime
1692 2582 1927 2634 omnium

2033 2587 2129 2640 ἐπὶ
2168 2586 2239 2656 τῇ
2273 2585 2387 2654 ζωῇ
2416 2587 2601 2652 ταύτῃ
2630 2581 2952 2651 ἠλπικότες
2978 2577 3186 2647 ἐσμὲν,
3222 2575 3603 2642 ἐλεεινότεροι

357 2670 629 2724 hominum
690 2667 1098 2722 miserabiliores
1164 2685 1346 2723 sumus
1372 2671 1414 2722 ⁸.
1484 2669 1714 2740 Propter
1796 2673 1929 2727 hanc

2033 2677 2275 2730 πάντων
2302 2674 2628 2742 ἀνθρώπων
2653 2671 2860 2741 ἐσμέν.
2895 2668 2995 2722 Διά
3036 2667 3239 2738 ταύτην
3267 2667 3365 2736 τὴν
3393 2665 3608 2736 ἡμέραν

357 2759 500 2814 diem
553 2759 805 2813 homines
863 2759 1108 2814 hazredes
1152 2758 1244 2812 Dei
1285 2767 1338 2814 et
1386 2759 1697 2815 colueredes
1732 2760 1929 2815 Christi

2035 2767 2360 2838 κληρονόμοι
2393 2764 2527 2818 Θεοῦ
2558 2764 2855 2834 ἄνθρωποι,
2892 2761 2987 2814 καὶ
3020 2757 3450 2830 συγκληρονόμοι
3475 2757 3608 2826 Χρι-

356 2851 647 2907 exsistunt.
678 2847 906 2919 Propter
937 2849 1081 2902 hunc
1114 2849 1256 2903 diem
1312 2864 1438 2917 pars
1470 2851 1738 2918 corporis,
1775 2865 1929 2918 quam

2037 2859 2185 2913 στοῦ.
2239 2858 2339 2912 Διὰ
2381 2856 2584 2927 ταύτην
2621 2855 2718 2926 τὴν
2755 2853 2969 2924 ἡμέραν
3017 2852 3152 2922 ὅπερ
3199 2852 3248 2903 οἱ
3285 2848 3610 2920 σαρκοῦόροι

360 2953 486 2998 ante
515 2942 662 2997 mille
692 2956 867 2996 annos
901 2941 1204 2994 carnivorze
1235 2955 1362 2994 aves
1395 2941 1752 3009 comederint,
1795 2943 1936 2996 inte-

363 3049 458 3104 gra
482 3033 806 3104 reperietur,
855 3043 908 3087 et
943 3047 1105 3104 quam
1139 3031 1222 3086 vel
1247 3047 1432 3096 canes,
1482 3031 1562 3085 vel
1597 3040 1714 3086 cete
1772 3039 1930 3087 caete-

2036 2949 2247 3022 ὂρνιθες
2300 2949 2502 3017 ἔφαγον
2559 2947 2665 3018 πρὸ
2722 2945 2907 3014 χιλίων
2975 2941 3236 2996 ἐνιαυτῶν
3283 2941 3449 3011 μέρος
3515 2937 3610 2992 τοῦ

2041 3040 2314 3111 σώματος,
2361 3038 2714 3110 εὑρεθήσεται
2761 3036 2835 3106 μὴ
2884 3035 3100 3088 λεῖπον·
3145 3033 3237 3086 καὶ
3277 3034 3416 3102 ὅπερ
3447 3033 3610 3099 κήτη,

359 3139 531 3197 raque
561 3123 818 3178 animalia
868 3123 1077 3176 marina
1106 3122 1507 3187 devoraverint,
1544 3138 1648 3176 una
1673 3139 1794 3177 cum
1826 3124 1925 3177 ho-

2033 3133 2122 3186 καὶ
2149 3132 2328 3196 κύνες,
2362 3132 2454 3184 καὶ
2482 3129 2552 3182 τά
2579 3129 2764 3182 ἐνάλια
2793 3127 2907 3192 ζῶα
2924 3112 3432 3194 κατεϐοσκήθησαν,
3469 3125 3608 3190 ἐγειο

364 3215 510 3270 mine
571 3215 844 3270 suscitato
879 3222 1131 3282 resurget
1187 3231 1202 3267 :
1253 3214 1550 3281 quinetiam
1598 3212 1742 3282 quod
1790 3213 1930 3283 ignis

361 3304 819 3367 eoncremaverit,
883 3303 1028 3372 quod
1089 3303 1290 3359 vermis
1320 3304 1374 3357 in
1415 3304 1677 3374 sepulcris
1715 3319 1929 3358 assum-

365 3394 566 3464 pserit;
597 3402 650 3450 et
679 3401 738 3448 ut
768 3409 882 3451 rem
907 3395 960 3449 in
989 3409 1257 3450 summam
1292 3394 1591 3459 conferam,
1626 3394 1809 3450 omnia
1839 3393 1930 3448 de.

363 3487 528 3556 nique
563 3500 814 3556 corpora.
851 3494 1121 3556 quotquot
1151 3493 1275 3556 post
1301 3486 1709 3556 generationem
1736 3501 1930 3542 corru-

365 3576 478 3647 ptio
507 3577 805 3632 aboleverit
835 3584 890 3631 et
919 3591 950 3631 e
983 3576 1161 3631 medio
1184 3575 1489 3639 sustulerit,
1522 3576 1730 3647 integra
1760 3575 1934 3629 nulla-

364 3682 473 3737 que
526 3667 611 3722 sui
670 3675 826 3737 parte
881 3665 1128 3724 carentia
1162 3665 1461 3721 reddentur
1508 3682 1537 3722 e
1575 3674 1743 3729 terra,
1790 3677 1842 3720 et
1878 3673 1936 3719 ut

362 3757 566 3816 Paulus
600 3759 759 3814 docet
773 3757 814 3822 ‘,
851 3758 908 3812 in
940 3766 1213 3813 momento
1237 3757 1379 3812 oculi
1412 3758 1722 3828 perﬁcietur
1753 3773 1936 3812 resur-

364 3850 556 3906 reCtio.
591 3849 738 3906 lctus
768 3858 950 3904 autem
1003 3865 1100 3906 seu
1151 3857 1483 3904 momentum
1527 3848 1672 3903 oculi
1729 3849 1935 3903 clausio

364 3939 748 4012 palpebrarum
783 3950 888 3997 est.
937 3941 1116 4010 Atque
1167 3938 1270 3994 hac
1335 3940 1624 3995 velocitate
1661 3941 1808 3995 nulla
1848 3956 1936 3996 res

363 4032 469 4087 alia
502 4032 734 4087 celerior
765 4047 889 4087 esse
928 4032 1121 4103 possit.
1154 4029 1338 4101 Neque
1385 4032 1628 4086 humano
1661 4047 1812 4088 more
1837 4049 1937 4102 pro

363 4131 525 4194 captu
558 4131 654 4178 tuo
680 4129 942 4194 reputans
975 4121 1337 4192 descripseris
1367 4123 1421 4175 in
1467 4123 1648 4177 animo
1676 4131 1768 4177 tuo
1804 4130 1937 4193 quot

363 4213 476 4268 sint
505 4221 814 4285 temporum
847 4214 1159 4276 intervalla,
1191 4213 1426 4284 primunt
1463 4221 1521 4267 ut
1570 4228 1698 4269 ossa
1749 4221 1936 4282 putre-

363 4305 507 4361 facta
530 4315 584 4361 et
613 4306 666 4361 in
699 4314 900 4362 terram
930 4306 1151 4362 redacta
1185 4307 1238 4360 iu
1273 4306 1559 4376 pristinam
1592 4306 1848 4370 duritiem
1884 4313 1938 4361 et

361 4397 634 4451 levitatem
673 4395 1098 4466 compingantur
1148 4415 1162 4450 :
1211 4398 1363 4450 unita
1398 4411 1528 4450 vero
1559 4412 1623 4450 ex
1669 4397 1785 4465 ipsa
1829 4393 1937 4449 fra-

360 4485 542 4541 ctione
567 4503 760 4543 rursus
780 4487 835 4541 in
867 4493 1046 4556 aptam
1091 4495 1145 4542 et
1170 4488 1581 4543 convenientem
1614 4502 1931 4557 compagem

361 4584 418 4633 et
452 4578 755 4632 naturalem
786 4586 980 4632 coeant
1013 4577 1327 4647 juncturam
1373 4587 1428 4634 et
1472 4578 1930 4644 commissuram;

364 4684 543 4740 neque
569 4684 699 4724 vero
729 4668 924 4722 deinde
950 4668 1418 4725 animadverteres
1470 4671 1721 4724 carnium
1757 4670 1933 4724 obdu-

363 4757 624 4822 ctionem,
648 4765 703 4814 et
732 4771 1021 4812 nervorum
1053 4756 1347 4828 productas
1371 4761 1807 4827 coniunctiones,
1841 4776 1934 4814 vc-

2036 3221 2252 3294 ρομένῳ
2309 3219 2384 3290 τῷ
2436 3217 2710 3288 ἀνθρώπῳ
2768 3214 3262 3284 συναναστήσεται·
3322 3209 3418 3263 καὶ
3476 3211 3609 3279 ὅπερ

2034 3310 2277 3380 διέφλεξε
2313 3309 2445 3378 πῦρ,
2485 3307 2577 3360 καὶ
2629 3304 2845 3375 σκώληξ
2873 3307 2930 3357 ἐν
2957 3303 3146 3373 τάφοις
3179 3300 3610 3368 κατεδαπάνησε,

2036 3405 2132 3456 καὶ⁹
2158 3401 2345 3464 ἁπλῶς
2376 3399 2552 3453 πάντα
2577 3399 2646 3452 τά
2678 3397 2902 3468 σώματα
2922 3436 2937 3460 ,
2967 3397 3067 3450 ὅσα
3103 3393 3240 3463 μετά
3270 3392 3367 3463 τὴν
3399 3391 3610 3460 γένεσιν

2035 3495 2296 3564 ήφάνισεν
2323 3494 2357 3564 ἡ
2379 3490 2572 3563 φθορά,
2589 3489 2846 3558 ἀνελλιπῆ
2866 3490 2961 3541 καὶ
2981 3487 3213 3557 ἀκέραια
3243 3483 3523 3553 δοθήσεται
3546 3483 3609 3535 ἐκ

2033 3584 2135 3653 τῆς
2164 3584 2399 3654 γῆς,ζκαὶ
2430 3583 2506 3647 ὡς
2541 3581 2751 3644 Παῦλος
2779 3579 3041 3641 διδάσκει,
3071 3579 3128 3628 ἐν
3159 3576 3294 3644 ῥοπῇ
3327 3571 3610 3639 ὀφθαλμοῦ

2035 3674 2419 3744 τελεσθήσεται
2445 3675 2477 3744 ἡ
2511 3673 2824 3733 ἀνάστασις.
2869 3667 3040 3740 Ῥοπὴ
3078 3665 3134 3719 δὲ
3163 3661 3456 3733 ὀφθαλμοῦ,
3479 3661 3612 3713 ἐπί-

1976 3830 1983 3839 ,
2041 3785 2201 3838 μυσις
2250 3765 2536 3837 βλεφάρων
2587 3763 2724 3819 ἐστί.
2773 3761 2882 3821 Καὶ
2928 3759 3117 3813 τούτου
3151 3756 3242 3810 τοῦ
3275 3755 3468 3836 τάχους
3503 3754 3612 3806 οὐκ

2039 3857 2104 3910 ἂν
2138 3857 2324 3927 ἕτερον
2366 3855 2617 3925 ὀξύτερον
2649 3853 2856 3922 γένοιτο
2877 3866 2892 3880 ·
2931 3850 3052 3903 οὐδὲ
3083 3843 3438 3919 ἀνθρωπικῶς
3466 3842 3614 3896 κατά

2037 3948 2134 4020 τήν
2171 3947 2399 4010 δύναμιν
2434 3946 2535 4016 τὴν
2579 3943 2778 3998 σαυτοῦ
2813 3939 3180 4010 λογιζόμενος,
3213 3938 3353 3990 πόσα
3389 3935 3615 4006 διαστή-

2042 4056 2189 4112 ματα
2229 4040 2436 4110 χρόνων
2463 4037 2782 4109 διαγράφεις
2818 4035 2876 4087 ἐν
2915 4035 2981 4105 τῇ
3023 4031 3170 4102 ψυχῇ
3204 4046 3332 4082 σουο
3372 4025 3612 4098 πρῶτον,

2039 4131 2124 4184 ἵνα
2152 4130 2220 4183 τά
2255 4127 2588 4181 διασαπέντα
2615 4125 2724 4178 τῶν
2748 4123 2949 4178 ὀστέων
2988 4123 3078 4175 καὶ
3111 4117 3387 4188 γεωθέντα
3415 4118 3494 4179 εἰς
3518 4115 3616 4186 τὴν

2040 4221 2380 4290 σκληρότητα
2401 4219 2494 4272 καὶ
2510 4218 2758 4288 λειότητα
2771 4233 2834 4269 συ
2843 4216 3055 4286 μπαγῇ,
3077 4211 3348 4266 ἐνωθέντα
3363 4209 3419 4262 δὲ
3437 4211 3502 4262 ἐκ
3518 4211 3617 4278 τῆς

2038 4310 2286 4382 θρύψεως
2311 4309 2472 4362 πάλιν
2499 4313 2578 4372 είς
2595 4307 2800 4381 ῥυθμὸν
2830 4303 3119 4377 ἁρμονίας,
3143 4303 3234 4356 καὶ
3255 4301 3352 4371 τὴν
3379 4299 3618 4369 φυσικὴν

2041 4401 2272 4473 συνέλθῃ
2313 4400 2626 4468 συνάφειαν.
2672 4395 2807 4453 Εἶτα
2857 4398 3089 4459 ἐπινοεῖς
3115 4394 3213 4466 τήν
3247 4393 3356 4447 τῶν
3397 4392 3619 4463 σαρκῶν

2040 4481 2387 4558 περίπλασιν,
2449 4489 2540 4541 καὶ
2588 4487 2794 4558 νεύρων
2850 4485 3260 4555 ἀποτεταμένας
3307 4482 3619 4546 συνδέσεις,

2040 4577 2136 4631 καὶ
2197 4577 2408 4647 φλεϐῶν
2462 4579 2554 4630 καὶ
2617 4577 2892 4648 ἀρτηριῶν
2955 4575 3184 4638 λεπτοὺς
3235 4573 3456 4644 ὀχετοὺς
3512 4573 3620 4641 ὑφ-

2041 4669 2395 4741 ηπλωμένους
2435 4670 2514 4741 τῷ
2565 4670 2819 4742 δέρματι·
2867 4667 3054 4738 ψυχῶν
3097 4667 3155 4719 δὲ
3207 4665 3485 4736 ἀμύθητον
3521 4664 3619 4717 καὶ

2041 4761 2411 4834 ἀναρίθμητον
2442 4762 2640 4832 πλῆθος
2671 4761 2732 4814 ἔκ
2764 4777 2924 4813 τινων
2956 4759 3280 4829 ἀπορρήτων
3307 4757 3614 4825 οἰκήσεων·

364 4865 561 4905 narum
599 4851 1038 4920 arteriarumque
1087 4857 1281 4906 tenues
1331 4859 1385 4906 et
1432 4852 1603 4907 exiles
1634 4851 1854 4916 ductus,
1883 4862 1929 4907 el

2035 4850 2406 4922 γνωρίζουσαν
2446 4851 2502 4904 δὲ
2557 4850 2791 4921 ἑκάστην
2829 4849 2903 4911 ὼς
2956 4848 3168 4917 ἱμάτιον
3219 4844 3500 4914 ἐξαίρετον
3556 4844 3618 4898 τὺ

364 4943 522 5012 quasi
557 4942 742 4997 alveos
770 4943 873 4998 sub
925 4953 1050 4997 cute
1087 4941 1420 5012 explicatos;
1479 4942 1786 4996 animarum
1820 4942 1929 4998 iue-

2037 4945 2166 4999 ἴδιον
2219 4945 2415 5014 σῶμα,
2468 4944 2561 4996 καὶ
2617 4941 2791 5012 τούτῳ
2852 4940 3011 4996 πάλιν
3057 4937 3369 5008 ἐνοικοῦσαν
3421 4936 3614 5003 ὀξέως,

363 5031 726 5087 narrabilium
777 5038 832 5086 et
883 5032 1364 5087 innumerabilium
1418 5031 1820 5088 multitudinem
1871 5049 1929 5089 ex

2037 5038 2252 5107 ἀπλανῆ
2290 5037 2346 5090 δὲ
2371 5037 2593 5106 ἔχουσαν
2641 5034 2738 5105 τὴν
2787 5034 3056 5104 διάκρισιν
3083 5030 3223 5085 κατὰ
3255 5028 3500 5099 πλήθους
3534 5047 3616 5083 το·

364 5121 584 5177 arcanis
638 5121 966 5192 quibusdam
1003 5121 1436 5177 habitationibus
1466 5122 1816 5194 (evolantem)
1848 5140 1940 5178 ca-

363 5229 597 5284 rumque
623 5229 1066 5285 unamquamque
1105 5228 1265 5268 suum
1322 5227 1520 5283 corpus
1555 5220 1813 5284 tanquam
1851 5230 1939 5270 ve-

364 5313 502 5361 stem
533 5305 862 5376 peculiarem
925 5315 1332 5376 agnoscentem,
1392 5313 1446 5360 et
1501 5305 1557 5361 in
1593 5306 1697 5361 hoc
1743 5322 1936 5361 rursus

363 5396 621 5452 celeriter
661 5396 1078 5462 inhabitantem,
1139 5406 1397 5466 certoque
1423 5397 1743 5454 discrimine
1777 5407 1934 5452 uten-

366 5494 477 5542 tem
533 5488 586 5543 in
636 5495 788 5542 tanta
821 5487 1165 5546 multitudine
1188 5489 1476 5560 spirituum
1525 5491 1740 5560 generis
1782 5489 1934 5559 ejus-

365 5576 512 5632 dem.
562 5577 752 5650 Cogita
787 5578 934 5634 enim
987 5579 1058 5635 ab
1102 5579 1275 5635 Adam
1325 5581 1560 5646 animas,
1613 5588 1668 5635 et
1711 5580 1781 5637 ab
1842 5583 1934 5640 illo

419 5738 507 5810 ἰι
534 5755 659 5811 Cor.
694 5773 780 5818 ιν,
811 5759 896 5814 32.
977 5763 995 5793 υ
1022 5759 1134 5816 ibid
1171 5814 1174 5816 γ
1213 5759 1294 5814 ιο.
1375 5760 1394 5792 ο
1421 5758 1554 5817 ibid.
1592 5757 1678 5814 52.

2041 5129 2230 5182 σούτου
2277 5127 2558 5198 ὁμοφύλων
2614 5126 2958 5193 πνευμάτων.
3023 5124 3304 5193 Ἐννόησον
3354 5120 3467 5193 γάρ
3521 5122 3614 5182 τὰς

2046 5220 2153 5274 ἀπὺ
2194 5219 2362 5289 Ἀδὰμ
2382 5218 2576 5289 ψυχάς,
2603 5219 2695 5272 καὶ
2715 5218 2783 5271 τά
2805 5217 2897 5270 ἀπ’
2918 5216 3124 5269 ἐκείνου
3155 5214 3382 5278 σώματα
3410 5212 3607 5281 πλῆθος

2043 5311 2310 5364 τοσούτων
2337 5311 2519 5363 οἰκιῶν
2542 5310 2820 5376 λυθεισῶν,
2866 5309 2959 5362 κα)⁵
2991 5303 3383 5360 οίκοδεσποτῶν
3417 5304 3478 5356 ἐκ
3513 5318 3604 5371 μα-

2043 5403 2180 5472 κρᾶς
2206 5401 2304 5470 τῆς
2325 5402 2628 5472 ἀποδημίας
2651 5399 3118 5472 ύποστρεφὸντων,
3145 5395 3319 5448 πάντα
3349 5393 3405 5446 δὲ
3437 5407 3605 5462 παρα-
3660 5427 3668 5433 -

2040 5492 2207 5561 δόξως
2259 5491 2586 5563 τελούμεναο
2648 5490 2772 5544 οὒτε
2830 5490 2937 5563 γὰρ
3015 5489 3158 5542 οἰκία
3209 5482 3608 5552 ἀνακτιζομένη

2049 5582 2315 5655 βραδύνει,
2344 5581 2467 5637 οὔτε
2498 5585 2526 5637 ὁ
2553 5581 2756 5647 ἔνοικος
2788 5580 3055 5637 πλανᾶται
3081 5576 3174 5632 καὶ
3209 5573 3482 5646 θυραυλεῖ,
3509 5569 3611 5641 ζη-
