  <div class='ocr_page' id='page_1' title='image "/cluster/home/n/w/nwhite01/storage/ocr_20150623/46/hvd.32044054112198/346.png"; bbox 0 0 3930 6210; ppageno 0'>
   <div class='ocr_carea' id='block_1_1' title="bbox 249 376 346 432">
    <p class='ocr_par' dir='ltr' id='par_1_1' title="bbox 249 376 346 432">
     <span class='ocr_line' id='line_1_1' title="bbox 249 376 346 432; baseline -0.031 0"><span class='ocrx_word' id='word_1_1' title='bbox 249 376 346 432; x_wconf 74' lang='lat' dir='ltr'><strong>66f</strong></span> 
     </span>
    </p>
   </div>
   <div class='ocr_carea' id='block_1_2' title="bbox 1153 385 2557 468">
    <p class='ocr_par' dir='ltr' id='par_1_2' title="bbox 1153 385 2557 468">
     <span class='ocr_line' id='line_1_2' title="bbox 1153 385 2557 468; baseline 0.019 -29"><span class='ocrx_word' id='word_1_2' title='bbox 1153 385 1217 439; x_wconf 68' lang='lat' dir='ltr'><strong>IS</strong></span> <span class='ocrx_word' id='word_1_3' title='bbox 1247 388 1519 447; x_wconf 76' lang='lat' dir='ltr'><strong>CHRISTI</strong></span> <span class='ocrx_word' id='word_1_4' title='bbox 1559 395 2193 461; x_wconf 63' lang='lat' dir='ltr'><strong>RESURRECTlONEM</strong></span> <span class='ocrx_word' id='word_1_5' title='bbox 2223 408 2430 468; x_wconf 78' lang='lat' dir='ltr'><strong>ORAT.</strong></span> <span class='ocrx_word' id='word_1_6' title='bbox 2472 412 2557 468; x_wconf 86' lang='grc' dir='ltr'><strong>ΙΙΙ.</strong></span> 
     </span>
    </p>
   </div>
   <div class='ocr_carea' id='block_1_3' title="bbox 3385 423 3490 478">
    <p class='ocr_par' dir='ltr' id='par_1_3' title="bbox 3385 423 3490 478">
     <span class='ocr_line' id='line_1_3' title="bbox 3385 423 3490 478; baseline 0.01 -1"><span class='ocrx_word' id='word_1_7' title='bbox 3385 423 3490 478; x_wconf 67' lang='lat'><strong>665’.</strong></span> 
     </span>
    </p>
   </div>
   <div class='ocr_carea' id='block_1_4' title="bbox 246 486 1798 591">
    <p class='ocr_par' dir='ltr' id='par_1_4' title="bbox 246 486 1798 581">
     <span class='ocr_line' id='line_1_4' title="bbox 246 486 1798 581; baseline 0.016 -41"><span class='ocrx_word' id='word_1_8' title='bbox 246 488 352 541; x_wconf 75' lang='grc' dir='ltr'><strong>τῶν</strong></span> <span class='ocrx_word' id='word_1_9' title='bbox 397 486 604 543; x_wconf 76' lang='grc' dir='ltr'>ποῦτά</span> <span class='ocrx_word' id='word_1_10' title='bbox 649 489 758 545; x_wconf 82' lang='grc' dir='ltr'>ῑδια</span> <span class='ocrx_word' id='word_1_11' title='bbox 799 493 894 549; x_wconf 76' lang='grc' dir='ltr'>καὶ</span> <span class='ocrx_word' id='word_1_12' title='bbox 939 495 1220 568; x_wconf 74' lang='grc' dir='ltr'>ἐξαίρετα·</span> <span class='ocrx_word' id='word_1_13' title='bbox 1257 503 1417 566; x_wconf 81' lang='grc' dir='ltr'>εὐθὺς</span> <span class='ocrx_word' id='word_1_14' title='bbox 1448 506 1506 559; x_wconf 80' lang='grc' dir='ltr'>δὲ</span> <span class='ocrx_word' id='word_1_15' title='bbox 1535 509 1622 561; x_wconf 72' lang='grc' dir='ltr'><strong>ἐπ’</strong></span> <span class='ocrx_word' id='word_1_16' title='bbox 1653 510 1798 581; x_wconf 80' lang='grc' dir='ltr'>αὐτὴ·</span> 
     </span>
    </p>
   </div>
   <div class='ocr_carea' id='block_1_5' title="bbox 1902 486 3488 591">
    <p class='ocr_par' dir='ltr' id='par_1_5' title="bbox 1925 527 3488 591">
     <span class='ocr_line' id='line_1_5' title="bbox 1925 527 3488 591; baseline 0.013 -23"><span class='ocrx_word' id='word_1_17' title='bbox 1925 529 2097 585; x_wconf 85' lang='lat' dir='ltr'><strong>usque</strong></span> <span class='ocrx_word' id='word_1_18' title='bbox 2137 535 2366 591; x_wconf 90' lang='lat' dir='ltr'><strong>corpora</strong></span> <span class='ocrx_word' id='word_1_19' title='bbox 2418 531 2492 581; x_wconf 89' lang='lat' dir='ltr'><strong>tot</strong></span> <span class='ocrx_word' id='word_1_20' title='bbox 2525 542 2754 582; x_wconf 89' lang='lat' dir='ltr'><strong>numero</strong></span> <span class='ocrx_word' id='word_1_21' title='bbox 2781 527 3034 585; x_wconf 84' lang='lat' dir='ltr'><strong>domibus</strong></span> <span class='ocrx_word' id='word_1_22' title='bbox 3070 530 3265 586; x_wconf 90' lang='lat' dir='ltr'><strong>solutis</strong></span> <span class='ocrx_word' id='word_1_23' title='bbox 3290 547 3354 588; x_wconf 90' lang='lat' dir='ltr'><strong>ac</strong></span> <span class='ocrx_word' id='word_1_24' title='bbox 3391 534 3488 588; x_wconf 86' lang='lat' dir='ltr'><strong>de-</strong></span> 
     </span>
    </p>
   </div>
   <div class='ocr_carea' id='block_1_6' title="bbox 244 578 1821 665">
    <p class='ocr_par' dir='ltr' id='par_1_6' title="bbox 244 578 1821 665">
     <span class='ocr_line' id='line_1_6' title="bbox 244 578 1821 665; baseline 0.016 -35"><span class='ocrx_word' id='word_1_25' title='bbox 244 579 441 648; x_wconf 70' lang='grc' dir='ltr'>χωρεϊ,</span> <span class='ocrx_word' id='word_1_26' title='bbox 459 578 589 638; x_wconf 75' lang='grc' dir='ltr'>ὡσοὶ</span> <span class='ocrx_word' id='word_1_27' title='bbox 608 585 906 654; x_wconf 78' lang='grc' dir='ltr'>περιστερά</span> <span class='ocrx_word' id='word_1_28' title='bbox 919 587 1059 657; x_wconf 79' lang='grc' dir='ltr'>πρὸς</span> <span class='ocrx_word' id='word_1_29' title='bbox 1076 589 1166 644; x_wconf 81' lang='grc' dir='ltr'><strong>τὸν</strong></span> <span class='ocrx_word' id='word_1_30' title='bbox 1184 591 1314 647; x_wconf 84' lang='grc' dir='ltr'>τδιον</span> <span class='ocrx_word' id='word_1_31' title='bbox 1328 595 1554 665; x_wconf 79' lang='grc' dir='ltr'>πύργον,</span> <span class='ocrx_word' id='word_1_32' title='bbox 1577 599 1682 654; x_wconf 71' lang='grc' dir='ltr'>κᾶν</span> <span class='ocrx_word' id='word_1_33' title='bbox 1703 578 1821 655; x_wconf 86' lang='grc' dir='ltr'>πολ-</span> 
     </span>
    </p>
   </div>
   <div class='ocr_carea' id='block_1_7' title="bbox 245 669 1822 760">
    <p class='ocr_par' dir='ltr' id='par_1_7' title="bbox 245 669 1822 760">
     <span class='ocr_line' id='line_1_7' title="bbox 245 669 1822 760; baseline 0.016 -39"><span class='ocrx_word' id='word_1_34' title='bbox 245 669 326 722; x_wconf 71' lang='grc' dir='ltr'>λοὶ</span> <span class='ocrx_word' id='word_1_35' title='bbox 351 672 456 724; x_wconf 76' lang='grc' dir='ltr'>καὶ</span> <span class='ocrx_word' id='word_1_36' title='bbox 481 673 718 742; x_wconf 73' lang='grc' dir='ltr'><strong>συνεχεῖς</strong></span> <span class='ocrx_word' id='word_1_37' title='bbox 746 677 872 746; x_wconf 78' lang='grc' dir='ltr'><strong>περὶ</strong></span> <span class='ocrx_word' id='word_1_38' title='bbox 891 677 983 732; x_wconf 76' lang='grc' dir='ltr'>τὸν</span> <span class='ocrx_word' id='word_1_39' title='bbox 1010 681 1172 736; x_wconf 82' lang='grc' dir='ltr'>αὑτὸν</span> <span class='ocrx_word' id='word_1_40' title='bbox 1191 683 1356 739; x_wconf 85' lang='grc' dir='ltr'>τόπον</span> <span class='ocrx_word' id='word_1_41' title='bbox 1373 680 1508 742; x_wconf 80' lang='grc' dir='ltr'>ὦσιν</span> <span class='ocrx_word' id='word_1_42' title='bbox 1540 689 1608 742; x_wconf 81' lang='grc' dir='ltr'>δι’</span> <span class='ocrx_word' id='word_1_43' title='bbox 1623 692 1822 760; x_wconf 84' lang='grc' dir='ltr'>ὁμοίων</span> 
     </span>
    </p>
   </div>
   <div class='ocr_carea' id='block_1_8' title="bbox 243 761 1821 852">
    <p class='ocr_par' dir='ltr' id='par_1_8' title="bbox 243 761 1821 852">
     <span class='ocr_line' id='line_1_8' title="bbox 243 761 1821 852; baseline 0.014 -38"><span class='ocrx_word' id='word_1_44' title='bbox 243 761 549 852; x_wconf 64' lang='grc' dir='ltr'>σχημάτων</span> <span class='ocrx_word' id='word_1_45' title='bbox 586 763 980 835; x_wconf 74' lang='grc' dir='ltr'>ἐκλάμποντες.</span> <span class='ocrx_word' id='word_1_46' title='bbox 1027 771 1195 828; x_wconf 81' lang='grc' dir='ltr'>Πόθεν</span> <span class='ocrx_word' id='word_1_47' title='bbox 1243 776 1405 834; x_wconf 76' lang='grc' dir='ltr'>πάλιν</span> <span class='ocrx_word' id='word_1_48' title='bbox 1433 781 1467 849; x_wconf 83' lang='grc' dir='ltr'>ή</span> <span class='ocrx_word' id='word_1_49' title='bbox 1519 780 1821 852; x_wconf 85' lang='grc' dir='ltr'>ἀνάμνησις</span> 
     </span>
    </p>
   </div>
   <div class='ocr_carea' id='block_1_9' title="bbox 241 851 1822 942">
    <p class='ocr_par' dir='ltr' id='par_1_9' title="bbox 241 851 1822 942">
     <span class='ocr_line' id='line_1_9' title="bbox 241 851 1822 942; baseline 0.015 -41"><span class='ocrx_word' id='word_1_50' title='bbox 241 851 399 942; x_wconf 29' lang='grc' dir='ltr'>καὶ-ό</span> <span class='ocrx_word' id='word_1_51' title='bbox 431 852 791 942; x_wconf 81' lang='grc' dir='ltr'>ἀναλογισμὸς</span> <span class='ocrx_word' id='word_1_52' title='bbox 820 857 914 911; x_wconf 81' lang='grc' dir='ltr'><strong>τοῦ</strong></span> <span class='ocrx_word' id='word_1_53' title='bbox 945 862 1210 934; x_wconf 73' lang='grc' dir='ltr'><strong>προτέρου</strong></span> <span class='ocrx_word' id='word_1_54' title='bbox 1256 865 1392 935; x_wconf 84' lang='grc' dir='ltr'>βίου,</span> <span class='ocrx_word' id='word_1_55' title='bbox 1441 871 1535 923; x_wconf 78' lang='grc' dir='ltr'>καὶ</span> <span class='ocrx_word' id='word_1_56' title='bbox 1587 851 1822 942; x_wconf 71' lang='grc' dir='ltr'>ὲκάστης</span> 
     </span>
    </p>
   </div>
   <div class='ocr_carea' id='block_1_10' title="bbox 241 940 1821 1034">
    <p class='ocr_par' dir='ltr' id='par_1_10' title="bbox 241 940 1821 1034">
     <span class='ocr_line' id='line_1_10' title="bbox 241 940 1821 1034; baseline 0.02 -44"><span class='ocrx_word' id='word_1_57' title='bbox 527 941 724 1008; x_wconf 74' lang='grc' dir='ltr'>ιννοια,</span> <span class='ocrx_word' id='word_1_58' title='bbox 772 946 946 1012; x_wconf 74' lang='grc' dir='ltr'>οὕτως</span> <span class='ocrx_word' id='word_1_59' title='bbox 988 951 1154 1018; x_wconf 80' lang='grc' dir='ltr'><strong>ὀξέως</strong></span> <span class='ocrx_word' id='word_1_60' title='bbox 1202 959 1708 1033; x_wconf 79' lang='grc' dir='ltr'>συναπαρτιζομένη</span> <span class='ocrx_word' id='word_1_61' title='bbox 1742 940 1821 1034; x_wconf 72' lang='grc' dir='ltr'>τῷ</span> 
     </span>
    </p>
   </div>
   <div class='ocr_carea' id='block_1_11' title="bbox 241 1029 1817 1123">
    <p class='ocr_par' dir='ltr' id='par_1_11' title="bbox 241 1029 1817 1123">
     <span class='ocr_line' id='line_1_11' title="bbox 241 1029 1817 1123; baseline 0.017 -41"><span class='ocrx_word' id='word_1_62' title='bbox 241 1029 371 1101; x_wconf 80' lang='grc' dir='ltr'>ζὼῳ</span> <span class='ocrx_word' id='word_1_63' title='bbox 422 1033 526 1104; x_wconf 81' lang='grc' dir='ltr'><strong>πρὸ</strong></span> <span class='ocrx_word' id='word_1_64' title='bbox 567 1036 837 1092; x_wconf 82' lang='grc' dir='ltr'><strong>τοσούτων</strong></span> <span class='ocrx_word' id='word_1_65' title='bbox 889 1040 1100 1097; x_wconf 79' lang='grc' dir='ltr'>αιὼνων</span> <span class='ocrx_word' id='word_1_66' title='bbox 1148 1029 1480 1117; x_wconf 76' lang='grc' dir='ltr'>διαλυθέντις</span> <span class='ocrx_word' id='word_1_67' title='bbox 1517 1029 1709 1108; x_wconf 75' lang='grc' dir='ltr'>καίτοι</span> <span class='ocrx_word' id='word_1_68' title='bbox 1755 1029 1817 1123; x_wconf 64' lang='grc' dir='ltr'>γέ</span> 
     </span>
    </p>
   </div>
   <div class='ocr_carea' id='block_1_12' title="bbox 1922 608 3493 694">
    <p class='ocr_par' dir='ltr' id='par_1_12' title="bbox 1922 608 3493 694">
     <span class='ocr_line' id='line_1_12' title="bbox 1922 608 3493 694; baseline 0.012 -34"><span class='ocrx_word' id='word_1_69' title='bbox 1922 608 2108 673; x_wconf 85' lang='lat' dir='ltr'><strong>sertis,</strong></span> <span class='ocrx_word' id='word_1_70' title='bbox 2138 613 2495 684; x_wconf 79' lang='lat' dir='ltr'><strong>patribusque</strong></span> <span class='ocrx_word' id='word_1_71' title='bbox 2521 615 2754 672; x_wconf 81' lang='lat' dir='ltr'><strong>familias</strong></span> <span class='ocrx_word' id='word_1_72' title='bbox 2788 633 2850 672; x_wconf 84' lang='lat' dir='ltr'><strong>ex</strong></span> <span class='ocrx_word' id='word_1_73' title='bbox 2885 620 3043 690; x_wconf 87' lang='lat' dir='ltr'><strong>longa</strong></span> <span class='ocrx_word' id='word_1_74' title='bbox 3064 621 3219 690; x_wconf 89' lang='lat' dir='ltr'><strong>quasi</strong></span> <span class='ocrx_word' id='word_1_75' title='bbox 3251 630 3493 694; x_wconf 86' lang='lat' dir='ltr'><strong>peregri-</strong></span> 
     </span>
    </p>
   </div>
   <div class='ocr_carea' id='block_1_13' title="bbox 1923 698 3489 780">
    <p class='ocr_par' dir='ltr' id='par_1_13' title="bbox 1923 698 3489 780">
     <span class='ocr_line' id='line_1_13' title="bbox 1923 698 3489 780; baseline 0.011 -30"><span class='ocrx_word' id='word_1_76' title='bbox 1923 698 2145 754; x_wconf 89' lang='lat' dir='ltr'><strong>natione</strong></span> <span class='ocrx_word' id='word_1_77' title='bbox 2191 705 2612 771; x_wconf 87' lang='lat' dir='ltr'><strong>revertentibus,</strong></span> <span class='ocrx_word' id='word_1_78' title='bbox 2645 723 2818 776; x_wconf 87' lang='lat' dir='ltr'><strong>eaque</strong></span> <span class='ocrx_word' id='word_1_79' title='bbox 2877 713 3058 764; x_wconf 81' lang='lat' dir='ltr'><strong>omnia</strong></span> <span class='ocrx_word' id='word_1_80' title='bbox 3090 711 3272 780; x_wconf 83' lang='lat' dir='ltr'><strong>perfici</strong></span> <span class='ocrx_word' id='word_1_81' title='bbox 3317 714 3489 769; x_wconf 86' lang='lat' dir='ltr'><strong>admi-</strong></span> 
     </span>
    </p>
   </div>
   <div class='ocr_carea' id='block_1_14' title="bbox 1922 787 3486 872">
    <p class='ocr_par' dir='ltr' id='par_1_14' title="bbox 1922 787 3486 872">
     <span class='ocr_line' id='line_1_14' title="bbox 1922 787 3486 872; baseline 0.012 -34"><span class='ocrx_word' id='word_1_82' title='bbox 1922 787 2160 845; x_wconf 87' lang='lat' dir='ltr'><strong>rabiliter</strong></span> <span class='ocrx_word' id='word_1_83' title='bbox 2190 800 2244 848; x_wconf 90' lang='lat' dir='ltr'><strong>et</strong></span> <span class='ocrx_word' id='word_1_84' title='bbox 2279 801 2433 849; x_wconf 76' lang='lat' dir='ltr'><strong>extra</strong></span> <span class='ocrx_word' id='word_1_85' title='bbox 2463 811 2803 854; x_wconf 82' lang='lat' dir='ltr'><strong>communem</strong></span> <span class='ocrx_word' id='word_1_86' title='bbox 2852 809 3068 868; x_wconf 89' lang='lat' dir='ltr'><strong>captum</strong></span> <span class='ocrx_word' id='word_1_87' title='bbox 3103 819 3116 854; x_wconf 92' lang='lat'><strong>:</strong></span> <span class='ocrx_word' id='word_1_88' title='bbox 3148 817 3321 872; x_wconf 87' lang='lat' dir='ltr'><strong>neque</strong></span> <span class='ocrx_word' id='word_1_89' title='bbox 3342 804 3486 858; x_wconf 88' lang='lat' dir='ltr'><strong>enim</strong></span> 
     </span>
    </p>
   </div>
   <div class='ocr_carea' id='block_1_15' title="bbox 1920 877 3485 953">
    <p class='ocr_par' dir='ltr' id='par_1_15' title="bbox 1920 877 3485 953">
     <span class='ocr_line' id='line_1_15' title="bbox 1920 877 3485 953; baseline 0.012 -25"><span class='ocrx_word' id='word_1_90' title='bbox 1920 877 2004 930; x_wconf 90' lang='lat' dir='ltr'><strong>vel</strong></span> <span class='ocrx_word' id='word_1_91' title='bbox 2031 877 2228 937; x_wconf 86' lang='lat' dir='ltr'><strong>domus</strong></span> <span class='ocrx_word' id='word_1_92' title='bbox 2258 882 2410 938; x_wconf 86' lang='lat' dir='ltr'><strong>tarde</strong></span> <span class='ocrx_word' id='word_1_93' title='bbox 2436 897 2728 940; x_wconf 83' lang='lat' dir='ltr'><strong>renovatur</strong></span> <span class='ocrx_word' id='word_1_94' title='bbox 2760 897 2815 942; x_wconf 88' lang='lat' dir='ltr'><strong>et</strong></span> <span class='ocrx_word' id='word_1_95' title='bbox 2863 889 3227 953; x_wconf 85' lang='lat' dir='ltr'><strong>instauratur,</strong></span> <span class='ocrx_word' id='word_1_96' title='bbox 3285 893 3368 947; x_wconf 86' lang='lat' dir='ltr'><strong>vel</strong></span> <span class='ocrx_word' id='word_1_97' title='bbox 3402 892 3485 946; x_wconf 93' lang='lat' dir='ltr'><strong>in-</strong></span> 
     </span>
    </p>
   </div>
   <div class='ocr_carea' id='block_1_16' title="bbox 1921 967 3484 1051">
    <p class='ocr_par' dir='ltr' id='par_1_16' title="bbox 1921 967 3484 1051">
     <span class='ocr_line' id='line_1_16' title="bbox 1921 967 3484 1051; baseline 0.01 -32"><span class='ocrx_word' id='word_1_98' title='bbox 1921 967 2042 1021; x_wconf 87' lang='lat' dir='ltr'><strong>cola</strong></span> <span class='ocrx_word' id='word_1_99' title='bbox 2069 969 2306 1036; x_wconf 87' lang='lat' dir='ltr'><strong>oberrat,</strong></span> <span class='ocrx_word' id='word_1_100' title='bbox 2339 987 2402 1027; x_wconf 91' lang='lat' dir='ltr'><strong>ac</strong></span> <span class='ocrx_word' id='word_1_101' title='bbox 2432 976 2587 1044; x_wconf 87' lang='lat' dir='ltr'><strong>quasi</strong></span> <span class='ocrx_word' id='word_1_102' title='bbox 2611 979 2714 1032; x_wconf 91' lang='lat' dir='ltr'><strong>sub</strong></span> <span class='ocrx_word' id='word_1_103' title='bbox 2751 976 2841 1032; x_wconf 89' lang='lat' dir='ltr'><strong>dio</strong></span> <span class='ocrx_word' id='word_1_104' title='bbox 2871 987 3074 1043; x_wconf 89' lang='lat' dir='ltr'><strong>manet,</strong></span> <span class='ocrx_word' id='word_1_105' title='bbox 3105 981 3232 1035; x_wconf 76' lang='lat' dir='ltr'><strong>clum</strong></span> <span class='ocrx_word' id='word_1_106' title='bbox 3266 981 3484 1051; x_wconf 82' lang='lat' dir='ltr'><strong>propria</strong></span> 
     </span>
    </p>
   </div>
   <div class='ocr_carea' id='block_1_17' title="bbox 1920 1062 3482 1140">
    <p class='ocr_par' dir='ltr' id='par_1_17' title="bbox 1920 1062 3482 1140">
     <span class='ocr_line' id='line_1_17' title="bbox 1920 1062 3482 1140; baseline 0.009 -28"><span class='ocrx_word' id='word_1_107' title='bbox 1920 1073 1984 1112; x_wconf 90' lang='lat' dir='ltr'><strong>ac</strong></span> <span class='ocrx_word' id='word_1_108' title='bbox 2011 1062 2305 1130; x_wconf 86' lang='lat' dir='ltr'><strong>peculiaria</strong></span> <span class='ocrx_word' id='word_1_109' title='bbox 2340 1067 2554 1134; x_wconf 68' lang='lat' dir='ltr'><strong>quaerit,</strong></span> <span class='ocrx_word' id='word_1_110' title='bbox 2594 1068 2688 1122; x_wconf 91' lang='lat' dir='ltr'><strong>sed</strong></span> <span class='ocrx_word' id='word_1_111' title='bbox 2724 1072 2971 1140; x_wconf 87' lang='lat' dir='ltr'><strong>protinus</strong></span> <span class='ocrx_word' id='word_1_112' title='bbox 3021 1072 3087 1126; x_wconf 90' lang='lat' dir='ltr'><strong>ad</strong></span> <span class='ocrx_word' id='word_1_113' title='bbox 3145 1087 3264 1126; x_wconf 90' lang='lat' dir='ltr'><strong>eam</strong></span> <span class='ocrx_word' id='word_1_114' title='bbox 3293 1071 3482 1134; x_wconf 86' lang='lat' dir='ltr'><strong>tendit,</strong></span> 
     </span>
    </p>
   </div>
   <div class='ocr_carea' id='block_1_18' title="bbox 1683 1151 3485 1224">
    <p class='ocr_par' dir='ltr' id='par_1_18' title="bbox 1683 1151 3485 1224">
     <span class='ocr_line' id='line_1_18' title="bbox 1683 1151 3485 1224; baseline 0.01 -24"><span class='ocrx_word' id='word_1_115' title='bbox 1683 1190 1698 1213; x_wconf 93' lang='lat'><strong>,</strong></span> <span class='ocrx_word' id='word_1_116' title='bbox 1732 1151 1817 1201; x_wconf 78' lang='grc' dir='ltr'><strong>ἐπ’</strong></span> <span class='ocrx_word' id='word_1_117' title='bbox 1919 1161 2176 1221; x_wconf 87' lang='lat' dir='ltr'><strong>tauquam</strong></span> <span class='ocrx_word' id='word_1_118' title='bbox 2201 1156 2453 1212; x_wconf 86' lang='lat' dir='ltr'><strong>columba</strong></span> <span class='ocrx_word' id='word_1_119' title='bbox 2502 1159 2569 1215; x_wconf 84' lang='lat' dir='ltr'><strong>ad</strong></span> <span class='ocrx_word' id='word_1_120' title='bbox 2625 1174 2778 1215; x_wconf 88' lang='lat' dir='ltr'><strong>suam</strong></span> <span class='ocrx_word' id='word_1_121' title='bbox 2809 1163 3024 1224; x_wconf 88' lang='lat' dir='ltr'><strong>turrim,</strong></span> <span class='ocrx_word' id='word_1_122' title='bbox 3059 1165 3270 1219; x_wconf 90' lang='lat' dir='ltr'><strong>etiamsi</strong></span> <span class='ocrx_word' id='word_1_123' title='bbox 3307 1165 3485 1218; x_wconf 64' lang='lat' dir='ltr'><strong>multa:</strong></span> 
     </span>
    </p>
   </div>
   <div class='ocr_carea' id='block_1_19' title="bbox 240 1395 1814 1491">
    <p class='ocr_par' dir='ltr' id='par_1_19' title="bbox 240 1395 1814 1491">
     <span class='ocr_line' id='line_1_19' title="bbox 240 1395 1814 1491; baseline 0.022 -46"><span class='ocrx_word' id='word_1_124' title='bbox 240 1395 451 1491; x_wconf 59' lang='lat' dir='ltr'><strong>vapqu</strong></span> <span class='ocrx_word' id='word_1_125' title='bbox 502 1399 952 1491; x_wconf 77' lang='grc' dir='ltr'>ἀποσκεδάσασα,</span> <span class='ocrx_word' id='word_1_126' title='bbox 1007 1410 1169 1468; x_wconf 75' lang='grc' dir='ltr'>πάλιν</span> <span class='ocrx_word' id='word_1_127' title='bbox 1215 1414 1277 1469; x_wconf 83' lang='grc' dir='ltr'><strong>τὺ</strong></span> <span class='ocrx_word' id='word_1_128' title='bbox 1333 1395 1666 1491; x_wconf 68' lang='grc' dir='ltr'>μνημονικὸν</span> <span class='ocrx_word' id='word_1_129' title='bbox 1721 1395 1814 1479; x_wconf 79' lang='grc' dir='ltr'>καὶ</span> 
     </span>
    </p>
   </div>
   <div class='ocr_carea' id='block_1_20' title="bbox 236 1486 1814 1580">
    <p class='ocr_par' dir='ltr' id='par_1_20' title="bbox 236 1486 1814 1580">
     <span class='ocr_line' id='line_1_20' title="bbox 236 1486 1814 1580; baseline 0.021 -42"><span class='ocrx_word' id='word_1_130' title='bbox 236 1486 923 1580; x_wconf 61' lang='grc' dir='ltr'>ένεργὲςάναζωπυρήσῃ.</span> <span class='ocrx_word' id='word_1_131' title='bbox 977 1499 1162 1556; x_wconf 81' lang='grc' dir='ltr'>Ταῦτα</span> <span class='ocrx_word' id='word_1_132' title='bbox 1208 1507 1304 1560; x_wconf 78' lang='grc' dir='ltr'>καὶ</span> <span class='ocrx_word' id='word_1_133' title='bbox 1338 1486 1658 1567; x_wconf 36' lang='grc' dir='ltr'>λιτὰ-τοιαῦτα</span> <span class='ocrx_word' id='word_1_134' title='bbox 1689 1517 1814 1580; x_wconf 83' lang='grc' dir='ltr'>τοὺς</span> 
     </span>
    </p>
   </div>
   <div class='ocr_carea' id='block_1_21' title="bbox 235 1573 1811 1676">
    <p class='ocr_par' dir='ltr' id='par_1_21' title="bbox 235 1573 1811 1676">
     <span class='ocr_line' id='line_1_21' title="bbox 235 1573 1811 1676; baseline 0.024 -53"><span class='ocrx_word' id='word_1_135' title='bbox 235 1573 534 1676; x_wconf 53' lang='grc' dir='ltr'>ἒοῖισμοὺς</span> <span class='ocrx_word' id='word_1_136' title='bbox 567 1582 677 1636; x_wconf 86' lang='grc' dir='ltr'><strong>τῶν</strong></span> <span class='ocrx_word' id='word_1_137' title='bbox 706 1585 914 1642; x_wconf 81' lang='grc' dir='ltr'>πολλῶν</span> <span class='ocrx_word' id='word_1_138' title='bbox 943 1589 1310 1664; x_wconf 75' lang='grc' dir='ltr'><strong>ὑποτρέχοντα</strong></span> <span class='ocrx_word' id='word_1_139' title='bbox 1338 1597 1611 1670; x_wconf 78' lang='grc' dir='ltr'><strong>θαύματος</strong></span> <span class='ocrx_word' id='word_1_140' title='bbox 1642 1573 1811 1676; x_wconf 49' lang='grc' dir='ltr'>ύπερί</span> 
     </span>
    </p>
   </div>
   <div class='ocr_carea' id='block_1_22' title="bbox 235 1659 1813 1767">
    <p class='ocr_par' dir='ltr' id='par_1_22' title="bbox 235 1659 1813 1767">
     <span class='ocr_line' id='line_1_22' title="bbox 235 1659 1813 1767; baseline 0.019 -50"><span class='ocrx_word' id='word_1_141' title='bbox 235 1659 528 1767; x_wconf 38' lang='grc' dir='ltr'>θάλλοντος</span> <span class='ocrx_word' id='word_1_142' title='bbox 811 1677 912 1748; x_wconf 82' lang='grc' dir='ltr'>τὴν</span> <span class='ocrx_word' id='word_1_143' title='bbox 952 1659 1213 1751; x_wconf 76' lang='grc' dir='ltr'>διάνοιαν,</span> <span class='ocrx_word' id='word_1_144' title='bbox 1257 1659 1564 1760; x_wconf 72' lang='grc' dir='ltr'>συνεισάγει</span> <span class='ocrx_word' id='word_1_145' title='bbox 1591 1659 1670 1748; x_wconf 64' lang='grc' dir='ltr'><strong>⁷δὲ</strong></span> <span class='ocrx_word' id='word_1_146' title='bbox 1713 1659 1813 1767; x_wconf 50' lang='grc' dir='ltr'>τίαν</span> 
     </span>
    </p>
   </div>
   <div class='ocr_carea' id='block_1_23' title="bbox 237 1755 1811 1856">
    <p class='ocr_par' dir='ltr' id='par_1_23' title="bbox 237 1755 1811 1856">
     <span class='ocr_line' id='line_1_23' title="bbox 237 1755 1811 1856; baseline 0.022 -50"><span class='ocrx_word' id='word_1_147' title='bbox 237 1755 501 1856; x_wconf 59' lang='grc' dir='ltr'>ἀπιστίαν</span> <span class='ocrx_word' id='word_1_148' title='bbox 529 1760 608 1856; x_wconf 56' lang='lat' dir='ltr'><strong>eff:</strong></span> <span class='ocrx_word' id='word_1_149' title='bbox 634 1763 892 1835; x_wconf 81' lang='grc' dir='ltr'>θαύματι.</span> <span class='ocrx_word' id='word_1_150' title='bbox 937 1770 1154 1843; x_wconf 78' lang='grc' dir='ltr'><strong>Ἐπειδὴ</strong></span> <span class='ocrx_word' id='word_1_151' title='bbox 1185 1775 1293 1846; x_wconf 76' lang='grc' dir='ltr'><strong>γὰρ</strong></span> <span class='ocrx_word' id='word_1_152' title='bbox 1323 1779 1352 1832; x_wconf 86' lang='grc' dir='ltr'><strong>ό</strong></span> <span class='ocrx_word' id='word_1_153' title='bbox 1378 1755 1502 1844; x_wconf 77' lang='grc' dir='ltr'>νοῦς</span> <span class='ocrx_word' id='word_1_154' title='bbox 1539 1783 1636 1852; x_wconf 85' lang='grc' dir='ltr'><strong>οὐχ</strong></span> <span class='ocrx_word' id='word_1_155' title='bbox 1665 1755 1811 1856; x_wconf 70' lang='lat' dir='ltr'><strong>supi-</strong></span> 
     </span>
    </p>
   </div>
   <div class='ocr_carea' id='block_1_24' title="bbox 1917 1245 3480 1316">
    <p class='ocr_par' dir='ltr' id='par_1_24' title="bbox 1917 1245 3480 1316">
     <span class='ocr_line' id='line_1_24' title="bbox 1917 1245 3480 1316; baseline 0.009 -20"><span class='ocrx_word' id='word_1_156' title='bbox 1917 1250 2081 1313; x_wconf 86' lang='lat' dir='ltr'><strong>atque</strong></span> <span class='ocrx_word' id='word_1_157' title='bbox 2109 1245 2419 1316; x_wconf 75' lang='lat' dir='ltr'><strong>frequentes</strong></span> <span class='ocrx_word' id='word_1_158' title='bbox 2442 1250 2586 1306; x_wconf 88' lang='lat' dir='ltr'><strong>circa</strong></span> <span class='ocrx_word' id='word_1_159' title='bbox 2631 1254 2876 1309; x_wconf 89' lang='lat' dir='ltr'><strong>eumdem</strong></span> <span class='ocrx_word' id='word_1_160' title='bbox 2927 1255 3102 1310; x_wconf 93' lang='lat' dir='ltr'><strong>locum</strong></span> <span class='ocrx_word' id='word_1_161' title='bbox 3153 1255 3352 1310; x_wconf 80' lang='lat' dir='ltr'><strong>fuerint</strong></span> <span class='ocrx_word' id='word_1_162' title='bbox 3384 1257 3480 1310; x_wconf 85' lang='lat' dir='ltr'><strong>iis-</strong></span> 
     </span>
    </p>
   </div>
   <div class='ocr_carea' id='block_1_25' title="bbox 1916 1331 3480 1408">
    <p class='ocr_par' dir='ltr' id='par_1_25' title="bbox 1916 1331 3480 1408">
     <span class='ocr_line' id='line_1_25' title="bbox 1916 1331 3480 1408; baseline 0.008 -22"><span class='ocrx_word' id='word_1_163' title='bbox 1916 1331 2040 1386; x_wconf 90' lang='lat' dir='ltr'><strong>dem</strong></span> <span class='ocrx_word' id='word_1_164' title='bbox 2096 1335 2242 1391; x_wconf 87' lang='lat' dir='ltr'><strong>netis</strong></span> <span class='ocrx_word' id='word_1_165' title='bbox 2287 1337 2548 1408; x_wconf 81' lang='lat' dir='ltr'><strong>insignes.</strong></span> <span class='ocrx_word' id='word_1_166' title='bbox 2612 1338 2767 1396; x_wconf 89' lang='lat' dir='ltr'><strong>Unde</strong></span> <span class='ocrx_word' id='word_1_167' title='bbox 2822 1357 3018 1397; x_wconf 86' lang='lat' dir='ltr'><strong>rursus</strong></span> <span class='ocrx_word' id='word_1_168' title='bbox 3074 1343 3379 1399; x_wconf 74' lang='lat' dir='ltr'><strong>recordatio</strong></span> <span class='ocrx_word' id='word_1_169' title='bbox 3427 1353 3480 1399; x_wconf 85' lang='lat' dir='ltr'><strong>et</strong></span> 
     </span>
    </p>
   </div>
   <div class='ocr_carea' id='block_1_26' title="bbox 1918 1423 3480 1504">
    <p class='ocr_par' dir='ltr' id='par_1_26' title="bbox 1918 1423 3480 1504">
     <span class='ocr_line' id='line_1_26' title="bbox 1918 1423 3480 1504; baseline 0.01 -30"><span class='ocrx_word' id='word_1_170' title='bbox 1918 1423 2120 1491; x_wconf 81' lang='lat' dir='ltr'><strong>prioris</strong></span> <span class='ocrx_word' id='word_1_171' title='bbox 2151 1426 2275 1481; x_wconf 70' lang='lat' dir='ltr'><strong>vita:</strong></span> <span class='ocrx_word' id='word_1_172' title='bbox 2308 1430 2572 1498; x_wconf 80' lang='lat' dir='ltr'><strong>expensio</strong></span> <span class='ocrx_word' id='word_1_173' title='bbox 2625 1433 3066 1502; x_wconf 85' lang='lat' dir='ltr'><strong>retractatioque,</strong></span> <span class='ocrx_word' id='word_1_174' title='bbox 3097 1443 3259 1503; x_wconf 88' lang='lat' dir='ltr'><strong>atque</strong></span> <span class='ocrx_word' id='word_1_175' title='bbox 3296 1435 3480 1504; x_wconf 84' lang='lat' dir='ltr'><strong>cujus—</strong></span> 
     </span>
    </p>
   </div>
   <div class='ocr_carea' id='block_1_27' title="bbox 1915 1517 3475 1592">
    <p class='ocr_par' dir='ltr' id='par_1_27' title="bbox 1915 1517 3475 1592">
     <span class='ocr_line' id='line_1_27' title="bbox 1915 1517 3475 1592; baseline 0.007 -25"><span class='ocrx_word' id='word_1_176' title='bbox 1915 1529 2021 1582; x_wconf 88' lang='lat' dir='ltr'><strong>que</strong></span> <span class='ocrx_word' id='word_1_177' title='bbox 2051 1517 2283 1574; x_wconf 84' lang='lat' dir='ltr'><strong>actionis</strong></span> <span class='ocrx_word' id='word_1_178' title='bbox 2303 1520 2585 1589; x_wconf 81' lang='lat' dir='ltr'><strong>cogitatio,</strong></span> <span class='ocrx_word' id='word_1_179' title='bbox 2613 1538 2733 1592; x_wconf 70' lang='lat' dir='ltr'><strong>qua:</strong></span> <span class='ocrx_word' id='word_1_180' title='bbox 2766 1525 2900 1578; x_wconf 91' lang='lat' dir='ltr'><strong>adeo</strong></span> <span class='ocrx_word' id='word_1_181' title='bbox 2933 1523 3179 1580; x_wconf 89' lang='lat' dir='ltr'><strong>celeriter</strong></span> <span class='ocrx_word' id='word_1_182' title='bbox 3218 1540 3325 1578; x_wconf 91' lang='lat' dir='ltr'><strong>una</strong></span> <span class='ocrx_word' id='word_1_183' title='bbox 3355 1541 3475 1580; x_wconf 91' lang='lat' dir='ltr'><strong>cum</strong></span> 
     </span>
    </p>
   </div>
   <div class='ocr_carea' id='block_1_28' title="bbox 1914 1607 3477 1685">
    <p class='ocr_par' dir='ltr' id='par_1_28' title="bbox 1914 1607 3477 1685">
     <span class='ocr_line' id='line_1_28' title="bbox 1914 1607 3477 1685; baseline 0.008 -26"><span class='ocrx_word' id='word_1_184' title='bbox 1914 1607 2137 1660; x_wconf 86' lang='lat' dir='ltr'><strong>animali</strong></span> <span class='ocrx_word' id='word_1_185' title='bbox 2169 1616 2294 1662; x_wconf 88' lang='lat' dir='ltr'><strong>ante</strong></span> <span class='ocrx_word' id='word_1_186' title='bbox 2335 1617 2413 1664; x_wconf 90' lang='lat' dir='ltr'><strong>tot</strong></span> <span class='ocrx_word' id='word_1_187' title='bbox 2453 1612 2652 1668; x_wconf 67' lang='lat' dir='ltr'><strong>saecula</strong></span> <span class='ocrx_word' id='word_1_188' title='bbox 2689 1612 2955 1668; x_wconf 89' lang='lat' dir='ltr'><strong>dissoluto</strong></span> <span class='ocrx_word' id='word_1_189' title='bbox 2989 1615 3288 1670; x_wconf 74' lang='lat' dir='ltr'><strong>absolvitur</strong></span> <span class='ocrx_word' id='word_1_190' title='bbox 3318 1626 3477 1685; x_wconf 85' lang='lat' dir='ltr'><strong>atque</strong></span> 
     </span>
    </p>
   </div>
   <div class='ocr_carea' id='block_1_29' title="bbox 1915 1696 3475 1772">
    <p class='ocr_par' dir='ltr' id='par_1_29' title="bbox 1915 1696 3475 1772">
     <span class='ocr_line' id='line_1_29' title="bbox 1915 1696 3475 1772; baseline 0.004 -23"><span class='ocrx_word' id='word_1_191' title='bbox 1915 1696 2418 1768; x_wconf 78' lang='lat' dir='ltr'><strong>perficitur?-Atqui</strong></span> <span class='ocrx_word' id='word_1_192' title='bbox 2453 1701 2535 1756; x_wconf 85' lang='lat' dir='ltr'><strong>vel</strong></span> <span class='ocrx_word' id='word_1_193' title='bbox 2563 1717 2628 1756; x_wconf 80' lang='lat' dir='ltr'><strong>ex</strong></span> <span class='ocrx_word' id='word_1_194' title='bbox 2672 1717 2864 1757; x_wconf 90' lang='lat' dir='ltr'><strong>somno</strong></span> <span class='ocrx_word' id='word_1_195' title='bbox 2908 1703 3246 1772; x_wconf 86' lang='lat' dir='ltr'><strong>profundiori</strong></span> <span class='ocrx_word' id='word_1_196' title='bbox 3269 1707 3475 1759; x_wconf 77' lang='lat' dir='ltr'><strong>excita-</strong></span> 
     </span>
    </p>
   </div>
   <div class='ocr_carea' id='block_1_30' title="bbox 1916 1788 3473 1859">
    <p class='ocr_par' dir='ltr' id='par_1_30' title="bbox 1916 1788 3473 1859">
     <span class='ocr_line' id='line_1_30' title="bbox 1916 1788 3473 1859; baseline 0.004 -23"><span class='ocrx_word' id='word_1_197' title='bbox 1916 1793 2003 1841; x_wconf 89' lang='lat' dir='ltr'><strong>tus</strong></span> <span class='ocrx_word' id='word_1_198' title='bbox 2034 1789 2195 1842; x_wconf 90' lang='lat' dir='ltr'><strong>homo</strong></span> <span class='ocrx_word' id='word_1_199' title='bbox 2240 1788 2515 1857; x_wconf 85' lang='lat' dir='ltr'><strong>paulisper</strong></span> <span class='ocrx_word' id='word_1_200' title='bbox 2564 1790 2776 1859; x_wconf 82' lang='lat' dir='ltr'><strong>ignorat</strong></span> <span class='ocrx_word' id='word_1_201' title='bbox 2805 1790 2898 1858; x_wconf 87' lang='lat' dir='ltr'><strong>qui</strong></span> <span class='ocrx_word' id='word_1_202' title='bbox 2947 1790 3037 1854; x_wconf 88' lang='lat' dir='ltr'><strong>sit,</strong></span> <span class='ocrx_word' id='word_1_203' title='bbox 3072 1797 3124 1844; x_wconf 89' lang='lat' dir='ltr'><strong>et</strong></span> <span class='ocrx_word' id='word_1_204' title='bbox 3156 1790 3246 1844; x_wconf 92' lang='lat' dir='ltr'><strong>ubi</strong></span> <span class='ocrx_word' id='word_1_205' title='bbox 3282 1789 3473 1859; x_wconf 87' lang='lat' dir='ltr'><strong>degat;</strong></span> 
     </span>
    </p>
   </div>
   <div class='ocr_carea' id='block_1_31' title="bbox 242 1844 1798 1948">
    <p class='ocr_par' dir='ltr' id='par_1_31' title="bbox 242 1844 1798 1948">
     <span class='ocr_line' id='line_1_31' title="bbox 242 1844 1798 1948; baseline 0.023 -54"><span class='ocrx_word' id='word_1_206' title='bbox 242 1859 369 1948; x_wconf 55' lang='lat' dir='ltr'><strong>satis</strong></span> <span class='ocrx_word' id='word_1_207' title='bbox 392 1849 524 1948; x_wconf 54' lang='lat' dir='ltr'><strong>jth</strong></span> <span class='ocrx_word' id='word_1_208' title='bbox 553 1851 942 1948; x_wconf 74' lang='grc' dir='ltr'>ἀπορουμένων</span> <span class='ocrx_word' id='word_1_209' title='bbox 988 1863 1082 1915; x_wconf 70' lang='grc' dir='ltr'>καὶ</span> <span class='ocrx_word' id='word_1_210' title='bbox 1112 1844 1455 1938; x_wconf 70' lang='grc' dir='ltr'>ζητούμένων</span> <span class='ocrx_word' id='word_1_211' title='bbox 1496 1844 1798 1945; x_wconf 48' lang='grc' dir='ltr'><strong>ἰτὴνηλύσ-ιν¹</strong></span> 
     </span>
    </p>
   </div>
   <div class='ocr_carea' id='block_1_32' title="bbox 1902 1844 3471 1948">
    <p class='ocr_par' dir='ltr' id='par_1_32' title="bbox 1915 1876 3471 1948">
     <span class='ocr_line' id='line_1_32' title="bbox 1915 1876 3471 1948; baseline 0.002 -18"><span class='ocrx_word' id='word_1_212' title='bbox 1915 1876 2353 1948; x_wconf 86' lang='lat' dir='ltr'><strong>familiarumque</strong></span> <span class='ocrx_word' id='word_1_213' title='bbox 2388 1887 2442 1934; x_wconf 91' lang='lat' dir='ltr'><strong>et</strong></span> <span class='ocrx_word' id='word_1_214' title='bbox 2478 1888 2867 1935; x_wconf 90' lang='lat' dir='ltr'><strong>consuetarum</strong></span> <span class='ocrx_word' id='word_1_215' title='bbox 2903 1895 3084 1935; x_wconf 86' lang='lat' dir='ltr'><strong>rerum</strong></span> <span class='ocrx_word' id='word_1_216' title='bbox 3107 1879 3471 1944; x_wconf 82' lang='lat' dir='ltr'><strong>obliviscitur,</strong></span> 
     </span>
    </p>
   </div>
   <div class='ocr_carea' id='block_1_33' title="bbox 236 1935 1806 2035">
    <p class='ocr_par' dir='ltr' id='par_1_33' title="bbox 236 1935 1806 2035">
     <span class='ocr_line' id='line_1_33' title="bbox 236 1935 1806 2035; baseline 0.022 -49"><span class='ocrx_word' id='word_1_217' title='bbox 236 1935 364 2035; x_wconf 78' lang='grc' dir='ltr'>οὐδὲ</span> <span class='ocrx_word' id='word_1_218' title='bbox 387 1935 604 2035; x_wconf 74' lang='grc' dir='ltr'>δύναται</span> <span class='ocrx_word' id='word_1_219' title='bbox 642 1941 740 2013; x_wconf 76' lang='grc' dir='ltr'>τὴν</span> <span class='ocrx_word' id='word_1_220' title='bbox 781 1945 972 2001; x_wconf 80' lang='grc' dir='ltr'>ἑαυτοῦ</span> <span class='ocrx_word' id='word_1_221' title='bbox 1019 1935 1563 2030; x_wconf 43' lang='grc' dir='ltr'>πολυπρακμοσύνην</span> <span class='ocrx_word' id='word_1_222' title='bbox 1585 1935 1806 2035; x_wconf 76' lang='grc' dir='ltr'>εὑρήσει</span> 
     </span>
    </p>
   </div>
   <div class='ocr_carea' id='block_1_34' title="bbox 234 2025 1807 2121">
    <p class='ocr_par' dir='ltr' id='par_1_34' title="bbox 234 2025 1807 2121">
     <span class='ocr_line' id='line_1_34' title="bbox 234 2025 1807 2121; baseline 0.023 -47"><span class='ocrx_word' id='word_1_223' title='bbox 234 2025 333 2076; x_wconf 78' lang='grc' dir='ltr'>καὶ</span> <span class='ocrx_word' id='word_1_224' title='bbox 361 2027 649 2083; x_wconf 76' lang='grc' dir='ltr'><strong>καταλύσει</strong></span> <span class='ocrx_word' id='word_1_225' title='bbox 679 2039 1152 2106; x_wconf 76' lang='grc' dir='ltr'>πρωαναπαῦσαι,</span> <span class='ocrx_word' id='word_1_226' title='bbox 1183 2025 1351 2117; x_wconf 75' lang='grc' dir='ltr'>χωρέῖ</span> <span class='ocrx_word' id='word_1_227' title='bbox 1391 2050 1526 2121; x_wconf 84' lang='grc' dir='ltr'>πρὸς</span> <span class='ocrx_word' id='word_1_228' title='bbox 1550 2025 1807 2112; x_wconf 38' lang='grc' dir='ltr'>ἀπιέίαν</span> 
     </span>
    </p>
   </div>
   <div class='ocr_carea' id='block_1_35' title="bbox 234 2117 1806 2212">
    <p class='ocr_par' dir='ltr' id='par_1_35' title="bbox 234 2117 1806 2212">
     <span class='ocr_line' id='line_1_35' title="bbox 234 2117 1806 2212; baseline 0.022 -44"><span class='ocrx_word' id='word_1_229' title='bbox 234 2117 424 2212; x_wconf 75' lang='grc' dir='ltr'>λοιπὸν</span> <span class='ocrx_word' id='word_1_230' title='bbox 464 2121 522 2174; x_wconf 71' lang='grc' dir='ltr'>ὲν</span> <span class='ocrx_word' id='word_1_231' title='bbox 544 2125 608 2193; x_wconf 77' lang='grc' dir='ltr'>τῇ</span> <span class='ocrx_word' id='word_1_232' title='bbox 632 2124 884 2200; x_wconf 77' lang='grc' dir='ltr'><strong>ἀσθενείᾳ</strong></span> <span class='ocrx_word' id='word_1_233' title='bbox 912 2131 1020 2186; x_wconf 85' lang='grc' dir='ltr'><strong>τῶν</strong></span> <span class='ocrx_word' id='word_1_234' title='bbox 1044 2135 1187 2190; x_wconf 86' lang='grc' dir='ltr'>ίδίων</span> <span class='ocrx_word' id='word_1_235' title='bbox 1210 2117 1505 2212; x_wconf 79' lang='grc' dir='ltr'>λογισμῶν,</span> <span class='ocrx_word' id='word_1_236' title='bbox 1529 2145 1806 2203; x_wconf 77' lang='grc' dir='ltr'>ὲκσάλλων</span> 
     </span>
    </p>
   </div>
   <div class='ocr_carea' id='block_1_36' title="bbox 234 2210 1804 2302">
    <p class='ocr_par' dir='ltr' id='par_1_36' title="bbox 234 2210 1804 2302">
     <span class='ocr_line' id='line_1_36' title="bbox 234 2210 1804 2302; baseline 0.022 -42"><span class='ocrx_word' id='word_1_237' title='bbox 234 2210 330 2302; x_wconf 72' lang='grc' dir='ltr'>καὶ</span> <span class='ocrx_word' id='word_1_238' title='bbox 361 2211 570 2268; x_wconf 79' lang='grc' dir='ltr'>ἀθετῶν</span> <span class='ocrx_word' id='word_1_239' title='bbox 600 2217 697 2288; x_wconf 82' lang='grc' dir='ltr'>τὴν</span> <span class='ocrx_word' id='word_1_240' title='bbox 743 2219 851 2273; x_wconf 82' lang='grc' dir='ltr'><strong>τῶν</strong></span> <span class='ocrx_word' id='word_1_241' title='bbox 889 2225 1228 2295; x_wconf 79' lang='grc' dir='ltr'><strong>πραγμάτων</strong></span> <span class='ocrx_word' id='word_1_242' title='bbox 1269 2210 1545 2302; x_wconf 80' lang='grc' dir='ltr'>ἀλήθειαν.</span> <span class='ocrx_word' id='word_1_243' title='bbox 1589 2237 1804 2293; x_wconf 79' lang='grc' dir='ltr'>Μᾶλλον</span> 
     </span>
    </p>
   </div>
   <div class='ocr_carea' id='block_1_37' title="bbox 229 2299 1802 2400">
    <p class='ocr_par' dir='ltr' id='par_1_37' title="bbox 229 2299 1802 2400">
     <span class='ocr_line' id='line_1_37' title="bbox 229 2299 1802 2400; baseline 0.022 -49"><span class='ocrx_word' id='word_1_244' title='bbox 229 2299 505 2400; x_wconf 43' lang='lat' dir='ltr'><strong>fissa-etei;</strong></span> <span class='ocrx_word' id='word_1_245' title='bbox 532 2305 636 2377; x_wconf 83' lang='grc' dir='ltr'><strong>ὁδῷ</strong></span> <span class='ocrx_word' id='word_1_246' title='bbox 686 2310 992 2381; x_wconf 79' lang='grc' dir='ltr'>προϐαίνων</span> <span class='ocrx_word' id='word_1_247' title='bbox 1040 2317 1070 2369; x_wconf 85' lang='grc' dir='ltr'><strong>ό</strong></span> <span class='ocrx_word' id='word_1_248' title='bbox 1101 2316 1257 2387; x_wconf 75' lang='grc' dir='ltr'>λόγος</span> <span class='ocrx_word' id='word_1_249' title='bbox 1281 2299 1418 2393; x_wconf 71' lang='grc' dir='ltr'>πρδς</span> <span class='ocrx_word' id='word_1_250' title='bbox 1459 2324 1520 2378; x_wconf 83' lang='grc' dir='ltr'>τὸ</span> <span class='ocrx_word' id='word_1_251' title='bbox 1563 2330 1802 2400; x_wconf 86' lang='grc' dir='ltr'>συνεχῶς</span> 
     </span>
    </p>
   </div>
   <div class='ocr_carea' id='block_1_38' title="bbox 231 2392 1802 2493">
    <p class='ocr_par' dir='ltr' id='par_1_38' title="bbox 231 2392 1802 2493">
     <span class='ocr_line' id='line_1_38' title="bbox 231 2392 1802 2493; baseline 0.022 -50"><span class='ocrx_word' id='word_1_252' title='bbox 231 2392 564 2493; x_wconf 43' lang='grc' dir='ltr'>λαλούμενον</span> <span class='ocrx_word' id='word_1_253' title='bbox 587 2401 810 2470; x_wconf 73' lang='grc' dir='ltr'>ἀφίκετο</span> <span class='ocrx_word' id='word_1_254' title='bbox 833 2403 1082 2478; x_wconf 76' lang='grc' dir='ltr'>ζήτημα,</span> <span class='ocrx_word' id='word_1_255' title='bbox 1125 2392 1338 2483; x_wconf 77' lang='grc' dir='ltr'>καὶτῆς</span> <span class='ocrx_word' id='word_1_256' title='bbox 1372 2417 1651 2490; x_wconf 80' lang='grc' dir='ltr'><strong>παρούσης</strong></span> 
     </span>
    </p>
   </div>
   <div class='ocr_carea' id='block_1_39' title="bbox 227 2484 1803 2582">
    <p class='ocr_par' dir='ltr' id='par_1_39' title="bbox 227 2484 1803 2582">
     <span class='ocr_line' id='line_1_39' title="bbox 227 2484 1803 2582; baseline 0.02 -46"><span class='ocrx_word' id='word_1_257' title='bbox 227 2484 631 2582; x_wconf 33' lang='grc' dir='ltr'>τῆς-ὑπόϐασις</span> <span class='ocrx_word' id='word_1_258' title='bbox 665 2495 839 2550; x_wconf 81' lang='grc' dir='ltr'>οίκεία</span> <span class='ocrx_word' id='word_1_259' title='bbox 877 2498 971 2551; x_wconf 84' lang='grc' dir='ltr'>καὶ</span> <span class='ocrx_word' id='word_1_260' title='bbox 1008 2503 1302 2575; x_wconf 80' lang='grc' dir='ltr'>συγγενὴς,</span> <span class='ocrx_word' id='word_1_261' title='bbox 1335 2484 1465 2577; x_wconf 73' lang='grc' dir='ltr'>φέρέ</span> <span class='ocrx_word' id='word_1_262' title='bbox 1493 2484 1685 2582; x_wconf 76' lang='grc' dir='ltr'>μικρὸν</span> <span class='ocrx_word' id='word_1_263' title='bbox 1721 2484 1803 2578; x_wconf 62' lang='lat' dir='ltr'><strong>sit;</strong></span> 
     </span>
    </p>
   </div>
   <div class='ocr_carea' id='block_1_40' title="bbox 228 2575 1800 2674">
    <p class='ocr_par' dir='ltr' id='par_1_40' title="bbox 228 2575 1800 2674">
     <span class='ocr_line' id='line_1_40' title="bbox 228 2575 1800 2674; baseline 0.008 -29"><span class='ocrx_word' id='word_1_264' title='bbox 228 2575 424 2674; x_wconf 36' lang='grc' dir='ltr'>ἀρχὴν,</span> <span class='ocrx_word' id='word_1_265' title='bbox 437 2579 749 2674; x_wconf 80' lang='grc' dir='ltr'>πρέπουσαν</span> <span class='ocrx_word' id='word_1_266' title='bbox 779 2587 1142 2657; x_wconf 82' lang='grc' dir='ltr'><strong>ἀναγαγόντες</strong></span> <span class='ocrx_word' id='word_1_267' title='bbox 1169 2594 1230 2646; x_wconf 85' lang='grc' dir='ltr'>τὸ</span> <span class='ocrx_word' id='word_1_268' title='bbox 1256 2575 1634 2666; x_wconf 69' lang='grc' dir='ltr'>προκὲίμὲνον,</span> <span class='ocrx_word' id='word_1_269' title='bbox 1665 2575 1800 2674; x_wconf 52' lang='grc' dir='ltr'>πληλ</span> 
     </span>
    </p>
   </div>
   <div class='ocr_carea' id='block_1_41' title="bbox 229 2667 1798 2764">
    <p class='ocr_par' dir='ltr' id='par_1_41' title="bbox 229 2667 1798 2764">
     <span class='ocr_line' id='line_1_41' title="bbox 229 2667 1798 2764; baseline 0.022 -50"><span class='ocrx_word' id='word_1_270' title='bbox 229 2667 494 2764; x_wconf 77' lang='grc' dir='ltr'>ροφορίαν</span> <span class='ocrx_word' id='word_1_271' title='bbox 518 2671 832 2764; x_wconf 52' lang='grc' dir='ltr'>-ὲμποιῆσαι</span> <span class='ocrx_word' id='word_1_272' title='bbox 885 2681 1232 2754; x_wconf 82' lang='grc' dir='ltr'>πειραθῶμεν</span> <span class='ocrx_word' id='word_1_273' title='bbox 1272 2689 1384 2751; x_wconf 82' lang='grc' dir='ltr'>τοῖς</span> <span class='ocrx_word' id='word_1_274' title='bbox 1414 2690 1549 2760; x_wconf 83' lang='grc' dir='ltr'>πρὸς</span> <span class='ocrx_word' id='word_1_275' title='bbox 1579 2692 1648 2746; x_wconf 75' lang='grc' dir='ltr'>τὰ</span> <span class='ocrx_word' id='word_1_276' title='bbox 1694 2667 1798 2764; x_wconf 79' lang='grc' dir='ltr'>φα-</span> 
     </span>
    </p>
   </div>
   <div class='ocr_carea' id='block_1_42' title="bbox 227 2756 1800 2855">
    <p class='ocr_par' dir='ltr' id='par_1_42' title="bbox 227 2756 1800 2855">
     <span class='ocr_line' id='line_1_42' title="bbox 227 2756 1800 2855; baseline 0.021 -49"><span class='ocrx_word' id='word_1_277' title='bbox 397 2759 1052 2855; x_wconf 22' lang='grc' dir='ltr'>κακῶςᾼάμιρισάλλουσιν.</span> <span class='ocrx_word' id='word_1_278' title='bbox 1102 2771 1158 2826; x_wconf 89' lang='lat'><strong>&#39;0</strong></span> <span class='ocrx_word' id='word_1_279' title='bbox 1182 2774 1290 2828; x_wconf 90' lang='grc' dir='ltr'><strong>τῶν</strong></span> <span class='ocrx_word' id='word_1_280' title='bbox 1309 2777 1445 2831; x_wconf 82' lang='grc' dir='ltr'>ὅλων</span> <span class='ocrx_word' id='word_1_281' title='bbox 1458 2756 1800 2855; x_wconf 24' lang='grc' dir='ltr'>τδημιούρξὸς</span> 
     </span>
    </p>
   </div>
   <div class='ocr_carea' id='block_1_43' title="bbox 226 2842 1795 2944">
    <p class='ocr_par' dir='ltr' id='par_1_43' title="bbox 226 2842 1795 2944">
     <span class='ocr_line' id='line_1_43' title="bbox 226 2842 1795 2944; baseline 0.021 -47"><span class='ocrx_word' id='word_1_282' title='bbox 226 2842 486 2944; x_wconf 56' lang='grc' dir='ltr'>θελήσας</span> <span class='ocrx_word' id='word_1_283' title='bbox 502 2851 683 2944; x_wconf 85' lang='grc' dir='ltr'>κτίσαι</span> <span class='ocrx_word' id='word_1_284' title='bbox 729 2856 822 2910; x_wconf 84' lang='grc' dir='ltr'><strong>τὸν</strong></span> <span class='ocrx_word' id='word_1_285' title='bbox 863 2859 1168 2934; x_wconf 81' lang='grc' dir='ltr'>ἄνθρωπον,</span> <span class='ocrx_word' id='word_1_286' title='bbox 1215 2866 1314 2937; x_wconf 83' lang='grc' dir='ltr'><strong>οὐχ</strong></span> <span class='ocrx_word' id='word_1_287' title='bbox 1348 2868 1423 2933; x_wconf 81' lang='grc' dir='ltr'>ὡς</span> <span class='ocrx_word' id='word_1_288' title='bbox 1455 2842 1795 2944; x_wconf 43' lang='grc' dir='ltr'>εὐθῶταῷρόξ</span> 
     </span>
    </p>
   </div>
   <div class='ocr_carea' id='block_1_44' title="bbox 223 2937 1796 3026">
    <p class='ocr_par' dir='ltr' id='par_1_44' title="bbox 223 2937 1796 3026">
     <span class='ocr_line' id='line_1_44' title="bbox 223 2937 1796 3026; baseline 0.024 -40"><span class='ocrx_word' id='word_1_289' title='bbox 223 2952 387 3005; x_wconf 71' lang='grc' dir='ltr'>νητον</span> <span class='ocrx_word' id='word_1_290' title='bbox 415 2937 574 3008; x_wconf 77' lang='grc' dir='ltr'>ζῶον,</span> <span class='ocrx_word' id='word_1_291' title='bbox 606 2943 720 2998; x_wconf 77' lang='grc' dir='ltr'>ἀλλ’</span> <span class='ocrx_word' id='word_1_292' title='bbox 765 2946 839 3011; x_wconf 83' lang='grc' dir='ltr'><strong>ῶς</strong></span> <span class='ocrx_word' id='word_1_293' title='bbox 867 2950 1190 3025; x_wconf 81' lang='grc' dir='ltr'>τιμιώτερον</span> <span class='ocrx_word' id='word_1_294' title='bbox 1217 2958 1432 3012; x_wconf 76' lang='grc' dir='ltr'>πάντων</span> <span class='ocrx_word' id='word_1_295' title='bbox 1464 2961 1544 3026; x_wconf 85' lang='grc' dir='ltr'>είς</span> <span class='ocrx_word' id='word_1_296' title='bbox 1570 2962 1630 3018; x_wconf 78' lang='grc' dir='ltr'>τὸ</span> <span class='ocrx_word' id='word_1_297' title='bbox 1656 2937 1796 3024; x_wconf 69' lang='grc' dir='ltr'>έίναι</span> 
     </span>
    </p>
   </div>
   <div class='ocr_carea' id='block_1_45' title="bbox 223 3030 1795 3123">
    <p class='ocr_par' dir='ltr' id='par_1_45' title="bbox 223 3030 1795 3123">
     <span class='ocr_line' id='line_1_45' title="bbox 223 3030 1795 3123; baseline 0.022 -43"><span class='ocrx_word' id='word_1_298' title='bbox 223 3030 540 3123; x_wconf 57' lang='grc' dir='ltr'>παρίηαγε,</span> <span class='ocrx_word' id='word_1_299' title='bbox 602 3037 698 3090; x_wconf 76' lang='grc' dir='ltr'>καὶ</span> <span class='ocrx_word' id='word_1_300' title='bbox 743 3039 845 3109; x_wconf 80' lang='grc' dir='ltr'>τῆς</span> <span class='ocrx_word' id='word_1_301' title='bbox 890 3042 982 3096; x_wconf 84' lang='grc' dir='ltr'><strong>ὑπ’</strong></span> <span class='ocrx_word' id='word_1_302' title='bbox 1015 3045 1244 3116; x_wconf 81' lang='grc' dir='ltr'>οὐρανὸν</span> <span class='ocrx_word' id='word_1_303' title='bbox 1283 3051 1511 3117; x_wconf 81' lang='grc' dir='ltr'><strong>κτίσεως</strong></span> <span class='ocrx_word' id='word_1_304' title='bbox 1559 3055 1795 3123; x_wconf 76' lang='grc' dir='ltr'><strong>ἀνέδειξε</strong></span> 
     </span>
    </p>
   </div>
   <div class='ocr_carea' id='block_1_46' title="bbox 225 3117 1866 3235">
    <p class='ocr_par' dir='ltr' id='par_1_46' title="bbox 225 3117 1866 3235">
     <span class='ocr_line' id='line_1_46' title="bbox 225 3117 1866 3235; baseline 0.023 -66"><span class='ocrx_word' id='word_1_305' title='bbox 225 3117 1075 3235; x_wconf 40' lang='grc' dir='ltr'>βασιλέα.“ἷοῦτο·προελόμένος,</span> <span class='ocrx_word' id='word_1_306' title='bbox 1102 3139 1192 3192; x_wconf 78' lang='grc' dir='ltr'>καὶ</span> <span class='ocrx_word' id='word_1_307' title='bbox 1221 3141 1458 3198; x_wconf 83' lang='grc' dir='ltr'>τοιοῦτον</span> <span class='ocrx_word' id='word_1_308' title='bbox 1487 3117 1794 3219; x_wconf 69' lang='grc' dir='ltr'>ἀπαρτίσας</span> <span class='ocrx_word' id='word_1_309' title='bbox 1822 3175 1866 3235; x_wconf 74' lang='lat' dir='ltr'>c</span> 
     </span>
    </p>
   </div>
   <div class='ocr_carea' id='block_1_47' title="bbox 223 3215 1790 3310">
    <p class='ocr_par' dir='ltr' id='par_1_47' title="bbox 223 3215 1790 3310">
     <span class='ocr_line' id='line_1_47' title="bbox 223 3215 1790 3310; baseline 0.017 -42"><span class='ocrx_word' id='word_1_310' title='bbox 223 3215 386 3310; x_wconf 47' lang='grc' dir='ltr'>σοφὸν</span> <span class='ocrx_word' id='word_1_311' title='bbox 409 3217 504 3272; x_wconf 78' lang='grc' dir='ltr'>καὶ</span> <span class='ocrx_word' id='word_1_312' title='bbox 521 3217 750 3291; x_wconf 79' lang='grc' dir='ltr'><strong>θεοειδῆ,</strong></span> <span class='ocrx_word' id='word_1_313' title='bbox 774 3224 866 3280; x_wconf 75' lang='grc' dir='ltr'>καὶ</span> <span class='ocrx_word' id='word_1_314' title='bbox 882 3226 1048 3298; x_wconf 81' lang='grc' dir='ltr'>πολλῇ</span> <span class='ocrx_word' id='word_1_315' title='bbox 1068 3235 1491 3305; x_wconf 84' lang='grc' dir='ltr'>κατακοσμήσας</span> <span class='ocrx_word' id='word_1_316' title='bbox 1503 3240 1570 3308; x_wconf 80' lang='grc' dir='ltr'>τῇ</span> <span class='ocrx_word' id='word_1_317' title='bbox 1587 3215 1790 3310; x_wconf 50' lang='grc' dir='ltr'>έάριτι,</span> 
     </span>
    </p>
   </div>
   <div class='ocr_carea' id='block_1_48' title="bbox 224 3301 1790 3400">
    <p class='ocr_par' dir='ltr' id='par_1_48' title="bbox 224 3301 1790 3400">
     <span class='ocr_line' id='line_1_48' title="bbox 224 3301 1790 3400; baseline 0.016 -40"><span class='ocrx_word' id='word_1_318' title='bbox 224 3301 329 3400; x_wconf 58' lang='grc' dir='ltr'><strong>ἀρα</strong></span> <span class='ocrx_word' id='word_1_319' title='bbox 355 3311 497 3378; x_wconf 77' lang='grc' dir='ltr'>μετά</span> <span class='ocrx_word' id='word_1_320' title='bbox 522 3311 746 3384; x_wconf 81' lang='grc' dir='ltr'>γνώμης</span> <span class='ocrx_word' id='word_1_321' title='bbox 784 3317 1038 3389; x_wconf 80' lang='grc' dir='ltr'><strong>τοιαύτης</strong></span> <span class='ocrx_word' id='word_1_322' title='bbox 1079 3321 1160 3386; x_wconf 80' lang='grc' dir='ltr'>είς</span> <span class='ocrx_word' id='word_1_323' title='bbox 1190 3322 1253 3376; x_wconf 82' lang='grc' dir='ltr'>τὸ</span> <span class='ocrx_word' id='word_1_324' title='bbox 1283 3301 1422 3381; x_wconf 60' lang='grc' dir='ltr'>εἶναι</span> <span class='ocrx_word' id='word_1_325' title='bbox 1450 3301 1790 3400; x_wconf 35' lang='lat' dir='ltr'><strong>mpera-7w,</strong></span> 
     </span>
    </p>
   </div>
   <div class='ocr_carea' id='block_1_49' title="bbox 226 3396 1785 3489">
    <p class='ocr_par' dir='ltr' id='par_1_49' title="bbox 226 3396 1785 3489">
     <span class='ocr_line' id='line_1_49' title="bbox 226 3396 1785 3489; baseline 0.015 -39"><span class='ocrx_word' id='word_1_326' title='bbox 226 3396 309 3489; x_wconf 75' lang='grc' dir='ltr'>ἵνα</span> <span class='ocrx_word' id='word_1_327' title='bbox 332 3400 619 3474; x_wconf 76' lang='grc' dir='ltr'>γεννηθεὶς</span> <span class='ocrx_word' id='word_1_328' title='bbox 645 3403 854 3489; x_wconf 63' lang='grc' dir='ltr'>φθαρῇ,</span> <span class='ocrx_word' id='word_1_329' title='bbox 883 3409 977 3462; x_wconf 79' lang='grc' dir='ltr'><strong>καὶ</strong></span> <span class='ocrx_word' id='word_1_330' title='bbox 1005 3409 1215 3466; x_wconf 86' lang='grc' dir='ltr'>τελείαν</span> <span class='ocrx_word' id='word_1_331' title='bbox 1249 3413 1456 3486; x_wconf 82' lang='grc' dir='ltr'>ὑποστῇ</span> <span class='ocrx_word' id='word_1_332' title='bbox 1674 3396 1785 3473; x_wconf 56' lang='grc' dir='ltr'><strong>ἀπέ</strong></span> 
     </span>
    </p>
   </div>
   <div class='ocr_carea' id='block_1_50' title="bbox 223 3487 1789 3579">
    <p class='ocr_par' dir='ltr' id='par_1_50' title="bbox 223 3487 1789 3579">
     <span class='ocr_line' id='line_1_50' title="bbox 223 3487 1789 3579; baseline 0.017 -39"><span class='ocrx_word' id='word_1_333' title='bbox 223 3487 444 3555; x_wconf 60' lang='lat' dir='ltr'><strong>diluuia;</strong></span> <span class='ocrx_word' id='word_1_334' title='bbox 490 3491 648 3548; x_wconf 79' lang='grc' dir='ltr'>Ἀλλά</span> <span class='ocrx_word' id='word_1_335' title='bbox 678 3487 902 3565; x_wconf 83' lang='grc' dir='ltr'>μάταιος</span> <span class='ocrx_word' id='word_1_336' title='bbox 926 3499 955 3552; x_wconf 85' lang='grc' dir='ltr'><strong>ὁ</strong></span> <span class='ocrx_word' id='word_1_337' title='bbox 977 3502 1196 3570; x_wconf 74' lang='grc' dir='ltr'>σκοπὸς,</span> <span class='ocrx_word' id='word_1_338' title='bbox 1218 3506 1314 3560; x_wconf 79' lang='grc' dir='ltr'>καὶ</span> <span class='ocrx_word' id='word_1_339' title='bbox 1343 3507 1546 3579; x_wconf 77' lang='grc' dir='ltr'>σφόδρα</span> <span class='ocrx_word' id='word_1_340' title='bbox 1571 3487 1789 3576; x_wconf 78' lang='grc' dir='ltr'>ἀνάξιον</span> 
     </span>
    </p>
   </div>
   <div class='ocr_carea' id='block_1_51' title="bbox 223 3579 1792 3669">
    <p class='ocr_par' dir='ltr' id='par_1_51' title="bbox 223 3579 1792 3669">
     <span class='ocr_line' id='line_1_51' title="bbox 223 3579 1792 3669; baseline 0.015 -36"><span class='ocrx_word' id='word_1_341' title='bbox 223 3579 339 3648; x_wconf 49' lang='grc' dir='ltr'>ἢν,</span> <span class='ocrx_word' id='word_1_342' title='bbox 363 3581 622 3655; x_wconf 80' lang='grc' dir='ltr'>τοιαύτην</span> <span class='ocrx_word' id='word_1_343' title='bbox 655 3585 863 3642; x_wconf 68' lang='grc' dir='ltr'>ἔννοιαν</span> <span class='ocrx_word' id='word_1_344' title='bbox 907 3590 988 3654; x_wconf 85' lang='grc' dir='ltr'>είς</span> <span class='ocrx_word' id='word_1_345' title='bbox 1024 3591 1155 3647; x_wconf 78' lang='grc' dir='ltr'><strong>Θεὸν</strong></span> <span class='ocrx_word' id='word_1_346' title='bbox 1201 3596 1513 3669; x_wconf 80' lang='grc' dir='ltr'>ἀναφέρειν.</span> <span class='ocrx_word' id='word_1_347' title='bbox 1552 3599 1792 3668; x_wconf 86' lang='grc' dir='ltr'>Παιδίοις</span> 
     </span>
    </p>
   </div>
   <div class='ocr_carea' id='block_1_52' title="bbox 223 3669 1792 3762">
    <p class='ocr_par' dir='ltr' id='par_1_52' title="bbox 223 3669 1792 3762">
     <span class='ocr_line' id='line_1_52' title="bbox 223 3669 1792 3762; baseline 0.016 -39"><span class='ocrx_word' id='word_1_348' title='bbox 223 3669 331 3762; x_wconf 69' lang='grc' dir='ltr'><strong>γὰρ</strong></span> <span class='ocrx_word' id='word_1_349' title='bbox 359 3673 534 3739; x_wconf 80' lang='grc' dir='ltr'>οὕτως</span> <span class='ocrx_word' id='word_1_350' title='bbox 579 3677 968 3744; x_wconf 75' lang='grc' dir='ltr'>ἀπεικάζεται,</span> <span class='ocrx_word' id='word_1_351' title='bbox 1030 3683 1364 3756; x_wconf 83' lang='grc' dir='ltr'>οἰκοδομοῦσι</span> <span class='ocrx_word' id='word_1_352' title='bbox 1419 3690 1648 3762; x_wconf 79' lang='grc' dir='ltr'>σπουδῇ,</span> <span class='ocrx_word' id='word_1_353' title='bbox 1697 3693 1792 3749; x_wconf 73' lang='grc' dir='ltr'>καὶ</span> 
     </span>
    </p>
   </div>
   <div class='ocr_carea' id='block_1_53' title="bbox 223 3761 1791 3854">
    <p class='ocr_par' dir='ltr' id='par_1_53' title="bbox 223 3761 1791 3854">
     <span class='ocr_line' id='line_1_53' title="bbox 223 3761 1791 3854; baseline 0.015 -39"><span class='ocrx_word' id='word_1_354' title='bbox 223 3761 406 3817; x_wconf 77' lang='grc' dir='ltr'>λύουσι</span> <span class='ocrx_word' id='word_1_355' title='bbox 432 3765 642 3837; x_wconf 85' lang='grc' dir='ltr'>ταχέως</span> <span class='ocrx_word' id='word_1_356' title='bbox 689 3769 750 3823; x_wconf 85' lang='grc' dir='ltr'>τὸ</span> <span class='ocrx_word' id='word_1_357' title='bbox 793 3771 1239 3845; x_wconf 78' lang='grc' dir='ltr'>κατασκεύασμα,</span> <span class='ocrx_word' id='word_1_358' title='bbox 1269 3777 1404 3847; x_wconf 84' lang='grc' dir='ltr'>πρὸς</span> <span class='ocrx_word' id='word_1_359' title='bbox 1424 3779 1578 3835; x_wconf 83' lang='grc' dir='ltr'>οὐδὲν</span> <span class='ocrx_word' id='word_1_360' title='bbox 1614 3761 1791 3854; x_wconf 86' lang='grc' dir='ltr'>πέρας</span> 
     </span>
    </p>
   </div>
   <div class='ocr_carea' id='block_1_54' title="bbox 222 3852 1790 3945">
    <p class='ocr_par' dir='ltr' id='par_1_54' title="bbox 222 3852 1790 3945">
     <span class='ocr_line' id='line_1_54' title="bbox 222 3852 1790 3945; baseline 0.016 -39"><span class='ocrx_word' id='word_1_361' title='bbox 222 3852 522 3926; x_wconf 76' lang='grc' dir='ltr'>εὔχρηστον</span> <span class='ocrx_word' id='word_1_362' title='bbox 560 3858 658 3930; x_wconf 78' lang='grc' dir='ltr'>τῆς</span> <span class='ocrx_word' id='word_1_363' title='bbox 699 3859 937 3927; x_wconf 77' lang='grc' dir='ltr'>διανοίας</span> <span class='ocrx_word' id='word_1_364' title='bbox 982 3865 1162 3919; x_wconf 81' lang='grc' dir='ltr'>αὐτῶν</span> <span class='ocrx_word' id='word_1_365' title='bbox 1205 3869 1639 3945; x_wconf 85' lang='grc' dir='ltr'>καταληγούσης.</span> <span class='ocrx_word' id='word_1_366' title='bbox 1675 3852 1790 3931; x_wconf 74' lang='grc' dir='ltr'>Πᾶν</span> 
     </span>
    </p>
   </div>
   <div class='ocr_carea' id='block_1_55' title="bbox 219 3943 1791 4034">
    <p class='ocr_par' dir='ltr' id='par_1_55' title="bbox 219 3943 1791 4034">
     <span class='ocr_line' id='line_1_55' title="bbox 219 3943 1791 4034; baseline 0.017 -38"><span class='ocrx_word' id='word_1_367' title='bbox 219 3943 285 3997; x_wconf 74' lang='grc' dir='ltr'>δὲ</span> <span class='ocrx_word' id='word_1_368' title='bbox 328 3946 626 4003; x_wconf 82' lang='grc' dir='ltr'>τούναντίον</span> <span class='ocrx_word' id='word_1_369' title='bbox 664 3950 1022 4026; x_wconf 76' lang='grc' dir='ltr'>ἐδιδάχθημεν</span> <span class='ocrx_word' id='word_1_370' title='bbox 1042 3974 1055 3988; x_wconf 76' lang='grc' dir='ltr'><strong><em>ο</em></strong></span> <span class='ocrx_word' id='word_1_371' title='bbox 1099 3957 1181 4011; x_wconf 84' lang='grc' dir='ltr'>ὅτι</span> <span class='ocrx_word' id='word_1_372' title='bbox 1228 3960 1319 4012; x_wconf 80' lang='grc' dir='ltr'><strong>τὸν</strong></span> <span class='ocrx_word' id='word_1_373' title='bbox 1367 3943 1791 4034; x_wconf 79' lang='grc' dir='ltr'>πρωτόπλαστον</span> 
     </span>
    </p>
   </div>
   <div class='ocr_carea' id='block_1_56' title="bbox 215 4034 1792 4127">
    <p class='ocr_par' dir='ltr' id='par_1_56' title="bbox 215 4034 1792 4127">
     <span class='ocr_line' id='line_1_56' title="bbox 215 4034 1792 4127; baseline 0.017 -40"><span class='ocrx_word' id='word_1_374' title='bbox 215 4034 499 4091; x_wconf 80' lang='grc' dir='ltr'>ἀθάνατον</span> <span class='ocrx_word' id='word_1_375' title='bbox 524 4039 749 4096; x_wconf 74' lang='grc' dir='ltr'>ἔκτισεν.</span> <span class='ocrx_word' id='word_1_376' title='bbox 793 4043 1204 4119; x_wconf 75' lang='grc' dir='ltr'>Ἐπισυμὸἀσης</span> <span class='ocrx_word' id='word_1_377' title='bbox 1225 4050 1282 4103; x_wconf 82' lang='grc' dir='ltr'>δὲ</span> <span class='ocrx_word' id='word_1_378' title='bbox 1311 4053 1409 4123; x_wconf 82' lang='grc' dir='ltr'>τῆς</span> <span class='ocrx_word' id='word_1_379' title='bbox 1431 4057 1792 4127; x_wconf 76' lang='grc' dir='ltr'>παραόἀσεως</span> 
     </span>
    </p>
   </div>
   <div class='ocr_carea' id='block_1_57' title="bbox 213 4127 1790 4220">
    <p class='ocr_par' dir='ltr' id='par_1_57' title="bbox 213 4127 1790 4220">
     <span class='ocr_line' id='line_1_57' title="bbox 213 4127 1790 4220; baseline 0.017 -42"><span class='ocrx_word' id='word_1_380' title='bbox 213 4127 316 4220; x_wconf 73' lang='grc' dir='ltr'>καὶ</span> <span class='ocrx_word' id='word_1_381' title='bbox 358 4127 460 4198; x_wconf 80' lang='grc' dir='ltr'><strong>τῆς</strong></span> <span class='ocrx_word' id='word_1_382' title='bbox 498 4131 798 4202; x_wconf 79' lang='grc' dir='ltr'>ἁμαρτίας,</span> <span class='ocrx_word' id='word_1_383' title='bbox 845 4138 925 4198; x_wconf 85' lang='grc' dir='ltr'><strong>εἰς</strong></span> <span class='ocrx_word' id='word_1_384' title='bbox 960 4137 1117 4212; x_wconf 85' lang='grc' dir='ltr'>δίκην</span> <span class='ocrx_word' id='word_1_385' title='bbox 1173 4140 1269 4195; x_wconf 79' lang='grc' dir='ltr'>τοῦ</span> <span class='ocrx_word' id='word_1_386' title='bbox 1325 4144 1790 4220; x_wconf 82' lang='grc' dir='ltr'>πλημμελήματος</span> 
     </span>
    </p>
   </div>
   <div class='ocr_carea' id='block_1_58' title="bbox 211 4218 1789 4310">
    <p class='ocr_par' dir='ltr' id='par_1_58' title="bbox 211 4218 1789 4310">
     <span class='ocr_line' id='line_1_58' title="bbox 211 4218 1789 4310; baseline 0.016 -39"><span class='ocrx_word' id='word_1_387' title='bbox 211 4218 318 4289; x_wconf 84' lang='grc' dir='ltr'>τῆς</span> <span class='ocrx_word' id='word_1_388' title='bbox 353 4219 659 4289; x_wconf 77' lang='grc' dir='ltr'>ἀθανασίας</span> <span class='ocrx_word' id='word_1_389' title='bbox 699 4227 1021 4300; x_wconf 65' lang='grc' dir='ltr'>ἔστέρησεν·</span> <span class='ocrx_word' id='word_1_390' title='bbox 1061 4226 1182 4287; x_wconf 75' lang='grc' dir='ltr'>εἶτα</span> <span class='ocrx_word' id='word_1_391' title='bbox 1211 4237 1244 4304; x_wconf 83' lang='grc' dir='ltr'>ὴ</span> <span class='ocrx_word' id='word_1_392' title='bbox 1277 4237 1425 4308; x_wconf 82' lang='grc' dir='ltr'><strong>πηγὴ</strong></span> <span class='ocrx_word' id='word_1_393' title='bbox 1455 4237 1554 4308; x_wconf 84' lang='grc' dir='ltr'>τῆς</span> <span class='ocrx_word' id='word_1_394' title='bbox 1587 4218 1789 4310; x_wconf 58' lang='grc' dir='ltr'>ἀγαθό-</span> 
     </span>
    </p>
   </div>
   <div class='ocr_carea' id='block_1_59' title="bbox 211 4313 1791 4402">
    <p class='ocr_par' dir='ltr' id='par_1_59' title="bbox 211 4313 1791 4402">
     <span class='ocr_line' id='line_1_59' title="bbox 211 4313 1791 4402; baseline 0.015 -39"><span class='ocrx_word' id='word_1_395' title='bbox 211 4326 374 4402; x_wconf 75' lang='grc' dir='ltr'>τητος</span> <span class='ocrx_word' id='word_1_396' title='bbox 403 4313 820 4384; x_wconf 73' lang='grc' dir='ltr'>ὑπερϐλύζουσα</span> <span class='ocrx_word' id='word_1_397' title='bbox 844 4321 946 4391; x_wconf 83' lang='grc' dir='ltr'>τὴν</span> <span class='ocrx_word' id='word_1_398' title='bbox 983 4322 1408 4396; x_wconf 84' lang='grc' dir='ltr'>φιλανθρωπίαν,</span> <span class='ocrx_word' id='word_1_399' title='bbox 1436 4330 1530 4382; x_wconf 81' lang='grc' dir='ltr'>καὶ</span> <span class='ocrx_word' id='word_1_400' title='bbox 1559 4332 1694 4402; x_wconf 82' lang='grc' dir='ltr'>πρὸς</span> <span class='ocrx_word' id='word_1_401' title='bbox 1728 4334 1791 4387; x_wconf 83' lang='grc' dir='ltr'>τὸ</span> 
     </span>
    </p>
   </div>
   <div class='ocr_carea' id='block_1_60' title="bbox 208 4401 1790 4491">
    <p class='ocr_par' dir='ltr' id='par_1_60' title="bbox 208 4401 1790 4491">
     <span class='ocr_line' id='line_1_60' title="bbox 208 4401 1790 4491; baseline 0.015 -37"><span class='ocrx_word' id='word_1_402' title='bbox 208 4401 375 4472; x_wconf 68' lang='grc' dir='ltr'>ἔργον</span> <span class='ocrx_word' id='word_1_403' title='bbox 415 4405 810 4463; x_wconf 66' lang='grc' dir='ltr'>ἐπικλασθεῖσα</span> <span class='ocrx_word' id='word_1_404' title='bbox 864 4410 972 4464; x_wconf 88' lang='grc' dir='ltr'><strong>τῶν</strong></span> <span class='ocrx_word' id='word_1_405' title='bbox 1015 4412 1159 4468; x_wconf 87' lang='grc' dir='ltr'>ίδίων</span> <span class='ocrx_word' id='word_1_406' title='bbox 1211 4416 1426 4487; x_wconf 85' lang='grc' dir='ltr'>χειρῶν,</span> <span class='ocrx_word' id='word_1_407' title='bbox 1487 4401 1648 4491; x_wconf 77' lang='grc' dir='ltr'>σοφίᾳ</span> <span class='ocrx_word' id='word_1_408' title='bbox 1693 4425 1790 4477; x_wconf 77' lang='grc' dir='ltr'>καὶ</span> 
     </span>
    </p>
   </div>
   <div class='ocr_carea' id='block_1_61' title="bbox 1909 1969 3472 2040">
    <p class='ocr_par' dir='ltr' id='par_1_61' title="bbox 1909 1969 3472 2040">
     <span class='ocr_line' id='line_1_61' title="bbox 1909 1969 3472 2040; baseline 0.001 -18"><span class='ocrx_word' id='word_1_409' title='bbox 1909 1969 2084 2024; x_wconf 83' lang='lat' dir='ltr'><strong>donec</strong></span> <span class='ocrx_word' id='word_1_410' title='bbox 2114 1970 2296 2039; x_wconf 79' lang='lat' dir='ltr'><strong>vigilia</strong></span> <span class='ocrx_word' id='word_1_411' title='bbox 2332 1970 2586 2029; x_wconf 87' lang='lat' dir='ltr'><strong>discusso</strong></span> <span class='ocrx_word' id='word_1_412' title='bbox 2631 1981 2852 2040; x_wconf 87' lang='lat' dir='ltr'><strong>torpore</strong></span> <span class='ocrx_word' id='word_1_413' title='bbox 2893 1985 3086 2030; x_wconf 87' lang='lat' dir='ltr'><strong>rursus</strong></span> <span class='ocrx_word' id='word_1_414' title='bbox 3117 1973 3225 2024; x_wconf 89' lang='lat' dir='ltr'><strong>vim</strong></span> <span class='ocrx_word' id='word_1_415' title='bbox 3267 1985 3472 2024; x_wconf 88' lang='lat' dir='ltr'><strong>memo-</strong></span> 
     </span>
    </p>
   </div>
   <div class='ocr_carea' id='block_1_62' title="bbox 1908 2059 3474 2121">
    <p class='ocr_par' dir='ltr' id='par_1_62' title="bbox 1908 2059 3474 2121">
     <span class='ocr_line' id='line_1_62' title="bbox 1908 2059 3474 2121; baseline 0 -9"><span class='ocrx_word' id='word_1_416' title='bbox 1908 2059 2002 2113; x_wconf 73' lang='lat' dir='ltr'><strong>ria:</strong></span> <span class='ocrx_word' id='word_1_417' title='bbox 2058 2061 2520 2118; x_wconf 77' lang='lat' dir='ltr'><strong>conservatricem</strong></span> <span class='ocrx_word' id='word_1_418' title='bbox 2575 2069 2629 2116; x_wconf 91' lang='lat' dir='ltr'><strong>et</strong></span> <span class='ocrx_word' id='word_1_419' title='bbox 2688 2060 2979 2118; x_wconf 72' lang='lat' dir='ltr'><strong>efﬁcaciam</strong></span> <span class='ocrx_word' id='word_1_420' title='bbox 3041 2061 3387 2121; x_wconf 88' lang='lat' dir='ltr'><strong>recreaverit,</strong></span> <span class='ocrx_word' id='word_1_421' title='bbox 3420 2067 3474 2112; x_wconf 80' lang='lat' dir='ltr'><strong>et</strong></span> 
     </span>
    </p>
   </div>
   <div class='ocr_carea' id='block_1_63' title="bbox 1908 2147 3470 2222">
    <p class='ocr_par' dir='ltr' id='par_1_63' title="bbox 1908 2147 3470 2222">
     <span class='ocr_line' id='line_1_63' title="bbox 1908 2147 3470 2222; baseline -0.001 -18"><span class='ocrx_word' id='word_1_422' title='bbox 1908 2150 2390 2220; x_wconf 78' lang='lat' dir='ltr'><strong>redintegraverit.</strong></span> <span class='ocrx_word' id='word_1_423' title='bbox 2427 2151 2550 2207; x_wconf 82' lang='lat' dir='ltr'><strong>llaec</strong></span> <span class='ocrx_word' id='word_1_424' title='bbox 2596 2159 2650 2207; x_wconf 90' lang='lat' dir='ltr'><strong>et</strong></span> <span class='ocrx_word' id='word_1_425' title='bbox 2707 2147 2904 2209; x_wconf 88' lang='lat' dir='ltr'><strong>similia</strong></span> <span class='ocrx_word' id='word_1_426' title='bbox 2939 2151 3295 2222; x_wconf 79' lang='lat' dir='ltr'><strong>cogitationes</strong></span> <span class='ocrx_word' id='word_1_427' title='bbox 3327 2151 3470 2218; x_wconf 82' lang='lat' dir='ltr'><strong>vulgi</strong></span> 
     </span>
    </p>
   </div>
   <div class='ocr_carea' id='block_1_64' title="bbox 1905 2240 3470 2311">
    <p class='ocr_par' dir='ltr' id='par_1_64' title="bbox 1905 2240 3470 2311">
     <span class='ocr_line' id='line_1_64' title="bbox 1905 2240 3470 2311; baseline -0.001 -17"><span class='ocrx_word' id='word_1_428' title='bbox 1905 2240 2194 2298; x_wconf 86' lang='lat' dir='ltr'><strong>subeuntia</strong></span> <span class='ocrx_word' id='word_1_429' title='bbox 2224 2242 2429 2311; x_wconf 77' lang='lat' dir='ltr'><strong>ingenti</strong></span> <span class='ocrx_word' id='word_1_430' title='bbox 2476 2249 2708 2298; x_wconf 85' lang='lat' dir='ltr'><strong>mentem</strong></span> <span class='ocrx_word' id='word_1_431' title='bbox 2742 2241 2969 2311; x_wconf 87' lang='lat' dir='ltr'><strong>implent</strong></span> <span class='ocrx_word' id='word_1_432' title='bbox 3009 2240 3384 2304; x_wconf 87' lang='lat' dir='ltr'><strong>admiratione,</strong></span> <span class='ocrx_word' id='word_1_433' title='bbox 3413 2248 3470 2295; x_wconf 88' lang='lat' dir='ltr'><strong>et</strong></span> 
     </span>
    </p>
   </div>
   <div class='ocr_carea' id='block_1_65' title="bbox 1905 2331 3465 2390">
    <p class='ocr_par' dir='ltr' id='par_1_65' title="bbox 1905 2331 3465 2390">
     <span class='ocr_line' id='line_1_65' title="bbox 1905 2331 3465 2390; baseline -0.001 -6"><span class='ocrx_word' id='word_1_434' title='bbox 1905 2345 2012 2385; x_wconf 87' lang='lat' dir='ltr'><strong>una</strong></span> <span class='ocrx_word' id='word_1_435' title='bbox 2069 2346 2194 2386; x_wconf 91' lang='lat' dir='ltr'><strong>cum</strong></span> <span class='ocrx_word' id='word_1_436' title='bbox 2257 2332 2622 2390; x_wconf 85' lang='lat' dir='ltr'><strong>admiratione</strong></span> <span class='ocrx_word' id='word_1_437' title='bbox 2678 2331 2948 2390; x_wconf 90' lang='lat' dir='ltr'><strong>inducunt</strong></span> <span class='ocrx_word' id='word_1_438' title='bbox 3004 2331 3465 2386; x_wconf 87' lang='lat' dir='ltr'><strong>incredulitatem.</strong></span> 
     </span>
    </p>
   </div>
   <div class='ocr_carea' id='block_1_66' title="bbox 1902 2420 3466 2494">
    <p class='ocr_par' dir='ltr' id='par_1_66' title="bbox 1902 2420 3466 2494">
     <span class='ocr_line' id='line_1_66' title="bbox 1902 2420 3466 2494; baseline -0.003 -16"><span class='ocrx_word' id='word_1_439' title='bbox 1902 2420 2170 2485; x_wconf 86' lang='lat' dir='ltr'><strong>Quoniam</strong></span> <span class='ocrx_word' id='word_1_440' title='bbox 2195 2423 2344 2478; x_wconf 88' lang='lat' dir='ltr'><strong>enim</strong></span> <span class='ocrx_word' id='word_1_441' title='bbox 2393 2439 2548 2480; x_wconf 90' lang='lat' dir='ltr'><strong>mens</strong></span> <span class='ocrx_word' id='word_1_442' title='bbox 2593 2439 2783 2479; x_wconf 89' lang='lat' dir='ltr'><strong>eorum</strong></span> <span class='ocrx_word' id='word_1_443' title='bbox 2817 2424 2886 2480; x_wconf 86' lang='lat' dir='ltr'><strong>de</strong></span> <span class='ocrx_word' id='word_1_444' title='bbox 2929 2423 3127 2494; x_wconf 87' lang='lat' dir='ltr'><strong>quibus</strong></span> <span class='ocrx_word' id='word_1_445' title='bbox 3173 2423 3382 2478; x_wconf 89' lang='lat' dir='ltr'><strong>dubitat</strong></span> <span class='ocrx_word' id='word_1_446' title='bbox 3414 2429 3466 2474; x_wconf 90' lang='lat' dir='ltr'><strong>et</strong></span> 
     </span>
    </p>
   </div>
   <div class='ocr_carea' id='block_1_67' title="bbox 1899 2513 3462 2586">
    <p class='ocr_par' dir='ltr' id='par_1_67' title="bbox 1899 2513 3462 2586">
     <span class='ocr_line' id='line_1_67' title="bbox 1899 2513 3462 2586; baseline 0.003 -22"><span class='ocrx_word' id='word_1_447' title='bbox 1899 2513 2115 2580; x_wconf 63' lang='lat' dir='ltr'><strong>quaerit,</strong></span> <span class='ocrx_word' id='word_1_448' title='bbox 2147 2516 2471 2570; x_wconf 89' lang='lat' dir='ltr'><strong>solutionem</strong></span> <span class='ocrx_word' id='word_1_449' title='bbox 2508 2531 2616 2572; x_wconf 92' lang='lat' dir='ltr'><strong>non</strong></span> <span class='ocrx_word' id='word_1_450' title='bbox 2649 2517 2872 2579; x_wconf 86' lang='lat' dir='ltr'><strong>invenit,</strong></span> <span class='ocrx_word' id='word_1_451' title='bbox 2905 2531 3082 2586; x_wconf 89' lang='lat' dir='ltr'><strong>neque</strong></span> <span class='ocrx_word' id='word_1_452' title='bbox 3105 2531 3259 2571; x_wconf 87' lang='lat' dir='ltr'><strong>suam</strong></span> <span class='ocrx_word' id='word_1_453' title='bbox 3285 2515 3462 2569; x_wconf 84' lang='lat' dir='ltr'><strong>curio-</strong></span> 
     </span>
    </p>
   </div>
   <div class='ocr_carea' id='block_1_68' title="bbox 1902 2603 3461 2674">
    <p class='ocr_par' dir='ltr' id='par_1_68' title="bbox 1902 2603 3461 2674">
     <span class='ocr_line' id='line_1_68' title="bbox 1902 2603 3461 2674; baseline 0 -17"><span class='ocrx_word' id='word_1_454' title='bbox 1902 2603 2118 2658; x_wconf 86' lang='lat' dir='ltr'><strong>sitatem</strong></span> <span class='ocrx_word' id='word_1_455' title='bbox 2162 2605 2474 2662; x_wconf 87' lang='lat' dir='ltr'><strong>inventione</strong></span> <span class='ocrx_word' id='word_1_456' title='bbox 2519 2621 2584 2661; x_wconf 91' lang='lat' dir='ltr'><strong>ac</strong></span> <span class='ocrx_word' id='word_1_457' title='bbox 2639 2607 2999 2662; x_wconf 83' lang='lat' dir='ltr'><strong>dissolutione</strong></span> <span class='ocrx_word' id='word_1_458' title='bbox 3040 2607 3228 2662; x_wconf 85' lang='lat' dir='ltr'><strong>sedare</strong></span> <span class='ocrx_word' id='word_1_459' title='bbox 3263 2612 3461 2674; x_wconf 87' lang='lat' dir='ltr'><strong>potest,</strong></span> 
     </span>
    </p>
   </div>
   <div class='ocr_carea' id='block_1_69' title="bbox 1899 2694 3462 2766">
    <p class='ocr_par' dir='ltr' id='par_1_69' title="bbox 1899 2694 3462 2766">
     <span class='ocr_line' id='line_1_69' title="bbox 1899 2694 3462 2766; baseline 0.001 -17"><span class='ocrx_word' id='word_1_460' title='bbox 1899 2694 2158 2765; x_wconf 85' lang='lat' dir='ltr'><strong>deinceps</strong></span> <span class='ocrx_word' id='word_1_461' title='bbox 2211 2706 2434 2766; x_wconf 87' lang='lat' dir='ltr'><strong>propter</strong></span> <span class='ocrx_word' id='word_1_462' title='bbox 2489 2697 2856 2754; x_wconf 85' lang='lat' dir='ltr'><strong>infirmitatem</strong></span> <span class='ocrx_word' id='word_1_463' title='bbox 2913 2713 3136 2756; x_wconf 86' lang='lat' dir='ltr'><strong>suarum</strong></span> <span class='ocrx_word' id='word_1_464' title='bbox 3179 2697 3462 2766; x_wconf 79' lang='lat' dir='ltr'><strong>cogitatio-</strong></span> 
     </span>
    </p>
   </div>
   <div class='ocr_carea' id='block_1_70' title="bbox 1898 2788 3464 2856">
    <p class='ocr_par' dir='ltr' id='par_1_70' title="bbox 1898 2788 3464 2856">
     <span class='ocr_line' id='line_1_70' title="bbox 1898 2788 3464 2856; baseline 0.003 -18"><span class='ocrx_word' id='word_1_465' title='bbox 1898 2799 2029 2840; x_wconf 88' lang='lat' dir='ltr'><strong>num</strong></span> <span class='ocrx_word' id='word_1_466' title='bbox 2055 2793 2110 2841; x_wconf 91' lang='lat' dir='ltr'><strong>et</strong></span> <span class='ocrx_word' id='word_1_467' title='bbox 2135 2801 2396 2842; x_wconf 88' lang='lat' dir='ltr'><strong>sensuum</strong></span> <span class='ocrx_word' id='word_1_468' title='bbox 2424 2788 2596 2844; x_wconf 85' lang='lat' dir='ltr'><strong>tendit</strong></span> <span class='ocrx_word' id='word_1_469' title='bbox 2635 2788 2702 2844; x_wconf 90' lang='lat' dir='ltr'><strong>ad</strong></span> <span class='ocrx_word' id='word_1_470' title='bbox 2753 2789 3206 2851; x_wconf 83' lang='lat' dir='ltr'><strong>incrudelitatem,</strong></span> <span class='ocrx_word' id='word_1_471' title='bbox 3237 2788 3464 2856; x_wconf 71' lang='lat' dir='ltr'><strong>eiiciens</strong></span> 
     </span>
    </p>
   </div>
   <div class='ocr_carea' id='block_1_71' title="bbox 1897 2876 3463 2948">
    <p class='ocr_par' dir='ltr' id='par_1_71' title="bbox 1897 2876 3463 2948">
     <span class='ocr_line' id='line_1_71' title="bbox 1897 2876 3463 2948; baseline 0.001 -20"><span class='ocrx_word' id='word_1_472' title='bbox 1897 2884 1952 2929; x_wconf 88' lang='lat' dir='ltr'><strong>et</strong></span> <span class='ocrx_word' id='word_1_473' title='bbox 1990 2876 2290 2946; x_wconf 87' lang='lat' dir='ltr'><strong>reprobans</strong></span> <span class='ocrx_word' id='word_1_474' title='bbox 2327 2893 2510 2934; x_wconf 88' lang='lat' dir='ltr'><strong>rerum</strong></span> <span class='ocrx_word' id='word_1_475' title='bbox 2543 2881 2842 2936; x_wconf 86' lang='lat' dir='ltr'><strong>veritatem.</strong></span> <span class='ocrx_word' id='word_1_476' title='bbox 2893 2879 3180 2934; x_wconf 85' lang='lat' dir='ltr'><strong>Enimvero</strong></span> <span class='ocrx_word' id='word_1_477' title='bbox 3207 2879 3463 2948; x_wconf 89' lang='lat' dir='ltr'><strong>quoniam</strong></span> 
     </span>
    </p>
   </div>
   <div class='ocr_carea' id='block_1_72' title="bbox 1898 2969 3464 3041">
    <p class='ocr_par' dir='ltr' id='par_1_72' title="bbox 1898 2969 3464 3041">
     <span class='ocr_line' id='line_1_72' title="bbox 1898 2969 3464 3041; baseline 0.001 -20"><span class='ocrx_word' id='word_1_478' title='bbox 1898 2980 2064 3022; x_wconf 80' lang='lat' dir='ltr'><strong>cursu</strong></span> <span class='ocrx_word' id='word_1_479' title='bbox 2121 2983 2224 3024; x_wconf 92' lang='lat' dir='ltr'><strong>suo</strong></span> <span class='ocrx_word' id='word_1_480' title='bbox 2261 2970 2617 3041; x_wconf 82' lang='lat' dir='ltr'><strong>progrediens</strong></span> <span class='ocrx_word' id='word_1_481' title='bbox 2659 2972 2838 3028; x_wconf 88' lang='lat' dir='ltr'><strong>oratio</strong></span> <span class='ocrx_word' id='word_1_482' title='bbox 2889 2971 2956 3027; x_wconf 86' lang='lat' dir='ltr'><strong>ad</strong></span> <span class='ocrx_word' id='word_1_483' title='bbox 3000 2986 3144 3036; x_wconf 89' lang='lat' dir='ltr'><strong>eam,</strong></span> <span class='ocrx_word' id='word_1_484' title='bbox 3189 2985 3308 3040; x_wconf 73' lang='lat' dir='ltr'><strong>quae</strong></span> <span class='ocrx_word' id='word_1_485' title='bbox 3357 2969 3464 3023; x_wconf 86' lang='lat' dir='ltr'><strong>fre-</strong></span> 
     </span>
    </p>
   </div>
   <div class='ocr_carea' id='block_1_73' title="bbox 1898 3061 3466 3132">
    <p class='ocr_par' dir='ltr' id='par_1_73' title="bbox 1898 3061 3466 3132">
     <span class='ocr_line' id='line_1_73' title="bbox 1898 3061 3466 3132; baseline -0.001 -20"><span class='ocrx_word' id='word_1_486' title='bbox 1898 3068 2130 3127; x_wconf 89' lang='lat' dir='ltr'><strong>quenter</strong></span> <span class='ocrx_word' id='word_1_487' title='bbox 2162 3067 2452 3124; x_wconf 87' lang='lat' dir='ltr'><strong>tractatur,</strong></span> <span class='ocrx_word' id='word_1_488' title='bbox 2499 3062 2857 3131; x_wconf 71' lang='lat' dir='ltr'><strong>quaestionem,</strong></span> <span class='ocrx_word' id='word_1_489' title='bbox 2890 3061 3153 3132; x_wconf 89' lang='lat' dir='ltr'><strong>pervenit,</strong></span> <span class='ocrx_word' id='word_1_490' title='bbox 3190 3069 3353 3128; x_wconf 89' lang='lat' dir='ltr'><strong>atque</strong></span> <span class='ocrx_word' id='word_1_491' title='bbox 3376 3073 3466 3112; x_wconf 88' lang='lat' dir='ltr'><strong>ar-</strong></span> 
     </span>
    </p>
   </div>
   <div class='ocr_carea' id='block_1_74' title="bbox 1896 3149 3463 3222">
    <p class='ocr_par' dir='ltr' id='par_1_74' title="bbox 1896 3149 3463 3222">
     <span class='ocr_line' id='line_1_74' title="bbox 1896 3149 3463 3222; baseline 0 -20"><span class='ocrx_word' id='word_1_492' title='bbox 1896 3158 2215 3218; x_wconf 87' lang='lat' dir='ltr'><strong>gumentum</strong></span> <span class='ocrx_word' id='word_1_493' title='bbox 2245 3165 2353 3206; x_wconf 92' lang='lat' dir='ltr'><strong>non</strong></span> <span class='ocrx_word' id='word_1_494' title='bbox 2391 3151 2652 3215; x_wconf 89' lang='lat' dir='ltr'><strong>alienum,</strong></span> <span class='ocrx_word' id='word_1_495' title='bbox 2702 3153 2796 3210; x_wconf 89' lang='lat' dir='ltr'><strong>sed</strong></span> <span class='ocrx_word' id='word_1_496' title='bbox 2842 3153 3123 3222; x_wconf 85' lang='lat' dir='ltr'><strong>proprium</strong></span> <span class='ocrx_word' id='word_1_497' title='bbox 3161 3151 3323 3219; x_wconf 88' lang='lat' dir='ltr'><strong>hujus</strong></span> <span class='ocrx_word' id='word_1_498' title='bbox 3356 3149 3463 3203; x_wconf 89' lang='lat' dir='ltr'><strong>diei</strong></span> 
     </span>
    </p>
   </div>
   <div class='ocr_carea' id='block_1_75' title="bbox 1898 3239 3463 3312">
    <p class='ocr_par' dir='ltr' id='par_1_75' title="bbox 1898 3239 3463 3312">
     <span class='ocr_line' id='line_1_75' title="bbox 1898 3239 3463 3312; baseline 0 -19"><span class='ocrx_word' id='word_1_499' title='bbox 1898 3239 2019 3296; x_wconf 88' lang='lat' dir='ltr'><strong>festi</strong></span> <span class='ocrx_word' id='word_1_500' title='bbox 2047 3249 2160 3306; x_wconf 90' lang='lat' dir='ltr'><strong>est;</strong></span> <span class='ocrx_word' id='word_1_501' title='bbox 2203 3257 2304 3311; x_wconf 86' lang='lat' dir='ltr'><strong>age</strong></span> <span class='ocrx_word' id='word_1_502' title='bbox 2363 3242 2643 3312; x_wconf 87' lang='lat' dir='ltr'><strong>paululum</strong></span> <span class='ocrx_word' id='word_1_503' title='bbox 2691 3243 2759 3297; x_wconf 89' lang='lat' dir='ltr'><strong>ad</strong></span> <span class='ocrx_word' id='word_1_504' title='bbox 2799 3243 3012 3302; x_wconf 87' lang='lat' dir='ltr'><strong>initium</strong></span> <span class='ocrx_word' id='word_1_505' title='bbox 3063 3243 3188 3299; x_wconf 84' lang='lat' dir='ltr'><strong>huic</strong></span> <span class='ocrx_word' id='word_1_506' title='bbox 3217 3242 3463 3310; x_wconf 76' lang='lat' dir='ltr'><strong>disputa~</strong></span> 
     </span>
    </p>
   </div>
   <div class='ocr_carea' id='block_1_76' title="bbox 1895 3330 3463 3403">
    <p class='ocr_par' dir='ltr' id='par_1_76' title="bbox 1895 3330 3463 3403">
     <span class='ocr_line' id='line_1_76' title="bbox 1895 3330 3463 3403; baseline -0.001 -17"><span class='ocrx_word' id='word_1_507' title='bbox 1895 3330 2030 3386; x_wconf 89' lang='lat' dir='ltr'><strong>tioni</strong></span> <span class='ocrx_word' id='word_1_508' title='bbox 2054 3342 2236 3402; x_wconf 90' lang='lat' dir='ltr'><strong>aptum</strong></span> <span class='ocrx_word' id='word_1_509' title='bbox 2268 3339 2432 3402; x_wconf 84' lang='lat' dir='ltr'><strong>atque</strong></span> <span class='ocrx_word' id='word_1_510' title='bbox 2465 3333 2799 3388; x_wconf 87' lang='lat' dir='ltr'><strong>conveniens</strong></span> <span class='ocrx_word' id='word_1_511' title='bbox 2827 3332 3182 3403; x_wconf 66' lang='lat' dir='ltr'><strong>quaestionem</strong></span> <span class='ocrx_word' id='word_1_512' title='bbox 3210 3331 3463 3402; x_wconf 82' lang='lat' dir='ltr'><strong>proposi-</strong></span> 
     </span>
    </p>
   </div>
   <div class='ocr_carea' id='block_1_77' title="bbox 1893 3423 3463 3494">
    <p class='ocr_par' dir='ltr' id='par_1_77' title="bbox 1893 3423 3463 3494">
     <span class='ocr_line' id='line_1_77' title="bbox 1893 3423 3463 3494; baseline 0.001 -20"><span class='ocrx_word' id='word_1_513' title='bbox 1893 3428 2003 3476; x_wconf 85' lang='lat' dir='ltr'><strong>tam</strong></span> <span class='ocrx_word' id='word_1_514' title='bbox 2033 3433 2375 3487; x_wconf 79' lang='lat' dir='ltr'><strong>revocantes.</strong></span> <span class='ocrx_word' id='word_1_515' title='bbox 2409 3430 2616 3480; x_wconf 86' lang='lat' dir='ltr'><strong>certam</strong></span> <span class='ocrx_word' id='word_1_516' title='bbox 2661 3424 3070 3494; x_wconf 84' lang='lat' dir='ltr'><strong>persuasionem</strong></span> <span class='ocrx_word' id='word_1_517' title='bbox 3112 3423 3370 3480; x_wconf 78' lang='lat' dir='ltr'><strong>inducere</strong></span> <span class='ocrx_word' id='word_1_518' title='bbox 3398 3437 3463 3476; x_wconf 87' lang='lat' dir='ltr'><strong>ac</strong></span> 
     </span>
    </p>
   </div>
   <div class='ocr_carea' id='block_1_78' title="bbox 1892 3511 3461 3587">
    <p class='ocr_par' dir='ltr' id='par_1_78' title="bbox 1892 3511 3461 3587">
     <span class='ocr_line' id='line_1_78' title="bbox 1892 3511 3461 3587; baseline -0.001 -20"><span class='ocrx_word' id='word_1_519' title='bbox 1892 3511 2055 3569; x_wconf 79' lang='lat' dir='ltr'><strong>fidem</strong></span> <span class='ocrx_word' id='word_1_520' title='bbox 2078 3513 2258 3570; x_wconf 89' lang='lat' dir='ltr'><strong>facere</strong></span> <span class='ocrx_word' id='word_1_521' title='bbox 2297 3530 2561 3586; x_wconf 85' lang='lat' dir='ltr'><strong>conemur</strong></span> <span class='ocrx_word' id='word_1_522' title='bbox 2611 3516 2700 3583; x_wconf 90' lang='lat' dir='ltr'><strong>iis,</strong></span> <span class='ocrx_word' id='word_1_523' title='bbox 2734 3517 2827 3587; x_wconf 89' lang='lat' dir='ltr'><strong>qui</strong></span> <span class='ocrx_word' id='word_1_524' title='bbox 2857 3530 3142 3586; x_wconf 84' lang='lat' dir='ltr'><strong>perperam</strong></span> <span class='ocrx_word' id='word_1_525' title='bbox 3180 3515 3461 3584; x_wconf 79' lang='lat' dir='ltr'><strong>ambigunt</strong></span> 
     </span>
    </p>
   </div>
   <div class='ocr_carea' id='block_1_79' title="bbox 1892 3602 3460 3666">
    <p class='ocr_par' dir='ltr' id='par_1_79' title="bbox 1892 3602 3460 3666">
     <span class='ocr_line' id='line_1_79' title="bbox 1892 3602 3460 3666; baseline 0 -8"><span class='ocrx_word' id='word_1_526' title='bbox 1892 3602 1960 3659; x_wconf 91' lang='lat' dir='ltr'><strong>de</strong></span> <span class='ocrx_word' id='word_1_527' title='bbox 1992 3606 2158 3661; x_wconf 88' lang='lat' dir='ltr'><strong>rebus</strong></span> <span class='ocrx_word' id='word_1_528' title='bbox 2216 3606 2541 3663; x_wconf 81' lang='lat' dir='ltr'><strong>manifestis.</strong></span> <span class='ocrx_word' id='word_1_529' title='bbox 2599 3608 2822 3663; x_wconf 88' lang='lat' dir='ltr'><strong>Creator</strong></span> <span class='ocrx_word' id='word_1_530' title='bbox 2852 3621 3034 3666; x_wconf 85' lang='lat' dir='ltr'><strong>rerum</strong></span> <span class='ocrx_word' id='word_1_531' title='bbox 3083 3604 3460 3664; x_wconf 88' lang='lat' dir='ltr'><strong>universarum</strong></span> 
     </span>
    </p>
   </div>
   <div class='ocr_carea' id='block_1_80' title="bbox 1893 3694 3463 3765">
    <p class='ocr_par' dir='ltr' id='par_1_80' title="bbox 1893 3694 3463 3765">
     <span class='ocr_line' id='line_1_80' title="bbox 1893 3694 3463 3765; baseline 0 -15"><span class='ocrx_word' id='word_1_532' title='bbox 1893 3709 2016 3750; x_wconf 89' lang='lat' dir='ltr'><strong>cum</strong></span> <span class='ocrx_word' id='word_1_533' title='bbox 2071 3697 2355 3752; x_wconf 87' lang='lat' dir='ltr'><strong>statuisset</strong></span> <span class='ocrx_word' id='word_1_534' title='bbox 2386 3697 2660 3752; x_wconf 88' lang='lat' dir='ltr'><strong>hominem</strong></span> <span class='ocrx_word' id='word_1_535' title='bbox 2717 3712 2924 3761; x_wconf 83' lang='lat' dir='ltr'><strong>creare,</strong></span> <span class='ocrx_word' id='word_1_536' title='bbox 2968 3711 3073 3753; x_wconf 89' lang='lat' dir='ltr'><strong>non</strong></span> <span class='ocrx_word' id='word_1_537' title='bbox 3121 3695 3267 3765; x_wconf 90' lang='lat' dir='ltr'><strong>quod</strong></span> <span class='ocrx_word' id='word_1_538' title='bbox 3304 3694 3463 3750; x_wconf 80' lang='lat' dir='ltr'><strong>facile</strong></span> 
     </span>
    </p>
   </div>
   <div class='ocr_carea' id='block_1_81' title="bbox 1893 3785 3546 3864">
    <p class='ocr_par' dir='ltr' id='par_1_81' title="bbox 1893 3785 3546 3864">
     <span class='ocr_line' id='line_1_81' title="bbox 1893 3785 3546 3864; baseline -0.001 -23"><span class='ocrx_word' id='word_1_539' title='bbox 1893 3787 2168 3842; x_wconf 87' lang='lat' dir='ltr'><strong>contemni</strong></span> <span class='ocrx_word' id='word_1_540' title='bbox 2197 3795 2402 3856; x_wconf 84' lang='lat' dir='ltr'><strong>posset,</strong></span> <span class='ocrx_word' id='word_1_541' title='bbox 2431 3787 2526 3845; x_wconf 86' lang='lat' dir='ltr'><strong>sed</strong></span> <span class='ocrx_word' id='word_1_542' title='bbox 2552 3787 2695 3859; x_wconf 88' lang='lat' dir='ltr'><strong>quod</strong></span> <span class='ocrx_word' id='word_1_543' title='bbox 2741 3788 2955 3844; x_wconf 69' lang='lat' dir='ltr'><strong>caeteris</strong></span> <span class='ocrx_word' id='word_1_544' title='bbox 2997 3787 3251 3864; x_wconf 83' lang='lat' dir='ltr'><strong>omnibus</strong></span> <span class='ocrx_word' id='word_1_545' title='bbox 3279 3785 3460 3860; x_wconf 85' lang='lat' dir='ltr'><strong>digui-</strong></span> <span class='ocrx_word' id='word_1_546' title='bbox 3532 3833 3546 3847; x_wconf 87' lang='grc'><strong>,</strong></span> 
     </span>
    </p>
   </div>
   <div class='ocr_carea' id='block_1_82' title="bbox 1894 3876 3461 3949">
    <p class='ocr_par' dir='ltr' id='par_1_82' title="bbox 1894 3876 3461 3949">
     <span class='ocr_line' id='line_1_82' title="bbox 1894 3876 3461 3949; baseline 0 -18"><span class='ocrx_word' id='word_1_547' title='bbox 1894 3886 2004 3935; x_wconf 91' lang='lat' dir='ltr'><strong>tate</strong></span> <span class='ocrx_word' id='word_1_548' title='bbox 2034 3887 2338 3948; x_wconf 65' lang='lat' dir='ltr'><strong>praestaret,</strong></span> <span class='ocrx_word' id='word_1_549' title='bbox 2379 3879 2579 3934; x_wconf 88' lang='lat' dir='ltr'><strong>animal</strong></span> <span class='ocrx_word' id='word_1_550' title='bbox 2624 3881 2680 3934; x_wconf 94' lang='lat' dir='ltr'><strong>in</strong></span> <span class='ocrx_word' id='word_1_551' title='bbox 2735 3895 2913 3936; x_wconf 90' lang='lat' dir='ltr'><strong>rerum</strong></span> <span class='ocrx_word' id='word_1_552' title='bbox 2947 3887 3197 3936; x_wconf 89' lang='lat' dir='ltr'><strong>naturam</strong></span> <span class='ocrx_word' id='word_1_553' title='bbox 3255 3876 3461 3949; x_wconf 88' lang='lat' dir='ltr'><strong>produ-</strong></span> 
     </span>
    </p>
   </div>
   <div class='ocr_carea' id='block_1_83' title="bbox 1892 3971 3460 4042">
    <p class='ocr_par' dir='ltr' id='par_1_83' title="bbox 1892 3971 3460 4042">
     <span class='ocr_line' id='line_1_83' title="bbox 1892 3971 3460 4042; baseline -0.001 -18"><span class='ocrx_word' id='word_1_554' title='bbox 1892 3971 1993 4036; x_wconf 76' lang='lat' dir='ltr'><strong>xit,</strong></span> <span class='ocrx_word' id='word_1_555' title='bbox 2048 3971 2280 4042; x_wconf 89' lang='lat' dir='ltr'><strong>ejusque</strong></span> <span class='ocrx_word' id='word_1_556' title='bbox 2337 3987 2459 4042; x_wconf 73' lang='lat' dir='ltr'><strong>quae</strong></span> <span class='ocrx_word' id='word_1_557' title='bbox 2522 3972 2625 4028; x_wconf 87' lang='lat' dir='ltr'><strong>sub</strong></span> <span class='ocrx_word' id='word_1_558' title='bbox 2682 3972 2823 4028; x_wconf 73' lang='lat' dir='ltr'><strong>coelo</strong></span> <span class='ocrx_word' id='word_1_559' title='bbox 2875 3981 2978 4036; x_wconf 92' lang='lat' dir='ltr'><strong>est,</strong></span> <span class='ocrx_word' id='word_1_560' title='bbox 3046 3977 3312 4026; x_wconf 78' lang='lat' dir='ltr'><strong>creaturae</strong></span> <span class='ocrx_word' id='word_1_561' title='bbox 3375 3983 3460 4023; x_wconf 60' lang='lat' dir='ltr'><strong>re-</strong></span> 
     </span>
    </p>
   </div>
   <div class='ocr_carea' id='block_1_84' title="bbox 1892 4063 3461 4134">
    <p class='ocr_par' dir='ltr' id='par_1_84' title="bbox 1892 4063 3461 4134">
     <span class='ocr_line' id='line_1_84' title="bbox 1892 4063 3461 4134; baseline -0.003 -16"><span class='ocrx_word' id='word_1_562' title='bbox 1892 4078 2012 4132; x_wconf 78' lang='lat' dir='ltr'><strong>gem</strong></span> <span class='ocrx_word' id='word_1_563' title='bbox 2069 4064 2397 4134; x_wconf 82' lang='lat' dir='ltr'><strong>designavit.</strong></span> <span class='ocrx_word' id='word_1_564' title='bbox 2454 4063 2569 4119; x_wconf 75' lang='lat' dir='ltr'><strong>Hoc</strong></span> <span class='ocrx_word' id='word_1_565' title='bbox 2610 4080 2735 4120; x_wconf 91' lang='lat' dir='ltr'><strong>cum</strong></span> <span class='ocrx_word' id='word_1_566' title='bbox 2794 4065 2980 4118; x_wconf 91' lang='lat' dir='ltr'><strong>animo</strong></span> <span class='ocrx_word' id='word_1_567' title='bbox 3021 4063 3376 4126; x_wconf 87' lang='lat' dir='ltr'><strong>destinasset,</strong></span> <span class='ocrx_word' id='word_1_568' title='bbox 3407 4069 3461 4115; x_wconf 91' lang='lat' dir='ltr'><strong>et</strong></span> 
     </span>
    </p>
   </div>
   <div class='ocr_carea' id='block_1_85' title="bbox 1894 4151 3461 4224">
    <p class='ocr_par' dir='ltr' id='par_1_85' title="bbox 1894 4151 3461 4224">
     <span class='ocr_line' id='line_1_85' title="bbox 1894 4151 3461 4224; baseline -0.001 -19"><span class='ocrx_word' id='word_1_569' title='bbox 1894 4152 2056 4207; x_wconf 86' lang='lat' dir='ltr'><strong>talem</strong></span> <span class='ocrx_word' id='word_1_570' title='bbox 2087 4153 2406 4223; x_wconf 83' lang='lat' dir='ltr'><strong>perfecisset</strong></span> <span class='ocrx_word' id='word_1_571' title='bbox 2447 4155 2714 4224; x_wconf 85' lang='lat' dir='ltr'><strong>sapientia</strong></span> <span class='ocrx_word' id='word_1_572' title='bbox 2744 4154 3027 4224; x_wconf 90' lang='lat' dir='ltr'><strong>formaque</strong></span> <span class='ocrx_word' id='word_1_573' title='bbox 3055 4153 3239 4218; x_wconf 85' lang='lat' dir='ltr'><strong>divina</strong></span> <span class='ocrx_word' id='word_1_574' title='bbox 3268 4151 3461 4222; x_wconf 82' lang='lat' dir='ltr'><strong>praedi-</strong></span> 
     </span>
    </p>
   </div>
   <div class='ocr_carea' id='block_1_86' title="bbox 1893 4244 3460 4316">
    <p class='ocr_par' dir='ltr' id='par_1_86' title="bbox 1893 4244 3460 4316">
     <span class='ocr_line' id='line_1_86' title="bbox 1893 4244 3460 4316; baseline 0.001 -19"><span class='ocrx_word' id='word_1_575' title='bbox 1893 4253 2032 4306; x_wconf 91' lang='lat' dir='ltr'><strong>tum,</strong></span> <span class='ocrx_word' id='word_1_576' title='bbox 2059 4258 2125 4298; x_wconf 88' lang='lat' dir='ltr'><strong>ac</strong></span> <span class='ocrx_word' id='word_1_577' title='bbox 2152 4244 2319 4299; x_wconf 89' lang='lat' dir='ltr'><strong>multa</strong></span> <span class='ocrx_word' id='word_1_578' title='bbox 2356 4247 2533 4316; x_wconf 85' lang='lat' dir='ltr'><strong>gratia</strong></span> <span class='ocrx_word' id='word_1_579' title='bbox 2568 4253 2731 4314; x_wconf 87' lang='lat' dir='ltr'><strong>atque</strong></span> <span class='ocrx_word' id='word_1_580' title='bbox 2768 4246 2966 4302; x_wconf 89' lang='lat' dir='ltr'><strong>decore</strong></span> <span class='ocrx_word' id='word_1_581' title='bbox 2996 4252 3272 4306; x_wconf 82' lang='lat' dir='ltr'><strong>ornatum,</strong></span> <span class='ocrx_word' id='word_1_582' title='bbox 3301 4258 3460 4298; x_wconf 87' lang='lat' dir='ltr'><strong>num-</strong></span> 
     </span>
    </p>
   </div>
   <div class='ocr_carea' id='block_1_87' title="bbox 1890 4333 3460 4406">
    <p class='ocr_par' dir='ltr' id='par_1_87' title="bbox 1890 4333 3460 4406">
     <span class='ocr_line' id='line_1_87' title="bbox 1890 4333 3460 4406; baseline -0.003 -16"><span class='ocrx_word' id='word_1_583' title='bbox 1890 4334 2022 4406; x_wconf 84' lang='lat' dir='ltr'><strong>quid</strong></span> <span class='ocrx_word' id='word_1_584' title='bbox 2047 4349 2115 4391; x_wconf 92' lang='lat' dir='ltr'><strong>eo</strong></span> <span class='ocrx_word' id='word_1_585' title='bbox 2152 4335 2381 4389; x_wconf 83' lang='lat' dir='ltr'><strong>consilio</strong></span> <span class='ocrx_word' id='word_1_586' title='bbox 2429 4335 2580 4390; x_wconf 90' lang='lat' dir='ltr'><strong>illum</strong></span> <span class='ocrx_word' id='word_1_587' title='bbox 2631 4335 2686 4389; x_wconf 91' lang='lat' dir='ltr'><strong>in</strong></span> <span class='ocrx_word' id='word_1_588' title='bbox 2737 4349 2920 4388; x_wconf 88' lang='lat' dir='ltr'><strong>rerum</strong></span> <span class='ocrx_word' id='word_1_589' title='bbox 2957 4342 3209 4388; x_wconf 90' lang='lat' dir='ltr'><strong>naturam</strong></span> <span class='ocrx_word' id='word_1_590' title='bbox 3257 4333 3460 4402; x_wconf 85' lang='lat' dir='ltr'><strong>produ-</strong></span> 
     </span>
    </p>
   </div>
   <div class='ocr_carea' id='block_1_88' title="bbox 1892 4425 3462 4497">
    <p class='ocr_par' dir='ltr' id='par_1_88' title="bbox 1892 4425 3462 4497">
     <span class='ocr_line' id='line_1_88' title="bbox 1892 4425 3462 4497; baseline -0.001 -17"><span class='ocrx_word' id='word_1_591' title='bbox 1892 4427 1991 4490; x_wconf 78' lang='lat' dir='ltr'><strong>xit,</strong></span> <span class='ocrx_word' id='word_1_592' title='bbox 2022 4434 2082 4481; x_wconf 89' lang='lat' dir='ltr'><strong>ut</strong></span> <span class='ocrx_word' id='word_1_593' title='bbox 2109 4427 2326 4496; x_wconf 82' lang='lat' dir='ltr'><strong>genitus</strong></span> <span class='ocrx_word' id='word_1_594' title='bbox 2378 4435 2842 4497; x_wconf 86' lang='lat' dir='ltr'><strong>corrumperetur,</strong></span> <span class='ocrx_word' id='word_1_595' title='bbox 2882 4434 2936 4481; x_wconf 91' lang='lat' dir='ltr'><strong>et</strong></span> <span class='ocrx_word' id='word_1_596' title='bbox 2971 4434 3273 4482; x_wconf 77' lang='lat' dir='ltr'><strong>extremum</strong></span> <span class='ocrx_word' id='word_1_597' title='bbox 3308 4425 3462 4481; x_wconf 89' lang='lat' dir='ltr'><strong>subi-</strong></span> 
     </span>
    </p>
   </div>
   <div class='ocr_carea' id='block_1_89' title="bbox 201 4494 1798 4586">
    <p class='ocr_par' dir='ltr' id='par_1_89' title="bbox 201 4494 1786 4586">
     <span class='ocr_line' id='line_1_89' title="bbox 201 4494 1786 4586; baseline 0.015 -40"><span class='ocrx_word' id='word_1_598' title='bbox 201 4494 493 4568; x_wconf 66' lang='grc' dir='ltr'>ἐπιστήμῃ</span> <span class='ocrx_word' id='word_1_599' title='bbox 542 4499 973 4571; x_wconf 78' lang='grc' dir='ltr'>κατεκόσμησεν,</span> <span class='ocrx_word' id='word_1_600' title='bbox 1007 4503 1066 4566; x_wconf 77' lang='grc' dir='ltr'>ὃς</span> <span class='ocrx_word' id='word_1_601' title='bbox 1105 4505 1186 4569; x_wconf 84' lang='grc' dir='ltr'>είς</span> <span class='ocrx_word' id='word_1_602' title='bbox 1237 4506 1334 4578; x_wconf 78' lang='grc' dir='ltr'>τὴν</span> <span class='ocrx_word' id='word_1_603' title='bbox 1375 4509 1608 4581; x_wconf 80' lang='grc' dir='ltr'>ἀρχαίαν</span> <span class='ocrx_word' id='word_1_604' title='bbox 1639 4515 1786 4586; x_wconf 77' lang='grc' dir='ltr'>ἡμᾶς</span> 
     </span>
    </p>
   </div>
   <div class='ocr_carea' id='block_1_90' title="bbox 1902 4494 3456 4586">
    <p class='ocr_par' dir='ltr' id='par_1_90' title="bbox 1902 4494 3456 4586">
     <span class='ocr_line' id='line_1_90' title="bbox 1902 4494 3456 4586; baseline -0.001 -15"><span class='ocrx_word' id='word_1_605' title='bbox 1902 4525 1973 4572; x_wconf 82' lang='lat' dir='ltr'><strong>ret</strong></span> <span class='ocrx_word' id='word_1_606' title='bbox 2021 4494 2338 4574; x_wconf 77' lang='lat' dir='ltr'><strong>interitum?</strong></span> <span class='ocrx_word' id='word_1_607' title='bbox 2379 4517 2447 4572; x_wconf 76' lang='lat' dir='ltr'><strong>At</strong></span> <span class='ocrx_word' id='word_1_608' title='bbox 2494 4494 2692 4573; x_wconf 81' lang='lat' dir='ltr'><strong>vanum</strong></span> <span class='ocrx_word' id='word_1_609' title='bbox 2733 4518 2787 4573; x_wconf 89' lang='lat' dir='ltr'><strong>id</strong></span> <span class='ocrx_word' id='word_1_610' title='bbox 2845 4517 3160 4582; x_wconf 88' lang='lat' dir='ltr'><strong>consilium,</strong></span> <span class='ocrx_word' id='word_1_611' title='bbox 3217 4517 3456 4586; x_wconf 89' lang='lat' dir='ltr'><strong>ineptum</strong></span> 
     </span>
    </p>
   </div>
   <div class='ocr_carea' id='block_1_91' title="bbox 198 4586 1254 4657">
    <p class='ocr_par' dir='ltr' id='par_1_91' title="bbox 198 4586 1254 4657">
     <span class='ocr_line' id='line_1_91' title="bbox 198 4586 1254 4657; baseline 0.011 -18"><span class='ocrx_word' id='word_1_612' title='bbox 198 4586 505 4657; x_wconf 72' lang='grc' dir='ltr'>εὐδόκησιν</span> <span class='ocrx_word' id='word_1_613' title='bbox 535 4591 881 4648; x_wconf 83' lang='grc' dir='ltr'>ἀνακαινίσαι</span> <span class='ocrx_word' id='word_1_614' title='bbox 904 4595 1254 4651; x_wconf 82' lang='grc' dir='ltr'>κατάστασιν.</span> 
     </span>
    </p>
   </div>
   <div class='ocr_carea' id='block_1_92' title="bbox 1889 4607 3459 4681">
    <p class='ocr_par' dir='ltr' id='par_1_92' title="bbox 1889 4607 3459 4681">
     <span class='ocr_line' id='line_1_92' title="bbox 1889 4607 3459 4681; baseline -0.001 -18"><span class='ocrx_word' id='word_1_615' title='bbox 1889 4611 2228 4681; x_wconf 86' lang='lat' dir='ltr'><strong>propositum</strong></span> <span class='ocrx_word' id='word_1_616' title='bbox 2263 4616 2320 4665; x_wconf 90' lang='lat' dir='ltr'><strong>et</strong></span> <span class='ocrx_word' id='word_1_617' title='bbox 2358 4608 2598 4665; x_wconf 88' lang='lat' dir='ltr'><strong>absurda</strong></span> <span class='ocrx_word' id='word_1_618' title='bbox 2642 4610 2840 4665; x_wconf 87' lang='lat' dir='ltr'><strong>fuisset</strong></span> <span class='ocrx_word' id='word_1_619' title='bbox 2883 4609 3159 4666; x_wconf 90' lang='lat' dir='ltr'><strong>intentio:</strong></span> <span class='ocrx_word' id='word_1_620' title='bbox 3199 4624 3264 4664; x_wconf 87' lang='lat' dir='ltr'><strong>ae</strong></span> <span class='ocrx_word' id='word_1_621' title='bbox 3296 4607 3459 4662; x_wconf 85' lang='lat' dir='ltr'><strong>vehe-</strong></span> 
     </span>
    </p>
   </div>
   <div class='ocr_carea' id='block_1_93' title="bbox 197 4683 3459 4772">
    <p class='ocr_par' dir='ltr' id='par_1_93' title="bbox 197 4683 3459 4772">
     <span class='ocr_line' id='line_1_93' title="bbox 197 4683 3459 4772; baseline 0.006 -39"><span class='ocrx_word' id='word_1_622' title='bbox 197 4688 423 4734; x_wconf 74' lang='lat' dir='ltr'><strong>ncnter</strong></span> <span class='ocrx_word' id='word_1_623' title='bbox 451 4696 588 4737; x_wconf 80' lang='lat' dir='ltr'><strong>sane</strong></span> <span class='ocrx_word' id='word_1_624' title='bbox 617 4683 836 4754; x_wconf 87' lang='lat' dir='ltr'><strong>indigna</strong></span> <span class='ocrx_word' id='word_1_625' title='bbox 865 4699 955 4741; x_wconf 89' lang='lat' dir='ltr'><strong>res</strong></span> <span class='ocrx_word' id='word_1_626' title='bbox 993 4693 1078 4741; x_wconf 85' lang='lat' dir='ltr'><strong>est</strong></span> <span class='ocrx_word' id='word_1_627' title='bbox 1108 4688 1271 4743; x_wconf 87' lang='lat' dir='ltr'><strong>talem</strong></span> <span class='ocrx_word' id='word_1_628' title='bbox 1299 4689 1686 4761; x_wconf 85' lang='lat' dir='ltr'><strong>cogitationem</strong></span> <span class='ocrx_word' id='word_1_629' title='bbox 1711 4698 1779 4753; x_wconf 89' lang='lat' dir='ltr'><strong>ad</strong></span> <span class='ocrx_word' id='word_1_630' title='bbox 1807 4700 1976 4756; x_wconf 91' lang='lat' dir='ltr'><strong>Deum</strong></span> <span class='ocrx_word' id='word_1_631' title='bbox 2019 4701 2245 4767; x_wconf 90' lang='lat' dir='ltr'><strong>referre,</strong></span> <span class='ocrx_word' id='word_1_632' title='bbox 2277 4709 2334 4756; x_wconf 83' lang='lat' dir='ltr'><strong>et</strong></span> <span class='ocrx_word' id='word_1_633' title='bbox 2361 4701 2672 4770; x_wconf 89' lang='lat' dir='ltr'><strong>hujusmodi</strong></span> <span class='ocrx_word' id='word_1_634' title='bbox 2705 4701 3004 4772; x_wconf 81' lang='lat' dir='ltr'><strong>quidquam</strong></span> <span class='ocrx_word' id='word_1_635' title='bbox 3043 4701 3110 4756; x_wconf 91' lang='lat' dir='ltr'><strong>de</strong></span> <span class='ocrx_word' id='word_1_636' title='bbox 3139 4717 3205 4758; x_wconf 89' lang='lat' dir='ltr'><strong>eo</strong></span> <span class='ocrx_word' id='word_1_637' title='bbox 3231 4703 3459 4757; x_wconf 88' lang='lat' dir='ltr'><strong>sentire.</strong></span> 
     </span>
    </p>
   </div>
   <div class='ocr_carea' id='block_1_94' title="bbox 201 4769 3459 4868">
    <p class='ocr_par' dir='ltr' id='par_1_94' title="bbox 201 4769 3459 4868">
     <span class='ocr_line' id='line_1_94' title="bbox 201 4769 3459 4868; baseline 0.008 -43"><span class='ocrx_word' id='word_1_638' title='bbox 201 4769 468 4829; x_wconf 78' lang='lat' dir='ltr'><strong>Puerulis</strong></span> <span class='ocrx_word' id='word_1_639' title='bbox 491 4776 637 4830; x_wconf 89' lang='lat' dir='ltr'><strong>enim</strong></span> <span class='ocrx_word' id='word_1_640' title='bbox 672 4777 772 4832; x_wconf 84' lang='lat' dir='ltr'><strong>hac</strong></span> <span class='ocrx_word' id='word_1_641' title='bbox 794 4778 1005 4834; x_wconf 88' lang='lat' dir='ltr'><strong>ratione</strong></span> <span class='ocrx_word' id='word_1_642' title='bbox 1026 4781 1362 4837; x_wconf 86' lang='lat' dir='ltr'><strong>assimilatur</strong></span> <span class='ocrx_word' id='word_1_643' title='bbox 1391 4787 1636 4845; x_wconf 83' lang='lat' dir='ltr'><strong>studiose</strong></span> <span class='ocrx_word' id='word_1_644' title='bbox 1658 4791 2082 4862; x_wconf 66' lang='lat' dir='ltr'><strong>aedificantibus,</strong></span> <span class='ocrx_word' id='word_1_645' title='bbox 2121 4807 2178 4851; x_wconf 89' lang='lat' dir='ltr'><strong>et</strong></span> <span class='ocrx_word' id='word_1_646' title='bbox 2203 4769 2454 4853; x_wconf 83' lang='lat' dir='ltr'><strong>celeriter</strong></span> <span class='ocrx_word' id='word_1_647' title='bbox 2480 4769 2813 4852; x_wconf 75' lang='lat' dir='ltr'><strong>structuram</strong></span> <span class='ocrx_word' id='word_1_648' title='bbox 2836 4769 3174 4853; x_wconf 78' lang='lat' dir='ltr'><strong>solventibus</strong></span> <span class='ocrx_word' id='word_1_649' title='bbox 3204 4816 3219 4852; x_wconf 90' lang='lat'><strong>:</strong></span> <span class='ocrx_word' id='word_1_650' title='bbox 3259 4800 3459 4868; x_wconf 79' lang='lat' dir='ltr'><strong>quippe</strong></span> 
     </span>
    </p>
   </div>
   <div class='ocr_carea' id='block_1_95' title="bbox 192 4862 3456 4958">
    <p class='ocr_par' dir='ltr' id='par_1_95' title="bbox 192 4862 3456 4958">
     <span class='ocr_line' id='line_1_95' title="bbox 192 4862 3456 4958; baseline 0.008 -43"><span class='ocrx_word' id='word_1_651' title='bbox 192 4862 420 4918; x_wconf 82' lang='lat' dir='ltr'><strong>nullum</strong></span> <span class='ocrx_word' id='word_1_652' title='bbox 449 4863 610 4921; x_wconf 81' lang='lat' dir='ltr'><strong>finem</strong></span> <span class='ocrx_word' id='word_1_653' title='bbox 634 4867 820 4923; x_wconf 88' lang='lat' dir='ltr'><strong>utilem</strong></span> <span class='ocrx_word' id='word_1_654' title='bbox 847 4879 1028 4925; x_wconf 83' lang='lat' dir='ltr'><strong>mente</strong></span> <span class='ocrx_word' id='word_1_655' title='bbox 1051 4885 1240 4926; x_wconf 90' lang='lat' dir='ltr'><strong>eorum</strong></span> <span class='ocrx_word' id='word_1_656' title='bbox 1265 4884 1564 4943; x_wconf 87' lang='lat' dir='ltr'><strong>spectante.</strong></span> <span class='ocrx_word' id='word_1_657' title='bbox 1590 4879 1940 4940; x_wconf 87' lang='lat' dir='ltr'><strong>Contrarium</strong></span> <span class='ocrx_word' id='word_1_658' title='bbox 1969 4893 2152 4941; x_wconf 89' lang='lat' dir='ltr'><strong>autem</strong></span> <span class='ocrx_word' id='word_1_659' title='bbox 2175 4902 2398 4957; x_wconf 83' lang='lat' dir='ltr'><strong>prorsus</strong></span> <span class='ocrx_word' id='word_1_660' title='bbox 2421 4885 2598 4942; x_wconf 88' lang='lat' dir='ltr'><strong>edocti</strong></span> <span class='ocrx_word' id='word_1_661' title='bbox 2632 4901 2842 4956; x_wconf 85' lang='lat' dir='ltr'><strong>sumus,</strong></span> <span class='ocrx_word' id='word_1_662' title='bbox 2866 4886 3122 4956; x_wconf 87' lang='lat' dir='ltr'><strong>quoniam</strong></span> <span class='ocrx_word' id='word_1_663' title='bbox 3144 4862 3456 4958; x_wconf 22' lang='lat' dir='ltr'><strong>eum—quiem</strong></span> 
     </span>
    </p>
   </div>
   <div class='ocr_carea' id='block_1_96' title="bbox 187 4961 3450 5055">
    <p class='ocr_par' dir='ltr' id='par_1_96' title="bbox 187 4961 3450 5055">
     <span class='ocr_line' id='line_1_96' title="bbox 187 4961 3450 5055; baseline 0.007 -41"><span class='ocrx_word' id='word_1_664' title='bbox 187 4961 446 5032; x_wconf 82' lang='lat' dir='ltr'><strong>primum</strong></span> <span class='ocrx_word' id='word_1_665' title='bbox 477 4961 652 5028; x_wconf 80' lang='lat' dir='ltr'><strong>finxit,</strong></span> <span class='ocrx_word' id='word_1_666' title='bbox 683 4963 1041 5022; x_wconf 88' lang='lat' dir='ltr'><strong>immortalem</strong></span> <span class='ocrx_word' id='word_1_667' title='bbox 1071 4969 1305 5036; x_wconf 89' lang='lat' dir='ltr'><strong>creavit;</strong></span> <span class='ocrx_word' id='word_1_668' title='bbox 1343 4985 1530 5027; x_wconf 88' lang='lat' dir='ltr'><strong>verum</strong></span> <span class='ocrx_word' id='word_1_669' title='bbox 1555 4989 1680 5030; x_wconf 90' lang='lat' dir='ltr'><strong>cum</strong></span> <span class='ocrx_word' id='word_1_670' title='bbox 1704 4987 1888 5047; x_wconf 89' lang='lat' dir='ltr'><strong>postea</strong></span> <span class='ocrx_word' id='word_1_671' title='bbox 1921 4984 2212 5038; x_wconf 89' lang='lat' dir='ltr'><strong>accidisset</strong></span> <span class='ocrx_word' id='word_1_672' title='bbox 2240 4983 2604 5054; x_wconf 79' lang='lat' dir='ltr'><strong>transgressio</strong></span> <span class='ocrx_word' id='word_1_673' title='bbox 2633 4991 2797 5053; x_wconf 89' lang='lat' dir='ltr'><strong>atque</strong></span> <span class='ocrx_word' id='word_1_674' title='bbox 2821 4992 3127 5055; x_wconf 88' lang='lat' dir='ltr'><strong>peccatum,</strong></span> <span class='ocrx_word' id='word_1_675' title='bbox 3156 4986 3208 5038; x_wconf 90' lang='lat' dir='ltr'><strong>in</strong></span> <span class='ocrx_word' id='word_1_676' title='bbox 3233 5000 3450 5055; x_wconf 62' lang='lat' dir='ltr'><strong>patriam</strong></span> 
     </span>
    </p>
   </div>
   <div class='ocr_carea' id='block_1_97' title="bbox 185 5053 3453 5146">
    <p class='ocr_par' dir='ltr' id='par_1_97' title="bbox 185 5053 3453 5146">
     <span class='ocr_line' id='line_1_97' title="bbox 185 5053 3453 5146; baseline 0.007 -36"><span class='ocrx_word' id='word_1_677' title='bbox 185 5053 395 5110; x_wconf 77' lang='lat' dir='ltr'><strong>delicti</strong></span> <span class='ocrx_word' id='word_1_678' title='bbox 426 5070 549 5110; x_wconf 86' lang='lat' dir='ltr'><strong>eum</strong></span> <span class='ocrx_word' id='word_1_679' title='bbox 589 5055 1000 5114; x_wconf 88' lang='lat' dir='ltr'><strong>immortalitate</strong></span> <span class='ocrx_word' id='word_1_680' title='bbox 1042 5062 1276 5129; x_wconf 82' lang='lat' dir='ltr'><strong>privavit</strong></span> <span class='ocrx_word' id='word_1_681' title='bbox 1317 5081 1330 5116; x_wconf 92' lang='lat'><strong>:</strong></span> <span class='ocrx_word' id='word_1_682' title='bbox 1365 5063 1563 5122; x_wconf 83' lang='lat' dir='ltr'><strong>deinde</strong></span> <span class='ocrx_word' id='word_1_683' title='bbox 1599 5066 1724 5125; x_wconf 88' lang='lat' dir='ltr'><strong>fons</strong></span> <span class='ocrx_word' id='word_1_684' title='bbox 1768 5071 2028 5128; x_wconf 87' lang='lat' dir='ltr'><strong>bonitatis</strong></span> <span class='ocrx_word' id='word_1_685' title='bbox 2074 5075 2357 5132; x_wconf 74' lang='lat' dir='ltr'><strong>exundans</strong></span> <span class='ocrx_word' id='word_1_686' title='bbox 2406 5053 2789 5142; x_wconf 86' lang='lat' dir='ltr'><strong>humanitate,</strong></span> <span class='ocrx_word' id='word_1_687' title='bbox 2824 5053 2896 5132; x_wconf 25' lang='lat' dir='ltr'><strong>vet</strong></span> <span class='ocrx_word' id='word_1_688' title='bbox 2929 5075 2995 5130; x_wconf 89' lang='lat' dir='ltr'><strong>ad</strong></span> <span class='ocrx_word' id='word_1_689' title='bbox 3023 5092 3159 5146; x_wconf 90' lang='lat' dir='ltr'><strong>opus</strong></span> <span class='ocrx_word' id='word_1_690' title='bbox 3193 5053 3453 5132; x_wconf 80' lang='lat' dir='ltr'><strong>manuum</strong></span> 
     </span>
    </p>
   </div>
   <div class='ocr_carea' id='block_1_98' title="bbox 187 5145 3454 5237">
    <p class='ocr_par' dir='ltr' id='par_1_98' title="bbox 187 5145 3454 5237">
     <span class='ocr_line' id='line_1_98' title="bbox 187 5145 3454 5237; baseline 0.011 -34"><span class='ocrx_word' id='word_1_691' title='bbox 187 5159 432 5206; x_wconf 74' lang='lat' dir='ltr'><strong>uiarum</strong></span> <span class='ocrx_word' id='word_1_692' title='bbox 466 5145 658 5212; x_wconf 78' lang='lat' dir='ltr'><strong>flexus,</strong></span> <span class='ocrx_word' id='word_1_693' title='bbox 689 5149 955 5218; x_wconf 78' lang='lat' dir='ltr'><strong>sapientia</strong></span> <span class='ocrx_word' id='word_1_694' title='bbox 993 5160 1157 5221; x_wconf 88' lang='lat' dir='ltr'><strong>atque</strong></span> <span class='ocrx_word' id='word_1_695' title='bbox 1206 5153 1433 5208; x_wconf 85' lang='lat' dir='ltr'><strong>scientia</strong></span> <span class='ocrx_word' id='word_1_696' title='bbox 1479 5159 1786 5228; x_wconf 84' lang='lat' dir='ltr'><strong>adornavit,</strong></span> <span class='ocrx_word' id='word_1_697' title='bbox 1825 5163 2001 5226; x_wconf 79' lang='lat' dir='ltr'><strong>donec</strong></span> <span class='ocrx_word' id='word_1_698' title='bbox 2034 5165 2112 5221; x_wconf 83' lang='lat' dir='ltr'><strong>ita</strong></span> <span class='ocrx_word' id='word_1_699' title='bbox 2147 5163 2292 5220; x_wconf 89' lang='lat' dir='ltr'><strong>factu</strong></span> <span class='ocrx_word' id='word_1_700' title='bbox 2333 5169 2679 5224; x_wconf 89' lang='lat' dir='ltr'><strong>commodum</strong></span> <span class='ocrx_word' id='word_1_701' title='bbox 2708 5171 2758 5226; x_wconf 90' lang='lat' dir='ltr'><strong>ei</strong></span> <span class='ocrx_word' id='word_1_702' title='bbox 2784 5171 2963 5226; x_wconf 85' lang='lat' dir='ltr'><strong>visum</strong></span> <span class='ocrx_word' id='word_1_703' title='bbox 2999 5179 3082 5225; x_wconf 87' lang='lat' dir='ltr'><strong>est</strong></span> <span class='ocrx_word' id='word_1_704' title='bbox 3109 5186 3252 5237; x_wconf 63' lang='lat' dir='ltr'><strong>esse,</strong></span> <span class='ocrx_word' id='word_1_705' title='bbox 3282 5181 3339 5225; x_wconf 83' lang='grc' dir='ltr'><strong>υῑ</strong></span> <span class='ocrx_word' id='word_1_706' title='bbox 3397 5171 3454 5226; x_wconf 70' lang='lat' dir='ltr'><strong>in</strong></span> 
     </span>
    </p>
   </div>
   <div class='ocr_carea' id='block_1_99' title="bbox 188 5240 1634 5311">
    <p class='ocr_par' dir='ltr' id='par_1_99' title="bbox 188 5240 1634 5311">
     <span class='ocr_line' id='line_1_99' title="bbox 188 5240 1634 5311; baseline 0.01 -19"><span class='ocrx_word' id='word_1_707' title='bbox 188 5240 498 5311; x_wconf 69' lang='lat' dir='ltr'><strong>pristinum</strong></span> <span class='ocrx_word' id='word_1_708' title='bbox 527 5255 628 5295; x_wconf 81' lang='lat' dir='ltr'><strong>nos</strong></span> <span class='ocrx_word' id='word_1_709' title='bbox 664 5251 866 5297; x_wconf 86' lang='lat' dir='ltr'><strong>statum</strong></span> <span class='ocrx_word' id='word_1_710' title='bbox 899 5246 1209 5302; x_wconf 76' lang='lat' dir='ltr'><strong>restitueret</strong></span> <span class='ocrx_word' id='word_1_711' title='bbox 1235 5261 1298 5301; x_wconf 89' lang='lat' dir='ltr'><strong>ac</strong></span> <span class='ocrx_word' id='word_1_712' title='bbox 1328 5261 1634 5308; x_wconf 83' lang='lat' dir='ltr'><strong>renovaret.</strong></span> 
     </span>
    </p>
   </div>
   <div class='ocr_carea' id='block_1_100' title="bbox 251 5331 1784 5414">
    <p class='ocr_par' dir='ltr' id='par_1_100' title="bbox 251 5331 1784 5414">
     <span class='ocr_line' id='line_1_100' title="bbox 251 5331 1784 5414; baseline 0.007 -23"><span class='ocrx_word' id='word_1_713' title='bbox 251 5334 460 5391; x_wconf 70' lang='grc' dir='ltr'>Ταῦτα</span> <span class='ocrx_word' id='word_1_714' title='bbox 488 5337 580 5390; x_wconf 71' lang='grc' dir='ltr'>καὶ</span> <span class='ocrx_word' id='word_1_715' title='bbox 609 5337 783 5409; x_wconf 83' lang='grc' dir='ltr'>ἀληθῆ</span> <span class='ocrx_word' id='word_1_716' title='bbox 802 5331 1083 5410; x_wconf 81' lang='grc' dir='ltr'>τυγχάνει,</span> <span class='ocrx_word' id='word_1_717' title='bbox 1111 5341 1205 5395; x_wconf 83' lang='grc' dir='ltr'>καὶ</span> <span class='ocrx_word' id='word_1_718' title='bbox 1224 5342 1324 5412; x_wconf 80' lang='grc' dir='ltr'>τῆς</span> <span class='ocrx_word' id='word_1_719' title='bbox 1345 5345 1472 5414; x_wconf 76' lang='grc' dir='ltr'>περὶ</span> <span class='ocrx_word' id='word_1_720' title='bbox 1501 5344 1636 5400; x_wconf 80' lang='grc' dir='ltr'><strong>Θεοῦ</strong></span> <span class='ocrx_word' id='word_1_721' title='bbox 1657 5348 1784 5401; x_wconf 81' lang='grc' dir='ltr'>ὑπο-</span> 
     </span>
    </p>
   </div>
   <div class='ocr_carea' id='block_1_101' title="bbox 189 5425 1784 5508">
    <p class='ocr_par' dir='ltr' id='par_1_101' title="bbox 189 5425 1784 5508">
     <span class='ocr_line' id='line_1_101' title="bbox 189 5425 1784 5508; baseline 0.008 -31"><span class='ocrx_word' id='word_1_722' title='bbox 189 5425 430 5496; x_wconf 63' lang='grc' dir='ltr'>λήψεως</span> <span class='ocrx_word' id='word_1_723' title='bbox 468 5425 610 5490; x_wconf 78' lang='grc' dir='ltr'>ἀξια.</span> <span class='ocrx_word' id='word_1_724' title='bbox 664 5429 1082 5500; x_wconf 82' lang='grc' dir='ltr'>Προσμαρτυρεῖ</span> <span class='ocrx_word' id='word_1_725' title='bbox 1135 5429 1243 5503; x_wconf 73' lang='grc' dir='ltr'><strong>γὰρ</strong></span> <span class='ocrx_word' id='word_1_726' title='bbox 1292 5432 1441 5504; x_wconf 80' lang='grc' dir='ltr'>αὐτῷ</span> <span class='ocrx_word' id='word_1_727' title='bbox 1495 5436 1635 5505; x_wconf 85' lang='grc' dir='ltr'><strong>μετά</strong></span> <span class='ocrx_word' id='word_1_728' title='bbox 1683 5437 1784 5508; x_wconf 80' lang='grc' dir='ltr'>τῆς</span> 
     </span>
    </p>
   </div>
   <div class='ocr_carea' id='block_1_102' title="bbox 190 5517 1783 5599">
    <p class='ocr_par' dir='ltr' id='par_1_102' title="bbox 190 5517 1783 5599">
     <span class='ocr_line' id='line_1_102' title="bbox 190 5517 1783 5599; baseline 0.007 -28"><span class='ocrx_word' id='word_1_729' title='bbox 190 5517 541 5586; x_wconf 61' lang='grc' dir='ltr'>ἀγαθότηεος</span> <span class='ocrx_word' id='word_1_730' title='bbox 586 5520 680 5573; x_wconf 76' lang='grc' dir='ltr'>καὶ</span> <span class='ocrx_word' id='word_1_731' title='bbox 724 5519 824 5591; x_wconf 79' lang='grc' dir='ltr'>τὴν</span> <span class='ocrx_word' id='word_1_732' title='bbox 875 5520 1124 5594; x_wconf 81' lang='grc' dir='ltr'>δύναμιν.</span> <span class='ocrx_word' id='word_1_733' title='bbox 1172 5525 1246 5577; x_wconf 86' lang='grc' dir='ltr'><strong>Τὸ</strong></span> <span class='ocrx_word' id='word_1_734' title='bbox 1275 5524 1334 5578; x_wconf 73' lang='grc' dir='ltr'>δὲ</span> <span class='ocrx_word' id='word_1_735' title='bbox 1363 5526 1589 5591; x_wconf 78' lang='grc' dir='ltr'>ἀπαθῶς</span> <span class='ocrx_word' id='word_1_736' title='bbox 1638 5527 1783 5599; x_wconf 76' lang='grc' dir='ltr'>ἔχειν</span> 
     </span>
    </p>
   </div>
   <div class='ocr_carea' id='block_1_103' title="bbox 195 5609 1777 5688">
    <p class='ocr_par' dir='ltr' id='par_1_103' title="bbox 195 5609 1777 5688">
     <span class='ocr_line' id='line_1_103' title="bbox 195 5609 1777 5688; baseline 0.006 -26"><span class='ocrx_word' id='word_1_737' title='bbox 195 5613 286 5664; x_wconf 69' lang='grc' dir='ltr'>καὶ</span> <span class='ocrx_word' id='word_1_738' title='bbox 309 5609 571 5680; x_wconf 79' lang='grc' dir='ltr'>σκληρῶς</span> <span class='ocrx_word' id='word_1_739' title='bbox 599 5611 737 5682; x_wconf 79' lang='grc' dir='ltr'>πρὸς</span> <span class='ocrx_word' id='word_1_740' title='bbox 764 5610 834 5665; x_wconf 86' lang='grc' dir='ltr'><strong>τά</strong></span> <span class='ocrx_word' id='word_1_741' title='bbox 859 5612 1136 5684; x_wconf 72' lang='grc' dir='ltr'>ἀρχόμενα</span> <span class='ocrx_word' id='word_1_742' title='bbox 1161 5633 1219 5668; x_wconf 86' lang='grc' dir='ltr'>τε</span> <span class='ocrx_word' id='word_1_743' title='bbox 1245 5615 1340 5670; x_wconf 79' lang='grc' dir='ltr'>καὶ</span> <span class='ocrx_word' id='word_1_744' title='bbox 1360 5619 1777 5688; x_wconf 80' lang='grc' dir='ltr'>ποιμαινόμενα,</span> 
     </span>
    </p>
   </div>
   <div class='ocr_carea' id='block_1_104' title="bbox 193 5697 1777 5774">
    <p class='ocr_par' dir='ltr' id='par_1_104' title="bbox 193 5697 1777 5774">
     <span class='ocr_line' id='line_1_104' title="bbox 193 5697 1777 5774; baseline 0.01 -26"><span class='ocrx_word' id='word_1_745' title='bbox 193 5699 316 5751; x_wconf 69' lang='grc' dir='ltr'>οὐδὲ</span> <span class='ocrx_word' id='word_1_746' title='bbox 337 5697 651 5769; x_wconf 75' lang='grc' dir='ltr'>ἀνθριὶνπων</span> <span class='ocrx_word' id='word_1_747' title='bbox 681 5699 799 5754; x_wconf 67' lang='lat' dir='ltr'><strong>tari.</strong></span> <span class='ocrx_word' id='word_1_748' title='bbox 845 5703 1098 5772; x_wconf 82' lang='grc' dir='ltr'>χρηστῶν</span> <span class='ocrx_word' id='word_1_749' title='bbox 1129 5706 1223 5759; x_wconf 73' lang='grc' dir='ltr'>καὶ</span> <span class='ocrx_word' id='word_1_750' title='bbox 1251 5705 1560 5774; x_wconf 81' lang='grc' dir='ltr'>βελτίστων.</span> <span class='ocrx_word' id='word_1_751' title='bbox 1591 5709 1777 5774; x_wconf 74' lang='grc' dir='ltr'>Οὕτως</span> 
     </span>
    </p>
   </div>
   <div class='ocr_carea' id='block_1_105' title="bbox 194 5789 1778 5872">
    <p class='ocr_par' dir='ltr' id='par_1_105' title="bbox 194 5789 1778 5872">
     <span class='ocr_line' id='line_1_105' title="bbox 194 5789 1778 5872; baseline 0.008 -30"><span class='ocrx_word' id='word_1_752' title='bbox 194 5789 226 5842; x_wconf 80' lang='grc' dir='ltr'><strong>ό</strong></span> <span class='ocrx_word' id='word_1_753' title='bbox 265 5789 476 5863; x_wconf 71' lang='grc' dir='ltr'>ποιμὴν</span> <span class='ocrx_word' id='word_1_754' title='bbox 503 5789 750 5862; x_wconf 72' lang='grc' dir='ltr'>βούλεται</span> <span class='ocrx_word' id='word_1_755' title='bbox 791 5792 1064 5865; x_wconf 70' lang='grc' dir='ltr'>ἐρρῶσθαι</span> <span class='ocrx_word' id='word_1_756' title='bbox 1107 5795 1168 5851; x_wconf 83' lang='grc' dir='ltr'>τὸ</span> <span class='ocrx_word' id='word_1_757' title='bbox 1217 5797 1459 5870; x_wconf 81' lang='grc' dir='ltr'>ποίμνιον</span> <span class='ocrx_word' id='word_1_758' title='bbox 1495 5800 1659 5872; x_wconf 76' lang='grc' dir='ltr'>αὐτῷ,</span> <span class='ocrx_word' id='word_1_759' title='bbox 1687 5803 1778 5855; x_wconf 75' lang='grc' dir='ltr'>καὶ</span> 
     </span>
    </p>
   </div>
   <div class='ocr_carea' id='block_1_106' title="bbox 1955 5346 3464 5422">
    <p class='ocr_par' dir='ltr' id='par_1_106' title="bbox 1955 5346 3464 5422">
     <span class='ocr_line' id='line_1_106' title="bbox 1955 5346 3464 5422; baseline 0.007 -22"><span class='ocrx_word' id='word_1_760' title='bbox 1955 5346 2079 5402; x_wconf 65' lang='lat' dir='ltr'><strong>Haec</strong></span> <span class='ocrx_word' id='word_1_761' title='bbox 2109 5356 2161 5401; x_wconf 91' lang='lat' dir='ltr'><strong>et</strong></span> <span class='ocrx_word' id='word_1_762' title='bbox 2193 5363 2318 5404; x_wconf 87' lang='lat' dir='ltr'><strong>vera</strong></span> <span class='ocrx_word' id='word_1_763' title='bbox 2351 5358 2499 5411; x_wconf 91' lang='lat' dir='ltr'><strong>sunt,</strong></span> <span class='ocrx_word' id='word_1_764' title='bbox 2538 5359 2592 5404; x_wconf 90' lang='lat' dir='ltr'><strong>et</strong></span> <span class='ocrx_word' id='word_1_765' title='bbox 2638 5356 2800 5419; x_wconf 76' lang='lat' dir='ltr'><strong>(tigna</strong></span> <span class='ocrx_word' id='word_1_766' title='bbox 2833 5367 2895 5406; x_wconf 87' lang='lat' dir='ltr'><strong>ea</strong></span> <span class='ocrx_word' id='word_1_767' title='bbox 2929 5369 3092 5422; x_wconf 88' lang='lat' dir='ltr'><strong>quam</strong></span> <span class='ocrx_word' id='word_1_768' title='bbox 3125 5355 3194 5409; x_wconf 86' lang='lat' dir='ltr'><strong>de</strong></span> <span class='ocrx_word' id='word_1_769' title='bbox 3223 5355 3331 5410; x_wconf 85' lang='lat' dir='ltr'><strong>Deo</strong></span> <span class='ocrx_word' id='word_1_770' title='bbox 3359 5357 3464 5409; x_wconf 59' lang='lat' dir='ltr'><strong>ha-</strong></span> 
     </span>
    </p>
   </div>
   <div class='ocr_carea' id='block_1_107' title="bbox 1881 5440 3450 5518">
    <p class='ocr_par' dir='ltr' id='par_1_107' title="bbox 1881 5440 3450 5518">
     <span class='ocr_line' id='line_1_107' title="bbox 1881 5440 3450 5518; baseline 0.006 -24"><span class='ocrx_word' id='word_1_771' title='bbox 1881 5440 2011 5496; x_wconf 87' lang='lat' dir='ltr'><strong>bere</strong></span> <span class='ocrx_word' id='word_1_772' title='bbox 2061 5456 2160 5510; x_wconf 76' lang='lat' dir='ltr'><strong>par</strong></span> <span class='ocrx_word' id='word_1_773' title='bbox 2204 5449 2288 5496; x_wconf 89' lang='lat' dir='ltr'><strong>est</strong></span> <span class='ocrx_word' id='word_1_774' title='bbox 2347 5443 2627 5511; x_wconf 75' lang='lat' dir='ltr'><strong>Opinione.</strong></span> <span class='ocrx_word' id='word_1_775' title='bbox 2679 5443 2971 5500; x_wconf 86' lang='lat' dir='ltr'><strong>Testantur</strong></span> <span class='ocrx_word' id='word_1_776' title='bbox 3000 5447 3143 5501; x_wconf 90' lang='lat' dir='ltr'><strong>cnim</strong></span> <span class='ocrx_word' id='word_1_777' title='bbox 3191 5449 3312 5518; x_wconf 78' lang='lat' dir='ltr'><strong>ejus</strong></span> <span class='ocrx_word' id='word_1_778' title='bbox 3343 5466 3450 5504; x_wconf 85' lang='lat' dir='ltr'><strong>non</strong></span> 
     </span>
    </p>
   </div>
   <div class='ocr_carea' id='block_1_108' title="bbox 1881 5531 3450 5607">
    <p class='ocr_par' dir='ltr' id='par_1_108' title="bbox 1881 5531 3450 5607">
     <span class='ocr_line' id='line_1_108' title="bbox 1881 5531 3450 5607; baseline 0.005 -21"><span class='ocrx_word' id='word_1_779' title='bbox 1881 5531 2175 5586; x_wconf 87' lang='lat' dir='ltr'><strong>bonitatem</strong></span> <span class='ocrx_word' id='word_1_780' title='bbox 2235 5533 2432 5598; x_wconf 90' lang='lat' dir='ltr'><strong>solum,</strong></span> <span class='ocrx_word' id='word_1_781' title='bbox 2485 5549 2672 5588; x_wconf 88' lang='lat' dir='ltr'><strong>verum</strong></span> <span class='ocrx_word' id='word_1_782' title='bbox 2722 5536 2885 5591; x_wconf 86' lang='lat' dir='ltr'><strong>etiam</strong></span> <span class='ocrx_word' id='word_1_783' title='bbox 2949 5539 3264 5607; x_wconf 87' lang='lat' dir='ltr'><strong>potentiam.</strong></span> <span class='ocrx_word' id='word_1_784' title='bbox 3315 5539 3450 5594; x_wconf 83' lang='lat' dir='ltr'><strong>Nam</strong></span> 
     </span>
    </p>
   </div>
   <div class='ocr_carea' id='block_1_109' title="bbox 1879 5624 3456 5700">
    <p class='ocr_par' dir='ltr' id='par_1_109' title="bbox 1879 5624 3456 5700">
     <span class='ocr_line' id='line_1_109' title="bbox 1879 5624 3456 5700; baseline 0.006 -25"><span class='ocrx_word' id='word_1_785' title='bbox 1879 5637 1990 5676; x_wconf 89' lang='lat' dir='ltr'><strong>non</strong></span> <span class='ocrx_word' id='word_1_786' title='bbox 2017 5624 2220 5678; x_wconf 89' lang='lat' dir='ltr'><strong>moveri</strong></span> <span class='ocrx_word' id='word_1_787' title='bbox 2261 5639 2323 5678; x_wconf 89' lang='lat' dir='ltr'><strong>ac</strong></span> <span class='ocrx_word' id='word_1_788' title='bbox 2349 5625 2548 5679; x_wconf 89' lang='lat' dir='ltr'><strong>durum</strong></span> <span class='ocrx_word' id='word_1_789' title='bbox 2588 5641 2710 5683; x_wconf 84' lang='lat' dir='ltr'><strong>esse</strong></span> <span class='ocrx_word' id='word_1_790' title='bbox 2753 5626 3019 5685; x_wconf 84' lang='lat' dir='ltr'><strong>adversus</strong></span> <span class='ocrx_word' id='word_1_791' title='bbox 3067 5631 3311 5700; x_wconf 83' lang='lat' dir='ltr'><strong>subjecta</strong></span> <span class='ocrx_word' id='word_1_792' title='bbox 3354 5648 3456 5686; x_wconf 91' lang='lat' dir='ltr'><strong>no-</strong></span> 
     </span>
    </p>
   </div>
   <div class='ocr_carea' id='block_1_110' title="bbox 1885 5717 3452 5794">
    <p class='ocr_par' dir='ltr' id='par_1_110' title="bbox 1885 5717 3452 5794">
     <span class='ocr_line' id='line_1_110' title="bbox 1885 5717 3452 5794; baseline 0.008 -26"><span class='ocrx_word' id='word_1_793' title='bbox 1885 5724 2121 5786; x_wconf 68' lang='lat' dir='ltr'><strong>straeque</strong></span> <span class='ocrx_word' id='word_1_794' title='bbox 2149 5732 2294 5772; x_wconf 71' lang='lat' dir='ltr'><strong>cum</strong></span> <span class='ocrx_word' id='word_1_795' title='bbox 2318 5717 2634 5785; x_wconf 89' lang='lat' dir='ltr'><strong>commissa,</strong></span> <span class='ocrx_word' id='word_1_796' title='bbox 2665 5734 2766 5774; x_wconf 88' lang='lat' dir='ltr'><strong>nec</strong></span> <span class='ocrx_word' id='word_1_797' title='bbox 2807 5720 3084 5777; x_wconf 88' lang='lat' dir='ltr'><strong>hominum</strong></span> <span class='ocrx_word' id='word_1_798' title='bbox 3115 5724 3332 5794; x_wconf 84' lang='lat' dir='ltr'><strong>quidem</strong></span> <span class='ocrx_word' id='word_1_799' title='bbox 3360 5724 3452 5780; x_wconf 88' lang='lat' dir='ltr'><strong>be-</strong></span> 
     </span>
    </p>
   </div>
   <div class='ocr_carea' id='block_1_111' title="bbox 1884 5809 3454 5885">
    <p class='ocr_par' dir='ltr' id='par_1_111' title="bbox 1884 5809 3454 5885">
     <span class='ocr_line' id='line_1_111' title="bbox 1884 5809 3454 5885; baseline 0.005 -24"><span class='ocrx_word' id='word_1_800' title='bbox 1884 5809 2171 5877; x_wconf 85' lang='lat' dir='ltr'><strong>nignorum</strong></span> <span class='ocrx_word' id='word_1_801' title='bbox 2205 5817 2254 5865; x_wconf 88' lang='lat' dir='ltr'><strong>et</strong></span> <span class='ocrx_word' id='word_1_802' title='bbox 2286 5809 2616 5880; x_wconf 80' lang='lat' dir='ltr'><strong>optimorum</strong></span> <span class='ocrx_word' id='word_1_803' title='bbox 2645 5819 2748 5870; x_wconf 88' lang='lat' dir='ltr'><strong>cst.</strong></span> <span class='ocrx_word' id='word_1_804' title='bbox 2800 5809 2878 5868; x_wconf 84' lang='lat' dir='ltr'><strong>lta</strong></span> <span class='ocrx_word' id='word_1_805' title='bbox 2931 5815 3096 5885; x_wconf 88' lang='lat' dir='ltr'><strong>opilio</strong></span> <span class='ocrx_word' id='word_1_806' title='bbox 3130 5815 3454 5869; x_wconf 13' lang='lat' dir='ltr'><strong>vultvvalere</strong></span> 
     </span>
    </p>
   </div>
  </div>
