3930 6210
256 379 367 436 665

1183 377 1250 432 ΙΝ
1280 377 1558 436 CHRISTI
1603 375 2240 442 RESUBRECTIONEM
2278 377 2490 436 ORAT.
2527 375 2616 433 111.

3429 374 3535 433 θῧϐ

330 493 425 547 Διὸ
455 489 814 561 εὐγνωμόνων
841 491 937 546 καὶ
971 490 1394 564 σωφρονούντων
1423 493 1541 548 ἐστὶ
1573 493 1852 548 πιστεύειν

2024 493 2295 560 Quocirca
2341 489 2643 552 candidos,
2701 493 2890 557 gratos
2945 494 3000 541 et
3047 499 3214 542 sanos
3284 482 3536 542 homines

255 589 370 651 τοῖς
399 585 555 657 παρά
583 585 678 639 τοῦ
711 584 848 639 Θεοῦ
874 585 1187 657 λεγομένοις
1204 604 1218 618 °
1247 587 1376 650 τοὺς
1405 585 1464 640 δὲ
1499 586 1736 656 τρόπους
1758 585 1852 640 καὶ

252 679 360 743 τὰς
407 678 587 742 αιτιας
635 676 742 732 τῶν
791 677 1102 749 ἐνεργειῶν,
1152 677 1228 743 ὡς
1277 677 1732 749 ύπερϐαινούσας,
1777 677 1852 749 μὴ

255 771 538 824 ἀπαιτεῖν.
582 769 735 822 Ἐπεὶ
759 767 1084 840 λεχθήσεται
1109 769 1190 822 ἑνὶ
1211 769 1322 823 τῶν
1358 769 1850 842 πολυπραγμόνων

255 864 450 928 Δεῖξόν
473 879 564 934 μοι
590 861 670 933 τῷ
697 862 840 933 λόγῳ
872 879 966 916 σου
995 862 1096 933 τὴν
1119 863 1230 918 τῶν
1257 863 1550 936 ὁρωμένων
1575 864 1850 918 οὐσίωσιν.

257 957 401 1011 Εἰπὲ
437 955 567 1028 ποίᾳ
594 955 759 1028 τέχνῃ
805 954 908 1027 τὴν
961 954 1313 1026 πολύμορφον
1356 954 1563 1026 ταύτην
1591 953 1855 1026 ἐργασίαν

260 1042 724 1114 ἐδημιούργησεν.
779 1044 876 1096 "Av
923 1043 1034 1113 γὰρ
1085 1041 1262 1098 ταῦτα
1313 1043 1575 1115 ὲξεύρῃς,
1630 1043 1855 1106 εἰκότως

260 1135 571 1205 ἀμηχανεῖς
594 1133 691 1187 xui.
731 1133 1039 1205 ἀσχάλλεις,
1091 1134 1226 1188 διότι
1253 1134 1354 1207 τὴν
1399 1138 1502 1207 τῆς
1531 1135 1856 1203 παλιγγενε-

265 1224 391 1288 σίας
426 1225 838 1297 μετακόσμησιν
869 1227 1106 1296 ἀγνοεῖς,
1143 1228 1173 1280 ό
1195 1226 1297 1298 τῆς
1340 1227 1612 1298 γενέσεως
1641 1227 1733 1281 τὸν
1768 1225 1856 1279 λό-

263 1333 365 1386 γον
392 1315 574 1382 εἰδώς.
606 1317 672 1371 Et
701 1317 760 1371 δὲ
797 1317 932 1391 ὄναρ
959 1335 1043 1373 σοι
1079 1319 1268 1373 ἐκεῖνα
1314 1319 1412 1374 καὶ
1453 1317 1857 1389 φαντασία,καὶ

264 1407 608 1479 πανταχόθεν
644 1409 678 1480 ὴ
719 1408 1014 1480 ἐπίγνωσις
1059 1409 1294 1482 ἄπορος,
1333 1410 1409 1483 μὴ
1452 1409 1784 1479 ἀγανάκτει,
1804 1409 1856 1462 εί

261 1501 360 1555 τὸν
389 1501 550 1570 λόγον
574 1500 674 1573 τῆς
698 1501 1046 1574 κατασκευῆς
1066 1503 1301 1572 ἀγνοῶν,
1327 1503 1423 1558 καὶ
1453 1501 1552 1575 τὴν
1570 1501 1856 1574 διόρθωσιν

263 1592 365 1647 τοῦ
396 1592 701 1665 φθαρέντος
743 1591 805 1647 οὐ
857 1595 1108 1666 συνορᾷς.
1153 1595 1212 1648 '0
1255 1594 1420 1660 αὐτὸς
1451 1594 1701 1666 τεχνίτης
1741 1591 1858 1646 ἐστὶ

273 1686 374 1739 καὶ
397 1684 501 1755 τῆς
526 1683 754 1757 πρώτης
781 1684 1032 1750 κτίσεως,
1057 1685 1275 1756 καὶτῆς
1320 1685 1581 1759 δευτέρας
1622 1699 1856 1757 μετακο-

276 1778 552 1850 σμήσεως.
577 1773 735 1831 Οἶδεν
762 1777 912 1841 ὅπως
931 1775 995 1830 τὸ
1026 1775 1153 1830 ἴδιον
1175 1775 1335 1847 ἔργον
1351 1774 1597 1830 διάλυσιν
1624 1777 1856 1848 ὑπομεῖ-

269 1889 378 1925 ναν
407 1870 736 1942 συναρμόσει
774 1868 938 1924 πάλιν
969 1870 1050 1934 είς
1092 1870 1192 1941 τὴν
1231 1867 1466 1941 ἀρχαίαν
1502 1869 1854 1924 κατάστασιν.

271 1963 342 2019 Εί
374 1962 560 2032 σοφίας
591 1959 783 2034 χρεία,
814 1961 849 2032 η
881 1959 1035 2031 πηγὴ
1078 1959 1181 2030 τῆς
1223 1957 1415 2030 σοφίας
1473 1959 1604 2028 παρ’
1643 1957 1858 2028 ὲκείνῳο

271 2055 324 2108 εί
349 2053 658 2125 δυνάμεως,
695 2053 757 2107 ού
791 2051 986 2124 χρῄζει
1023 2051 1284 2123 συνεργοῦ
1329 2051 1424 2105 καὶ
1472 2050 1858 2122 συλλήπτορος.

271 2139 446 2209 Οὗτός
471 2148 620 2198 ἐστιν
649 2145 680 2198 ό
708 2143 847 2198 κατᾶ
875 2142 976 2215 τὴν
1008 2142 1193 2213 φωνὴν
1233 2140 1328 2195 τοῦ
1378 2141 1690 2211 σοφωτάτου
1727 2143 1863 2213 Προ-

271 2240 449 2308 φήτου
489 2238 769 2310 μετρήσας
812 2239 880 2307 τῇ
913 2235 1059 2307 χειρὶ
1101 2234 1164 2288 τὸ
1209 2233 1389 2306 ὕδωρ,
1424 2234 1520 2287 καὶ
1557 2233 1650 2287 τὸν
1689 2231 1862 2304 μέγαν

268 2332 368 2385 καὶ
418 2331 650 2385 ἄπλετον
677 2327 908 2400 οὐρανὸν
939 2326 1223 2399 σπιθαμῇ,
1253 2327 1350 2380 καὶ
1377 2327 1477 2397 τὴν
1522 2328 1628 2396 γῆν
1679 2323 1858 2396 δρακε.

267 2423 568 2494 Θεὼρησον
623 2422 868 2485 εἰκόνας,
911 2419 1193 2493 ἐνεργείας
1233 2421 1436 2489 σημεῖα
1481 2416 1862 2490 παρεχομένας

267 2517 372 2586 τῆς
403 2515 649 2586 ἀρρήτου
681 2512 963 2582 δυνάμεως
988 2552 1003 2574 ,
1034 2511 1344 2580 ἀπόγνωσιν
1387 2507 1720 2580 ὲμποιούσας
1751 2511 1863 2572 τοῖς

270 2609 556 2680 λογισμοῖς
599 2606 776 2678 ἡμῶν,
814 2605 909 2658 τοῦ
956 2605 1120 2676 μηδὲν
1147 2602 1406 2658 δύνασθαι
1445 2602 1594 2669 ἄξιον
1631 2603 1729 2673 τῆς
1767 2599 1861 2654 τοῦ

271 2700 414 2755 Θεοῦ
463 2699 678 2768 φύσεως
721 2695 1113 2767 φαντασθῆναι.
1143 2692 1558 2764 Παντοδύναμος
1611 2691 1704 2746 καὶ
1745 2691 1862 2745 ἔστι

272 2795 370 2848 καὶ
403 2792 642 2860 λέγεται.
665 2789 819 2860 Τάχα
844 2787 954 2859 γὰρ
988 2787 1048 2839 ού
1085 2785 1490 2856 ζυγομαχῇσεις
1523 2775 1656 2855 πρὸς
1683 2782 1860 2847 τοῦτο,

271 2884 416 2940 ἀλλά
462 2880 655 2946 δώσεις
707 2880 784 2944 ὠς
839 2877 1330 2949 συγκεχωρημένον
1378 2877 1621 2947 κρατεῖν.
1661 2873 1751 2944 Τῷ
1805 2873 1864 2927 δὲ

273 2976 462 3031 πάντα
511 2971 818 3042 δυναμένῳ,
845 2969 999 3023 οὐδὲν
1031 2969 1234 3038 ἄπορον
1265 2965 1298 3036 ἢ
1343 2966 1644 3036 ἀμήχανον.
1678 2964 1866 3034 Ἔχεις

273 3066 454 3122 πολλά
491 3064 592 3136 τῆς
639 3063 874 3126 πίστεως
915 3059 1144 3132 ἐνέχυρα
1180 3056 1597 3126 ἀναγκαστικῶς
1630 3073 1690 3109 σε
1739 3071 1863 3109 συν-

1955 586 2118 642 iidem
2146 587 2349 641 habere
2381 583 2540 639 decet
2575 582 2666 645 iis,
2709 596 2831 650 qum
2871 594 2901 632 a
2933 577 3046 634 Deo
3084 579 3383 634 dicuntur:
3419 594 3538 632 nin-

1953 678 2056 734 dos
2090 685 2272 734 autem
2306 684 2362 732 et
2384 688 2584 730 causas
2606 672 2880 728 actionum
2903 679 2957 726 et
2980 685 3234 741 operum,
3271 676 3535 738 tanquam

1954 779 2200 826 nostram
2238 767 2659 838 intelligentiam
2690 765 3040 828 excedentes,
3088 765 3378 834 exquirere
3427 778 3536 816 non

1953 869 2187 932 Oportet.
2213 859 2440 916 Dicetur
2459 860 2606 915 enim
2633 858 2864 913 cuilibet
2891 857 3125 915 istorum
3149 857 3494 912 curiosorum
3519 871 3532 908 :

1955 952 2195 1009 Ostende
2215 952 2350 1007 mihi
2391 952 2606 1005 ratione
2623 955 2790 1018 atque
2813 948 3064 1003 oratione
3101 954 3217 1012 tua,
3261 944 3536 1016 quomodo

1955 1044 2038 1100 hat
2073 1058 2340 1114 res,quas
2371 1042 2646 1104 videmus,
2672 1040 2740 1094 ad
2766 1039 3063 1095 essentiam
3092 1037 3373 1108 producta:
3400 1035 3532 1090 sint.

1955 1136 2054 1193 Dic
2087 1151 2197 1208 qua
2228 1147 2346 1191 arte
2385 1132 2730 1189 multiforme
2758 1131 3015 1203 opushoc
3030 1129 3317 1188 creaverit.
3335 1127 3470 1184 Nam
3486 1127 3534 1181 si

1955 1229 2076 1286 haec
2109 1226 2514 1298 excogitaveris
2543 1233 2598 1280 et
2634 1223 2990 1294 compereris,
3019 1221 3216 1277 merito
3248 1219 3540 1290 perplexus

1953 1329 2010 1378 et
2042 1321 2340 1392 implicitus
2380 1319 2602 1374 haesitas
2629 1357 2644 1382 ,
2677 1327 2734 1371 et
2771 1329 3066 1370 succenses
3105 1321 3158 1370 et
3206 1310 3535 1381 indignaris,

1955 1415 2104 1487 quod
2128 1410 2566 1485 regenerationis
2605 1406 3156 1464 transformationcm
3203 1403 3407 1471 nescis,
3442 1401 3536 1472 qui

1923 1502 2327 1577 'generationis
2352 1500 2625 1556 rationem
2665 1497 2812 1553 haud
2840 1498 3086 1570 ignores.
3131 1493 3294 1562 Quod
3345 1493 3392 1550 si
3446 1492 3538 1548 illa

1956 1597 2057 1653 tibi
2089 1595 2228 1652 nihil
2259 1593 2408 1650 aliud
2442 1607 2608 1666 quam
2632 1591 2906 1649 somnium
2943 1597 3000 1645 et
3051 1587 3370 1659 imaginatio
3411 1591 3542 1642 sunt

1957 1696 2126 1759 atque
2181 1685 2428 1755 undique
2498 1682 2741 1755 cognitio
2798 1681 3092 1753 perplexa,
3139 1675 3540 1749 inexplicabilis

1957 1788 2014 1837 et
2077 1775 2476 1848 investigabilis
2513 1783 2620 1840 εει,
2669 1789 2738 1830 ne
2778 1770 3118 1844 indigneris,
3178 1769 3226 1825 si
3280 1783 3405 1823 cum
3453 1781 3544 1821 ra-

1959 1869 2160 1926 tionem
2218 1865 2601 1923 fabricationis
2669 1865 2924 1936 ignores,
3001 1861 3170 1918 etiam
3237 1858 3538 1917 correctio-

1961 1979 2090 2020 nem
2135 1971 2304 2032 atque
2348 1958 2752 2030 reparationem
2802 1955 3052 2026 corrupti
3087 1969 3199 2010 non
3255 1951 3540 2021 intelligis.

1960 2056 2107 2112 Idem
2139 2054 2336 2111 artifex
2373 2061 2459 2109 est
2491 2059 2543 2108 et
2598 2050 2787 2122 prima:
2819 2048 3119 2104 creationis
3167 2054 3223 2102 et
3281 2041 3540 2101 secunda:

1962 2147 2491 2206 transformationis.
2527 2143 2689 2199 Novit
2730 2141 3007 2214 quomodo
3033 2154 3196 2196 suum
3249 2151 3390 2210 opus
3427 2135 3547 2191 dis-

1962 2243 2203 2300 solutum
2231 2254 2426 2295 rursus
2459 2236 2774 2300 concinnet,
2809 2241 2866 2290 et
2895 2233 2965 2288 ad
2998 2232 3294 2304 pristinum
3337 2236 3544 2285 statum

1962 2335 2210 2390 reducat.
2252 2331 2310 2386 Si
2345 2329 2615 2401 sapientia
2645 2343 2785 2398 Opus
2819 2333 2928 2390 est,
2980 2323 3105 2379 fons
3150 2320 3432 2392 sapientia:
3463 2329 3548 2374 est

1962 2424 2105 2495 apud
2138 2423 2290 2478 illum
2326 2439 2340 2476 :
2373 2421 2420 2477 si
2477 2420 2722 2490 potentia
2765 2424 2822 2472 et
2856 2415 3064 2470 viribus
3101 2427 3240 2482 opus
3295 2418 3400 2472 est,
3436 2423 3547 2462 non

1960 2516 2166 2588 indiget
2195 2513 2346 2569 socio
2371 2521 2538 2582 atque
2560 2508 2834 2579 adjutore.
2861 2503 2961 2560 Hic
2988 2511 3074 2559 est
3126 2501 3217 2573 qui
3263 2501 3418 2569 juxta
3453 2513 3549 2551 vo-

1963 2624 2083 2664 cem
2118 2603 2513 2676 sapientissimi
2546 2601 2827 2673 prOpheta:
2854 2597 2898 2661 ⁷,
2927 2610 3094 2650 manu
3135 2607 3233 2648 sua
3261 2589 3548 2646 dimensus

1962 2710 2047 2758 est
2075 2713 2296 2770 aquam,
2328 2707 2383 2754 et
2403 2709 2660 2768 magnum
2690 2698 2745 2747 et
2763 2690 3092 2745 immensum
3120 2683 3319 2740 cmlum
3343 2681 3546 2752 palmo,

1963 2801 2018 2850 et
2049 2802 2251 2849 terram
2288 2805 2493 2860 pugno.
2527 2783 2922 2854 Contempiare
2956 2778 3244 2848 imagines,
3275 2772 3548 2830 evidentia

1964 2888 2122 2958 signa
2152 2884 2461 2957 praebentes
2495 2877 2785 2935 inefi‘abiiis
2818 2872 3094 2946 potentiae,
3127 2865 3550 2958 cogitationibus

1965 2951 2173 3035 nostris
2203 2971 2644 3045 desperationem
2665 2966 3011 3025 iuduceutes,
3037 2957 3173 3014 nihil
3202 2956 3424 3025 dignum
3458 2951 3552 3014 D,ei

1966 3076 2163 3126 natura
2196 3081 2358 3138 posse
2391 3077 2493 3118 nos
2546 3055 2856 3130 imaginari.
2887 3050 3249 3121 Omnipotens
3285 3056 3338 3102 et
3377 3055 3461 3101 est
3490 3055 3545 3100 et

275 3160 577 3218 ελαύνοντα
625 3156 764 3230 πρὸς
794 3155 855 3209 τὸ
898 3151 1239 3208 συντίθεσθαι
1274 3153 1387 3216 τοῖς
1413 3153 1543 3223 παρ’
1578 3150 1737 3223 ἡμῶν
1778 3150 1865 3204 λε-

1972 3137 2205 3218 dicitur.
2236 3155 2493 3212 Forsitan
2542 3151 2688 3208 enim
2731 3163 2841 3203 non
2896 3140 3275 3199 adversaberis
3331 3139 3386 3192 in
3427 3137 3553 3202 hoc,

275 3253 567 3326 γομένοιςο
599 3247 815 3320 πρῶτον
855 3245 954 3316 μὶν
992 3244 1172 3298 πᾶσαν
1215 3238 1314 3312 τὴν
1353 3240 1606 3313 ποικίλην
1641 3238 1738 3294 καὶ
1767 3257 1865 3293 πο-

1970 3257 2068 3310 sed
2095 3251 2253 3306 dabis
2282 3257 2544 3318 tanquam
2572 3255 2898 3299 concessum
2956 3237 3226 3298 obtinere,
3258 3240 3426 3301 atque
3471 3229 3550 3284 ita

277 3325 611 3402 λυσύνθετον
639 3337 816 3394 κτίσιν
846 3335 1058 3408 βοῶσαν
1083 3332 1282 3398 παντὸς
1322 3332 1677 3405 κηρύγματος
1709 3332 1865 3402 εὐση-

1973 3363 2032 3403 εε
2062 3343 2286 3399 habere.
2332 3341 2402 3394 At
2435 3338 2485 3394 ei
2539 3335 2633 3406 qui
2662 3333 2846 3389 omnia
2876 3338 3078 3402 potest,
3121 3325 3256 3382 nihil
3305 3331 3390 3379 est
3433 3337 3557 3392 per-

283 3440 542 3513 μότερον,
565 3435 649 3489 ὅτι
685 3433 714 3487 ό
767 3430 942 3503 μέγας
993 3427 1085 3481 καὶ
1132 3424 1295 3495 σοφὸς
1326 3425 1598 3496 τεχνίτης,
1632 3425 1662 3477 ὁ
1693 3424 1865 3479 πάντα

1971 3438 2212 3510 plexum,
2251 3433 2388 3489 nihil
2430 3429 2578 3502 quod
2619 3425 2877 3498 explicari
2904 3431 2999 3479 aut
3025 3418 3270 3492 expediri
3301 3413 3558 3486 perficive

281 3533 355 3587 τὰ
386 3528 698 3603 βλεπόμενα
736 3521 1157 3596 τεχνησάμενος.
1189 3517 1332 3588 Πρὸς
1377 3516 1433 3570 δὲ
1482 3515 1684 3587 ταύτην
1733 3529 1865 3586 προ-

1973 3545 2084 3586 non
2126 3527 2324 3602 possit.
2360 3522 2526 3578 Multa
2561 3520 2682 3576 fidei
2718 3519 2948 3590 pignora
2997 3514 3188 3578 habes,
3215 3525 3335 3582 quae
3365 3522 3560 3563 neces-

289 3600 474 3697 μηόὴς
508 3619 586 3676 ῶν
641 3619 671 3672 ό
716 3615 886 3680 Θεὸς,
919 3613 1016 3667 καὶ
1061 3609 1130 3664 τὰ
1177 3608 1287 3662 τῶν
1343 3607 1587 3661 ἀπίστων
1627 3606 1865 3678 ψυχάρια

1974 3600 2210 3680 sario—te
2237 3617 2585 3688 compellant,
2622 3621 2682 3668 ut
2707 3609 3032 3668 assentiaris
3063 3607 3152 3671 iis,
3177 3619 3299 3676 quas
3338 3617 3367 3655 a
3403 3600 3560 3656 nobis

286 3713 576 3788 πόρρωθεν
631 3705 902 3779 καθορῶν,
951 3703 1097 3776 ἔργῳ
1131 3700 1230 3772 τὴν
1263 3699 1374 3754 τῶν
1416 3699 1626 3770 νεκρῶν
1656 3698 1865 3770 ἔγερσιν

1975 3715 2237 3770 dicuntur
2271 3730 2285 3766 :
2347 3709 2585 3781 primum
2618 3703 2839 3776 quidem
2897 3700 3208 3756 universam
3245 3701 3558 3750 creaturam

291 3784 647 3871 ἔδεθαίωσεν,
672 3802 844 3856 πολλὰ
875 3797 1104 3869 σώματα
1137 3795 1250 3850 τῶν
1271 3795 1740 3866 τετελευτηκότων
1772 3796 1865 3864 ψυ-

1974 3806 2188 3860 variam
2205 3812 2260 3859 et
2289 3800 2671 3870 multiplicem,
2694 3794 2944 3865 cujusvis
2987 3789 3256 3863 przeconis
3291 3801 3426 3840 voce
3451 3784 3562 3838 cla-

293 3901 505 3973 χὼσας.
533 3899 624 3951 Διά
648 3895 806 3950 τοῦτο
834 3890 1083 3963 Λάζαρος
1115 3890 1489 3959 τετραήμερος
1535 3886 1725 3958 νεκρὸς
1777 3885 1865 3956 τῆς

1975 3899 2094 3955 rius
2119 3904 2174 3953 et
2195 3892 2598 3964 significantius
2623 3891 3076 3962 proclamantem,
3102 3881 3246 3952 quod
3267 3891 3564 3948 ctmagnus

295 3969 482 4064 θήκης
507 3990 721 4060 ἐξήλατο
745 4003 760 4018 ο
797 3987 892 4040 καὶ
917 3984 1016 4054 τῆς
1045 3983 1222 4053 χήρας
1244 3983 1273 4034 ὁ
1313 3979 1604 4066 μονογενὴς
1639 3975 1865 4044 ἀπεδόθη

1977 4002 2033 4046 et
2067 3990 2287 4059 sapiens
2319 3985 2516 4040 artifex
2555 3984 2627 4039 sit
2658 3983 2728 4046 is,
2755 3981 2848 4042 qui
2880 3995 2943 4033 ea
2990 3993 3113 4048 quae
3152 3974 3432 4032 videntur,
3487 3969 3563 4022 fa-

293 4091 365 4158 τῇ
395 4085 580 4156 μητρὶ,
605 4085 669 4136 ὲκ
696 4081 796 4152 τῆς
826 4079 1014 4147 κλίνης
1047 4077 1140 4129 καὶ
1169 4077 1269 4146 τῆς
1306 4073 1543 4144 ἐκφορᾶς
1588 4071 1722 4143 πρὸς
1751 4070 1865 4134 τοὺς

1978 4081 2225 4137 hricatus
2257 4085 2362 4133 est.
2397 4075 2534 4130 Cum
2564 4081 2746 4128 autem
2788 4070 3055 4124 adversus
3079 4067 3220 4120 hanc
3255 4071 3563 4118 creaturam

290 4152 835 4245 ζῶντας-ἀναλυθεὶς,
885 4171 978 4223 καὶ
1010 4168 1159 4224 ἄλλοι
1193 4167 1376 4238 μυρίοι
1423 4163 1516 4228 οὓς
1546 4161 1865 4234 ἀπαριθμεῖ·

1980 4173 2125 4228 Deus
2179 4169 2441 4242 providus
2476 4171 2569 4228 sit,
2603 4174 2769 4233 atque
2811 4163 2976 4217 etiam
3028 4158 3218 4229 procul
3267 4152 3564 4208 infidelium

291 4244 421 4328 σθαι
449 4269 546 4323 νῦν
573 4266 824 4338 ὀχληρόν.
861 4263 926 4318 Τί
975 4261 1121 4331 λέγω
1154 4260 1283 4332 περὶ
1313 4257 1408 4312 τοῦ
1461 4254 1596 4310 Θεοῦ
1629 4255 1722 4308 καὶ
1769 4255 1865 4307 Σω‹

1983 4264 2253 4322 animulas
2312 4261 2636 4319 intueatur,
2687 4255 2808 4324 ipso
2869 4266 3036 4320 opere
3096 4244 3564 4312 resurrectionem

289 4337 721 4437 τῆρος,ὸπότε
768 4361 855 4413 ἵνα
903 4355 1162 4410 ὲπιπλέον
1206 4350 1597 4422 δυσωπηοῶσιν
1625 4350 1673 4401 οί
1712 4349 1865 4418 ἀμφι-

1983 4364 2324 4413 mortuorum
2343 4347 2711 4407 confirmavit,
2741 4341 2928 4397 multis
2955 4337 3288 4409 corporibus
3320 4340 3566 4388 mortuo-

291 4430 609 4520 σάλλοντες,
639 4452 738 4507 καὶ
784 4452 896 4514 τοῖς
949 4447 1158 4510 δούλοις
1199 4443 1364 4500 αὐτοῦ
1404 4445 1517 4506 τοῖς
1564 4439 1865 4502 ἀποστόλοις

1984 4463 2104 4503 rum
2133 4447 2313 4500 anima
2348 4442 2622 4498 restituta.
2659 4436 2772 4491 [lac
2815 4435 2882 4490 de
2913 4447 3078 4489 causa
3129 4430 3369 4484 Lazarus
3399 4439 3566 4496 quar-

290 4552 393 4623 τὴν
425 4548 522 4603 τοῦ
555 4514 790 4616 ἐγείρειν
812 4541 1039 4614 νεκροὺς
1060 4537 1352 4610 ἐχαρίσατο
1397 4535 1662 4606 δύναμιν;
1696 4533 1865 4586 Ἐστιι

1985 4549 2098 4596 tum
2126 4537 2239 4607 jam
2280 4533 2422 4588 diem
2462 4538 2713 4585 mortuus
2738 4524 2960 4582 exsiluit
2992 4539 3022 4579 e
3048 4520 3304 4593 sepulcro
3325 4519 3393 4571 '°.
3430 4514 3567 4569 Uni-

291 4606 390 4701 si»
427 4645 461 4714 ἡ
501 4606 775 4702 ἀπόδείξις
819 4606 1222 4704 ἐναργής-καῖ
1255 4629 1344 4683 διὰ
1382 4629 1456 4691 τί,
1491 4630 1540 4681 οἱ
1572 4625 1862 4696 φιλόνεικοι

1983 4647 2082 4688 cus
2122 4606 2252 4685 item
2288 4627 2378 4682 ille
2417 4624 2596 4679 vidua:
2628 4621 2772 4676 filius
2794 4635 2863 4672 ex
2893 4616 3111 4680 lectica,
3167 4628 3276 4683 qua
3309 4606 3569 4665 effereba-

295 4699 606 4808 πρᾶγ-ματα
659 4699 793 4801 ἡμῖν
824 4699 1114 4798 παρέχετε,
1146 4723 1224 4786 ὠς
1275 4720 1681 4775 ἀναποδείκτων
1709 4717 1865 4785 λόγωι

1983 4735 2094 4789 tur,
2129 4721 2195 4775 ad
2225 4721 2377 4774 vivos
2408 4721 2702 4772 revocatus
2759 4711 2919 4766 matri
2952 4725 3066 4765 sua:
3109 4705 3361 4762 redditus
3390 4710 3475 4756 est
3503 4699 3524 4730 ⁸
3553 4715 3567 4753 :

295 4790 625 4897 ἐξηγηταῖς
797 4813 878 4882 εἷς
907 4790 1134 4888 ’ἠγέρθη
1155 4855 1171 4880 ,
1201 4813 1343 4868 οὕτω
1376 4812 1470 4866 καὶ
1505 4811 1672 4864 δέκαο
1718 4809 1794 4871 ὡς
1837 4825 1865 4860 ο

1983 4825 2149 4886 atque
2182 4812 2271 4867 alii
2325 4806 2608 4867 sexcenti,
2643 4818 2784 4875 quos
2823 4815 3150 4858 enumerare
3198 4809 3346 4850 nunc
3402 4790 3570 4845 mole-

296 4923 472 4986 δέκα,
519 4919 613 4973 καὶ
656 4915 998 4987 τριακόσιοι·
1045 4911 1121 4974 ὡς
1155 4909 1491 4981 τριακόσιοι,
1537 4905 1633 4958 καὶ
1677 4903 1883 4956 πολλοί.

311 5017 377 5070 ⁸0
437 5013 547 5084 γὰρ
600 5010 719 5074 ἑνὸς
769 5006 1085 5078 ἀνδριάντος
1133 5001 1416 5072 τεχνίτης,
1485 4999 1636 5051 ἔσται
1690 4995 1894 5068 ῥᾳδίως

295 5109 401 5166 καὶ
447 5105 654 5178 μυρίων
693 5097 1046 5173 δημιουργός.
1105 5096 1218 5151 Οὐκ
1269 5093 1438 5147 εἴδετε
1485 5091 1612 5154 τοὺς
1656 5106 1889 5160 μηχανιο

292 5201 474 5262 ποὺς,
513 5197 662 5258 ὅπως
707 5192 816 5246 τῶν
868 5188 1121 5262 μεγάλων
1165 5185 1260 5240 καὶ
1303 5181 1555 5249 ἐξαισίων
1605 5178 1890 5250 οἰκοδομη-

291 5295 495 5367 μάτων
537 5290 596 5342 ὲν
641 5285 808 5355 ὀλίγῳ
841 5280 999 5353 κηρῷ
1019 5279 1119 5343 τὰς
1154 5274 1368 5349 μορφὰς
1409 5274 1504 5328 καὶ
1534 5274 1660 5338 τοὺς
1687 5271 1894 5336 τύπους

289 5363 904 5456 πῳσαναπλάττουσινς
923 5372 1032 5426 Καὶ
1057 5373 1086 5424 ὁ
1103 5369 1163 5423 ὲν
1186 5367 1266 5438 τῷ
1291 5365 1472 5439 μικρῷ
1496 5365 1650 5433 λόγος
1673 5363 1772 5435 τὴν
1793 5364 1892 5417 αὺ-

292 5479 398 5549 τὴν
429 5472 544 5543 ἔχει
569 5470 798 5539 δύναμιν
827 5467 886 5519 ὲν
917 5465 1037 5526 ταῖς
1071 5459 1293 5524 πολλαῖς
1320 5459 1414 5513 καὶ
1441 5457 1708 5529 μεγάλαις
1731 5472 1894 5510 κατα⁶

299 5547 552 5626 σκευαῖς.
568 5562 758 5628 Μέγας
783 5560 812 5610 ό
832 5555 1080 5628 οὐρανὸς,
1100 5553 1346 5624 τεχνικὸν
1363 5549 1458 5605 τοῦ
1481 5549 1616 5603 Θεοῦ
1633 5547 1893 5620 δημιούρ-

298 5671 486 5725 γημα.
527 5647 746 5718 Ἐπειδὴ
778 5645 837 5700 δὲ
872 5643 1088 5713 λογικὸν
1111 5641 1250 5707 ζῶον
1280 5645 1308 5696 ὁ
1335 5640 1466 5705 Θεὸς
1493 5640 1584 5694 τὸν
1605 5638 1892 5710 ἄνθρωπον

381 5838 533 5896 'fsa.
568 5852 659 5907 ιι,
691 5839 771 5896 l2.
851 5835 1070 5894 "Juan.
1105 5853 1178 5904 xl,
1215 5835 1300 5891 45.
1377 5835 1394 5860 ’³
1429 5833 1564 5888 Lur.
1603 5845 1697 5898 vn,
1735 5827 1815 5882 15.

1984 4884 2128 4962 stum
2159 4902 2342 4958 fuerit.
2375 4897 2518 4966 Quid
2549 4896 2676 4951 dico
2697 4893 2765 4949 de
2787 4893 2896 4948 Deo
2932 4907 3000 4946 ac
3045 4884 3374 4944 Servatore?
3399 4897 3572 4954 quan-

1989 4995 2305 5068 doquidem,
2347 5001 2408 5047 ut
2457 4987 2633 5058 magis
2686 4984 2979 5040 flectantur
3011 4989 3066 5035 et
3113 4983 3437 5034 moveantur
3494 4971 3570 5026 illi

1990 5093 2083 5163 qui
2117 5086 2420 5156 ambigunt,
2460 5081 2627 5136 etiam
2658 5077 2833 5135 servis
2862 5075 2979 5131 suis
3019 5072 3288 5143 apostolis
3328 5076 3572 5123 mortuos

1990 5155 2276 5238 excitandi
2296 5175 2554 5229 virtutem
2581 5169 2816 5238 largitus
2839 5173 2941 5221 est.
2980 5160 3383 5218 Demonstratio
3411 5155 3575 5225 igitur

1990 5271 2217 5329 evidens
2236 5275 2321 5322 est
2342 5281 2404 5320 ac
2423 5259 2732 5317 manifesta.
2763 5256 2827 5311 Et
2848 5271 2947 5310 cur
2965 5253 3120 5308 nobis
3135 5249 3408 5321 negotium
3423 5242 3577 5301 exhio

1995 5366 2157 5426 betis.
2173 5357 2524 5420 contentiosi,
2543 5353 2703 5426 quasi
2725 5363 3062 5408 sermonum,
3083 5345 3174 5416 qui
3201 5337 3571 5398 demonstrari

1999 5469 2112 5511 non
2137 5450 2374 5524 possint,
2407 5443 2768 5502 auctoribus?
2805 5436 3274 5506 Quemadmodum
3314 5447 3457 5488 unus
3479 5443 3575 5484 ex-

2000 5521 2202 5601 citatus
2223 5548 2326 5604 est,
2361 5539 2551 5595 eodem
2587 5533 2752 5589 modo
2777 5531 2991 5594 decem,
3025 5529 3098 5583 ita
3128 5536 3183 5583 et
3217 5521 3478 5590 trecenti;
3516 5526 3578 5573 ut

1999 5637 2252 5703 trecenti,
2287 5634 2361 5691 ita
2391 5629 2554 5689 ctiam
2585 5627 2791 5701 plures.
2829 5619 3006 5680 Unius
3033 5620 3179 5678 enim
3213 5622 3410 5675 statuae
3441 5609 3573 5670 arti-
