3930 6210
387 368 492 425 667

1645 378 1710 434 8..
1746 379 2080 438 CREGORII
2109 382 2405 440 NYSSENI

3520 388 3638 446 668

386 483 475 540 fex
507 487 592 540 vel
626 495 1010 542 sexcentarum
1050 487 1212 545 facile
1247 491 1430 561 opifex
1471 493 1593 548 erit.
1629 497 1826 552 Annon
1877 499 1926 554 vi

2065 499 2337 571 ἐποίησεν,
2367 501 2453 556 ἵνα
2483 503 2548 573 τῇ
2583 502 2882 574 καταλήψει
2926 503 3036 555 τῶν
3079 501 3402 573 ποιημάτων
3433 503 3635 581 δοξάσῃ

384 575 528 632 detis
585 578 965 646 mechanicas,
1021 584 1480 652 quemadmodum
1529 601 1852 658 magnorum
1898 600 1958 647 et

386 666 685 736 ingentium
716 665 1069 728 aediﬁciorum
1097 671 1302 728 formas
1334 682 1388 729 et
1425 674 1628 745 ﬁguras
1667 679 1721 731 in
1755 679 1951 750 exigua

385 771 509 812 cera
547 759 865 828 speciminis
924 763 1045 818 loco
1092 763 1353 835 efﬁngunt
1398 775 1562 837 atque
1620 769 1953 838 designant?

384 850 464 904 Ac
486 851 627 906 ratio
675 867 796 922 quae
841 853 895 907 in
924 869 1094 924 parvo
1112 862 1216 919 est,
1273 857 1520 913 eamdem
1553 859 1657 914 vim
1681 861 1847 916 habet
1894 863 1951 918 in

383 941 577 996 multis
610 956 676 996 ac
698 943 912 1013 magnis
946 948 1258 1003 structuris.
1291 947 1543 1019 Magnum
1603 953 1831 1017 celum,
1861 968 1952 1007 ar-

383 1032 676 1090 tificiosum
702 1030 798 1089 Dei
863 1036 1139 1105 Opificium
1183 1047 1286 1094 est.
1349 1040 1430 1095 Ac
1494 1043 1752 1111 quoniam
1809 1044 1950 1100 Deus

383 1121 661 1177 hominem
685 1124 886 1178 animal
911 1127 1180 1182 rationale
1209 1127 1356 1192 fecit,
1378 1137 1437 1183 ut
1461 1132 1952 1201 comprehensione

381 1225 612 1282 operum
640 1214 904 1283 glorificet
933 1217 1233 1286 sapientem
1262 1227 1318 1272 et
1349 1219 1605 1275 solertem
1635 1237 1828 1277 eorum
1861 1223 1949 1278 fa-

380 1301 730 1368 bricatorem,
782 1305 966 1362 videas
1023 1310 1323 1364 astronomi
1386 1311 1655 1380 sphaeram
1723 1329 1947 1384 parvam

378 1390 625 1461 quidem,
653 1394 747 1450 sed
785 1394 838 1448 in
869 1411 1032 1450 manu
1066 1397 1292 1454 scientis
1328 1399 1403 1454 ita
1429 1401 1657 1463 moveri.
1689 1403 1952 1473 quemad-

378 1483 598 1536 modum
631 1495 662 1537 a
710 1483 819 1540 Deo
880 1488 1080 1543 coelum
1114 1503 1380 1545 movetur.
1414 1491 1494 1546 Ac
1535 1493 1759 1550 minima
1803 1503 1952 1550 stro-

376 1582 534 1626 Ctura
600 1576 782 1646 magni
834 1577 982 1634 illius
1033 1580 1235 1648 opilicii
1295 1581 1650 1639 simulacrum
1705 1593 1787 1641 est
1839 1604 1852 1640 :
1897 1593 1952 1640 et

378 1663 542 1729 ratio,
572 1680 695 1734 quae
739 1667 792 1722 in
825 1669 1010 1738 parvis
1059 1678 1165 1737 est,
1197 1671 1441 1728 declarat
1495 1675 1784 1738 immensa.
1829 1692 1952 1746 quae

375 1761 625 1809 nostrum
652 1772 872 1813 sensum
897 1768 951 1814 et
979 1761 1312 1818 intellectum
1342 1776 1674 1834 exsuperant
1695 1774 1750 1822 et
1779 1783 1948 1822 exce-

2051 590 2142 643 τδν
2178 589 2337 659 σοφὸν
2376 591 2470 644 καὶ
2494 592 2800 664 εὐμήχανον
2829 590 3076 663 ποιητὴν,
3093 590 3289 662 δψειτδ
3310 591 3405 645 τοῦ
3431 593 3614 666 ἀστρο-

2051 682 2218 751 νόμου
2245 682 2492 755 σφαιρίον
2516 684 2708 755 μικρὸν
2742 685 2862 753 μὲν,
2891 685 2952 737 ἐν
2970 684 3027 737 δὲ
3055 686 3121 754 τῇ
3147 684 3291 754 χειρὶ
3311 684 3631 755 κινούμενον

2049 773 2146 827 τοῦ
2169 776 2529 848 ἐπιστήμονος
2580 775 2755 840 οὕτως
2788 775 2866 840 ὡς
2894 775 3122 847 οὐρανὸς
3158 775 3307 847 παρὰ
3339 776 3434 830 τοῦ
3463 777 3627 840 Θεοῦ,

2051 868 2146 920 καὶ
2165 865 2225 920 τὸ
2241 866 2519 938 ἐλάχιστον
2538 867 2970 938 κατασκεύασμα
2989 867 3083 921 τοῦ
3109 867 3340 937 μεγάλου
3365 868 3636 939 δημιουρ-

2051 957 2298 1026 γήματος
2329 955 2496 1008 εἰκὼν
2516 955 2724 1024 γίνεται
2758 972 2775 989 ·
2810 957 2906 1011 καὶ
2927 959 2985 1011 ιν
3017 958 3131 1020 τοῖς
3169 959 3384 1028 μικροῖς
3405 959 3436 1009 6
3467 958 3636 1026 λόγος

2051 1045 2342 1116 ἑρμηνεύει
2392 1045 2460 1099 τὰ
2493 1045 2736 1117 ὑπέροχα
2779 1048 2872 1100 καὶ
2899 1048 2967 1101 τὰ
3009 1047 3110 1118 τὴν
3159 1047 3409 1118 αἴσθησιν
3465 1047 3640 1117 ἡμῶν

2052 1134 2464 1206 ὑπερϐαίνοντα.
2484 1135 2668 1190 Ταῦτα
2705 1136 2761 1190 δὲ
2811 1137 2948 1208 πρὸς
2981 1137 3036 1189 τί
3066 1136 3322 1206 διῆλθονς
3354 1136 3442 1188 ἵνα
3469 1135 3627 1204 γινώ-

2051 1243 2186 1298 σκῃς
2208 1227 2290 1280 ὅτι
2319 1227 2422 1281 κᾶν
2451 1227 2730 1300 ἐρωτήσῃς
2762 1245 2830 1299 με
2859 1227 2978 1290 πῶς
3033 1227 3186 1280 εσται
3223 1227 3332 1280 τῶν
3361 1228 3456 1280 ἀπ’
3493 1226 3627 1280 αἰῶ-

2050 1334 2139 1380 νος
2169 1318 2492 1389 σωμάτων-η
2522 1318 2850 1382 ἀνάστασις,
2881 1317 3189 1392 ἀντακούσῃ
3233 1320 3466 1390 ταχέως,
3497 1317 3627 1381 Πῶς

2049 1407 2080 1459 δ
2108 1409 2482 1480 τετραήμερος
2533 1409 2742 1482 ἠγέρθη
2778 1410 3027 1483 Λάζαρος
3055 1429 3071 1478 ;
3105 1411 3376 1483 Πρόδηλον
3407 1412 3517 1482 γὰρ
3546 1412 3627 1475 ὡς

2048 1495 2146 1567 τὴν
2172 1498 2264 1550 ἐπὶ
2301 1497 2378 1568 τῷ
2401 1499 2480 1551 ἑνὶ
2502 1499 2890 1570 πληροφορίαν.
2921 1501 3023 1554 κάν
3051 1504 3162 1563 τοῖς
3179 1500 3395 1564 πολλοῖς
3419 1501 3642 1570 ὁμοίως·

2051 1589 2343 1658 σωφρονῶν
2371 1588 2748 1660 παραδέξεται.
2793 1589 2928 1644 Θεὸν
2954 1590 3333 1660 ὑποτιθέμενος
3372 1592 3464 1644 τὸν
3503 1609 3628 1644 ποιο-

2047 1677 2212 1732 οῦντα
2236 1720 2251 1743 ,
2289 1678 2456 1750 μηδὲν
2504 1679 2669 1750 εἴπῃς
2696 1679 2976 1741 ἀδύνατον,
3026 1681 3163 1751 μηδὲ·
3191 1684 3262 1752 τῇ
3309 1680 3505 1735 σαυτοῦ
3540 1682 3628 1736 ὲν-

2047 1770 2167 1842 νοίᾳ
2194 1769 2546 1840 καταληπτὴν
2576 1770 2805 1842 νομίσῃς
2830 1771 2928 1842 τὴν
2968 1772 3063 1825 τοῦ
3093 1772 3484 1843 ἀκαταλήπτου
3534 1790 3627 1826 σο-

375 1842 533 1898 dunt.
569 1845 676 1902 Sed
696 1863 796 1904 cur
829 1850 942 1906 haec
969 1853 1236 1922 exposui?
1275 1866 1334 1911 ut
1364 1856 1660 1928 intelligas,
1709 1859 1858 1929 quod
1897 1860 1939 1917 si

2049 1859 2367 1930 φίαν.·οῦτε
2411 1860 2522 1931 γὰρ
2550 1861 2742 1931 ἐκείνῳ
2760 1877 2813 1915 τι
2857 1861 3102 1933 ἄπειρον,
3127 1865 3220 1917 καὶ
3271 1842 3354 1918 ant
3398 1863 3471 1920 τὰ
3523 1862 3636 1918 τοῦ.

329 1931 333 1937 ’
375 1947 461 1988 me
513 1950 732 2006 quoque
784 1939 1242 2012 interrogaveris,
1293 1947 1576 2016 quomodo
1619 1963 1939 2018 corporum.

2053 1953 2283 2024 ἀπείρου
2313 1953 2466 2020 ἀνεξε
2476 1952 2749 2025 ρεύνητα..

373 2038 497 2090 qua!
529 2026 597 2080 ab
651 2029 852 2083 saeculo
885 2047 1061 2104 usque
1091 2033 1332 2100 fuerunt,
1369 2039 1705 2093 resurrectio
1768 2039 1956 2094 futura

371 2111 507 2176 erit,
541 2124 735 2172 contra
770 2121 948 2176 statim
1001 2124 1192 2181 audies
1222 2144 1235 2180 :
1269 2127 1544 2195 quomodo
1568 2127 1832 2191 Lazarus,
1873 2130 1968 2200 qui
1999 2143 2252 2201 quartum
2288 2133 2400 2202 jam
2432 2133 2578 2190 diem
2625 2134 2885 2204 sepultus.
2915 2143 3063 2199 erat,
3095 2135 3448 2199 resuscitatus
3503 2141 3639 2195 est?

369 2202 726 2274 Perspicuum
760 2211 904 2266 enim
943 2222 1049 2275 est,
1081 2216 1228 2284 quod
1263 2232 1384 2272 eam
1424 2217 1584 2274 fidem
1619 2231 1673 2275 et
1711 2222 2086 2292 probationem
2113 2239 2234 2294 quae
2265 2223 2318 2279 in
2358 2239 2471 2280 uno
2511 2225 2588 2286 fit.
2639 2202 2800 2282 etiam
2836 2226 2890 2283 in
2945 2226 3128 2282 multis
3168 2227 3418 2283 similiter
3455 2228 3626 2284 homo

370 2308 539 2352 sanus
593 2297 898 2357 admiserit.
944 2302 1132 2359 Posito
1189 2307 1333 2375 quod
1371 2306 1516 2364 Deus
1554 2311 1647 2375 sit,
1677 2311 1770 2380 qui
1809 2311 1994 2376 faciat,
2035 2315 2172 2370 nihil
2228 2315 2432 2371 dixeris
2465 2332 2618 2381 esse,
2650 2317 2797 2386 quod
2849 2316 2970 2374 fieri
3016 2333 3124 2374 non
3176 2318 3348 2388 possit
3388 2335 3401 2371 :
3442 2335 3628 2390 neque

368 2398 461 2442 tua
519 2391 847 2460 cogitatione
895 2395 1101 2464 percipi
1139 2411 1302 2466 posse
1349 2407 1508 2469 putes
1550 2402 1720 2470 illius,
1758 2404 1851 2473 qui
1890 2405 2276 2474 comprehendi
2325 2421 2432 2462 non
2483 2415 2699 2476 potest,
2744 2407 3088 2477 sapientiam.
3139 2406 3324 2477 Neque
3360 2409 3508 2466 enim
3543 2408 3630 2463 illi

367 2481 667 2551 quidquam
715 2483 986 2541 infinitum
1029 2503 1044 2542 :
1091 2495 1150 2542 at
1202 2488 1301 2544 tibi
1354 2506 1440 2558 ea,
1474 2508 1597 2562 qua:
1631 2496 1905 2564 pertinent
1939 2497 2005 2552 ad
2051 2497 2251 2554 infiniti
2301 2503 2684 2568 qumstionem,
2725 2500 3102 2556 inscrutabilia
3127 2507 3193 2555 et.
3221 2501 3618 2574 investigahilia

438 2713 759 2772 Videbimus
825 2727 1004 2774 autem
1071 2721 1214 2777 hanc
1271 2726 1539 2782 rationem
1585 2729 1832 2799 pulchre,
1891 2731 1938 2786 si

2119 2731 2395 2803 Ὀψόμεθα
2422 2733 2479 2787 δὲ
2511 2732 2700 2786 τοῦτον
2727 2733 2817 2786 τὸν
2842 2733 2997 2802 λόγον
3019 2733 3220 2798 καλῶς,
3241 2734 3308 2788 ἂν
3343 2735 3480 2806 πρὸς
3508 2718 3648 2800 τοῖς⁸

365 2815 567 2878 praeter
598 2822 662 2862 ea
683 2824 804 2878 qua:
825 2809 971 2864 dicta
994 2821 1143 2878 sunt,
1172 2825 1480 2872 scrutemur
1510 2827 1563 2874 et
1585 2824 1939 2890 exquiramus

2041 2831 2345 2902 εἰρημένοις
2371 2833 2464 2886 καὶ
2496 2833 2585 2886 τὸν
2610 2834 2808 2905 τρόπον
2840 2836 2938 2906 τῆς
2980 2835 3248 2903 γενέσεως
3274 2836 3433 2906 ἡμῶν
3471 2837 3622 2889 δοκι-

365 2897 588 2960 modum
625 2901 996 2968 generationis
1038 2914 1263 2968 nostrae,
1295 2921 1403 2960 non
1433 2908 1669 2978 primum
1717 2920 1770 2966 et
1799 2912 1940 2966 anti-

2041 2923 2325 2994 μάσωμεν,
2359 2924 2419 2976 οὐ
2466 2924 2557 2977 τὸν
2610 2925 2824 2996 πρῶτον
2857 2925 2951 2978 καὶ
2994 2924 3365 2996 πρεσϐύτατον
3413 2929 3621 2980 ἐκεῖνον

366 2986 690 3056 qnissimum
716 2989 891 3054 illum,
920 3009 948 3046 a
983 2992 1091 3047 Deo
1115 2995 1389 3064 proditum
1414 3007 1468 3052 et
1498 2999 1832 3066 institutum,
1872 3003 1939 3057 de

2041 2986 2127 3069 τὸν
2167 2986 2321 3084 παρά
2347 3015 2503 3081 Θεοῦ,
2529 2986 2745 3087 περ)..οὒ
2787 3017 2844 3069 ὲν
2887 3019 3000 3081 τοῖς
3040 2986 3354 3088 ξμπροσϐεν
3400 3017 3616 3089 εἴρηται

364 3092 476 3147 quo
502 3077 556 3132 in
596 3079 972 3149 superioribus
1018 3084 1160 3139 dicta
1191 3095 1319 3142 sunt
1377 3087 1522 3156 haec;
1555 3090 1650 3144 sed
1682 3106 1804 3144 eum
1845 3095 1938 3160 qui

366 3183 544 3239 usque
566 3171 632 3225 ad
662 3171 764 3226 hoc
800 3181 1017 3246 tempus
1045 3177 1406 3234 consimiliter
1437 3195 1468 3233 a
1508 3189 1702 3236 natura
1732 3183 1940 3253 perfici-

366 3265 479 3314 tur.
504 3258 909 3332 inexplicabilis
941 3267 1085 3320 enim
1112 3265 1202 3321 hic
1250 3279 1356 3334 est,
1389 3277 1445 3325 et
1486 3271 1804 3346 cogitationi
1832 3273 1938 3327 hu-
1965 3284 2008 3342 ο

364 3365 541 3406 mana:
571 3351 904 3410 inaccessus.
955 3354 1088 3410 Nam
1135 3374 1242 3429 qua
1278 3361 1512 3425 ratione,
1555 3376 1679 3415 cum
1711 3379 1797 3418 res
1837 3363 1938 3417 hu-

365 3441 533 3508 mida,
570 3444 720 3499 rudis
759 3455 810 3499 et
861 3445 1112 3504 informis
1147 3450 1244 3515 sit,
1287 3467 1471 3507 semen
1497 3454 1552 3508 in
1587 3463 1750 3524 caput
1805 3470 1939 3509 cort-

364 3533 587 3600 crescit,
618 3535 780 3590 tibias
818 3545 870 3592 et
901 3547 1086 3595 costas
1134 3541 1378 3598 durescit
1435 3552 1488 3599 et
1539 3548 1935 3614 consolidatur,

365 3621 651 3677 cerebrum
675 3623 837 3678 ellicit
859 3635 1107 3682 tenerum
1149 3643 1466 3700 rarumque,
1499 3642 1551 3688 et
1581 3647 1643 3688 os
1663 3649 1771 3704 quo
1801 3649 1936 3689 con-

365 3710 592 3776 tinetur,
633 3715 770 3770 adeo
806 3716 1003 3771 dorum
1045 3734 1109 3774 ac
1158 3721 1414 3792 rigidum,
1460 3724 1668 3778 variam
1702 3725 1937 3796 denique

364 3803 621 3860 animalis
652 3803 1071 3863 fabricationem
1093 3819 1147 3866 et
1196 3813 1667 3882 compositionem.
1711 3821 1770 3869 ut
1815 3816 1940 3871 bre-

363 3893 506 3947 viter
547 3894 748 3963 dicam,
790 3912 853 3952 ac
888 3900 1092 3958 nimius
1123 3919 1192 3957 ne
1225 3905 1328 3960 sim
1376 3907 1686 3960 minutatim
1722 3909 1935 3978 singula

364 3987 758 4055 persequendo.
797 3988 1266 4055 Quemadmodum
1316 3997 1481 4066 igitur
1525 4016 1733 4065 semen,
1789 4003 1936 4072 quod

363 4072 522 4129 initio
561 4075 794 4134 informe
827 4091 934 4147 est,
968 4082 1098 4139 dum
1153 4088 1368 4142 occulta
1403 4098 1456 4144 et
1502 4090 1759 4146 ineffabili
1819 4102 1938 4150 arte

365 4159 461 4219 Dei
494 4173 783 4239 tractatur,
817 4172 872 4227 in
912 4177 1150 4245 speciem
1190 4181 1478 4252 redigitur,
1507 4191 1562 4239 et
1592 4185 1646 4239 in
1701 4201 1935 4256 corpora

361 4257 675 4324 grandescit
723 4271 775 4318 et
826 4265 1089 4323 adolescit
1129 4288 1143 4324 :
1187 4270 1261 4324 ita
1313 4287 1423 4327 non
1477 4276 1640 4330 modo
1688 4293 1797 4331 non
1852 4285 1936 4332 est

360 4345 628 4404 absonum
674 4360 730 4408 et
784 4355 1116 4428 absurdum,
1169 4378 1355 4419 verum
1421 4367 1583 4422 etiam
1641 4368 1932 4423 admodum

357 4451 789 4500 consentaneum
841 4457 1004 4518 atque
1041 4454 1320 4520 probabile
1353 4459 1636 4512 materiam
1692 4475 1814 4530 qua:
1853 4470 1936 4516 est

358 4528 416 4583 in
487 4535 776 4602 sepulcris,
812 4554 933 4608 quae
965 4543 1238 4610 quondam
1268 4557 1384 4602 erat
1414 4548 1470 4603 in
1515 4528 1723 4613 forma,
1741 4566 1934 4608 rursus

2044 3115 2247 3178 ταῦτα,
2283 3115 2417 3169 ἀλλά
2477 3117 2569 3170 τὸν
2619 3117 2781 3188 μέχρι
2822 3115 2917 3170 νῦν
2968 3117 3274 3180 ἀκολούθως
3317 3121 3469 3190 παρά
3520 3121 3620 3191 τῆς

2045 3214 2259 3284 φύσεως
2275 3213 2492 3268 ὲκτελού
2501 3231 2680 3285 μενον.
2705 3217 2940 3286 ’Δπορος
2960 3217 3068 3288 γὰρ
3083 3211 3236 3281 οὗτος
3258 3218 3350 3274 καὶ
3373 3218 3620 3290 λογισμῴ

2039 3315 2363 3386 ἀνθρωπίνῳ
2407 3315 2720 3385 ἀπρόσιτος.
2763 3315 2888 3380 Πῶς
2917 3316 3025 3388 γὰρ
3073 3315 3134 3370 τὸ
3185 3318 3407 3389 σπέρμα
3459 3319 3626 3373 οὐσία

2038 3403 2172 3460 οὖσα
2221 3407 2365 3478 ὑγρὰ
2395 3409 2489 3461 καὶ
2534 3407 2806 3473 ἄπλαστος
2834 3409 2928 3463 καὶ
2966 3408 3223 3481 ἀνειδὴς,
3247 3411 3325 3474 εἰς
3375 3410 3624 3484 κεφαλὴν

2040 3509 2331 3578 πήγνυται,
2364 3507 2456 3563 καὶ
2485 3509 2564 3571 εἰς
2603 3508 2933 3578 ἀντικνήμια
2962 3509 3055 3563 καὶ
3087 3509 3326 3583 πλευρὰς
3357 3511 3618 3582 στερεοῦ-

2036 3616 2146 3664 ται,
2170 3599 2265 3653 καὶ
2301 3603 2445 3655 ποιεῖ
2474 3599 2773 3670 ἐγκέφαλον
2819 3601 3027 3656 ἁπαλὸν
3066 3602 3162 3656 καὶ
3210 3602 3391 3683 μανὸν,
3425 3601 3521 3654 καὶ
3553 3602 3623 3657 τὸ

2037 3693 2286 3763 περιέχον
2318 3693 2480 3746 αὐτὸν
2505 3692 2691 3746 ὀστέον
2733 3691 2876 3748 οὕτω
2909 3693 3143 3766 σκληρὸν
3184 3694 3270 3754 καὶ
3298 3693 3619 3762 ἀντιτυπὲς,

2037 3784 2132 3836 καὶ
2150 3783 2248 3853 τὴν
2269 3784 2516 3854 ποικίλην
2541 3783 2634 3838 τοῦ
2660 3782 2798 3848 ζώου
2833 3788 3198 3857 κατασκευὴν.
3228 3787 3311 3840 ἵνα
3331 3789 3618 3858 συντόμως

2037 3875 2198 3938 εἴπω,
2226 3875 2414 3946 καὶμὴ
2438 3893 2513 3929 πα
2522 3876 2703 3948 ρέλκω
2716 3877 3066 3949 λεπτομερῶς
3095 3879 3324 3944 ἐπεξιὼν
3343 3882 3454 3946 τοῖς
3475 3880 3616 3935 καί)-

2038 3965 2276 4032 έκαστα;
2308 3968 2394 4030 Ὠς
2444 3963 2537 4022 οὖν
2589 3968 2650 4022 τὸ
2699 3963 2919 4041 σπέρμα
2967 3970 3207 4042 ὑπάρχον
3260 3972 3506 4043 ἄμορφον
3557 3975 3625 4028 ἐν

2037 4069 2252 4138 ἀρχαῖς,
2285 4070 2364 4134 είς
2393 4069 2578 4139 σχῆμα
2611 4069 2894 4136 τυποῦται,
2921 4071 3018 4124 καὶ
3049 4073 3129 4133 είς
3165 4072 3361 4139 ὄγκους
3392 4073 3622 4144 ἀδριξνε-

2035 4176 2144 4223 ται,
2157 4161 2223 4230 τῇ
2249 4159 2543 4237 ἀπορῤῄτῳ
2567 4161 2661 4215 τοῦ
2685 4161 2819 4218 Θεοῦ
2850 4164 3386 4234 κατασκευαζόμενον
3413 4166 3577 4237 τέχνῃ
3596 4182 3616 4196 ·

2035 4256 2206 4320 οὕτως
2230 4257 2381 4310 οὐδὲν
2407 4231 2650 4322 ἀπεικὸς,
2685 4258 2819 4312 ἀλλά
2849 4259 2944 4312 καὶ
2977 4259 3118 4314 πάνυ
3158 4231 3449 4314 ἀκόλουθον

2035 4347 2092 4398 ὲν
2112 4351 2227 4410 τοῖς
2259 4348 2453 4416 τάφοις
2492 4348 2645 4419 ὓλην,
2682 4351 2780 4421 τήν
2812 4367 2942 4403 ποτε
2970 4345 3136 4406 οὖσαν
3167 4352 3226 4403 ὲν
3267 4351 3417 4415 εῖδει,
3455 4348 3619 4416 αὖθις

2035 4439 2116 4500 είς
2147 4438 2247 4508 τὴν
2277 4439 2517 4493 παλαιὰν
2547 4440 2996 4510 ἁνακαινισθῆναι
3031 4441 3340 4506 διάπλασιν,
3379 4444 3474 4496 καὶ
3505 4445 3617 4497 πά.-

2033 4537 2118 4591 λιν
2162 4537 2412 4606 γενέσθαι
2457 4539 2548 4594 τὸν
2591 4539 2719 4612 χοῦν
2748 4541 3032 4612 ἄνθρωπον
3060 4558 3074 4574 ⁸
3098 4540 3288 4612 ὥσπερ
3316 4542 3379 4612 δὴ
3412 4543 3508 4597 καὶ
3555 4545 3624 4599 τὺ

358 4618 413 4672 ln
451 4622 738 4692 pristinam
779 4631 1030 4684 renovari
1080 4631 1306 4702 figuram
1337 4651 1401 4694 ac
1431 4655 1623 4695 rursus
1656 4640 1928 4710 pulverem

2041 4630 2250 4700 πρῶτον
2304 4631 2514 4685 ἐκεῖθεν
2557 4632 2682 4702 ἔσχε
2729 4633 2829 4704 τὴν
2876 4634 3108 4702 γένεσιν.
3159 4636 3623 4706 Συγχωρήσωμεν

356 4709 474 4766 fieri
535 4712 810 4770 hominem
863 4735 878 4773 :
929 4721 1386 4788 quemadmodum
1444 4709 1702 4784 nimirum
1768 4732 1935 4786 etiam

357 4803 516 4860 initio
549 4815 746 4864 nactus
783 4820 864 4865 est
917 4811 1045 4867 inde
1088 4819 1515 4883 generationem.
1555 4823 1934 4881 Concedamus

353 4893 489 4964 Deo,
519 4900 676 4988 quod
732 4913 937 4959 tantum
973 4909 1168 4977 possit,
1217 4921 1480 4981 quantum
1517 4917 1659 4971 valet
1689 4916 1885 4988 figulus
1916 4939 1929 4976 :

353 4992 408 5040 et
437 4987 568 5055 quid
599 4989 684 5044 hic
717 4991 904 5062 faciat,
962 4999 1394 5057 consideremus.
1433 5003 1587 5061 Rude
1639 4987 1804 5078 atque
1849 5010 1934 5066 in-

353 5076 529 5135 forme
566 5081 738 5139 lutum
786 5100 1071 5160 acceptum
1118 5093 1185 5147 ad
1235 5093 1466 5150 formam
1511 5100 1658 5156 vasis
1705 5076 1923 5174 redigit,

353 5171 520 5242 idque
568 5175 739 5256 radiis
772 5181 905 5235 solis
950 5186 1258 5253 expositum
1305 5188 1478 5243 siccat
1517 5205 1581 5247 ac
1614 5193 1794 5248 durat.
1829 5171 1925 5251 Est

355 5273 560 5328 autem,
595 5269 746 5324 verbi
783 5271 979 5342 gratia,
1005 5273 1058 5328 id
1089 5277 1234 5345 quod
1276 5279 1500 5350 fingitur
1532 5291 1696 5352 atque
1729 5285 1926 5342 forma-

353 5360 446 5408 tur
481 5359 758 5423 urceolus,
793 5363 876 5416 vel
902 5366 1150 5434 scutella,
1182 5367 1264 5423 vel
1298 5368 1504 5425 dolium
1525 5412 1544 5439 ,
1586 5375 1681 5430 sed
1710 5372 1757 5428 si
1790 5378 1921 5444 quid

354 5451 562 5503 temere
603 5450 855 5507 inciderit
884 5461 938 5508 et
975 5455 1325 5526 subverterit,
1352 5462 1656 5532 collapsum
1691 5466 1926 5521 confrin-

359 5533 526 5604 gitnr,
560 5550 615 5596 et
647 5543 800 5600 rudis
833 5553 888 5599 et
917 5545 1168 5606 informis
1207 5559 1350 5607 terra
1385 5553 1461 5619 fit,
1492 5570 1759 5626 suamque
1796 5575 1922 5630 spe-

356 5624 496 5678 ciem
526 5628 744 5685 amittit.
782 5632 852 5688 At
887 5637 1103 5706 artifex,
1143 5639 1191 5695 si
1224 5641 1479 5711 voluerit,
1517 5624 1775 5701 celeriter
1808 5624 1925 5705 eor-

345 5717 486 5792 .rigtt
506 5728 570 5772 ac
598 5720 772 5779 reficit
791 5724 843 5782 id
865 5728 1009 5799 quod
1031 5746 1159 5790 casu
1185 5747 1500 5807 corruptum
1521 5746 1624 5807 est,
1644 5754 1705 5796 ac
1729 5755 1921 5802 rursus

2029 4730 2108 4800 τῷ
2131 4729 2248 4802 Θεῷ
2285 4731 2544 4785 δύνασθαι
2579 4731 2856 4796 τοσοῦτον,
2885 4735 3007 4788 ὅσον
3027 4736 3055 4788 6
3092 4734 3367 4805 κεραμεὺς
3395 4736 3576 4804 ἰσχύει
3599 4752 3619 4768 ο

2029 4822 2082 4874 τί
2104 4826 2213 4894 γὰρ
2244 4816 2402 4887 οὗτος
2435 4826 2598 4885 ποιεῖ,
2617 4823 2978 4896 λογισώμεθα.
3015 4826 3191 4897 Πηλὸν
3217 4825 3397 4879 λαϐὼν
3431 4827 3614 4896 ἀμορ-

2029 4929 2149 4982 φον,
2181 4915 2261 4978 είς
2292 4913 2484 4978 σκεῦος
2523 4915 2777 4981 ὀδοποιεῐ,
2812 4918 2905 4971 καὶ
2932 4916 3091 4970 τοῦτο
3113 4916 3252 4989 πρὸς
3273 4917 3374 4987 τὴν
3411 4919 3615 4973 ἀκτῖνα

2027 5005 2127 5074 τὴν
2154 5005 2380 5078 ἡλιακὴν
2402 5006 2736 5079 προθέμενος
2772 5008 3015 5079 ξηραίνει
3041 5008 3134 5063 καὶ
3184 5007 3402 5078 στερεὸν
3431 5008 3612 5081 ἀπερ-

2033 5104 2275 5173 γάζεται.
2311 5107 2464 5160 Ἐστι
2491 5107 2548 5160 δὲ
2588 5107 3005 5179 ἀμφορίσκος,ἢ
3044 5106 3234 5174 πίναξ,
3270 5107 3304 5177 ἢ
3347 5106 3510 5171 πίθος
3550 5107 3612 5160 τὸ

2032 5196 2400 5268 πλαττόμενον
2422 5213 2438 5230 ο
2477 5199 2592 5253 ἀλλ’
2643 5199 2973 5271 ἐμπεσόντος
3022 5200 3167 5263 τινὸς
3212 5200 3466 5263 ἀτάκτως
3515 5200 3605 5253 καὶ

2032 5287 2449 5359 ἀνατρέψαντος,
2470 5291 2809 5362 συντρίϐεται
2840 5289 3166 5347 καταπεσὼν
3192 5332 3206 5356 ,
3249 5290 3344 5343 καὶ
3397 5292 3599 5358 γίνεται

2031 5379 2353 5451 ἀμόρφωτος
2513 5385 2571 5437 Ὀ
2597 5384 2655 5436 δὲ
2685 5385 2934 5456 τεχνίτης
2969 5383 3250 5455 βουληθεὶς
3288 5382 3462 5449 ὀξέως
3507 5384 3595 5434 ἑπ-

2029 5476 2246 5548 ανορθοτ
2270 5478 2331 5529 τὸ
2377 5478 2609 5549 συμϐὰν,
2642 5479 2737 5532 καὶ
2771 5479 2936 5533 πάλιν
2960 5484 3131 5543 πηλὸν
3160 5477 3506 5548 σχηματίσας
3528 5476 3594 5543 {fi

2027 5559 2211 5634 τέχνῃ,
2249 5564 2399 5619 οὐδὲν
2450 5567 2628 5636 χεῖρον
2661 5564 2757 5619 τοῦ
2799 5582 2931 5619 ποτε
2964 5565 3115 5628 ὄντος
3146 5563 3514 5634 ἀπεργάζεται
3534 5559 3598 5611 τὸ

2029 5655 2241 5718 σκεῦος.
2275 5655 2384 5711 Καὶ
2420 5658 2448 5711 6
2482 5657 2580 5728 μὲν
2612 5656 2886 5729 κεραμεὺς
2918 5650 3092 5723 οὗτος,
3133 5655 3327 5727 μικρὸν
3371 5654 3474 5724 τῆς
3499 5649 3598 5705 τοῦ

2030 5749 2163 5806 Θεοῦ
2195 5751 2474 5820 δυνάμεως
2531 5751 2754 5823 κτίσμα,
2799 5753 2828 5806 6
2874 5752 2930 5808 δὲ
2959 5752 3091 5817 Θεὸς
3142 5748 3452 5808 ἀπιστεῖται
3485 5745 3600 5802 ὕπ-
