3930 6210
133 338 236 400 609

133 448 483 522 ισχνούμενος
553 448 923 516 ἀνακαινίζειν
976 451 1068 506 τὸν
1122 452 1418 527 τεθνηκότα
1461 472 1476 522 ;

131 543 306 599 ταῦτα
320 543 425 617 τῆς
457 542 644 607 ἀνοίας
674 542 811 599 ἐστί.

194 804 586 879 Θεωρήσωμεν
621 808 717 862 καὶ
740 808 800 862 τὸ
822 806 918 862 τοῦ
962 809 1109 862 σίτου
1143 806 1479 880 ὑπόδειγμα,
1503 801 1548 878 ᾧ
1582 808 1730 863 Παύ-

135 896 222 962 λος
242 900 277 952 6
299 898 578 969 πάνσοφος
597 899 838 954 παιδεύει
865 901 990 965 τοὺς
1011 901 1271 972 ἄφρονας,
1286 900 1726 972 λέγων,”Ας.ορον,

135 991 214 1046 σὺ
240 990 279 1044 ὃ
307 992 600 1063 σπείρεις,
620 994 692 1049 οὐ
719 993 785 1047 τὸ
810 991 981 1064 σῶμα
1004 993 1071 1048 τό
1105 996 1516 1064 γενησόμενον
1549 995 1694 1049 σπει
1707 1027 1724 1036 -

132 1096 283 1149 Pete.
328 1081 492 1135 (me
538 1082 770 1151 γυμνὸν
824 1084 1072 1147 κόκκον,
1119 1086 1170 1139 ει
1227 1085 1428 1153 τύχοι,
1462 1085 1659 1151 σίτου,
1688 1083 1729 1156 ἥ

139 1185 303 1238 τινος
335 1170 457 1225 τῶν
478 1171 708 1227 λοιπῶν
739 1174 1095 1243 σπερμάτων
1113 1190 1128 1206 ⁶
1165 1179 1199 1230 ὁ
1224 1175 1295 1229 δὲ
1314 1175 1457 1241 Θεὸς
1482 1175 1731 1231 δίδωσιν

138 1259 302 1327 σὺτῷ
365 1259 540 1333 σῶμα
561 1304 577 1327 ,
632 1263 825 1332 καθὼς
876 1265 1197 1335 ἠθέλησεν.
1247 1266 1512 1338 ’Δκριόὧς
1562 1284 1728 1340 προσ-

136 1350 357 1423 ίχωμεν
378 1356 447 1425 τῇ
478 1352 693 1423 γενέσει
730 1355 825 1409 τοῦ
869 1356 1042 1418 σίτου.
1076 1357 1168 1411 καὶ
1213 1358 1351 1428 τάχα
1380 1358 1468 1413 τὸν
1490 1356 1728 1414 ἀναστά-

135 1460 280 1510 σεως
329 1445 488 1516 λόγον
545 1445 1001 1519 διδαχθησόμεθα.
1060 1448 1117 1503 '0
1145 1452 1290 1513 σῖτος
1341 1449 1592 1522 ρίπτεται
1648 1451 1733 1516 εἰς

130 1536 233 1609 τὴν
262 1537 391 1608 γῆν.
431 1537 727 1603 Διασαπεὶς
753 1538 809 1593 δὲ
836 1540 895 1593 ὲν
941 1542 1010 1611 τῇ
1034 1539 1220 1607 νοτίδι,
1249 1540 1343 1595 καὶ
1378 1540 1455 1605 ὡς
1488 1540 1555 1596 ἂν
1587 1542 1728 1597 εἴποι

128 1643 219 1689 τις
234 1627 597 1700 τελευτήσας,
621 1627 886 1701 ἀπολήγει
915 1630 992 1695 si;
1018 1645 1140 1684 τινα
1170 1629 1491 1703 γαλακτώδη
1520 1632 1727 1697 οὐσίαν,

128 1716 265 1788 ἥτις
332 1720 568 1785 πατεῖσα
609 1718 822 1791 μικρὸν,
863 1719 956 1784 ὀξὺ
1002 1720 1095 1774 καὶ
1137 1720 1331 1774 λευκὸν
1366 1721 1571 1791 γίνεται
1607 1722 1728 1775 κέν-

1050 338 1120 395 IN
1148 338 1421 398 CHRISTI
1448 337 2082 404 BESURRECTIONEM
2124 345 2339 405 ORAT.
2377 347 2469 404 Ill.

3308 346 3409 403 670

1538 456 1743 530 Πολλῆς
1770 466 1816 522 Α
1844 471 1963 517 arte
1999 461 2175 516 lutum
2204 460 2413 532 ﬁngens
2438 458 2611 515 nihilo
2634 458 2816 530 priore
2838 457 3080 517 deterius
3100 472 3200 513 vas
3218 456 3411 515 efﬁcit.

1830 551 2009 621 Atque
2038 551 2127 608 hic
2156 550 2381 622 quidem
2422 550 2618 621 ﬁgulus
2649 564 2817 620 parva
2844 550 3100 620 potentia:
3134 547 3229 604 Dei
3254 563 3411 604 crea-

1832 650 1954 695 tura
1985 649 2087 706 est,
2118 650 2173 697 et
2209 641 2317 696 Deo
2352 656 2460 696 non
2491 640 2735 697 creditur
2755 639 3033 710 pollicenti
3070 654 3131 695 se
3161 646 3411 694 mortuos

1832 734 2258 789 renovaturum?
2286 732 2515 787 Multum
2545 732 2779 787 amentis
2802 741 2887 788 est
2907 731 3010 786 ista
3029 731 3409 802 pronuntiare.

1900 822 2325 879 Consideremus
2348 821 2474 877 item
2510 820 2926 876 similitudinem
2968 819 3157 882 tritici,
3190 834 3297 887 qua
3327 833 3409 873 sa-

1830 910 2212 985 pientissimus
2232 910 2435 966 Paulus
2463 910 2787 980 insipientes
2816 907 3049 978 corripit
3062 915 3119 963 et
3145 906 3407 971 instituit.

1829 1004 2042 1065 dicens,
2072 1000 2263 1066 Stulte,
2302 1013 2357 1056 tu
2384 1000 2523 1071 quod
2539 1001 2788 1064 seminus,
2815 1017 2917 1055 non
2950 1000 3005 1052 id
3049 998 3191 1069 quod
3222 1015 3409 1053 nasce-

1832 1104 1917 1149 tur
1959 1110 2149 1162 corpus
2198 1094 2449 1156 seminat,
2503 1091 2592 1146 sed
2637 1091 2836 1145 nudum
2877 1106 3127 1163 granum,
3180 1088 3409 1156 exempli

1828 1188 2025 1259 gratia,
2059 1186 2224 1239 tritici
2277 1192 2369 1238 aut
2428 1182 2658 1252 alicujus
2723 1182 3048 1254 reliquorum
3090 1181 3343 1236 seminum
3385 1194 3405 1234 :

1828 1279 1970 1333 Deus
2016 1287 2190 1332 autem
2236 1276 2328 1329 dat
2365 1276 2411 1330 ei
2447 1290 2665 1344 corpus,
2699 1273 3139 1344 quemadmodum
3169 1273 3330 1328 voluit
3361 1273 3403 1328 ’.

1830 1370 2123 1441 Diligenter
2156 1367 2502 1424 attendamus
2537 1365 2881 1438 generationi
2931 1366 3118 1429 tritici,
3179 1376 3232 1419 et
3262 1364 3409 1420 celi-.-

1828 1464 1963 1519 riter
2013 1461 2440 1517 resurrectionis
2473 1460 2737 1517 rationem
2788 1456 3095 1512 discemus.
3126 1454 3397 1509 Triticum

1830 1553 1883 1608 in
1920 1562 2122 1609 terram
2162 1553 2475 1623 projicitur,
2532 1548 3027 1621 computrefactum
3060 1552 3239 1604 autem
3290 1546 3398 1602 hu-

1827 1663 2000 1710 more,
2032 1655 2087 1703 et
2117 1653 2175 1701 ut
2200 1647 2275 1701 ita
2298 1645 2508 1709 dicam,
2548 1650 2822 1697 mortuum
2852 1642 3051 1698 desinit
3082 1641 3135 1696 in
3171 1641 3400 1695 lacteam

1829 1738 2123 1808 quamdam
2165 1745 2443 1800 naturam,
2499 1750 2620 1806 quae
2649 1734 2911 1804 paulatim
2956 1739 3216 1788 concreta
3244 1739 3406 1801 atque

131 1809 608 1882 τρον,αὒξηθεϊτα
652 1810 711 1864 δὲ
753 1812 878 1866 ὅσον
916 1812 1192 1884 προκύψαι
1237 1813 1336 1883 τῆς
1371 1814 1492 1884 γῆς,
1534 1816 1598 1870 ὲκ
1629 1812 1724 1867 τοῦ

1831 1825 2049 1887 coalita.
2085 1824 2244 1895 quasi
2275 1824 2534 1879 stimulus
2561 1822 2783 1894 quidam
2826 1822 2883 1875 lit
2913 1822 3072 1876 albus
3103 1828 3404 1886 et‘acutus;

131 1896 344 1951 λευκοῦ
374 1898 507 1970 πρὸς
526 1899 707 1970 ἡρέμα
737 1900 1112 1973 χλοαινόμενον
1136 1902 1550 1973 μεταϐάλλεται.
1568 1900 1723 1965 Εἶτα.

133 1988 360 2057 γίνεται
403 1990 509 2044 πόα
556 1991 652 2045 καὶ
686 1992 832 2064 κόμη
862 1993 971 2048 τῶν
1005 1992 1193 2065 βώλων
1216 2010 1235 2026 ο
1264 1996 1646 2066 ὲφαπλωθείσα
1669 1997 1727 2051 δὲ

138 2080 333 2143 αὐτοῖς
357 2081 453 2133 καὶ
496 2082 848 2137 αεδασθεῖσα
881 2085 1137 2156 μετρίως,
1163 2086 1458 2157 πολυσχιδῆ
1483 2087 1726 2142 κάτωθεν

138 2171 448 2245 ὑποτρέφει
486 2174 586 2244 τὴν
616 2174 793 2246 ῥίζαν,
819 2177 897 2249 τῷ
928 2177 1173 2247 μέλλοντι
1213 2180 1369 2253 βάρει
1399 2181 1499 2251 τὴν
1525 2181 1726 2235 ὑποδά-

140 2260 284 2332 θραν
336 2264 861 2335 προευτρεπίζουσα.
914 2268 1025 2323 Καὶ
1075 2268 1262 2342 ὥσπερ
1315 2272 1364 2324 oi
1422 2273 1560 2325 ἱστοὶ
1619 2272 1727 2325 τῶν

140 2352 347 2407 πλοίων
376 2353 648 2420 πλείστοις
667 2357 1003 2428 πανταχόθεν
1023 2358 1375 2414 διατείνονται
1401 2362 1607 2426 κάλοις,
1640 2361 1727 2414 ἵνα

142 2444 333 2514 πάγιοι
367 2446 607 2517 μένωσιν
631 2449 934 2520 ίσοῤῥόποις
959 2454 1079 2515 ταῖς
1098 2452 1285 2516 ὁλκαϊς
1304 2452 1725 2524 ἁντισπὼμενοι,

145 2539 323 2606 οὕτως
356 2541 419 2595 ai
449 2541 792 2612 σχοινοειδεῑς
842 2540 1141 2611 ἀποφύσεις
1173 2543 1274 2611 τῆς
1304 2542 1478 2613 ῥίζης,
1513 2542 1730 2596 ἀντιλα-

146 2632 236 2687 Sal.
267 2633 383 2687 τῶν
405 2632 693 2704 ἀσταχύων
722 2633 961 2702 γίνονται
999 2635 1093 2690 καὶ
1119 2635 1439 2707 ἐρείσματα.
1480 2634 1728 2691 Ἐπειδὰν

146 2725 223 2788 εἰς
243 2724 498 2794 κάλαμον
518 2726 549 2778 6
573 2728 720 2801 σῖτος
749 2725 1030 2796 διαναστῇ,
1057 2726 1150 2780 καὶ
1179 2726 1314 2798 πρὸς
1341 2726 1400 2779 τὸ
1427 2725 1558 2795 ὕψος
1583 2725 1731 2779 ἐπεί-

148 2831 335 2884 γηται,
369 2814 594 2882 γόνασιν
623 2814 785 2870 αὐτὸν
820 2817 914 2870 καὶ
944 2817 1167 2888 κόμδοις
1199 2819 1229 2871 6
1260 2817 1392 2880 Θεὸς
1435 2816 1728 2888 ὑπερείδει,

147 2901 255 2960 οἷον
285 2905 472 2962 οἰκίαν
518 2904 641 2959 τινὰ
695 2906 1012 2979 συνδέσμοις
1063 2906 1488 2979 ἀσφαλιζόμενος
1514 2907 1604 2962 διά
1635 2906 1732 2979 τὴν

151 2998 604 3070 προσδοκωμένην
616 3002 717 3070 τῆς
738 3000 914 3071 κόμης
930 3001 1226 3073 βαρύτητα.
1252 3000 1404 3066 Εῐτα,
1418 3004 1518 3072 τῆς
1537 2988 1732 3073 ’ἰσχύος

153 3090 612 3163 ἑτοιμασθείσης,
638 3090 739 3163 τὴν
790 3093 1002 3147 κάλυκα
1059 3093 1270 3164 σχίσας,
1328 3093 1594 3164 προσάγει
1639 3091 1730 3145 τὸν

151 3275 233 3330 ὢν
253 3276 372 3348 γὰρ
396 3278 428 3330 6
470 3278 617 3340 σῖτος
660 3275 809 3348 αὐτῷ
844 3276 1166 3348 περιφύεται
1186 3315 1202 3339 ,
1237 3275 1334 3330 καλ⁸
1362 3275 1473 3331 τῶν
1517 3276 1732 3330 κόκκων

151 3363 379 3426 latam;
409 3363 691 3436 ἐξαίρετον
714 3363 825 3435 ἔχει
850 3364 947 3437 τὴν
969 3365 1259 3446 ⁵ἀποθήκην
1275 3382 1291 3396 ·
1315 3366 1409 3419 καὶ
1437 3366 1732 3422 τελευταῖοι

150 3455 551 3527 προὸέόληνται
585 3458 633 3509 oi
676 3456 960 3529 ἀνθέρικες
1003 3456 1142 3523 ὀξεῖς
1196 3457 1291 3511 καὶ
1316 3456 1526 3520 λεπτοὶ,
1570 3457 1731 3519 ὅπλα,

148 3541 324 3617 οἶμαι,
370 3547 518 3601 κατὰ
573 3546 687 3601 τῶν
742 3548 1131 3620 σπερμολόγων
1174 3548 1426 3620 ὀρνίθων,
1475 3548 1562 3603 ἵνα
1615 3552 1733 3613 ταῖς

149 3638 377 3693 ἐκείνων
403 3639 614 3710 ἀκμαῖς
636 3640 968 3711 νυττόμενοι,
999 3639 1079 3711 τῷ
1107 3639 1307 3714 καρπῷ
1330 3639 1404 3712 μὴ
1441 3639 1736 3710 λυμαίνων-

150 3747 263 3784 ται.
296 3732 463 3804 Ὁρᾷς
491 3732 625 3804 ὅσην
651 3725 732 3796 εἷς
763 3733 961 3798 κόκκος
990 3733 1272 3797 διασαπεὶς
1292 3733 1735 3806 θαυματουργίαν

150 3820 291 3892 ἔχει,
332 3824 427 3877 καὶ
472 3825 627 3894 μόνος
681 3825 865 3880 πεσὼν
914 3825 1032 3897 μεθ’
1056 3826 1196 3881 ὅσων
1258 3827 1566 3898 ὲγείρεται;
1603 3827 1734 3881 Ἀν-

150 3907 381 3980 Optem;
432 3910 491 3964 δὲ
531 3913 679 3967 οὐδὲν
712 3914 1125 3986 προσλαμϐάνει
1170 3916 1335 3970 πλέον
1373 3934 1386 3947 ·
1420 3916 1451 3970 ὃ
1491 3916 1549 3970 δὲ
1590 3912 1735 3989 εἶχεν

148 4001 559 4073 ἀπολαμϐάνει,
578 4006 670 4060 καὶ
702 4006 793 4061 διὰ
817 4007 974 4061 τοῦτο
1004 4008 1105 4078 τῆς
1133 4008 1405 4081 γεωργίας
1438 4008 1535 4064 τοῦ
1564 4009 1731 4077 σίτου,

145 4095 179 4148 6
209 4093 488 4167 ἡμέτερος
517 4097 909 4169 ἀνακαινισμδς
949 4098 1311 4170 εύκολώτερος
1355 4101 1730 4171 ἀναφαίνεται.

160 4185 451 4242 Ἐντεῦθεν
489 4190 760 4263 μετάϐηθι
789 4191 923 4265 πρὸς
947 4191 1046 4260 τὴν
1094 4191 1301 4247 ἔννοιαν
1339 4194 1448 4247 τῶν
1479 4194 1732 4265 δένδρων,

147 4277 299 4342 ὅπως
326 4277 358 4330 ό
394 4280 603 4351 χειμὼν
630 4281 818 4346 αὐτοῖς
862 4280 982 4336 καθ’
1014 4281 1241 4337 ἕκαστον
1264 4282 1383 4347 ἔτος
1416 4285 1536 4338 ἀντὶ
1568 4284 1735 4338 θανά-

147 4382 248 4420 του
278 4367 511 4435 γίνεται.
545 4367 911 4441 ’Δποῤῥύεται
950 4371 1059 4442 γάρ
1087 4375 1120 4442 ἠ
1145 4371 1356 4443 ὀπώρα,
1388 4374 1482 4428 καὶ
1505 4373 1568 4427 τὸ
1600 4373 1733 4443 φύλ-

1827 1924 1987 1971 aucta
2030 1915 2229 1971 deinde
2259 1916 2312 1968 in
2348 1930 2467 1969 eam
2501 1913 2957 1985 magnitudinem,
2992 1920 3050 1965 ut
3080 1920 3224 1966 terra
3281 1926 3409 1980 pro-

1826 2009 2034 2064 minere
2059 2017 2111 2063 et
2139 2019 2357 2065 exstare
2388 2006 2585 2078 possit,
2629 2022 2694 2062 ex
2726 2006 2850 2060 albo
2879 2005 3085 2060 sensim
3126 2004 3179 2058 in
3209 2003 3407 2058 herbe-

1826 2112 2066 2157 scentem
2100 2100 2433 2157 viriditatem
2482 2105 2758 2163 mutatur;
2796 2105 2985 2168 postea
3032 2096 3090 2150 lit
3132 2096 3297 2151 herba
3351 2100 3409 2149 et

1826 2209 1985 2250 coma
2035 2193 2317 2264 glebarum
2357 2210 2371 2247 :
2409 2190 2608 2264 quibus
2652 2187 2835 2244 infusa
2883 2197 2938 2243 et
2978 2186 3170 2242 leviter
3213 2198 3406 2255 sparsa

1828 2284 2203 2354 compluribus
2239 2282 2422 2336 nixam
2452 2280 2605 2336 libris
2640 2279 2877 2334 radicem
2913 2278 3111 2332 subtus
3155 2277 3273 2340 alit,
3322 2273 3408 2328 l‘u-

1827 2381 1953 2427 turo
2001 2371 2226 2442 ponderi
2279 2369 2714 2427 sustentaculum
2757 2376 2813 2423 et
2846 2366 3237 2422 adminiculum
3266 2379 3406 2433 prte-

1826 2477 2067 2533 parans;
2104 2476 2169 2515 ac
2223 2458 2684 2530 quemadmodum
2727 2458 2945 2512 navium
2983 2455 3113 2510 mali
3159 2454 3408 2523 plurimis

1828 2555 2073 2623 undique
2102 2551 2326 2607 funibus
2365 2551 2773 2610 distenduntur.
2808 2556 2869 2603 ut
2902 2546 3407 2615 ﬁrmistabilesque

1830 2652 2209 2717 permaneant,
2270 2641 2651 2714 aequilibribus
2715 2640 2983 2695 tractibus
3039 2636 3272 2695 obnixi:
3330 2636 3408 2691 ita
3482 2669 3485 2673 -

1829 2737 2041 2793 funium
2082 2738 2136 2792 iu
2169 2736 2389 2791 modum
2437 2751 2503 2791 ex
2530 2733 2718 2790 radice
2742 2740 2919 2787 enatat
2946 2731 3092 2786 librae
3122 2736 3403 2787 sustenta-

1830 2838 2016 2885 menta
2050 2828 2327 2900 spicarum
2355 2834 2412 2883 et
2456 2826 2756 2883 retinacula
2789 2825 2947 2880 ﬁunt.
2979 2824 3274 2894 Postquam
3311 2840 3411 2878 au-

1830 2928 1939 2977 tem
1977 2920 2033 2975 in
2060 2920 2304 2975 culmum
2332 2926 2578 2975 erectum
2606 2906 2848 2972 triticum
2894 2917 2948 2971 in
2985 2916 3155 2972 altum
3190 2915 3412 2975 tendere

1830 3012 2084 3082 coeperit,
2136 3008 2405 3080 geniculis
2436 3016 2492 3064 et
2537 3007 2697 3063 nodis
2726 3006 2868 3063 Deus
2904 3007 2956 3065 id
2990 3008 3190 3069 ﬁrmat,
3237 3005 3410 3061 veluti

1781 3148 1802 3169 .
1832 3104 2057 3160 domum
2112 3102 2355 3173 aliquam
2411 3100 2794 3168 conjuncturis
2844 3099 3134 3162 muniens,
3186 3105 3411 3168 propter

151 3182 406 3254 άπαχυν.
426 3184 540 3237 Καὶ
559 3182 719 3238 πάλιν
746 3185 864 3237 ἐκεῖ
888 3182 1141 3254 θαύματα
1173 3184 1478 3256 κρείττονα.
1510 3185 1734 3254 Στοιχη,
1758 3182 1801 3206 ι,

1832 3211 1976 3264 eam,
2026 3210 2151 3265 quae
2197 3198 2458 3264 speratur
2489 3206 2661 3247 comae
2709 3189 3083 3260 gravitatem:
3123 3194 3247 3258 post
3292 3186 3411 3255 haec

1833 3284 2199 3354 maturisjam
2241 3282 2474 3347 viribus,
2535 3280 2779 3335 diductis
2820 3279 3056 3349 vaginis,
3093 3277 3295 3347 quibus
3327 3277 3411 3332 in-

1830 3375 2174 3439 cludebatur,
2201 3372 2453 3444 producit
2478 3372 2710 3441 spicam.
2749 3370 2927 3440 Atque
2953 3370 3063 3424 illic
3089 3382 3284 3425 rursus
3308 3368 3410 3423 mi-

1833 3462 2025 3517 racula
2055 3459 2283 3529 majora.
2320 3458 2527 3515 Ordine
2548 3458 2692 3515 enim
2738 3465 2990 3529 porrecto
3020 3465 3280 3511 structam
3310 3472 3410 3511 un-

1832 3553 1999 3624 dique
2022 3552 2211 3608 videre
2244 3551 2371 3607 licet
2395 3550 2447 3605 ei
2488 3548 2697 3619 frugem
2733 3547 3084 3605 adnascendo
3111 3548 3270 3617 quasi
3298 3546 3412 3600 cir-

1833 3642 2116 3707 cumfudi;
2148 3652 2203 3698 et
2238 3640 2453 3711 singula
2487 3654 2657 3711 grana
2683 3640 3009 3710 peculiarem
3045 3645 3103 3694 et
3125 3637 3407 3709 proprium

1834 3733 2137 3791 folliculum
2166 3741 2223 3788 et
2248 3732 2408 3799 quasi
2444 3730 2635 3787 cellam
2672 3730 2913 3797 habent;
2948 3737 3227 3800 postremo
3257 3744 3407 3799 prae-

1832 3824 2342 3883 tendunturaristze
2366 3823 2605 3894 graciles
2641 3824 2888 3893 quaedam
2917 3829 2972 3878 et
3001 3831 3196 3885 acutae,
3230 3836 3410 3887 arma,

1832 3918 2051 3989 opinor,
2089 3918 2355 3974 adversus
2386 3918 2630 3973 aviculas
2660 3916 2965 3972 seminibus
2996 3915 3245 3971 insidiari
3277 3915 3411 3971 soli-

1834 4018 1943 4074 tas.
1977 4018 2039 4067 ut
2063 4011 2197 4065 dum
2239 4011 2455 4065 illarum
2485 4009 2644 4080 quasi
2676 4008 2904 4079 spiculis
2928 4017 3262 4079 punguntur,
3293 4008 3410 4062 l'ru-

1833 4119 1954 4175 gem
1979 4118 2205 4173 carpere
2230 4111 2394 4172 atque
2428 4110 2643 4157 vastare
2662 4101 2936 4155 desinant.
2955 4099 3124 4156 Vides
3145 4107 3410 4170 quantum

1834 4208 2263 4264 unum,granum
2305 4191 2667 4262 putrefactum
2717 4190 3108 4245 miraculorum
3152 4190 3409 4244 electum

1834 4287 1891 4342 in
1919 4301 1979 4342 se
2003 4285 2304 4349 contineat,
2328 4298 2394 4337 ac
2423 4298 2547 4337 cum
2579 4282 2752 4337 solum
2771 4280 3056 4343 ceciderit,
3076 4294 3239 4349 quam
3264 4278 3406 4334 mul-

1835 4376 2003 4447 tiplex
2026 4382 2299 4445 resurgat.
2331 4374 2400 4427 At
2434 4372 2595 4427 homo
2626 4370 2761 4425 nihil
2798 4370 3021 4440 insuper
3050 4369 3251 4440 accipit
3277 4384 3400 4423 am-

144 4455 242 4509 λον
271 4456 486 4521 πίπτει,
517 4457 613 4512 καὶ
649 4457 788 4531 ξηρά
832 4460 985 4530 μένει
1021 4461 1089 4516 τὰ
1131 4460 1267 4529 ξύλα
1302 4462 1481 4535 πάσης
1515 4463 1731 4535 χάριτος

1838 4466 2013 4535 plius;
2043 4464 2137 4521 sed
2189 4462 2387 4533 recipit
2429 4461 2482 4515 id
2532 4459 2679 4531 quod
2727 4459 2981 4523 habebat,
3032 4473 3095 4513 ac
3121 4465 3408 4530 propterea

142 4546 521 4617 ἑστερημένα.
553 4548 800 4603 Ἐπειδὰν
822 4550 878 4604 δὲ
899 4550 994 4606 τοῦ
1021 4551 1181 4624 ἔαρος
1199 4555 1227 4607 6
1255 4554 1443 4626 καιρὸς
1465 4556 1730 4624 ὲπιλάὸοι,

141 4634 316 4699 ἄνθος
352 4638 538 4702 αὐτοῖς
586 4641 942 4712 χαριέστατον
970 4642 1308 4715 ύπερφύεται
1330 4686 1348 4711 ,
1379 4645 1471 4699 καὶ⁵
1509 4648 1649 4717 μετά
1675 4648 1737 4701 τὸ

140 4725 319 4790 ἄνθος
351 4727 655 4797 ἐπιγίνεται
682 4730 790 4786 τῶν
838 4732 1051 4803 φύλλων
1090 4736 1125 4805 ἡ
1168 4734 1370 4806 σκέπη.
1398 4738 1488 4791 καὶ
1508 4737 1633 4792 τότε
1663 4737 1738 4802 ὡς

136 4817 364 4882 εὐειδὲς
394 4818 575 4893 θέαμα
601 4821 904 4895 ἀνθρώπων
930 4841 991 4877 τε
1020 4824 1119 4889 τὰς
1144 4825 1295 4895 ὄψεις
1322 4826 1739 4895 ὲφέλκεται,κα“ι

137 4909 392 4983 ὀρνίθων
433 4910 647 4983 ᾠδικῶν
677 4915 1011 4987 ἐργαστήρια
1047 4916 1292 4985 γίνεται,
1333 4919 1447 4980 τοῖς
1488 4918 1739 4982 πετάλοις

142 5000 578 5072 ιγκαοημινων,
614 5006 710 5061 καὶ
763 5005 1053 5080 θαυμαστή
1103 5026 1188 5074 τις
1233 5011 1363 5082 περὶ
1400 5010 1541 5066 αὐτὰ
1579 5010 1740 5085 χάρις

144 5094 437 5165 ἐκλάμπει
456 5111 471 5126 ’
501 5095 643 5150 ὥστε
696 5098 883 5154 πολλοὶ
931 5102 1028 5157 καὶ
1074 5097 1225 5159 οἷκον
1280 5103 1501 5174 ἀφῆκαν
1553 5102 1739 5176 χρυσῷ

147 5187 601 5259 κεκοσμημένον,
630 5190 727 5247 καὶ
772 5191 905 5265 λίθῳ
944 5192 1023 5265 τῷ
1056 5195 1313 5268 Θεσσαλῷ
1355 5196 1449 5249 καὶ
1496 5196 1735 5261 Λάκωνι,

145 5278 403 5353 τερπνὴν
450 5280 507 5335 δὲ
540 5282 739 5353 μᾶλλον
777 5285 987 5351 ἑαυτοῖς
1029 5286 1213 5343 ἔθεντο
1249 5288 1348 5361 τὴν
1393 5289 1497 5343 ὑπὸ
1547 5288 1740 5360 δένδρα

148 5369 461 5443 διαγωγήν.
491 5373 582 5445 Διδ
608 5375 704 5428 καὶ
729 5376 761 5430 6
791 5377 1137 5451 πατριάρχης
1181 5378 1435 5451 ’Δϐραάμ
1472 5379 1578 5435 ὑπὸ
1616 5380 1741 5452 δρυῖ

151 5461 248 5529 τὴν
298 5478 518 5535 σκηνην
548 5465 806 5536 ἐπήξατο,
841 5467 942 5521 οὐκ
986 5468 1163 5535 οίκίας
1219 5470 1437 5536 πάντως
1493 5471 1736 5544 ἀπορῶν,

152 5553 291 5609 diu
326 5553 440 5625 τῆς
492 5557 586 5611 επὶ
613 5557 721 5612 τῶν
754 5558 965 5616 κλάδων
1006 5560 1443 5636 ἐπαγαλλόμενος
1472 5562 1735 5636 τέρψεως.

229 5732 252 5761 '
278 5728 299 5785 Ι
330 5730 466 5787 Cor.
501 5745 589 5794 ιν.
622 5731 813 5791 56θ58.

1832 4552 2010 4607 nostri
2070 4552 2354 4607 renovatio
2398 4549 2618 4605 videtur
2665 4563 2789 4605 esse
2847 4549 3093 4616 facilior,
3142 4563 3302 4618 quam
3353 4547 3407 4602 id

1831 4644 1977 4715 quod
2010 4643 2064 4698 in
2100 4643 2438 4713 agricultura
2475 4640 2674 4697 accidit
2709 4639 3002 4696 frumento.
3054 4637 3250 4697 Transi
3281 4638 3409 4693 hinc

1832 4737 1900 4792 ad
1927 4733 2424 4791 considerationem
2453 4734 2735 4794 arborum.
2767 4741 2825 4786 ut
2846 4732 3020 4787 hiems
3040 4732 3122 4787 eis
3143 4730 3405 4785 omnibus

1833 4828 1993 4884 annis
2046 4827 2169 4882 loco
2203 4827 2395 4881 mortis
2426 4826 2519 4880 sit.
2580 4822 2847 4879 Decidunt
2878 4822 3023 4877 enim
3063 4835 3244 4891 poma,
3279 4819 3409 4875 folia

1833 4918 2101 4978 deﬂuunt.
2138 4917 2291 4971 arida
2345 4923 2631 4972 remanent
2685 4914 2833 4984 ligna
2876 4913 3025 4968 omni
3062 4912 3262 4969 decore
3288 4927 3410 4983 spo-

1835 5010 1986 5065 liata.
2047 5008 2349 5078 Postquam
2401 5015 2585 5063 autem
2641 5014 2854 5077 tempus
2907 5004 3052 5059 veris
3097 5003 3406 5075 appetierit,

1833 5101 1934 5159 llos
1956 5100 2038 5158 eis
2082 5099 2433 5172 gratissimus
2485 5098 2792 5153 innascitur
2841 5114 2855 5151 :
2911 5094 3099 5151 ﬂorem
3150 5094 3405 5153 foliorum

1834 5200 2206 5267 tegumentum
2267 5190 2514 5259 excipit:
2548 5197 2603 5244 at
2655 5197 2785 5244 tunc
2811 5187 2979 5244 veluti
3042 5187 3329 5257 pulchrum
3354 5194 3408 5241 et

1836 5298 2110 5340 amomum
2141 5282 2517 5354 spectaculum
2563 5296 2689 5336 cum
2725 5280 3003 5335 hominum
3034 5277 3225 5333 oculos
3257 5277 3313 5332 in
3346 5290 3409 5333 se

1840 5380 2191 5440 convertunt,
2230 5381 2347 5429 tam
2388 5372 2568 5427 arium
2607 5370 2971 5426 cantatricum
3008 5368 3296 5426 frondibus
3323 5366 3410 5424 in-

1839 5466 2133 5524 sideatium
2157 5464 2317 5537 quasi
2355 5462 2593 5520 ofﬁcinae
2622 5462 2915 5523 exsistunt.
2954 5470 3011 5518 et
3067 5458 3411 5516 admirabilis

1835 5558 2080 5632 quaedam
2109 5555 2259 5615 circa
2292 5569 2390 5614 eas
2412 5553 2702 5612 amantius
2736 5567 2799 5611 ac
2822 5555 2995 5627 gratia
3017 5552 3243 5618 relucet.
3272 5551 3411 5609 adeo
