3930 6210
516 352 618 409 6⁵⁷1

1755 359 1813 416 S.
1843 358 2168 417 GREGORII
2212 359 2499 418 NYSSENI

3670 365 3778 421 67E!

509 477 570 520 nt
603 466 762 521 multi
795 468 940 526 aedes
973 483 1111 524 auro
1142 481 1196 527 et
1226 471 1404 543 lapide
1457 483 1570 529 tum
1597 473 1940 540 Thessalico,
1975 484 2074 530 tuu

2203 477 2417 549 Ὀδηγεῖ
2437 497 2504 550 με
2527 479 2662 550 πρὸς
2693 479 3086 549 συγκατάθεσιν
3107 478 3202 535 τοῦ
3229 479 3588 552 προκειμένου
3610 482 3779 550 λόγου

511 557 784 614 Laconico
821 570 1119 620 exornatas
1173 564 1562 632 deseruerint,
1613 575 1668 622 et
1710 567 2092 637 iucundiorem

510 651 614 703 sibi
638 650 742 704 sub
777 651 1067 709 arboribus
1101 653 1495 709 habitationem
1530 670 1654 710 esse
1691 654 1970 710 duxerint.
2011 653 2094 708 ld-

509 741 660 794 circo
691 743 998 812 patriarcha
1030 761 1250 816 quoque
1279 745 1556 800 Abraham
1612 747 1714 802 sub
1764 761 1972 817 quercu
2010 757 2090 800 ta-

510 831 868 890 bernaculum
903 837 1040 903 fixit,
1074 854 1181 893 non
1215 854 1441 909 prorsus
1467 839 1654 909 inopia
1683 839 1970 899 domicilii.
1994 841 2088 894 sed

509 926 640 993 quia
673 929 967 985 tenebatur
993 945 1080 994 ea,
1125 946 1246 1000 quae
1293 946 1361 986 ex
1400 932 1568 986 ramis
1606 931 1890 996 edebatur,
1931 931 2090 986 volu-

507 1023 680 1084 ptate.
730 1016 906 1074 Etiam
934 1020 1044 1076 vita
1084 1021 1419 1091 serpentium
1469 1036 1556 1075 me
1584 1021 1804 1076 deducit
1829 1021 1898 1075 ad
1935 1036 2090 1077 com-

508 1109 886 1178 probationem
931 1114 1225 1183 propositae
1272 1113 1524 1170 rationis.
1566 1111 1784 1167 Illorum
1828 1114 1973 1169 enim
2011 1114 2092 1168 vi-

508 1199 636 1253 vida
666 1201 840 1258 virtus
865 1203 1094 1259 hiberno
1146 1214 1391 1274 tempore
1443 1204 1825 1270 mortificatur,
1851 1219 1916 1259 ac
1945 1220 2092 1259 men.

508 1305 600 1346 ses
631 1306 726 1346 se:
752 1291 807 1347 in
843 1294 1098 1350 cavernis
1131 1296 1460 1351 delitescunt
1507 1295 1727 1365 penitus
1759 1295 2086 1352 immobiles.

506 1380 641 1434 Cum
667 1391 850 1439 autem
887 1392 1155 1440 statutum
1177 1395 1394 1458 tempus
1424 1387 1733 1453 advenerit,
1760 1396 1814 1444 et
1841 1389 2088 1443 tonitrua

506 1470 562 1525 in
589 1473 793 1529 numdo
821 1476 1080 1533 exaudita
1113 1477 1338 1544 fuerint,
1368 1479 1530 1549 quasi
1561 1479 1838 1551 quoddam
1869 1479 2086 1550 signum

505 1563 779 1636 fragorem
830 1568 1179 1643 (tonitruum)
1232 1572 1588 1642 accipientes,
1647 1572 1904 1627 celeriter
1941 1571 2089 1627 exsi-

505 1657 672 1722 liunt,
705 1669 762 1717 et
806 1661 974 1733 longo
996 1663 1288 1720 intervallo
1310 1673 1576 1720 consueta
1605 1671 1794 1735 agunt.
1821 1663 2084 1730 Quanam

503 1749 672 1820 hujus
697 1753 772 1809 rei
809 1757 949 1810 ratio
977 1757 1098 1812 est?
1125 1755 1282 1811 Dicat
1323 1757 1455 1811 mihi
1501 1756 1767 1822 qumsitor
1792 1756 2000 1810 arbiter
2029 1762 2085 1810 et

2195 570 2414 624 καὶτῶν
2444 571 2688 642 ἑρπετῶν
2713 573 2746 644 ὴ
2780 572 2915 642 ζωή.
2945 571 3249 644 Νεκροῦται
3271 572 3376 644 γὰρ
3403 572 3619 626 ἐκείνων
3657 573 3778 644 ῶρσ

2193 660 2458 730 χειμῶνος
2507 663 2540 731 ἡ
2572 660 2824 732 ζώπυρος
2861 661 3090 734 δύναμις
3115 703 3131 728 ,
3164 663 3260 717 καὶ
3308 662 3400 716 τὸν
3435 663 3618 733 χρόνον
3666 663 3778 716 τῶν

2195 751 2254 818 ἒξ
2285 753 2470 824 μηνῶν
2500 755 2558 807 ἐν
2585 756 2698 817 τοῖς
2720 753 2947 823 φωλεοῖς
2974 755 3317 819 κατάκειται,
3345 754 3623 818 παντελῶς
3650 755 3774 808 ἀκί-

2193 861 2350 916 νητα.
2407 845 2657 899 Ἐπειδὰν
2703 845 2761 898 δὲ
2803 847 2832 899 6
2864 847 3195 918 τεταγμένος
3241 846 3385 919 ἔλθῃ,
3414 846 3649 917 καιρὸς,
3682 847 3778 898 καὶ

2194 935 2389 1007 βροντὴ
2424 936 2712 1008 κατηχηθῇν
2729 936 2822 990 τοῦ
2849 938 3077 1009 κόσμου,
3103 938 3293 1008 ῶσπερ
3323 955 3374 990 τι
3406 937 3661 1007 σύνθημα
3680 937 3776 1005 τῆς

2192 1024 2337 1096 ζωῆς
2359 1025 2448 1079 τὸν
2479 1025 2696 1092 ,κτύπον
2726 1027 2988 1099 δεχόμενα
3034 1027 3492 1099 όξέωςάναπηδᾷ,
3539 1029 3633 1082 καὶ
3682 1027 3776 1079 διὰ

2193 1118 2408 1190 μακροῦ
2449 1117 2540 1171 τοῦ
2589 1119 2782 1190 χρόνου
2834 1122 3048 1193 ἐνεργεῖ
3078 1121 3147 1174 τὰ
3180 1119 3527 1192 συνήθη..Τίς
3547 1122 3576 1174 6
3608 1119 3774 1188 λόγος

2189 1202 2379 1276 οὗτοςς
2407 1209 2626 1290 Λεγέτω
2679 1228 2770 1282 μοι
2797 1213 2826 1266 6
2852 1213 2960 1266 τῶν
2981 1211 3232 1284 πράξεων
3261 1213 3354 1267 τοῦ
3379 1211 3513 1266 Θεοῦ
3546 1211 3766 1281 βασανι-

2191 1301 2321 1373 στὴς
2344 1302 2438 1355 καὶ
2469 1303 2817 1376 ἐπιγνώμων,
2852 1306 2946 1358 καὶ
2973 1304 3272 1359 διδασκέτω
3302 1321 3391 1374 με,
3423 1303 3543 1366 πῶς

2192 1391 2292 1464 μέν
2343 1393 2467 1456 τοὺς
2512 1393 2664 1464 δφεις
2697 1394 3054 1467 διεγείρεσθαι
3099 1397 3373 1466 συγχωρεῖ
3402 1394 3634 1465 νεκροὺς
3666 1394 3758 1446 ὑπο

2188 1482 2484 1556 ἄρχοντας,
2514 1485 2834 1558 ἀνθρώπους
2866 1486 2924 1540 δέ
2977 1487 3038 1540 οὐ
3080 1488 3261 1542 δίδωσι
3297 1485 3629 1557 φυκοῦσθαι.
3674 1485 3760 1554 τῆς

2185 1572 2279 1626 τοῦ
2303 1571 2438 1626 Θεοῦ
2463 1573 2760 1644 σάλπιγγος
2790 1573 2849 1641 ἐξ
2875 1574 3120 1647 οὐρανῶν
3165 1573 3499 1646 ἐπηχούσης,
3541 1569 3757 1634 καθὼςό

2187 1662 2328 1728 θεῖος
2352 1663 2509 1732 λόγος
2529 1665 2695 1736 φησί’
2715 1666 3006 1720 Σαλπίσει
3033 1666 3168 1735 τὰρ,
3181 1664 3276 1718 καὶ
3305 1665 3359 1718 ol
3389 1661 3596 1731 νεκροὶ
3626 1662 3754 1715 ἀνσ-

2184 1755 2535 1822 στήσονται.
2553 1756 2663 1811 Καὶ
2682 1757 2912 1829 ἀλλαχοῦ
2940 1758 3100 1812 πάλιν
3126 1755 3475 1827 σαφέστερον,
3491 1754 3605 1808 Καὶ
3627 1752 3754 1806 ἀπο-

503 1846 824 1914 explorator
842 1862 1072 1916 operum
1105 1847 1221 1914 Dei,
1265 1848 1569 1918 doceatque
1608 1863 1716 1911 me,
1744 1862 1851 1916 qua
1879 1847 2074 1902 rationt

2188 1845 2394 1899 στελεῐ
2453 1845 2595 1912 τοὺς
2648 1847 2946 1916 ἀγγέλους
2998 1845 3186 1900 αὑτοῦ
3229 1845 3379 1915 μετὰ
3430 1842 3755 1910 σάλπιγγος

499 1939 768 1994 concedat
803 1954 1011 2010 angues
1053 1938 1274 2010 quidem
1316 1939 1529 2011 fragore
1565 1939 1794 1995 tonitrui
1835 1946 2082 1994 mortuos

499 2031 847 2098 resuscitari,
905 2031 1156 2087 homines
1210 2047 1342 2086 vero
1379 2045 1487 2087 non
1538 2031 1790 2086 admittat
1830 2031 1960 2085 tuba
1991 2031 2086 2085 Dei

2189 1939 2397 2008 φωνῆς
2412 1939 2704 2010 μεγάλης,
2749 1940 2846 1994 καὶ
2883 1939 3236 2004 ἐπισυνάξει
3271 1937 3414 2004 τοὺς
3439 1935 3754 2000 ἐκλεκτοὺς

2194 2029 2404 2083 αὑτοῦ.

498 2125 568 2179 de
600 2123 741 2179 coelo
794 2132 1093 2179 resonante
1140 2123 1377 2177 animam
1448 2122 1699 2193 recipere
1769 2131 1825 2178 et
1873 2117 2159 2182 viviticari,
2198 2117 2660 2188 quemadmodum
2685 2119 2870 2174 divina
2901 2118 3189 2190 Scriptura
3224 2118 3373 2182 dicit,
3427 2115 3598 2172 Cauct
3630 2115 3761 2168 enim

497 2215 644 2278 tuba,
673 2227 725 2271 et
752 2217 950 2272 mortui
972 2216 1325 2288 resurgant".
1359 2213 1424 2270 Et
1451 2215 1582 2271 alibi
1630 2214 1896 2286 apertius,
1938 2213 2008 2269 Et
2045 2215 2245 2270 emittet
2267 2215 2481 2283 angelos
2504 2230 2629 2269 suos
2654 2230 2771 2268 cum
2803 2214 2940 2269 tuba:
2963 2229 3080 2269 tace
3116 2228 3328 2282 magna,
3349 2218 3398 2265 et
3435 2207 3762 2279 congngabit

495 2311 684 2366 electos
708 2327 831 2366 suos
849 2311 915 2367 ¹¹.

565 2451 644 2510 Ne
671 2452 836 2524 igitur
867 2449 1024 2508 (idem
1055 2450 1413 2508 detrahamus
1446 2451 1844 2506 mutationibus
1887 2460 1941 2506 et
1985 2464 2076 2504 re-

495 2547 903 2603 novationibus.
934 2545 1146 2602 Etenim
1191 2545 1501 2616 plantarum
1553 2556 1608 2600 et
1643 2544 1960 2599 animalium
2001 2542 2078 2596 di-

495 2653 802 2703 versorum,
833 2646 998 2708 atque
1028 2637 1271 2707 ipsorum
1314 2638 1450 2692 adeo
1499 2635 1781 2690 hominum
1823 2635 1935 2688 vita
1977 2647 2079 2687 nos

493 2731 702 2796 edocet,
731 2729 874 2800 quod
903 2729 1040 2783 nihil
1077 2744 1291 2792 eorum,
1325 2743 1447 2798 quae
1497 2725 1832 2797 generationi
1871 2733 1925 2781 et
1955 2740 2074 2779 cor-

493 2821 733 2891 ruptioni
760 2822 996 2876 obnoxia
1022 2829 1171 2882 sunt,
1197 2821 1251 2874 in
1280 2819 1469 2874 eodem
1506 2826 1651 2875 statu
1676 2817 1960 2882 subsistat,
1980 2816 2074 2872 sed

491 2928 546 2968 ιιι
575 2913 743 2968 alium
757 2912 990 2967 subinde
1007 2917 1248 2966 vertatur
1272 2919 1437 2980 atque
1459 2917 1718 2964 mutetur.
1740 2909 1816 2961 Ac
1839 2908 2072 2978 primum

493 3001 732 3071 quidem,
769 3000 814 3057 si
844 3000 1043 3070 placet,
1075 3014 1218 3064 eam,
1271 3015 1394 3070 qua:
1453 2998 1507 3052 in
1559 2998 1812 3054 aetatibus
1867 2997 2073 3053 nostris

491 3090 571 3158 ﬁt,
587 3090 940 3146 mutationem
963 3088 1367 3161 perpendamus
1381 3097 1436 3145 et
1457 3087 1887 3145 consideremus.
1910 3087 2069 3144 Puel-

491 3180 603 3237 lum
633 3181 954 3244 lactentem.
1003 3181 1184 3252 qualis
1217 3180 1323 3244 sit,
1379 3179 1522 3234 haud
1565 3179 1854 3236 dilliculter
1905 3195 2074 3252 agno-

491 3273 723 3330 scimus.
750 3273 962 3346 Exiguo
1011 3273 1190 3345 spatio
1215 3273 1478 3343 temporis
1509 3273 1803 3343 prmterito,
1840 3273 1983 3329 vires
2007 3273 2074 3329 ad

490 3367 792 3438 rependum
833 3365 1177 3437 adipiscitur,
1235 3380 1300 3420 ac
1327 3364 1464 3420 nihil
1493 3380 1524 3420 a
1579 3365 1821 3436 parvulis
1876 3366 2074 3422 catulis

489 3460 695 3523 differt.
728 3459 852 3515 nisu
865 3468 1132 3530 quaterno
1163 3473 1288 3514 sese
1314 3463 1654 3513 sustentans.
1685 3456 1845 3512 Circa
1868 3473 2072 3512 annum

489 3554 708 3611 tertium
739 3551 959 3611 accidit.
984 3559 1042 3607 ut
1069 3558 1290 3607 erectus
1317 3558 1372 3606 et
1399 3549 1608 3606 arduus
1639 3549 2001 3621 ingrediatur,
2019 3557 2074 3607 et

489 3661 680 3703 vocem
713 3647 898 3716 aliquo
933 3645 1094 3700 modo
1139 3645 1222 3699 vel
1257 3643 1645 3698 balbutientem
1709 3643 1791 3698 vel
1829 3643 2070 3708 blaesam,

487 3750 544 3794 et
572 3737 896 3793 titubantem
928 3736 1354 3806 impeditamque
1390 3735 1641 3790 emittat:
1680 3734 1878 3791 deinde
1933 3737 2072 3791 arti-

489 3828 669 3881 culate
704 3833 868 3895 atque
895 3826 1131 3895 perfecte
1168 3825 1331 3879 verba
1359 3826 1700 3895 pronuntiat,
1752 3833 1807 3881 et
1859 3826 2072 3897 lepidus

490 3919 932 3974 adolescentulus
954 3926 1009 3974 et
1033 3919 1192 3989 pusio
1223 3919 1319 3973 fit:
1362 3934 1426 3972 ex
1464 3919 1554 3972 illa
1597 3927 1757 3975 aetate
1793 3919 1847 3974 in
1891 3921 2072 3991 impu-

491 4011 674 4065 berem
699 4009 1098 4066 adolescentem
1147 4010 1369 4066 evadit:
1419 4011 1677 4082 lanugine
1703 4027 1834 4067 vero
1879 4015 2072 4070 maxil-

490 4102 574 4158 las
604 4118 668 4158 ac
701 4111 944 4158 mentum
975 4103 1260 4166 vestiente,
1288 4103 1552 4158 barbatus
1581 4111 1635 4158 et
1654 4103 1901 4160 hirsutus
1934 4120 2070 4174 pau-

488 4195 666 4262 latim,
706 4203 759 4251 et
791 4197 930 4252 alius
953 4211 1018 4251 ex
1053 4196 1199 4250 alio:
1244 4194 1440 4251 deinde
1482 4195 1594 4266 jam
1642 4197 1798 4266 plene
1849 4195 2069 4252 adultus

487 4288 592 4350 vir,
627 4303 788 4358 asper
819 4288 1238 4358 laboriosusque
1268 4287 1500 4344 exsistit.
1531 4287 1666 4343 Cum
1711 4297 1890 4342 autem
1939 4305 2070 4357 prte-

487 4381 736 4436 terierint
764 4381 893 4435 anni
921 4382 1302 4451 quadraginta,
1332 4382 1547 4435 initium
1580 4379 1834 4436 flexionis
1887 4381 2064 4446 adest,

2253 2447 2343 2516 Μὴ
2373 2446 2550 2500 τοίνυν
2577 2448 2698 2510 ταῖς
2722 2444 3037 2500 ἀλλοιώσεσι
3070 2443 3165 2497 καὶ
3202 2443 3314 2506 τοῖς
3353 2440 3765 2510 ἀνακαινισμοῖς

2181 2535 2520 2606 ἀπιστῶμεν.
2562 2536 2672 2588 Καὶ
2717 2534 2825 2606 γὰρ
2872 2533 3054 2602 φυτῶν
3100 2534 3194 2586 καλ⁸
3247 2529 3402 2596 ζώων
3443 2529 3710 2601 διαιρόρων
3735 2531 3766 2580 6

2185 2627 2316 2698 βίος,
2348 2629 2442 2682 καὶ
2475 2629 2657 2684 αὐτῶν
2691 2646 2756 2696 γε
2789 2628 2896 2682 τῶν
2927 2626 3226 2698 ἀνθρώπιον
3252 2627 3400 2697 ἡμᾶς
3430 2621 3766 2682 ἐκπαιδεύει,

2183 2721 2258 2784 ώς
2278 2721 2430 2775 οὐδὲν
2465 2722 2524 2776 ἐν
2545 2722 2834 2792 ταύτότητι
2859 2720 2968 2774 τῶν
2992 2721 3048 2773 ἐν
3092 2719 3289 2790 φθορᾷ,
3309 2718 3403 2771 καὶ
3439 2717 3674 2786 γενέσει,
3709 2716 3767 2767 ἐν

2183 2810 2465 2865 ἀλλοιώσει
2493 2812 2551 2866 δέ
2575 2813 2668 2866 καὶ
2698 2815 2893 2884 τροπῇ.
2927 2811 3036 2864 Καὶ
3067 2808 3279 2880 πρῶτόν
3301 2825 3385 2876 γε,
3405 2807 3454 2859 εί
3479 2806 3648 2868 δοκεῖ,
3670 2803 3769 2873 τὴν

2180 2903 2238 2954 ἐν
2263 2905 2393 2981 ταῖς.
2415 2901 2651 2974 ἡλικίαις
2682 2903 2842 2974 ἡμῶν
2875 2902 3178 2975 μεταϐολὴν
3232 2900 3668 2971 καταμάθωμεν·
3696 2898 3774 2950 Τδ

2179 2996 2386 3049 παιδίον
2417 2996 2479 3050 τὸ
2507 2995 2829 3066 ὑπομάζιον,
2865 2992 2976 3049 οἷόν
3008 2996 3125 3048 ἐστι
3148 2993 3508 3065 γνωρίζομεν.
3552 2991 3774 3058 Ὀλίγου

2175 3089 2368 3160 χρόνου
2415 3089 2796 3161 παρελθόντος,
2841 3089 2940 3160 τὴν
2991 3087 3327 3158 ἐρπυστικὴν
3362 3084 3628 3157 λαμϐάνει
3674 3083 3769 3137 δῦ·-

2175 3196 2358 3250 ναμιν,
2410 3181 2505 3234 καὶ
2556 3180 2706 3233 οὐδὲν
2737 3179 2982 3251 διαφέρει
3032 3177 3142 3232 τῶν
3193 3177 3405 3248 μικρῶν
3455 3176 3773 3238 σκυλάκων,

2171 3269 2426 3340 τέταρσιν
2456 3270 2794 3342 ἐρειδόμενον
2839 3269 3078 3340 βάσεσιν.
3130 3269 3266 3338 Περὶ
3305 3268 3398 3321 τὸν
3446 3268 3625 3338 τρίτον
3661 3269 3776 3320 ἑνι-

2173 3362 2336 3416 αυτὸν
2381 3362 2562 3434 ὄρθιον
2594 3363 2823 3431 γίνεται,
2873 3361 2968 3415 καὶ
3000 3359 3183 3432 φωνὴν
3227 3359 3776 3430 ὐποτραυλιζομένην

2172 3453 2267 3507 καὶ
2296 3452 2686 3524 ψελλιζομένην
2724 3453 3000 3524 προτεταιο
3041 3449 3161 3506 εἶτα
3192 3451 3437 3522 διαρθροῖ
3462 3450 3552 3504 τὸν
3583 3450 3773 3520 λόγον,

2173 3546 2266 3598 καὶ
2294 3545 2483 3618 χαρίεν
2521 3546 2864 3600 ἀποτελεῖται
2907 3547 3220 3618 μειράκιον·
3272 3545 3365 3599 ἀπ’
3404 3544 3625 3611 ἐκείνης
3672 3545 3776 3616 τῆς

2171 3637 2386 3708 ἡλικίας
2435 3637 2574 3710 πρὸς
2619 3638 2712 3692 τὸν
2766 3637 2968 3709 ἔφηϐον
3014 3638 3110 3690 καὶ
3149 3636 3421 3692 νεανίσκον
3472 3633 3774 3688 ἐκϐαίνει·

2173 3729 2348 3784 ίούλου
2386 3730 2443 3784 δὲ
2487 3731 2587 3800 τὴν
2632 3731 2866 3801 παρειὰν
2911 3729 3267 3801 καλύψαντος,
3313 3728 3525 3796 γενειάς
3569 3727 3775 3791 λάσιος

2173 3825 2290 3895 μετ’
2315 3823 2513 3892 ὀλίγον.
2548 3825 2641 3878 καὶ
2677 3825 2833 3890 ἀλλος
2875 3825 2936 3890 ἐξ
2986 3825 3177 3880 ἄλλουο
3218 3819 3355 3885 εἶτα,
3400 3821 3540 3891 ἀνὴρ
3574 3822 3775 3892 ἀκμά-

2170 3915 2300 3983 ζων,
2331 3917 2537 3988 τραχὺς
2591 3918 2686 3972 καὶ
2726 3917 3028 3990 τληπαθής.
3065 3916 3314 3970 Ἐπειδὰν
3356 3914 3412 3967 δὲ
3445 3913 3771 3985 παρέλθωσι

2168 4006 2432 4078 τέσσαρες
2469 4007 2690 4072 δεκάδες
2739 4009 3026 4072 ἐνιαυτῶν,
3072 4007 3216 4079 ἀρχὴ
3260 4007 3360 4077 τῆς
3411 4007 3772 4076 ὑποστροφῆς

2169 4097 2345 4152 καίνει
2376 4103 2393 4122 ⁶
2422 4099 2524 4171 τὴν
2579 4100 2839 4173 κεφαλὴν,
2891 4101 2986 4154 καὶ
3029 4101 3066 4170 ἡ
3095 4097 3254 4170 ῥώμη
3299 4099 3436 4170 πρὸς
3473 4098 3769 4153 ἀσθένειαν

2168 4191 2471 4252 ἀποκλίνει,
2503 4193 2595 4246 καὶ
2626 4193 2984 4264 παραγίνεται
3011 4196 3315 4247 τελευταῖον
3347 4191 3407 4245 τὸ
3438 4191 3639 4262 γῆρας,
3682 4191 3768 4245 τέ-

2168 4284 2309 4347 λειος
2351 4285 2656 4356 ἀφανισμός
2702 4286 2804 4357 τῆς
2852 4287 3050 4358 ἰσχύος.
3092 4288 3346 4341 Κλίνεται
3389 4285 3447 4338 δέ
3496 4285 3560 4337 τὸ
3607 4285 3769 4356 σῶμα

2168 4377 2259 4429 καὶ
2287 4376 2578 4446 κυρτοῦται
2609 4379 2745 4451 πρὸς
2773 4380 2896 4451 γῆν,
2931 4381 3004 4445 ὡς
3033 4383 3080 4432 οἱ
3110 4379 3230 4434 λίαν
3259 4378 3770 4450 ὑπερξηρανθέντες

486 4471 826 4542 canitiesque
862 4471 1120 4540 paulatim
1159 4481 1320 4541 caput
1349 4471 1585 4536 dealbat,
1623 4479 1676 4526 et
1707 4473 1875 4525 rohur
1901 4470 2066 4524 adin-

2178 4467 2276 4520 τῶν
2305 4467 2610 4537 ἀσταχύων,
2639 4473 2734 4524 καὶ
2778 4471 2839 4525 τὸ
2883 4472 3024 4525 λεῖον
3063 4471 3400 4526 ἀποτελεῖται
3443 4471 3635 4541 ῥυσὸν,
3676 4472 3768 4524 καὶ

487 4564 801 4619 firmitatem
834 4563 1092 4628 declinat,
1153 4571 1208 4617 et
1248 4563 1468 4618 tandem
1521 4570 1776 4618 senectus
1833 4563 2064 4628 accedit,

487 4664 730 4712 extrema
780 4652 977 4708 virium
1027 4652 1273 4706 abolitio.
1325 4652 1540 4724 Corpus
1593 4659 1773 4708 autem
1835 4652 2067 4709 ﬂectitur

485 4755 542 4801 et
565 4745 631 4800 ad
662 4752 862 4800 terram
891 4748 1171 4806 curvatur,
1204 4743 1664 4811 quemadmodum
1707 4742 1892 4812 spicae,
1945 4759 2065 4812 qua:

485 4839 715 4892 nimium
742 4841 1112 4891 exaruerunt:
1155 4833 1300 4903 quod
1327 4842 1709 4903 experrectum
1743 4849 1806 4888 ac
1831 4833 1962 4889 lmve
1987 4834 2065 4889 fu-

480 4935 619 4988 erat.
639 4943 898 4998 rugosum
927 4936 983 4983 et
1007 4934 1349 4982 contractum
1373 4923 1623 4989 cllicitnr,
1640 4934 1694 4981 et
1717 4925 1764 4982 is
1784 4926 1875 4996 qui
1893 4943 2064 4998 quon-

481 5017 606 5072 dam
639 5018 823 5088 vigore
858 5020 1034 5076 mtatis
1058 5035 1124 5075 ac
1155 5019 1350 5074 virium
1390 5018 1702 5089 przestahat.
1733 5018 1914 5075 infans
1939 5036 2053 5074 rur-

480 5125 577 5166 sus
602 5108 803 5175 evadit,
837 5110 1168 5176 balbutiens,
1209 5109 2058 5182 ineptiens,delirans,manibus

483 5213 545 5256 ac
578 5199 807 5272 pedibus
833 5203 1106 5266 similiter,
1135 5210 1196 5258 ut
1234 5203 1387 5267 olim,
1432 5217 1651 5272 repens.
1706 5201 1831 5258 llaec
1877 5204 2059 5260 omnia

477 5289 612 5360 quid
636 5288 735 5344 tibi
763 5305 886 5346 esse
909 5291 1208 5346 videntur?
1236 5289 1432 5347 Annon
1461 5291 1748 5348 alteratio?
1786 5291 1927 5348 Num
1963 5309 2060 5348 va-

484 5383 577 5437 ria:
605 5381 974 5438 mutationes?
996 5380 1136 5437 Num
1161 5383 1392 5440 diversa:
1431 5386 1727 5451 novitates,
1758 5402 1880 5456 qua:
1905 5403 2053 5441 mor-

481 5474 586 5529 tale
612 5474 817 5530 antmal
847 5473 1012 5530 etiam
1041 5481 1168 5530 ante
1190 5485 1419 5530 mortem
1439 5475 1868 5531 transformant?
1884 5476 2055 5543 Quin-

475 5561 642 5619 etiam
668 5579 898 5622 somnus
931 5572 1116 5622 noster
1147 5573 1202 5623 et
1251 5565 1434 5640 vigilia
1487 5565 1766 5638 quomodo
1824 5569 2057 5640 sapienti

547 5780 591 5814 ι·
625 5779 799 5837 lCor.
827 5799 914 5844 xv.
947 5785 1034 5841 52.
1115 5787 1151 5818 ιι
1184 5783 1372 5840 Matth.
1411 5749 1674 5850 .\Xl\',.51.

2168 4558 2328 4613 πάλιν
2369 4559 2567 4630 βρέφος
2594 4561 2622 4615 ὃ
2655 4579 2786 4615 ποτε
2829 4563 3107 4627 νεανίσκος
3129 4563 3222 4616 καὶ
3267 4563 3547 4633 ἀριστεὺς,
3576 4562 3765 4632 ψελλι-

2164 4649 2409 4719 ζόμενος,
2449 4653 2800 4723 ἀνοηταίνων,
2832 4656 2922 4708 ἐπὶ
2965 4654 3165 4727 χειρῶν
3211 4655 3304 4708 καὶ
3349 4654 3526 4706 ποδῶν
3559 4655 3766 4725 ὁμοίαις

2161 4743 2366 4813 ἕρπων,
2409 4743 2486 4808 ώς
2532 4745 2720 4800 πάλαι.
2759 4746 2944 4800 Ταῦτα
2994 4747 3172 4800 πάντα
3211 4747 3266 4798 τί
3306 4763 3387 4799 σοι
3422 4745 3618 4808 δοκεῖς
3652 4747 3760 4800 Οὔκ

2159 4835 2480 4904 ἀλλοίωσις;
2522 4838 2596 4892 Οὐ
2642 4839 2934 4910 μεταϐολαὶ
2983 4838 3343 4911 πολύτροποι;
3382 4839 3457 4892 Οὐ
3505 4838 3756 4908 διάφοροι

2161 4928 2481 5000 καινότητες
2511 4929 2571 4982 τὸ
2615 4930 2806 5001 θνητὸν
2852 4930 2990 4996 ζῶον
3036 4930 3481 5004 μεταμορφοῦσαι
3512 4930 3616 4983 καὶ
3657 4927 3756 4999 πρὸ

2163 5019 2394 5074 θανάτου
2422 5038 2436 5085 ;
2481 5021 2540 5075 Ὀ
2573 5021 2629 5074 δέ
2662 5021 2830 5086 ὕπνος
2875 5023 3032 5094 ἡμῶν
3060 5024 3153 5077 καὶ
3184 5026 3217 5096 ἡ
3253 5023 3608 5094 ἐγρήγορσις,
3644 5017 3755 5080 πῶς

2161 5113 2262 5166 οὐκ
2291 5112 2358 5166 ἂν
2383 5111 2463 5184 τῷ
2491 5114 2636 5185 σοφῷ
2657 5114 2866 5182 γένοιτο
2887 5115 3227 5170 διδασκάλων
3251 5114 3340 5169 τοῦ
3376 5114 3703 5185 ζητουμένου
3733 5129 3754 5175 ;

2173 5203 2234 5257 '0
2268 5203 2366 5274 μὲν
2398 5203 2527 5276 γὰρ,
2559 5204 2722 5259 είκών
2749 5207 2865 5260 ἐστι
2902 5207 2994 5262 τοῦ
3026 5205 3287 5260 θανάτου⁹
3319 5207 3354 5276 ἠ
3382 5204 3461 5269 δὲ,
3499 5209 3600 5276 τῆς
3625 5206 3758 5257 ἀνα-

2166 5293 2408 5358 στάσεως
2441 5293 2686 5366 μίμημα.
2719 5296 2809 5350 Διὸ
2847 5297 2940 5350 καί
2983 5315 3127 5362 τινες
3170 5296 3279 5350 τῶν
3309 5295 3513 5363 ἔξωθεν
3552 5294 3754 5363 σοῖνῶν,

2163 5385 2388 5456 ἀδελφὸν
2419 5391 2711 5458 προσεῖπον
2753 5389 2847 5443 τοῦ
2893 5388 3123 5444 θανάτου
3168 5390 3260 5444 τὸν
3298 5389 3490 5453 ὕπνον,
3529 5388 3611 5441 διὰ
3645 5386 3762 5458 τὴν

2160 5478 2453 5551 ὁμοιότητα
2496 5480 2604 5534 τῶν
2648 5483 2740 5552 ἀφ’
2778 5482 3040 5555 ἐκατέρου
3083 5481 3492 5554 συμϐαινόντων
3538 5476 3758 5532 παθῶν.

2164 5569 2318 5643 Λήθη
2346 5570 2454 5644 γὰρ
2493 5571 2694 5643 ὁμοίως
2739 5574 2828 5627 ἐπ’
2883 5574 3208 5646 ἀμφοτέρων
3258 5573 3354 5630 καὶ
3409 5573 3596 5641 ἄγνοια
3635 5568 3770 5624 τῶν
