3930 6210
193 287 295 344 673
1059 275 1130 331 ΙΝ
1156 274 1447 334 CHRISTI
1497 271 1745 333 RESUB]

1935 267 2132 328 ιΟΝΕΜ
2166 266 2379 328 ORAT.
2409 266 2504 324 111.
3381 259 3487 316 674

195 399 574 476 παρελθόντων
602 397 698 453 καὶ
720 395 830 451 τῶν
858 393 1182 466 μελλόντων,
1212 395 1307 450 καὶ
1331 395 1394 450 τὸ
1430 394 1590 467 σῶμα
1619 395 1747 449 κεῖτε

1937 399 1956 444 ι
1985 400 2150 447 acuto
2176 387 2385 443 homini
2422 385 2813 441 documentum
2843 377 3140 451 proposita
3166 377 3489 449 quastionis

195 467 541 563 ἀναίσθητον,
566 489 720 560 φίλον
738 487 839 542 ούκ
866 486 1027 550 είδὸς,
1050 485 1245 557 ἐχθρὸν
1269 487 1331 540 ού
1361 486 1652 556 γινῶσκον,
1674 485 1747 539 τοὶ

1941 497 2030 537 sse
2058 495 2166 535 non
2202 475 2602 549 possunt?l|le
2643 473 2790 529 enim
2843 471 3042 528 mortis
3097 472 3301 540 imago,
3373 467 3491 522 hac

195 561 568 654 περιεστῶτας
606 581 701 634 καὶ
749 576 1090 648 θεωροῦντας
1131 577 1206 647 μὴ
1259 576 1477 647 βλέπον,
1529 594 1747 649 παρειμε

1938 569 2324 625 esurrectionis
2379 567 2780 621 imitamentum
2837 572 2942 619 est.
2996 561 3267 628 Quocirca
3325 561 3490 616 etiam

189 653 300 737 νον,
328 673 552 744 νεκρὸν,
602 671 785 739 πάσης
835 666 1102 738 ἀμοιροῦν
1145 667 1448 739 ἐνεργείας,
1495 668 1649 722 οὐδὲν
1689 668 1738 720 δι

1934 661 2149 717 .onnulli
2183 659 2394 716 externi
2426 658 2702 728 sapientes
2733 670 3053 726 germanum
3085 653 3280 709 mortis
3329 668 3486 708 som-

193 766 360 837 φέρον
397 765 506 818 τῶν
536 761 918 833 ἀποκειμένων
961 761 1022 813 ἐν
1047 759 1242 830 τάφοις
1270 762 1364 814 καὶ
1401 761 1614 832 θήκαις.
1646 761 1745 814 Οὖτ

1944 770 2031 808 um
2068 759 2354 816 vocarunt,
2388 758 2612 822 propter
2650 748 3071 806 similitudinem
3123 762 3338 810 eorum,
3394 745 3490 815 qui

191 874 271 912 τοι
300 856 474 928 συλᾷς
497 856 578 920 ὡς
610 855 824 926 νεκρὸν,
847 855 896 907 εί
927 854 1225 920 θέλοις,τὺν
1252 853 1602 915 καθεύδοντα,
1629 869 1743 905 κεν(

1933 853 2220 916 nutroque
2275 843 2553 907 accidunt,
2617 841 2843 897 aﬂectus
2895 850 2950 896 et
3023 839 3485 909 perturbationes.

191 950 289 1019 τὴν
321 949 528 1011 οἰκίαν,
557 947 735 1018 δεσμά
761 946 1080 1018 προσάγεις,
1114 945 1210 1000 καὶ
1232 944 1458 1017 οὐδεμία
1483 944 1592 997 τῶν
1627 961 1741 1015 πρα

1940 938 2122 993 lblivio
2151 952 2388 1007 namque
2418 935 2624 1006 pariter
2647 942 2702 990 et
2736 933 3041 1003 ignorantia
3087 931 3492 1002 prateritorum

195 1039 445 1110 τομένων
492 1038 746 1109 αἷσθησις
798 1037 1128 1106 ἐπιγίνεται.
1171 1035 1383 1105 Ὀλίγον
1443 1035 1501 1089 δὲ
1556 1033 1747 1106 ὕστερο

1942 1037 1958 1082 t
1989 1029 2299 1084 futurorum
2318 1029 2372 1081 in
2393 1035 2628 1097 utroque
2643 1026 2931 1095 contingit,
2955 1037 3160 1095 corpus
3184 1023 3304 1077 sine
3325 1035 3494 1077 sensu

195 1133 324 1185 ὅταν
365 1132 538 1202 ἀνοχή
591 1147 676 1194 τις
717 1130 812 1183 καὶ
861 1129 1105 1201 λὼφησις
1148 1129 1372 1199 γένηται
1424 1126 1519 1180 τοῦ
1574 1125 1747 1180 πάθου

1945 1129 2067 1186 teet,
2105 1121 2341 1174 amicum
2379 1134 2490 1174 non
2544 1119 2718 1182 novit,
2752 1119 3035 1173 inimicum
3092 1118 3329 1187 ignorat,
3387 1114 3497 1168 cir-

198 1227 391 1300 ῶσπερ
436 1229 560 1300 ἀρτι
607 1225 964 1297 ζωοποιηθεὶς
1017 1227 1048 1279 6
1111 1224 1398 1297 ἄνθρωπος
1443 1222 1750 1277 διανίστατα

1944 1219 2247 1267 umstantes
2284 1224 2338 1266 et
2379 1219 2691 1283 spectantes
2736 1226 2843 1264 non
2875 1209 3041 1272 videt,
3078 1206 3346 1271 tabidum,
3385 1205 3496 1259 fra-

197 1299 579 1391 κατάγμικρὸν
614 1320 696 1382 είς
731 1317 1082 1388 συναίσθησιν
1125 1315 1323 1371 ἑαυτοῦ
1365 1316 1462 1370 καὶ
1502 1313 1610 1367 τῶν
1660 1331 1749 1384 πρε

1942 1313 2078 1368 tum,
2110 1305 2447 1375 languidum,
2493 1304 2758 1368 solutum,
2814 1305 3130 1365 remissum,
3166 1299 3329 1354 modo
3385 1314 3494 1352 non

192 1389 429 1484 γμάτων
453 1389 769 1483 ἐρχόμενος,
799 1410 896 1464 καὶ
930 1409 1092 1480 σχολῇ
1128 1408 1226 1472 τὰς
1257 1407 1538 1480 ἐνεργείας
1562 1405 1744 1475 ἀναλα;

1945 1405 2207 1461 tortuum,
2238 1397 2418 1452 omnis
2449 1411 2645 1467 expers
2671 1393 2947 1459 efﬁcacia,
2977 1392 3115 1448 nihil
3143 1390 3402 1446 diﬁ‘erens
3427 1389 3497 1444 ab

184 1481 404 1567 ϐἀνων,
432 1481 527 1556 καὶ
559 1481 672 1556 οἷον
701 1501 1044 1572 ψυχούμενος
1080 1502 1146 1571 τῇ
1181 1499 1496 1571 ζωπυρήσει
1522 1500 1621 1570 τῆς
1647 1501 1736 1572 ὲγε

1949 1505 1996 1551 s.
2023 1503 2144 1559 qua
2177 1488 2231 1544 in
2262 1488 2458 1544 loculis
2491 1497 2544 1543 et
2572 1487 2848 1558 sepulcris
2894 1485 3136 1557 reposita
3179 1494 3330 1538 sunt.
3392 1481 3495 1537 Pe-

193 1596 468 1668 γόρσεως.
503 1595 566 1648 Et
590 1593 647 1646 δὲ
677 1591 992 1660 ὑφεστῶτος
1041 1591 1122 1644 ἑτι
1169 1591 1263 1644 τοῦ
1319 1590 1459 1656 ζώου
1515 1591 1610 1644 καὶ
1648 1606 1745 1660 περ

1945 1584 2067 1639 inde
2092 1583 2352 1639 nimirum
2387 1583 2775 1646 dormientem,
2809 1582 2856 1637 si
2889 1581 3050 1645 velis,
3098 1577 3386 1649 compilas,
3431 1592 3497 1631 ac

195 1690 355 1752 όντος
387 1686 653 1742 τοσαῦται
683 1685 899 1754 νύκτωρ
933 1684 1026 1738 καὶ
1078 1683 1196 1755 μεθ’
1239 1684 1451 1755 ⁴ἡμέραν
1495 1683 1747 1736 ἐκστάσει

1943 1678 1953 1730 i
1981 1687 2229 1731 mortuus
2257 1683 2424 1741 esset,
2457 1691 2696 1730 evacuas
2724 1683 2778 1729 et
2801 1674 3062 1729 exhauris
3085 1672 3254 1736 ades,
3274 1669 3495 1725 vincula

195 1779 540 1843 ἀλλοιώσεις,
603 1775 921 1848 μεταϐολαὶ,
963 1773 1124 1846 λῆΘαι
1175 1775 1270 1829 καὶ
1323 1775 1538 1846 μνῆμαι
1583 1775 1662 1844 τῷ
1708 1775 1747 1845 βε

1947 1768 2112 1837 ijicis,
2147 1783 2212 1822 ac
2245 1769 2430 1822 nullus
2465 1781 2657 1822 eorum
2689 1781 2812 1837 qua
2845 1765 2984 1819 liunt
3008 1777 3207 1819 sensus
3260 1763 3499 1816 interve-

195 1871 670 1943 παραπεπήγασι,
701 1867 820 1922 λίαν
852 1866 1076 1937 ἀνόητον
1106 1864 1201 1918 καὶ
1229 1864 1552 1934 φιλόνεικον,
1582 1863 1703 1934 θεῷ
1730 1882 1747 1934 ι

1949 1859 2008 1913 it.
2040 1857 2212 1913 Paulo
2243 1867 2366 1928 post
2398 1858 2487 1912 ubi
2525 1858 2863 1914 intermissio
2885 1858 3067 1927 aliqua
3098 1864 3192 1910 aut
3215 1855 3498 1909 laxamen-

201 1961 492 2015 πιστεύειν
515 1960 606 2012 τὸν
639 1958 864 2030 ἔσχατον
893 1955 1286 2028 ἀνακαινισμὺν
1327 1954 1753 2026 ὲπαγγελλομένι

1949 1963 2025 2002 tm
2055 1947 2285 2004 all'ectus
2315 1947 2620 2015 advenerit,
2666 1947 2828 2018 quasi
2887 1946 3050 2000 modo
3073 1945 3198 2000 vita
3249 1943 3501 2000 redditus

201 2053 289 2125 τῷ
340 2053 437 2106 καὶ
480 2052 576 2124 τὴν
628 2049 853 2123 πρώτην
897 2048 1094 2103 πλάσιν
1137 2047 1618 2120 δημιουργήσαντι.
1655 2047 1721 2100 '0

1948 2053 2075 2094 omo
2104 2039 2303 2110 surgit,
2332 2039 2597 2110 paulatim
2636 2037 2705 2094 ad
2728 2039 2814 2096 sui
2852 2039 3030 2109 ipsius
3058 2050 3354 2106 rerumque
3408 2049 3500 2089 re-

211 2147 455 2218 μάλιστα
500 2143 729 2215 φράττει
779 2143 906 2206 τοὺς
955 2140 1366 2208 ἀντιλέγοντας,
1412 2139 1508 2194 καὶ
1559 2138 1763 2193 ἀπιστε

1950 2132 2069 2188 iens
2129 2147 2376 2197 sensum,
2431 2131 2766 2204 pedetentim
2799 2129 3072 2186 elﬁcacias
3113 2128 3328 2199 recipit,
3379 2135 3502 2181 tan-

207 2235 660 2310 παρασκευάζει,
720 2232 878 2288 τοῦτο
932 2232 1041 2304 πρὸ
1089 2231 1338 2296 πάντων,
1389 2231 1466 2294 ὡς
1521 2224 1695 2301 οῐμαι,
1749 2246 1759 2262 ν

1951 2239 2076 2279 uam
2095 2228 2369 2282 animatus
2381 2225 2581 2298 vigilia
2598 2224 2956 2281 recreatiune.
2989 2221 3146 2289 Quod
3171 2222 3216 2278 si
3252 2226 3503 2277 exstante

206 2329 458 2400 νομίζειν
484 2326 793 2398 ἀφανισμὸν
822 2324 1063 2395 παντελῆ
1105 2323 1351 2392 γίνεσθαι
1376 2321 1487 2376 τῶν
1519 2323 1758 2394 σωμάτω

1951 2317 2076 2371 tiam
2108 2333 2254 2373 nunc
2285 2320 2341 2372 in
2383 2333 2568 2374 rerum
2603 2325 2798 2372 natura
2841 2325 3006 2387 atque
3039 2315 3339 2386 superstite
3382 2313 3503 2368 ani-

212 2421 371 2490 Ἐχει
401 2418 459 2471 δὲ
482 2417 584 2488 ούχ
604 2415 796 2478 οὕτως.
835 2415 911 2468 Ού
942 2413 1052 2485 γὰρ
1088 2413 1275 2466 τέλεον
1307 2411 1648 2481 ἀφανίζεται,
1675 2408 1764 2463 ἀλλ

1953 2409 2066 2472 tali,
2100 2417 2210 2464 tam
2239 2409 2424 2464 multa
2479 2419 2641 2464 nocte
2668 2417 2723 2464 et
2755 2407 2990 2464 interdiu
3047 2405 3248 2462 mentis
3295 2405 3505 2460 aliena-

208 2512 490 2566 διαλύεται
519 2513 599 2574 εἰς
636 2509 704 2562 τὰ
732 2508 791 2573 ἐξ
817 2500 893 2562 ὧν
924 2506 1182 2578 συνετέθη
1203 2524 1218 2536 ·
1251 2505 1347 2560 καὶ
1375 2505 1522 2558 ἐστιν
1551 2505 1609 2558 ἐν
1637 2503 1760 2557 ὓδατ

1952 2501 2514 2567 ιοιιθε,αιιετοιίοηθε,
2554 2501 2911 2564 mutationes,
2943 2497 3252 2574 obliviones
3293 2503 3348 2551 et
3386 2511 3504 2552 me-

210 2606 304 2657 καὶ
348 2603 498 2674 ἀέρι,
550 2601 645 2654 καὶ
683 2601 778 2670 γῇ,
823 2598 917 2652 καὶ
965 2596 1120 2668 πυρί.
1167 2596 1289 2652 Τῶν
1335 2595 1393 2649 δὲ
1444 2593 1762 2667 πρωτοτύπο

1954 2593 2104 2648 toria
2136 2595 2256 2648 vita
2287 2593 2597 2662 conjuncta
2624 2601 2790 2646 sunt:
2823 2591 2981 2646 valde
3011 2589 3242 2645 stultum
3265 2598 3321 2644 et
3367 2602 3503 2643 con-

214 2694 501 2764 στοιχείων
531 2693 822 2763 μενόντων,
856 2688 948 2743 καὶ
986 2689 1096 2742 τῶν
1141 2688 1238 2742 ἀπ’
1271 2686 1496 2741 ἐκείνων
1543 2683 1681 2756 μετά
1716 2685 1766 2738 τί

1953 2687 2214 2743 entiosum
2248 2695 2333 2743 est
2361 2686 2471 2743 Deo
2515 2698 2624 2740 non
2677 2685 2903 2741 credere
2960 2683 3209 2738 ultimam
3276 2695 3505 2738 renova-

212 2787 463 2841 διάλυσιν
513 2783 744 2846 ἐκείνοις
794 2780 1330 2854 προσχωρησάντων,
1369 2779 1428 2831 ὲν
1471 2774 1554 2842 οἷς
1589 2767 1764 2830 καθόλε

1952 2784 2123 2836 lenem
2156 2781 2517 2850 promittenti,
2553 2795 2680 2836 cum
2715 2780 2878 2835 etiam
2907 2778 3178 2849 primava
3221 2775 3504 2831 formatio-

215 2877 452 2941 σώζεται
497 2875 592 2929 καὶ
633 2873 702 2928 τά
733 2872 906 2944 μέρη·
937 2871 1058 2942 Θεῷ
1090 2871 1146 2925 δὲ
1185 2871 1418 2942 μάλιστα
1456 2868 1556 2941 μὲν
1587 2867 1767 2940 εὖπορ<

1959 2876 2008 2932 is
2043 2883 2240 2930 auctor
2277 2873 2369 2929 sit.
2401 2871 2559 2940 Quod
2589 2880 2773 2928 autem
2838 2870 3074 2925 maxime
3123 2867 3507 2924 contradicen-

215 2971 274 3035 ἐξ
300 2969 406 3022 οὑκ
442 2967 614 3020 ὄντων
650 2964 1004 3036 δημιουργεῖν
1035 2962 1151 3034 (καὶ¹
1182 2963 1292 3033 γὰρ
1323 2960 1495 3026 οὕτως
1525 2961 1584 3014 ὲν
1625 2961 1767 3032 ἀρχα

1959 2983 2006 3023 2s
2039 2975 2238 3035 armat,
2267 2977 2323 3021 et
2379 2965 2787 3022 incredulitatis
2829 2977 3022 3019 eorum
3069 2975 3236 3017 causa
3270 2958 3511 3016 efﬁciens

217 3059 377 3114 ἔλαϐε
406 3059 476 3112 τά
509 3057 687 3112 πάντα
717 3055 813 3126 τὴν
845 3054 1112 3124 γένεσιν)·
1159 3053 1222 3107 τὸ
1271 3052 1329 3106 δὲ
1382 3051 1445 3118 ἐξ
1485 3050 1668 3124 ἀρχῶν
1715 3051 1769 3106 τι]

1960 3069 2039 3115 st:
2071 3059 2195 3121 hoc.
2231 3067 2291 3114 ut
2330 3058 2550 3130 opinor,
2605 3057 2940 3129 praecipuum
2973 3062 3077 3118 est.
3109 3053 3257 3125 quod
3314 3067 3510 3125 corpo-

218 3148 402 3201 οὐσῶν
423 3146 826 3216 γενεσιουργείν
852 3141 1031 3214 πολλῷ
1047 3143 1219 3214 δήπου
1249 3143 1445 3214 ῥᾷστον
1469 3141 1564 3196 καὶ
1591 3141 1770 3196 εύκολι

1963 3166 2052 3204 um
2090 3158 2392 3206 extremam
2436 3148 2550 3205 ﬁeri
2585 3149 2940 3204 abolitionem
3000 3155 3055 3202 et
3086 3146 3364 3201 interitum
3395 3145 3511 3200 exi-

226 3257 408 3295 τατον.
449 3237 545 3309 Μὴ
571 3237 751 3291 τοίνυν
795 3237 895 3306 τὴν
942 3235 1114 3307 καλὴν
1154 3235 1346 3291 ὲλπίδα
1380 3233 1491 3290 τῶν
1523 3234 1778 3306 ἀνθρώπω

1963 3243 2178 3296 timant.
2223 3239 2329 3297 Sed
2364 3255 2453 3297 res
2489 3241 2563 3295 ita
2595 3255 2655 3295 se
2681 3255 2790 3294 non
2827 3238 3013 3293 habet.
3060 3235 3180 3293 Non
3205 3237 3350 3292 enim
3393 3251 3512 3291 om-

231 3329 545 3400 ἀνέλωμεν,
591 3326 690 3398 τὴν
738 3325 1108 3397 ἐπανόρθωσιν
1158 3323 1260 3396 τῆς
1312 3323 1596 3388 ἀσθενείας
1647 3323 1783 3396 ήμῶε

1958 3332 2060 3387 Iino
2089 3333 2365 3387 intereunt
2403 3339 2456 3386 et
2484 3330 2795 3393 abolentur,
2858 3328 2954 3385 sed
3010 3327 3390 3384 dissolvuntur
3455 3328 3510 3383 in

232 3424 326 3475 ut
367 3423 471 3494 τὴν
521 3420 802 3490 δευτέραν,
858 3419 932 3482 ὼς
980 3418 1048 3472 ἂν
1091 3417 1233 3470 είποι
1287 3433 1408 3481 τις,
1457 3415 1672 3486 γένεσιν
1727 3413 1784 3484 ei

1955 3438 2023 3478 :as
2057 3439 2167 3490 res,
2194 3439 2260 3478 ex
2290 3423 2493 3494 quibus
2515 3421 2821 3493 composita
2845 3429 2974 3476 sunt
3001 3438 3016 3476 :
3047 3427 3245 3476 etsunt
3266 3419 3320 3474 in
3341 3433 3507 3489 aqua.

237 3514 525 3586 ἐλευθέραν
587 3512 848 3577 θανάτου,
883 3511 1019 3583 μηδὲ
1055 3510 1362 3581 φιληδονίας
1405 3509 1677 3581 ὑπερϐολῇ
1728 3508 1789 3580 τὴ

1958 3531 1986 3569 n
2027 3529 2174 3578 aere,
2207 3514 2262 3568 in
2317 3521 2462 3570 terra
2498 3523 2553 3570 et
2603 3512 2658 3567 in
2724 3511 2870 3583 igne.
2925 3509 3275 3564 Manentibus
3328 3521 3510 3565 autem

233 3585 442 3676 ἀγαθὴν
473 3604 568 3658 καὶ⁵
613 3603 994 3675 φιλάνθρωπον
1031 3600 1125 3654 τοῦ
1175 3597 1311 3653 Θεοῦ
1351 3598 1644 3668 ὑπόσχεσιν
1691 3597 1785 3652 καθ

1990 3607 2332 3678 'incipalibus
2366 3605 2678 3671 elementis,
2708 3613 2762 3661 et
2795 3604 2885 3672 iis,
2919 3619 3042 3674 qua
3096 3619 3164 3658 ex
3215 3602 3325 3658 illis
3376 3585 3542 3658 con-I

235 3691 568 3762 υϐρίσωμεν.
613 3689 768 3760 Ἐμοὶ
797 3691 907 3762 γὰρ
938 3688 1184 3744 δοκοῦσιν
1224 3689 1272 3742 oi
1321 3688 1419 3758 τῆς
1461 3687 1787 3760 προκειμένη

1961 3706 2098 3764 tant,
2136 3705 2260 3769 post
2314 3697 2737 3754 dissolutionem
2795 3696 2862 3750 ad
2894 3710 2956 3750 ea
2995 3693 3412 3759 accedentibus,
3456 3695 3511 3749 in

236 3784 545 3846 ὑποθέσεως
578 3781 834 3846 ἐναντίοι,
865 3781 1058 3854 ἄνδρες
1099 3775 1239 3834 εἶναι
1271 3779 1469 3844 κακίας
1500 3781 1704 3851 ἑταῖροι
1734 3796 1788 3832 κο

1959 3791 2130 3860 [uibus
2180 3804 2409 3862 prorsus
2444 3789 2610 3844 salvae
2649 3793 2878 3842 manent
2911 3787 3074 3841 etiam
3126 3794 3346 3854 partes:
3385 3799 3511 3839 cum

235 3875 440 3944 ἀρετῆς
471 3873 666 3945 ἔχθροὶ,
696 3873 882 3942 λάγνοι
915 3873 1010 3926 καὶ
1053 3871 1392 3938 πλεονέκται,
1435 3871 1532 3925 καὶ
1571 3872 1787 3943 ἀκρατεῖ

1959 3890 2044 3940 leo
2078 3883 2315 3939 maxime
2348 3883 2569 3954 quidem
2598 3881 2758 3938 facile
2781 3889 2868 3938 est
2900 3880 2983 3936 vel
3015 3895 3081 3936 ex
3113 3880 3204 3944 iis,
3239 3895 3360 3952 qua
3399 3895 3511 3934 non

235 3968 563 4039 ὀφθαλμοῐς.
602 3969 694 4023 καὶ
726 3971 865 4041 ἀκοῇ
895 3967 990 4022 καὶ
1031 3967 1317 4040 ὀσφρήσει,
1354 3965 1450 4020 καὶ
1480 3965 1682 4030 πάσαις
1711 3968 1787 4019 ταῑ

1963 3974 2524 4048 unt,creare(etcnim
2555 3974 2636 4030 sic
2657 3975 2710 4028 in
2741 3973 3026 4048 principiis
3054 3987 3240 4027 rerum
3257 3970 3513 4028 universa

233 4061 556 4133 αἰσθήσεσιν
582 4061 813 4132 ῥέουσαν
856 4062 940 4114 ἐπ’
971 4061 1154 4123 αὐτοῖς
1207 4059 1306 4130 τὴν
1359 4057 1550 4130 ἡδονὴν
1591 4057 1785 4127 είσδεχί

1963 4077 2183 4122 laturam
2201 4076 2255 4123 et
2280 4067 2550 4139 originem
2571 4069 2953 4136 sumpserunt)
2987 4073 3102 4118 tum
3132 4077 3198 4118 ex
3223 4063 3515 4135 principiis

233 4171 411 4226 μενοι.
453 4153 669 4224 Ἐπειδὴ
695 4153 752 4206 δὲ
781 4155 808 4206 6
838 4152 937 4222 τῆς
969 4150 1318 4213 ἀναστάσεως
1345 4149 1502 4218 λόγος
1535 4166 1785 4220 προκειμε

1965 4160 2348 4231 uppetentibus
2380 4168 2629 4213 naturam
2654 4158 2870 4214 edicere
2899 4158 3058 4228 longe
3110 4167 3258 4211 certe
3319 4155 3516 4210 facilli-

232 4263 334 4315 νην
362 4245 476 4316 εχει
503 4246 604 4316 τὴν
637 4245 840 4316 κρίσιν,
873 4245 967 4298 καὶ
998 4243 1108 4296 τῶν
1144 4243 1305 4311 ίερῶν
1334 4240 1530 4312 βίϐλων
1574 4242 1784 4296 ἀκούουε

1963 4264 2082 4304 num
2139 4257 2194 4304 et
2252 4247 2747 4318 expeditissimum.
2812 4245 2891 4301 Ne
2961 4246 3128 4317 igitur
3197 4245 3515 4316 praclaram

233 4338 510 4409 λεγουσῶν
529 4337 852 4410 διαρρήδην,
882 4335 958 4400 ὡς
986 4337 1087 4388 οὐκ
1119 4333 1412 4398 ἀνεύθυνος
1441 4333 1601 4404 ἡμῶν
1629 4334 1658 4386 6
1686 4333 1785 4404 βίος

1967 4356 2089 4413 pem
2140 4339 2460 4403 hominum,
2512 4336 2913 4394 correctionem
2967 4343 3024 4391 et
3077 4336 3515 4392 emendationem

228 4433 351 4488 ἀλλ’
382 4433 514 4486 ὃταν
540 4430 681 4502 πρὸς
724 4429 824 4502 τὴν
860 4427 1121 4497 δευτέραν
1159 4426 1634 4497 ἀνακαινισθῶμεν
1663 4427 1777 4498 ζωὴ

1968 4435 2194 4491 idelicet
2257 4432 2596 4489 intlrmitatis
2667 4446 2733 4488 ac
2809 4429 3118 4504 fragilitatis
3172 4439 3408 4495 nostra,
3464 4437 3520 4484 et

229 4527 439 4587 πάντες
468 4521 938 4596 παραστησόμεθα
968 4519 1048 4592 τῷ
1081 4520 1285 4590 βήματι
1335 4517 1429 4572 τοῦ
1471 4516 1730 4590 Χριστοῦ,
1762 4520 1781 4570 (Τ

1969 4525 2254 4591 ecundam,
2305 4532 2368 4579 ut
2424 4524 2500 4580 ita
2557 4523 2760 4592 dicam,
2811 4523 3215 4596 generationem
3270 4537 3300 4577 a
3345 4531 3521 4578 morte

227 4617 330 4671 ὑπ’
357 4614 554 4686 ἑκείνῳ
579 4616 741 4686 κριτῇ
767 4613 866 4677 τάς
895 4611 1031 4682 πρὸς
1061 4611 1216 4676 ἀξίαν
1245 4608 1479 4682 ἀμοιϐὰς
1507 4609 1614 4663 τῶν
1640 4608 1779 4680 βεϐιι

1969 4617 2164 4672 lberam
2223 4615 2504 4683 tollamus,
2537 4629 2717 4685 neque
2771 4613 2944 4669 nimio
2978 4612 3166 4670 studio
3219 4612 3521 4683 voluptatis

233 4709 423 4780 μένων
449 4706 780 4777 κομίσασθαι
800 4724 815 4737 ·
842 4704 1143 4768 συνειδότες
1169 4704 1381 4766 ἑαυτοῖς
1408 4702 1636 4774 πράξεις
1667 4703 1785 4772 αίσχ

1969 4709 2260 4780 enignam,
2307 4707 2604 4779 studioque
2636 4715 2692 4764 et
2749 4721 2936 4764 amore
2973 4707 3256 4763 hominum
3319 4703 3521 4760 factam

232 4817 398 4862 στας,
442 4798 656 4852 πολλῶν
708 4797 866 4864 ἀξίας
917 4794 1219 4866 τιμωριῶν,
1265 4795 1415 4864 μίσει
1458 4793 1560 4864 τῆς
1603 4794 1784 4865 κρίσει

1967 4799 2370 4857 ιτοῐηίεείοηεηι
2409 4799 2503 4855 Dei
2537 4798 2863 4870 sugillemus
2883 4810 3045 4870 atque
3073 4798 3519 4854 dehonestemns.

227 4891 529 4962 ἀναιροῦσι
553 4891 647 4944 καὶ
665 4890 764 4962 τὴν
791 4889 1106 4943 ἀνάστασιν.
1147 4887 1356 4956 Ὠσπερ
1382 4887 1430 4939 oi
1460 4885 1685 4956 πονηροὶ
1721 4885 1779 4937 τι]

2023 4891 2069 4945 hi
2105 4891 2250 4947 enim
2289 4891 2578 4963 pra-sentis
2597 4891 2906 4962 argumenti
2935 4890 3237 4946 adversarii
3267 4888 3526 4945 videntur
3573 4906 3575 4909 '

225 4983 469 5046 δούλων,
515 4984 566 5036 οἱ
613 4981 713 5053 τὴν
762 4980 951 5035 οὐσίαν
1015 4977 1111 5033 τοῦ
1161 4978 1350 5050 κυρίου
1399 4978 1774 5050 δαπανήσαντε

1976 4998 2064 5037 sse
2098 4982 2350 5036 homines
2403 4981 2518 5036 vitii
2568 4989 2732 5052 atque
2763 4981 3020 5052 nequitia
3061 4981 3246 5048 amici,
3305 4981 3523 5036 virtutis

223 5077 477 5134 θανάτου
511 5075 568 5129 δὲ
600 5074 695 5128 τοῦ
729 5073 993 5127 δεσπότου
1035 5072 1130 5125 καὶ
1157 5070 1431 5133 ἀπωλείας
1463 5071 1674 5134 ἑαυτοῖς
1702 5071 1775 5124 ύπ

1969 5072 2175 5135 nimici,
2211 5071 2510 5140 libidinosi,
2539 5071 2715 5140 avari,
2765 5083 2818 5128 et
2839 5073 3013 5128 oculis
3072 5073 3521 5144 intemperantes,

222 5170 568 5244 γράφοντες,
595 5166 691 5221 καὶ
725 5165 860 5237 πρὸς
897 5164 997 5237 τὴν
1039 5162 1176 5218 ίδίαν
1221 5161 1520 5233 ἐπιθυμίαν
1557 5163 1774 5217 διακένοί

1971 5178 2058 5215 um
2095 5163 2282 5216 auditu
2313 5172 2366 5216 et
2397 5161 2622 5228 olfactu,
2658 5163 2915 5219 omnibus
2983 5161 3219 5234 denique
3266 5163 3523 5220 sensibus

223 5261 538 5329 λογισμοὺς
570 5259 1030 5321 ἀναπλάσσοντες.

1974 5256 2265 5309 nlluentem
2291 5264 2345 5309 et
2373 5254 2727 5325 obrepentem
2759 5255 2894 5325 ipsis
2933 5255 3263 5326 voluptatem
3303 5256 3358 5310 in
3405 5268 3526 5309 sese

237 5358 619 5413 titinittentes.
667 5352 939 5421 Quoniam
989 5356 1171 5405 autem
1209 5355 1475 5403 tractatus
1503 5349 1922 5404 resurrectionis
1953 5346 2225 5418 judicium
2267 5347 2610 5418 propositum
2655 5345 2850 5412 habet,
2883 5354 2938 5403 et
2980 5362 3172 5404 sacros
3204 5349 3373 5404 libros
3427 5365 3526 5403 au-

236 5452 430 5513 diunt,
452 5450 506 5503 in
539 5447 740 5520 quibus
768 5459 1028 5516 expresse
1053 5459 1117 5499 ac
1142 5443 1347 5498 diserte
1368 5442 1703 5509 continetur,
1724 5441 1870 5513 quod
1894 5452 2082 5496 nostra
2101 5441 2212 5496 vita
2230 5441 2522 5512 quastioni
2539 5450 2594 5497 et
2615 5441 3014 5498 examinationi
3033 5452 3281 5514 exempta
3301 5458 3407 5499 non
3431 5444 3525 5508 sit,

238 5546 333 5600 sed
369 5557 501 5597 cum
522 5539 585 5594 ad
604 5541 833 5595 alteram
859 5538 1024 5592 vitam
1047 5534 1294 5592 renovati
1319 5533 1894 5601 fuerimus,l'uturum,
1920 5545 1980 5589 ut
2000 5549 2194 5590 omnes
2225 5533 2293 5588 ad
2319 5533 2561 5590 tribunal
2591 5533 2798 5590 Christi
2826 5536 3113 5600 sistamur,
3144 5545 3204 5592 ut
3235 5537 3331 5592 illo
3341 5537 3528 5604 judice

243 5642 446 5711 dignas
479 5646 612 5691 acta
634 5637 760 5691 vita
796 5632 1192 5690 retributiones
1219 5639 1274 5687 et
1303 5633 1787 5702 compensationcs
1813 5630 2149 5701 recipiamus
2179 5645 2194 5686 :
2223 5627 2374 5701 quod
2416 5627 2522 5685 sibi
2561 5629 2777 5686 conscii
2813 5637 2947 5685 sunt
2977 5607 3423 5702 turpissimarum
3465 5646 3529 5688 ac

246 5733 681 5794 [adissimarum
695 5732 996 5800 actionum,
1016 5729 1216 5802 quibus
1248 5728 1450 5786 multas
1481 5743 1672 5800 poenas
1691 5727 1868 5785 meriti
1892 5725 2607 5800 sunt,odiojudiciitollunt
2627 5729 2792 5786 etiam
2823 5728 3282 5788 resurrectionem
3305 5746 3316 5784 :
3337 5743 3531 5800 quem:
