3930 6210
435 234 544 292 675

1683 224 1742 281 ὃ.
1785 221 2109 281 GREGORII
2141 222 2430 281 NYSSENI

434 347 726 404 admodum
756 343 900 402 servi
934 343 1088 408 mali,
1127 342 1220 415 qui
1250 343 1537 400 facultates
1562 349 1616 399 et
1638 342 1780 397 bona
1816 340 2022 396 domini
2057 347 2542 411 consumpserunt,
2570 348 2625 396 et
2648 347 2878 397 mortem
2910 348 2963 396 et
2996 339 3277 398 interitum
3315 338 3590 412 (interim)
3619 340 3739 396 do-

3615 222 3739 280 676

433 439 569 493 mini
597 437 706 492 sibi
741 445 1080 506 proponunt,
1107 443 1166 488 et
1199 449 1297 504 pro
1326 448 1392 487 eo
1417 432 1564 502 quod
1593 432 1827 500 cupiunt
1847 442 1901 486 et
1919 439 2134 500 optant,
2172 445 2342 486 vanas
2372 430 2739 500 cogitationes
2771 430 2877 485 sibi
2907 431 3140 500 ﬁngunt.

507 528 712 582 Verum
747 539 909 580 nemo
953 538 1126 579 sanus
1161 524 1235 576 ita
1284 525 1504 578 sentiet.
1559 525 1692 586 Qua:
1737 529 1822 576 est
1871 521 2018 574 enim
2047 529 2093 582 Α

433 621 650 675 utilitas
673 617 946 688 iustitiae?
979 615 1136 681 Quod
1177 615 1526 669 commodum
1562 613 1830 677 veritatis,
1861 613 2018 667 boni-

434 711 566 766 tatis
597 717 651 764 et
683 709 863 764 omnis
894 707 1236 762 honestatis?
1259 705 1430 774 Cujus
1485 705 1562 758 rei
1620 704 1795 774 gratia
1840 703 2018 756 homi-

435 818 534 858 nes
566 803 838 864 laborant,
871 809 925 854 et
955 799 1140 854 studio
1175 797 1462 867 sapientiae
1489 795 1656 850 dediti
1680 795 1851 849 sunt?
1876 793 2018 848 Ven-

429 895 536 949 tris
582 893 919 961 voluptatem
985 889 1089 944 sibi
1146 889 1535 957 subjugantes,
1619 884 2018 940 continentiam

436 983 970 1052 temperantiamque
1003 979 1407 1048 amplexantes,
1431 991 1632 1032 somno
1659 975 1727 1029 ad
1763 975 2018 1044 exiguum

436 1084 655 1143 tempus
709 1072 1078 1140 indulgentes,
1138 1076 1518 1139 tempestatem
1565 1076 1621 1123 et
1652 1076 1845 1122 aestum
1889 1066 2022 1120 tole-

438 1173 646 1226 rantes,
671 1163 713 1216 si
747 1161 1080 1216 resurrectio
1105 1176 1212 1214 non
1247 1160 1368 1214 est?
1398 1159 1827 1228 Dieamusjuxta
1855 1157 2021 1211 verba

438 1253 595 1307 Pauli
622 1273 636 1307 :
671 1252 910 1306 Edonias
940 1261 990 1304 et
1021 1251 1282 1315 bibamus,
1313 1266 1434 1304 cras
1471 1249 1610 1303 enim
1654 1251 1913 1302 morimur
1952 1247 2019 1301 “.

438 1344 494 1399 Si
521 1343 854 1399 resurrectio
881 1343 1050 1407 nulla,
1081 1341 1204 1398 ﬁnis
1229 1357 1359 1396 vero
1379 1345 1505 1396 vitae
1529 1356 1678 1396 mors
1711 1350 1831 1407 est,
1881 1339 2012 1394 tolle

434 1436 566 1490 mihi
600 1435 978 1490 accusationes
1019 1442 1182 1504 atque
1221 1433 1717 1504 reprehensiones;
1767 1431 2022 1502 permitte

434 1526 747 1591 homicidae,
776 1537 836 1580 ut
863 1527 1073 1604 absque
1105 1526 1501 1595 impedimento
1527 1540 1626 1580 sua
1659 1525 1879 1580 licentia
1899 1532 2019 1578 uta-

438 1626 563 1683 tur;
599 1618 718 1672 sine
751 1618 1058 1672 adulterum
1092 1617 1264 1671 libere
1317 1615 1567 1672 insidiari
1618 1617 2019 1683 matrimoniis;

437 1710 670 1766 insultet
699 1709 1032 1764 adversariis
1058 1709 1211 1764 dives
1242 1723 1440 1764 avarus
1479 1718 1532 1765 et
1562 1708 1725 1763 alieni
1784 1723 2020 1778 usurpa-

435 1809 544 1867 tor,
608 1816 770 1856 nemo
816 1801 1550 1861 oonviciatorem‘eoerceat,
1605 1799 1754 1868 juret
1799 1797 2022 1854 assidue

438 1893 728 1963 perjurus:
761 1900 942 1947 manet
967 1891 1116 1946 enim
1147 1903 1303 1946 'mors
1335 1891 1500 1945 etiam
1526 1889 1760 1959 justum,
1809 1889 2023 1959 religio-
2055 1875 2098 1931 Β

435 1999 579 2047 sum,
614 1998 679 2036 ae
713 1985 884 2052 pium,
911 1982 1163 2052 iurisque
1187 1981 1411 2051 jttrandi
1433 1981 1836 2038 observantem.
1870 1980 2020 2036 Men-

436 2075 608 2130 tiatur
647 2074 828 2144 quivis
858 2075 998 2128 alius
1023 2080 1289 2142 quantum
1321 2073 1451 2127 velit
1483 2090 1495 2125 :
1533 2073 1719 2128 nullus
1748 2072 1893 2127 enim
1929 2088 2021 2127 ve-

441 2165 627 2220 ritatis
664 2166 880 2220 frttctus
903 2205 918 2230 ,
950 2178 1110 2219 nemo
1145 2163 1404 2233 pauperis
1433 2163 1794 2231 misereatur;
1823 2179 2019 2233 expers

435 2258 582 2311 enim
611 2256 992 2312 misericordia
1039 2254 1310 2310 mercedis
1361 2263 1468 2310 est.
1520 2253 1846 2324 llujusmodi
1893 2270 2019 2311 sen-

437 2362 533 2400 sus
567 2356 622 2400 et
648 2346 1010 2416 cogitationes
1054 2343 1292 2414 pejorem
1325 2342 1529 2398 diluvio
1563 2343 1835 2398 inducunt
1885 2357 2019 2397 eon-

435 2436 732 2496 Iusionem.
763 2444 818 2490 et
839 2451 1062 2490 onmem
1108 2449 1299 2491 sanam
1331 2434 1552 2504 quidem
1603 2435 1872 2489 rationem
1927 2449 2021 2490 ex-

439 2528 692 2602 pellunt;
731 2528 1066 2582 furiosorum
1101 2536 1283 2582 autem
1313 2537 1368 2581 et
1417 2527 1692 2580 latronum
1745 2525 2020 2595 quaslibet

437 2621 805 2691 cogitationes
837 2629 891 2673 et
932 2619 1161 2673 consilia
1219 2625 1426 2674 acuunt
1455 2625 1617 2687 atque
1667 2617 2014 2670 conﬁrmant.

435 2709 574 2765 Nam
607 2710 655 2764 si
687 2711 1019 2763 resurrectio
1051 2725 1158 2764 non
1189 2718 1310 2772 est,
1358 2723 1426 2762 ne
1475 2707 1742 2777 judicium
1795 2708 2016 2776 quidem

436 2801 578 2866 erit;
617 2799 834 2852 sublato
859 2807 1038 2852 autem
1077 2797 1308 2866 judicio,
1333 2797 1494 2851 etiam
1516 2797 1678 2851 timor
1708 2795 1802 2850 Dei
1852 2796 2016 2850 simul

438 2889 673 2959 ejicitur.
696 2886 796 2942 Ubi
828 2895 1008 2942 autem
1035 2887 1198 2941 timor
1228 2903 1336 2941 non
1366 2887 1612 2951 cohibet,
1636 2901 1739 2942 nec
1760 2887 1816 2940 in
1839 2887 2017 2942 ollicio

439 2979 691 3034 homines
724 2979 986 3044 continet,
1015 2977 1089 3033 ibi
1115 2993 1239 3032 cum
1295 2986 1522 3048 peccato
1549 2977 1798 3033 diabolus
1841 2979 2017 3048 tripu-

437 3070 572 3132 diat,
605 3080 769 3141 atque
807 3071 1038 3125 choreas
1063 3069 1235 3124 ducit.
1269 3068 1448 3139 Atque
1471 3067 1765 3123 admodum
1817 3084 2015 3124 conve-

439 3161 656 3214 nienter
685 3169 737 3214 et
771 3170 894 3231 apte
923 3160 1189 3215 adversus
1243 3160 1380 3214 tales
1425 3158 1596 3214 David
1654 3160 1808 3214 illum
1868 3161 2015 3230 psal-

439 3265 590 3304 mum
619 3251 879 3319 scripsit:
913 3249 1063 3302 Dixit
1099 3263 1278 3301 amens
1308 3249 1357 3301 in
1391 3247 1549 3302 corde
1581 3263 1716 3303 suo:
1778 3247 1900 3302 Non
1944 3259 2020 3302 est
2047 3224 2089 3282 θ

439 3341 603 3396 Deus.
640 3341 891 3410 ϐου-ηιριί
913 3351 963 3396 et
993 3340 1379 3395 abominabiles
1414 3341 1546 3411 {acti
1596 3350 1718 3394 sunt
1750 3341 1802 3395 in
1831 3341 2024 3396 studiis

438 3443 488 3487 et
511 3433 776 3487 exercitiis
808 3434 920 3487 suis
957 3434 1021 3486 ¹³.
1050 3432 1205 3498 Quod
1237 3433 1280 3486 si
1303 3433 1635 3488 resurrectio
1664 3449 1772 3487 non
1806 3441 1908 3497 est,
1943 3433 2024 3486 la-

441 3523 567 3578 bula
602 3524 844 3579 Lazarus
873 3533 928 3579 et
960 3524 1114 3578 dives
1143 3525 1234 3578 ille
1259 3533 1343 3579 est
1368 3543 1381 3578 :
1411 3525 1539 3578 item
1575 3524 1946 3579 formidabilis
1971 3532 2025 3579 et

438 3617 749 3672 horrendus
797 3617 887 3671 ille
916 3617 1139 3682 biatus;
1193 3623 1246 3669 et
1291 3615 1381 3670 ille
1442 3615 1799 3670 intolerabilis
1863 3618 2024 3669 ardor

441 3709 583 3779 ignis
613 3720 665 3762 et
697 3707 1085 3773 inﬂammatio;
1141 3707 1325 3777 lingua
1359 3706 1488 3760 item
1523 3706 1753 3761 ardens:
1798 3706 1864 3761 ad
1911 3707 2026 3762 haec

441 3799 752 3855 desiderata
783 3808 935 3869 gutta
968 3814 1143 3868 aqum,
1170 3796 1483 3868 digitusque
1515 3797 1777 3853 mendici.
1837 3797 2022 3855 Palam

442 3892 586 3945 enim
614 3899 719 3954 est,
749 3889 893 3960 quod
927 3889 1040 3943 limc
1063 3890 1248 3942 omnia
1300 3891 1459 3945 nobis
1521 3889 1761 3944 futuram
1815 3891 2025 3961 signiti-

442 3990 570 4037 cant
598 3981 1086 4036 resurrectionem.
1133 3978 1343 4050 Lingua
1392 3981 1539 4035 enim
1568 3996 1633 4035 ac
1667 3980 1878 4052 digitus
1912 3998 2023 4037 non

444 4075 780 4144 incorporea:
808 4073 1050 4126 membra
1083 4072 1277 4127 anima:
1304 4073 1704 4140 intelliguntur,
1725 4076 1817 4130 sed
1842 4086 2024 4144 partes

443 4167 713 4238 corporis.
754 4166 834 4221 Ac
863 4180 1024 4220 nemo
1051 4172 1204 4236 putet
1234 4165 1350 4221 haec
1391 4166 1508 4237 jam
1548 4169 1872 4238 contigisse,
1925 4169 2022 4224 sed

448 4255 859 4328 prmdictionem
893 4271 1019 4311 esse
1067 4255 1270 4310 futuri:
1324 4257 1578 4312 evenient
1637 4267 1818 4312 autem
1870 4267 2019 4326 tunc,

441 4365 566 4404 cum
595 4349 876 4404 renovatio
900 4349 1141 4402 animam
1191 4350 1426 4406 mortuis
1477 4349 1791 4417 reddiderit,
1838 4361 1896 4405 et
1951 4350 2022 4405 ad

440 4437 773 4495 reddendam
805 4447 942 4493 acta:
973 4438 1099 4492 vitae
1144 4438 1408 4493 rationem
1441 4456 1885 4510 unumquemque
1934 4455 2021 4495 re-
2053 4448 2064 4466 ·’

439 4532 679 4594 duxerit,
711 4529 1078 4599 compositum
1128 4529 1319 4584 eodem
1347 4531 1508 4585 modo
1560 4546 1669 4601 quo
1723 4533 1897 4600 prius,
1951 4547 2016 4586 ex

440 4623 621 4677 anima
643 4629 697 4675 et
717 4633 948 4689 corpore
972 4625 1339 4674 constantem.
1370 4617 1540 4675 Porro
1565 4620 2018 4676 Ezechieldivino

440 4714 637 4785 spiritu
671 4723 858 4781 raptus
889 4709 961 4775 “,
1003 4718 1057 4764 et
1099 4725 1418 4782 magnarum
1473 4713 1744 4767 visionum
1813 4727 2023 4784 specta-

441 4817 548 4871 tor,
575 4805 643 4860 ad
700 4818 862 4874 quam
925 4801 1116 4872 utique
1175 4804 1506 4858 sententiam
1565 4812 1620 4857 et
1680 4805 2019 4860 intellectum

440 4897 836 4961 deducebatur,
866 4909 992 4948 cum
1037 4893 1171 4948 vidit
1203 4909 1456 4964 magnum
1511 4895 1685 4962 illum,
1747 4911 1812 4950 ac
1861 4896 2021 4968 longe

441 4990 657 5057 lateque
691 4995 966 5056 patentem
996 5001 1248 5056 campum
1271 4986 1523 5043 humanis
1544 4989 1763 5044 ossibus
1779 4990 2022 5060 comple-

2204 519 2342 571 Ἀλλ’
2379 519 2555 582 οὐδεὶς
2611 517 2756 572 οὓτω
2795 519 3050 590 φρονήσει
3098 517 3206 571 τῶν
3261 518 3736 589 σορρονούντων.

2119 609 2183 662 Ti
2211 611 2320 681 γὰρ
2340 608 2530 679 ὄφελος
2542 609 2907 680 δικαιοσύνης,
2927 611 3020 664 καὶ
3045 609 3328 680 ἀληθείας,
3357 611 3452 663 καὶ
3467 610 3737 682 χρηστό-

2118 717 2278 772 τητος
2299 739 2314 764 ,
2354 702 2451 756 καὶ
2497 702 2700 766 παντὸς
2738 702 2832 756 τοῦ
2875 701 3081 768 καλῶς
3133 703 3273 772 ὺπέρ
3310 703 3458 767 τίνος
3498 702 3558 755 δὲ
3616 718 3738 772 μο-

2117 791 2308 862 χθοῦσι
2339 793 2434 846 καὶ
2462 793 2840 863 φιλοσοφοῦσιν
2884 793 3159 864 ἄνθρωποι
3181 834 3198 860 ,
3240 794 3474 864 γαστρὸς
3507 793 3735 864 ἡδονὴν

2117 882 2612 952 δουλαγωγοῦντες,
2676 885 2769 938 καὶ
2825 885 3143 953 ἀγαπῶντες
3198 885 3518 956 ἐγκράτειαν
3537 923 3560 948 ,
3620 883 3733 937 καὶ

2121 975 2290 1029 ὕπνου
2319 976 2455 1046 πρὸς
2479 974 2658 1043 ὀλίγον
2699 975 3214 1046 μεταλαγχάνοντες,
3245 976 3338 1028 καὶ
3369 974 3729 1046 παραταττό-

2123 1083 2273 1138 μενοι
2316 1066 2455 1136 πρδς
2495 1067 2739 1137 χειμῶνα
2787 1067 2878 1120 καὶ
2917 1069 3124 1135 πνῖγος,
3165 1067 3220 1119 εί
3259 1065 3554 1128 ἀνάστασις
3609 1066 3729 1117 οὐκ

2120 1156 2301 1219 ἐστινς
2329 1155 2584 1226 Εἴπωμεν
2615 1156 2751 1227 πρὸς
2783 1142 2943 1222 αὐτὰ,
2970 1156 3039 1210 τὰ
3059 1159 3280 1228 ῥήματα
3309 1155 3560 1220 Παύλου;
3593 1154 3723 1208 Φό-

2119 1266 2316 1320 γωμεν
2361 1248 2459 1303 καὶ
2503 1248 2762 1318 πίωμεν-ο
2815 1249 3024 1317 αὔριον
3063 1248 3176 1318 γὰρ
3213 1247 3715 1316 ἀποθνήσκομεν.

2121 1343 2185 1396 Εἰ
2210 1341 2503 1403 ἀνάστασις
2527 1341 2627 1394 ούκ
2669 1340 2832 1403 ἔστιν,
2873 1339 3009 1393 ἀλλὰ
3041 1341 3213 1410 πέρας
3261 1339 3355 1392 τοῦ
3388 1337 3504 1408 βίου
3535 1338 3717 1392 Θάνα-

2121 1433 2415 1500 τος.’ἀνελέ
2445 1451 2535 1503 μοι
2572 1435 2904 1504 κατηγορίας
2933 1433 3028 1486 καὶ
3056 1432 3256 1502 ψόγους
3273 1449 3287 1462 '
3309 1431 3397 1495 δὸς
3425 1431 3712 1487 ἀκώλυτον

2120 1527 2197 1598 τῷ
2235 1526 2543 1596 ἀνδροφόνῳ
2579 1526 2676 1596 τὴν
2712 1524 2991 1589 ἐξουσίαν’
3035 1524 3172 1594 ἄφες
3205 1523 3296 1577 τὸν
3341 1525 3524 1594 μοιχὸν
3567 1523 3714 1588 μετὰ

2121 1619 2434 1691 παρρησίας
2467 1615 2834 1672 ἐπιϐουλεύειν
2865 1618 2978 1680 τοῖς
3013 1617 3233 1685 γάμοις,
3267 1615 3522 1686 τρυφάτω
3564 1615 3710 1669 κατά

2119 1711 2227 1764 τῶν
2278 1709 2534 1764 ἐναντίων
2585 1709 2932 1779 πλεονέκτης,
2989 1708 3182 1778 μηδεὶς
3224 1709 3567 1762 ἐπικοπτέτω
3621 1706 3709 1758 ὡν

2121 1801 2379 1873 λοίδορον,
2407 1800 2624 1872 ὀμνύτω
2657 1799 2893 1870 συνεχῶς
2926 1800 2956 1852 ό
2989 1799 3274 1870 ἐπίορκος·
3303 1798 3450 1869 μένει
3479 1799 3594 1868 γάρ
3618 1798 3710 1852 Ei-

2126 1909 2285 1955 νατος
2320 1891 2415 1945 καὶ
2444 1891 2534 1944 τὸν
2570 1888 2814 1961 εὔορκον.
2851 1887 3144 1943 Ψευδέσθω
3187 1886 3342 1950 ἄλλος
3381 1887 3485 1939 ὃσα
3526 1885 3710 1956 βούλε-

2127 1999 2250 2036 ται·
2283 1983 2457 2046 οὐδεὶς
2482 1981 2590 2053 γὰρ
2614 1982 2711 2050 τῆς
2731 1980 2988 2052 ἀληθείας
3010 1978 3240 2049 καρπός.
3263 1978 3471 2049 Μηδεὶς
3493 1977 3712 2034 ἐλεεξτω

2125 2074 2217 2128 τὸν
2262 2073 2501 2145 πένητα·
2541 2072 2771 2144 ἄμισθος
2801 2073 2912 2143 γάρ
2947 2074 3096 2124 ἐστιν
3135 2073 3164 2126 ό
3205 2070 3372 2134 ἔλεος.
3411 2068 3602 2124 Ταῦτα
3641 2070 3712 2124 τά

2127 2167 2471 2238 φρονήματα,
2504 2165 2720 2238 χείρονα
2753 2166 2898 2217 ποιεί
2935 2162 3034 2217 τοῦ
3079 2161 3464 2232 κατακλυσμοῦ
3507 2161 3714 2231 σύγχυ-

2127 2277 2212 2311 σιν
2238 2274 2252 2289 ο
2285 2258 2380 2311 καὶ
2406 2256 2582 2311 πάντα
2605 2257 2705 2327 μὲν
2737 2255 2986 2309 ἐκϐάλλει
3031 2254 3280 2327 σώφρονα
3304 2254 3484 2318 λόγον,
3517 2255 3628 2307 πᾶν
3653 2253 3717 2308 δὲ

2125 2349 2302 2420 νόημα
2329 2347 2554 2419 μανικὸν
2583 2349 2678 2402 καὶ
2706 2347 2995 2420 λῃστρικὸν
3026 2346 3298 2418 ἐπιθήγει.
3338 2346 3403 2400 Εἰ
3434 2343 3543 2414 γὰρ
3574 2344 3716 2398 ἀνά-

2126 2458 2313 2505 στασις
2344 2441 2444 2494 οὐκ
2474 2440 2641 2506 ἔστιν,
2668 2440 2786 2494 οὐδὲ
2814 2441 2994 2510 κρίσις
3014 2457 3026 2469 ·
3052 2440 3100 2492 εἰ
3135 2438 3190 2491 δὲ
3217 2437 3395 2507 κρίσις
3421 2435 3715 2505 ἀνῄρηται,

2125 2530 2220 2584 καὶ
2257 2529 2421 2598 φόϐος
2470 2529 2602 2583 Θεοῦ
2651 2529 3085 2583 συνεκϐάλλεται.
3121 2527 3294 2580 Ὅπου
3342 2524 3400 2578 δὲ
3438 2523 3599 2592 φόϐος
3647 2523 3717 2576 οὐ

2126 2621 2470 2692 σωφρονίζει,
2497 2622 2614 2674 ἐκεῖ
2655 2621 2868 2692 χορεύει
2900 2621 3037 2690 μετά
3067 2617 3168 2689 τῆς
3201 2616 3477 2689 ἁμαρτίας
3517 2618 3552 2669 ό
3592 2615 3721 2669 διάο

2123 2709 2300 2772 ϐολος.
2344 2711 2450 2763 Καὶ
2497 2711 2618 2763 λίαν
2663 2710 2935 2782 ἁρμοδίως
2981 2709 3122 2780 πρὸς
3164 2708 3435 2771 τοιούτους
3471 2709 3501 2761 ὁ
3549 2707 3723 2760 A3616

2122 2804 2328 2857 ἐκεῖνον
2355 2802 2629 2875 ἀνέγραψε
2656 2803 2744 2856 τὸν
2769 2800 2980 2872 ψαλμόν
2996 2817 3010 2832 ·
3040 2796 3227 2854 εἶπεν
3251 2798 3455 2868 ἄφρων
3481 2798 3554 2851 ἐν
3577 2814 3724 2866 καρ-

2121 2894 2222 2962 δίᾳ
2275 2895 2462 2949 αὐτοῦ
2489 2913 2502 2926 ·
2564 2897 2685 2949 Οὐκ
2736 2894 2868 2948 ἔστι
2931 2894 3094 2959 Θεός.
3149 2888 3564 2960 Διεφθάρησαν
3618 2889 3726 2943 καὶ

2119 2984 2573 3054 ἐϐδελύχθησαν
2629 2985 2700 3039 ἐν
2752 2984 3238 3052 ἐπιτηδεύμασιν.
3291 2982 3354 3035 Et
3418 2980 3726 3043 ἀνάστασις

2121 3077 2220 3130 οὐκ
2253 3077 2387 3141 ἐστι,
2423 3077 2638 3149 μῦθοςό
2665 3076 2936 3148 Λάζαρος,
2995 3076 3089 3128 καὶ
3127 3077 3158 3128 ό
3203 3072 3480 3139 πλούσιος,
3516 3071 3617 3127 καὶ
3657 3072 3726 3124 τὸ

2122 3168 2388 3239 φρικῶδες
2417 3169 2604 3238 χάσμα
2625 3207 2639 3232 ,
2668 3167 2763 3221 καὶ
2786 3168 2818 3238 ἠ
2841 3165 2936 3220 τοῦ
2964 3165 3137 3237 πυρὸς
3165 3165 3394 3234 ἄσχετος
3417 3164 3724 3233 φλόγωσις,

2127 3261 2221 3314 καὶ
2249 3261 2282 3331 ἡ
2309 3260 2536 3331 διακαὴς
2565 3259 2806 3329 γλῶσσα,
2839 3259 2934 3313 καὶ
2963 3259 2998 3330 ἡ
3027 3257 3335 3327 ποθουμένη
3372 3254 3588 3325 σταγὼν
3621 3255 3726 3310 τοῦ

2127 3352 2338 3419 ὕδατος,
2369 3354 2462 3407 καὶ
2487 3355 2514 3406 ό
2537 3351 2796 3416 δάκτυλος
2821 3351 2912 3405 τοῦ
2937 3350 3175 3421 πτωχοῦ.
3201 3349 3476 3421 Πρόδηλον
3499 3348 3614 3420 γὰρ
3637 3349 3727 3402 ὅτι

2124 3445 2297 3500 ταῦτα
2327 3445 2528 3509 πάντα,
2557 3445 2622 3498 τὸ
2655 3443 2845 3515 μέλλον
2877 3444 3191 3512 ἐξεικονίζει
3219 3444 3319 3514 τῆς
3339 3443 3727 3504 ἀναστάσεως.

2125 3537 2352 3591 Γλῶσσα
2387 3536 2498 3607 γάρ
2543 3537 2636 3590 καὶ
2655 3534 2657 3538 ⁴
2679 3536 2959 3602 δάκτυλος,
3004 3536 3066 3589 ού
3110 3525 3207 3606 τῆς
3243 3535 3528 3604 ἀσωμάτου
3571 3536 3729 3607 μέλη

2123 3628 2301 3698 ψυχῆς
2335 3632 2556 3695 νοεῖται,
2587 3628 2722 3683 ἀλλὰ
2767 3629 2907 3701 μέρη
2949 3629 3043 3682 τοῦ
3076 3629 3337 3698 σώματος.
3371 3629 3478 3680 Καὶ
3515 3628 3730 3698 μηδεὶς

2123 3719 2319 3773 οἰέσθω
2355 3719 2528 3773 ταῦτα
2568 3719 2668 3792 ἤδη
2715 3719 3054 3791 πεπρᾶχθαι,
3084 3720 3220 3775 ἀλλὰ
3256 3717 3728 3790 προαναφωνησιν

2125 3806 2266 3864 εἶναι
2311 3809 2405 3863 τοῦ
2447 3810 2763 3880 μέλλοντος·
2795 3810 2948 3865 ἐσται
2989 3811 3049 3864 δὲ
3079 3812 3224 3876 τότε,
3251 3813 3376 3866 ὅταν
3405 3813 3441 3882 ή
3475 3812 3728 3880 μετακόο

2127 3915 2356 3971 σμησις,
2397 3897 2694 3968 ψυχώσασα
2725 3899 2854 3963 τοὺς
2905 3900 3151 3971 νεκροὺς,
3175 3900 3316 3969 πρὸς
3344 3900 3442 3963 τὰς
3482 3899 3726 3962 εὐθύνας

2124 3990 2358 4044 ἕκαστον
2392 3991 2502 4043 τῶν
2548 3990 2896 4061 βεϐιωμένων
2949 3991 3237 4063 ἀναγάγῃ,
3283 3990 3537 4046 σύνθετον
3585 3991 3724 4044 ὂντα

2124 4082 2309 4149 καθὼς
2342 4083 2629 4155 πρότερον,
2675 4082 2771 4136 καὶ
2814 4081 2902 4137 διὰ
2936 4081 3115 4154 ψυχῆς
3159 4083 3254 4137 καὶ
3297 4081 3549 4152 σώματος
3585 4100 3723 4136 mo

2123 4175 2349 4229 εστῶτα.
2391 4175 2448 4228 '0
2477 4174 2534 4227 δὲ
2567 4173 2992 4244 θεοφορούμενος
3030 4173 3308 4244 Ἱεζεκιὴλ,
3337 4175 3436 4226 καὶ
3471 4173 3583 4226 τῶν
3623 4190 3726 4244 με-

2125 4263 2308 4333 γάλων
2346 4265 2624 4318 ὀπτασιῶν
2668 4265 2893 4337 θεωρὸς,
2935 4266 3070 4338 πρὸς
3114 4267 3276 4321 ποίαν
3325 4267 3434 4342 ἀρα
3473 4265 3725 4320 διάνοιαν

2120 4355 2477 4424 όδηγούμενος
2509 4355 2703 4410 ἔϐλεπε
2735 4356 2798 4410 τὸ
2819 4359 2959 4427 μέγα
2993 4359 3087 4412 καὶ
3118 4357 3507 4430 ἀνηπλωμένον
3541 4360 3723 4415 ἐκεῖνο

2121 4443 2319 4508 πεδίον,
2365 4443 2424 4496 τὸ
2463 4445 2630 4516 γέμον
2671 4447 2779 4500 τῶν
2825 4447 3180 4518 ἀνθρωπίνων
3213 4449 3439 4511 ὀστέων,
3486 4448 3614 4501 καθ’
3649 4443 3721 4502 ὧν

2121 4530 2400 4585 ἐκελεύετο
2427 4535 2823 4606 προφητεύειν;
2857 4537 2967 4590 Καὶ
3003 4536 3206 4609 σάρκες
3247 4537 3344 4608 μὲν
3369 4537 3606 4602 ἐκείνοις
3635 4538 3722 4591 e6-

2122 4623 2217 4688 θὺς
2258 4627 2632 4696 περιεφύοντο,
2665 4628 2734 4682 τὰ
2787 4628 2849 4682 δὲ
2899 4628 3167 4700 λελυμένα
3203 4629 3296 4682 καὶ
3343 4629 3604 4694 ἀτάκτως
3646 4628 3720 4683 δι-

2124 4718 2454 4789 ερριμμένα,
2505 4721 2584 4784 είς
2625 4720 2778 4786 τάξιν
2829 4723 2922 4774 καὶ⁵
2975 4721 3239 4792 ἁρμονίαν
3291 4719 3552 4790 ἀλλήλοις
3601 4737 3717 4774 aw-

2122 4809 2397 4864 εκολλᾶτο.
2431 4811 2501 4863 Ἣ
2534 4811 2820 4883 πρόδηλον,
2861 4813 2940 4877 ὡς
2979 4812 3070 4868 διὰ
3108 4813 3218 4866 τῶν
3247 4811 3512 4866 τοιούτων
3544 4813 3714 4882 λόγων

2122 4904 2222 4974 τὴν
2256 4903 2356 4974 τῆς
2385 4904 2586 4976 σαρκὸς
2625 4903 2825 4974 ταύτης
2861 4905 3156 4960 ἀναϐίωσιν
3188 4908 3317 4977 ἡμῖν
3351 4907 3560 4971 ἱκανῶς
3586 4908 3708 4960 6:0-

2122 4992 2391 5046 δείκνυσιν
2416 5011 2432 5061 ;
2479 4994 2632 5064 Ἐμοὶ
2663 4993 2720 5048 δὲ
2749 4994 2997 5048 δοκοῦσιν
3030 4997 3079 5047 0i
3121 4995 3256 5065 πρὸς
3287 4993 3480 5048 τοῦτον
3507 4995 3604 5048 τὸν
3629 4992 3710 5045 λό-

440 5089 577 5145 tum,
611 5077 679 5132 de
705 5077 906 5148 quibus
931 5077 1226 5148 jubebatur
1256 5077 1626 5147 prophetare?
1663 5081 1866 5137 Carnes
1899 5081 2022 5153 qui-

2124 5101 2211 5154 γον
2244 5084 2532 5153 ἐριστικῶς
2561 5084 2799 5155 ἔχοντες,
2829 5087 2893 5139 ού
2925 5086 3205 5149 δυσσεϐεῖς
3240 5085 3422 5156 μόνον,
3457 5086 3596 5139 ἀλλά
3621 5085 3713 5137 καὶ

439 5174 563 5227 dem
589 5169 699 5225 illis
725 5169 910 5224 statim
938 5166 1354 5224 obdueebantur
1375 5188 1387 5223 :
1411 5184 1531 5239 quae
1563 5180 1742 5226 autem
1765 5173 1943 5226 soluta
1959 5186 2022 5228 ac

2124 5176 2519 5245 παραπαίοντες
2551 5171 2709 5231 εἶναι.
2753 5177 3074 5242 Ἀνάστασις
3122 5177 3230 5250 γὰρ
3283 5176 3378 5230 καὶ
3420 5178 3715 5240 ἀναϐίωσις

440 5271 645 5320 temere
667 5261 929 5332 nulloque
950 5259 1142 5315 ordine
1166 5258 1398 5329 disjecta
1415 5269 1593 5326 erant,
1618 5262 1670 5318 in
1690 5271 1873 5332 aptum
1889 5278 1993 5318 con
2008 5292 2026 5304 -

442 5353 858 5424 venientetnque
877 5350 982 5407 sibi
1001 5350 1235 5407 invicem
1255 5351 1505 5408 ordinem
1531 5361 1586 5409 et
1602 5368 1916 5425 compagem
1938 5370 2027 5411 re-

441 5447 770 5517 digebantur
802 5452 968 5517 atque
1006 5444 1410 5503 coalescebant.
1434 5447 1632 5504 Annon
1664 5448 2016 5520 perspicuum

2119 5265 2214 5318 καὶ
2259 5265 2668 5339 μετακόσμησις
2717 5267 2812 5322 καὶ
2839 5271 3017 5324 πάντα
3051 5268 3122 5323 τὰ
3169 5268 3398 5323 τοιαῦτα
3449 5270 3713 5338 ὀνόματα,

2119 5355 2256 5428 πρὸς
2287 5357 2347 5410 τὸ
2377 5357 2534 5429 σῶμα
2567 5359 2627 5413 τὸ
2655 5362 2719 5432 τῇ
2755 5359 2932 5433 φθορᾷ
2965 5359 3324 5431 ὑποκείμενον
3369 5359 3467 5414 τοῦ
3501 5361 3717 5429 expotu-

2128 5445 2290 5515 μένου
2341 5446 2496 5519 φέρει
2542 5447 2639 5518 τὴν
2681 5447 2910 5504 ἔννοιαν.
2955 5449 3043 5511 Ὠς
3077 5447 3112 5520 ἦ
3145 5464 3208 5517 γε
3239 5446 3388 5520 ψυχὴ
3425 5445 3560 5517 αὐτὴ
3586 5441 3719 5498 καθ’

517 5622 561 5656 η
593 5624 774 5683 iCor.
809 5643 899 5697 xv,
931 5626 1019 5682 32.
1099 5625 1141 5657 ⁸³
1182 5621 1327 5680 Psal.
1359 5637 1481 5690 xm,
1518 5621 1570 5679 Ι.
1652 5623 1698 5656 ¹⁸
1729 5621 1932 5678 Ezech.
1961 5639 2171 5693 xxxvn,
2210 5624 2228 5677 l
2259 5641 2377 5696 sqq.

3879 2497 3881 2602 φ
