3930 6210
370 215 475 269 6⁸77
1275 214 1344 271 ΙΝ
1383 212 1661 275 CHRISTI
1699 215 1922 274 RESUR

2090 217 2336 276 ΓΙΟΝΕΜ
2376 218 2584 277 ORAT.
2627 220 2717 279 ΠΙ.
3537 226 3642 284 678

368 327 569 402 ἑαυτὴν
606 323 988 398 ἐξεταζομένη,
1033 324 1230 380 οὔποτε
1258 328 1640 398 ἀναστήσεται,
1679 329 1864 401 ἐπειδὴ
1897 347 1920 401 μ

2088 333 2315 402 estquod
2334 349 2430 403 per
2445 333 2759 404 hujusmodi
2789 333 2944 390 nobis
2961 335 3164 406 scripta
3183 340 3640 412 carnishujnsre-

370 422 620 491 τελευτᾷ,
648 419 764 473 ἀλλ’
781 416 1056 488 ἄφθαρτός
1077 418 1191 470 ἐστι
1219 418 1312 472 καὶ
1336 418 1658 491 ἀνώλεθρος.
1676 419 1922 474 Ἀθάνατι

2089 421 2482 478 ιυεοίιιιιὶοιιειιι
2497 423 2714 479 abunde
2732 425 2866 480 satis
2883 425 3248 484 demonstrat?
3260 429 3388 486 Mihi
3407 448 3536 488 vero
3548 437 3641 505 qui

367 515 424 568 δὲ
451 511 796 582 ὑπάρχουσα,
819 508 1013 580 θνητὸν
1040 508 1152 579 ἔχει
1175 510 1236 562 τὸ
1263 510 1516 563 κοινωνὸν
1557 510 1664 564 τῶν
1698 511 1919 583 πραγμό

2087 512 2331 570 ιιίνειειιε
2359 515 2506 570 hunc
2544 529 2856 571 sermonem
2883 518 3238 588 pertinaciter
3273 525 3639 592 contendunt,

365 621 513 657 τωνο
549 602 642 656 καὶ
682 600 771 655 διά
808 599 968 653 τοῦτο
1011 599 1162 672 παρὰ
1203 598 1281 670 τῷ
1326 600 1520 670 δικαίῳ
1563 603 1725 672 κριτῇ
1775 603 1833 655 έν
1883 618 1913 653 τ

2085 620 2175 659 ιοιι
2207 605 2359 675 impii
2412 606 2614 672 solum,
2634 609 2992 664 verumetiam
3021 611 3198 667 insani
3224 629 3348 670 esse
3363 615 3637 674 videntur.

366 694 551 766 καιρῷ
597 693 705 746 τῶν
747 690 990 745 εὐθυνῶν
1036 691 1306 762 ἐνοικήσει
1357 691 1519 746 πάλιν
1575 690 1652 762 τῷ
1693 693 1918 763 συνεργιξ

2087 695 2414 752 lesurrectio
2436 697 2580 752 enim
2602 705 2656 754 et
2679 699 2888 756 reditus
2914 700 2982 755 ad
3003 703 3191 768 vitam,
3209 712 3262 759 et
3278 705 3639 761 transforma-

368 789 458 840 ἵνα
491 787 607 855 μετ’
629 784 839 839 ἐκείνου
871 781 1058 846 κοινὰς
1097 782 1315 853 δέξηται
1363 783 1464 848 τὰς
1501 783 1748 848 κολάσεις
1784 785 1817 855 ἢ
1862 787 1920 838 τὰ

2089 786 2160 850 io,
2201 793 2255 839 et
2283 786 2466 840 omnia
2498 787 2623 840 talia
2656 789 2919 844 vocabula
2949 790 3014 846 ad
3049 806 3250 861 corpus
3298 797 3637 866 corruptioni

364 878 551 948 τιμάς.
604 875 820 930 Μᾶλλον
865 875 922 929 δὲ
950 873 1038 928 ῑνα
1063 875 1160 928 καὶ
1200 875 1360 928 πλέον
1392 877 1525 946 ἡμῖν
1554 869 1588 927 '6
1627 874 1784 945 λόγος
1828 877 1916 929 ἀκι

2084 876 2356 931 ὼιιοιίιιπι
2386 878 2772 948 cogitationem
2797 881 3071 938 audientis
3105 883 3334 941 ducunt.
3354 885 3487 942 Nam
3517 889 3636 943 ani-

365 969 684 1038 λουθότερος
709 967 955 1036 γένηται,
998 963 1142 1019 οὕτω
1187 966 1572 1037 σκοπήσωμενο
1609 966 1713 1020 Τὸν
1751 965 1917 1038 ἀνθριι

2081 983 2147 1021 na
2181 967 2422 1037 quidem,
2447 969 2492 1023 si
2519 969 2639 1040 ipsa
2675 986 2771 1040 per
2795 985 2917 1026 sese
2938 974 3282 1030 examinetur
3308 985 3362 1031 et
3384 978 3633 1031 excutia-

368 1078 472 1113 πον
501 1061 551 1112 τί
586 1075 766 1129 φαμεν
793 1074 808 1123 ;
837 1057 899 1111 τὸ
932 1058 1356 1129 συναμφότερον,
1382 1056 1414 1128 ἢ
1443 1056 1504 1110 τὸ
1535 1057 1757 1128 ἓτερον;
1798 1057 1920 1109 Ἀλλ

2085 1075 2170 1122 ur,
2209 1075 2487 1130 nunquam
2518 1071 2792 1132 resurget,
2821 1063 3041 1132 quando
3077 1066 3296 1136 quidem
3329 1083 3435 1122 non
3466 1070 3633 1123 mori-

371 1149 636 1222 πρόδηλον
676 1148 752 1214 ὥς
796 1150 832 1220 ἡ
889 1147 1120 1218 συζυγία
1177 1147 1285 1200 τῶν
1327 1147 1422 1201 δύο
1470 1146 1862 1218 χαρακτηρίζει
1898 1164 1923 1199 τ

2085 1165 2168 1214 ur,
2214 1151 2308 1206 sed
2349 1151 2605 1206 interitus
2641 1161 2695 1207 et
2729 1155 3098 1223 corruptionis
3138 1165 3223 1211 est
3255 1173 3472 1227 expers.
3495 1157 3631 1214 Cum

372 1242 528 1306 ζῶον.
560 1243 636 1295 Ού
674 1242 784 1314 γὰρ
810 1241 1088 1312 προσῆκεν
1115 1241 1172 1293 έν
1193 1243 1304 1302 τοῖς
1331 1238 1830 1310 ἀναμφισϐητήτως
1863 1255 1924 1290 κα

2081 1247 2240 1293 ιιιῑοιιι
2276 1239 2348 1294 sit
2372 1239 2718 1304 immortalis,
2749 1243 3192 1314 mortalecorpus
3221 1247 3432 1300 socium
3473 1247 3633 1302 habet

368 1333 666 1402 γνωρίμοις
699 1331 1014 1403 παρέλκειν.
1041 1328 1244 1383 Τούτου
1275 1329 1333 1384 δὲ
1379 1328 1550 1393 οὕτως
1589 1329 1822 1398 ἔχοντος,
1858 1329 1920 1381 κό

2077 1329 2336 1384 ιοιίοιιιιιῐι
2385 1347 2399 1383 :
2451 1339 2616 1400 atque
2643 1331 2861 1386 idcirco
2908 1332 3053 1402 apud
3103 1334 3312 1403 justum
3365 1336 3629 1405 judicent,

368 1428 514 1476 κεῖνο
566 1421 1071 1495 προσλογισώμεθα,
1124 1422 1386 1494 πότερον,
1425 1421 1462 1476 ἃ
1506 1421 1830 1493 πράττουσιν
1865 1421 1920 1474 ἄι

2081 1435 2302 1490 cmpore
2331 1421 2732 1477 reddendarum
2778 1424 3074 1491 rationum,
3111 1441 3303 1482 rursus
3334 1427 3485 1482 socio
3528 1443 3630 1483 suo

363 1515 599 1586 θρωποι,
635 1513 749 1568 οἷον
791 1513 1057 1585 μοιχείαν,
1088 1513 1267 1583 φόνον,
1294 1513 1520 1584 κλοπὴν,
1563 1515 1658 1566 καὶ
1692 1515 1799 1566 πᾶν
1823 1513 1915 1565 εἴη

2077 1512 2405 1578 nhabitabit,
2457 1521 2517 1566 ut
2570 1529 2693 1570 cum
2735 1514 2829 1568 illo
2890 1530 3208 1574 communes
3263 1519 3494 1588 recipiat
3543 1520 3629 1575 vel

361 1605 574 1669 τούτοις
601 1605 886 1675 ἑπόμενον,
912 1605 946 1674 ἢ
979 1604 1308 1670 τούναντίον,
1337 1604 1715 1675 σωφροσύνην,
1755 1604 1913 1675 έγκρέ

2076 1618 2248 1658 uenas
2280 1604 2361 1657 vel
2392 1605 2634 1673 praemia.
2666 1603 2820 1660 Enim
2845 1623 2973 1663 vero
2997 1623 3107 1678 quo
3123 1610 3295 1680 magis
3326 1611 3484 1666 nobis
3505 1625 3628 1665 ora-

363 1714 538 1764 τειαν,
566 1698 660 1751 καὶ
683 1699 864 1751 πᾶσαν
886 1693 984 1768 τὴν
1009 1696 1282 1750 ἀντίθετον
1306 1696 1405 1766 τῆς
1433 1695 1628 1758 κακίας
1652 1694 1915 1765 ἐνέργειαι

2071 1697 2134 1748 .io
2159 1703 2528 1751 consentanea
2557 1699 2650 1761 sit,
2684 1699 2784 1754 hoc
2815 1701 2976 1756 modo
3021 1716 3134 1756 rem
3193 1703 3623 1760 consideremus.

363 1789 478 1842 τῶν
502 1790 595 1843 δύο
625 1789 804 1860 φαμὲν
851 1789 1116 1860 ὑπάρχειν
1163 1787 1596 1858 ἀποτελέσματα,
1627 1786 1660 1857 ἢ
1699 1788 1764 1858 τῇ
1809 1785 1915 1856 ψυχ

2074 1783 2343 1838 .lominem
2373 1785 2502 1854 quid
2529 1801 2652 1841 esse
2677 1787 2933 1852 dicimus,
2983 1801 3277 1862 utrumque
3323 1793 3511 1858 simul,
3554 1809 3626 1849 an

363 1882 506 1953 μόνῃ
531 1882 628 1947 τὰς
659 1881 889 1953 πράξεις
917 1877 1335 1950 περιορίξομενς
1603 1913 1606 1916 ~

2073 1874 2284 1928 ulterum
2323 1875 2615 1944 separatim
2642 1876 2665 1929 ?
2689 1877 2758 1929 At
2781 1879 3130 1934 manifestum
3159 1889 3266 1944 est,
3292 1882 3440 1951 quod
3487 1897 3625 1938 con-

358 1972 577 2041 junctio
602 1973 890 2026 amborum
928 1970 1182 2042 designat
1209 1969 1432 2024 animal.
1467 1967 1583 2024 Non
1609 1969 1755 2024 enim
1790 1965 2046 2022 convenit
2074 1965 2127 2020 in
2164 1965 2329 2022 rebus
2363 1968 2545 2030 notis,
2579 1981 2643 2020 ac
2673 1967 2808 2022 nihil
2839 1969 3232 2025 controversite
3263 1971 3316 2026 in
3357 1988 3416 2027 se
3446 1976 3627 2029 conti-

357 2069 642 2135 nentibus,
671 2067 948 2139 superﬂuo
976 2070 1053 2123 uti
1083 2067 1504 2124 sermone.Cum
1539 2067 1645 2120 hoc
1675 2067 1749 2120 ita
1773 2065 1862 2128 sit,
1894 2064 2026 2118 illud
2059 2077 2278 2132 quoque
2304 2063 2532 2134 insuper
2559 2064 2993 2130 consideremus,
3016 2075 3199 2120 utrum
3222 2081 3307 2133 ea,
3333 2082 3456 2138 quae
3475 2083 3626 2124 com-

358 2163 591 2218 mittunt
621 2177 686 2218 ac
711 2171 1025 2234 perpetrant
1052 2163 1322 2228 homines,
1344 2163 1492 2217 verbi
1519 2161 1716 2232 gratia,
1744 2160 2095 2224 adulterium,
2121 2159 2344 2222 eadem,
2378 2157 2582 2227 furtum
2609 2175 2672 2214 ac
2694 2159 2960 2230 quidquid
2991 2161 3076 2218 his
3097 2160 3254 2217 aliine
3275 2172 3357 2218 est
3385 2181 3400 2218 :
3430 2172 3526 2218 aut
3554 2181 3622 2220 ex

356 2253 662 2316 contrario,
705 2253 1080 2318 sobrietatem,
1120 2253 1536 2317 continentiam,
1571 2261 1624 2308 et
1654 2267 1870 2307 omnem
1902 2252 2034 2306 vitio
2072 2251 2380 2322 oppositam
2419 2251 2721 2319 actionem,
2754 2253 3039 2324 utriusque
3076 2252 3312 2309 dicimus
3339 2269 3465 2310 esse
3497 2257 3626 2311 etle-

357 2357 508 2410 ctus,
543 2361 610 2400 an
649 2347 845 2401 animae
883 2347 1058 2402 solum
1083 2345 1592 2401 circumscribimus
1615 2345 1902 2399 actiones?

443 2436 604 2491 Ἀλλά
636 2437 739 2491 κᾶν
761 2435 905 2490 οὕτω
931 2435 1195 2507 πρόδηλος
1218 2437 1250 2508 ή
1279 2435 1522 2506 ἀλήθεια.
1548 2434 1796 2506 Ούδαμοῦ
1828 2432 1937 2504 γὰρ

2114 2432 2182 2485 At
2215 2432 2379 2487 etiam
2408 2431 2462 2486 in
2492 2431 2596 2486 hoc
2627 2430 2914 2487 manifesta
2963 2433 3164 2489 veritas
3212 2441 3316 2490 est.
3343 2433 3619 2506 Nusquam

353 2529 730 2600 ἀποσχίζουσα
779 2525 876 2582 τοῦ
925 2527 1179 2599 σώματος
1223 2529 1256 2598 ή
1307 2525 1492 2598 ψυχὴ,
1528 2527 1561 2596 ἥ
1597 2525 1694 2598 τὴν
1729 2525 1903 2595 κλοπὴ

2069 2525 2185 2577 ειιὶιιι
2219 2537 2247 2575 a
2275 2538 2507 2592 corpore
2531 2530 2781 2591 separata
2807 2523 2989 2577 anima
3008 2525 3091 2580 vel
3126 2524 3328 2580 furtum
3364 2530 3621 2584 commit-

350 2621 666 2694 ἐπιτηδεύει
691 2661 706 2686 ,
737 2619 772 2691 ἢ
817 2617 916 2691 τὴν
950 2619 1307 2692 τοιχωρυχίαν
1354 2618 1676 2690 ἐργάζεται·
1727 2617 1834 2670 οὐδ’
1864 2634 1900 2670 α

2069 2614 2130 2676 it,
2155 2613 2240 2669 vel
2288 2617 2523 2684 parietes
2568 2617 2867 2685 perrumpit
2894 2631 2908 2681 ;
2963 2631 3139 2685 neque
3169 2625 3361 2671 contra
3389 2620 3506 2674 sola
3535 2621 3619 2676 vel

353 2716 500 2788 μόνη
534 2714 611 2785 τῷ
658 2713 913 2766 πεινῶντι
949 2710 1039 2764 τδν
1070 2711 1232 2782 ἀρτον
1270 2710 1502 2773 δίδωσιν,
1539 2708 1572 2780 ἢ
1609 2705 1811 2774 ποτίζει
1843 2707 1904 2760 τὸ

2066 2721 2234 2760 nanem
2257 2708 2520 2761 esurienti
2542 2707 2653 2772 dat,
2677 2708 2758 2760 vel
2782 2714 2966 2777 potum
3019 2708 3227 2764 sitienti
3279 2711 3502 2780 prabet.
3537 2713 3618 2768 vel

347 2803 593 2872 διψῶντα
616 2841 632 2866 ,
661 2801 694 2874 ἢ
734 2802 870 2874 πρὸς
901 2801 959 2854 τὸ
987 2800 1364 2871 δεσμωτήριον
1399 2798 1608 2862 ἀόκνως
1633 2798 1899 2866 ἐπείγεται

2067 2813 2099 2852 ιι
2130 2812 2407 2854 carcerem
2443 2798 2586 2852 haud
2621 2801 2886 2870 gravatim
2918 2801 3170 2855 concedit
3211 2808 3270 2855 ut
3295 2800 3534 2857 ofﬁciunt
3564 2810 3619 2859 et

351 2897 447 2950 ινα
492 2895 807 2966 θεραπεύσῃ
849 2895 938 2946 τὸν
981 2890 1342 2963 δεσμωτηρίῳ
1373 2890 1778 2960 κεκακωμένον·
1819 2888 1903 2941 ἀλ]

2065 2874 2413 2946 ninisterium
2444 2897 2662 2961 praestet
2689 2890 2740 2944 ei
2759 2889 2850 2960 qui
2871 2905 3094 2946 carcere
3121 2891 3377 2964 alﬂigitur
3397 2909 3414 2958 ;
3437 2894 3535 2949 sed
3562 2894 3617 2948 in

348 2990 452 3043 ἐπὶ
479 2988 660 3058 πάσης
691 2985 942 3058 πράξεως
987 2983 1237 3054 ἀλλήλοις
1270 2982 1555 3053 ἀμφότερα
1602 2981 1900 3048 συνεφάπτε

2068 2982 2188 3036 mini
2225 2982 2439 3036 actione
2469 2981 2630 3035 ambo
2651 2980 2752 3036 sibi
2789 2980 3023 3036 invicem
3051 2982 3341 3051 conjuncta
3369 2984 3535 3040 simul
3565 2995 3620 3041 et

347 3096 445 3136 ται
474 3079 570 3132 καὶ
595 3075 945 3131 συναποτελεῖ
968 3075 1036 3129 τὰ
1067 3074 1349 3144 γινόμενα.
1378 3073 1503 3135 Πῶς
1525 3073 1704 3126 τοίνυν
1729 3072 1899 3126 τούτω

2070 3081 2333 3143 apessunt
2353 3081 2408 3126 et
2434 3068 2723 3139 perﬁciunt
2749 3084 2812 3123 ea
2845 3083 2966 3138 quae
2987 3077 3241 3138 aguntur.
3268 3068 3386 3136 Qua
3407 3071 3620 3129 ratione

348 3170 531 3233 οὕτως
567 3169 818 3239 ἐχόντων,
853 3168 948 3221 καὶ
979 3166 1163 3237 κρίσιν
1192 3165 1304 3218 τῶν
1333 3163 1679 3236 βεϐιωμένων
1712 3163 1900 3217 ἔσεσθα

2063 3165 2202 3234 gitur
2236 3177 2360 3217 cum
2383 3160 2499 3215 haec
2533 3161 2607 3214 ita
2647 3159 2778 3222 sint,
2827 3168 2881 3214 et
2907 3168 3032 3214 ante
3065 3169 3314 3215 actorum
3344 3161 3615 3230 judicium

349 3259 674 3331 συγχωρῶν,
711 3259 959 3328 ἀποσπᾷς
984 3256 1077 3309 τοῦ
1108 3255 1297 3328 ἐτέρου
1335 3255 1397 3308 τὸ
1427 3255 1644 3327 ἓτερον;
1673 3255 1785 3308 Καὶ
1821 3271 1901 3307 κοι

2062 3271 2150 3311 ore
2177 3253 2470 3317 concedas,
2530 3251 2762 3306 alterum
2792 3249 2863 3304 ab
2911 3250 3083 3306 altero
3128 3251 3342 3307 divellis
3363 3251 3386 3305 ?
3407 3261 3460 3308 et
3489 3269 3614 3309 cum

347 3353 459 3408 νῶν
491 3352 661 3404 ὄντων
689 3350 796 3404 τῶν
822 3347 1218 3419 εἰργασμένων,
1244 3349 1310 3418 τῇ
1338 3347 1484 3417 ψυχῇ
1518 3345 1652 3416 μόνη
1693 3345 1899 3416 περιορί

2061 3347 2264 3402 lterum
2308 3344 2465 3398 alteri
2497 3343 2552 3398 in
2589 3342 2903 3397 commissis
2937 3350 2991 3396 et
3044 3345 3370 3412 perpetratis
3400 3345 3613 3400 socium

347 3445 465 3512 ζεις
495 3444 558 3498 τὸ
583 3443 965 3514 δικαστήριον;
1000 3439 1063 3492 El
1090 3437 1146 3491 δέ
1176 3454 1257 3501 τις
1284 3435 1517 3507 ἀκριϐὴς
1543 3435 1754 3503 γένοιτο
1779 3434 1899 3487 δικα

2067 3451 2158 3490 sse
2191 3434 2310 3499 des,
2367 3434 2548 3486 anima
2607 3431 2725 3486 sola
2766 3429 3034 3499 judicium
3065 3429 3397 3487 determinas
3451 3442 3615 3503 atque

349 3538 487 3607 στὴς
524 3535 632 3588 τῶν
669 3531 1024 3605 ἀνθρωπίνων
1054 3526 1562 3600 πλημμελημάτων,
1598 3525 1694 3579 καὶ
1721 3526 1896 3597 σκοπή

2067 3523 2482 3582 ircnmscribis?
2509 3521 2664 3588 Quod
2699 3521 2744 3577 si
2780 3521 2907 3591 quis
2959 3537 3121 3578 verus
3147 3522 3471 3577 delictorum
3507 3524 3612 3578 bu-

351 3644 497 3681 σειεν
528 3624 822 3696 ἐπιμελῶς,
858 3622 1019 3677 πόθεν
1047 3621 1270 3690 φύονται
1303 3620 1360 3673 αί
1391 3616 1606 3688 πρῶται
1628 3616 1727 3688 τῆς
1749 3618 1900 3688 ἁμαρ

2077 3631 2315 3670 ιιιιιοιιιιιι
2341 3614 2508 3684 judex
2547 3613 2746 3678 fuerit,
2793 3620 2847 3666 et
2907 3611 3194 3681 diligenter
3240 3613 3629 3682 perpenderit,_

350 3719 476 3782 τίας
505 3715 694 3780 αίτίαι,
721 3715 862 3784 τάχα
893 3714 1106 3783 πρῶτον
1136 3709 1401 3765 ἀτακτοῦν
1427 3711 1486 3763 ἐν
1511 3711 1623 3773 τοῖς
1649 3709 1816 3780 έγκλή
1827 3727 1900 3779 μα

2061 3709 2173 3762 side
2204 3707 2390 3777 primae
2420 3704 2629 3776 peccati
2659 3719 2839 3759 causa:
2868 3704 3140 3767 oriantur,
3193 3704 3427 3761 fortasse
3456 3707 3613 3776 prius

359 3826 447 3863 σιν
475 3809 688 3879 εὑρήσει
713 3807 773 3861 τὸ
812 3806 989 3877 σῶμα.
1035 3802 1373 3874 Ἦρεμούσης
1394 3790 1517 3874 ’γὰρ
1544 3801 1802 3864 πολλάκις
1827 3800 1911 3869 τῆς

2061 3813 2082 3850 ο
2113 3797 2273 3866 culpa
2333 3807 2496 3866 atque
2540 3795 2773 3851 crimine
2819 3811 3021 3865 corpus
3087 3795 3326 3852 inveniet
3360 3798 3529 3854 ofticii
3559 3807 3613 3854 et

352 3901 557 3973 ψυχῆς,
585 3901 672 3955 καὶ
692 3900 932 3971 γαλήνην
957 3897 1189 3968 ἐχούσης
1209 3895 1499 3966 ἀτάραχον,
1527 3890 1664 3948 εῐδεν
1684 3896 1712 3947 ό
1731 3893 1901 3961 ὀφθαλ

2067 3886 2332 3942 oncstatis
2365 3885 2500 3942 lines
2525 3887 2809 3943 excedere.
2852 3886 2986 3941 Nam
3017 3889 3336 3957 quiescente
3362 3907 3615 3961 saepenu-

351 4002 458 4074 μδς
481 3993 732 4064 ἐμπαθῶς
753 3993 790 4048 ἃ
815 3993 889 4064 μὴ
912 3989 1208 4045 θεάσασθαι
1233 3987 1438 4058 βέλτιον
1459 3981 1546 4057 ἦν,
1571 3987 1667 4040 καὶ
1687 3988 1753 4057 τῇ
1779 3987 1903 4057 dtuin

2061 3991 2178 4032 iero
2216 3976 2420 4042 anima,
2455 3985 2510 4032 et
2538 3975 2592 4030 in
2625 3978 2919 4048 tranquillo
2950 3986 3096 4035 statu
3148 3979 3268 4036 sine
3325 3982 3434 4035 ulla
3489 3998 3613 4052 pcr-

342 4063 728 4156 παραπέμψας
755 4063 855 4155 τὴν
904 4082 1078 4144 νόσον,
1130 4079 1208 4141 εἰς
1248 4076 1494 4147 χειμῶνα
1536 4076 1630 4130 καὶ
1681 4075 1894 4129 κλύδων

2059 4063 2340 4120 urbatione
2391 4065 2712 4131 constituta,
2765 4067 2959 4122 oculus
3018 4081 3326 4124 commotus
3379 4071 3611 4128 videtea

338 4177 445 4245 τήν
483 4176 718 4246 ἡσυχίαν
763 4171 1080 4245 μετέὸαλεν.
1121 4169 1354 4238 Ὁμοίως
1392 4167 1446 4220 αί
1477 4167 1639 4220 ἀκοαὶ
1676 4167 1890 4236 άσχημό

2057 4189 2148 4241 nae
2177 4187 2284 4228 non
2312 4175 2666 4243 conspexisse
2715 4175 2910 4230 melius
2940 4174 3160 4241 fuisset,
3207 4185 3262 4232 et
3291 4178 3344 4230 in
3369 4179 3609 4235 animam

341 4287 452 4321 νων
475 4267 639 4320 τινῶν
669 4266 703 4336 ἢ
732 4261 1140 4336 παροξυντικῶν
1180 4257 1552 4312 ὲπακούσασαι
1582 4257 1776 4326 λόγων,
1810 4252 1892 4310 οἷο

343 4362 422 4372 Α·
733 4358 790 4372 ιι
948 4356 966 4372 ο
1089 4353 1269 4372 -_,\,
1316 4349 1689 4372 ..ι’.--μ,..,-ε-
1758 4348 1787 4372 .I
1833 4347 1888 4372 -1

2056 4266 2278 4319 non-bum
2309 4265 2711 4330 transmittens,
2745 4264 2799 4318 in
2830 4272 3208 4334 tempestatem
3241 4282 3307 4322 ac
3334 4270 3608 4326 turbinem

339 4362 431 4417 διά
457 4377 619 4413 τινων
654 4358 909 4427 σωλήνων
947 4353 1156 4409 ἑαυτῶν
1183 4353 1272 4407 τὸν
1314 4351 1412 4421 τῆς
1442 4349 1689 4420 ταραχῆς
1712 4388 1726 4411 ,
1758 4348 1790 4419 ἢ
1831 4347 1891 4400 τὸ

2057 4354 2263 4410 ιιιίοιοηι
2295 4354 2816 4424 actr-anquillitatem
2844 4357 3131 4411 convertit.
3157 4356 3424 4413 Similiter
3447 4374 3609 4418 aures

338 4453 441 4523 τῆς
471 4448 742 4521 ἀκοσμίας
787 4445 1046 4520 βόρϐορον
1079 4447 1191 4507 τοῖς
1211 4443 1490 4512 λογισμοῖς
1530 4439 1890 4510 έπεισρέουσιι

2058 4448 2413 4504 nvereeundis
2441 4448 2768 4518 quibusdam
2798 4458 2962 4520 atque
3001 4452 3463 4508 exacerbantibus
3489 4471 3610 4508 ver-

342 4541 506 4595 Ἔστι
531 4541 589 4593 δὲ
626 4541 715 4592 ὅτε
749 4537 842 4592 καὶ
883 4539 916 4607 ή
954 4537 1037 4605 ῥὶς
1079 4533 1164 4588 διὰ
1203 4532 1303 4603 τῆς
1332 4531 1633 4600 αίσθήσεως
1677 4529 1772 4582 καὶ
1814 4527 1892 4580 τῶ

2053 4535 2112 4589 Iis
2155 4538 2422 4606 exceptis,
2455 4553 2548 4606 per
2597 4539 2864 4607 quasdam
2911 4539 3071 4608 quasi
3110 4539 3198 4594 sui
3248 4540 3490 4610 ipsarum
3539 4541 3605 4596 li-

340 4631 536 4702 ἀτμῶν
569 4628 780 4700 μεγάλα
816 4644 876 4680 τε
907 4627 1002 4680 καὶ
1040 4624 1333 4679 ἀνείκαστα
1366 4621 1512 4674 κακὰ
1540 4620 1806 4688 διατίθησι
1834 4619 1892 4671 τὸ

2055 4629 2218 4691 tulas,
2286 4630 2720 4700 perturbationis
2783 4639 2878 4686 aut
2932 4631 3332 4689 inverecundia
3387 4647 3605 4689 canum

342 4723 548 4778 ἔσωθεν
573 4722 669 4777 ἀνθ
678 4738 879 4793 ρωπον.
913 4719 1101 4772 Οτδασι
1134 4717 1229 4770 καὶ
1249 4717 1430 4786 χεῖρες
1457 4712 1547 4766 διά
1573 4712 1673 4783 τῆς
1703 4711 1891 4782 ὲπαφῆ

2057 4721 2450 4789 ogitationibns
2503 4721 2748 4777 inferunt
2802 4731 2967 4794 atque
3021 4725 3305 4780 inducunt.
3337 4722 3607 4780 Nonnun-

343 4816 620 4885 καρτερᾶς
672 4812 851 4883 ψυχῆς
897 4807 1212 4878 ἑκθηλύνειν
1266 4805 1619 4877 στερρότητα.
1674 4802 1782 4856 Καί
1830 4817 1895 4872 μο

2051 4828 2184 4881 [nam
2246 4814 2408 4869 etiam
2465 4829 2632 4869 nasus
2684 4813 2884 4868 olfactu
2933 4823 2994 4868 et
3058 4823 3290 4870 attracto
3336 4831 3603 4886 vaporum

341 4906 488 4960 κατά
515 4905 707 4976 μικρὸν
729 4903 899 4966 οὕτως
928 4901 1137 4956 ἐπιόντι
1165 4899 1259 4953 καὶ
1292 4897 1646 4967 σκοπουμένῳ
1675 4895 1890 4950 ὑπαίτιο

2053 4903 2234 4973 magnis
2249 4912 2303 4958 et
2329 4904 2668 4960 inconcessis
2700 4905 2846 4960 vitiis
2876 4905 3149 4961 hominem
3177 4906 3348 4962 inlicit
3378 4907 3605 4962 interio-

338 4994 654 5065 εὑρίσκεται
675 4993 783 5046 τῶν
814 4991 1024 5045 πολλῶν
1050 4989 1336 5061 ἁμαρτιῶν
1363 4988 1426 5042 τὸ
1447 4987 1741 5058 σωμάτιον.
1762 4987 1890 5058 Φέρε

2054 5010 2159 5050 em.
2221 4993 2411 5050 Solent
2473 4997 2602 5052 item
2661 5013 2860 5052 manus
2921 5001 3352 5054 contrectatione
3413 4997 3606 5051 valida:

336 5084 400 5137 δὲ
429 5085 524 5137 καὶ
550 5085 676 5147 τοὺς
725 5083 866 5154 ὑπὲρ
912 5081 1113 5154 ἀρετῆς
1163 5079 1356 5142 πόνους
1375 5120 1388 5143 ,
1439 5079 1532 5131 καί⁵
1565 5081 1680 5141 τοῖς
1712 5078 1886 5146 ἀγῶσι

2057 5086 2218 5139 nimre
2247 5087 2415 5143 robur
2449 5087 2784 5144 ell‘eminare.
2838 5089 3013 5159 Atque
3063 5104 3167 5160 ego
3224 5090 3487 5159 paulatim
3527 5088 3605 5142 ita

332 5174 609 5245 ἔμμοχθεῖ
637 5175 746 5228 τῶν
776 5172 982 5236 καλῶν,
1019 5171 1350 5240 τεμνόμενον
1384 5169 1586 5240 σιδήρῳ
1605 5210 1620 5233 ,
1667 5170 1760 5222 καὶ
1786 5187 1884 5240 πυε

2051 5175 2378 5246 >rogrediens
2411 5180 2976 5250 atqueconsiderans,
3006 5195 3216 5250 magnae
3253 5187 3603 5250 peccatorum

332 5266 693 5338 φλεγόμενον,
717 5265 812 5318 καὶ
835 5263 1144 5334 ξαινόμενον
1168 5259 1408 5332 μάστιξι,
1431 5259 1526 5314 καλ⁵
1557 5259 1884 5332 βαρυνόμενο

2052 5267 2193 5320 οιιίε
2224 5270 2614 5338 corpusculum
2647 5286 2770 5327 esse
2814 5285 3038 5326 causam
3094 5270 3330 5324 invenio.
3383 5269 3604 5323 Tolerat

329 5357 630 5429 ἀργαλέοις
667 5357 905 5428 δεσμοῖς,
948 5353 1044 5408 καὶ
1086 5354 1267 5407 πᾶσαν
1299 5351 1567 5422 ὑπομένον
1601 5351 1804 5423 λώϐην,
1832 5352 1880 5406 ἵν

2054 5365 2200 5411 ntem
2224 5358 2385 5413 etiam
2410 5375 2509 5430 pro
2531 5362 2734 5416 virtute
2759 5361 2996 5427 labores,
3031 5368 3085 5415 et
3119 5360 3173 5414 in
3203 5358 3606 5416 certaminibus

333 5449 421 5520 μὴ
451 5447 632 5518 προδῷ
659 5447 759 5518 τὴν
801 5445 954 5517 ίεράν
984 5443 1324 5514 φιλοσοφίαν,
1370 5441 1558 5514 ῶσπερ
1596 5443 1719 5497 τινὰ
1762 5444 1885 5497 πόλι

2057 5457 2372 5504 onestarum
2410 5466 2596 5506 rerum
2646 5453 2854 5506 laborat
2893 5458 2947 5507 et
2984 5451 3262 5521 amigitnr,
3323 5449 3454 5504 dum
3517 5448 3605 5503 vel

333 5539 678 5610 κσλίπυργον
716 5536 1142 5608 κεκυκλωμένην
1181 5533 1260 5606 τῷ
1295 5533 1394 5603 τῆς
1438 5535 1635 5598 κακίας
1672 5536 1885 5608 πολέμῳ

2049 5554 2166 5594 crro
2219 5551 2458 5604 secatur.
2489 5543 2574 5597 vel
2601 5542 2712 5614 igni
2763 5549 3060 5606 crematur,
3103 5541 3190 5596 vel
3223 5539 3410 5612 ﬂagris
3438 5537 3601 5595 caedi-

335 5630 401 5683 ει
430 5629 609 5685 τοίνυν
639 5630 698 5684 ιν
748 5625 1135 5700 κατορθώμασι
1169 5625 1471 5696 συμμοχθεῖ
1505 5628 1574 5698 τῇ
1604 5626 1749 5699 ψυχῇ
1777 5667 1792 5694 ,
1823 5646 1887 5684 κα

2027 5641 2126 5700 tur,
2161 5633 2244 5689 vel
2274 5634 2534 5705 gravibus
2570 5634 2803 5691 vinculis
2830 5640 3113 5701 oneratur,
3151 5642 3206 5690 et
3231 5645 3452 5689 omnem)
3473 5645 3579 5688 sus
