3930 6210
350 275 455 330 679

1635 274 1693 330 S.
1724 225 2050 330 GREGOliil
2074 271 2367 330 NYSSENI

3493 289 3624 349 680

249 446 257 453 _
350 387 488 441 tinet
525 384 906 441 adversitatem
952 391 1006 438 et
1044 383 1414 452 amictionem,
1457 401 1524 442 ne
1557 402 1773 442 sacram
1807 403 1924 458 pro-

2036 389 2096 442 ἐν
2126 389 2514 460 ἁμαρτήμασιν
2543 388 2640 475 ούκ
2679 389 3132 462 ἀπολιμπάνεται”
3165 395 3328 450 πόθεν
3355 398 3632 475 ὁρμώμε-

349 477 444 530 dat
469 476 890 546 philosophiam,
923 482 1185 545 tauquam
1212 478 1450 547 egregiis
1481 480 1726 535 turribus
1770 495 1934 534 orna-

348 557 675 615 tam'urbem
711 561 1008 630 quamdam
1029 561 1176 616 bello
1209 563 1466 617 vitiorum
1489 573 1651 636 atque
1679 567 1934 637 nequitiae

346 653 788 706 circumsessam.
822 649 877 703 Si
913 651 1079 721 igitur
1099 653 1152 707 in
1183 655 1459 722 praeclaris
1483 656 1641 713 factis
1669 673 1776 713 una
1807 674 1931 714 cum

346 741 528 794 anima
589 742 804 796 laborat
861 750 915 796 ct
976 743 1252 814 affligitur,
1309 755 1364 801 et
1414 746 1469 801 in
1530 750 1769 818 peccatis
1821 767 1931 806 non

344 831 499 886 abest
533 849 546 885 :
585 831 784 901 quibus
820 833 1127 888 rationibus
1156 846 1206 890 et
1239 839 1576 906 argumentis
1629 849 1810 895 motus
1839 857 1931 896 so-

343 924 449 976 lam
503 925 878 994 incorpoream
939 927 992 980 in
1022 927 1288 995 judicium
1325 928 1591 986 adducis?
1635 932 1707 986 At
1753 949 1932 1003 neque

336 1014 486 1084 jusfa
515 1033 690 1085 neque
727 1033 985 1072 sanorum
1009 1019 1290 1073 hominum
1319 1023 1495 1076 oratio
1517 1033 1620 1080 est.
1650 1026 1706 1079 Si
1736 1026 1850 1081 sola
1877 1034 1931 1081 et

341 1108 489 1161 nuda
529 1109 794 1178 peccavit,
821 1110 993 1163 solam
1019 1111 1183 1164 etiam
1221 1112 1410 1182 puniet
1443 1113 1567 1167 :sin
1599 1125 1780 1170 autem
1815 1133 1932 1170 ma-

341 1198 601 1254 nifestum
631 1202 793 1256 habet
825 1202 1150 1272 adjutorem,
1215 1220 1323 1259 non
1361 1205 1510 1260 hunc
1539 1209 1724 1277 justus
1758 1209 1927 1279 judex

339 1291 596 1346 dimittet.
657 1291 770 1363 Ego
799 1303 977 1348 autem
1037 1295 1200 1350 etiam
1235 1297 1336 1351 hoc
1387 1297 1726 1368 Scripturam
1765 1303 1930 1358 audio

339 1381 684 1450 prodeuntem,
718 1383 864 1453 quod
895 1384 1242 1440 condemnati
1275 1385 1443 1456 justis
1466 1389 1778 1446 afficientur
1806 1408 1932 1463 sup.

339 1469 540 1538 pliciis,
579 1471 721 1540 igne,
747 1471 1008 1539 tenebris,
1045 1487 1249 1528 verme.
1280 1473 1411 1540 Quae
1440 1479 1623 1531 omnia
1653 1484 1928 1549 composi-

341 1571 542 1624 torum,
613 1577 677 1616 ac
729 1563 1093 1617 materialium
1146 1579 1443 1632 corporum
1507 1584 1680 1638 pteme
1714 1573 1930 1625 crucia-

340 1663 539 1724 tusque
566 1661 697 1708 sunt
727 1669 741 1708 :
771 1654 1009 1708 animam
1051 1671 1183 1712 vero
1207 1672 1303 1726 per
1321 1673 1442 1713 sese
1468 1661 1756 1729 separatim
1787 1663 1928 1733 ignis

2035 492 2126 538 νος
2169 477 2339 545 μόνην
2371 474 2472 545 τὴν
2510 474 2803 545 ἀσώματον
2833 476 2926 530 ἐπὶ
2952 477 3012 530 τὸ
3037 477 3386 552 δικαστήριον
3419 474 3579 553 ἄγεις
3605 501 3630 551 ς

2047 566 2186 619 Ἀλλ’
2215 567 2315 620 οὐκ
2360 566 2508 619 ἐστιν
2547 565 2670 620 οὔτε
2715 567 2920 632 δίκαιος
2955 569 3079 623 οὔτε
3119 573 3528 643 σωφρονούντων
3589 575 3632 629 ὁ

2031 656 2209 725 λόγος.
2235 658 2296 710 Ei
2327 657 2461 728 μόνη
2493 659 2589 710 καὶ
2617 659 2798 729 γυμνὴ
2842 659 3110 731 διήμαρτε
3134 701 3149 724 ,
3185 661 3353 733 μόνην
3386 664 3479 717 καὶ
3510 683 3631 719 κο-

2031 749 2206 802 λάσειο
2231 750 2280 802 εί
2311 747 2368 800 δὲ
2413 747 2645 818 φανερὸν
2675 748 2788 818 ἔχει
2827 749 2921 803 τὸν
2957 751 3236 822 συνεργὸν,
3282 753 3382 807 οὐκ
3409 755 3628 825 ἀφήσει

2029 836 2218 889 τοῦτον
2241 837 2270 888 ό
2299 833 2490 906 κριτὴς
2527 834 2731 899 δίκαιος
2771 833 2866 888 ῶν.
2920 835 3063 905 Ἐγὼ
3101 837 3159 891 δὲ
3197 840 3290 892 καὶ
3324 840 3478 894 τοῦτο
3508 844 3629 912 τῆς

2031 927 2253 999 Γραφῆς
2293 926 2477 980 ἀκούω
2527 925 2823 997 λεγούσης,
2868 927 2951 982 ὅτι
2998 929 3110 992 τοῖς
3145 933 3630 1003 κατεγνωσμένοις

2030 1018 2440 1088 ἐπιτεθήσονται
2468 1017 2670 1071 δίκαιαι
2697 1018 2982 1089 τιμωρίαι,
3004 1019 3136 1092 πῦρ,
3161 1023 3253 1074 καὶ
3279 1023 3480 1088 σκότος,
3509 1027 3627 1078 καὶ

2033 1111 2269 1182 σκώληξ.
2309 1113 2376 1164 Ἀ
2407 1111 2583 1164 πάντα
2610 1110 2718 1162 τῶν
2748 1111 3016 1165 συνθέτων
3048 1113 3142 1165 καὶ
3184 1113 3378 1167 ὑλικῶν
3418 1116 3632 1186 σωμά-

2033 1221 2144 1258 των
2175 1204 2423 1267 κολάσεις
2452 1203 2609 1256 εἰσίν⁹
2639 1203 2817 1273 ψυχῆς
2850 1203 2906 1257 δὲ
2935 1204 3058 1258 καθ’
3090 1206 3289 1276 ἑαυτὴν
3330 1205 3505 1261 οὔποτ’
3532 1209 3624 1262 ἂν

2030 1292 2228 1362 ἅψαιτο
2256 1293 2387 1366 πῦρο
2410 1293 2517 1347 οὐδ’
2547 1293 2612 1347 ἂν
2638 1294 2828 1358 σκότος
2853 1294 3023 1365 αὐτὴν
3044 1294 3332 1366 λυπήσειεν
3355 1297 3619 1369 άμοιροῦο

2033 1398 2132 1435 σαν
2183 1381 2477 1452 ὀφθαλμῶν
2522 1383 2616 1436 καὶ
2655 1382 2764 1435 τῶν
2804 1382 3110 1453 βλεπτικῶν
3150 1385 3411 1456 ὀργάνων.
3445 1389 3508 1440 Τί
3555 1388 3619 1442 δ’

2029 1471 2095 1525 ἂν
2126 1472 2218 1526 καὶ
2245 1470 2460 1544 σκώληξ
2493 1471 2741 1543 πράξειε,
2777 1473 3044 1542 σωμάτων
3083 1475 3339 1547 ὑπάρχων
3371 1475 3618 1547 φθαρτι-

2029 1563 2152 1628 κὸς,
2185 1563 2246 1617 οὐ
2279 1563 2639 1634 πνευμάτων;
2690 1563 2800 1617 Καὶ
2831 1564 2920 1617 διὰ
2952 1564 3108 1618 τοῦτο
3151 1569 3261 1631 τοῖς
3293 1567 3621 1632 ἀκολούθοις

2030 1655 2308 1726 λογισμοῖς
2338 1656 2672 1726 πανταχόθεν
2703 1656 3134 1728 ωνελαυνόμεθα
3164 1658 3300 1729 πρὸς
3329 1661 3620 1728 curuata-

337 1760 616 1815 numquam
651 1745 928 1816 attigerit:
964 1762 1064 1802 nec
1091 1749 1328 1804 tenebrae
1358 1751 1654 1820 quidcm'ei
1687 1756 1924 1811 molestae

2030 1748 2178 1801 θεσιν
2205 1747 2304 1818 τῆς
2346 1748 2616 1820 ἐγέρσεως
2647 1747 2756 1800 τῶν
2786 1747 3018 1818 νεκρῶν,
3057 1750 3123 1818 ἢν
3159 1751 3272 1812 τοῖς
3299 1749 3619 1819 καθήκουσι

340 1838 566 1904 fuerint,
595 1848 780 1908 utpote
812 1855 932 1909 quze
959 1840 1135 1896 oculis
1177 1850 1348 1905 caret,
1379 1849 1434 1897 et
1465 1844 1681 1899 videndi
1720 1846 1926 1903 instru-

339 1939 647 1984 mentorum
681 1947 878 2001 expers
905 1939 1008 1986 est.
1033 1931 1176 1998 Quid
1221 1941 1404 1988 autem
1435 1935 1635 1991 vermis
1665 1937 1924 2004 effecerit,

339 2022 434 2090 qui
469 2036 761 2091 corporum
793 2038 901 2076 non
937 2023 1226 2092 spirituum
1258 2028 1658 2096 corruptricem
1686 2031 1792 2084 vim
1825 2032 1924 2086 ha-

339 2113 468 2166 bet?
489 2115 664 2182 Atque
698 2113 908 2168 idcirco
929 2116 1313 2172 consentaneis
1357 2117 1443 2174 his
1474 2121 1925 2178 considerationi-

340 2205 445 2260 lius
481 2213 536 2260 et
563 2206 1079 2263 ratiocinationibus
1117 2210 1359 2280 undique
1404 2213 1808 2282 compellimur,
1857 2215 1924 2270 ad

340 2297 804 2366 comprobandam
863 2301 1324 2357 resurrectionem
1357 2310 1726 2371 mortuorum,
1759 2321 1924 2376 quam

339 2386 798 2444 convenientibus
815 2389 1152 2459 temporibus
1171 2388 1312 2446 Deus
1329 2391 1596 2461 perficiet,
1610 2395 1774 2450 rebus
1791 2395 1927 2464 ipsis

340 2493 471 2534 suas
494 2479 892 2549 promissiones
925 2482 1279 2538 confirmans.
1303 2481 1606 2540 Credamus
1639 2485 1806 2557 igitur
1839 2485 1926 2541 ἀι-

339 2571 484 2626 centi
505 2589 518 2625 :
539 2571 706 2627 Cane!
729 2572 868 2627 enim
890 2571 1038 2631 tuba.
1053 2582 1103 2627 et
1121 2574 1315 2628 mortui
1339 2585 1609 2647 resurgent
1625 2577 1699 2642 ";
1719 2593 1782 2632 ac
1803 2595 1926 2632 rur-

339 2674 459 2722 sus,
486 2657 634 2713 Venit
654 2659 807 2722 hora,
831 2661 887 2714 in
903 2676 1006 2730 qua
1027 2677 1206 2716 omnes
1224 2663 1316 2732 qui
1334 2664 1390 2716 in
1413 2666 1763 2720 monumentis
1781 2674 1926 2731 sunt,

340 2750 559 2803 audient
577 2765 747 2804 vocem
769 2750 906 2819 ejus,
927 2760 976 2804 et
1001 2751 1308 2820 prodibant,
1333 2755 1388 2806 Iu'
1407 2755 1497 2824 qui
1514 2756 1650 2811 bona
1673 2756 1926 2825 fecerunt,

338 2839 397 2893 in
427 2839 860 2894 resurrectionem
889 2840 1012 2894 vita:
1029 2856 1047 2903 ;
1078 2841 1168 2911 qui
1213 2851 1388 2897 autem
1419 2846 1566 2900 mala
1613 2847 1836 2915 faciunt,
1872 2850 1928 2904 iu

339 2931 778 2986 resurrectionem
795 2931 990 3000 judicii
1015 2931 1079 2988 “.
1104 2930 1222 2986 Non
1251 2935 1393 2988 enim
1423 2938 1693 3006 promittit
1720 2941 1922 3009 solum,

337 3037 530 3078 verum
565 3022 728 3078 etiam
761 3021 1046 3093 operibus,
1097 3038 1220 3093 quae
1257 3025 1500 3095 quotidie
1553 3026 1702 3094 facit,
1737 3039 1925 3100 aperte

338 3115 498 3170 docet
529 3113 675 3184 quod
709 3113 781 3168 sit
824 3113 1195 3184 omnipotens.
1238 3113 1426 3185 Neque
1483 3117 1628 3172 enim
1659 3119 1713 3174 in
1767 3120 1925 3176 initio

339 3203 470 3258 dum
489 3210 724 3266 crearet,
751 3203 1021 3258 laboravit
1049 3217 1115 3259 ac
1144 3203 1475 3274 defatigatus
1501 3216 1606 3272 est,
1667 3224 1844 3280 nequc
1869 3212 1924 3266 iu

338 3293 784 3349 transformando
817 3294 1091 3364 sapientia
1120 3293 1406 3364 indigebit.
1441 3294 1742 3352 Pra'scntia
1787 3313 1925 3354 con-

338 3387 667 3450 sideremus,
705 3394 762 3441 et
804 3388 882 3440 rei
941 3385 1136 3441 futurae
1187 3386 1348 3440 fidem
1400 3403 1507 3442 non
1547 3387 1920 3447 detrahemus.

337 3479 473 3534 Cum
507 3480 653 3534 enim
683 3481 865 3534 omnis
895 3478 1134 3534 efﬁcacia
1187 3479 1369 3534 ditina
1410 3481 1672 3537 comitem
1723 3484 1923 3540 habeat

337 3582 620 3642 stuporem
672 3579 727 3625 et
786 3571 1285 3626 consternationem
1344 3591 1358 3627 :
1401 3581 1515 3628 tum
1565 3589 1821 3646 magnum
1871 3587 1925 3632 et

337 3662 719 3732 inexplicabile
747 3662 1070 3717 miraculum
1094 3669 1200 3728 est,
1235 3678 1362 3717 cum
1415 3672 1630 3735 patrum
1676 3675 1730 3721 et
1764 3681 1924 3737 proa-

335 3769 533 3808 vorum
558 3752 946 3808 similitudines
976 3754 1135 3824 plene
1157 3755 1396 3811 transire
1430 3757 1922 3814 animadvertimus

333 3846 393 3901 in
423 3847 628 3901 formas
643 3846 962 3910 liberorum,
1020 3860 1085 3900 ac
1110 3857 1360 3915 posteros
1393 3848 1660 3917 majorum
1697 3867 1921 3907 suorum

336 3936 495 4006 quasi
511 3935 822 4004 eXprimcre
841 3943 1006 4003 atque
1028 3935 1232 3990 referre
1261 3937 1645 4006 figuras.'l‘unc
1663 3941 1920 3996 nimirum

335 4033 510 4082 artem
541 4026 977 4095 praestantissimi
1007 4026 1222 4095 Opificis
1251 4042 1318 4082 ac
1344 4030 1642 4086 servatoris
1674 4033 1771 4088 Dei
1800 4049 1923 4089 om-

337 4131 460 4172 nem
511 4115 788 4171 solertiam
845 4114 902 4170 in
955 4130 1077 4172 sese
1131 4119 1474 4188 complexam
1529 4135 1655 4176 cum
1712 4123 1920 4195 ingenti

334 4217 561 4279 stupore
580 4207 842 4274 admiror,
859 4207 1133 4279 quomodo
1161 4225 1373 4276 eorum,
1407 4227 1529 4282 quae
1561 4230 1660 4270 nec
1683 4224 1916 4284 exstent,

333 4315 440 4355 nec
459 4308 780 4370 appareant,
807 4300 1108 4369 primorum
1132 4299 1351 4356 illorum
1372 4305 1764 4376 exemplarium
1795 4309 1920 4364 imi-

332 4400 573 4448 tamenta
613 4406 814 4447 arcano
845 4393 1110 4462 mysterio
1159 4405 1422 4450 creentur
1449 4408 1507 4453 et
1557 4399 1913 4472 effinguntur,
1949 4422 1992 4478 ο

333 4487 492 4559 quasi
537 4488 737 4544 alteros
781 4488 1047 4558 quosdam
1092 4502 1208 4553 eos,
1251 4488 1345 4559 qui
1395 4489 1597 4545 mortui
1660 4499 1922 4563 sunt,per

333 4578 637 4636 efficaciam
672 4579 970 4633 formarum
1001 4579 1316 4634 excitantia.
1349 4579 1505 4651 Smpe
1552 4591 1736 4638 autem
1770 4583 1916 4637 mul-

335 4681 518 4728 tarum
545 4671 710 4727 etiam
747 4684 1108 4741 personarum
1143 4673 1503 4744 proprietates
1528 4673 1694 4729 simul
1725 4672 1780 4728 in
1809 4689 1920 4730 uno

335 4777 570 4833 corpore
617 4760 1000 4833 exprimuntur
1028 4767 1084 4815 et
1130 4761 1487 4835 effinguntur.
1519 4763 1700 4820 Patris
1723 4777 1914 4829 nasus,

334 4858 422 4910 avi
451 4855 670 4919 oculus,
723 4851 904 4926 patrui
962 4853 1237 4920 incessus,
1272 4855 1468 4911 matris
1490 4869 1662 4912 sonus
1680 4856 1833 4911 vocis
1865 4865 1921 4913 et

334 4948 584 5018 loquelrc.
603 4949 780 5018 Atque
812 4963 954 5004 unus
983 4947 1146 5003 homo
1166 4957 1445 5018 spectatur
1470 4957 1729 5018 tanquam
1759 4949 1918 5018 plan-

334 5048 389 5095 ta
419 5037 691 5110 quaedam,
725 5055 849 5109 quae
897 5039 1192 5095 multarum
1217 5039 1476 5094 arborum
1509 5040 1750 5096 surculis
1779 5041 1919 5097 insi-

333 5133 469 5189 titiis
494 5132 547 5186 in
581 5146 642 5188 se
667 5133 903 5199 receptis
931 5133 1220 5187 innumera
1257 5146 1478 5201 quoque
1524 5131 1800 5187 fructuum
1827 5148 1922 5203 ge-

334 5239 468 5280 nera
507 5224 930 5296 decerpentibus
982 5234 1036 5280 et
1079 5223 1466 5294 colligentibus
1527 5225 1750 5294 pr.cbet.
1789 5223 1918 5279 Haec

333 5317 516 5371 omnia
541 5316 881 5372 admirabilia
903 5314 1122 5386 quidem
1151 5323 1302 5378 sunt,
1320 5315 1412 5369 sed
1447 5331 1555 5385 quo
1581 5324 1740 5386 pacto
1763 5317 1916 5383 fiant,

337 5407 498 5464 nobis
527 5407 774 5478 ignotum
812 5413 898 5462 cst
931 5404 1146 5475 :opifici
1187 5413 1369 5459 autem
1409 5404 1590 5461 facilia
1621 5417 1785 5477 atque
1817 5422 1915 5462 ex-

335 5495 540 5566 pedita,
564 5504 620 5554 et
645 5496 714 5552 ab
744 5511 811 5553 eo
834 5497 986 5552 nullo
1007 5495 1244 5567 negotio,
1279 5503 1339 5550 ut
1354 5495 1584 5562 scimus,
1625 5497 1919 5568 perficiun-

414 5672 458 5706 ¹³
489 5670 510 5725 1
536 5671 662 5730 Cor.
707 5690 794 5742 xv,
822 5674 910 5730 52.
991 5677 1033 5709 ¹⁶
1064 5673 1225 5731 Joan.
1260 5690 1312 5742 v,
1336 5671 1427 5742 28,
1455 5671 1546 5728 29.
1593 5747 1598 5751 ι

2029 1839 2242 1910 χρόνοις
2287 1838 2558 1892 ἐκτελέσει
2593 1841 2621 1892 ὁ
2667 1839 2829 1903 Θεὸς,
2865 1839 3046 1909 ἔργοις
3081 1838 3310 1909 βεϐαιῶν
3337 1840 3434 1903 τάς
3463 1841 3620 1904 ιδίας

2030 1930 2380 1999 ἐπαγγελίας.
2417 1929 2808 2001 Πιστεύσωμεν
2835 1930 3013 1982 τοίνυν
3052 1929 3130 1999 τῷ
3165 1929 3405 1998 λέγοντι·
3444 1934 3619 1985 Σαλα

2027 2022 2192 2075 πίσει
2244 2020 2355 2090 γὰρ
2375 2058 2389 2084 ,
2445 2020 2544 2074 καὶ
2603 2022 2656 2074 οι
2712 2018 2913 2087 νεκροὶ
2965 2017 3407 2086 ἀναστήσονται
3427 2035 3442 2049 ·
3503 2021 3616 2074 καὶ

2028 2114 2226 2168 πάλιν·
2285 2114 2556 2182 Ἔρχεται
2603 2110 2747 2180 ὥρα,
2811 2112 2881 2166 ἐν
2923 2105 2963 2184 ᾖ
3009 2111 3229 2179 πάντες
3274 2114 3326 2165 oi
3367 2112 3436 2165 ἐν
3475 2111 3616 2177 τοῖς

2021 2205 2333 2274 μνημείοις
2391 2204 2758 2258 ἀκούσονται
2825 2201 2936 2272 τῆς
2989 2200 3192 2271 φωνῆς
3238 2202 3454 2268 αὐτοῦ,
3500 2204 3614 2258 καὶ

2027 2296 2496 2366 ἐκπορεύσονται
2558 2297 2612 2349 of
2681 2295 2752 2350 τὰ
2831 2294 3023 2363 ἀγαθὰ
3085 2295 3439 2361 ποιήσαντες
3513 2295 3614 2360 εις

2026 2387 2369 2443 ἀνάστασιν
2417 2385 2566 2455 ζωῆς
2585 2426 2600 2446 .
2648 2388 2700 2439 οἱ
2749 2384 2818 2439 δὲ
2865 2386 2936 2440 τὰ
2981 2385 3185 2455 φαῦλα
3225 2385 3615 2456 πράσσοντες

2026 2483 2116 2545 είς
2165 2479 2508 2534 ἀνάστασιν
2559 2477 2831 2544 κρίσεως.
2870 2477 2944 2530 Οὐ
2983 2475 3092 2548 γὰρ
3132 2477 3464 2548 ὑπισχνεῖται
3496 2478 3606 2547 μό-

2025 2587 2137 2636 νον,
2185 2570 2320 2625 άλλά
2367 2569 2461 2623 καὶ
2502 2571 2614 2632 τοῖς
2663 2567 2845 2639 ἔργοις
2861 2609 2876 2633 ,
2925 2563 3006 2632 οἷς
3041 2568 3252 2622 ἐκτελετ
3293 2569 3411 2624 καθ’
3457 2569 3603 2640 ὴμέ-

2028 2679 2151 2732 ραν,
2190 2661 2433 2715 διδάσκει
2485 2659 2674 2731 σαφῶς
2717 2659 2793 2724 ὡς
2837 2658 2952 2713 ἔστι
2990 2658 3416 2731 παντοδύναμος.
3459 2659 3608 2714 οὔτε

2025 2753 2136 2825 γὰρ
2168 2754 2227 2807 ἐν
2261 2753 2404 2826 ἀρχῇ
2448 2751 2795 2825 δημιουργῶν
2827 2751 3052 2823 ἔκαμεν,
3086 2750 3206 2806 οὔτε
3237 2752 3612 2824 μεταμορφῶν

2025 2847 2291 2918 ἀπορήσει
2323 2845 2538 2915 σοφίας.
2571 2844 2653 2898 Τὰ
2681 2845 2922 2917 παρόντα
2965 2841 3354 2916 θεωρήσωμεν,
3393 2845 3492 2898 καὶ
3526 2844 3613 2918 τῷ

2029 2935 2274 3006 μέλλοντι
2319 2936 2421 2989 οὐκ
2469 2935 2860 3007 ἁπιστήσομεν.
2925 2933 3114 3006 Πάσης
3162 2935 3272 3008 γὰρ
3321 2934 3614 3008 ἐνεργείας

2025 3025 2119 3079 τοῦ
2181 3025 2316 3079 Θεοῦ
2376 3024 2669 3080 ἀκόλουθον
2722 3023 2952 3095 ἐχούσης
3011 3024 3110 3096 τὴν
3161 3023 3452 3098 ἔκπληξιν,
3511 3028 3615 3082 καὶ

2027 3117 2161 3172 πολὺ
2197 3118 2259 3171 τὸ
2295 3117 2480 3188 θαῦμα
2520 3117 2615 3170 καὶ
2654 3116 2952 3187 ἄφραστον,
2991 3116 3121 3170 ὅταν
3149 3115 3248 3180 τὰς
3293 3117 3403 3170 τῶν
3437 3119 3609 3176 πατέο

2029 3228 2136 3281 ρων
2171 3210 2261 3264 καὶ
2317 3209 2665 3279 προπάππων
2711 3209 3033 3280 ὁμοιότητας
3091 3209 3397 3279 κατίδωμεν
3435 3226 3614 3278 μετα-

2026 3301 2313 3363 ϐαινούσας
2338 3300 2582 3371 ἀκριϐῶς
2630 3301 2709 3364 είς
2740 3299 2839 3363 τὰς
2886 3299 2994 3353 τῶν
3042 3299 3322 3368 ἀπογόνων
3363 3301 3613 3372 μορφὰς,

2023 3394 2118 3447 καὶ
2151 3394 2418 3462 ἐκμαγεῖα
2449 3391 2763 3463 γινομένους
2806 3391 2932 3456 τοὺς
2968 3392 3162 3454 παῖδας
3191 3391 3299 3445 ἀπὸ
3321 3393 3431 3444 τῶν
3471 3410 3615 3464 προ-

2023 3481 2296 3552 πατόρων.
2325 3481 2459 3533 Τότε
2501 3479 2564 3550 δὴ
2605 3479 2703 3551 τὴν
2731 3479 3006 3548 πάνσοφον
3037 3471 3232 3550 τέχνην
3259 3479 3352 3533 τοῦ
3382 3482 3619 3551 ἀριστοο

2022 3570 2211 3640 τέχνου
2268 3569 2404 3623 Θεοῦ
2451 3569 2545 3622 καὶ
2604 3569 2861 3639 Σωτῆρος
2883 3569 3422 3642 ὑπερεκπλήττομαι,
3479 3572 3613 3637 πῶς

2020 3660 2128 3714 τῶν
2157 3660 2291 3731 μήτε
2323 3658 2492 3714 ὄντων
2525 3659 2664 3730 μήτε
2696 3659 3036 3728 φαινομένων
3065 3660 3382 3732 ἀρχετύπων
3409 3661 3466 3713 αί
3505 3680 3613 3732 μι-

2025 3753 2220 3823 μήσεις
2253 3753 2310 3805 ἐν
2343 3751 2640 3822 ἀπορρήτῳ
2685 3751 2967 3823 μυστηρίῳ
3004 3751 3451 3823 δημιουργοῦνται
3500 3755 3614 3809 καὶ

2021 3845 2475 3908 ἁναπλάσσονται,
2500 3843 2694 3908 ἀλλους
2719 3844 2871 3908 τινὰς
2898 3844 3024 3908 τοὺς
3049 3845 3344 3909 τεθνεῶτας
3380 3845 3469 3899 διὰ
3495 3847 3615 3917 τῆς

2020 3937 2300 4009 ἐνεργείας
2341 3935 2448 3990 τῶν
2491 3935 2675 3989 τύπων
2727 3935 3053 4005 ἐγείρουσαι.
3097 3937 3363 4002 Πολλάκις
3409 3938 3466 3991 δὲ
3506 3941 3619 3994 καὶ

2021 4029 2232 4082 πολλῶν
2259 4025 2396 4098 ὁμοῦ
2419 4025 2728 4098 προσώπων
2754 4026 2824 4080 τὰ
2854 4026 3116 4098 ἰδιώματα
3145 4029 3204 4080 ἐν
3233 4028 3316 4081 ἐνῖ
3339 4027 3616 4095 ἐξεικονί-

2020 4117 2173 4183 ζεται
2215 4118 2463 4190 σώματιο
2503 4116 2598 4172 τοῦ
2652 4116 2854 4189 πατρὸς
2905 4119 2939 4190 ἡ
2990 4119 3106 4190 ῥὶς,
3153 4117 3248 4172 τοῦ
3305 4119 3532 4172 πάππου
3572 4121 3615 4175 ὁ

2017 4210 2315 4282 ὀφθαλμὸς,
2344 4211 2439 4266 τοῦ
2473 4211 2616 4265 θείου
2641 4211 2702 4265 τὸ
2724 4211 2977 4283 βάδισμα,
3011 4213 3109 4282 τῆς
3138 4210 3341 4283 μητρὸς
3369 4212 3434 4266 τὸ
3469 4211 3612 4281 φθέ-

2017 4320 2135 4374 γμα
2159 4320 2172 4333 ·
2207 4303 2300 4356 καὶ
2333 4297 2413 4367 εἷς
2445 4303 2729 4374 ἄνθρωπος
2760 4303 3043 4375 θεωρεῖται
3071 4304 3321 4376 καθάπερ
3348 4322 3404 4357 τι
3433 4302 3614 4374 φυτὸν

2019 4391 2229 4447 πολλῶν
2261 4391 2492 4463 δένδρων
2519 4393 2617 4458 τὰς
2648 4393 2904 4458 ἐπιϐολὰς
2947 4393 3258 4466 δεξάμενον,
3291 4396 3386 4450 καὶ
3427 4398 3615 4468 μυρία

2018 4481 2399 4554 καρποφοροῦν
2431 4482 2561 4552 γένη
2608 4486 2720 4548 τοῖς
2767 4484 3145 4556 ὀπωρίζουσιν.
3190 4485 3374 4539 Ταῦτα
3417 4488 3614 4544 πάντα

2018 4574 2308 4646 θαυμαστὰ
2337 4574 2456 4645 μὲν,
2488 4575 2583 4629 καὶ
2612 4576 2759 4641 ὅπως
2807 4577 3013 4646 γίνεται
3042 4579 3174 4649 ἡμῖν
3215 4579 3567 4651 ἀγνοούμενα
3589 4624 3610 4649 ,

2019 4666 2285 4737 πρόχειρα
2334 4665 2393 4718 δὲ
2427 4664 2506 4736 τῷ
2549 4666 2877 4739 Δημιουργῷ
2925 4668 3020 4722 καὶ
3075 4667 3215 4738 μετά
3255 4669 3492 4740 πολλῆς,
3527 4673 3614 4738 ὡς

2018 4761 2197 4831 ἴσμεν,
2230 4761 2330 4830 τῆς
2361 4756 2643 4831 ῥᾳστώνης
2682 4759 3091 4831 ἐπιτελούμενα.
3129 4761 3362 4814 ’Δτοπον
3391 4762 3450 4816 δέ
3478 4763 3613 4819 λίαν

2017 4853 2111 4908 καὶ
2141 4851 2386 4922 ἀμαθὲς,
2415 4851 2484 4906 τὰ
2531 4851 2630 4922 μὲν
2661 4852 2770 4904 τῶν
2817 4852 3096 4907 σαπέντων
3142 4853 3237 4906 καὶ
3277 4853 3609 4924 φθαρέντων

2015 4947 2114 5018 ἢδη
2162 4944 2432 5017 σωμάτων
2465 4945 2821 5016 γνωρίσματα
2853 4946 2912 4998 ἐν
2945 4947 3056 5008 τοῖς
3094 4943 3188 4998 νῦν
3226 4945 3346 4998 καθ’
3380 4946 3608 5019 ἡμέραν

2016 5039 2302 5110 φυομένοις
2334 5036 2664 5110 ἐγείρεσθαι,
2698 5037 2793 5091 καὶ
2831 5036 2900 5090 τὰ
2939 5035 3196 5106 ἀλλότρια
3243 5037 3604 5106 μεταϐαίνειν

2017 5103 2098 5194 εἰς
2125 5103 2338 5193 ἀλλους,
2368 5103 2437 5182 τὰ
2458 5103 2522 5182 γδέ
2553 5103 2659 5181 ίδια
2688 5129 2782 5181 καὶ
2811 5127 3084 5198 ἐξαίρετα,
3107 5103 3256 5198 ’περὶ⁷
3277 5127 3460 5181 αὐτῶν
3493 5131 3599 5182 τῶν

2019 5236 2149 5274 ποτε
2197 5218 2550 5288 κεκτημένων
2605 5216 2962 5272 ἀνανεοῦσθαι
3009 5218 3104 5272 καὶ
3155 5211 3592 5273 ἀναόιῶσκεσθαι

2021 5313 2096 5385 μὴ
2127 5310 2524 5382 συνομολογεῖν,
2568 5311 2702 5366 ἀλλά
2743 5312 3048 5367 τούναντίον
3083 5311 3320 5382 ἀκυροῦν
3354 5312 3450 5366 καὶ
3483 5312 3588 5365 διαο

2022 5402 2308 5476 μάχεσθαι,
2338 5402 2430 5456 καὶ
2461 5401 2649 5473 μῦθον,
2678 5403 2738 5456 οὐ
2763 5401 2920 5471 λόγον
2951 5403 3050 5473 τὴν
3075 5401 3412 5471 ἐπαγγελίαν
3439 5401 3586 5471 νομί-

2018 5494 2154 5565 ζειν,
2198 5493 2292 5547 τοῦ
2323 5494 2430 5548 πᾶν
2463 5493 2578 5548 τόδε
2621 5495 2683 5548 τὸ
2726 5493 3001 5566 ὁρώμενον
3051 5493 3462 5568 συστησαμένου
3499 5485 3596 5546 καὶ
