3930 6210
274 347 372 404 681
1188 358 1258 414 ΙΝ
1296 358 1572 416 CHRISTI
1608 361 2244 423 RESURRECTIONEM
2282 367 2487 423 ORAT.
2534 367 2622 425 IV.
3442 380 3549 436 682

281 466 659 564 κοσμήσαντος
688 467 766 533 ὡς
798 470 1083 543 ἠθέλησεν.
1157 476 1297 529 Ἀλλ’
1328 479 1490 547 ἡμεῖς
1549 481 1649 550 μὲν
1691 476 1839 535 πεπι-

1955 492 2066 539 tur.
2103 483 2273 541 Valde
2294 495 2477 541 autem
2503 485 2801 543 absurdum
2830 496 3031 559 eycum
3064 490 3237 545 multa
3266 491 3544 564 imperitia

271 555 583 628 στεὺκαμεν
624 563 690 631 τῇ
726 563 1058 631 ἀναστάσει,
1113 567 1271 632 δόξαν
1308 571 1726 642 ἀναπέμποντες
1776 572 1839 644 et]

1963 577 2319 647 coniunctum
2344 577 2532 644 fuerit,
2558 581 2603 635 si
2622 581 2747 651 quis
2777 555 3207 652 putrefactorum
3233 555 3457 656 quidem
3489 600 3544 644 et

266 651 454 721 Πατρὶ
485 652 578 705 καὶ
608 652 687 723 τῷ
730 655 847 726 Υίῷ
890 657 987 711 καὶ
1019 658 1096 729 τῷ
1131 660 1270 731 ἁγίῳ
1299 662 1597 733 Πνεύματι,
1630 662 1724 718 νῦν
1761 665 1839 718 κατ

1963 674 2349 736 corruptorum
2397 668 2509 737 jam
2566 651 2863 740 corporum
2895 670 3127 742 insignia
3192 651 3455 730 concedat
3486 675 3542 729 iu

264 743 384 808 ἀεὶ,
415 745 507 797 καὶ
533 746 613 808 είς
642 747 773 810 τοὺς
803 749 1007 813 αἰῶνας
1033 750 1146 804 τῶν
1173 752 1408 809 αἰώνων.
1452 755 1645 825 Ἀμήν.

1971 757 2056 823 iis,
2089 758 2184 828 qui
2206 773 2355 815 nunc
2385 758 2631 829 quotidie
2651 768 2977 826 nascuntur,
3004 765 3253 829 excitari,
3281 775 3334 820 et
3363 765 3541 820 aliena

263 839 513 894 transire
541 839 597 895 in
627 841 797 908 alios;
824 845 1044 923 propria
1077 856 1259 903 autem
1295 863 1359 903 ac
1398 850 1695 919 peculiaria
1735 850 1792 905 in
1831 850 1901 906 iis
1938 852 2033 922 qui
2066 852 2204 909 alias
2229 869 2293 909 ea
2320 854 2653 919 habuerunt,
2680 858 2936 912 renovari
2959 873 3024 914 ac
3048 858 3396 923 reviviscere,
3427 874 3540 913 non

259 933 430 987 etiam
471 935 639 990 simul
676 939 1030 1003 assentiatur,
1098 942 1193 997 sed
1249 952 1441 999 contra
1492 946 1763 1016 improbet
1836 954 2001 1018 atque
2050 949 2350 1019 impugnet,
2393 965 2458 1004 ac
2512 950 2778 1018 fabulam,
2825 967 2935 1007 non
2993 966 3180 1007 verum
3228 966 3539 1008 sermonem

258 1027 544 1082 existimet
572 1043 697 1084 esse
756 1031 1177 1099 promissionem
1224 1035 1370 1105 ejus,
1437 1038 1531 1106 qui
1582 1037 1686 1091 hoc
1729 1052 1892 1093 omne
1920 1038 2068 1109 quod
2103 1043 2335 1105 videtur,
2372 1044 2677 1109 constituit,
2709 1054 2763 1099 et
2804 1054 2860 1099 ut
2886 1045 3081 1109 voluit,
3145 1044 3381 1098 ornavit.
3424 1044 3540 1097 Nos

260 1133 400 1173 vero
449 1119 727 1175 credimus
786 1124 1207 1193 resurrectioni,
1260 1126 1491 1199 gloriam
1540 1129 1830 1186 reddentes
1870 1127 2019 1184 Patri
2047 1142 2101 1187 et
2135 1132 2275 1190 Filio
2306 1148 2359 1191 et
2387 1135 2612 1207 Spiritui
2644 1146 2854 1202 sancto,
2892 1151 3040 1192 nunc
3072 1147 3126 1192 et
3152 1152 3367 1207 semper
3391 1143 3446 1192 et
3483 1136 3537 1191 in

259 1212 465 1265 saecula
497 1213 849 1270 saeculorum.
870 1216 1063 1272 Amen.

891 1351 1114 1406 ΛΟΓΟΣ
1144 1336 1216 1412 Δο.

475 1462 581 1527 Εἰς
614 1462 680 1515 τὸ
709 1462 883 1533 ἅγιον
909 1466 1009 1521 καί
1050 1467 1352 1535 σωτήριον
1395 1469 1633 1539 Πάσχα.

341 1572 413 1625 Ἦ
455 1573 555 1643 μὲν
584 1575 810 1647 ἀληθινὴ
834 1562 929 1629 τοῦ
959 1577 1236 1633 Σαϐϐάτου
1264 1582 1605 1648 κατάπαυσις
1624 1626 1639 1650 ,
1681 1586 1715 1654 ή
1754 1585 1853 1656 τὴν

2542 1354 2800 1410 ORATIO
2858 1354 2945 1409 IV.

2167 1470 2245 1525 De
2289 1480 2475 1524 sancto
2519 1481 2565 1524 et
2610 1472 2840 1525 salutari
2873 1470 3005 1540 [esto
3061 1468 3302 1524 Paschw.

2028 1580 2168 1637 Vera
2186 1581 2404 1651 quidem
2437 1582 2661 1637 Sabbati
2682 1584 2921 1652 requies,
2959 1595 3080 1651 quae
3100 1577 3533 1636 benedictionem

251 1664 517 1732 εὐλογίαν
550 1666 641 1719 τοῦ
688 1667 823 1721 Θεοῦ
854 1668 1121 1741 δεξαμένη
1144 1711 1159 1734 ,
1208 1673 1267 1724 ὲν
1382 1675 1721 1730 κατέπαυσεν
1746 1678 1839 1731 ἀπὶ

1958 1670 2053 1728 Dei
2085 1674 2315 1744 accepit,
2344 1674 2399 1728 in
2427 1690 2532 1743 qua
2572 1674 2838 1744 requievit
2865 1673 3127 1730 Dominus
3170 1673 3239 1727 ab
3275 1670 3534 1741 operibus

252 1758 374 1811 τῶν
407 1758 596 1813 ἑαυτοῦ
619 1760 796 1832 ἔργων
820 1764 848 1814 ὁ
870 1762 1072 1833 Κύριος
1097 1763 1235 1834 ὑπὲρ
1258 1764 1358 1836 τῆς
1385 1766 1480 1819 τοῦ
1507 1767 1711 1838 κόσμου
1740 1786 1839 1822 σω-

1947 1764 2084 1828 snis,
2099 1780 2199 1836 pro
2216 1766 2391 1820 salute
2404 1765 2591 1820 mundi
2611 1768 2805 1821 mortis
2824 1764 3069 1820 efﬁcacia
3096 1762 3268 1817 fracta
3286 1762 3534 1824 feriatus,

252 1855 463 1923 τηρίας
501 1857 565 1934 τῇ
609 1855 850 1926 ἀπραξίᾳ
888 1856 980 1909 τοῦ
1024 1858 1252 1912 Θανάτου
1286 1860 1713 1928 ὲνσαϐὄατίσας,
1753 1863 1839 1933 ήδτ

1953 1855 2065 1924 jam
2095 1854 2254 1911 linem
2291 1855 2474 1921 habet,
2502 1864 2553 1910 et
2583 1856 2814 1926 gratiam
2843 1869 2997 1910 suam
3026 1869 3154 1909 cum
3182 1852 3380 1919 oculis,
3418 1860 3533 1906 tum

254 1946 439 2015 πέρας
468 1945 577 2015 εχει
598 1986 612 2010 ,
648 1947 745 1999 κα)⁵
769 1948 868 2018 τὴν
902 1948 1037 2003 ίδίαν
1057 1948 1224 2017 ἔδειξε
1249 1951 1408 2023 χάριν
1440 1953 1534 2005 καὶ
1558 1952 1839 2024 ὀφθαλμοῖς

1955 1946 2205 2010 auribus,
2248 1955 2362 2001 tum
2396 1946 2551 2003 cordi
2585 1948 3003 2010 demonstravit,
3041 1961 3139 2019 per
3163 1947 3279 2000 haec
3324 1945 3533 2005 omnia,

252 2037 355 2089 καὶ
384 2037 574 2101 ἀκοαῖς
597 2039 689 2091 καὶ
715 2040 931 2112 καρδίᾳ·
955 2041 1041 2095 διὰ
1065 2043 1283 2097 πάντων
1307 2042 1512 2099 τούτων
1532 2045 1633 2116 τῆς
1658 2045 1839 2117 ἑορτῆς

1954 2051 2074 2106 quae
2086 2037 2341 2103 vidimus,
2362 2054 2482 2108 qua:
2503 2038 2836 2104 audivimus,
2853 2054 2952 2109 per
2966 2054 3089 2110 qua:
3107 2038 3273 2093 corde
3291 2036 3533 2092 laetitiam

254 2130 401 2197 ἡμῖν
430 2130 793 2203 τελεσθείσης,
827 2127 909 2197 οἷς
938 2135 1170 2206 εἴδομεν,
1198 2131 1279 2201 οἷς
1306 2136 1641 2208 ἠκούσαμεν,
1673 2134 1755 2202 οἷς
1782 2141 1849 2211 τῇ

250 2218 462 2288 καρδίᾳ
504 2219 603 2290 τὴν
645 2221 983 2294 εὐφροσύνην
1045 2223 1441 2297 ὑπεδεξάμεθα.
1490 2228 1563 2281 Τὸ
1603 2229 1702 2299 μὲν
1741 2229 1850 2301 γὰρ

246 2308 538 2378 ὁρώμενον
562 2314 674 2375 τοῖς
701 2313 1020 2382 ὀφθαλμοῖς,
1066 2315 1183 2386 φῶς
1229 2313 1295 2389 ἢν
1328 2320 1394 2389 τῇ
1434 2317 1529 2371 τοῦ
1561 2319 1732 2389 πυρὸς
1763 2335 1850 2372 νε-

250 2401 399 2473 φέλῃ
427 2402 515 2454 διὰ
539 2402 646 2457 τῶν
672 2403 973 2475 λαμπάδων
1005 2409 1136 2477 ἡμῖν
1170 2410 1228 2462 ὲν
1266 2411 1332 2481 τῇ
1369 2411 1523 2462 νυκτὶ
1556 2410 1849 2481 δᾳδουχού-

252 2506 447 2559 μενον.
490 2490 547 2544 'O
575 2490 632 2544 δὲ
659 2493 953 2564 παννύχιος
990 2497 1110 2557 ταῖς
1136 2497 1325 2560 ἀκοαῖς
1358 2497 1651 2567 προσηχῶν
1694 2498 1851 2567 λόγος

246 2583 311 2635 ὲν
335 2582 580 2652 ψαλμοῖς
608 2585 702 2636 καὶ
734 2583 925 2655 ὕμνοις
961 2587 1052 2639 καὶ
1078 2586 1245 2657 ᾠδαῖς
1276 2592 1704 2659 πνευματικαῖς,
1736 2586 1847 2645 οἷόν

250 2673 441 2741 ῥεῦμα
486 2674 661 2742 χαρᾶς
685 2673 752 2725 δι’
779 2675 950 2744 ἀκοῆς
980 2677 1058 2738 είς
1083 2677 1181 2748 τὴν
1210 2675 1381 2747 ψυχὴν
1435 2678 1847 2750 εἰσρέων,.πλή-

249 2778 371 2833 pate;
400 2764 555 2832 ἡμᾶς
580 2763 687 2815 τῶν
711 2764 934 2831 ἀγαθῶν
962 2766 1190 2819 ἐλπίδων
1216 2768 1490 2838 εποίησεν.
1531 2770 1596 2821 Ἦ
1629 2769 1684 2822 δὲ
1714 2786 1846 2841 καρ-

242 2854 338 2908 δία
368 2856 486 2918 τοῖς
506 2852 823 2925 λεγομένοις
846 2873 907 2908 τε
934 2858 1027 2911 καὶ
1050 2856 1402 2929 βλεπομένοις
1423 2858 1843 2932 εὐφραινομένή,

244 2947 349 3018 τὴν
374 2946 658 3019 ἄφραστον
684 2946 949 3001 ἑτυποῦτο
986 2950 1385 3021 μακαριότητα.
1407 2951 1493 3005 διὰ
1521 2951 1628 3005 τῶν
1655 2968 1839 3023 φαινο-

247 3036 439 3109 μένων
468 3039 955 3110 χειραγωγουμένη
989 3039 1120 3111 πρὸς
1159 3040 1220 3094 τὸ
1248 3041 1498 3113 ἀόρατον.
1536 3040 1699 3097 Ὥστε
1735 3040 1844 3097 τῶν

1952 2129 2331 2198 recepimus,a
2359 2130 2522 2186 nobis
2551 2129 2691 2187 festo
2714 2142 2955 2202 peracto.
3000 2128 3137 2184 Nam
3173 2129 3319 2198 quod
3355 2128 3533 2183 oculis

1950 2221 2219 2284 cernitur,
2245 2222 2427 2277 lumen
2457 2231 2620 2278 nocte
2644 2222 2806 2278 nobis
2844 2237 2942 2292 per
2972 2221 3255 2291 lampades
3295 2221 3349 2275 in
3387 2221 3532 2276 nube

1915 2310 2093 2381 -ignis
2115 2309 2531 2381 praeferebatur.
2571 2311 2766 2367 Sermo
2791 2320 2971 2366 autem
2999 2325 3094 2381 per
3117 2318 3286 2365 totam
3317 2318 3532 2364 noctem

1950 2415 2115 2458 aures
2180 2412 2401 2459 nostras
2446 2404 2869 2460 circumsonans
2912 2403 2969 2458 in
3007 2403 3262 2474 psalmis,
3312 2403 3533 2473 hymnis

1949 2495 2408 2566 cantionibusque
2432 2496 2808 2567 spiritualibus
2839 2504 3096 2566 tanquam
3124 2495 3324 2551 ﬂumen
3352 2495 3530 2565 quod.

1947 2585 2070 2640 dam
2101 2586 2283 2658 gaudii
2314 2603 2411 2657 per
2441 2602 2605 2644 aures
2643 2588 2699 2643 in
2742 2588 2985 2642 animum
3010 2586 3266 2654 inﬂuens,
3304 2601 3407 2642 nos
3433 2601 3530 2655 op-

1947 2679 2080 2733 tima
2095 2694 2191 2750 spe
2208 2680 2459 2750 replevit.
2486 2680 2594 2736 Cor
2615 2695 2768 2745 vero,
2786 2681 2916 2736 dum
2949 2688 3003 2735 et
3029 2679 3097 2736 iis
3128 2695 3247 2751 quae
3269 2680 3530 2735 diceban-

1946 2775 2037 2820 tur
2068 2776 2121 2822 et
2147 2767 2472 2823 videbantur
2502 2769 2894 2832 obiectaretur,
2920 2768 3327 2839 inexplicabilis
3359 2768 3530 2822 beati.

1943 2852 2152 2908 tudinis
2182 2852 2409 2924 ﬁguram
2441 2855 2765 2925 accipiebat,
2799 2856 2929 2910 dum
2954 2869 3131 2924 perea
3155 2869 3278 2925 quae
3301 2869 3532 2926 appare-

1943 2939 2094 3005 bant,
2124 2942 2280 3011 quasi
2304 2957 2470 2997 manu
2505 2943 2805 2998 duceretur
2833 2943 2900 2998 ad
2919 2958 3065 3007 eum,
3091 2943 3184 3012 qui
3213 2942 3382 2998 videri
3417 2957 3528 2997 non

1941 3040 2141 3102 potest.
2162 3032 2349 3103 Itaque
2382 3033 2545 3104 hujus
2568 3035 2834 3104 requietis
2849 3034 2992 3089 bona
3007 3050 3104 3105 per
3121 3050 3242 3090 sese
3272 3034 3430 3090 (idem
3455 3035 3529 3089 fa-

244 3123 478 3193 ἀγαθῶν
530 3126 774 3189 ἐκείνων,
806 3125 841 3180 ἃ
883 3124 1005 3180 οὔτε
1050 3127 1328 3199 ὀφθαλμὸς
1370 3124 1531 3194 εἶδεν,
1578 3130 1703 3186 οὔτε
1753 3124 1839 3196 οὖς

1947 3124 2147 3178 cientia
2186 3124 2449 3180 inell'abili
2481 3125 2598 3195 spei
2658 3117 2882 3189 eorum;
2911 3141 3035 3195 quae
3065 3126 3338 3182 destinata
3365 3137 3529 3198 atque

244 3215 509 3285 ἤκουσεν.
550 3215 675 3269 οὔτε,
706 3217 798 3269 ἐπὶ
842 3218 1069 3289 καρδίαν
1111 3219 1397 3292 ἀνθρώπου
1432 3222 1625 3294 ἀνέϐη,
1662 3224 1845 3277 εζκόνα
1947 3214 2190 3284 reposita
2215 3223 2365 3276 sunt,
2392 3216 2576 3284 imago
2598 3225 2727 3271 sunt
2746 3216 2964 3271 illorum
2990 3218 3528 3289 bonorum,quae'ne-

248 3304 389 3362 εἶναι
421 3310 493 3363 τὰ
522 3309 624 3380 τῆς
647 3310 1043 3375 καταπαύσεως
1070 3312 1273 3384 ταύτης
1310 3314 1509 3383 ἀγαθά,
1545 3316 1612 3369 δι’
1637 3317 1839 3371 ἑαυτῶν

1946 3321 2053 3375 que
2074 3306 2267 3362 oculus
2295 3305 2449 3370 vidit,
2486 3322 2664 3377 neque
2700 3308 2851 3364 auris
2881 3308 3110 3375 audivit,
3137 3324 3314 3380 neque
3342 3312 3399 3367 in
3431 3328 3527 3368 cor

245 3402 351 3471 τὴν
394 3400 781 3471 ἀνεκφὼνητον
819 3404 1009 3457 ἐλπίδα
1044 3404 1153 3459 τῶν
1197 3406 1581 3478 ἀποκειμένων
1615 3408 1839 3463 πιστού-

1946 3392 2187 3447 hominis
2216 3394 2584 3448 ascenderunt
2611 3395 2626 3426 ¹
2657 3436 2671 3450 .
2712 3394 2981 3461 Quoniam
3014 3396 3180 3466 igitur
3203 3397 3317 3453 haec
3341 3399 3523 3454 lucida

251 3509 418 3563 μενα.
463 3495 685 3565 Ἐπειδὴ
716 3496 893 3550 τοίνυν
927 3498 1162 3571 φωτεινὴ
1189 3498 1284 3565 νὺξ
1309 3497 1447 3568 αὕτη
1470 3538 1483 3560 ,
1518 3499 1616 3563 τὰς
1643 3501 1705 3553 ὲκ
1736 3500 1839 3554 τῶν

1946 3494 2053 3533 nox
2084 3480 2390 3536 commistis
2425 3481 2734 3553 lampadum
2772 3484 3073 3540 luminibus
3092 3500 3215 3540 cum
3238 3488 3524 3542 matutinis

1944 3567 2113 3623 radiis
2135 3569 2268 3623 solis
2293 3584 2460 3623 unum
2478 3571 2800 3625 continuum
2821 3572 3096 3627 nullarum
3145 3572 3521 3645 interpositio-

1944 3674 2014 3712 ne
2046 3659 2399 3714 tenebrarum
2432 3659 2762 3730 diremptum
2794 3662 2935 3717 diem
2969 3664 3167 3729 ell'ecit,
3193 3667 3521 3722 considere-

1944 3766 2069 3806 mus
2109 3760 2163 3807 et
2204 3753 2594 3825 intelligamus,
2657 3754 2876 3823 fratres,
2929 3756 3265 3827 prophetiam
3305 3776 3426 3831 quae
3465 3762 3538 3816 di.

248 3585 560 3656 λαμπάδων
594 3586 769 3655 αὑγάς
800 3588 1078 3660 όρθριναῖς
1105 3590 1288 3645 ἀκτῖσι
1314 3591 1406 3645 τοῦ
1451 3592 1602 3664 ἡλίου
1637 3593 1842 3663 συμμί-

248 3676 421 3742 ξασα,
454 3677 585 3747 μίαν
607 3678 749 3731 κατά
774 3679 835 3732 τὸ
876 3682 1096 3751 συνεχὲς
1120 3682 1332 3753 ἡμέραν
1358 3685 1600 3756 ἐποίησε,
1626 3684 1699 3756 μὴ
1725 3685 1841 3738 δια-

248 3768 584 3839 μερισθεῖσα
632 3772 697 3841 τῇ
742 3770 1064 3845 παρενθήκῃ
1103 3772 1196 3825 τοῦ
1239 3775 1494 3842 σκότους,
1539 3778 1839 3847 νοήσωμεν,
1944 3768 2082 3853 "Iw-8.

243 3857 505 3925 ἀδελφοὶ,
549 3859 643 3927 τὴν
668 3841 1002 3931 προφήτείαν
1035 3841 1146 3933 *τὴν
1194 3841 1491 3931 λέγουσαν,
1541 3841 1631 3918 δτι.
1681 3841 1839 3933 Α’ὖτη

1946 3841 2111 3899 cit":
2132 3845 2233 3899 Hic
2253 3855 2331 3898 est
2352 3844 2484 3909 dies,
2521 3861 2673 3916 quem
2703 3846 2827 3914 fecit
2859 3844 3137 3903 Dominus.
3176 3848 3233 3904 In
3256 3866 3365 3920 quo
3383 3867 3519 3921 opus

244 3945 441 4001 ἐστίν
468 3948 507 4015 ἡ
532 3947 733 4017 ἡμέρα,
763 3947 845 4018 ἣν
867 3950 1163 4019 ἐποίησεν
1180 3955 1214 4006 ὁ
1239 3953 1471 4021 Κύριος.
1511 3954 1597 4008 Ἐν
1624 3949 1657 4029 ᾖ
1682 3954 1839 4026 ἔργον

1946 3932 2282 4001 propositum
2307 3942 2517 3989 estnon
2536 3950 2701 4006 grave
2726 3936 2949 4008 aliquod
2977 3947 3029 3992 et
3058 3938 3254 3995 eﬂ'ectu
3275 3940 3518 4005 difﬁcile.

240 4039 433 4103 ἐστὶν,
467 4039 528 4091 οὗ
552 4038 683 4112 βαρύ
702 4058 755 4095 τι
784 4042 879 4096 καὶ
915 4042 1377 4115 δυσκατόρθωτον,
1399 4045 1536 4099 ἀλλά
1744 4048 1838 4101 καὶ

1946 4025 2036 4079 sed
2070 4026 2346 4095 gaudium,
2380 4028 2472 4082 sed
2509 4028 2717 4092 laetitia,
2741 4029 2837 4084 sed
2860 4030 3170 4093 exsultatio.
3202 4033 3274 4086 ita
3305 4033 3520 4087 dicente

240 4129 565 4202 εὐφροσύνη
594 4132 685 4184 καὶ
705 4132 1018 4204 ἀγαλλίαμα
1039 4149 1052 4161 °
1079 4113 1253 4198 οὕτως
1280 4136 1521 4201 είπόντος
1536 4113 1627 4190 τόδ
1651 4113 1835 4207 λόγου·

1946 4113 2253 4187 Scriptura,
2286 4117 2633 4172 Exsultentus
2655 4132 2704 4173 et
2725 4120 2967 4174 themur
2990 4120 3043 4174 in
3072 4137 3151 4174 eo.
3183 4119 3227 4175 Ο
3259 4122 3518 4177 mandata

245 4220 335 4275 ὅτι
396 4221 451 4275 Ἀ
464 4221 920 4293 γιιαιιιασώμεθα
962 4224 1059 4279 καὶ
1098 4225 1523 4298 εὐφρανθῶμεν
1551 4229 1622 4282 ἐν
1661 4229 1834 4299 αὐτῇ.

1946 4210 2245 4281 praeclara!
2300 4211 2346 4268 0
2392 4212 2608 4267 dulcem
2660 4211 3110 4266 constitutionem
3149 4213 3161 4264 !
3214 4212 3351 4278 Quis
3397 4214 3518 4271 sine

242 4311 320 4365 Ὦ
360 4310 546 4365 καλῶν
578 4315 956 4383 πραγμάτωνί
993 4315 1038 4369 ὣ
1073 4316 1330 4386 γλυκείας
1356 4319 1709 4391 νομοθεσίαςί
1742 4324 1838 4387 Τίς

1946 4320 2092 4360 mora
2113 4314 2276 4376 atque
2306 4305 2802 4375 procrastinatione
2832 4304 3036 4359 talibus
3066 4306 3354 4376 praeceptis
3405 4322 3515 4362 non

240 4400 603 4473 ὑπερτίθεται
648 4404 784 4475 πρὸς
829 4405 890 4458 τὸ
932 4406 1236 4461 ὑπακοῦσαι
1296 4408 1550 4474 τοιούτοις
1597 4412 1837 4483 προστά-

1946 4399 2373 4469 obtemperabit?
2422 4397 2535 4454 Ιιηο
2585 4399 2709 4469 quis
2757 4412 2864 4452 non
2913 4397 2966 4451 in
2996 4397 3197 4453 damno
3238 4409 3404 4468 ponet
3431 4401 3515 4455 vel

235 4509 461 4563 γμασι;
493 4493 580 4557 τίς
618 4493 674 4546 δὲ
697 4494 815 4565 ουχὶ
840 4494 1042 4566 ζημίαν
1087 4499 1300 4568 ἡγεῖται
1335 4500 1430 4552 καὶ
1462 4499 1559 4571 τὴν
1589 4503 1645 4554 ὲν
1672 4500 1836 4573 ὀλίγῳ

1946 4492 2191 4561 exiguam
2218 4490 2498 4560 iussorum
2525 4490 2837 4545 dilationem
2861 4488 2885 4541 ?
2925 4488 3134 4544 laetitia
3162 4499 3248 4545 est
3275 4505 3434 4560 opus,
3460 4498 3515 4544 et
3628 4499 3637 4510 ‘

232 4583 360 4637 τῶν
397 4582 745 4654 πραγμάτων
770 4585 1039 4657 ἀναϐολήν
1062 4603 1076 4653 ;
1105 4587 1422 4662 Εὑφροσύνη
1453 4591 1512 4643 τὸ
1536 4590 1714 4662 ἔργον,
1742 4594 1836 4646 καὶ

1946 4583 2229 4637 exsultatio
2265 4591 2348 4638 est
2378 4581 2432 4636 id
2469 4582 2613 4653 quod
2653 4583 2987 4653 praecipitur,
3012 4598 3109 4653 per
3141 4597 3262 4653 quae
3293 4588 3516 4652 propter

232 4673 572 4745 ἀγαλλίαμά
608 4679 726 4730 ἐστι
762 4677 824 4729 τὸ
867 4679 1175 4749 ἐπίταγμα·
1239 4679 1306 4733 δι’
1347 4674 1422 4735 ὧν
1464 4681 1755 4736 ἀναλύεται
1801 4685 1833 4753 ἡ

1946 4682 2221 4743 peccatum
2249 4674 2392 4728 facta
2422 4672 2808 4728 condemnatio
2836 4674 3188 4741 rescinditur,
3219 4684 3272 4730 et
3298 4675 3352 4728 in
3382 4689 3513 4744 gau-

226 4767 343 4821 ὲπὶ
373 4769 442 4837 τῇ
472 4766 721 4839 ἁμαρτίᾳ.
743 4770 1088 4841 κατάκρισις,
1108 4772 1197 4824 καὶ
1220 4772 1301 4836 είς
1326 4772 1501 4843 χαρὰν
1525 4771 1595 4826 τά
1615 4773 1834 4845 λυπηρά

1946 4765 2086 4820 dium
2116 4766 2340 4821 tristitia
2367 4766 2724 4820 convertitur.

234 4856 687 4927 μεθαρμόζεται.

308 4944 495 4998 Τοῦτό
525 4948 638 5001 ἐστι
658 4947 717 5001 τὺ
739 4947 838 5019 τῆς
869 4950 1059 5019 σοφίας
1084 4949 1431 5021 ἀπόφθεγμα,
1456 4952 1536 5004 ὅτι
1565 4954 1622 5004 ὲν
1649 4952 1831 5023 ἡμέρᾳ

235 5037 626 5109 εὐφροσύνης,
672 5040 947 5110 ἀμνηστία
988 5041 1193 5097 κακῶν.
1245 5042 1430 5112 Λήθην
1469 5042 1690 5117 εποίησε
1734 5045 1831 5114 τῆς

238 5128 481 5199 πρώτης
506 5129 628 5182 καθ’
651 5131 808 5202 ήμῶν
835 5132 1191 5202 ἀποφάσεως,
1224 5135 1256 5203 ή
1286 5132 1465 5204 ἡμέρα
1492 5133 1628 5205 αὕτη
1652 5151 1665 5163 ·
1696 5134 1831 5204 μᾶλ-

234 5219 330 5272 λςν
362 5221 429 5274 δὲ
473 5221 800 5293 ἀψανισμὺν,
835 5223 955 5293 οὐχὶ
985 5223 1178 5295 λήθην.
1219 5223 1496 5293 Ἑξήλειψε
1527 5224 1635 5294 γὰρ
1665 5223 1828 5277 καθό-

232 5312 334 5363 λου
387 5312 509 5365 πᾶν
554 5314 892 5384 μνημόσυνον
935 5318 1033 5386 τῆς
1074 5314 1195 5368 καθ’
1238 5314 1394 5385 ἡμῶν
1435 5316 1825 5387 κατακρίσεως.

230 5401 374 5454 τότε
401 5405 471 5455 ὲν
491 5402 697 5467 λύπαις
714 5406 743 5457 ὁ
764 5407 983 5469 τοκετός
1001 5422 1014 5436 ·
1038 5404 1131 5458 νῦν
1156 5406 1324 5476 χωρὶς
1349 5404 1553 5459 ὠδίνων
1587 5408 1619 5476 ή
1646 5407 1831 5476 γέννη-

230 5503 349 5546 σις.
382 5490 527 5543 τότε
557 5492 622 5543 ὲκ
650 5493 849 5562 σαρκὸς
872 5494 1239 5565 ἐγεννήθημεν
1264 5493 1484 5565 σάρκες·
1512 5494 1605 5548 νῦν
1624 5496 1685 5549 τὸ
1713 5513 1829 5565 γεν-

218 5576 403 5641 νηθὲν
432 5580 659 5650 ττνεῦμά
679 5583 824 5636 ἐστιν
851 5585 914 5637 ὲκ
940 5583 1270 5654 πνεύματος.
1303 5585 1436 5637 Τότε
1472 5586 1578 5639 υἱοὶ
1624 5586 1829 5658 ἀνθρὼ-

214 5682 369 5720 πων
402 5667 496 5721 νῦν
530 5670 698 5724 τέκνα
737 5673 871 5728 Θεοῦ
914 5673 1298 5745 ἐγεννήθημεν.
1335 5675 1468 5729 Τότε
1498 5679 1578 5740 είς
1603 5677 1707 5748 γῆν
1732 5678 1825 5731 ἀπ’

318 5784 343 5819 ⁸
372 5786 389 5839 1
416 5786 547 5843 Cor.
585 5805 647 5853 ιι,
670 5791 719 5850 9.
803 5796 845 5825 "
877 5794 1019 5850 Psal.
1053 5810 1219 5862 cxvn,
1259 5793 1350 5849 ει.

406 5882 684 5945 Parnm.
723 5889 842 5948 (in.
880 5890 1099 5953 XLVI.

2005 4942 2118 4997 iloc
2143 4950 2226 4997 est
2257 4942 2538 5013 sapientia:
2572 4941 2808 4996 notabile
2838 4940 3069 5005 dictum,
3105 4940 3160 4995 in
3191 4940 3278 4995 die
3312 4941 3512 4996 laetitiae

1935 5033 2137 5089 oblivio
2163 5040 2324 5101 atque
2358 5031 2584 5085 abolitio
2613 5032 2904 5085 malorum.
2944 5029 3285 5085 Oblivionem
3321 5032 3511 5100 prima:

1933 5135 2125 5182 contra
2161 5140 2261 5179 nos
2293 5125 2576 5182 sententiae
2601 5124 2965 5194 pronuntiata:
2986 5122 3102 5178 dies
3142 5123 3230 5177 hic
3255 5123 3505 5177 induxit:

1934 5218 2045 5273 imo
2106 5231 2236 5271 vero
2296 5216 2669 5279 abolitionem,
2734 5231 2841 5270 non
2893 5215 3244 5271 oblivionem.
3302 5212 3510 5270 Delevit

1932 5310 2077 5365 enim
2123 5315 2177 5363 et
2214 5310 2371 5377 quasi
2440 5308 2611 5362 erasit
2656 5321 2873 5361 omnem
2926 5306 3147 5376 penitus
3186 5304 3505 5360 memoriam

1931 5411 2121 5456 contra
2154 5415 2254 5455 nos
2286 5399 2442 5454 facta:
2493 5398 2988 5454 condemnationis.
3026 5396 3180 5453 Tunc
3220 5399 3273 5452 in
3299 5396 3506 5451 dolori—

1932 5493 2032 5546 bus
2075 5497 2265 5561 partus
2312 5489 2613 5545 edebatur:
2675 5503 2822 5543 nunc
2878 5490 3086 5559 absque
3129 5487 3511 5559 parturitionis

1929 5582 2271 5638 cruciatibus
2302 5581 2559 5636 nativitas
2580 5581 2819 5637 exsistit.
2852 5579 3008 5635 Tunc
3030 5595 3095 5635 ex
3120 5594 3288 5635 carne
3315 5594 3511 5634 carnes

1930 5678 2042 5732 nati
2067 5692 2257 5732 sumus
2288 5693 2311 5730 .-
2339 5690 2485 5730 nunc
2512 5674 2658 5745 quod
2694 5681 2877 5728 natum
2924 5682 3008 5729 est
3041 5672 3271 5743 spiritus
3315 5678 3400 5728 est
3443 5686 3509 5725 ex

3008 5887 3083 5949 22
