3930 6210
243 382 351 438 685

1112 373 1181 430 ΙΝ
1219 371 1497 430 CHRISTI
1535 372 2171 432 RESURRECTIONEM
2213 377 2417 434 ORAT.
2456 377 2522 432 ν.

3390 379 3493 435 686

244 492 348 547 καὶ
404 486 955 559 προσκυνήσουσιν
998 485 1255 541 ἐνώπιον
1301 487 1487 542 αὐτοῦ
1543 488 1731 543 πᾶσαι
1778 489 1835 542 al

1939 506 2117 548 mores
2147 493 2348 547 erunt?
2377 489 2599 561 Antiqui
2633 489 2842 560 lapsus,
2866 497 2919 545 ct
2948 503 3101 544 nova
3135 489 3496 544 resurrectio-

243 580 490 650 πατριαὶ
536 577 658 631 τῶν
706 575 921 632 ἐθνῶν.
973 575 1037 630 Τί
1079 576 1515 648 μνησθήσονται;
1570 578 1680 648 Τὴν
1736 596 1832 631 πα-

239 674 407 728 λαιὰν
461 669 704 737 πτῶσιν,
750 670 853 740 τὴν
898 668 1024 723 νέαν
1079 670 1410 735 ἀνάστασιν,
1456 670 1555 741 τὴν
1600 670 1830 739 ἀρχαίαν

242 763 581 837 παράϐασιν,
622 761 720 816 καὶ
747 759 848 831 τὴν
891 758 1117 831 ὕστερον
1150 760 1436 830 διόρθωσιν
1458 776 1471 790 ·
1511 759 1611 830 τὴν
1643 759 1831 830 θνῆσιν

240 855 350 924 τῆς
396 851 558 914 Εύας,
592 851 693 921 τῆς
729 847 1012 919 Παρθένου
1064 847 1166 919 τὴν
1193 848 1467 918 γέννησιν,
1520 847 1627 901 τῶν
1665 847 1831 902 ἐθνῶν

242 945 347 1014 τὴν
380 941 777 1012 ἐπανόρθωσιν,
823 938 929 993 τῶν
965 938 1305 1009 ἁμαρτωλῶν
1345 939 1442 1010 τὴν
1476 939 1689 1008 ἄφεσιν,
1721 938 1831 993 τῶν

242 1032 543 1104 προφητῶν
576 1031 676 1102 τὴν
709 1029 1033 1101 πρόρρησιν,
1070 1027 1178 1081 τῶν
1218 1029 1532 1083 ἀποστόλων
1566 1031 1626 1083 τὸ
1666 1029 1832 1101 κήρυ-

242 1142 386 1194 γμα,
420 1123 521 1191 τῆς
551 1118 939 1191 κολυμϐήθρας
974 1118 1074 1190 τὴν
1105 1120 1484 1191 ἀναγέννησιν,
1517 1119 1609 1174 τοῦ
1651 1138 1830 1191 παρα-

241 1214 428 1267 δείσου
472 1214 572 1282 τὴν
624 1210 941 1281 εἰσοίκησιν,
983 1209 1092 1262 τῶν
1138 1210 1385 1281 οὐρανῶν
1421 1210 1517 1281 τὴν
1551 1211 1827 1276 ἐπάνοδον,

244 1299 339 1351 τὸν
356 1297 700 1368 Δημιουργδν
730 1296 1108 1367 ἀνιστάμενον,
1133 1297 1223 1350 τὸν
1246 1298 1344 1369 τὴν
1371 1298 1675 1369 ἀπρέπειαν
1705 1301 1832 1353 ἀπο-

243 1391 571 1461 δυσάμενον,
619 1389 711 1442 τὸν
760 1392 828 1460 τῇ
878 1387 1031 1459 θεῖκῇ
1075 1388 1445 1460 μεγαλουργία
1487 1390 1550 1443 τὸ
1596 1390 1830 1461 φθαρτὸν

246 1484 328 1546 εἰς
360 1482 671 1553 ἀφθαρσίαν
711 1479 1138 1551 μεταλλάξαντα.
1175 1481 1286 1534 Καὶ
1332 1482 1493 1536 ποίαν
1524 1482 1831 1554 ἀπρέπειαν

244 1574 519 1638 duritiam;
570 1574 672 1625 Ἢν
722 1570 1134 1639 Ἡσαΐαςεῐπε,
1190 1572 1300 1627 Kal
1344 1572 1583 1642 εῐδομεν
1624 1574 1828 1641 αὐτὸν,

245 1668 437 1736 φησιν,
493 1666 588 1718 καὶ
619 1666 732 1717 οὐκ
775 1660 941 1732 εἶχεν
979 1659 1140 1729 εἶδος
1183 1663 1327 1718 οὐδὲ
1352 1664 1599 1731 κάλλος.
1647 1665 1832 1719 Ἀλλὰ

246 1754 318 1807 τὸ
344 1750 503 1819 εἶδος
528 1751 714 1806 αὑτοῦ
744 1750 974 1821 ἄτιμον,
996 1751 1279 1807 ἐκλεῖπον
1300 1754 1460 1821 παρὰ
1491 1754 1632 1821 τοὺς
1661 1754 1830 1819 υἱοὺς

246 1842 374 1896 τῶν
402 1843 745 1911 ἀνθρώπων.
784 1844 923 1896 Πότε
968 1838 1039 1914 ἦν
1080 1844 1309 1913 ἀτιμος;
1343 1844 1473 1898 Ὅτε
1512 1845 1626 1909 τοῖς
1655 1845 1833 1918 ἀλιτη-

249 1937 393 2007 ρίοις
447 1936 718 2000 Ἰουδαίοις
763 1934 1133 2006 προσωμίλειξ
1181 1936 1276 1989 καὶ
1322 1937 1689 2010 Σαμαρείτης,
1739 1940 1831 1992 καὶ

246 2028 529 2097 δαιμόνιον
555 2027 696 2098 ἔχων
739 2028 987 2082 ἐκαλεῖτο
1010 2046 1024 2060 ·
1066 2029 1155 2081 ὅτε
1193 2026 1392 2091 Ἰούδας
1416 2029 1445 2081 6
1480 2029 1831 2101 Ἰσκαριώτης

249 2118 349 2169 καὶ
378 2118 444 2170 τά
475 2118 567 2171 τοῦ
599 2118 821 2180 σκότους
849 2119 1183 2189 γεννήματα,
1205 2117 1338 2188 πρὸς
1365 2117 1524 2186 φόνον
1569 2118 1830 2188 ἐκράτουν

246 2208 345 2260 τὸν
370 2207 670 2279 άχὼρητον.
698 2210 811 2263 Οὐκ
835 2209 1093 2273 ἀσκόπως
1120 2209 1303 2276 ἔλεγεν
1335 2207 1517 2270 αὐτοῖς
1560 2208 1825 2279 Ἰωάννης·

251 2302 614 2370 Γεννήματα
645 2300 919 2371 ἐχιδνῶν,
966 2303 1059 2368 τίς
1101 2299 1416 2365 ὑπέδειξεν
1444 2300 1586 2370 ὑμῖν
1617 2301 1831 2371 φυγεῖν

244 2392 372 2447 ἀπὸ
411 2391 523 2458 τῆς
570 2394 918 2461 μελλούσης
959 2390 1178 2461 ὀρτῆς;
1222 2393 1430 2455 Ὄντως
1473 2391 1581 2462 γὰρ
1614 2394 1647 2462 ἡ
1692 2392 1829 2463 ὀργὴ

246 2483 345 2537 τοῦ
395 2482 535 2536 Θεοῦ
582 2487 731 2553 μενεῖ
771 2484 857 2536 ἐπ’
900 2484 1118 2545 αὐτούς.
1164 2482 1302 2535 Πότε
1343 2476 1412 2552 ἦν
1436 2481 1662 2551 ἄτιμος;
1703 2483 1830 2534 Ὅτε

244 2575 311 2627 τὸ
355 2573 645 2643 βλάστημα
671 2574 771 2644 τῆς
817 2573 1116 2637 ἐπιεικείας
1151 2572 1399 2643 ῥάπισμα
1437 2571 1828 2642 διελάμϐανεν,

246 2666 349 2719 καὶ
386 2665 506 2734 μεθ’
544 2666 723 2735 ὅρκων
762 2664 988 2737 ἠρώτων
1017 2664 1126 2718 τῶν
1165 2665 1343 2735 ὅρκων
1373 2664 1633 2735 δικαστὴν
1665 2664 1831 2735 ὑπάρο

248 2773 439 2826 κοντα,
469 2756 605 2808 Πότε
642 2753 713 2826 ἦν
742 2756 976 2825 unum
1017 2756 1147 2809 Ὅτε
1184 2753 1460 2819 ἐδικάζετο
1496 2757 1524 2809 6
1551 2745 1827 2827 δικαστὴς,

248 2847 349 2899 καὶ
378 2847 624 2917 ἐκρίνετο
648 2847 677 2898 6
711 2844 900 2917 κριτὴς
923 2844 1018 2898 τοῦ
1046 2846 1251 2917 κόσμου
1271 2859 1285 2875 ⁸
1318 2849 1346 2900 6
1375 2847 1593 2919 οἰκέτης
1620 2848 1825 2919 ἠρώτα,

247 2938 522 3006 δεσπότης
550 2936 779 3002 ἐσιώπα,
808 2939 903 2992 καὶ
946 2938 1007 2990 τὸ
1050 2937 1163 3006 φῶς
1208 2936 1468 3007 ἡσύχαζε,
1518 2938 1613 2992 καὶ
1643 2938 1832 3002 σκότος

252 3030 492 3101 ἐγαυρία
512 3046 526 3061 ·
559 3029 619 3081 τὸ
661 3028 885 3100 πλάσμα
927 3028 1270 3100 ἐθρασύνετο,
1302 3030 1397 3082 καὶ
1440 3032 1468 3082 ὁ
1503 3029 1832 3101 δημιουργὸς

1933 584 2052 649 nis,
2088 591 2142 638 et
2187 583 2587 639 emendationis
2617 596 2738 653 quae
2760 588 2949 652 postea
2978 588 3167 636 secuta
3208 587 3326 634 est:
3368 577 3495 633 Erae

1932 674 2208 740 interitus,
2234 674 2465 746 virginis
2493 681 2669 738 ortus,
2701 673 2943 744 gentium
2973 670 3367 735 restitutionis,
3400 668 3497 723 de-

1931 766 2293 838 linquentium
2337 766 2729 832 absolutionis,
2763 763 3149 834 prophetarum
3180 759 3495 830 praedictio-

1931 861 2054 924 nis;
2094 858 2464 928 apostolorum
2491 855 2918 928 praedicationis,
2959 854 3184 924 piscinae
3215 865 3496 922 regenera-

1929 950 2118 1017 tionis,
2147 951 2202 1005 in
2228 950 2537 1021 paradisum
2569 948 2986 1005 introductionis
3015 990 3031 1013 ,
3062 946 3271 1002 reditus
3300 944 3355 997 in
3383 956 3497 997 cae-

1934 1041 2038 1103 los,
2072 1056 2256 1097 rerum
2289 1040 2512 1112 Opiﬁcis
2543 1041 2610 1096 ad
2636 1041 2804 1095 vitam
2830 1036 3133 1101 redeuntis,
3163 1048 3289 1089 cum
3339 1030 3496 1087 inde-

1931 1132 2164 1187 centiam
2222 1132 2495 1199 exuisset,
2561 1145 2625 1185 ac
2668 1129 2851 1185 divina
2903 1125 3307 1199 magniﬁcentia
3350 1123 3497 1193 quod

1929 1232 2049 1277 erat
2077 1222 2307 1278 mortale
2353 1231 2407 1277 et
2437 1216 2778 1292 corruptum,
2810 1221 2865 1275 in
2898 1217 3207 1274 immortale
3232 1223 3287 1271 et
3314 1215 3500 1270 incor-

1930 1323 2149 1384 ruptum
2195 1318 2610 1368 commutasset.
2670 1310 2893 1376 Qualem
2947 1321 3078 1362 vero
3133 1303 3493 1359 indecentiam

1930 1402 2218 1473 deposuit?
2248 1416 2365 1456 eam
2401 1415 2565 1471 quam
2613 1398 2750 1454 dixit
2801 1399 2967 1453 Isaias
3000 1396 3089 1451 bis
3118 1393 3298 1449 verbis
3350 1407 3366 1444 :
3424 1389 3495 1444 Et

1931 1496 2153 1550 vidimus
2182 1494 2374 1561 ipsum,
2396 1499 2447 1547 et
2485 1508 2589 1547 non
2640 1500 2754 1544 erat
2792 1489 3005 1556 species,
3035 1503 3126 1541 nec
3156 1485 3332 1539 decor.
3389 1480 3494 1538 Sed

1931 1586 2094 1656 [acies
2120 1585 2233 1653 ejus
2266 1593 2380 1638 erat
2418 1582 2684 1653 ignobilis,
2727 1581 2947 1650 inferior
2996 1580 3170 1648 forma
3222 1592 3331 1645 pra:
3364 1574 3494 1644 ﬁliis

1933 1677 2202 1731 hominum
2225 1677 2269 1729 ³.
2314 1674 2543 1741 Quando
2605 1672 2860 1744 ignobilis
2900 1670 3055 1726 erat?
3082 1667 3303 1739 quando
3366 1680 3494 1720 cum

1933 1765 2212 1821 sceleratis
2239 1762 2441 1817 Iudaeis
2470 1761 2915 1825 conversabatur,
2946 1766 3001 1813 et
3039 1755 3416 1811 Samaritanus
3440 1759 3497 1808 et

1931 1857 2200 1911 daemonio
2259 1854 2563 1925 exagitatus
2608 1852 2912 1907 dicebatur.
2946 1845 3176 1914 Quando
3219 1844 3390 1901 ludas
3416 1841 3497 1899 Is-

1932 1948 2168 2003 cariotes
2199 1956 2253 2002 et
2281 1945 2629 2001 tenebrarum
2659 1940 2945 2013 progenies
2978 1937 3238 1994 tenebant
3286 1934 3357 1991 ad
3390 1948 3498 1990 ca-

1932 2038 2054 2094 dem
2083 2052 2229 2102 eum,
2263 2050 2425 2107 quem
2459 2034 2642 2089 nullus
2689 2033 2843 2087 locus
2894 2042 3091 2099 capere
3137 2032 3335 2097 potest.
3376 2022 3498 2080 Non

1933 2128 2030 2183 abs
2062 2142 2120 2181 re
2146 2126 2361 2181 dicebat
2393 2124 2527 2194 ipsis
2556 2122 2829 2186 Joannes;
2864 2117 3141 2173 Genimina
3176 2118 3495 2185 viperarum,

1930 2217 2045 2286 quis
2071 2214 2294 2270 ostendit
2326 2214 2465 2269 vobis
2487 2214 2664 2284 fugere
2687 2228 2719 2265 α
2746 2211 2927 2274 futura
2959 2210 3043 2262 ira
3062 2208 3148 2262 "'2
3185 2206 3319 2263 Vere
3350 2206 3499 2262 enim

1931 2309 2013 2362 ira
2038 2307 2130 2363 Dei
2152 2306 2393 2363 manebit
2425 2320 2590 2375 super
2622 2304 2775 2375 ipsis.
2807 2292 3040 2367 Quando
3074 2298 3176 2354 fuit
3199 2294 3500 2370 ignobilis?

1932 2398 2067 2453 Tum
2103 2414 2226 2453 cum
2251 2398 2433 2452 nobile
2480 2410 2703 2468 germen
2748 2393 3020 2464 aequitatis
3061 2390 3216 2462 gravi
3268 2386 3498 2457 colapho

1932 2505 2130 2545 caesum
2156 2497 2239 2549 est
2268 2527 2283 2554 ,
2309 2496 2503 2543 etcum
2538 2500 2725 2543 verum
2771 2480 3134 2556 jurisjurandi
3185 2476 3494 2550 praesidem.

1932 2596 2056 2635 cum
2087 2585 2430 2635 sacramento
2454 2576 2751 2645 juramenti
2807 2575 3229 2644 interrogarent.
3263 2566 3495 2634 Quando

1933 2672 2053 2725 sine
2093 2671 2300 2725 honore
2332 2668 2468 2724 fuit?
2495 2668 2629 2723 Cum
2659 2666 3001 2736 judicaretur
3048 2661 3235 2733 iudex,
3265 2667 3321 2716 et
3346 2657 3499 2715 arbi-

1931 2769 2018 2815 ter
2064 2761 2251 2815 mundi
2278 2760 2664 2824 damnaretur;
2705 2770 2829 2812 cum
2870 2768 3063 2810 servus
3093 2750 3412 2823 inquireret,
3442 2756 3500 2806 et

1934 2852 2100 2909 herus
2128 2853 2519 2907 conticesceret
2546 2866 2562 2917 ;
2589 2862 2713 2903 cum
2747 2848 2839 2901 I'ux
2867 2845 3191 2916 quiesceret,
3227 2849 3283 2900 et
3323 2841 3501 2912 caligo

1934 2945 2269 3011 exsultaret;
2297 2958 2421 2997 cum
2474 2940 2789 3013 ﬁgmentum
2840 2936 3123 2992 audaciam
3154 2949 3268 3005 pne
3304 2932 3500 2988 sefer-

1935 3042 2041 3102 ret,
2072 3043 2127 3091 et
2159 3048 2341 3090 rerum
2375 3031 2551 3104 opifex
2579 3036 2975 3101 perpeteretur.
3008 3026 3237 3093 Quando
3263 3024 3369 3078 fuit
3410 3023 3502 3078 in-

250 3120 567 3192 ἐκαρτέρει.
605 3119 741 3172 Πότε
766 3114 837 3191 ἦν
862 3120 1086 3191 άτιμος;
1124 3119 1251 3173 Ὅτε
1276 3121 1324 3173 οἱ
1360 3118 1550 3191 ταῦροι
1586 3121 1832 3192 ἐκεράτι-

1938 3126 2141 3197 glorius
2164 3129 2187 3180 ἲ
2209 3127 2343 3183 Cum
2377 3127 2518 3180 tauri
2552 3123 2813 3179 cornibus
2848 3121 3190 3189 impeterent,
3228 3123 3284 3172 et
3305 3116 3501 3185 juven-

254 3210 388 3277 ζον,
422 3211 519 3263 καὶ
549 3212 579 3263 6
622 3209 820 3280 μόσχος
852 3209 1179 3280 παρίστατο·
1219 3209 1307 3262 ὅτε
1344 3212 1373 3264 ὁ
1414 3210 1547 3264 λέων
1583 3211 1831 3283 ῶρυᾶτο,

256 3304 355 3357 καὶ
389 3303 438 3356 οί
469 3301 664 3373 ταῦροι
682 3300 1062 3372 ἐγαυρύνοντο,
1086 3299 1610 3372 ναθὼςγέγραπται·
1634 3304 1833 3370 Περιε-

258 3394 591 3448 artiude
608 3409 685 3462 με
707 3394 933 3461 μόσχοι
971 3392 1209 3455 πολλοὶ,
1252 3392 1454 3460 ταῦροι
1493 3393 1696 3458 πίονες
1734 3407 1835 3444 πε-

250 3484 513 3554 μέσχον
545 3500 643 3553 με.
686 3483 975 3548 Ἦνοιξαν
1014 3484 1106 3537 ἐπ’
1138 3483 1243 3553 ἐμὲ
1274 3483 1342 3536 τὸ
1380 3484 1573 3551 στόμα
1616 3480 1833 3547 αὐτῶν,

142 3582 149 3585 ⁷
261 3577 343 3643 ὠς
376 3576 537 3630 λέων
560 3575 829 3643 ἁρπάζων
854 3575 949 3629 καί
977 3575 1331 3644 ὼρυόμενος.
1360 3576 1492 3628 Πότε
1516 3572 1584 3646 ἦν
1608 3576 1799 3646 ἄτιμος
1821 3593 1835 3639 ς

266 3669 397 3722 Ὅτε
424 3670 474 3721 οἱ
516 3667 672 3727 κύνες
710 3666 994 3729 ὑλάκτουν,
1029 3669 1122 3721 καὶ
1168 3669 1196 3719 6
1232 3667 1505 3737 Δεσπότης
1559 3667 1835 3738 ἠνείχετο·

260 3761 357 3813 ὅτε
388 3760 438 3810 οἱ
480 3757 632 3812 λύκοι
664 3758 931 3828 ἥρπαζον,
964 3756 1058 3811 καὶ
1091 3755 1153 3808 τὸ
1200 3756 1469 3827 πρόϐατον
1500 3759 1833 3829 παρίστατο·

263 3850 359 3901 ὅτε
381 3847 584 3919 λῃστὴς
611 3851 688 3911 εἰς
715 3847 859 3918 ζωὴν
885 3846 1157 3911 ἐκαλεῖτο,
1199 3850 1232 3916 ή
1281 3847 1339 3900 δὲ
1371 3847 1483 3919 ζωὴ
1511 3849 1604 3902 τοῦ
1635 3850 1838 3921 κόσμου

261 3941 353 4001 εἰς
386 3937 610 3991 θάνατον
640 3938 845 3991 εἵλκετο
866 3953 879 3968 ·
927 3939 1016 3990 ὅτε
1045 3938 1213 3990 ἐϐόων
1242 3939 1454 4009 ἐκείνην
1481 3940 1577 4011 τὴν
1609 3941 1840 3996 ἄτακτον

264 4029 370 4081 καὶ
434 4026 666 4096 ὀλέθριον
698 4029 901 4098 φωνὴν,
929 4024 1133 4096 τΑρον,
1170 4022 1337 4096 (iper,
1364 4032 1716 4098 σταύρωσον
1739 4035 1842 4086 αὐ-

260 4120 400 4172 τόν.
441 4116 512 4171 Τὸ
561 4113 701 4187 αἷμα
739 4117 923 4172 αὑτοῦ
951 4118 1042 4187 ἐφ’
1078 4117 1236 4186 ἡμᾶς
1277 4118 1374 4173 καὶ
1412 4120 1511 4173 ἐπὶ
1546 4125 1618 4176 τὰ
1663 4122 1841 4177 τέκνα

261 4206 461 4277 ἡμῶν.
500 4209 562 4261 Oi
589 4207 960 4279 Κυριοκτόνοι,
1005 4208 1054 4260 οἱ
1088 4210 1532 4279 προφητοκτόνοι,
1566 4214 1612 4264 ot
1644 4212 1841 4283 θεομά-

262 4315 388 4369 χοι,
426 4298 475 4350 οξ
511 4297 773 4366 μισόθεοι,
817 4298 865 4351 οἱ
895 4298 988 4351 τοῦ
1029 4298 1193 4369 νόμου
1227 4299 1495 4369 ὑϐρισταὶ,
1540 4303 1589 4354 οἱ
1624 4305 1720 4374 τῆς
1754 4306 1843 4374 χά-

262 4406 419 4464 ριτος
446 4389 717 4459 πολέμιοι,
743 4391 794 4444 οἱ
822 4390 1086 4461 ἀλλότριοι
1116 4392 1214 4461 τῆς
1252 4392 1485 4456 πίστεως
1523 4395 1629 4448 τῶν
1676 4399 1840 4450 πατέ-

262 4460 415 4553 ρων,
444 4483 495 4535 oi
528 4482 813 4552 συνήγοροι
850 4480 942 4534 τοῦ
971 4460 1215 4533 διαϐόλου
1234 4521 1250 4547 ,
1287 4480 1355 4534 τά
1397 4485 1705 4555 γεννήματα
1731 4487 1839 4540 τῶν
1868 4460 1914 4514 D

259 4571 520 4643 ἐχιδνῶν,
538 4574 588 4625 οἱ
609 4571 945 4643 ψιθυρισταὶ,
973 4574 1021 4624 οἱ
1050 4571 1362 4637 κατάλαλοι,
1394 4575 1443 4626 οἱ
1467 4562 1840 4645 ἐσκοτωμένοι

254 4667 334 4734 τῇ
368 4661 598 4733 διανοίᾳ,
648 4664 681 4733 ή
733 4660 878 4732 ζύμη
927 4663 1036 4714 τῶν
1079 4663 1420 4734 Φαρισαίων,
1467 4665 1527 4718 τὸ
1574 4667 1842 4738 συνέδριον

249 4753 380 4806 τῶν
404 4752 695 4823 δαιμόνων,
739 4754 790 4806 oi
819 4752 1134 4823 ἀλάστορες,
1166 4754 1218 4806 oi
1249 4755 1581 4823 πάμφαυλοι,
1607 4758 1657 4809 ot
1695 4757 1841 4811 λιθαο

250 4846 420 4908 mat,
461 4847 512 4897 oi
560 4844 860 4915 μισόκαλοι.
917 4844 1157 4906 Εἰκότως
1187 4844 1295 4915 γάρ
1334 4843 1582 4914 ἔκραζον·
1632 4842 1841 4917 'Apor,

246 4932 444 5005 ἆρον,
496 4937 849 5003 σταύρωσον
897 4936 1100 4989 αὐτόν.
1156 4935 1370 5006 Ἐϐάρει
1417 4936 1525 5006 γάρ
1567 4938 1761 5003 αὐτοὺς
1807 4944 1839 5010 ἡ

252 5028 539 5096 ἐπιδημία
587 5029 684 5097 τῆς
730 5028 981 5098 θεότητος
1042 5026 1177 5097 μετά
1235 5028 1465 5097 σαρκὸς,
1514 5028 1607 5081 καὶ
1657 5029 1855 5083 ἐλύπει,

250 5120 376 5173 τῶν
410 5118 646 5187 ἐλέγχων
672 5121 701 5172 6
726 5121 959 5190 τρόπος·
994 5119 1113 5181 ἔθος
1157 5117 1261 5189 γὰρ
1293 5119 1631 5189 ἁμαρτωλοῖς
1669 5125 1843 5190 μισεῖν

252 5211 361 5280 τὴν
394 5207 509 5263 τῶν
536 5208 756 5264 δικαίων
787 5209 1092 5278 συντυχίαν.

335 5301 485 5355 Πότε
530 5295 601 5369 ἦν
640 5301 859 5371 άτιμος;
916 5301 1043 5353 Ὅτε
1087 5298 1246 5352 αὐτὸν
1289 5300 1723 5371 ὲφραγέλλωσαν,
1754 5305 1849 5357 καὶ

248 5389 328 5441 τὸ
358 5389 529 5457 σῶμα
557 5387 719 5442 αὑτοῦ
750 5390 809 5441 τὸ
843 5390 998 5456 ἅγιον
1041 5387 1376 5453 ἐϐασάνιζον,
1417 5392 1646 5460 φέροντα
1694 5394 1851 5446 ἐκουο

256 5477 394 5543 eius;
428 5478 625 5543 πάθος,
666 5480 749 5533 ἵνα
776 5481 901 5542 τοὺς
922 5479 1181 5542 παλαιοὺς
1213 5478 1485 5548 μώλωπας
1503 5481 1610 5533 τῶν
1653 5484 1851 5551 ἡμετέ-

264 5587 381 5644 ρων
429 5570 848 5641 ἁμαρτημάτων
893 5571 1241 5643 θεραπεύσῃ·
1290 5573 1377 5625 ὅτε
1433 5572 1493 5624 τὸ
1545 5571 1698 5635 ξύλον
1754 5572 1849 5627 τοῦ

1936 3231 2034 3272 cus
2064 3233 2123 3274 se
2154 3216 2532 3279 submitteret;
2565 3228 2689 3268 cum
2708 3211 2913 3281 rugiret
2941 3209 3046 3275 leo,
3070 3214 3126 3264 et
3158 3204 3500 3277 superbirent

1937 3308 2081 3363 tauri
2114 3324 2127 3359 :
2163 3309 2303 3361 sicut
2338 3306 2603 3375 scriptum
2637 3311 2721 3358 est
2752 3320 2766 3355 :
2794 3296 3263 3355 Circumdederunt
3304 3311 3385 3350 me
3424 3295 3503 3349 vi-

1939 3400 2036 3453 tuli
2074 3399 2246 3462 multi,
2306 3398 2447 3451 tauri
2490 3396 2703 3465 pingues
2762 3391 3071 3446 obsederunt
3114 3404 3213 3442 me.
3268 3389 3501 3457 Aperue-

1912 3499 2058 3544 .runt
2089 3505 2244 3559 super
2274 3505 2353 3543 me
2389 3504 2444 3541 os
2464 3502 2634 3549 suum,
2660 3486 2795 3539 sicut
2823 3483 2902 3537 leo
2928 3483 3135 3550 rapiens
3167 3489 3218 3533 et
3237 3478 3444 3547 rugiens
3456 3477 3500 3530 ‘.

1937 3578 2168 3644 Quando
2204 3576 2305 3631 fuit
2335 3574 2732 3630 inhonoratus?
2768 3572 2905 3627 Cum
2931 3585 3095 3626 canes
3125 3569 3387 3623 latrarent
3411 3584 3426 3632 ;
3450 3575 3504 3619 et

1938 3668 2202 3724 Dominus
2229 3668 2497 3738 patienter
2536 3664 2737 3729 ferret;
2782 3678 2907 3719 cum
2942 3662 3054 3732 lupi
3098 3659 3417 3730 diriperent,
3452 3666 3505 3711 et

1939 3759 2058 3817 ovis
2099 3760 2459 3823 consisteret;
2519 3773 2643 3812 cum
2695 3757 2831 3809 latro
2890 3761 3178 3808 vocaretur
3207 3750 3275 3805 ad
3304 3751 3503 3814 vitam,

1941 3862 1995 3907 at
2021 3854 2130 3910 vita
2166 3851 2351 3905 nnmdi
2383 3851 2690 3905 traheretur
2721 3849 2786 3901 ad
2825 3853 3097 3910 mortem;
3144 3858 3267 3900 cum
3319 3843 3507 3897 incon-

1941 3947 2104 4000 cinna
2130 3952 2182 4000 et
2205 3944 2432 3999 exitiosa
2468 3956 2599 3995 voce
2624 3941 2922 3994 clamarent
2946 3954 2958 3989 :
2995 3936 3143 3991 Tolle
3169 3977 3183 3999 ,
3209 3934 3354 3996 tolte,
3382 3949 3509 3986 cru-

1941 4038 2095 4107 ci/ige
2171 4036 2344 4089 eum".
2396 4033 2625 4103 Sanguis
2660 4031 2826 4098 ipsius
2853 4044 3005 4096 super
3040 4044 3133 4082 nos
3181 4036 3229 4080 et
3259 4041 3413 4093 super
3446 4027 3513 4085 βα

1945 4127 2043 4178 tios
2091 4134 2293 4177 nostros
2316 4124 2356 4178 °.
2397 4122 2611 4174 Domini
2650 4133 2906 4183 caesores,
2945 4117 3333 4185 prophetarum
3362 4115 3510 4166 occi-

1946 4234 2131 4284 sorcs,
2162 4217 2251 4268 Dei
2297 4216 2514 4268 hostes:
2551 4212 2641 4266 Dei
2679 4224 2889 4270 osurus,
2945 4210 2998 4262 in
3060 4208 3231 4274 legem
3285 4204 3505 4273 injurii,

1944 4309 2128 4377 gratim
2157 4307 2451 4362 adversarii
2487 4348 2501 4369 ,
2536 4304 2695 4358 alieni
2732 4319 2760 4356 a
2792 4302 2898 4356 [ide
2927 4307 3209 4369 parentum
3238 4340 3253 4360 ,
3295 4297 3507 4367 patroni

1945 4398 2171 4462 diaboli,
2203 4395 2487 4467 progenies
2521 4395 2827 4464 viperarum
2848 4433 2863 4458 ,
2890 4403 3242 4454 susurrones,
3273 4388 3510 4441 blatero-

1946 4506 2044 4546 nes
2083 4534 2095 4554 ,
2124 4498 2303 4544 mente
2338 4487 2580 4541 involuta
2625 4484 2889 4546 tenebris,
2934 4481 3258 4536 fermentum
3315 4477 3508 4531 Pbar-i-

1947 4595 2199 4643 saeorum,
2227 4594 2518 4635 consessus
2555 4578 2879 4633 daemonum.
2915 4572 3253 4638 Facinorosi,
3285 4571 3513 4625 deterri-

1946 4674 2043 4735 mi,
2079 4672 2426 4741 lapidatores,
2470 4669 2769 4724 honestatis
2817 4681 3025 4722 osores.
3062 4664 3276 4718 Atenim
3321 4661 3513 4717 merito

1946 4764 2256 4818 clamabant
2287 4780 2297 4814 :
2323 4762 2466 4816 Tolle
2498 4800 2510 4824 ,
2544 4761 2686 4825 tolle,
2709 4760 2953 4827 cruciﬁge
2978 4773 3114 4812 eum.
3154 4753 3343 4809 Gravis
3367 4752 3510 4806 enini

1948 4857 2078 4925 ipsis
2101 4865 2217 4910 erat
2245 4856 2543 4910 divinitatis
2574 4869 2695 4908 cum
2727 4867 2892 4905 carne
2921 4849 3266 4905 conversatio
3287 4863 3301 4911 ;
3320 4856 3373 4901 et
3391 4861 3520 4900 con-

1951 4946 2184 5002 suetndo
2222 4944 2673 5014 reprehendendi,
2701 4941 2897 4997 infesta
2938 4949 3092 4995 erat:
3130 4952 3252 4992 nam
3289 4939 3343 4992 in
3368 4954 3516 4992 mor-

1952 5047 2003 5092 te
2046 5038 2281 5106 positum
2315 5044 2397 5090 est
2428 5036 2824 5104 peccatoribus,
2875 5033 3055 5087 odisse
3081 5032 3353 5101 jnstorum
3404 5044 3513 5083 cae»

1952 5135 2066 5179 tum
2093 5137 2147 5181 et
2183 5139 2518 5181 successum.

2018 5299 2246 5365 Quando
2282 5297 2379 5350 fuit
2417 5295 2711 5365 ignobilis?
2737 5293 2873 5350 Cum
2906 5295 3085 5364 ipsum
3118 5292 3301 5362 ﬂagris
3364 5289 3511 5345 inse-

1953 5393 2082 5447 ctati
2113 5399 2260 5455 sunt,
2292 5399 2346 5443 et
2385 5400 2633 5444 sanctum
2687 5390 2807 5458 ejus
2855 5403 3055 5458 corpus
3080 5392 3381 5450 torserunt,
3423 5386 3518 5453 qui

1950 5484 2197 5537 lnhcnter
2259 5481 2559 5535 cruciatum
2607 5480 2946 5550 perferebat,
2984 5490 3044 5533 ut
3079 5480 3332 5536 antiouos
3381 5477 3520 5531 vibi-

1950 5590 2041 5626 cus
2088 5582 2396 5627 nostrorum
2461 5571 2624 5625 animi
2667 5570 2950 5625 vulnerum
2998 5576 3249 5630 sanaret;
3302 5567 3518 5639 quando

345 5746 365 5777 ⁸
392 5745 496 5801 ιω.
523 5761 648 5812 ιιιι,
672 5747 728 5813 2,
766 5747 819 5801 ὅ.
854 5747 893 5777 ³’
923 5745 1056 5801 Luc.
1083 5761 1162 5812 ιιι,
1193 5722 1288 5801 vit.
1367 5748 1386 5779 ⁸
1420 5745 1564 5801 Psal.
1601 5762 1709 5814 xxi,
1746 5747 1832 5816 19,

1942 5788 1953 5802 .
2035 5752 2053 5781 ⁸
2084 5750 2215 5805 Luc.
2254 5767 2407 5815 xun,
2448 5751 2525 5804 ις).
2606 5752 2623 5779 ⁸
2656 5751 2844 5805 Matth.
2881 5750 3163 5815 xxvn,‘25.
