3930 6210
357 387 457 441 687

1623 377 1682 432 S.
1719 373 2039 431 CREGORH
2073 375 2116 431 Ν
2129 374 2365 431 YSSENI

3496 374 3615 429 638

354 500 557 569 lignum
592 495 775 550 crucis
811 509 976 563 super
1023 494 1266 550 humeris
1307 495 1576 565 gestabat,
1634 498 1687 546 ut
1735 499 1926 561 tropae-

2035 490 2270 562 σταυροῦ
2300 490 2392 544 ἐπὶ
2434 489 2541 543 τῶν
2589 489 2754 560 ὤμων
2799 489 3061 544 ἐϐάστασε
3095 489 3155 544 τὸ
3187 489 3327 542 κατὰ
3358 489 3448 543 τοῦ
3490 494 3615 547 δια-

354 605 444 643 um
513 586 777 642 adversus
810 585 1124 650 diabolum;
1178 601 1303 640 cum
1351 599 1614 639 coronam
1669 599 1698 636 e
1754 581 1927 651 spinis

354 682 732 748 imposuerunt
781 677 854 741 ei,
898 676 992 746 qui
1052 690 1254 729 corona
1295 674 1462 728 donat
1504 688 1598 728 eos
1635 672 1728 742 qui
1759 670 1930 726 conﬁ-

353 769 491 823 dunt
537 768 592 822 in
654 767 809 837 ipso;
855 767 1077 837 quando
1128 781 1371 836 purpura
1417 766 1712 820 induerunt
1762 779 1927 827 eum,

353 862 448 931 qui
473 860 940 914 immortalitatem
967 859 1196 928 largitur
1252 856 1320 912 iis
1347 899 1360 920 ,
1391 856 1486 925 qui
1539 861 1931 924 regenerantur

353 966 418 1005 ex
445 964 584 1019 aqua
615 958 669 1004 et
698 947 904 1018 Spiritu
935 959 1126 1003 sancto
1152 949 1206 1013 ⁷;
1246 946 1464 1017 quando
1507 944 1827 999 sutlixerunt
1865 945 1929 998 li-

354 1056 461 1110 gno
491 1042 615 1094 vitae
645 1041 906 1108 necisque
941 1037 1289 1093 Dominum".
1323 1035 1554 1102 Quando
1591 1035 1694 1089 fuit
1744 1035 1925 1105 inglo-

357 1129 514 1185 rius?
563 1130 701 1184 Cum
748 1131 971 1193 milites,
1017 1128 1256 1182 cmlestis
1307 1126 1581 1182 exercitus
1637 1125 1930 1194 imperato-

357 1236 470 1275 rem
501 1221 791 1274 illudentes
819 1219 1240 1287 triumpharent.
1271 1218 1501 1285 Quando
1550 1217 1651 1272 fuit
1697 1218 1930 1289 ignomi—

356 1312 590 1366 uiosus?
634 1312 771 1364 Cum
829 1310 1088 1378 adjuncta
1145 1310 1400 1364 arundini
1449 1311 1700 1379 spongia,
1758 1325 1931 1378 eaque

356 1414 510 1456 aceto
541 1401 848 1455 madefacta
881 1411 1067 1471 potum
1091 1401 1142 1454 ei
1173 1399 1461 1466 dederunt,
1492 1410 1545 1456 et
1598 1399 1669 1455 fel
1719 1401 1931 1455 obtule-

356 1501 481 1547 runt
511 1493 560 1547 ci
593 1494 684 1561 qui
711 1506 909 1545 manna
953 1492 1171 1546 abunde
1202 1491 1334 1561 ipsis
1369 1491 1679 1558 infuderat;
1711 1491 1928 1561 quando

355 1591 520 1654 petrae
553 1583 786 1652 dirupta:
817 1590 976 1646 sunt,
1011 1591 1063 1638 et
1107 1583 1286 1638 velum
1331 1584 1513 1652 templi
1549 1585 1787 1640 scissum
1819 1592 1924 1649 est,

353 1675 508 1745 quasi
559 1672 954 1744 ﬂagitiosorum
1005 1673 1289 1727 audaciam
1346 1680 1668 1743 stuperent;
1709 1673 1926 1743 quando

355 1767 492 1821 luxit
520 1765 620 1825 sol.
653 1775 706 1818 et
736 1763 1021 1833 caliginem
1049 1773 1307 1833 tanquam
1343 1779 1563 1820 saccum
1591 1765 1790 1828 induit,
1821 1764 1920 1819 Ju-

2032 582 2185 635 δόλου
2215 582 2471 651 τρόπαιον
2490 595 2502 607 °
2546 581 2634 633 ὅτε
2667 579 2924 648 στέφανον
2954 580 3009 646 ἐξ
3037 580 3285 634 ἀκανθῶν
3319 581 3615 649 ττεριέὸαλ⁸

2031 671 2119 727 λον
2147 672 2222 740 τῷ
2251 669 2598 740 στεφανοῦντι
2624 670 2749 733 τοὺς
2786 669 3111 732 πεποιθότας
3154 670 3237 723 ἐπ’
3277 671 3433 724 αὐτόν
3457 689 3472 702 ο
3518 673 3614 725 ὅτε

2034 761 2315 833 πορφύραν
2349 761 2604 814 ἐνέδυσαν
2633 760 2722 812 τὸν
2751 759 3058 830 ἀφθαρσίαν
3091 763 3201 824 τοῖς
3229 762 3617 832 ἀναγεννωμέ-

2031 865 2140 910 νοις
2173 848 2236 902 δι’
2283 847 2470 910 ὓδατος
2515 848 2607 901 καὶ
2651 848 2966 917 Πνεύματος
3009 847 3164 916 ἁγίου
3215 849 3570 920 χαριζόμενον
3598 867 3616 880 ³

2031 940 2118 993 ὅτε
2142 939 2498 1010 προσήλωσαν
2525 937 2602 1008 τῷ
2632 937 2770 1007 ξύλῳ
2801 938 2890 991 τὸν
2935 937 3078 1009 ζωῆς
3105 939 3198 992 καὶ
3242 940 3332 992 τοῦ
3372 940 3621 994 θανάτου

2031 1032 2232 1102 Κύριον
2271 1031 2600 1101 ὑπάρχοντα.
2652 1031 2788 1082 Πότε
2834 1026 2900 1100 ἦν
2938 1030 3163 1101 ἀτιμος;
3205 1032 3332 1085 Ὅτε
3375 1032 3620 1104 ἐθριάμ-

2031 1123 2185 1177 6ευον
2231 1122 2588 1193 ἐμπαίζοντες
2631 1124 2678 1174 οἱ
2727 1122 3054 1192 στρατιῶται
3095 1125 3185 1177 τὸν
3217 1125 3316 1195 τῆς
3349 1128 3620 1196 στρατιᾶς

2030 1213 2136 1266 τῶν
2173 1211 2416 1283 οὐρανῶν
2447 1211 2732 1282 δεσπότην.
2786 1212 2921 1265 Πότε
2967 1209 3034 1283 ἦν
3079 1214 3305 1284 ἄτιμος-ς
3339 1217 3460 1269 Ὅτε
3503 1235 3620 1270 κα-

2028 1305 2186 1374 λάμῳ
2225 1303 2540 1374 περιθέντες
2571 1303 2826 1372 σπόγγον,
2859 1303 3234 1375 ἐμπλήσαντες
3276 1306 3426 1373 δξους
3469 1309 3619 1360 ἐπό-

2025 1396 2171 1460 τιζον
2202 1396 2384 1459 αὐτὸν,
2416 1395 2510 1448 καὶ
2547 1394 2708 1466 χολὴν
2738 1394 2938 1449 ἐδίδουν
2979 1396 3069 1448 τὸν
3114 1397 3174 1449 τὸ
3209 1398 3381 1467 μάννα
3419 1399 3623 1461 αὐτοῖς

2027 1486 2478 1558 ἐπομϐρήσανταο
2529 1486 2616 1538 ὅτε
2663 1486 2719 1538 αἱ
2771 1487 2963 1556 πέτραι
3005 1487 3357 1559 ἐρρήγνυντο,
3401 1488 3492 1541 καὶ
3535 1488 3624 1540 τὸ

2027 1577 2425 1646 καταπέτασμα
2455 1575 2548 1628 τοῦ
2577 1576 2705 1629 ναοῦ
2737 1577 2978 1647 ἐσχίζετο
3005 1616 3022 1642 ,
3051 1577 3158 1629 τῶν
3188 1577 3471 1650 ἀλιτηρίων
3498 1578 3623 1647 τὴν

2025 1668 2226 1738 τόλμαν
2271 1666 2712 1736 ἐκπληττόμενα·
2761 1668 2848 1720 ὅτε
2892 1669 2920 1718 6
2952 1667 3100 1737 ἥλιος
3150 1667 3360 1720 ἐπένθει
3412 1668 3627 1721 καὶτὸ

2031 1757 2218 1819 σκότος
2239 1755 2312 1820 ὡς
2342 1757 2542 1810 σάκκον
2564 1756 2823 1819 ἐνεδύετο,
2848 1757 3056 1811 πενθῶν
3074 1758 3172 1829 τὴν
3198 1759 3304 1811 τῶν
3337 1758 3627 1812 Ἰουδαίων

355 1859 596 1912 daeorum
633 1856 846 1909 ruinam
881 1854 1204 1924 deplorans:
1237 1855 1354 1910 dies
1382 1857 1523 1910 enim
1567 1856 1683 1925 ipse
1715 1857 1925 1910 lamen-

2027 1849 2362 1902 ἀπόπτωσιν.
2436 1847 2684 1917 Ἑθρήνει
2731 1848 2838 1918 γὰρ
2877 1849 2909 1918 ἡ
2959 1827 3140 1919 ἡμέρα
3181 1849 3278 1913 τάς
3337 1849 3626 1903 Ἰουδαίων

363 1946 575 2002 labatur
599 1946 911 2002 Iudaeorum
933 1961 1237 2014 aerumnas;
1278 1961 1403 2000 cum
1439 1947 1495 2001 in
1535 1949 1716 2004 medio
1751 1949 1918 2003 latro-

359 2054 484 2092 num
522 2040 632 2092 vita
665 2035 921 2109 penderet
957 2054 970 2090 :
1007 2037 1176 2091 altero
1203 2037 1424 2108 quidem
1457 2039 1835 2105 conviciante,
1869 2046 1925 2094 et

361 2129 706 2199 obloquente,
757 2130 928 2184 altero
957 2143 1088 2184 vero
1112 2127 1432 2198 poenitentia
1464 2131 1776 2198 paradisum
1827 2130 1924 2184 de-

357 2220 651 2291 praedanto.
717 2219 944 2286 Quando
976 2217 1078 2272 fuit
1120 2217 1431 2287 inglorius?
1466 2218 1695 2283 Quando
1727 2233 1928 2288 corpus

354 2312 475 2380 ejus
517 2311 814 2382 sepulturae
856 2307 1117 2363 traditum
1145 2316 1248 2364 est.
1298 2307 1527 2374 Quando
1575 2306 1678 2362 fuit
1720 2308 1927 2378 ignobi-

357 2406 425 2458 lis
449 2403 473 2456 τ
499 2403 636 2456 Cum
667 2403 865 2456 milites
899 2401 1078 2470 ipsum
1121 2399 1521 2465 custodierunt,
1554 2408 1606 2454 et
1634 2409 1774 2454 terra
1801 2415 1926 2454 eum

355 2491 663 2556 abscondit,
700 2493 794 2560 qui
827 2506 993 2560 super
1034 2491 1194 2560 aquis
1224 2499 1427 2545 terram
1463 2489 1787 2546 fundaverat
1821 2507 1833 2544 :
1872 2499 1926 2544 et

355 2599 478 2638 cum
512 2582 744 2651 apostoli
770 2582 1110 2635 occultarent
1133 2595 1212 2645 se,
1245 2589 1298 2634 et
1328 2581 1686 2636 tentationum
1718 2582 1929 2650 magni-

355 2672 598 2726 tudinem
641 2671 783 2726 ferre
819 2686 926 2725 non
955 2677 1197 2740 possent.
1236 2669 1341 2725 Sed
1379 2671 1500 2726 vide
1527 2695 1541 2737 ,
1567 2670 1924 2736 charissima,

357 2762 450 2816 Dei
485 2760 768 2826 miracula,
803 2767 858 2813 et
904 2768 1027 2828 post
1068 2761 1379 2828 passionem
1414 2799 1428 2824 ,
1470 2761 1666 2814 laetitiae
1705 2774 1927 2814 succes-

355 2867 452 2906 sus
507 2849 917 2920 profectusque.
978 2847 1235 2918 lgnobilis
1312 2849 1366 2903 in
1437 2851 1707 2905 claritatis
1759 2850 1926 2906 decus

357 2951 596 2998 mutatus
629 2949 734 3006 est,
768 2949 821 2995 et
849 2940 1039 2993 mundi
1087 2939 1345 3008 gaudium
1385 2939 1692 2996 immortale
1720 2942 1926 2995 excita-

355 3047 468 3090 tum
499 3043 584 3091 est
614 3049 740 3088 cum
775 3048 1027 3104 corpore.
1065 3032 1217 3086 Tunc
1248 3032 1504 3102 parturiit
1533 3040 1701 3094 terra,
1727 3041 1780 3087 et
1806 3031 1926 3088 dies

2030 1939 2345 2010 συμφορὰς,
2392 1938 2480 1990 ὅτε
2517 1940 2574 1990 ἐν
2623 1938 2771 2010 μέσῳ
2807 1939 3016 2010 λῃστῶν
3062 1942 3096 2010 ἡ
3130 1939 3241 2012 ζωὴ
3289 1940 3568 2011 ἐκρέματο
3597 1959 3618 1974 ’

2026 2031 2120 2084 τοῦ
2169 2032 2267 2098 μὲν
2295 2029 2642 2093 ὀνειδίζοντος
2685 2031 2780 2083 καὶ
2827 2030 3286 2099 καταλαλοῦντος,
3328 2032 3414 2085 τοῦ
3444 2033 3501 2086 δὲ
3530 2037 3619 2104 τῇ

2032 2123 2289 2193 μετανοίᾳ
2328 2122 2678 2192 ληστεύοντος
2710 2123 2802 2176 τὸν
2847 2123 3190 2194 παράδεισον.
3220 2125 3350 2177 Πότε
3377 2119 3443 2195 ἦν
3486 2126 3621 2178 ἀτε-

2031 2229 2158 2283 μο;;
2191 2213 2318 2264 Ὅτε
2344 2211 2404 2264 τὸ
2429 2211 2584 2282 σῶμα
2625 2211 2760 2282 πρὸς
2799 2214 2974 2284 ταφὴν
2998 2213 3212 2267 ἐδίδοτο.
3242 2215 3373 2266 Πότε
3388 2209 3456 2284 ἦν
3481 2214 3620 2268 ἄτι-

2031 2321 2161 2376 μος;
2192 2305 2318 2357 Ὅτε
2351 2303 2677 2375 στρατιῶται
2709 2303 3024 2373 ἐφύλαττον,
3057 2305 3149 2358 καὶ
3175 2306 3207 2375 ἡ
3236 2306 3307 2376 γῆ
3334 2305 3623 2376 κατέκρυ-

2028 2413 2158 2448 πτεν
2180 2397 2271 2448 τὸν
2312 2395 2408 2466 τὴν
2435 2395 2537 2466 γῆν
2577 2396 2668 2447 ἐπὶ
2695 2395 2801 2448 τῶν
2833 2396 3038 2450 ὑδάτων
3070 2396 3398 2468 ἐδράσαντα·
3426 2397 3515 2450 ὅτε
3554 2402 3619 2452 οἱ

2028 2488 2310 2542 ἀπόστολοι
2339 2487 2689 2557 ἐκρύπτοντο,
2723 2488 2830 2541 τῶν
2862 2490 3182 2560 πειρασμῶν
3211 2491 3302 2543 τὸν
3338 2491 3498 2558 ὄγκον
3535 2493 3616 2545 οὐ

2027 2577 2311 2648 δυνάμενοι
2342 2578 2549 2649 φέρειν.
2589 2578 2748 2632 Ἀλλά
2773 2579 2895 2650 ὅρα,
2941 2580 3209 2651 ἀγαπητὴ
3241 2581 3334 2634 τοῦ
3361 2581 3495 2635 Θεοῦ
3530 2584 3622 2638 τὰ

2029 2669 2300 2739 θαύματα,
2337 2672 2430 2722 καὶ
2458 2669 2595 2740 μετά
2623 2670 2684 2723 τὸ
2716 2671 2885 2733 πάθος
2910 2671 3006 2741 τῆς
3030 2673 3201 2741 χαρᾶς
3230 2671 3298 2724 τὰ
3325 2672 3623 2743 κατορθώ-

2031 2778 2195 2829 ματα.
2247 2761 2306 2814 Ὀ
2357 2761 2548 2831 ἄτιμος
2594 2762 2670 2824 είς
2719 2761 2957 2827 εὐδοξίαν
3010 2763 3380 2832 μετεϐάλλετο,
3422 2765 3519 2818 καὶ
3575 2769 3624 2838 ἡ

2027 2851 2119 2904 τοῦ
2155 2849 2360 2921 κόσμου
2389 2853 2532 2923 χαρά
2566 2853 2839 2922 ἄφθαρτος
2877 2855 3170 2924 ἐγήγερται
3203 2856 3336 2924 μετά
3359 2853 3450 2907 τοῦ
3498 2856 3624 2909 σώ-

2031 2959 2216 3012 ματος.
2246 2943 2376 2995 Τότε
2402 2943 2588 2997 ὤδινεν
2616 2946 2650 3014 ἠ
2690 2945 2782 3014 γῆ,
2812 2947 2905 2997 καὶ
2947 2947 3311 3016 ἐκυοφόρησεν
3336 2949 3367 3017 ἡ
3395 2949 3620 3018 ἡμέρα,

2029 3035 2122 3086 καὶ
2153 3033 2460 3087 ἀπέπτυσεν
2487 3036 2515 3086 6
2543 3034 2768 3097 θάνατος
2800 3037 2898 3106 τὴν
2927 3037 3142 3090 πάντων
3185 3038 3353 3108 ζωήν.
3389 3040 3464 3092 Οὐ
3492 3041 3571 3107 γὰ
3583 3059 3625 3111 ρ

353 3127 627 3197 concepit,
649 3133 702 3181 et
726 3140 874 3180 mors
900 3125 1127 3195 regessit
1153 3123 1397 3177 omnium
1427 3123 1613 3177 vitam.
1643 3121 1760 3177 Non
1781 3124 1923 3177 enim

2027 3121 2095 3196 ἦν
2127 3126 2345 3179 δυνατὸν
2379 3127 2697 3197 κρατεῖσθαι
2748 3129 2854 3181 ὑπὸ
2897 3129 2989 3182 τοῦ
3037 3129 3266 3183 θανάτου
3304 3129 3393 3182 τὸν
3424 3132 3625 3185 πάντα

357 3217 470 3272 ﬁeri
507 3223 719 3286 poterat
768 3224 828 3269 ut
866 3213 914 3268 is
957 3229 987 3266 a
1023 3220 1197 3268 morte
1242 3212 1597 3277 detineretur,
1632 3212 1724 3284 qui
1764 3213 1926 3267 verbo

355 3314 503 3361 tenet
569 3306 774 3361 omnia.
850 3304 1202 3360 Celebremus
1241 3304 1408 3374 igitur
1472 3305 1925 3358 resurrectionem

355 3399 521 3451 tertio
565 3398 653 3452 die
682 3397 882 3451 laetam
913 3433 931 3461 ,
983 3403 1200 3450 aeternae
1230 3395 1353 3449 vitae
1379 3394 1824 3450 conciliatricem.
1858 3391 1928 3447 Ut

357 3491 497 3543 enim
529 3487 697 3541 Maria
728 3486 821 3542 Dei
854 3501 1071 3558 parens,
1113 3486 1468 3555 virginalibus
1501 3492 1662 3556 atque
1686 3485 1926 3554 innuptis

359 3579 621 3656 partubus
673 3593 783 3632 non
839 3577 1056 3640 solutis,
1084 3575 1178 3630 Dei
1202 3576 1477 3630 voluntate
1516 3583 1568 3630 et
1593 3575 1767 3630 sancti
1799 3572 1925 3643 Spi-

360 3673 501 3726 ritus
561 3671 732 3740 gratia
801 3669 988 3740 genuit
1026 3668 1348 3724 saaculorum
1415 3666 1661 3737 opiﬁcem
1687 3707 1701 3731 ,
1728 3683 1793 3722 ex
1819 3664 1926 3721 Deo

364 3763 533 3817 Deum
579 3761 812 3816 Verbum
847 3776 859 3812 :
892 3761 972 3815 sic
1022 3760 1184 3814 etiam
1215 3770 1356 3815 terra
1387 3775 1450 3815 ex
1484 3758 1717 3830 propriis
1765 3774 1926 3829 pene-

355 3853 610 3917 tralibus,
646 3850 759 3904 fetu
795 3853 986 3905 mortis
1010 3849 1178 3914 edito,
1209 3849 1397 3904 berqu
1432 3849 1740 3904 Judzeorum
1770 3850 1926 3920 jussa

353 3950 436 3997 est
461 3956 733 3997 exserere.
775 3939 988 3996 Etenim
1022 3940 1266 3994 detinere
1307 3954 1414 3994 non
1444 3948 1656 4010 poterat
1685 3955 1883 4009 corpus
1907 3980 1922 4006 ,

353 4033 498 4102 quod
521 4032 949 4088 immortalitatis
989 4031 1300 4087 vehiculum
1326 4033 1629 4088 exstiterat.
1656 4031 1924 4097 Quocirca

353 4142 476 4181 cum
527 4125 792 4197 propheta
850 4124 1016 4180 David
1053 4124 1296 4180 decentis
1350 4131 1526 4180 status
1578 4126 1924 4179 constitutio-

356 4233 497 4280 nem,
537 4217 730 4272 mortis
759 4215 1110 4279 solutionem,
1145 4224 1200 4271 et
1227 4215 1500 4286 quondam
1547 4231 1826 4271 servorum
1857 4216 1921 4269 li-

355 4312 612 4364 bertatem
638 4309 1033 4371 consideraret,
1065 4309 1332 4364 exclamat
1385 4318 1440 4362 et
1485 4309 1753 4372 enuntiat,
1814 4307 1923 4361 Do-

353 4401 523 4452 minus
554 4399 784 4468 regnavit
811 4436 825 4460 ,
863 4398 1101 4452 decorem
1131 4398 1350 4454 indutus
1378 4409 1455 4452 est
1481 4400 1522 4452 ’.
1565 4399 1788 4464 Qualem
1829 4414 1920 4454 ce-

2027 3218 2166 3288 λόγῳ
2187 3217 2504 3290 κρατοῦντα.
2540 3219 2918 3290 Ἐορτάσωμεν
2949 3220 3126 3273 τοίνυν
3147 3224 3270 3292 τριή
3279 3239 3341 3291 με
3351 3239 3441 3292 ρον
3465 3223 3622 3276 ἀνά-

2029 3323 2235 3368 στασιν,
2285 3305 2428 3377 ζωῆς
2455 3309 2674 3361 αίωνίου
2717 3310 2994 3379 πρόξενον.
3025 3311 3234 3380 Ὠσπερ
3265 3311 3371 3381 γὰρ
3413 3313 3627 3382 Μαρία.

2027 3398 2060 3465 ἡ
2095 3396 2359 3461 θεοτόκος,
2403 3399 2732 3469 παρθενικὰς
2765 3401 2857 3453 καὶ
2900 3402 3276 3472 ἀνυμφεύτους
3303 3402 3494 3465 ὠδῖνας
3543 3406 3626 3457 οὐ

2026 3487 2234 3541 λύσασα
2277 3489 2522 3560 βουλήσει
2571 3491 2703 3544 Θεοῦ
2746 3493 2842 3545 καὶ
2884 3493 3196 3562 Πνεύματος
3230 3494 3408 3564 χάριτι
3448 3496 3629 3562 ἐγέν-

2027 3594 2155 3648 νησε
2185 3578 2274 3632 τὸν
2307 3579 2414 3632 τῶν
2448 3579 2657 3633 αἰώνων
2685 3581 2934 3652 ποιητὴν,
2965 3583 3057 3635 τὸν
3084 3587 3147 3636 ἐκ
3176 3583 3307 3636 Θεοῦ
3333 3584 3458 3636 Θεὸν
3489 3586 3585 3639 Λό
3606 3620 3626 3629 -

2026 3683 2142 3735 γονο
2185 3667 2358 3730 οὕτως
2399 3669 2493 3724 καὶ
2539 3671 2571 3739 ή
2621 3671 2717 3741 γῆ,
2764 3673 2828 3724 ἐκ
2849 3672 2956 3725 τῶν
2985 3673 3196 3727 οἰκείων
3218 3675 3449 3741 λαγόνων
3495 3677 3630 3743 τὰς

2026 3757 2218 3819 ὠδῖνας
2262 3757 2355 3810 τοῦ
2388 3757 2618 3812 θανάτου
2663 3760 2892 3826 λύσασα,
2917 3763 3195 3817 ἀπέπτυσε
3241 3763 3627 3822 κελευσθεῖσα

2025 3849 2116 3903 τὸν
2146 3851 2251 3903 τῶν
2291 3851 2556 3905 Ἰουδαίων
2601 3851 2899 3926 δεσπότην·
2931 3855 2990 3907 οὐ
3035 3857 3141 3926 γὰρ
3177 3856 3399 3926 ἠδύνατο
3461 3875 3629 3913 κατ-

2026 3942 2167 4012 έχειν
2204 3942 2397 4013 σῶμα,
2443 3947 2655 4014 φορεῖον
2701 3945 2994 4010 ἀθανασίας
3018 3949 3323 4018 γενόμενον.
3374 3950 3630 4006 Σκοπῶν

2024 4031 2200 4085 τοίνυν
2245 4033 2273 4084 6
2318 4033 2600 4103 προφήτης
2637 4034 2800 4087 Δαὸὶδ
2828 4035 2922 4104 τῆς
2952 4036 3283 4106 εὐπρεπείας
3319 4036 3415 4107 τὴν
3457 4036 3629 4108 διόρο

2026 4121 2209 4188 θωσιν,
2243 4123 2332 4176 τοῦ
2369 4125 2597 4178 θανάτου
2631 4125 2730 4194 τὴν
2759 4126 2930 4191 λύσιν,
2965 4127 3072 4180 τῶν
3102 4144 3230 4180 ποτε
3263 4127 3463 4182 δούλων
3498 4131 3628 4200 τὴν

2024 4210 2351 4280 ἐλευθερίαν,
2387 4213 2483 4282 βοᾷ
2509 4212 2602 4266 καὶ
2634 4211 2800 4282 λέγει⁸
2847 4213 2910 4267 '0
2938 4216 3150 4283 Κύριος
3176 4217 3618 4285 ἐϐασίλευσεν,

2023 4301 2382 4369 εὐπρέπειαν
2425 4304 2771 4358 ἐνεδύσατο.
2829 4305 2995 4358 Ποίαν
3033 4307 3365 4379 εὐπρέπειαν
3414 4310 3622 4364 ἐνεδύ-

2025 4408 2188 4456 σατο;
2211 4393 2320 4461 Τὴν
2341 4392 2667 4462 ἀφθαρσίαν,
2691 4396 2788 4463 τὴν
2817 4395 3136 4461 ἀθανασίαν,
3161 4397 3266 4450 τῶν
3287 4399 3626 4455 ἀποστόλων

353 4491 422 4544 do
450 4489 702 4545 decorem
736 4487 916 4542 induit
941 4489 963 4540 ?
993 4487 1312 4556 Perpetuam
1351 4489 1734 4558 integritatem,
1761 4497 1923 4557 atque

2027 4481 2123 4552 τὴν
2158 4480 2476 4554 σύγκλητον,
2502 4487 2597 4555 τῆς
2633 4486 2952 4557 Ἐκκλησίας
2979 4489 3069 4540 τὸν
3092 4489 3369 4556 στέφανον.
3401 4493 3623 4546 Οὐκέτι

354 4580 851 4642 immortalitatem,
909 4578 1279 4645 apostolorum
1337 4587 1537 4632 emtum
1572 4618 1586 4642 ,
1664 4577 1921 4631 Ecclesiae.

352 4686 630 4725 coronam.
665 4669 780 4722 Non
809 4668 1043 4736 amplius
1080 4665 1255 4723 Judas
1283 4670 1482 4738 prodit.
1515 4668 1633 4723 Non
1687 4669 1922 4738 amplius

350 4764 586 4831 Caiphas
616 4759 917 4815 minitatur.
941 4757 1057 4813 Non
1087 4760 1318 4829 amplius
1353 4759 1593 4814 llerodcs
1641 4761 1704 4813 ad
1730 4776 1922 4828 puero-

355 4867 473 4904 rum
505 4851 706 4906 czedem
733 4858 995 4904 armatur.
1025 4848 1141 4903 Non
1171 4849 1379 4918 judicat
1413 4851 1644 4919 amplius
1672 4849 1917 4915 Pilatus;

353 4956 530 5010 neque
562 4941 800 5010 amplius
825 4940 1085 4995 Israelita:
1118 4941 1236 5009 ipso
1282 4940 1585 5010 potiuntur.
1626 4940 1918 4996 Enimvero

352 5033 500 5100 quod
533 5030 730 5100 fragile
760 5040 814 5085 et
847 5031 1110 5085 caducum
1139 5040 1276 5096 erat,
1323 5032 1524 5085 factum
1554 5041 1639 5087 est
1668 5034 1921 5088 incorru-

348 5132 523 5193 ptum.
563 5118 701 5174 Tum
738 5121 831 5189 qui
860 5119 1000 5188 apud
1037 5135 1130 5174 eos
1160 5123 1484 5176 censebatur
1513 5123 1674 5176 homo
1707 5122 1915 5188 nudus,

350 5213 694 5268 Dcus'verus
735 5218 820 5266 est
872 5213 1298 5266 demonstratus.
1348 5211 1552 5267 Idcirco
1603 5229 1702 5268 nos
1753 5217 1914 5269 etiam

349 5304 648 5358 clamamus
675 5317 689 5353 :
735 5301 960 5355 Ubinam
983 5312 1102 5356 tuus
1130 5312 1226 5365 est,
1265 5321 1294 5356 ο
1323 5319 1484 5368 mors,
1524 5305 1787 5359 aculeus?
1818 5304 1918 5360 Ubi

350 5403 442 5447 tua
475 5402 576 5454 est,
623 5389 846 5458 inferne,
902 5389 1124 5444 victoria
1150 5389 1511 5444 ‘°?Decorem
1553 5392 1763 5446 induit:
1821 5390 1915 5445 In-

347 5485 462 5536 duit
499 5482 754 5537 Dominus
815 5483 1135 5549 potentiam,
1172 5490 1221 5534 et
1251 5482 1481 5535 accinxit
1525 5484 1663 5536 se“.
1720 5481 1917 5536 Poten-

348 5572 477 5626 tiam
508 5573 642 5627 dicit
673 5572 864 5628 salutis
895 5572 1354 5641 dispensationem
1387 5587 1486 5640 per
1527 5587 1747 5627 carnem
1799 5572 1914 5625 fac-

416 5743 437 5774 '
467 5739 573 5796 Tit.
602 5756 684 5801 tu.
727 5743 776 5797 5.
855 5743 1016 5798 ελσε.
1046 5761 1124 5810 ιιι,
1153 5747 1236 5802 15.

2035 4571 2234 4636 Ἰούδας
2249 4564 2586 4646 ’προδίδωσιν
2609 4593 2624 4608 ο
2665 4576 2846 4629 οὐκέτι
2880 4579 3094 4648 Καῖφας
3134 4581 3376 4633 ἀπειλεῖ’
3414 4582 3621 4638 οὐκέτι

2024 4663 2252 4726 Πιλᾶτος
2284 4664 2514 4730 δικάζει,
2548 4667 2670 4720 οὔτε
2718 4669 3040 4740 Ἰσραηλῖται
3068 4670 3345 4742 κρατοῦσι.
3379 4673 3456 4725 Τὸ
3489 4675 3622 4745 γὰρ

2023 4752 2257 4823 φθαρτὸν
2288 4754 2504 4822 γέγονεν
2542 4757 2837 4828 ἄφθαρτον,
2866 4761 2956 4812 καὶ
2994 4763 3022 4813 6
3062 4762 3188 4830 παρ’
3222 4762 3404 4824 αὐτοῖς
3443 4780 3620 4832 νομιο

2023 4845 2244 4915 ζόμενος
2267 4847 2547 4917 ἄνθρωπος
2569 4849 2739 4918 ψιλὸς,
2773 4852 2904 4915 Θεὸς
2925 4852 3295 4904 ἀποδέδεικται
3319 4853 3607 4924 ἀληθινός.

2021 4937 2111 4990 Διὸ
2145 4938 2238 4991 καὶ
2285 4941 2443 5008 ἡμεῖς
2477 4940 2708 5012 βοῶμεψ
2758 4943 2882 4997 Ποῦ
2927 4960 3064 5007 σου,
3098 4944 3332 5008 θάνατε,
3361 4947 3430 4998 τὸ
3462 4947 3606 5000 κέν-

2017 5043 2190 5095 τρον;
2245 5030 2362 5084 ποῦ
2399 5047 2534 5094 σου,
2576 5033 2712 5099 ᾅὸη,
2746 5033 2810 5087 τὸ
2854 5034 3060 5099 rixae;
3107 5036 3161 5086 '0
3207 5036 3428 5102 Κύριος
3467 5037 3602 5089 ἐσα-

2018 5120 2345 5184 σίλευσεν,
2410 5122 2771 5189 εὐπρέπειαν
2837 5125 3164 5180 ἐνεδύσατο
3183 5142 3196 5155 ·
3263 5127 3602 5182 ἐνεδύσατο

2017 5211 2232 5278 Κύριος
2257 5213 2528 5281 δύναμιν,
2565 5216 2660 5267 καὶ
2701 5215 3110 5282 περιεζώσατο.
3155 5218 3397 5288 Δύναμιν
3449 5219 3601 5285 λέγει

2016 5300 2114 5370 τὴν
2142 5301 2226 5355 διὰ
2279 5305 2475 5374 σαρκὸς
2520 5306 2848 5375 οἰκονομίαν.
2884 5308 3011 5360 Ὅτε
3047 5308 3154 5380 γὰρ
3197 5309 3412 5379 ἐκείνης
3442 5311 3607 5363 δυναο

2015 5393 2250 5462 τώτερον
2296 5395 2476 5460 οὐδὲν,
2525 5396 2612 5448 διά
2654 5396 2904 5466 σώματος
2944 5402 2972 5451 6
3009 5399 3298 5470 ἀσώματος
3337 5402 3610 5471 δαίμονας

2016 5482 2304 5536 κατέϐαλεο
2355 5484 2442 5538 διὰ
2489 5487 2716 5559 σταυρὸν
2765 5488 2863 5551 τὰς
2895 5489 3274 5560 ἀντικειμένας
3331 5492 3608 5561 δυνάμεις

2017 5572 2482 5647 ἐξεπολιόρκησεν.
2529 5579 2742 5649 Ἐπειδὴ
2776 5580 2882 5652 γὰρ
2922 5581 2989 5635 τά
3037 5583 3229 5655 πρῶτα
3262 5582 3464 5638 ἐκλόνει
3492 5585 3617 5655 τὴν

1330 5751 1350 5782 ο
1378 5743 1520 5803 Psil.
1547 5759 1678 5812 xcu,
1706 5745 1755 5801 l.
1800 5746 1842 5778 ¹⁰
1878 5745 2046 5803 lCor.
2077 5764 2165 5814 xv,
2197 5749 2286 5804 55.
2365 5752 2406 5783 "
2439 5749 2580 5807 Psal.
2618 5767 2746 5817 που,
2782 5754 2830 5806 1.

1823 6079 2064 6148 σος.
