3930 6210
377 291 487 350 689
1547 299 1616 356 IN
1649 302 1927 360 CHRISTI
1967 305 2473 365 ASCENSIONEM.
3446 324 3455 337 ί
3532 308 3639 365 690

372 408 483 476 γῆν
536 406 572 477 ή
626 405 889 479 ἁμαρτία,
940 409 1177 476 ἀναστὰς
1224 411 1254 465 ὁ
1300 410 1503 484 Κύριος
1549 414 1704 484 ἡμῶν
1760 415 1966 486 Ἰησοῦς
1996 424 2039 479 Δ

2068 426 2201 472 tam.
2226 399 2676 488 Quandoquidem
2708 416 2845 471 nihil
2879 416 2969 471 illa
2989 415 3285 487 potentius.
3312 416 3417 474 Per
3437 432 3640 490 corpus

376 495 651 566 Χριστὸς,
707 496 891 562 καθὼς
944 503 1224 571 προεῖπεν,
1273 503 1603 574 ἐστερέωσεν
1654 504 1824 575 αὐτὴν
1885 505 1963 576 τῷ

2068 510 2213 563 enim
2242 508 2379 564 liber
2402 524 2431 563 a
2456 522 2687 578 corpore
2713 507 2991 564 daemonas
3014 509 3242 579 depulit.
3276 508 3383 566 Per
3415 525 3638 567 crucem

377 586 523 657 ξύλῳ
563 585 659 641 τοῦ
702 588 962 660 σταυροῦ,
1011 591 1208 662 μηκέτι
1255 593 1391 666 πρὸς
1434 594 1645 647 ὄλισθον
1688 594 1960 660 ἀπωλείας

2064 598 2344 670 oppositas
2406 607 2701 670 potestates
2754 599 2986 655 obsedit.
3047 599 3181 654 Nam
3215 601 3472 671 quoniam
3527 603 3642 673 pri-

380 676 657 747 βαδίζειν,
720 680 858 752 μήτε
909 682 1141 754 χειμῶσι
1192 683 1294 755 τῆς
1366 684 1572 756 πλάνης
1631 685 1959 756 ριπίζεσθαο.

2064 703 2215 742 mum
2240 696 2443 743 terram
2480 696 2836 743 concusserat
2874 696 3180 757 peccatum,
3220 705 3512 762 resurgens
3533 690 3638 745 DO-

377 769 652 841 Μάρτυρα
677 771 735 826 δὲ
760 771 856 826 τοῦ
879 772 1036 842 λόγου
1065 775 1157 829 τὸν
1185 774 1454 847 μακάριον
1502 774 1711 830 Παῦλον
1751 776 1964 845 ἀγάγω-

2067 779 2247 834 minus
2277 786 2463 834 noster
2492 777 2652 834 Jesus
2680 776 2957 844 Christus,
2988 787 3048 833 ut
3078 779 3422 849 praedixerat,
3468 782 3640 837 stabi-

376 877 503 931 μεν,
551 861 781 931 λέγοντα
811 864 1030 929 ἁπλῶς·
1070 866 1174 920 Δεῖ
1211 867 1321 937 γὰρ
1364 866 1433 921 τὸ
1471 867 1733 937 φθαρτὸν
1785 869 1960 923 τοῦτο

2066 868 2183 923 livit
2222 870 2394 939 ipsam
2435 869 2580 939 ligno
2635 869 2818 924 crucis
2843 909 2857 934 ,
2917 885 2987 925 ne
3018 871 3130 926 ullo
3174 887 3414 942 unquam
3478 872 3632 942 lapsu

369 951 748 1010 ἐνδύσασθαι
780 956 1141 1025 ἀφθαρσίαν.
1177 959 1269 1013 Διὸ
1293 961 1385 1013 καὶ
1409 960 1439 1014 ὁ
1463 959 1767 1030 Ψαλμῳδδς
1790 959 1959 1029 λέγει·

2063 973 2308 1029 praeceps
2342 958 2395 1011 in
2431 957 2726 1027 perniciem
2761 967 2983 1025 rueret,
3011 974 3189 1031 neque
3229 960 3435 1015 erroris
3495 968 3636 1016 tem-

375 1041 659 1112 Ἕτοιμος
680 1048 714 1100 ό
738 1047 950 1114 θρόνος
988 1065 1105 1103 σου
1127 1049 1246 1104 ἀπὸ
1276 1052 1408 1106 τότε
1433 1066 1446 1080 ’
1473 1051 1591 1105 ἀπὸ
1618 1051 1725 1105 τοῦ
1749 1052 1964 1119 αἰῶνος

2062 1049 2366 1120 pestatibus
2400 1048 2720 1118 agitaretur.
2753 1048 2968 1103 Testem
3002 1065 3128 1105 vero
3182 1050 3455 1106 dictorum
3508 1065 3638 1121 pro-

371 1133 458 1187 σὺ
481 1135 557 1188 ετ·
600 1135 716 1200 καὶ,
759 1135 830 1190 Ἠ
865 1138 1156 1203 ,ϐασιλεία
1192 1155 1329 1208 σου,
1365 1142 1656 1207 ,ϐασεῑεία
1696 1142 1958 1210 αἰώνιος,

2062 1141 2327 1197 ducamus
2357 1140 2577 1194 beatum
2633 1137 2861 1193 Paulum
2907 1140 3140 1196 aientem
3175 1161 3188 1196 :
3226 1140 3445 1212 Oportet
3496 1143 3638 1196 enim

373 1224 512 1292 ἣτις
542 1226 615 1280 οὐ
653 1225 1142 1297 διαφθαρήσεται.
1175 1232 1287 1286 Kal
1343 1234 1504 1289 πάλιν
1524 1253 1536 1266 ·
1586 1235 1644 1290 Ἠ
1680 1234 1963 1299 βασιλεία

2062 1231 2401 1302 corruptibile
2430 1229 2526 1284 hoc
2557 1231 2770 1286 induere
2803 1230 3379 1299 incorruptibilitatem,
3411 1242 3461 1284 et
3498 1246 3639 1284 mor-

370 1332 518 1381 σου,
553 1316 847 1380 ,ϐασιλεία
888 1320 1131 1376 πάντων
1162 1322 1283 1377 τῶν
1319 1325 1569 1380 αἰώνων.
1615 1326 1723 1379 Καὶ
1772 1325 1955 1380 πάλινο

2062 1323 2164 1377 tale
2182 1322 2278 1376 hoc
2311 1323 2526 1376 induere
2557 1321 3013 1376 immortalitatem
3034 1320 3097 1373 ¹².
3132 1319 3363 1391 Ideoque
3388 1320 3635 1375 Psalmo-

383 1405 451 1458 ὐ
502 1407 719 1475 Κύριος
764 1410 1199 1477 ἐϐασίλευσεν,
1242 1414 1704 1485 ἀγηλλιασθήτω
1760 1418 1798 1484 ἡ
1856 1415 1957 1485 γῆ,

2062 1413 2296 1487 graphus
2326 1416 2423 1480 ait,
2460 1411 2668 1468 Parata
2688 1422 2768 1469 est
2796 1413 2941 1467 sedes
2972 1420 3067 1466 tua
3095 1427 3158 1466 ea:
3183 1421 3349 1477 tunc;
3379 1429 3410 1465 α
3439 1410 3636 1466 swculo

366 1497 887 1567 εὐφρανθήτωσαν
916 1502 1099 1572 νῆσοι
1132 1505 1376 1560 πολλαί.
1411 1506 1534 1560 ’Ότι
1569 1504 1717 1576 αὑτῷ
1756 1508 1788 1576 ἡ
1830 1506 1958 1571 δόξα

2062 1517 2112 1561 tu
2138 1524 2191 1562 es
2216 1507 2295 1559 u:
2322 1515 2396 1571 et,
2438 1504 2670 1576 Regnum
2702 1514 2868 1569 tuum,
2904 1521 3122 1575 regnum
3158 1505 3536 1573 sempiternum
3554 1501 3630 1568 “;

386 1588 485 1641 καὶ
516 1587 578 1641 τὸ
607 1590 830 1662 κράτος.
877 1593 1067 1665 Ἀμήν.
2046 1618 2054 1649 ι

2062 1597 2183 1666 mod
2214 1614 2317 1651 non
2344 1604 2707 1665 corrumpetur
2726 1595 2807 1659 “’;
2835 1604 2889 1650 et
2916 1595 3111 1649 iterum
3137 1636 3151 1658 ,
3187 1592 3422 1664 Regnum
3458 1604 3629 1656 tuum,

374 1699 590 1754 regnum
614 1687 850 1742 omnium
872 1690 1185 1744 swculorum
1206 1691 1280 1756 ¹⁶ς
1309 1705 1373 1747 ac
1390 1707 1621 1754 rursus,
1673 1691 1924 1746 Dominus
1969 1694 2200 1764 regnavit
2234 1736 2249 1760 ,
2273 1696 2501 1748 exsultet
2565 1702 2744 1757 terra;
2776 1695 3021 1748 laetentur
3073 1692 3265 1749 insula
3310 1691 3496 1747 multa:
3542 1684 3620 1752 ";

377 1777 521 1843 Quia
557 1778 662 1849 ipsi
699 1780 872 1852 gloria
900 1790 954 1839 et
985 1783 1248 1840 fortitudo
1280 1786 1555 1841 convenit.
1597 1786 1791 1841 Amen.

450 1931 538 1986 "l
569 1932 697 2011 por.
729 1951 819 2002 xv,
856 1937 944 1993 53.
1025 1939 1071 1971 ¹³
1094 1938 1240 1996 Psal.
1271 1955 1406 2011 seu,
1436 1941 1490 1996 2.
1570 1941 1613 1974 ιδ
1643 1939 1786 1996 l‘sal.
1819 1954 2001 2004 cxuv,
2034 1936 2120 1992 l5.

378 1932 538 2059 XC‘Y'II
567 1932 697 2059 for.
729 1951 819 2002 xv’
856 1937 944 1993 ὅδ’
1025 1939 1071 1971 ¹³
1094 1938 1240 1996 P331.
1271 1955 1406 2011 seu,
1436 1941 1490 1996 2.
1570 1941 1613 1974 ιδ
1643 1939 1786 1996 l‘sal.
1819 1954 2001 2004 cxuv,
2034 1936 2054 1990 l

2069 1938 2120 1992 '5.
2224 1936 2268 1967 ¹⁸
2302 1934 2438 1990 Dan.
2471 1949 2566 2001 xu,
2600 1933 2687 1988 l4.
2771 1934 2816 1966 “
2843 1932 2987 1991 Psal.
3016 1949 3199 2003 cntv,
3233 1935 3321 1992 15.
3412 1938 3452 1968 ’τ
3487 1935 3631 1994 Ps'al.

397 2186 3603 2227 Μ

1630 2348 1858 2435 ΤΟΥ
1966 2343 2344 2436 ΑΥΤΟΥ

651 2543 895 2658 ΕΙΣ
982 2543 1299 2659 ΤΗΝ
1373 2540 1675 2658 ΤΟΥ
1767 2539 2421 2657 ΧΡΙΣΤΟΥ
2527 2531 3349 2654 ΑΝΑΔΗΨΙΝ

1036 2757 1185 2814 ΤΗΝ
1214 2756 1642 2814 AEFOMENHN
1679 2740 1766 2829 Ta
1800 2754 2122 2828 enixam
2160 2753 2293 2811 ΤΩΝ
2322 2753 2798 2811 “umorem
2827 2752 2985 2809 sem

1591 2912 1734 2969 ἸἩΝ
1760 2910 2358 2967 ΕΠῙΣΩΖΟΜΕΝΗΝ.

1730 3237 2264 3331 EJUSDEM

982 3454 1138 3571 IN
1216 3446 2309 3568 ASCENSIONEM
2396 3442 3043 3565 CHRISTI

1193 3664 1361 3734 QUAS
1404 3664 1558 3722 DIES
1592 3662 1815 3721 FESTA
1876 3661 2400 3721 CAPPADOCIBUS
2430 3661 2640 3720 DICTA
2677 3659 2810 3717 EST

1774 3818 2155 3878 CONSECRA
2170 3819 2280 3875 ΤΑ.
2378 3833 2392 3846 ’

1639 3975 1900 4029 Francisco
1923 3977 1961 4024 Ζ
1966 3974 2044 4029 ino
2066 3975 2339 4039 interprete.

462 4286 553 4353 Ὦς
588 4287 795 4357 γλυκὺς
835 4286 1174 4360 συνέμπορος
1221 4287 1314 4343 τοῦ
1368 4287 1707 4360 ἀνθρωπίνου
1762 4286 1878 4357 βίου
1927 4286 1957 4339 ὁ
1982 4287 2029 4351 C

2128 4280 2302 4348 Quam
2332 4274 2509 4334 dulcis
2542 4272 2825 4329 hominum
2856 4283 3044 4326 comes
3074 4268 3340 4340 propheta
3366 4265 3538 4325 David
3578 4267 3635 4324 in

377 4380 667 4454 προφήτης
701 4380 883 4445 Δαϐὶδ,
923 4381 982 4436 ὲν
1015 4380 1215 4445 πάσαις
1240 4382 1361 4444 ταῖς
1387 4380 1523 4443 ὁδοῖς
1553 4379 1653 4450 τῆς
1689 4378 1834 4449 ζωῆς
1870 4376 1960 4430 εὐ-

2062 4372 2316 4430 omnibus
2344 4370 2469 4426 vitae
2496 4365 2823 4424 itineribus!
2866 4378 3031 4435 quam
3063 4372 3222 4434 aptus
3256 4361 3638 4433 spiritualibus

385 4453 713 4544 ρισκόμενος
738 4511 753 4535 ,
795 4470 890 4525 καὶ
920 4471 1123 4533 πάσαις
1143 4472 1263 4533 ταῖς
1301 4470 1695 4541 πνευματικαῖς
1720 4466 1961 4539 ἡλικίαις

2062 4465 2274 4523 cunctis
2298 4460 2585 4519 aetatibus!
2633 4472 2798 4530 quam
2837 4455 2989 4513 omni
3030 4453 3430 4527 proficientium
3456 4453 3637 4509 ordini

378 4556 713 4629 προσφόρως
750 4555 1248 4628 καταμιγνύμενος,
1305 4558 1502 4621 παντὸς
1540 4556 1817 4628 τάγματος
1852 4553 1961 4608 τῶν

2062 4555 2475 4625 conditionique
2512 4548 2835 4607 commodus
2866 4546 3182 4604 invenitur!
3219 4544 3357 4601 Cum
3386 4544 3516 4610 illis,
3543 4546 3637 4615 qui

382 4647 803 4718 προκοπτόντων
888 4647 1392 4719 συνεφαπτόμενοςι
1444 4648 1569 4711 Τοῖς
1631 4649 1773 4701 κατὰ
1829 4645 1961 4700 Θεὸν

380 4735 598 4807 νηπίοις
628 4735 955 4807 συμπαίζει,
988 4738 1102 4801 τοῖς
1126 4736 1350 4808 ἀνδράσι
1381 4735 1959 4805 συναγωνίζεται,παι-

381 4828 621 4897 δαγωγεῖ
638 4828 738 4898 τὴν
756 4829 1003 4900 νεότητα,
1024 4828 1375 4902 ὑποστηρίζει
1395 4830 1456 4882 τὸ
1480 4831 1675 4901 γῆρας,
1701 4830 1811 4892 τοῖς
1827 4829 1960 4881 πᾶσι

383 4922 563 4974 πάντα
594 4919 833 4989 γίνεται,
881 4920 1227 4992 στρατιωτῶν
1269 4919 1453 4985 ὅπλον,
1500 4920 1746 4991 ἀθλητῶν
1770 4920 1960 4974 παιδο-

376 5011 597 5084 τρίϐης,
623 5012 1050 5084 γυμναζομένων
1077 5012 1402 5085 παλαίστρα,
1429 5011 1703 5067 νικώντων
1764 5012 1961 5080 στέφα-

376 5117 494 5165 νος,
526 5101 908 5173 ὲπιτραπέζιος
934 5101 1262 5173 εὐφροσύνη,
1284 5101 1593 5172 ἐπικήδειος
1620 5100 1958 5172 παραμυθία.

375 5190 501 5246 Οὐκ
534 5191 649 5246 εστι
694 5210 748 5246 τι
795 5192 904 5248 τῶν
951 5193 1091 5247 κατὰ
1130 5194 1220 5247 τὸν
1264 5192 1376 5265 βίον
1416 5193 1575 5265 ἡμῶν
1606 5193 1706 5264 τῆς
1735 5194 1958 5265 χάριτος

371 5284 587 5356 ταύτης
634 5285 918 5357 ἀμέτοχον.
983 5287 1078 5352 Τίς
1120 5287 1426 5358 προσευχῆς
1472 5286 1718 5359 δύναμις,
1767 5283 1836 5359 ἧς
1886 5286 1963 5361 μὴ

2062 4649 2206 4721 apud
2241 4648 2408 4705 Deum
2441 4645 2593 4717 pueri
2621 4641 2967 4713 infantesque
3011 4648 3163 4705 sunt,
3198 4635 3444 4694 colludit.
3488 4632 3638 4691 Viris

2062 4740 2119 4795 in
2159 4737 2462 4796 certamine
2511 4742 2565 4791 et
2597 4747 2779 4807 pugna
2823 4747 2882 4788 se
2922 4730 3135 4787 socium
3189 4727 3413 4800 praebet,
3445 4724 3639 4797 juven-

2063 4840 2233 4887 tutem
2273 4826 2477 4894 erudit,
2514 4832 2855 4881 senectutem
2887 4820 3198 4886 confirmat,
3230 4817 3485 4874 omnibus
3516 4830 3646 4891 om:

2062 4922 2152 4977 nia
2185 4920 2265 4984 fit,
2300 4919 2538 4974 militum
2586 4929 2759 4978 arma,
2800 4912 3059 4982 magister
3083 4909 3353 4982 pugilum,
3382 4907 3638 4980 palaestra

2061 5011 2412 5077 certantium,
2442 5022 2648 5064 corona
2672 5006 2965 5070 victorum,
2996 5002 3050 5056 in
3071 5001 3336 5057 conviviis
3363 4999 3635 5064 hilaritas,

2063 5106 2119 5160 in
2167 5103 2359 5159 funere
2415 5101 2716 5173 lugentium
2784 5095 3110 5154 consolatio.
3171 5093 3334 5149 Nulla
3402 5091 3636 5161 denique

2063 5211 2190 5266 pars
2239 5194 2490 5249 humanae
2518 5192 2645 5247 vitae
2688 5190 2836 5246 illius
2872 5203 3096 5244 munere
3143 5194 3198 5242 et
3248 5184 3423 5257 gratia
3455 5190 3635 5238 vacat.

2064 5286 2324 5353 Quaenam
2356 5294 2441 5342 est
2473 5282 2803 5356 precationis
2850 5280 3083 5337 facultas
3122 5294 3284 5350 quam
3319 5275 3487 5331 David
3525 5288 3639 5330 non

376 5376 555 5431 Δαόὶδ
618 5380 1055 5450 συνεφάπτεται;
1112 5380 1197 5445 τίς
1250 5380 1441 5452 ἑορτῆς
1488 5379 1829 5451 εὐφροσύνη,
1889 5378 1965 5451 μὴ

2066 5375 2488 5434 subministret?
2535 5374 2668 5440 Quae
2709 5372 3003 5429 celebritas
3052 5368 3271 5432 laetitiae,
3315 5378 3479 5438 quam
3530 5377 3640 5419 non

374 5466 484 5521 τοῦ
547 5467 834 5539 Προφήτου
892 5470 1097 5540 ταύτην
1153 5469 1573 5542 φαιδρύνοντος;
1641 5470 1707 5523 Ὀ
1763 5468 1827 5541 δὴ
1871 5469 1966 5524 καὶ

2066 5477 2292 5526 exornet
2325 5465 2641 5537 Propheta?
2699 5466 2752 5520 id
2800 5461 2946 5536 quod
3002 5463 3058 5516 in
3086 5457 3376 5533 presentia
3423 5471 3642 5529 quoque

378 5558 484 5613 νῦν
533 5556 677 5612 ἔστιν
710 5560 837 5614 ἰδεῖν
858 5576 872 5590 ’
906 5560 989 5614 ὅτι
1025 5561 1120 5616 καὶ
1150 5559 1323 5625 άλλως
1358 5560 1598 5633 μεγάλην
1639 5563 1771 5634 ἡμῖν
1802 5557 1966 5615 οὖσαν
1997 5629 2027 5634 _

2068 5560 2194 5616 licet
2233 5559 2457 5616 intueri.
2494 5558 2824 5615 Hodiernam
2880 5555 3025 5611 enim
3056 5550 3451 5615 celebritatem,
3504 5548 3641 5605 satis

380 5654 485 5722 τὴν
521 5651 735 5725 ἑορτὴν,
773 5651 994 5724 μείζονα
1020 5652 1086 5707 δι’
1134 5653 1327 5708 ἑαυτοῦ
1360 5629 1408 5708 ’ὁ
1454 5629 1745 5727 “patrata;
1785 5653 1966 5724 ὲποίη·
1997 5629 2042 5686 D

2071 5668 2166 5724 per
2192 5668 2252 5709 se
2276 5668 2553 5723 magnam.
2582 5652 2699 5723 ipse
2732 5648 2995 5720 majorem
3022 5646 3206 5713 edicit,
3236 5643 3369 5700 dum
3394 5642 3473 5697 illi
3507 5656 3641 5711 gau-

386 5760 505 5810 σεν,
554 5744 878 5818 προσφόρως
926 5747 993 5817 τῇ
1042 5743 1293 5800 ὑποθέσει
1331 5746 1431 5819 τὴν
1473 5749 1537 5801 ὲκ
1581 5746 1689 5800 τῶν
1732 5743 1964 5816 ψαλμῶν

2070 5745 2221 5801 dium
2274 5759 2305 5801 e
2337 5744 2562 5817 psalmis
2611 5743 2860 5815 apposite
2910 5738 3179 5813 adiungit.
3234 5738 3300 5792 ιιι
3353 5748 3463 5790 uno
3497 5733 3641 5787 enim
