3930 6210
407 341 505 397 69!

1682 332 1737 384 S.
1771 329 2096 385 GREGORH
2133 329 2427 387 NYSSENI

3526 324 3632 383 699.

404 455 621 510 illorum
653 469 807 510 ovem
833 461 886 509 te
911 452 1068 524 jubet
1093 466 1235 517 esse,
1267 467 1386 521 qua:
1413 466 1442 504 a
1479 448 1589 505 Deo
1619 448 1883 517 pascaris,
1916 454 1969 501 et

2101 439 2855 513 ὐνεισενεγκὼνεὐφροσύνην.
2891 440 2977 491 Ἐν
3013 439 3109 510 μὲν
3140 438 3247 508 γὰρ
3278 436 3356 505 τῷ
3388 436 3482 502 ἐνὶ,
3504 442 3618 510 πρά

402 550 660 604 omnihus
703 548 969 603 bonorum
1000 545 1174 619 copiis
1216 544 1424 608 all'iuas,
1464 554 1521 597 ut
1558 544 1644 597 cui
1676 549 1730 595 et
1778 541 1967 603 herba,

404 647 460 693 et
501 638 779 707 pabulum,
824 646 879 691 et
931 650 1070 706 aqua
1102 634 1371 705 refrigerii
1421 632 1736 703 suppetat‘.
1767 629 1887 686 Tibi
1921 640 1974 685 et

405 731 610 797 cibum,
667 739 721 786 et
767 730 1199 793 tabernaculum,
1254 736 1309 783 et
1350 727 1514 791 viam,
1559 733 1612 780 et
1653 725 1869 785 ducem,
1920 730 1974 776 et

407 823 591 875 omnia
623 837 681 878 sc
706 822 907 891 praebet
934 827 1121 892 pastor
1145 819 1416 889 egregius,
1448 817 1791 886 gratiamque
1819 828 1972 869 suam

411 911 476 965 ad
506 926 720 967 omnem
768 927 927 967 usum
960 918 1083 980 apte
1116 908 1415 965 distribuit.
1448 906 1528 960 Ex
1571 906 1771 976 quibus
1801 905 1977 960 omni.

411 1002 515 1058 bus
562 1002 862 1058 Ecclesiam
908 1003 1149 1065 instruit,
1199 1007 1452 1069 oportere
1482 1005 1534 1052 te
1563 997 1797 1066 primum
1851 996 1975 1050 boni

410 1092 646 1161 pastoris
675 1107 830 1147 ovem
859 1090 972 1146 fieri
997 1105 1094 1161 per
1120 1090 1317 1143 bonam
1358 1084 1688 1141 catechesim
1714 1091 1768 1138 et
1797 1084 1979 1137 initia-

412 1184 617 1239 tionem
657 1183 726 1236 ad
769 1183 966 1237 divina:
1015 1181 1279 1236 doctrinae
1332 1191 1536 1248 pascua
1576 1176 1861 1247 fontesque
1889 1176 1982 1230 de-

2072 537 2235 590 ϐατόν
2264 554 2322 589 σε
2358 535 2565 589 κελεύει
2599 533 2854 602 γενέσθαι
2892 531 3042 601 παρὰ
3073 530 3164 583 τοῦ
3202 528 3337 582 Θεοῦ
3369 530 3631 599 ποιμαινό-

2077 644 2232 697 μενον
2254 665 2269 691 ,
2295 626 2389 680 καὶ
2420 625 2628 688 οὐδενὸς
2652 624 2760 677 τῶν
2789 622 3008 692 ἀγαθῶν
3031 622 3418 692 ύστερούμενον
3434 638 3447 647 ·
3478 614 3523 687 ᾧ
3547 620 3631 673 καὶ

2075 719 2181 772 πόα
2206 718 2396 789 νομῆς,
2442 717 2535 772 καὶ
2581 716 2723 787 ὕδωρ
2765 713 3141 775 ἀναπαύσεως,
3187 713 3281 766 καὶ
3312 710 3501 784 τροφὴ,
3544 713 3639 765 καὶ

2078 810 2269 879 σκηνὴ,
2317 809 2411 862 καὶ
2461 807 2665 877 τρίϐος,
2716 806 2810 860 καὶ
2843 805 3057 874 ὁδηγία,
3102 803 3196 856 καὶ
3223 802 3391 856 πάντα
3428 804 3643 872 γίνεται

2075 900 2103 951 ὁ
2163 897 2363 968 ποιμὴν
2409 899 2437 950 ὁ
2479 896 2637 959 καλὸς
2660 938 2673 959 ,
2702 895 2835 965 πρὸς
2888 896 3066 948 πᾶσαν
3094 894 3280 964 χρείαν
3311 894 3404 964 τὴν
3443 894 3642 947 ἑαυτοῦ

2078 988 2235 1059 χάριν
2292 986 2614 1058 προσφόρως
2675 985 3075 1055 καταμερίζων.
3135 984 3210 1036 Δι’
3265 978 3338 1038 ὧν
3390 985 3644 1038 ἁπάντων

2080 1077 2321 1130 παιδεύει
2379 1077 2476 1145 τὴν
2541 1076 2897 1146 Ἐκκλησίαν,
2963 1075 3045 1126 ὅτι
3109 1074 3214 1145 χρή
3272 1090 3330 1126 σε
3374 1073 3645 1143 πρόϐατον

2082 1170 2294 1240 πρῶτον
2313 1168 2566 1237 γενέσθαι
2587 1167 2679 1221 τοῦ
2710 1164 2874 1221 καλοῦ
2906 1165 3179 1236 ποιμένος,
3210 1164 3300 1218 διὰ
3322 1167 3417 1234 τῆς
3434 1164 3646 1233 ἀγαθῆς

413 1274 660 1339 ductum,
714 1281 775 1329 ut
812 1288 935 1327 eum
977 1270 1072 1326 illo
1102 1269 1383 1341 sepeliaris
1425 1284 1518 1337 per
1546 1268 1877 1338 baptismum
1928 1266 1980 1320 in

2101 1261 2435 1331 ιατηχήσεως
2480 1259 2615 1330 πρὸς
2661 1258 2759 1320 τὰς
2803 1257 2952 1320 θείας
2980 1257 3085 1310 τῶν
3110 1255 3445 1324 διδαγμάτων
3472 1255 3646 1325 νομάς

413 1376 663 1428 mortem,
723 1378 898 1435 neque
944 1372 1127 1418 tamen
1177 1371 1403 1418 mortem
1435 1360 1702 1430 ejusmodi
1733 1359 1986 1414 reformi-

2101 1371 2142 1407 ιε
2181 1355 2275 1407 καὶ
2314 1353 2493 1422 πηγὰς
2523 1350 2902 1419 ὁδηγούμενον,
2938 1350 3017 1411 εἰς
3047 1348 3106 1401 τὸ
3140 1346 3464 1416 συνταφῆναι
3496 1343 3649 1414 αὐτῷ

414 1456 564 1510 dare.
589 1455 705 1509 Non
724 1457 871 1511 enim
907 1469 1055 1509 mors
1084 1462 1168 1508 est
1193 1452 1319 1514 ista,
1352 1452 1448 1506 sed
1480 1450 1673 1505 mortis
1712 1450 1903 1504 umbra
1933 1455 1986 1502 et

2101 1444 2173 1497 ῑιὰ
2198 1443 2291 1496 τοῦ
2315 1440 2618 1513 βαπτισμοῢ
2644 1442 2721 1503 εἰς
2750 1440 2839 1492 τὸν
2861 1439 3105 1501 θάνατον,
3129 1438 3221 1489 καὶ
3249 1437 3323 1507 μὴ
3348 1435 3651 1505 φοϐηθῆναι

414 1544 891 1601 similitudo.Nam
918 1542 1342 1608 siambulavero,
1372 1543 1569 1612 inquit,
1602 1543 1657 1595 in
1688 1540 1857 1594 medio
1880 1556 1988 1593 um-

2101 1532 2178 1585 εὸν
2206 1529 2443 1584 τοιοῦτον
2487 1528 2730 1582 θάνατον.
2780 1526 2855 1578 Οὐ
2899 1524 3007 1593 γὰρ
3044 1523 3270 1585 θάνατος
3298 1517 3445 1584 οὗτος
3472 1521 3651 1584 ἐστιν,

414 1637 524 1694 bra:
557 1639 765 1705 martis,
796 1655 900 1692 non
938 1636 1149 1701 timebo,
1181 1645 1237 1688 ut
1278 1609 1500 1698 malum,
1536 1632 1590 1686 id
1622 1631 1760 1701 quod
1786 1630 1990 1685 accide-

2101 1620 2224 1674 Ξιλλὰ
2239 1620 2467 1674 θανάτου
2487 1618 2612 1672 σκιά
2628 1618 2720 1670 καὶ
2731 1615 3049 1684 ὲκτύπωμα.
3082 1612 3222 1670 Ἐὰν
3238 1612 3347 1683 γὰρ
3361 1609 3651 1679 πορευθῶ,

414 1731 505 1794 rit,
540 1731 789 1801 quoniam
825 1741 878 1783 ιιι
908 1746 1107 1783 mecum
1145 1745 1196 1782 es
1224 1729 1287 1781 ι’.
1328 1725 1533 1780 Deinde
1579 1724 1804 1795 spiritus
1833 1724 1987 1793 virga

2101 1710 2274 1782 φησὶν,
2315 1709 2570 1780 ἐνμέσῳ
2607 1706 2783 1770 σκιᾶς
2816 1705 3095 1766 θανάτου,
3127 1705 3198 1756 οὐ
3243 1700 3656 1769 φοϐηθήσομαι

414 1824 754 1877 consolatur.
815 1822 1052 1891 Spiritus
1111 1820 1256 1874 enim
1316 1818 1627 1873 consolator
1678 1823 1783 1871 est.
1845 1813 1983 1868 Tum

2208 1779 2412 1857 κακὸν(
2446 1801 2511 1855 τὸ
2566 1801 2912 1870 γινόμενον·
2961 1796 3049 1848 ὅτι.
3092 1793 3172 1848 σὺ
3214 1794 3341 1860 μετ’
3384 1788 3532 1858 ἐμοῦ
3584 1784 3653 1841 εἶ.

415 1929 658 1970 mensam
698 1913 979 1983 mysticam
1007 1911 1261 1981 proponit
1295 1924 1359 1963 ex
1384 1909 1614 1962 adverso
1649 1920 1850 1960 mensae
1874 1904 1985 1958 dae-

416 2018 638 2057 monum
673 2005 1020 2057 instructam.
1075 2001 1176 2056 Per
1222 1999 1588 2055 idololatriam
1634 1998 1778 2053 enim
1807 1997 1985 2051 homi-

417 2109 547 2147 num
597 2094 760 2148 vitam
789 2092 1098 2148 aﬂlixerunt
1136 2092 1433 2154 daemones,
1476 2089 1677 2159 quibus
1711 2088 1988 2143 contraria

416 2190 501 2237 est
535 2181 773 2253 Spiritus
801 2197 1009 2238 mensa.
1043 2182 1125 2236 Ad
1152 2181 1268 2236 haec
1293 2182 1412 2235 oleo
1443 2180 1668 2249 spiritus
1701 2186 1860 2247 caput
1887 2194 1989 2231 un-

418 2276 515 2345 git,
561 2281 614 2331 et
656 2277 866 2341 vinum,
915 2274 1061 2345 quod
1105 2275 1290 2329 laetitia
1344 2287 1439 2329 cor
1479 2272 1709 2333 afticit’,
1760 2269 1986 2332 addens,

420 2365 661 2420 sobriam
704 2366 852 2420 illam
885 2366 1069 2420 animo
1096 2365 1415 2420 ebrietatem
1460 2361 1656 2431 injicit,
1686 2371 1737 2416 et
1768 2376 1798 2415 e
1824 2360 1991 2414 cndu--

420 2457 501 2513 eis
545 2456 815 2527 fluxisque
843 2457 1007 2512 rebus
1044 2464 1279 2512 mentem
1307 2454 1470 2509 trahit
1514 2452 1579 2507 ad
1609 2451 1989 2522 sempiternas.

421 2548 631 2602 Etenim
661 2550 753 2618 qui
796 2549 887 2601 tali
910 2557 993 2603 est
1022 2546 1250 2603 affectus
1271 2546 1555 2607 ebrietate,
1588 2544 1804 2598 brevem
1826 2541 1990 2595 vitam

422 2656 544 2695 cum
598 2641 1005 2695 immortalitate
1060 2646 1378 2703 commutat,
1435 2646 1489 2691 et
1543 2637 1596 2689 in
1657 2632 1994 2704 longitudine

422 2731 635 2785 dierum
673 2730 880 2784 habitat
916 2732 968 2783 iu
998 2730 1160 2784 domo
1194 2729 1424 2783 Domini.
1450 2726 1574 2781 Haec
1604 2727 1760 2781 nobis
1799 2725 1855 2779 in
1886 2738 1994 2779 uno

422 2819 766 2874 Psalmorum
804 2820 1089 2889 elargitus.
1138 2818 1203 2873 ad
1241 2818 1499 2888 majorem
1529 2826 1581 2872 et
1617 2814 1992 2887 perfectiorem

426 2911 480 2963 in
503 2910 695 2973 altero,
729 2910 819 2978 qui
844 2910 1084 2978 proxime
1106 2910 1375 2977 sequitur,
1399 2909 1728 2976 voluptatem
1752 2906 1994 2960 animum

424 2999 645 3064 excitat,
696 2999 855 3068 cujus
888 3000 1210 3055 sententiam
1238 2998 1418 3062 vobis,
1459 2998 1505 3053 si
1538 2997 1771 3060 videtur,
1803 2995 1995 3066 paucis

2087 1891 2241 1947 Μετὰ
2281 1891 2453 1945 ταῦτα
2490 1888 2877 1960 παρακαλέσας
2921 1888 2987 1955 τῇ
3036 1883 3308 1954 βακτηρία
3341 1882 3433 1935 τοῦ
3476 1880 3658 1933 Πνεύ-

2092 2001 2290 2057 ματος·
2339 1984 2367 2035 ὀ
2415 1982 2522 2052 γὰρ
2564 1979 2909 2051 παράκλητος
2956 1976 3016 2028 τὸ
3075 1974 3299 2044 ΙΙνεῦμά
3349 1975 3492 2026 ἐστι·
3563 1971 3655 2041 τὴν

2091 2074 2356 2147 μυστικὴν
2390 2072 2678 2143 προτίθησι
2716 2068 3016 2141 τράπεζαν,
3050 2066 3146 2137 τὴν
3184 2065 3242 2131 ἐξ
3286 2064 3524 2118 ἐναντίου
3564 2064 3658 2131 τῆς

2088 2166 2194 2220 τῶν
2221 2164 2484 2235 δαιμόνων
2517 2161 2792 2233 τραπέζης
2820 2157 3248 2230 ἐτοιμασθείσαν.
3285 2158 3507 2209 Ἐκεῖνοι
3553 2155 3657 2224 γὰρ

2086 2262 2226 2338 ἦσαν
2252 2266 2301 2319 οἱ
2324 2265 2409 2319 διὰ
2436 2264 2534 2333 τῆς
2561 2259 3001 2331 εἰδωλολατρείας
3028 2258 3124 2327 τὴν
3148 2253 3290 2325 ζωὴν
3318 2250 3421 2302 τῶν
3450 2244 3659 2318 ἀνθρὼ-

2090 2374 2206 2412 πων
2237 2357 2605 2417 ὲκθλίὸοντες·
2639 2347 2712 2408 ὧν
2754 2352 2812 2417 ἐξ
2853 2349 3091 2405 ἐναντίου
3143 2348 3175 2416 ἠ
3207 2343 3302 2397 τοῦ
3347 2339 3657 2408 Πνεύματος

2091 2448 2355 2520 τράπεζα.
2399 2442 2532 2499 Εἶτα
2579 2444 2794 2517 μυρίζει
2822 2442 2926 2513 τὴν
2966 2436 3204 2510 κεφαλὴν
3245 2434 3320 2503 τῷ
3362 2431 3525 2500 ἐλαίῳ
3568 2427 3656 2481 τοῦ

2096 2540 2236 2594 Πνεύ
2245 2557 2433 2611 ματος,
2464 2538 2558 2591 καὶ
2582 2536 2833 2608 προσθεὶς
2857 2532 3003 2605 αύτῷ
3028 2527 3167 2584 οϊνον
3196 2528 3285 2581 τὸν
3306 2524 3401 2598 τὴν
3432 2522 3659 2593 καρδίαν

2094 2631 2470 2704 εὐφραίνοντα,
2515 2628 2615 2699 τὴν
2656 2629 2929 2699 νήφουσαν
2971 2623 3185 2690 ἐκείνην
3230 2616 3395 2689 μέθην
3440 2612 3660 2683 ἐμποιεῖ

2092 2728 2158 2795 τῇ
2185 2724 2355 2794 ψυχῇ.
2381 2724 2582 2793 στήσας
2604 2722 2730 2784 τοὺς
2748 2717 3039 2789 λογισμοὺς
3058 2713 3166 2767 ἀπὸ
3184 2711 3290 2763 τῶν
3313 2705 3550 2779 προσκαί
3557 2720 3660 2774 ρων

2095 2816 2231 2886 πρὸς
2244 2814 2307 2867 τὸ
2330 2815 2498 2869 ἀΐδιον
2514 2829 2527 2843 ’
2551 2815 2579 2866 ὁ
2598 2812 2704 2881 γὰρ
2726 2811 2825 2880 τῆς
2844 2807 3096 2877 τοιαύτης
3116 2802 3443 2872 γευσάμενος
3467 2796 3663 2865 μέθης,

2093 2901 2429 2972 διαμείϐεται
2471 2900 2565 2953 τοῦ
2604 2898 2891 2970 ὠκυμόρου
2933 2895 2993 2949 τὸ
3036 2890 3406 2958 ἀτελεύτητον,
3438 2887 3518 2947 εἱς
3571 2901 3664 2953 μα-

2096 2993 2334 3064 κρότητα
2362 2991 2586 3064 ἡμερῶν
2636 2991 2732 3060 τὴν
2758 2992 2815 3043 ἐν
2845 2988 2922 3059 τῷ
2947 2987 3079 3057 οἴκῳ
3102 2983 3193 3038 τοῦ
3223 2979 3357 3036 Θεοῦ
3385 2974 3662 3045 διαγωγὴν

425 3092 726 3162 explicabo.
764 3066 976 3146 Domini
999 3102 1075 3145 est
1107 3101 1247 3145 terra
1273 3100 1320 3145 et
1345 3088 1617 3158 plenitudo
1646 3088 1761 3158 ejus
1784 3088 1827 3141 ³.
1854 3085 1994 3153 Quid

2101 3084 2460 3155 παρατείνων.
2508 3082 2743 3137 Τοιαῦτα
2787 3082 2917 3152 ἡμῖν
2952 3080 3009 3130 ἐν
3050 3074 3126 3145 τῷ
3166 3075 3245 3127 ἐν).
3286 3070 3394 3124 τῶν
3433 3066 3665 3167 ψαλμιῖιν

428 3184 605 3253 igitur.
624 3182 750 3238 novi
782 3183 1068 3254 contingit,
1106 3183 1290 3245 homo,
1320 3181 1366 3236 si
1394 3179 1536 3235 Deus
1559 3189 1743 3234 noster
1772 3178 1825 3232 in
1849 3186 1992 3232 terra

426 3275 580 3331 visus
607 3283 713 3338 est,
777 3275 822 3330 si
856 3290 981 3330 cum
1032 3273 1346 3328 hominibus
1404 3271 1579 3325 vixit?
1624 3269 1744 3340 Ipse
1791 3277 1991 3323 terram

429 3366 633 3421 creavit
663 3372 718 3420 et
748 3365 1038 3425 eondidit.,
1064 3365 1244 3430 Quare
1275 3378 1373 3418 nec
1406 3360 1727 3417 inusitatum
1762 3373 1861 3414 nec
1896 3359 1994 3412 ab-

430 3454 656 3510 surdum
689 3463 793 3521 est,
843 3463 902 3509 ut
929 3455 994 3509 ad
1029 3454 1247 3524 propria
1281 3451 1546 3508 Dominus
1573 3450 1778 3507 veniat.
1810 3450 2026 3530 Neque,

429 3548 575 3604 enim
600 3548 659 3603 in
692 3547 825 3604 orbe
856 3553 1108 3603 versatur
1135 3545 1335 3607 alieno,
1370 3542 1464 3599 sed
1492 3543 1547 3597 in
1570 3557 1636 3599 eo
1687 3557 1850 3612 quem
1883 3543 1999 3612 ipse

432 3641 718 3698 constituit
764 3650 817 3697 et
843 3639 1140 3694 fabricatus
1159 3646 1263 3700 est.
1296 3637 1387 3707 qui
1410 3649 1575 3705 super
1597 3634 1768 3689 maria
1798 3643 1994 3689 terram

438 3732 682 3789 fundavit
709 3726 776 3787 et
822 3730 1019 3794 effecit,
1072 3736 1130 3784 ut
1183 3744 1341 3783 secus
1379 3725 1660 3781 ﬂuminum
1706 3725 1998 3779 decursum

431 3825 634 3894 optime
661 3823 924 3877 collocata
949 3828 1111 3877 esset.
1143 3819 1313 3887 Quam
1344 3826 1521 3872 autem
1560 3817 1877 3887 ob.causam
1906 3815 2001 3870 ad-

432 3914 601 3979 venit,
646 3913 753 3968 nisi
783 3921 842 3967 ut
870 3920 924 3968 te
955 3928 1018 3967 ex
1046 3912 1257 3981 peccati
1297 3909 1554 3978 voragine
1596 3908 1906 3970 liberatum,
1948 3913 2002 3960 et

433 4005 588 4077 regni
613 4018 859 4071 currum,
923 4004 977 4058 id
1011 4011 1116 4067 est,
1167 4000 1387 4055 virtutis
1440 3999 1745 4055 institutum
1792 3999 1845 4052 in
1884 3998 2002 4068 ipso

436 4112 667 4153 ascensu
699 4096 1069 4157 adhibentem,
1104 4094 1159 4147 in
1190 4100 1428 4146 montem
1461 4089 1790 4145 adduceret?
1817 4087 2004 4158 Neque

436 4190 579 4244 enim
609 4189 736 4245 licet
766 4188 821 4242 in
852 4194 1091 4243 montem
1142 4185 1295 4239 illum
1328 4181 1646 4243 ascendere.
1683 4181 1791 4235 nisi
1833 4181 2004 4234 virtu-

438 4287 523 4336 tes
555 4278 653 4333 tibi
686 4280 911 4334 comites
964 4276 1301 4347 adjunxeris,
1352 4280 1405 4329 et
1456 4273 1719 4329 innocens
1750 4271 2005 4327 manibus

437 4371 630 4437 fueris,
686 4380 739 4425 et
778 4371 928 4425 nullo
963 4370 1169 4425 scelere
1201 4369 1608 4438 coinquinatus,
1665 4365 1758 4420 sed
1800 4363 2004 4418 mundo

2098 3176 2480 3253 χαρισάμενος,
2509 3174 2644 3247 πρὸς
2685 3165 2903 3242 μείζονα
2930 3170 3023 3223 καὶ
3051 3164 3378 3235 τελεωτέραν
3404 3156 3666 3230 εὐφροσύο

2100 3286 2196 3339 νην
2217 3250 2277 3322 ἓν
2300 3267 2377 3337 τῷ
2398 3265 2524 3336 ἑξῆς
2557 3263 2755 3335 ψαλμῷ
2786 3262 2883 3332 τὴν
2916 3260 3089 3331 ψυχὴν
3120 3256 3426 3326 ὲπεγείρευ
3459 3251 3580 3315 καὶ,
3618 3250 3667 3302 εί

2101 3360 2266 3425 δοκεῖ,
2316 3360 2409 3413 καὶ
2447 3358 2636 3410 τούτου
2679 3356 2778 3427 τὴν
2819 3355 3054 3408 διάνοιαν
3097 3352 3225 3421 ὑμῖν
3272 3342 3666 3418 παραϐώμεθα,

2102 3452 2167 3505 δι’
2197 3450 2391 3519 ὀλίγων
2432 3449 2830 3521 ὲπιτεμόμενοι.
2871 3446 2982 3502 Τοῦ
3012 3444 3229 3512 Κυρίου
3268 3442 3306 3509 ἡ
3354 3439 3429 3509 γῆ
3473 3437 3570 3491 καὶ
3603 3436 3669 3488 τὸ

2105 3543 2393 3612 πλήρωμα
2419 3541 2627 3610 αὐτῆς.
2660 3540 2723 3593 Τί
2752 3534 2844 3593 οὖν
2888 3536 3089 3607 ξενίζῃ,
3133 3528 3177 3588 ὧ
3218 3532 3486 3602 ἄνθρωπε,
3531 3529 3580 3579 εί
3640 3526 3671 3577 ὁ

2105 3635 2235 3698 Θεὸς
2259 3633 2412 3705 ἡμῶν
2438 3632 2529 3686 ἐπὶ
2550 3632 2651 3703 γῆς
2673 3629 2848 3699 ὤφθη,
2878 3627 2972 3680 καὶ
2991 3628 3103 3687 τοῖς
3151 3621 3449 3694 ἀνθρώποις
3473 3634 3672 3670 συναν-

2106 3727 2353 3795 εστράφη
2371 3743 2384 3789 ;
2405 3723 2611 3793 κτίσμα
2632 3721 2739 3790 γὰρ
2762 3720 2968 3772 ἐκείνου
2986 3720 3018 3786 ἡ
3038 3716 3133 3784 γῆ,
3162 3714 3291 3767 διότι
3313 3710 3402 3764 καὶ
3428 3707 3667 3775 ποίημα.

2108 3816 2316 3873 Οὐκοῦν
2372 3816 2523 3869 οὐδὲν
2571 3813 2778 3875 καινδν,
2821 3811 2938 3864 οὐδὲ
2987 3808 3089 3872 ἔξω
3136 3806 3228 3860 τοῦ
3268 3803 3580 3876 πρέποντος,
3608 3798 3675 3849 τὸ

2109 3911 2188 3973 εἰς
2213 3909 2280 3962 τὰ
2306 3908 2411 3963 ίδια
2442 3907 2613 3962 ἐλθεῖν
2644 3907 2734 3958 τὸν
2762 3901 3057 3970 Δεσπότην·
3088 3899 3149 3951 οὐ
3192 3896 3300 3967 γὰρ
3326 3897 3382 3947 ὲν
3409 3890 3678 3960 ἀλλοτρίῳ

2110 4003 2313 4072 γίνεται
2367 4001 2573 4070 κόσμῳ,
2623 3998 2736 4051 ἀλλ’
2776 3996 2833 4049 ὃν
2884 3994 3043 4055 αὐτὸς
3083 3990 3466 4059 συνεστήσατο,
3509 3984 3536 4035 ὁ
3588 3983 3680 4035 ἐπὶ

2111 4092 2392 4148 θαλασσῶν
2441 4090 2772 4158 θεμελιώσας
2821 4087 2915 4158 τὴν
2961 4086 3082 4155 γῆν,
3115 4083 3208 4136 καὶ
3250 4080 3385 4150 πρὸς
3428 4075 3529 4146 τὴν
3573 4073 3682 4126 τῶν

2112 4181 2371 4253 ποταμῶν
2410 4180 2575 4234 δίοδον
2599 4178 2813 4251 εὔθετον
2851 4176 3017 4246 αὐτὴν
3058 4170 3197 4227 εἶναι
3228 4166 3678 4239 παρασκευάσας.

2126 4277 2293 4349 Ὑπὲρ
2320 4276 2460 4338 τίνος
2486 4268 2574 4327 οὖν
2601 4275 2634 4338 ἡ
2671 4269 2973 4341 παρουσία;
3008 4268 3122 4320 Ἵνα
3149 4281 3206 4316 σε
3246 4262 3354 4315 τῶν
3392 4257 3684 4349 βαράθρων

2113 4369 2210 4439 τῆς
2239 4348 2509 4438 ἁμαρτίας
2543 4360 2807 4427 ἐκϐαλὼν,
2832 4360 2924 4412 ἐπὶ
2943 4358 3001 4411 τὸ
3023 4358 3144 4428 ὄρος
3168 4354 3366 4423 ἀγάγῃ,
3407 4348 3687 4421 βασιλείας

439 4463 601 4518 corde
647 4463 714 4517 ad
764 4463 965 4516 nullam
1002 4461 1296 4515 vanitatem
1353 4458 1596 4512 animum
1636 4466 1789 4508 tuum
1834 4454 1994 4522 appli-

2110 4461 2344 4529 ὀχήματι
2389 4458 2525 4528 πρὸς
2566 4457 2661 4527 τὴν
2707 4454 2887 4508 ἄνοδον
2935 4454 2999 4522 τῇ
3048 4450 3167 4502 κατ’
3205 4444 3403 4518 ἀρετὴν
3443 4440 3688 4509 πολιτεία

439 4557 642 4618 cueris,
686 4568 785 4609 nec
819 4553 943 4608 dolo
968 4552 1276 4620 proximum
1318 4557 1468 4601 tuum
1510 4545 1807 4612 deceperis.
1839 4543 2006 4597 Istius

437 4663 704 4717 ascensus
738 4643 1017 4717 prtemium
1063 4650 1148 4697 est
1180 4639 1503 4701 benedictio,
1540 4636 1669 4691 huic
1711 4635 2005 4705 repositam

439 4734 585 4792 Deus
637 4730 1066 4790 misericordiam
1123 4729 1370 4799 largitur.
1435 4726 1563 4781 Haec
1615 4734 1691 4780 est
1741 4726 2008 4794 generatio

440 4828 787 4896 quwrentium
816 4841 953 4889 eum,
992 4837 1088 4893 per
1110 4822 1365 4876 virtutem
1395 4819 1446 4873 in
1486 4818 1719 4874 sublime
1746 4830 2012 4872 conscen-

398 4937 405 4944 ι
442 4918 708 4980 dentium,
745 4926 794 4971 et
818 4914 1160 4985 quwrentium
1195 4911 1387 4979 facient
1422 4908 1519 4965 Dei
1556 4907 1745 4963 Iacob.

2115 4549 2475 4620 χρησάμενον.
2540 4549 2613 4602 Ού
2674 4545 2781 4615 γὰρ
2826 4544 2968 4596 ἔστιν
3019 4540 3257 4595 ἀνελθεῖν
3310 4537 3403 4588 ἐπὶ
3450 4535 3513 4587 τὸ
3563 4534 3689 4602 ὅρος

2117 4637 2310 4698 ἐκεῖνο,
2361 4637 2408 4688 εί
2454 4635 2528 4707 μὴ
2571 4639 2691 4700 ταῖς
2736 4635 2957 4706 ἀρεταῖς
3006 4629 3373 4685 συνοδεύσειε·
3418 4626 3540 4686 ταῖς
3591 4623 3690 4691 μὲν

2116 4727 2300 4799 χερσὶν
2338 4726 2512 4791 ἀθῶος
2536 4725 2842 4795 γενόμενος,
2875 4724 2968 4777 καὶ
2993 4722 3229 4794 μηδεμιᾷ
3257 4716 3470 4787 πονηρᾷ
3492 4711 3690 4784 πράξει

2119 4817 2474 4889 ρυπούμενος,
2512 4816 2746 4886 καθαρὸς
2784 4816 2838 4868 δὲ
2868 4815 2932 4885 τῇ
2963 4812 3180 4884 καρδία,
3228 4808 3363 4880 πρὸς
3400 4806 3557 4860 οὐδὲν
3590 4804 3693 4884 μάῖ

2116 4924 2266 4961 ταιον
2306 4907 2403 4981 τὴν
2440 4904 2837 4989 ψυχὴηὲαυωῢ
2877 4904 3077 4976 φέρων,
3124 4901 3254 4973 μηδέ
3279 4916 3401 4953 τινα
3425 4897 3580 4950 δόλον
3617 4893 3691 4964 τῷ

443 5006 668 5077 πλησίον
713 5007 1123 5079 ἐξαρτυόμενος.
1151 5003 1366 5073 Ταύτης
1399 5003 1494 5074 τῆς
1532 5001 1845 5063 ἀναϐάσεως
1875 4998 2104 5054 ἕπαθλόν
2134 4999 2281 5053 ἐστιν
2341 5002 2374 5071 ὴ
2409 4987 2661 5067 εὐλογία’
2728 4998 2899 5066 τούτῳ
2936 4996 3120 5049 δίδωσι
3182 4993 3280 5063 τὴν
3315 4987 3689 5058 ἀποκειμένην

443 5099 807 5169 ἐλεημοσύνην
828 5100 857 5152 ὁ
875 5099 1097 5169 Κύριος·
1120 5098 1279 5163 Αὕτη
1300 5096 1469 5149 ἐστὶν
1488 5096 1527 5164 ἡ
1549 5095 1663 5150 τῶν
1683 5093 2012 5163 ζητούντων
2047 5091 2234 5148 αὐτὸν
2260 5091 2453 5163 γενεὰ,
2478 5092 2586 5145 τῶν
2627 5090 2691 5144 δι’
2726 5090 2926 5162 ἀρετῆς
2962 5089 3097 5160 πρὸς
3168 5085 3298 5155 ὕψος
3371 5080 3710 5136 ἀναϐαινὸνο.

443 5208 573 5251 των,
598 5190 693 5245 καὶ
725 5190 1059 5259 ζητούντων
1091 5190 1157 5243 τὸ
1186 5189 1508 5257 πρόσωπον
1536 5187 1644 5243 τοῦ
1672 5186 1819 5242 Θεοῦ
1867 5183 2080 5240 Ἰακώϐ.

517 5286 757 5358 Hujusce
786 5286 983 5357 psalmi
1017 5301 1144 5355 pars
1175 5285 1385 5354 reliqua
1417 5282 1647 5338 forsitan
1702 5280 2012 5349 evangelica

445 5379 609 5434 etiam
642 5393 774 5433 voce
802 5378 1160 5447 doctrinaque
1196 5375 1482 5431 sublimior
1527 5381 1631 5429 est.
1662 5372 1796 5426 Nam
1833 5372 2014 5425 Evan-

446 5470 647 5539 gelium
705 5468 921 5524 Domini
983 5468 1431 5524 consuetudinem
1491 5473 1543 5520 et
1598 5464 1787 5525 vitam,
1852 5474 2013 5531 quam

446 5561 558 5631 egit
588 5563 641 5615 in
671 5570 837 5626 terra,
871 5568 925 5615 et
953 5561 1073 5631 ejus
1106 5560 1339 5617 reditum
1368 5558 1424 5613 in
1448 5558 1647 5614 caelum
1679 5563 1886 5609 narrat.
1920 5551 2019 5608 Hic

2190 5270 2263 5325 Τὸ
2292 5269 2347 5321 δὲ
2385 5267 2579 5339 ἐφεξῆς
2606 5268 2703 5339 τῆς
2735 5268 3073 5339 ψαλμῳδίας,
3102 5265 3196 5318 καὶ
3224 5261 3392 5332 αὐτῆς
3420 5261 3567 5331 τάχα
3597 5259 3680 5326 τῆς

2120 5360 2476 5431 εὐαγγελικῆς
2517 5360 2862 5423 διδασκαλίας
2902 5361 3050 5413 ἐστὶν
3090 5356 3449 5427 ὑψηλότερον,
3478 5355 3553 5405 Τὸ
3590 5352 3677 5420 μὲν

2121 5455 2227 5523 γὰρ
2262 5448 2618 5516 Εὐαγγέλιον,
2652 5450 2748 5520 τὴν
2782 5451 2872 5501 ἐπὶ
2897 5449 2998 5519 γῆς
3035 5446 3129 5500 τοῦ
3164 5443 3363 5514 Κυρίου
3391 5437 3678 5523 διαγωγὴν,

2122 5522 2217 5600 αα).
2248 5542 2344 5613 τὴν
2381 5542 2722 5613 ἀναστροφὴν
2751 5542 3062 5613 διηγήσατο.
3122 5538 3180 5592 '0
3214 5530 3271 5585 δὲ
3301 5532 3500 5603 ὑψηλὸς
3537 5522 3686 5588 οὗτος

522 5737 540 5769 ¹
566 5735 708 5791 Psal.
741 5753 876 5803 nu,
905 5737 926 5789 l
964 5752 1082 5807 sqq.
1162 5739 1203 5768 “
1244 5735 1379 5792 Psal.
1415 5749 1545 5800 χιιι,
1576 5731 1626 5786 4.
1703 5732 1723 5763 ²
1757 5728 1901 5784 Psal.
1931 5744 1994 5783 cu

2101 5728 2161 5783 5.
2245 5727 2264 5759 ³
2290 5723 2434 5781 Psal.
2466 5737 2623 5789 xxiii,
2657 5720 2681 5775 l
2717 5735 2838 5792 sqq.

1870 6102 2199 6184 {\-
