3930 6210
350 242 554 303 693’

1481 238 1549 294 ΙΝ
1585 238 1863 296 CHRISTI
1888 233 2393 296 ASCENSIONEM.

3496 237 3601 293 696

354 361 662 433 προφήτης,
692 351 861 418 ἐκϐὰς
892 350 1053 417 αὐτὸς
1089 352 1299 421 ἐαυτὸν,
1330 353 1406 418 ὡς
1435 353 1501 409 ἂν
1532 356 1606 427 μὴ
1638 355 1922 427 βαρύνοιτο
1949 417 1950 422 η

2048 367 2205 414 intem
2221 362 2472 416 excelsus
2496 355 2767 429 Propheta
2784 371 2952 428 supra
2983 370 3043 412 se
3061 356 3241 428 ipsum
3281 355 3595 429 egrediens,

350 448 431 519 τῷ
479 445 717 517 ἐφολκίῳ
761 443 856 498 τοῦ
906 445 1179 515 σώματος,
1232 445 1326 500 καὶ
1373 448 1494 509 ταῖς
1538 448 1928 519 ὑπερκοσμίοις

352 539 647 609 δυνάμεσιν
688 536 881 591 ἑαυτὸν
914 536 1251 606 καταμίξας,
1276 536 1376 600 τὰς
1411 536 1634 591 ἐκείνων
1663 539 1793 610 ἡμῖν
1819 555 1931 607 φω-

357 629 454 691 νὰς
485 627 849 700 διεξέρχεται,
877 628 967 680 ὅτε
996 622 1481 699 προπομπεύουσαι
1520 626 1615 682 τοῦ
1660 629 1930 683 Δεσπότου

361 720 455 772 ἐπὶ
478 718 574 790 τὴν
604 716 852 783 κάθοδον,
873 716 1174 788 ἐπαρθῆναι
1204 717 1483 773 κελεύουσι
1504 719 1613 772 τῶν
1642 721 1934 790 περιγείων

360 808 628 878 ἀγγέλων,
646 805 755 860 τῶν
779 806 878 876 τὴν
907 805 1252 879 ἀνθρωπίνην
1283 807 1430 879 ζωὴν
1463 808 1929 880 πεπιστευμένων,

360 898 460 963 τὰς
484 898 744 964 εἰσόδους,
771 896 1046 965 λέγουσαιο
1079 899 1284 966 Ἄρατε
1312 900 1529 967 πύλας,
1547 902 1601 954 οι
1623 899 1930 969 ἄρχοντες,

360 991 549 1060 ὑμῶν,
582 990 681 1044 καὶ
706 988 1021 1059 ἐπάρθητε,
1055 990 1239 1043 πύλαι
1266 990 1508 1056 αὶὼνιοι,
1541 990 1641 1045 καὶ
1670 992 1937 1045 εἰσελεύ-

364 1098 535 1136 σεται
565 1084 599 1135 d
630 1080 929 1147 Βασιλεὺς
964 1078 1073 1148 τῆς
1099 1079 1306 1147 δόξης.
1338 1082 1447 1136 Kal.
1475 1080 1659 1152 ἐπειδὴ
1690 1084 1768 1145 είς
1806 1081 1834 1134 6
1870 1081 1935 1135 ἂν

366 1173 591 1244 γένηται
616 1174 645 1225 ὁ
667 1172 728 1225 τὸ
746 1173 854 1225 πᾶν
879 1173 936 1225 ἐν
961 1171 1139 1242 ἐαυτῷ
1164 1171 1453 1244 περιέχων,
1487 1173 1797 1245 σύμμετρον
1819 1174 1938 1228 ἐαυ-

365 1265 458 1318 τὸν
487 1262 567 1334 τῷ
593 1262 864 1334 δεχομένῳ
897 1265 1072 1316 ποιεῖ’
1099 1262 1160 1316 οὐ
1205 1263 1314 1335 γὰρ
1360 1263 1518 1336 μόνον
1548 1265 1605 1317 ἐν
1631 1264 1937 1336 ἀνθρώποις

366 1356 653 1427 ἄνθρωπος
682 1354 912 1422 γίνεται,
942 1353 1076 1408 ἀλλά
1132 1354 1273 1409 κατά
1301 1354 1362 1408 τὸ
1390 1354 1678 1410 ἀκόλουθον
1723 1354 1938 1417 πάντως

368 1447 462 1502 καὶ
501 1448 560 1500 ἐν
588 1445 841 1515 ἀγγέλοις
871 1445 1170 1516 γινόμενος,
1209 1445 1344 1516 πρὸς
1382 1445 1481 1516 τὴν
1512 1446 1735 1500 ἐκείνων
1777 1447 1938 1515 φύσιν

368 1537 562 1592 ἐαυτὸν
594 1536 930 1606 συγκατάγει
952 1552 964 1566 ο
999 1536 1088 1590 διὰ
1115 1535 1271 1590 τοῦτο
1304 1536 1592 1609 χρῄζουσιν
1621 1539 1672 1592 ot
1700 1536 1940 1609 πυλωροὶ

2031 457 2288 518 tanquam
2321 447 2569 517 corporis
2617 461 2784 501 onere
2818 446 2953 501 nihil
2987 453 3286 518 prematur,
3343 445 3509 502 infert
3542 459 3602 501 se

2031 537 2346 593 coelestibus
2383 537 2763 608 potestatibus,
2810 547 2864 593 et
2892 553 3056 594 voces
3084 553 3272 594 earum
3314 538 3474 594 nobis
3508 526 3604 594 ex.-

2030 626 2204 697 ponit,
2259 640 2385 681 cum
2436 628 2491 681 in
2524 626 2723 683 calum
2774 627 3090 682 redeuntem
3142 626 3431 683 Dominum
3472 628 3606 699 ipsa:

2033 719 2379 787 comitantes,
2427 721 2653 793 angelis,
2706 719 2803 790 qui
2838 727 3130 775 versantur
3159 720 3450 788 in_terris,
3482 719 3604 790 qui-

2033 809 2244 880 busque
2295 811 2353 865 in
2403 810 2697 865 humanam
2727 812 2895 865 vitam
2945 810 3229 882 ingressus
3274 814 3604 870 commissus

2033 908 2137 965 est,
2207 900 2476 970 imperant
2523 901 2591 954 ad
2635 899 2781 954 hunc
2832 899 3053 955 modum
3093 917 3108 953 :
3158 900 3346 955 Tollite
3400 910 3603 968 portas,

2034 990 2314 1059 principes,
2350 1000 2569 1054 vestras,
2607 998 2657 1043 et
2696 990 2993 1055 elevamini,
3030 999 3199 1059 porta:
3229 990 3525 1057 wternales,
3555 1001 3607 1046 et
3700 1025 3706 1031 -

2034 1080 2276 1135 introibit
2307 1080 2417 1135 Rea:
2445 1082 2649 1152 gloriae.
2692 1080 2758 1136 Et
2784 1081 3064 1151 quoniam,
3092 1083 3401 1154 ubicunque
3446 1083 3610 1139 fuerit

2037 1172 2147 1239 ille,
2184 1173 2276 1243 qui
2309 1174 2363 1227 in
2399 1174 2580 1244 seipso
2624 1175 2807 1228 omnia
2841 1174 3103 1240 continet,
3155 1188 3254 1245 pro
3306 1174 3610 1244 suscipien-

2036 1265 2168 1318 tinm
2206 1274 2370 1334 captu
2399 1279 2458 1320 se
2488 1265 2666 1334 ipsum
2697 1263 3016 1331 dimetitur;
3052 1278 3230 1335 neque
3262 1264 3407 1320 enim
3431 1265 3608 1321 solum

2037 1356 2180 1411 inter
2206 1355 2457 1410 homines
2504 1355 2667 1411 homo
2719 1354 2797 1419 ﬁt,
2853 1356 3231 1421 verumetiam,
3286 1354 3415 1409 dum
3471 1354 3614 1411 inter

2039 1447 2259 1516 angelos
2289 1455 2558 1511 versatur,
2605 1445 2672 1500 ad
2718 1446 2931 1500 illorum
2971 1453 3223 1501 naturam
3254 1460 3377 1502 sese
3412 1445 3612 1501 demit-

2040 1537 2143 1593 tit:
2176 1537 2381 1593 idcirco
2411 1544 2723 1592 narrantem
2762 1538 3024 1607 janitores
3046 1538 3423 1609 interrogant:
3479 1536 3611 1604 Quis

369 1630 463 1683 τοῦ
479 1627 803 1692 δεικνύντος
835 1628 929 1694 Τίς
953 1627 1122 1681 ἐστιν
1146 1623 1322 1694 οὗτος
1345 1631 1378 1682 ὀ
1400 1629 1699 1695 Βασιλεὺς
1724 1627 1831 1696 τῆς
1845 1628 1941 1681 δό-

2048 1641 2112 1684 est
2146 1631 2245 1685 iste
2272 1628 2382 1684 Rea:
2412 1630 2639 1700 gloriae?
2670 1627 3023 1699 Respondent
3054 1630 3188 1699 ipsis
3211 1627 3617 1685 demonstrant-

374 1722 521 1790 ξης;
554 1714 630 1775 Oh
663 1720 824 1791 χάριν
854 1720 944 1773 τὸν
982 1719 1238 1790 κραταιὸν
1282 1721 1462 1785 αὐτοῖς
1505 1721 1598 1775 καὶ
1629 1720 1852 1775 δυνατὸν
1885 1721 1941 1773 ἐν

2048 1737 2147 1792 que
2177 1720 2370 1777 fortem
2408 1728 2462 1776 et
2498 1727 2771 1791 potentem
2800 1720 2857 1775 in
2889 1719 3102 1790 prtelio,
3152 1719 3247 1789 qui
3277 1724 3617 1789 pugnaturus

377 1813 595 1883 πολέμῳ
618 1810 1044 1876 ὑποδεικνύουσι,
1067 1811 1157 1864 τὸν
1184 1810 1443 1881 μέλλοντα
1473 1810 1608 1880 πρὸς
1630 1812 1721 1865 τὸν
1744 1812 1943 1882 αἰχμα-

375 1899 673 1953 λωτίσαντα
702 1898 801 1969 τὴν
849 1897 1192 1969 ἀνθρωπίνην
1217 1898 1376 1968 φύσιν
1402 1899 1827 1971 συμπλέκεσθαι,
1850 1901 1947 1954 καὶ

375 1987 663 2042 καταλύειν
706 1986 797 2041 τὸν
842 1986 1031 2058 ἔχοντα
1080 1987 1174 2041 τοῦ
1227 1987 1456 2042 θανάτου
1494 1989 1553 2051 τὸ
1591 1991 1818 2062 κράτος*
1861 1991 1950 2045 ἵνα

375 2077 467 2131 τοῦ
497 2079 725 2148 ἐσχάτου
759 2076 955 2148 ἐχθροῦ
980 2077 1384 2146 ἀφανισθέντος,
1430 2081 1511 2143 είς
1548 2079 1858 2151 ἐλευθερίαν
1886 2096 1946 2132 τε

376 2169 474 2222 καὶ
502 2169 724 2240 εἰρήνην
749 2166 1024 2239 ἀνακληθῇ
1057 2167 1118 2221 τὸ
1149 2168 1505 2240 ἀνθρώπινον.
1547 2170 1716 2224 Πάλιν
1741 2170 1945 2242 διεξέρ-

377 2278 533 2332 χεται
557 2260 655 2325 τάς
682 2260 871 2331 ὁμοίας
898 2260 1102 2329 φωνάς’
1136 2260 1489 2332 πεπλήρωται
1510 2262 1617 2333 γὰρ
1640 2262 1741 2333 ’ήδη
1766 2263 1828 2316 τὸ
1853 2262 1947 2316 τοῦ

378 2353 613 2408 θανάτου
654 2354 947 2424 μυστήριον
970 2391 985 2416 ,
1019 2352 1114 2409 καὶ
1147 2352 1500 2425 κατώρθωται
1537 2354 1677 2408 κατὰ
1713 2353 1821 2411 τῶν
1859 2372 1952 2408 πο-

377 2443 589 2514 λεμίων
632 2448 666 2518 ή
698 2441 817 2513 νίκη
840 2483 855 2509 ,
892 2441 987 2495 καὶ
1018 2444 1313 2513 ἐγήγερται
1353 2442 1414 2495 τὸ
1452 2444 1570 2496 κατ’
1609 2443 1788 2498 αὐτῶν
1828 2445 1950 2516 τρό-

380 2551 544 2589 παιον
566 2536 596 2587 6
620 2533 866 2604 σταυρός’
894 2533 1003 2587 Καὶ
1028 2532 1214 2588 πάλιν
1236 2534 1418 2602 ἀνέϐη
1440 2537 1526 2600 είς
1545 2535 1722 2603 ὕψος,
1741 2539 1953 2607 αιχμα..

382 2624 657 2679 λωτεύίιη·
680 2621 797 2691 ἰὴν
830 2623 1265 2697 αἰχμαλωσίαν,
1294 2618 1327 2675 ’ὁ
1351 2624 1473 2687 δοὺς
1493 2625 1590 2695 τὴν
1615 2624 1761 2698 ζωήν
1778 2644 1838 2680 τε
1861 2629 1955 2682 καὶ

384 2717 484 2786 τὴν
512 2713 819 2786 βασιλείαν,
848 2712 916 2766 τὰ
948 2711 1126 2782 ἀγαθὰ
1153 2712 1325 2767 ταῦτα
1363 2714 1569 2784 δόματα
1595 2717 1707 2780 τοῖς
1746 2717 1956 2789 ἀνθρώ-

386 2823 529 2870 ποις.
576 2805 686 2861 Καὶ
731 2807 812 2861 δεῖ
856 2805 1015 2858 πάλιν
1058 2804 1368 2874 ἀνοιχθῆναι
1413 2805 1511 2870 τὰς
1557 2807 1956 2879 ὑπερκειμένας

386 2896 563 2960 πύλας
601 2895 771 2966 αὐτῷ.
818 2894 1435 2967 Ἀντιμεταλαμὸάνουσι
1481 2898 1581 2968 τὴν
1627 2899 1958 2972 προπομπὴν

387 2990 439 3042 οἱ
468 2988 725 3061 ἡμέτεροι
747 2988 1006 3057 φύλακες,
1038 2987 1135 3043 καὶ
1163 2987 1475 3066 ἀνοιχθῆναι
1499 2989 1646 3060 αὐτῷ
1666 2990 1765 3055 τὰς
1791 2992 1957 3064 ὑπερ-

391 3081 651 3151 κειμένας
672 3079 846 3144 πύλας
879 3078 1361 3151 παρακελεύονται,
1385 3080 1471 3135 ῐνα
1499 3080 1661 3136 πάλιν
1683 3084 1742 3136 ἐν
1772 3082 1961 3148 αὐταῖς

2044 1823 2161 1869 erat
2188 1820 2378 1869 contra
2406 1813 2583 1877 illum,
2615 1814 2708 1883 qui
2752 1821 3002 1867 naturam
3038 1814 3331 1867 humanam
3361 1811 3416 1866 in
3445 1811 3620 1868 servi-

2045 1910 2161 1958 tute
2222 1903 2489 1973 captivam
2545 1900 2839 1962 detinebat,
2901 1909 2955 1955 et
3006 1914 3298 1957 eversurus
3345 1914 3469 1954 eum
3525 1900 3619 1968 qui

2046 1993 2238 2049 mortis
2289 1987 2525 2049 habebat
2582 1991 2938 2065 imperium‘,
2998 1997 3058 2045 ut
3091 1989 3414 2062 gravissimo
3463 1988 3622 2044 hoste

2047 2094 2324 2154 superato,
2374 2097 2547 2153 genus
2582 2082 2863 2138 hominum
2895 2082 2951 2136 in
2993 2081 3298 2137 libertatem
3348 2087 3402 2135 et
3430 2092 3623 2150 pacem

2048 2175 2370 2230 vindicaret.
2407 2172 2647 2229 Rursum
2687 2172 2882 2241 repetit
2911 2171 3131 2229 easdem
3159 2185 3340 2226 voces.
3371 2169 3627 2240 Comple-

2050 2274 2165 2321 tum
2198 2267 2341 2322 enim
2366 2266 2479 2337 jam
2503 2273 2587 2322 est
2616 2265 2809 2320 mortis
2837 2262 3178 2334 mysterium,
3217 2269 3270 2317 et
3292 2260 3522 2316 victoria
3552 2259 3623 2316 dc

2053 2360 2307 2416 hostibus
2330 2367 2620 2429 reportata,
2649 2366 2703 2416 et
2723 2366 2914 2414 contra
2938 2358 3090 2427 ipsos
3122 2356 3417 2411 excitatum
3444 2352 3628 2409 crucis

2053 2462 2335 2518 tropaeum.
2378 2449 2624 2505 Ascendit
2661 2451 2715 2504 in
2738 2448 2926 2513 altum,
2962 2447 3222 2516 captivam
3238 2446 3432 2500 ducens
3454 2446 3631 2512 capti-

2053 2544 2266 2599 vitatem
2282 2543 2324 2607 ⁸,
2343 2541 2437 2612 qui
2457 2542 2644 2605 vitam,
2660 2547 2714 2595 et
2734 2554 2983 2610 regnum,
3002 2545 3057 2593 et
3074 2536 3339 2608 praeclara
3357 2535 3472 2591 haec
3486 2534 3630 2590 dona

2054 2614 2370 2686 hominibus
2393 2629 2606 2686 tribuit.
2627 2628 2899 2701 Imposita:
2923 2627 3002 2681 illi
3025 2641 3221 2681 rursus
3242 2620 3632 2694 patefacienda

2057 2732 2183 2779 sunt
2221 2730 2407 2792 portae.
2441 2722 2750 2777 Occurrunt
2786 2720 2837 2774 ei
2880 2718 3053 2773 nostri
3102 2715 3375 2781 custodes,
3411 2722 3466 2768 et
3497 2726 3628 2783 por-

2057 2821 2144 2867 tas
2163 2812 2356 2883 iubent
2384 2812 2611 2880 recludi,
2642 2819 2701 2867 ut
2729 2811 2786 2866 in
2812 2810 2945 2880 ipsis
2966 2822 3185 2865 rursum
3212 2805 3444 2883 gloriam
3477 2818 3634 2860 asse-

2060 2911 2279 2974 quatur.
2316 2901 2519 2959 Verum
2567 2919 2673 2959 non
2703 2908 3004 2980 agnoscunt
3028 2913 3176 2963 eum,
3223 2897 3316 2967 qui
3356 2893 3642 2952 sordidata

1985 3023 2029 3083 α
2063 2991 2188 3046 vitae
2237 2999 2439 3049 nostra:
2467 2992 2663 3047 stolam
2699 2990 2923 3046 indutus
2948 2995 3054 3053 est,
3106 2985 3264 3055 cujus
3308 2984 3481 3083 rubra
3508 2989 3637 3040 sunt

2064 3081 2392 3139 vestimenta
2440 3097 2506 3137 ex
2562 3081 2927 3135 humanorum
2982 3077 3251 3132 malorum
3303 3073 3635 3129 torculari‘.

390 3170 644 3244 δοξασθῇ.
687 3171 826 3225 Ἀλλ’
856 3170 1129 3240 ἀγνοεῖται
1159 3171 1189 3224 ό
1218 3171 1318 3243 τὴν
1356 3172 1608 3244 ῥυπαρὰν
1648 3173 1838 3245 στολήν
1867 3174 1950 3228 τοί

2062 3172 2251 3243 Itaque
2274 3186 2465 3228 rursus
2495 3169 2721 3225 comites
2743 3167 2863 3238 ejus
2900 3166 3127 3221 vocibus
3161 3163 3268 3220 illis
3303 3164 3639 3233 interrogan-

390 3264 664 3336 ἡμετέρου
708 3261 823 3334 βίου
869 3261 1314 3334 περιϐαλόμενος,
1352 3256 1413 3318 οῦ
1456 3263 1519 3317 τὸ
1564 3262 1815 3337 ἐρύθημα
1856 3264 1950 3319 τῶι

2064 3269 2175 3317 tur.
2217 3260 2349 3325 Quis
2381 3270 2459 3314 est
2485 3261 2584 3314 iste
2614 3256 2725 3313 Rea:
2768 3256 2999 3328 gloriae?
3029 3252 3413 3325 Respondetur
3457 3259 3639 3311 autem

395 3354 631 3426 ἱματίων
660 3355 725 3408 ἐκ
761 3354 862 3424 τῆς
900 3352 1061 3424 ληνοῦ
1088 3353 1197 3408 τῶν
1243 3353 1597 3427 ἀνθρωπίνων
1630 3356 1835 3411 κακῶν.
1869 3355 1950 3410 Διά

2066 3366 2177 3409 non
2207 3352 2480 3423 amplius:
2513 3349 2719 3416 Fortis,
2753 3356 2804 3404 et
2832 3355 3015 3417 potens
3056 3347 3110 3401 in
3144 3343 3370 3414 praelia:
3401 3341 3500 3398 sed
3535 3340 3641 3397 Do-

395 3445 556 3500 τοῦτο
578 3446 706 3517 παρ’
735 3444 957 3500 ἐκείνων
988 3447 1027 3516 ή
1052 3445 1439 3518 ἐρωτηματικὴ
1470 3446 1607 3518 αὕτη
1643 3449 1793 3518 φωνὴ
1833 3449 1950 3521 πρὺ‹

2067 3444 2251 3499 minus
2276 3443 2559 3507 virtutum,
2613 3440 2709 3513 qui
2757 3438 2948 3496 mundi
2981 3438 3344 3510 principatum
3386 3435 3640 3501 obtinuit,

396 3538 527 3601 τοὺς
562 3536 1047 3607 προπομπεύοντας
1090 3537 1320 3606 γίνεταιο
1363 3537 1459 3604 Τίς
1493 3537 1665 3593 ἐστιν
1706 3535 1885 3605 οὗτος
1936 3561 1950 3595 ι

2070 3536 2163 3606 qui
2192 3528 2503 3590 summatim
2530 3533 2713 3589 omnia
2738 3532 2795 3587 in
2826 3546 2886 3588 se
2912 3530 3151 3600 collegit,
3183 3528 3276 3601 qui
3300 3528 3356 3583 in
3386 3525 3643 3582 omnibus

402 3628 702 3695 Βασιλεὺς
752 3626 861 3695 τῆς
896 3626 1112 3695 δόξης;
1145 3624 1298 3693 εἶτα,
1333 3630 1367 3699 ή
1408 3627 1612 3682 τούτων
1657 3630 1970 3702 ἀπόκρισις,

404 3720 611 3786 οὐκέτι,
636 3721 690 3773 '0
719 3717 996 3788 κραταιὸς
1022 3717 1120 3773 καὶ
1145 3718 1402 3786 δυνατὸς
1426 3720 1498 3774 ἐν
1522 3721 1780 3791 πολέμῳ,
1813 3721 1970 3789 ἀλλὰ,

2071 3627 2278 3699 primas
2317 3632 2485 3689 tenet,
2532 3625 2624 3694 qui
2666 3622 2955 3694 pristinum
2989 3620 3047 3676 in
3093 3625 3294 3677 statum
3323 3624 3519 3673 cuncta
3552 3631 3642 3672 re-

2074 3719 2273 3784 stituit,
2304 3718 2422 3788 ipse
2446 3724 2530 3773 est
2559 3713 2672 3770 Rex
2701 3714 2903 3786 gloriae.
2939 3710 3199 3777 Cernitis,
3227 3707 3501 3781 quomodo
3533 3706 3646 3763 dul-

407 3812 614 3882 Κύριος
646 3810 754 3865 τῶν
798 3811 1099 3882 δυνάμεων,
1140 3812 1170 3864 6
1200 3810 1295 3865 τοῦ
1330 3812 1532 3878 παντὸς
1577 3813 1882 3885 ἐξημμένος
1912 3818 1950 3869 τί

2073 3810 2279 3866 ciorem
2332 3809 2493 3864 nobis
2555 3805 2926 3863 celebritatem
2977 3801 3147 3859 David
3202 3799 3459 3864 ell‘ecerit,
3518 3798 3646 3853 dum

416 3904 633 3973 κράτος,
667 3906 695 3959 6
718 3903 1200 3974 ἀνακεφαλαιώσας
1227 3903 1296 3957 τὰ
1329 3904 1504 3959 πάντα
1541 3905 1600 3958 ἐν
1629 3906 1826 3977 ἐαυτῷ,
1856 3910 1885 3961 6
1918 3910 1950 3960 ἐι

2076 3898 2337 3955 Ecclesia:
2367 3897 2627 3953 hilaritati
2651 3896 2881 3967 gratiam
2904 3893 3175 3949 immiscet
3207 3905 3384 3949 suam.
3415 3887 3648 3945 Proinde

417 3994 553 4047 πᾶσι
583 3995 890 4065 πρωτεύων,
918 3997 946 4048 6
987 3996 1065 4059 είς
1102 3995 1202 4067 τὴν
1240 3993 1461 4067 πρώτην
1489 3996 1665 4051 κτίσιν
1702 3998 1978 4053 ἀποκατα-

416 4087 617 4158 στήσας
638 4087 709 4140 τά
738 4087 914 4142 πάντα
935 4125 950 4152 ,
982 4086 1142 4150 αύτός
1166 4088 1311 4141 ἐστιν
1342 4089 1371 4140 ό
1405 4088 1664 4153 Βασιλεὺς
1682 4089 1779 4160 τῆς
1799 4089 1975 4161 δόξης.

2078 4005 2179 4047 nos
2203 3990 2355 4053 item,
2383 3997 2645 4061 quantum
2675 4000 2987 4057 possumus,
3026 3984 3302 4040 imitemur
3323 3979 3648 4049 Prophetam

2079 4081 2134 4137 in
2167 4080 2435 4137 charitate
2469 4093 2594 4150 erga
2628 4076 2821 4143 Deum,
2852 4078 2908 4131 in
2940 4072 3359 4131 mansuetudine
3389 4070 3535 4137 vita,
3590 4070 3649 4126 in

423 4184 617 4256 Ὁρᾶτε
648 4184 797 4249 ὅπως
837 4186 968 4256 ήμῖν
1004 4184 1339 4256 γλυκυτέραν
1376 4184 1474 4254 τὴν
1515 4182 1708 4255 ἐορτὴν
1747 4183 1776 4235 6
1816 4182 1950 4236 Δαὸὶ

2079 4172 2366 4229 tolerantia
2392 4184 2523 4242 erga
2549 4169 2671 4224 illos
2699 4167 2793 4238 qui
2824 4181 2926 4221 nos
2954 4165 3083 4220 odio
3131 4167 3558 4232 prosequuntur,
3594 4168 3651 4214 ut

410 4252 818 4344 ἀπειργάσατο,
859 4252 989 4347 τὴν(
1019 4252 1153 4329 ίδίαν
1198 4252 1469 4345 χάρινπῆ
1518 4252 1831 4343 φαιδρότητι
1881 4271 1949 4343 τῆ

2080 4265 2366 4337 Propheta
2402 4262 2653 4319 doctrina
2695 4260 2855 4315 nobis
2886 4256 2954 4313 ad
2985 4256 3135 4347 bone
3160 4252 3651 4347 beateque-viven-

425 4341 754 4436 ἐκκλησίας
800 4341 1467 4436 ἐγκαταμίξαςί-Ονὺκοῦνη
1485 4341 1853 4432 μιμησώμεθα

2048 4362 2059 4407 l
2085 4358 2218 4415 dum
2242 4357 2354 4413 dux
2388 4353 2761 4425 magistraqne
2801 4349 2895 4414 sit,
2927 4348 2985 4404 in
3011 4346 3234 4404 Christo
3265 4342 3397 4436 Iesu
3423 4341 3652 4399 Domino

413 4456 577 4525 ἡμεῖς
600 4434 691 4508 τὸν
720 4434 1030 4527 Προφήτην,
1065 4456 1123 4507 ἐν
1149 4448 1230 4517 οἷς
1256 4450 1475 4506 δυνατόν
1500 4451 1616 4504 ἐστι
1639 4448 1950 4521 κατορθῶσα

2086 4456 2298 4515 nostro,
2328 4447 2420 4503 cui
2453 4444 2627 4517 gloria
2653 4444 2711 4499 in
2740 4441 2940 4500 saecula
2969 4437 3317 4496 saeculorum.
3347 4434 3541 4527 Amen.

414 4551 518 4621 τὴν
548 4550 801 4621 μίμησιν,
839 4524 988 4619 ἐνντῇ
1008 4548 1144 4618 πρὸς
1168 4548 1299 4602 Θεὸν
1329 4548 1539 4619 ἀγάπῃ,
1558 4545 1626 4607 ἐν
1652 4546 1719 4617 τῇ
1742 4543 1839 4600 τοῦ
1869 4544 1984 4615 βίου
2023 4543 2311 4616 πρᾳότητι,
2344 4542 2403 4596 ἐν
2470 4541 2539 4612 τῇ
2609 4538 2746 4611 πρὸς
2774 4536 2901 4601 τοὺς
2939 4531 3227 4606 μισοῦντας
3267 4524 3652 4601 μακροθυμίᾳ·

417 4620 510 4698 ἵνα
533 4620 757 4715 γένηται
780 4644 815 4713 ἡ
854 4639 949 4697 τοῦ
978 4642 1261 4715 Προφήτου
1288 4641 1601 4697 διδασκαλία
1641 4639 1741 4710 τῆς
1776 4640 1918 4695 κατά
1947 4639 2079 4696 Θεδν
2106 4638 2379 4701 πολιτείας
2416 4634 2784 4709 χειραγωγία,
2815 4632 2876 4688 ἐν
2901 4626 3124 4703 Χριστῷ
3155 4624 3330 4695 Ἰησοῦ
3366 4621 3444 4693 τῷ
3470 4620 3657 4693 Κυρίῳ

419 4733 601 4806 ἡμῶν,
623 4729 668 4803 ᾧ
696 4735 731 4806 ἠ
754 4733 879 4801 δόξα
907 4736 987 4800 είς
1010 4737 1138 4800 τοὺς
1166 4736 1368 4799 αἰῶνας
1401 4735 1507 4789 τῶν
1535 4732 1764 4790 αἰώνων.
1816 4732 2006 4802 ’Λμήν.

494 4919 518 4952 ⁸
546 4917 682 4975 Heb.
720 4932 781 4984 ιι,
812 4918 901 4976 ﬂ.
966 4915 1154 4978 'Psal.
1179 4934 1353 4987 vau,
1388 4918 1475 4975 t9.
1550 4919 1572 4950 ⁸
1599 4917 1704 4974 lsa.
1745 4930 1897 4984 ιιιιι,
1926 4916 1983 4970 Ξ.
