3930 6210
304 308 307 313 ί
324 279 430 340 595

328 431 1435 463 Μ

1555 278 1612 334 S.
1644 277 1973 335 GREGORH
2015 275 2310 333 NYSSENI

3460 274 3565 333 (Ξθό

2172 450 2207 461 .-

2212 424 3531 461 W

1594 585 1820 672 ΤΟΥ
1907 584 2282 672 ΑΥΤΟΥ

580 821 587 827 ’
682 793 1212 919 ΛΟΓΟΣ
1318 804 1560 920 ΕΙΣ
1663 805 1869 923 ΤΟ
1964 803 2443 920 APION
2537 800 3213 921 ΠΝΕΥΜΑ.

1680 1205 2224 1297 EJUSDEM

894 1416 1434 1536 ORATIO
1518 1416 1702 1530 DE
1781 1417 2357 1533 SPIRITU
2436 1416 3003 1535 SANCTO

1416 1643 1597 1700 SHE
1641 1642 1730 1697 IN
1782 1641 2331 1701 PENTECOSTEN
2382 1642 2484 1716 (ι).

1270 1802 1554 1864 Interprete
1578 1807 1633 1851 et
1649 1802 1913 1852 scholiaste
1940 1799 2209 1851 Laurentio
2226 1798 2468 1864 Zacaguio
2488 1803 2548 1854 ν.
2600 1834 2628 1854 ..

1904 1990 1975 2000 -—-

397 2113 689 2181 Quodlibet
712 2112 924 2170 festivae
945 2115 1281 2173 celebritatis
1314 2127 1693 2190 argumentum
1727 2133 1823 2188 per
1852 2132 1903 2172 se

2086 2118 2274 2171 Πᾶσαν
2324 2118 2518 2189 ἑορτῆς
2555 2116 2812 2171 ὑπόθεσιν
2860 2112 3221 2185 φαιδροτέραν
3251 2114 3280 2166 ό
3317 2111 3482 2165 Δασὶδ
3520 2112 3594 2167 δι’

327 2206 444 2276 ipse
479 2206 747 2262 illustrius
772 2206 934 2261 ellicit
968 2205 1309 2273 David,dum
1344 2210 1726 2266 suavissimam
1758 2209 1905 2263 illam

326 2297 594 2352 citharam
628 2297 693 2352 ad
719 2298 795 2360 id,
819 2298 967 2367 quod
1000 2300 1123 2355 usui
1154 2308 1259 2364 est,
1297 2310 1421 2370 apte
1449 2315 1666 2369 semper
1695 2315 1908 2355 accom-

327 2390 532 2444 modat.
581 2387 927 2459 Quapropter
975 2390 1257 2461 sapientia:
1287 2393 1484 2449 fidibus
1529 2392 1764 2462 Spiritus
1795 2392 1908 2462 ple-

326 2489 447 2536 ctro
479 2480 732 2550 pulsatis,
764 2490 986 2536 cantum
1027 2482 1226 2547 edens,
1259 2483 1403 2538 idem
1443 2484 1600 2539 nobis
1632 2483 1907 2554 Propheta

327 2587 576 2641 magnam
608 2587 826 2642 quoque
860 2572 1211 2629 Pentecostes
1241 2573 1612 2629 celebritatem
1649 2573 1903 2629 illustret.

328 2662 483 2718 Dicat
514 2664 740 2733 proinde
766 2680 831 2721 ex
866 2665 1049 2719 divina
1083 2666 1175 2720 illa
1207 2667 1579 2722 modulatione
1612 2682 1711 2721 sua
1764 2666 1908 2736 psal-

328 2770 474 2808 mum
511 2755 661 2808 illum
696 2755 958 2810 hodierno
995 2754 1088 2811 Dei
1124 2755 1387 2812 beneﬁcio
1419 2772 1717 2825 congruum
1755 2776 1766 2811 :
1804 2756 1905 2810 Ve-

326 2847 452 2909 nite,
491 2846 813 2900 exsultemus
858 2844 1087 2900 Domino
1120 2847 1160 2899 ⁸.
1206 2845 1454 2901 Primum
1510 2856 1691 2902 autem
1741 2862 1908 2903 nosse

325 2944 539 3007 Oportet
577 2937 848 3007 quodnam
897 2938 970 2992 sit
1014 2938 1121 2992 hoc
1169 2937 1262 2993 Dei
1309 2938 1666 3003 beneﬁcium,
1710 2940 1907 2996 deinde

326 3029 597 3085 orationis
615 3035 937 3100 argumento
969 3028 1207 3099 aptanda
1238 3037 1367 3084 sunt
1384 3031 1549 3085 verba
1572 3031 1903 3101 prophetia;

328 3135 530 3191 perque
562 3134 659 3175 vos
691 3119 820 3173 mihi
852 3120 1031 3183 liceat,
1067 3136 1188 3190 qua:
1223 3121 1288 3175 ad
1326 3121 1441 3176 haec
1472 3123 1768 3193 pertinent,
1804 3125 1905 3179 ali-

325 3227 437 3281 quo
466 3212 658 3265 ordine
697 3225 796 3279 pro
834 3210 1050 3265 viribus
1085 3211 1379 3281 explicare.
1416 3211 1576 3267 Initio
1612 3214 1903 3268 aberrave-

326 3314 449 3359 rant
502 3303 753 3359 homines
786 3318 817 3357 a
865 3303 1180 3373 cognitione
1208 3304 1338 3368 Dei,
1376 3305 1679 3374 relictoque
1723 3320 1903 3360 rerum

324 3392 567 3447 omnium
615 3390 847 3446 Domino
871 3433 889 3459 ,
926 3393 1019 3446 alii
1062 3393 1254 3447 mundi
1302 3393 1557 3450 colebant
1596 3394 1902 3459 elementa,

326 3481 417 3536 alii
446 3481 723 3537 daemones
757 3482 1102 3538 venerandos
1133 3483 1451 3548 censebant,
1475 3484 1752 3554 plerisque
1777 3500 1907 3541 vero

324 3573 656 3629 manufacta:
699 3574 865 3630 etiam
915 3575 1339 3631 simulacrorum
1385 3576 1651 3648 imagines
1682 3577 1907 3631 numina

325 3678 449 3719 esse
468 3663 811 3731 videbantur,
843 3666 1043 3735 quibus
1072 3666 1317 3722 colendis
1347 3681 1492 3731 aras,
1524 3676 1578 3723 et
1606 3668 1826 3737 templa,
1853 3676 1907 3723 et

328 3769 520 3820 sacra,
550 3762 604 3810 et
631 3755 880 3812 victimas
900 3795 916 3821 ,
946 3764 1000 3811 et
1036 3756 1159 3811 fana
1180 3798 1194 3823 ,
1231 3764 1284 3812 et
1316 3757 1542 3813 delubra
1587 3759 1803 3829 aliaque
1851 3759 1905 3815 id

327 3860 498 3915 genus
528 3844 933 3900 dedicaverant.
988 3846 1246 3918 Benignis
1277 3848 1441 3918 igitur
1488 3850 1665 3905 oculis
1697 3858 1907 3906 natura:

332 3934 592 3990 Dominus
621 3945 933 4006 corruptam
968 3937 1251 3992 hominum
1283 3946 1535 3993 naturam
1565 3942 1827 4012 respexit,
1852 3949 1907 3998 et

328 4026 625 4080 humanam
662 4026 827 4081 vitam
863 4028 930 4083 ab
956 4043 1143 4084 errore
1166 4028 1234 4083 ad
1268 4029 1518 4086 veritatis
1539 4032 1902 4101 cognitionem

326 4120 656 4192 quibusdam
702 4122 859 4191 quasi
895 4122 1158 4193 gradibus
1200 4125 1497 4180 revocavit.
1534 4123 1902 4191 Quemadmo-

328 4213 458 4266 dum
500 4211 645 4267 enim
676 4212 770 4283 qui
798 4212 1058 4268 diuturna
1096 4213 1237 4268 fame
1264 4217 1549 4271 confectos
1578 4233 1645 4271 ex
1682 4217 1904 4272 medicae

330 4302 607 4360 lacultatis
634 4306 954 4376 praescripto
990 4306 1278 4371 reﬁciunt,
1308 4308 1622 4363 earumdem
1661 4309 1903 4363 imbecil-

327 4394 467 4449 litati
503 4397 936 4466 prospicientes,
967 4397 1113 4452 haud
1154 4399 1301 4454 illico
1343 4400 1424 4455 eis
1474 4401 1541 4456 ad
1595 4402 1903 4457 satietatem

328 4485 482 4541 cibos
509 4486 897 4557 suppeditant;
934 4488 1025 4543 sed
1058 4498 1411 4560 posteaquam
1438 4492 1585 4547 victu
1619 4492 1902 4547 moderato

326 4580 471 4635 vires
510 4590 923 4651 recuperarunt,
955 4587 1068 4635 tum
1103 4581 1320 4638 demum
1352 4584 1489 4654 ipsis
1519 4584 1585 4639 ad
1612 4584 1902 4640 arbitrium

327 4686 449 4727 sese
473 4671 760 4741 explendi,
808 4679 1130 4740 potestatem
1170 4673 1376 4730 faciunt
1413 4696 1425 4730 :
1469 4677 1550 4731 sic
1576 4676 1737 4730 etiam
1774 4692 1899 4731 cum

328 4759 600 4815 horrenda
637 4760 800 4815 veluti
831 4761 972 4817 fame
1001 4762 1299 4817 humanum
1334 4780 1505 4834 genus
1548 4766 1897 4835 absumptum

325 4860 509 4916 esset,
538 4854 923 4924 mysteriorum
971 4870 1154 4910 escam
1195 4856 1380 4910 divina
1412 4858 1521 4912 illis
1558 4856 1897 4927 providentia

326 4943 429 4998 hac
463 4943 674 4999 ratione
699 4944 1058 5016 dispensavit,
1090 4956 1150 5001 ut
1186 4948 1240 5002 in
1273 4948 1390 5003 dies
1423 4947 1704 5018 paulatim,
1736 4955 1900 5020 atque

398 5126 415 5156 ¹
456 5121 600 5180 Psal.
627 5138 771 5188 xcw,
811 5124 863 5178 l.

401 5279 477 5348 (l)
500 5278 796 5344 Genuum,
831 5277 917 5337 VI,
956 5276 1079 5348 (illi.
1127 5307 1196 5319 —
1218 5275 1407 5348 “Edita
1437 5284 1520 5348 est
1550 5275 1686 5348 _h:e_c
1728 5276 1903 5330 oratio

329 5344 522 5405 Latine
554 5357 766 5404 tantum
815 5362 882 5400 ex
919 5346 1169 5400 versione
1217 5344 1496 5400 Francisci
1548 5345 1668 5398 Zini
1711 5365 1722 5397 :
1777 5362 1900 5400 cum

331 5429 512 5472 autem
538 5417 728 5474 Graece
765 5418 1059 5471 haberetur
1093 5418 1143 5470 in
1176 5416 1354 5470 tribus
1408 5416 1750 5485 perantiquis
1796 5414 1904 5485 v.1-

331 5490 526 5543 ticame
563 5488 905 5542 bibliothecze
956 5486 1241 5540 codicibus
1288 5484 1517 5554 signatis
1564 5501 1718 5538 num.
1764 5484 1900 5554 7564,

335 5558 471 5611 H35
504 5558 742 5619 (41907,
770 5558 822 5611 in
850 5557 1051 5624 quibus
1082 5557 1265 5609 Omnia
1316 5555 1430 5609 fere
1469 5553 1715 5622 Gregorii
1758 5553 1899 5624 Nys-

330 5628 447 5678 seni
474 5642 637 5693 opera
678 5628 1052 5681 cnntincntur.
1089 5632 1454 5693 opportunum
1502 5624 1660 5678 nobis
1719 5625 1896 5677 visum

340 5705 444 5763 est,
489 5710 608 5750 cam
659 5711 876 5767 quoque
911 5696 1096 5750 Gnece
1124 5695 1285 5750 cdere
1311 5710 1376 5749 cx
1409 5693 1597 5748 codice
1640 5693 1800 5760 “'55,
1834 5694 1901 5747 ad

2009 2209 2203 2263 ἑαυτοῦ
2228 2209 2623 2280 ἀπεργάζεται,
2649 2209 2749 2279 τὴν
2772 2204 3167 2276 πολυαρμόνιον
3196 2203 3402 2274 ἐκείνην
3429 2204 3598 2257 κιθάο

2008 2318 2109 2373 ραν
2151 2301 2473 2373 προσφόρως
2498 2300 2584 2354 ἀεὶ
2609 2302 2674 2371 τῇ
2706 2298 2867 2369 χρεία
2901 2294 3389 2368 μεθαρμοζόμενος.
3431 2294 3593 2347 Οὐκ-

2005 2393 2100 2447 οῦν
2158 2394 2249 2447 καὶ
2287 2392 2386 2464 τὴν
2417 2393 2658 2464 μεγάλην
2687 2391 2787 2461 τῆς
2815 2386 3196 2459 Πεντηκοστῆς
3235 2386 3422 2456 ἑορτὴν
3456 2402 3598 2454 φαι-

2005 2484 2245 2556 δρυνέτω
2288 2487 2419 2555 ἡμῖν
2469 2486 2497 2538 ὁ
2530 2484 2694 2546 αὐτὸς
2730 2481 3045 2553 Προφήτης,
3082 2478 3161 2550 τῷ
3197 2479 3452 2550 πλήκτρῳ
3493 2476 3595 2530 τοῦ

2007 2574 2328 2646 Πνεύματος
2383 2576 2443 2629 ἐν
2491 2576 2611 2637 ταῖς
2642 2573 2876 2651 ,χορδαῖς
2922 2574 3020 2641 τῆς
3071 2570 3261 2639 σοφίας
3306 2568 3366 2621 τὸ
3421 2568 3599 2638 μέλος

2005 2666 2458 2737 ἀνακρουόμενος.
2493 2665 2714 2719 Είπάτω
2750 2662 2929 2717 τοίνυν
2971 2664 3035 2715 ὲκ
3089 2661 3192 2731 τῆς
3241 2660 3419 2713 ἐνθέου
3458 2660 3603 2729 μελ-

2006 2756 2173 2825 ῳδίας
2196 2757 2431 2827 ἐκείνης,
2453 2757 2514 2810 τὸ
2551 2758 2616 2826 τῇ
2652 2753 2904 2826 παρούσῃ
2937 2754 3120 2824 χάριτι
3152 2752 3457 2822 πρόσφορον
3487 2750 3601 2821 (Ξ),

2005 2849 2087 2902 ὃτι
2146 2847 2344 2909 Δεῦτε,
2394 2844 2894 2918 ἀπυλλιασώμεθα
2932 2842 3012 2909 τῷ
3059 2843 3272 2910 Κυρίῳ.
3318 2843 3607 2914 Πρότερον

2007 2940 2112 3012 χρὴ
2161 2940 2362 3009 γνῶναι
2401 2939 2499 3010 τὴν
2544 2939 2723 3009 χάριν,
2758 2938 2880 3007 ⁴ἣτις
2926 2934 3094 2999 ἐστὶν,
3139 2929 3239 2985 εἷθ’
3274 2931 3443 2994 οὕτως
3493 2931 3607 3002 τὴν

2008 3031 2344 3102 κατάλληλον
2371 3032 2437 3085 ἐκ
2466 3031 2566 3103 τῆς
2604 3028 2939 3101 προφητείας
2972 3024 3279 3097 ἐφαρμόσαι
3302 3026 3367 3093 τῇ
3396 3022 3606 3076 ὑποθέ-

2008 3141 2093 3178 ast
2125 3125 2310 3195 φωνήν
2336 3141 2349 3154 ·
2386 3124 2482 3178 καί
2526 3141 2616 3193 μοι
2650 3122 2787 3189 δότε,
2832 3118 3013 3182 καθὼς
3043 3110 3170 3191 ἂνῇ
3213 3114 3454 3175 δυνατὸν,
3509 3114 3608 3168 διά

2004 3234 2151 3281 τινος
2185 3215 2481 3271 ἀκολούθου
2512 3215 2720 3282 τάξεως
2753 3214 3081 3285 διασαφῆσαι
3110 3209 3201 3266 τὸν
3227 3211 3349 3282 περὶ
3381 3205 3606 3264 τούτων

2005 3309 2181 3378 λόγον’
2230 3308 2551 3378 Πεπλάνητο
2588 3309 2708 3362 κατ’
2741 3306 2915 3378 ἀρχὰς
2953 3308 3014 3360 τὸ
3050 3304 3408 3375 ἀνθρώπινον,
3452 3304 3609 3374 πρὸς

2009 3400 2107 3471 τὴν
2136 3400 2228 3453 τοῦ
2256 3399 2391 3453 Θεοῦ
2427 3398 2773 3469 κατανόησιν,
2815 3398 2912 3452 καὶ
2952 3396 3341 3458 καταλιπόντες
3371 3395 3461 3448 τὸν
3494 3395 3609 3466 τῆς

2011 3492 2240 3555 κτίσεως
2277 3491 2483 3562 Κύριον
2508 3530 2522 3553 ,
2551 3491 2601 3543 οί
2635 3490 2734 3561 μὲν
2767 3491 2880 3551 τοῖς
2923 3488 3017 3541 τοῦ
3063 3487 3266 3557 κόσμου
3309 3486 3608 3554 στοιχείοις

2006 3582 2072 3635 δι’
2116 3583 2335 3653 ἀπάτην
2360 3581 2436 3652 (3)
2476 3582 2816 3642 ὑπέκυπτον,
2856 3579 3005 3633 ἄλλοι
3035 3579 3090 3632 δὲ
3126 3579 3224 3649 τὴν
3260 3577 3364 3630 τῶν
3397 3577 3606 3644 δαιμό-

2008 3691 2114 3729 νων
2155 3674 2315 3745 φύσιν
2341 3672 2620 3727 ἐποιοῦντο
2671 3672 2994 3742 σεϐάσμιον,
3027 3669 3239 3733 πολλοῖς
3265 3666 3395 3723 δὲτὸ
3423 3666 3600 3720 Θεῖον

2007 3767 2181 3820 ἐδόκει
2210 3766 2304 3820 καὶ
2349 3767 2381 3836 ή
2421 3763 2796 3836 χειροποίητος
2835 3762 2943 3815 τῶν
2991 3761 3221 3815 εἰδώλων
3254 3757 3459 3831 μορφὴ,
3505 3752 3604 3823 οἷς

2012 3860 2182 3931 βωμοί
2209 3877 2288 3925 τε,
2315 3860 2411 3912 καὶ
2450 3859 2590 3921 ναοὶ,
2621 3857 2715 3912 καὶ
2750 3855 2998 3917 τελεταὶ,
3026 3854 3121 3907 καὶ
3155 3852 3351 3913 θυσίαι,
3381 3849 3478 3903 καὶ
3502 3867 3606 3904 τε-

2012 3953 2169 4023 μένη,
2211 3952 2304 4005 καὶ
2347 3949 2730 4021 ἀφιδρύματα,
2764 3947 2859 4000 καὶ
2891 3946 3067 3999 πάντα
3094 3943 3164 3997 τὰ
3198 3940 3419 3996 τοιαῦτα
3454 3944 3606 4011 παρ’

2006 4043 2185 4096 αὐτῶν
2248 4041 2521 4095 ἀνετίθετο
2577 4042 2655 4103 εἱς
2712 4037 3009 4110 θεραπείαν
3062 4035 3168 4088 τῶν
3221 4032 3606 4102 ψευδωνύμων

2007 4132 2164 4187 θεῶν.
2196 4128 2316 4186 Εἷδε
2345 4134 2521 4186 τοίνυν
2548 4131 2624 4201 τῷ
2648 4130 2745 4201 τῆς
2770 4126 3174 4197 φιλανθρωπίας
3194 4121 3457 4194 ὀφθαλμῷ
3491 4123 3606 4192 τὴν

2004 4225 2101 4294 τῆς
2126 4225 2342 4293 φύσεως
2364 4225 2473 4277 τῶν
2497 4222 2799 4293 ἀνθρώπων
2823 4218 3120 4289 διαφθορὰν
3137 4219 3165 4270 ὁ
3187 4215 3465 4283 Δεσπότης
3491 4213 3605 4282 τῆς

2005 4319 2250 4386 φύσεως,
2282 4317 2375 4371 καὶ
2419 4318 2507 4370 διά
2539 4332 2685 4379 τινος
2730 4311 3049 4372 ἀκολουθίας
3093 4309 3202 4362 ἀπὸ
3229 4307 3328 4375 τῆς
3379 4303 3609 4371 πλάνης

2004 4409 2266 4477 ἐπανάγει
2306 4407 2405 4478 τὴν
2438 4405 2785 4476 ἀνθρωπίνην
2829 4401 2970 4473 ζωὴν
3006 4400 3142 4470 πρὸς
3184 4397 3282 4469 τὴν
3325 4398 3422 4465 τῆς
3456 4392 3605 4462 ἀλη-

2004 4498 2153 4561 θείας
2179 4497 2492 4564 ὲπίγνωσιν.
2526 4496 2737 4564 Ὥσπερ
2763 4494 2869 4564 γὰρ
2894 4493 2943 4545 οἱ
2974 4492 3100 4553 τοὺς
3128 4490 3187 4540 ὲν
3216 4485 3363 4556 λιμῷ
3386 4483 3610 4554 χρονίῳ

2004 4588 2425 4659 συντετηκότας,
2471 4587 2610 4658 μετά
2637 4602 2785 4663 τινος
2816 4583 3063 4656 ἰατρικῆς
3105 4579 3416 4649 ἐπιστήμης
3450 4578 3609 4629 ἀνα-

2002 4680 2394 4751 λαμϐάνοντες,
2444 4679 2545 4732 οὐκ
2578 4676 2789 4748 ἀθρόως
2836 4675 2928 4728 ἐπὶ
2969 4673 3062 4726 τὸν
3107 4672 3268 4741 κόρον
3310 4666 3608 4738 προάγου-

2005 4788 2058 4824 σι
2091 4770 2203 4841 (Ᾱ),
2237 4770 2410 4840 φειδοῖ
2445 4772 2545 4840 τῆς
2590 4767 2875 4829 ἀσθενείας
2922 4763 3101 4819 αὐτῶν
3124 4779 3138 4794 ο
3182 4760 3319 4816 ἀλλὰ
3360 4758 3446 4811 διὰ
3488 4758 3611 4825 τῆς

2013 4864 2325 4935 συμμέτρου
2371 4860 2575 4933 τροφῆς
2614 4857 3017 4930 ἀναληφθείσης
3062 4855 3249 4917 αὐτοῖς
3293 4853 3393 4921 τῆς
3422 4849 3609 4902 δυνά-

2013 4970 2181 5025 μεως,
2212 4953 2333 5007 τότε
2383 4948 2725 5021 συγχωροῦσι
2772 4946 2893 5002 κατ’
2940 4944 3190 5010 ἐξουσίαν
3227 4936 3601 5013 ἐμφορεῖσθαι

2008 5277 2145 5330 alios
2172 5277 2391 5332 codices
2418 5277 2637 5337 collato,
2674 5273 2856 5327 addita
2912 5273 3140 5340 insuper
3178 5271 3435 5326 versione
3484 5284 3584 5324 no-

2007 5357 2143 5406 stra,
2172 5355 2229 5399 ut
2262 5348 2456 5401 melius
2474 5346 2674 5401 eruditi
2697 5344 3021 5414 dignoscere
3039 5341 3274 5411 possint,
3299 5357 3368 5396 an
3391 5341 3582 5413 genui-

2014 5432 2113 5472 nus
2136 5417 2218 5487 psit
2246 5416 2473 5487 Nysseni
2505 5416 2668 5470 fetus.

2076 5485 2152 5557 (Ξ)
2188 5485 2338 5540 Alius
2367 5488 2559 5549 Codex,
2585 5485 2889 5557 πρόσφορα.

2076 5552 2152 5626 (3)
2194 5556 2347 5609 Alius
2375 5557 2566 5620 codex,
2599 5554 2665 5607 δι’
2695 5552 2937 5626 ἀπάτης.

2079 5624 2154 5699 (ἆ)
2185 5627 2338 5681 Alius
2363 5626 2552 5688 codex,
2582 5624 2936 5693 προσάγουσι.
