3930 6210
236 276 334 331 697

1500 292 1586 347 DE
1628 293 1897 354 SPlRlTU
1931 296 2218 354 SANCTO.

3372 311 3476 368 €98

232 391 321 445 τοῦ
350 391 540 460 acopo-4'
572 394 717 448 κατὰ
753 394 845 448 τὸν
878 397 1041 451 αὑτὸν
1068 400 1269 473 τρόπον
1300 403 1379 476 τῷ
1410 407 1627 481 φοϐερῷ
1654 409 1771 482 λιμξ

1899 414 2091 471 ordine
2116 414 2488 485 proﬁcientes,
2518 418 2586 473 ad
2619 417 2973 489 perfectionis
3006 419 3224 478 tandem
3266 423 3474 493 apicem

231 485 322 553 τῆς
346 482 694 557 ἀνθρωπίνης
718 486 929 556 φύσεως
954 489 1372 567 δαπανηθείσης,
1396 503 1794 575 τεταμιευμένη

229 575 432 639 γίνεται
456 575 634 640 αὑτοῖς
655 579 805 649 παρὰ
829 580 928 648 τῆς
949 583 1310 657 οίκονομίαςή
1336 589 1434 659 τῆς
1458 590 1566 644 τῶν
1595 610 1798 664 μυστη-

227 665 355 735 ρίων
407 666 613 737 τροφῆς
665 671 958 738 μετουσία·
995 672 1138 728 ὥστε
1181 677 1270 732 διά
1316 683 1795 745 τινος.ἀκολούθου

1903 508 2269 577 pervenirent.
2322 509 2478 576 Quod
2518 512 2665 567 enim
2714 514 2872 569 nobis
2921 516 3147 569 salutem
3200 515 3473 584 impertit,

1902 594 2082 651 vitalis
2113 602 2197 650 est
2231 595 2325 650 illa
2358 598 2553 665 virtus,
2579 599 2632 653 in
2664 615 2829 670 quam
2857 601 2912 655 in
2946 603 3165 657 nomine
3192 601 3391 667 Patris,
3416 612 3472 658 et

1902 683 2045 749 Filii,
2084 695 2139 741 et
2174 687 2412 758 Spiritus
2451 691 2626 745 sancti
2658 691 2954 746 credimus.
2990 696 3058 746 At
3091 707 3215 747 cum
3249 701 3472 764 propter

223 754 430 819 τάξεως
457 758 540 810 ἀεὶ
569 757 631 810 τὸ
658 758 864 814 τέλειον
908 765 1455 836 προσλαμϐάνοντας,
1492 773 1666 838 οὑτως
1701 777 1771 829 ὲπ

1902 754 2667 836 animarum—imbecillitatem
2692 821 2707 846 ,
2744 797 2812 837 ex
2854 782 3088 852 quadam
3126 754 3290 837 veluii
3328 754 3474 839 fame

220 844 278 946 τὸ
307 845 493 946 πέρας
515 847 715 916 φθάσαι
743 851 841 922 τῆς
864 853 1217 926 τελειότητος.
1251 860 1323 913 Τὸ
1359 862 1455 932 μὲν
1482 864 1589 936 γὰρ
1624 866 1771 931 σῶζοε

1900 878 2259 938 contractam,
2294 871 2362 926 ad
2394 844 2803 943 percipiendum
2843 844 3329 946 mysterium'illud
3371 875 3469 929 hoa

222 938 364 1007 ἡμᾶς
389 941 422 1008 ἡ
460 939 720 1006 ζωοποιός
763 945 878 998 ἐστι
914 945 1162 1018 δύναμις,
1192 952 1250 1003 ὲν
1294 952 1513 1024 ὀνόματι
1558 957 1790 1028 Πατρὺς,

222 1030 311 1083 καὶ
350 1029 517 1094 Υίοῦ,
546 1033 642 1086 καὶ
674 1035 830 1103 ἁγίου
859 1038 1174 1109 Πνεύματος
1213 1046 1594 1120 πιστευομένη.
1636 1050 1696 1102 Oi
1736 1050 1791 1104 δὲ

220 1120 307 1173 τοῦ
340 1123 546 1187 παντὸς
568 1126 842 1196 ἀχὼρητοι
869 1128 956 1182 διὰ
981 1130 1081 1201 τὴν
1112 1135 1486 1208 γεγενημένην
1516 1138 1696 1203 αὑτοῖς
1726 1141 1791 1194 ἐκ

219 1211 310 1266 τοῦ
353 1213 518 1284 λιμοῦ
566 1217 674 1271 τῶν
712 1218 898 1289 ψυχῶν
949 1221 1265 1290 ἀσθένειαν,
1301 1227 1562 1299 πρότερον
1597 1232 1660 1284 ὲκ
1689 1232 1789 1301 τῆς

221 1303 507 1371 ¹τιολυθεεῖας
535 1307 640 1361 ὑπὸ
668 1310 777 1363 τῶν
804 1313 1096 1383 προφητῶν
1126 1332 1208 1379 τε,
1239 1318 1334 1370 καὶ
1374 1317 1468 1371 τοῦ
1496 1321 1660 1392 νόμου
1693 1340 1787 1392 με·

218 1396 554 1461 τατεθέντες,
584 1401 665 1464 είς
700 1401 829 1471 μίαν
865 1403 1091 1473 θεότητα
1122 1405 1340 1476 βλέπειν
1372 1410 1660 1477 ἐθίζονται,
1692 1415 1788 1467 καὶ

218 1485 272 1536 ὲν
293 1486 359 1555 τῇ
399 1487 502 1557 μιᾷ
529 1487 742 1559 θεότητι
772 1490 940 1561 μόνην
966 1493 1064 1564 τὴν
1090 1495 1184 1548 τοῦ
1210 1496 1419 1567 Πατρὸς
1444 1499 1670 1571 δύναμιν
1698 1520 1788 1556 κα-

216 1576 512 1640 τανοοῦσιν,
543 1579 838 1652 ἀχὼρητοι,
860 1584 1042 1649 καθὼς
1079 1583 1250 1653 εἷπον,
1274 1590 1424 1654 ὄντες
1442 1592 1541 1663 τῆς
1575 1593 1786 1658 τελείας

1897 960 2073 1015 mines
2112 976 2454 1033 nequaquam
2483 975 2667 1020 essent
2698 965 2903 1030 idonei,
2935 982 2965 1020 a
2990 967 3289 1021 multorum
3317 968 3470 1037 prius

1898 1049 2127 1107 deorum
2161 1054 2313 1108 cultu
2345 1069 2443 1123 per
2475 1057 2801 1127 prephetas,
2833 1066 2887 1112 et
2917 1059 3089 1129 legem
3116 1059 3197 1114 sic
3225 1058 3468 1113 revocati

1897 1147 2046 1201 sunt,
2078 1148 2138 1195 ut
2173 1157 2335 1196 unam
2369 1158 2593 1200 cernere
2631 1147 2993 1214 divinitatem,
3022 1156 3075 1203 et
3106 1149 3160 1202 in
3199 1163 3306 1203 una
3331 1147 3471 1202 divi-

1896 1232 2065 1287 nitate
2103 1233 2273 1287 solam
2304 1233 2484 1290 Patris
2527 1239 2823 1305 potentiam
2856 1253 3153 1308 agnoscere
3181 1252 3469 1294 assuesce~

1894 1331 2046 1389 rent,
2078 1325 2278 1394 quippe
2320 1327 2414 1395 qui
2464 1327 2730 1391 solidiori,
2778 1336 2837 1382 ut
2873 1328 3152 1396 diximus,
3203 1329 3326 1383 cibo
3357 1343 3466 1382 non

1893 1423 2076 1469 essent
2108 1416 2308 1470 idonei.
2337 1416 2540 1472 Deinde
2575 1434 2713 1488 quos
2734 1418 2799 1473 ad
2829 1420 3130 1489 pleniorem
3160 1418 3466 1474 divinitatis

1892 1505 2256 1577 cognitionem
2291 1508 2374 1563 lex
2404 1520 2825 1579 praeparaverat,
2854 1512 2921 1566 iis
2955 1512 3229 1567 revelatus
3261 1520 3344 1566 est
3369 1526 3466 1580 per

1890 1595 2238 1669 Evangelium
2263 1601 2576 1670 unigenitus
2593 1601 2796 1662 Filius:
2822 1618 2884 1659 ac
2901 1612 3181 1675 postremo
3199 1604 3361 1659 datus
3378 1612 3463 1659 est

213 1670 436 1767 τροφῆς.
474 1667 607 1725 Εἶτα
646 1673 735 1727 διὰ
766 1674 860 1729 τοῦ
910 1678 1242 1747 Εὑαγγελίου
1283 1682 1378 1736 καὶ
1414 1685 1443 1737 ὁ
1492 1687 1771 1758 μονογενὴς

1890 1667 2347 1760 ηοῦῐέροτῐεοιυε
2367 1667 2581 1749 natura:
2597 1702 2797 1751 nostrae
2817 1667 2996 1762 cibus,
3020 1697 3073 1751 in
3092 1711 3201 1767 quo
3225 1696 3336 1750 vita
3352 1702 3459 1761 est,

215 1760 340 1822 Υἱὸς
372 1762 454 1831 (5)
482 1764 592 1827 τοῖς
622 1763 713 1817 διὰ
739 1766 830 1819 τοῦ
860 1770 1026 1839 νόμου
1064 1773 1608 1844 προτετελειωμένοις
1646 1779 1771 1832 ἀπο·

1884 1778 2125 1850 Spiritus
2153 1792 2398 1839 sanctus.
2428 1782 2543 1840 Hoc
2570 1786 2849 1843 hodiernae
2891 1760 3227 1843 celebritatis
3258 1793 3342 1841 est
3368 1760 3460 1841 ar?

216 1851 578 1920 καλύπτεται,
616 1856 756 1926 μετὰ
782 1858 940 1913 τοῦτο
978 1863 1340 1933 παραγίνεται
1369 1867 1499 1936 ἡμῖν
1527 1869 1561 1938 ἡ
1600 1868 1771 1924 τελεία

1877 1880 2197 1941 gumentum
2221 1891 2235 1937 ;
2263 1875 2620 1943 quamobrem
2642 1891 2856 1947 aequum
2880 1885 2985 1941 est,
3012 1885 3213 1932 utcum
3237 1875 3305 1930 ad
3329 1876 3456 1930 cho~

210 1944 310 2037 τῆς
343 1946 558 2037 φύσεως
582 1948 738 2019 ἡμῶν
766 1951 961 2023 τροφὴ,
996 1953 1057 2006 τὸ
1096 1954 1322 2026 Πνεῦμα
1351 1957 1413 2011 τὸ
1436 1958 1612 2026 ἅγιον,
1648 1961 1706 2015 ὲν

1879 1978 1971 2019 ros
2006 1965 2061 2019 in
2103 1968 2279 2021 sancti
2330 1968 2569 2037 Spiritus
2602 1944 2895 2025 festivitate
2927 1968 3285 2024 celebrandos
3329 1983 3457 2023 con«

215 2034 357 2130 ἐστιν
379 2034 575 2130 ὴῄζωή.
600 2037 748 2111 Αὕτη
778 2041 876 2130 τῆς
902 2043 1095 2114 ἑορτῆς
1118 2046 1152 2115 ἡ
1181 2046 1456 2111 ὑπόθεσις·
1482 2050 1570 2103 διὰ
1609 2051 1771 2107 ταῦτα

1879 2057 2193 2114 venerimus
2214 2097 2231 2123 ,
2272 2034 2575 2126 spiritualis
2607 2062 2773 2130 hujus
2804 2061 2958 2115 chori
2996 2060 3228 2130 principi
3264 2057 3459 2113 Davidi

213 2124 387 2188 καλὼ
413 2125 550 2197 ἔχει,
586 2129 851 2199 χορευτὰς
878 2133 1025 2202 ἡμᾶς
1052 2137 1371 2205 γενομένους
1401 2139 1496 2192 τοῦ
1527 2141 1771 2212 Πνεῦμα-

1878 2161 2208 2216 pareamus,
2253 2150 2489 2216 dicenti,
2546 2152 2761 2218 Venite,
2806 2154 3130 2207 exsultemus
3190 2152 3458 2216 Domino;

207 2233 315 2281 τος,
349 2219 631 2274 πείθεσθαι
662 2220 742 2292 τῷ
778 2224 1063 2295 κορυφαίῳ
1104 2227 1203 2295 τῆς
1240 2232 1613 2302 πνευματικῆς
1644 2234 1771 2287 ταὺ·

1880 2238 2136 2294 Dominus
2166 2250 2364 2305 autem,
2396 2252 2454 2297 ut
2500 2243 2676 2313 inquit
2704 2246 3023 2313 Apostolus.
3053 2244 3285 2310 Spiritus
3308 2254 3386 2298 est
3414 2246 3455 2301 ⁹.

207 2327 301 2406 της
322 2307 400 2379 (6)
431 2310 814 2406 χρροστασίας-
848 2313 1013 2406 demo
1075 2314 1153 2386 τῷ
1180 2316 1425 2386 λέγοντι·
1483 2321 1682 2387 Δεῦτε,
1740 2324 2233 2398 ἀγαλλιασολιιεθα
2276 2330 2354 2396 τῷ
2403 2307 2616 2400 Κυρίῷο
2668 2335 2722 2387 Ὁ
2754 2307 2833 2388 ’δὲ
2868 2307 3183 2404 Κύριος-τὸ
3224 2335 3460 2406 πνεῦμά

205 2397 345 2462 ἐστι,
375 2399 567 2465 καθώς
600 2417 760 2471 φησιν
791 2404 821 2455 ὁ
860 2402 1201 2470 ’Δπόστολος.

268 2491 524 2562 Σήμερον
549 2491 656 2563 γὰρ
680 2493 818 2548 κατὰ
844 2494 944 2566 τὴν
974 2498 1187 2570 ἐτήσιον
1209 2500 1305 2556 τοῦ
1344 2502 1498 2569 ἔτους
1531 2507 1771 2578 περίοδον

1953 2507 2127 2563 llodie
2167 2511 2313 2564 enim
2347 2519 2639 2567 transactis
2666 2551 2682 2578 ,
2708 2521 2864 2581 juxta
2912 2514 3080 2569 annui
3114 2515 3266 2571 orbis
3312 2524 3455 2573 stata

204 2581 295 2675 τῆς
331 2586 711 2656 πεντηκοστῆς
756 2589 1277 2665 συμπληρουμένης,
1322 2597 1465 2650 κατὰ
1496 2599 1596 2668 τὴν
1627 2598 1771 2670 ὤραν

1882 2608 2124 2672 tempora
2145 2641 2159 2665 ,
2190 2603 2584 2675 quinquaginta
2626 2620 2657 2659 a
2684 2602 2971 2661 Paschatis
3013 2606 3306 2662 festivitate
3336 2608 3455 2663 die-

204 2674 419 2744 ταὺτην,
447 2675 561 2743 είγε
583 2679 710 2747 περὶ
726 2679 824 2750 τὴν
845 2682 1034 2753 τρίτην
1056 2682 1206 2755 ὥραν
1229 2686 1329 2756 τῆς
1350 2689 1562 2760 ἡμέρας
1585 2692 1771 2760 ἐσμὲν,

1879 2694 2002 2755 bus,
2039 2694 2142 2749 hac
2168 2694 2303 2763 ipsa,
2336 2674 2498 2749 tertia
2519 2696 2730 2751 scilicet
2754 2696 2863 2751 diei
2894 2696 3052 2760 liora,
3086 2697 3290 2752 donum
3321 2698 3455 2753 illud

205 2764 411 2831 ἐγένετο
435 2766 469 2836 ἡ
500 2766 889 2840 ἀνεκδιήγητος
925 2771 1101 2843 χάρις.
1130 2775 1447 2850 Κατεμίχθη
1480 2778 1588 2852 γὰρ
1615 2773 1771 2835 πάλιν

1881 2785 2193 2839 hominibus
2227 2787 2456 2855 largitus
2485 2795 2570 2842 est
2602 2786 2779 2852 Deus,
2811 2788 2953 2856 quod
2985 2803 3203 2842 omnem
3238 2789 3455 2845 dicendi

202 2859 303 2920 τοίς
330 2857 644 2928 ἀνθρώποις
671 2860 732 2914 τὸ
761 2862 1002 2933 Πνεῦμα,
1037 2865 1174 2936 ὅπερ
1204 2866 1281 2938 (7)
1306 2871 1567 2942 πρότερον
1595 2871 1682 2926 διὰ
1710 2872 1771 2926 τὸ

1878 2880 1984 2930 vim
2021 2885 2262 2948 superat.
2299 2876 2511 2933 Rursus
2538 2878 2681 2933 enim
2718 2879 2925 2932 homini
2958 2880 3228 2935 admistus
3254 2889 3338 2936 est
3366 2881 3457 2937 ille

203 2949 450 3015 γενέσθαι
498 2951 679 3023 σάρκα
728 2954 820 3007 τὸν
869 2955 1153 3027 ἄνθρωπον
1201 2959 1298 3031 τῆς
1349 2960 1565 3030 φύσεως
1615 2964 1771 3035 ἡμῶν

1880 2965 2149 3036 Spiritus,
2200 2968 2295 3038 qui
2344 2978 2539 3032 antea,
2592 2976 2877 3039 propterea
2925 2970 3069 3039 quod
3116 2971 3278 3025 homo
3308 2982 3455 3027 esset

201 3041 529 3111 ἀπεφοίτησε
551 3058 565 3072 ⁶
597 3043 691 3096 καὶ
728 3043 816 3098 διὰ
853 3044 955 3116 τῆς
983 3045 1163 3117 βιαίας
1195 3050 1408 3122 ἐκείνης
1437 3055 1633 3125 πνοῆς,
1663 3054 1770 3108 τῶν

1877 3074 2038 3122 caro,
2075 3075 2103 3113 a
2133 3069 2329 3115 natura
2362 3069 2548 3116 nostra
2600 3068 2933 3121 recesserat,
2977 3069 3027 3116 et
3074 3062 3455 3131 spiritualibus

204 3132 583 3223 πνευματικῶν
624 3135 725 3204 τῆς
775 3136 1041 3207 πονηρίας
1076 3119 1376 3211 δυνάμεων,
1416 3144 1509 3198 καὶ
1555 3119 1771 3200 πάντων

1877 3152 2130 3220 nequitiae
2167 3153 2533 3223 potestatibus
2569 3167 2667 3222 per
2709 3119 3298 3208 vehementem'illum
3341 3156 3453 3223 spi-

202 3219 300 3273 τῶν
331 3223 600 3293 ῥυπαρῶν
647 3224 937 3296 δαιμονίων
977 3230 1490 3288 ἀποσκεδασθέντων
1523 3237 1631 3289 ἀπὸ
1675 3237 1770 3291 τοῦ

205 3313 375 3385 ἀέρος,
423 3317 485 3369 ὲν
516 3320 581 3388 τῇ
615 3318 825 3390 καθόδῳ
861 3320 955 3375 τοῦ
1004 3323 1358 3395 Πνεύματος,
1411 3325 1639 3399 πλήρεις
1674 3329 1772 3399 τῆς

208 3402 345 3468 θείας
381 3405 687 3478 δυνάμεως,
716 3411 773 3462 ὲν
815 3412 946 3467 εἴδει
996 3415 1187 3486 πυρὸς,
1221 3417 1271 3469 oi
1322 3419 1380 3471 ὲν
1430 3418 1506 3471 τῶ
1539 3419 1772 3491 ὑπερῴῳ

207 3497 650 3567 καταλειφθέντες
675 3502 938 3569 ὲγένοντο’
954 3505 1072 3558 οὐδὲ
1097 3506 1206 3578 γάρ
1230 3508 1345 3561 ἐστι
1362 3508 1583 3562 δυνατὸν
1596 3510 1769 3575 ἄλλως

205 3586 421 3658 μέτοχον
451 3590 766 3661 Πνεὺματος
794 3595 946 3663 ἁγίου
967 3598 1220 3665 γενέσθαι
1247 3599 1387 3665 τινὰ,
1412 3600 1487 3672 μὴ
1507 3601 1585 3672 τῷ
1613 3603 1772 3675 ὑπερ⁹

205 3676 289 3748 (ίῳ
323 3680 425 3750 ιι-ῆς
468 3682 614 3753 ζωῆς
672 3684 873 3756 ταύτης
911 3688 1342 3760 ὲνδιαιτώμενον.
1381 3693 1535 3746 Ὅσοι
1566 3694 1673 3764 γὰρ
1700 3694 1771 3749 τὰ

200 3764 311 3817 ἄνω
342 3766 616 3836 φρονοῦσι,
668 3770 993 3839 μεταθέντες
1032 3774 1242 3829 ἑαυτῶν
1278 3776 1386 3829 ἀπὸ
1421 3778 1523 3849 γῆς
1559 3781 1640 3843 είς
1680 3780 1769 3833 οὒ-

202 3856 363 3925 ρανδν
392 3859 453 3911 τὸ
482 3859 797 3932 πολίτευμα,
831 3862 922 3916 τοῦ
960 3865 1209 3937 ὑπερῴου
1240 3870 1339 3939 τῆς
1373 3869 1583 3941 ὑψηλῆς
1616 3873 1767 3926 πολι-

197 3947 353 4010 τείας
381 3948 531 4014 δντες
557 3954 854 4026 οἰκήτορες,
896 3958 954 4009 ὲν
995 3959 1251 4031 μετουσίᾳ
1279 3961 1373 4015 τοῦ
1407 3962 1562 4031 ἁγίου
1593 3964 1766 4018 Πνεῦ-

200 4055 378 4107 ματος
403 4041 653 4109 γίνονται.
682 4045 842 4100 οὑτω
869 4048 977 4120 γάρ
1004 4067 1168 4122 φησιν
1193 4053 1227 4121 ἠ
1257 4054 1465 4123 ἱστορία
1497 4053 1603 4107 τῶν
1626 4056 1768 4126 Πρά-

198 4127 355 4194 ξεων,
388 4132 851 4213 δτι-συνηγμένων
884 4139 1063 4193 αὐτῶν
1091 4142 1150 4193 ὲν
1177 4141 1255 4212 τῷ
1280 4143 1529 4215 ὑπερώῳ,
1569 4145 1629 4198 τὸ
1667 4163 1766 4198 κα-

194 4222 357 4292 θαρὸν
384 4228 559 4281 ἐκεῖνο
582 4229 678 4281 καὶ
723 4229 883 4284 ᾶὺλον
931 4232 1152 4304 πῦρ“είς
1179 4234 1291 4305 εἴδη
1318 4235 1602 4303 γλωσσῶν,
1627 4236 1766 4291 κατὰ

191 4313 281 4366 τον
318 4316 552 4387 ἀριθμὸν
585 4318 696 4372 τῶν
723 4320 1002 4392 μαθητῶν,
1038 4323 1388 4393 διασχίζεται.
1406 4327 1629 4381 Ἐκεῖνοι
1665 4329 1765 4399 μὲν

1872 3243 2038 3297 ritum
2076 3243 2345 3310 disjectis,
2379 3244 2702 3312 cunctisque
2733 3241 2894 3297 {mdis
2927 3242 3267 3299 daemonibus
3298 3244 3446 3313 ejus-

1871 3332 1993 3388 dem
2030 3334 2265 3389 adventu
2295 3350 2361 3388 ex
2393 3348 2516 3389 aere
2545 3333 2810 3400 expulsis,
2850 3333 3035 3387 divina
3073 3335 3295 3398 virtute,
3330 3350 3452 3405 spe-

1871 3423 2009 3478 ciem
2042 3424 2183 3493 ignis
2215 3440 2325 3494 prae
2363 3439 2422 3479 se
2458 3422 2699 3486 ferente,
2737 3424 2927 3493 repleti
2955 3433 3104 3488 sunt,
3140 3426 3232 3494 qui
3262 3424 3316 3478 in
3359 3442 3452 3479 suo

1871 3513 2088 3583 periore
2133 3515 2331 3570 domus
2370 3523 2522 3585 parte
2566 3514 2876 3585 degebant;
2918 3530 3093 3585 neque
3128 3517 3275 3570 enim
3332 3516 3449 3571 ﬁeri

1871 3613 2085 3677 potest,
2130 3614 2189 3661 ut
2217 3607 2342 3677 quis
2380 3607 2557 3661 sancti
2595 3604 2833 3676 Spiritus
2879 3609 3152 3678 particeps
3180 3608 3307 3670 liat,
3342 3609 3449 3663 nisi

1870 3700 1926 3755 in
1973 3700 2280 3754 sublimiori
2328 3700 2494 3768 hujus
2529 3699 2650 3753 vitae
2692 3698 2940 3753 instituto
2988 3706 3257 3753 versetur.
3310 3697 3446 3752 Nam

1870 3790 1963 3861 qui
1999 3805 2061 3846 ea
2081 3830 2096 3853 ,
2127 3807 2249 3861 qua:
2273 3807 2489 3848 sursum
2517 3800 2643 3847 sunt
2664 3834 2677 3858 ,
2706 3793 2945 3862 sapiunt,
2977 3798 3031 3845 et
3062 3790 3187 3845 vitre
3215 3805 3448 3844 convcr-

1870 3880 2083 3935 satione
2114 3896 2145 3935 e
2194 3888 2342 3935 terra
2386 3881 2440 3935 in
2478 3881 2675 3937 coelum
2725 3882 3026 3947 translata,
3068 3882 3123 3936 in
3159 3882 3449 3936 caenaculo

1870 3971 2120 4026 sublimis
2143 3972 2292 4026 illius
2321 3972 2442 4027 vita:
2471 3974 2702 4029 rationis
2728 3974 2969 4027 habitant
2995 4012 3009 4037 ,
3040 3972 3093 4026 hi
3121 3973 3297 4028 sancti
3325 3971 3449 4042 Spi-

1869 4062 2009 4116 ritus
2042 4063 2338 4133 participes
2381 4064 2537 4121 ﬁunt.
2586 4064 2943 4135 Congregatis
2982 4064 3125 4119 enim
3158 4063 3211 4117 in
3254 4077 3444 4118 cama-

1871 4152 1996 4207 culo
2026 4153 2332 4225 discipulis,
2360 4163 2418 4208 ut
2445 4155 2499 4209 in
2529 4156 2766 4209 Actuum
2811 4155 3185 4223 apostolorum
3219 4152 3445 4207 historia

1869 4252 2146 4305 narratur,
2174 4244 2317 4314 ignis
2359 4246 2449 4300 ille
2489 4244 2709 4299 divinus
2743 4244 3028 4311 omnisque
3070 4243 3317 4296 materici
3352 4257 3445 4295 ex-

1869 4351 2014 4406 pers,
2034 4337 2098 4388 ad
2121 4335 2425 4406 linguarum
2447 4334 2640 4397 instar,
2666 4350 2765 4404 pro
2797 4332 3110 4388 earumdem
3145 4333 3445 4403 discipulo-

186 4402 281 4461 οὖν
318 4409 579 4479 Πάρθοις,
609 4410 704 4464 καὶ
736 4411 956 4483 Μήδοις,
997 4415 1089 4468 καὶ
1140 4416 1473 4486 Ἐλαμίταις,
1517 4420 1613 4473 καὶ
1652 4422 1765 4483 τοῖς

1877 4443 1984 4479 rum
2004 4442 2253 4490 numero,
2271 4427 2479 4482 divisus
2500 4435 2605 4481 est.
2631 4427 2709 4480 llli
2741 4440 2869 4496 ergo
2887 4424 3139 4489 Parthos,
3166 4423 3372 4489 Medos,
3390 4434 3444 4481 et

185 4497 393 4563 λοιποῖς
420 4500 600 4554 ἔθνεσι
631 4502 950 4571 διελέγοντο,
984 4507 1104 4559 κατ’
1127 4506 1375 4571 ἐξουσίαν
1406 4510 1545 4581 πρὸς
1580 4512 1761 4565 πᾶσαν

180 4590 406 4662 ἐθνικὴν
438 4591 689 4661 γλῶσσαν
713 4594 811 4658 τὰς
834 4596 1042 4650 ἑαυτῶν
1070 4598 1252 4668 φωνὰς
1292 4599 1724 4671 μεθαρμόζοντες
1744 4618 1756 4631 ·

192 4682 337 4753 Ἐγὼ
375 4684 466 4749 δὲ,
493 4686 678 4751 καθώς
718 4704 883 4758 φησιν
927 4691 955 4743 ὁ
995 4690 1336 4756 Ἀπόστολος,
1386 4693 1539 4747 θέλω
1583 4694 1762 4748 πέντε

172 4774 407 4843 λόγους
441 4776 513 4829 ἐν
555 4778 884 4847 Ἐκκλησίᾳ
928 4778 1008 4846 τῷ
1041 4783 1143 4836 νοτ
1162 4800 1279 4851 μου
1329 4782 1614 4850 λαλῆσαι,
1661 4786 1763 4841 ἵνα

170 4866 277 4919 καὶ
298 4867 535 4934 ἄλλους
556 4868 868 4937 ὠφελήσω,
900 4871 938 4937 ἣ
958 4873 1211 4940 μυρίους
1229 4874 1450 4942 λόγους
1475 4877 1546 4929 ἐν
1570 4876 1762 4946 γλώσ-

168 4974 283 5026 σῃ.
336 4959 475 5012 Τότε
511 4961 610 5031 μὲν
642 4962 911 5033 χρήσιμον
950 4963 1013 5016 τὸ
1053 4964 1334 5035 ὁμόφωνον
1375 4966 1619 5037 γίνεσθαι
1648 4972 1760 5033 τοῖς

172 5048 598 5117 ἁλλογλὼσσοις,
627 5051 702 5115 ὡς
728 5051 794 5106 ἂν
820 5053 896 5124 μὴ
923 5054 1277 5127 ἁνενέργητον
1307 5060 1390 5129 εἴη
1415 5059 1476 5112 τὸ
1497 5062 1757 5132 κήρυγμα

173 5145 283 5207 τοῖς
314 5142 608 5212 ἀγνοοῦσι,
646 5146 711 5215 τῇ
741 5147 891 5217 φωνῇ
916 5145 1027 5199 τῶν
1057 5148 1438 5218 κηρυσσόντων
1471 5151 1756 5221 ἐμποδιζό-

177 5248 339 5299 μενον
360 5249 375 5264 ο
412 5231 508 5285 νῦν
534 5231 714 5304 μέντοι
748 5234 848 5306 τῆς
877 5235 1018 5291 κατὰ
1045 5236 1141 5309 τὴν
1170 5237 1419 5306 γλῶσσαν
1444 5241 1753 5311 ὁμοφωνίας

237 5410 259 5440 ⁸
286 5407 334 5464 Il
372 5406 506 5463 Cor.
535 5425 621 5477 iu,
663 5411 752 5467 17.
823 5412 843 5444 ³
872 5412 892 5467 1
926 5412 1050 5470 Cor.
1077 5429 1190 5479 xw,
1226 5415 1311 5470 l9.

241 5573 315 5647 t5)
346 5571 531 5647 linus
566 5572 697 5644 legit
718 5574 871 5640 Θεὸς,
896 5591 1057 5647 atque
1078 5577 1151 5631 ita
1180 5578 1343 5633 etiam
1387 5579 1526 5633 alter
1571 5579 1748 5635 Vatic.

173 5643 341 5696 cede:
383 5644 540 5709 legit.

244 5716 319 5784 μὶ)
375 5713 691 5767 l’rouomcn
755 5713 958 5786 ταύτης
1005 5733 1113 5772 non
1140 5727 1256 5774 erat
1299 5718 1352 5773 in
1388 5716 1509 5774 Zini
1536 5720 1746 5786 codice,

1870 4517 2149 4579 Elamitas.
2172 4533 2235 4573 ac
2259 4519 2497 4588 reliquas
2524 4526 2715 4588 gentes
2743 4516 3182 4585 alloquebantur,
3216 4518 3280 4570 ad
3308 4533 3443 4586 qua-

1867 4610 2121 4665 rumlibet
2150 4625 2338 4665 earum
2379 4610 2595 4679 linguas
2626 4624 2790 4665 voces
2838 4623 2968 4664 suas
3017 4623 3117 4679 pro
3162 4608 3318 4663 libitu
3352 4625 3444 4662 ac-

1866 4700 2301 4757 commodantes.
2354 4710 2423 4757 At
2456 4718 2570 4771 ego,
2605 4711 2664 4755 ut
2698 4702 2875 4771 inquit
2918 4700 3247 4770 Apostolus,
3278 4701 3438 4763 malo,

1865 4809 2022 4847 sensu
2057 4810 2167 4847 meo
2197 4795 2421 4864 quinque
2448 4792 2600 4847 verba
2632 4795 2775 4863 loqui
2814 4794 2867 4845 in
2904 4793 3142 4846 Ecclesia
3165 4832 3180 4855 ,
3219 4801 3276 4846 ut
3318 4792 3440 4845 aliis

1865 4884 2023 4937 etiam
2059 4886 2277 4950 prosim,
2318 4902 2477 4954 quam
2509 4884 2681 4938 decem
2718 4885 2888 4937 millia
2936 4883 3204 4938 rerborum
3250 4884 3303 4936 in
3339 4884 3441 4937 lin-

1863 4992 1965 5045 gua
1995 4975 2034 5028 ³.
2073 4973 2267 5028 Verum
2301 4985 2431 5030 tunc
2466 4975 2683 5045 quidem
2708 4975 2936 5029 multum
2966 4975 3190 5043 profuit,
3220 4985 3443 5045 aposto-

1865 5066 2043 5119 lorum
2090 5080 2272 5118 vocem
2319 5067 2550 5120 aliarum
2596 5066 2841 5136 gentium
2885 5066 3086 5135 linguis
3122 5067 3331 5135 aptari,
3372 5081 3439 5119 ne

1864 5170 2172 5224 praeconum
2210 5155 2446 5224 linguam
2471 5156 2853 5224 ignorantibus
2883 5154 3159 5224 Evangelii
3193 5156 3437 5225 promul-

1859 5245 2004 5315 gatio
2044 5245 2321 5300 incassum
2371 5246 2554 5314 ﬁeret;
2600 5263 2747 5301 nunc
2788 5255 2967 5302 autem
3023 5248 3286 5317 quoniam
3330 5260 3436 5300 una

1858 5594 1958 5634 nec
2009 5590 2197 5657 exstat
2226 5582 2293 5657 Δἰη
2351 5598 2459 5633 uno
2515 5580 2929 5657 ex__\’atiranis,
2970 5586 3021 5640 in
3059 5585 3429 5657 eujustamen

1859 5652 2104 5718 margine
2133 5653 2353 5705 additur
2383 5669 2547 5707 manu
2578 5653 2817 5708 diversa.

1929 5721 2006 5791 (7)
2041 5720 2196 5778 Alius
2228 5723 2422 5789 codex,
2458 5724 2505 5777 ὅ.
