3930 6210
387 232 397 251 ἡ
433 278 535 335 699
1688 277 1743 333 S.
1785 276 1939 333 GREl

2144 273 2437 330 NYSSENI
3400 340 3406 345 ,
3560 267 3680 327 mo

429 398 730 466 eademque
755 393 941 465 lingna
971 391 1202 460 utimur,
1236 392 1449 463 igneam
1483 392 1744 448 debemus
1768 391 1981 463 Spiritu:

2122 388 2300 460 »ὗε-ης,
2337 387 2660 461 ἐπιζητῆσαι
2704 388 2809 461 χρὴ
2854 387 2951 459 τὴν
2997 386 3229 459 πυρίνην
3274 385 3518 456 γλῶσσαν
3562 389 3674 443 τοῦ

431 492 671 560 linguam
698 489 1014 558 exquirere,
1045 503 1153 557 qua
1181 503 1276 543 eos
1305 488 1400 559 qui
1437 503 1533 557 per
1560 502 1803 543 errorem
1831 489 1886 543 in
1920 497 1983 545 te-

2128 478 2423 550 [νεύματος
2459 481 2538 543 εἰς
2571 480 2847 550 φωτισμὸν
2878 478 2982 532 τῶν
3012 479 3078 532 δι’
3101 477 3316 548 ἀπάτης
3343 478 3680 549 ὲσκοτισμέ-

430 579 616 633 nebris
645 584 954 641 versantur,
989 576 1379 632 illuminemus.
1422 576 1488 629 Et
1521 577 1611 632 hic
1643 578 1806 632 etiam
1840 578 1982 633 nobi:

2121 585 2226 624 νων.
2257 569 2465 623 Οὐκοῦν
2493 570 2585 623 καὶ
2613 570 2748 641 πρὸς
2774 569 2930 623 τοῦτο
2952 570 3098 640 ἡμᾶς
3129 569 3445 638 ὁδηγησάπω
3476 569 3673 634 Δαϐὶδ,

430 679 631 738 pneeat
658 667 848 731 David,
877 669 1193 738 sociumque
1232 668 1336 724 sibi
1366 667 1627 739 adjungat
1654 667 1982 738 Apostolum.

2120 663 2493 732 ωγχορεύοντα
2526 662 2704 716 λαϐὼν
2729 660 2906 732 ἑαυτῷ
2933 661 3021 714 τὸν
3058 659 3395 714 Ἀπόστολον.
3438 660 3529 714 Ἐν
3550 660 3672 731 γὰρ

428 759 487 813 1η
524 761 625 814 hoc
652 760 797 816 enim
827 761 1065 829 psalmo,
1092 760 1249 828 cujus
1278 759 1490 813 initium
1511 760 1668 815 nobis
1692 759 1974 815 exsultand

2123 756 2161 823 ’ῇ
2193 754 2482 825 ψαλμῳδίᾳ
2514 753 2708 826 ταύτῃ,
2744 748 2813 825 ἧς
2849 754 2883 823 ἡ
2914 751 3054 822 ἀρχὴ
3081 752 3143 804 16
3182 751 3491 822 ἀγαλλίαμα
3532 752 3675 821 ἡμῖν

428 851 484 905 in
529 850 756 905 Domino
788 850 1016 905 formam
1058 849 1367 920 suppeditat
1395 888 1408 912 ,
1442 850 1697 919 inquiens
1720 888 1735 913 ,
1790 848 1980 913 Venite,

2121 842 2155 894 '6
2189 843 2279 896 ἐπὶ
2306 842 2384 914 τῷ
2416 843 2605 913 Κυρίῳ
2629 841 2931 913 χαρίζεται,
2960 841 3210 903 λέγουσαο
3242 842 3437 907 Δεῦτε,
3476 842 3673 911 ἀγαλ-

428 942 749 996 exsultemus
796 942 1020 997 Domino
1041 982 1055 1007 ,
1094 957 1201 995 non
1242 941 1418 996 solum
1452 941 1518 996 ad
1552 939 1787 1012 Spiritus
1821 948 1980 996 sanct

2124 933 2432 1003 ίιασώμεθα
2462 932 2543 998 τῷ
2572 934 2797 999 Κυρίῳ,
2826 933 2887 985 οὐ
2918 931 3003 985 διὰ
3036 936 3223 985 τούτου
3265 933 3400 1003 πρὸς
3429 933 3531 1004 τὴν
3569 930 3676 985 τοῦ

428 1036 621 1090 laudes
660 1036 1017 1091 celebrandas
1057 1033 1416 1101 adducimur;
1450 1034 1544 1089 sed
1582 1034 1764 1104 potius
1793 1048 1862 1088 ex
1892 1033 1980 1097 iis1

2120 1023 2250 1092 ιγίου
2283 1023 2596 1093 Πνεῦματος
2619 1020 2959 1092 ὢηγοὺμεθα
2990 1021 3296 1090 δοξολογίαν
3314 1040 3328 1055 ο
3354 1022 3495 1076 ἀλλά
3526 1023 3672 1077 πολὺ

429 1142 550 1195 ηοω
587 1135 778 1196 postea
806 1135 1129 1196 sequuntur,
1157 1127 1225 1181 de
1257 1125 1503 1194 ejusdem
1540 1126 1826 1179 divinitate
1859 1125 1981 1180 edo-

2120 1113 2297 1167 ιᾶλλον
2331 1114 2389 1166 ὲν
2415 1115 2528 1176 τοῖς
2562 1112 2875 1175 ὑπολοίποις
2905 1114 2972 1167 τὰ
2997 1114 3127 1171 περὶ
3157 1118 3255 1186 τῆς
3288 1114 3536 1185 θεότητος
3562 1118 3672 1170 αὑ-

430 1230 637 1269 cemur.
672 1217 790 1284 l‘psa
818 1221 994 1268 autem
1027 1212 1309 1281 Prophetas
1333 1213 1495 1268 verba
1520 1212 1675 1267 vobis
1698 1211 1982 1281 proferam,

2120 1205 2184 1258 λοῦ
2212 1204 2590 1275 διδασκόμεθα.
2622 1204 2776 1269 Λέξω
2815 1204 2873 1257 δὲ
2913 1205 3040 1274 ὑμῖν
3073 1205 3211 1259 αὐτὰ
3244 1205 3337 1261 τοῦ
3374 1208 3672 1279 Προφήτου

429 1308 629 1376 quibus
674 1322 903 1377 magnus
944 1308 1072 1360 item
1110 1307 1404 1377 Apostolus
1440 1305 1822 1376 adstipulatur,
1868 1312 1981 1359 sunt

2119 1293 2162 1347 et
2207 1294 2447 1365 ῥήματα,
2476 1287 2557 1357 οῖς
2593 1293 2896 1348 συντίθεται
2925 1293 3018 1348 καὶ
3045 1294 3074 1347 6
3108 1293 3279 1365 μέγας
3318 1296 3671 1360 Ἀπόστολοςο

425 1404 607 1451 autem
639 1396 753 1450 haec
787 1419 798 1450 :
837 1397 1007 1451 llodic
1050 1400 1094 1451 si
1133 1414 1307 1451 vocem
1348 1397 1460 1462 ejus
1489 1396 1793 1459 audieritis,
1832 1396 1977 1450 noliti

2125 1399 2208 1453 χει
2233 1381 2290 1434 δὲ
2313 1384 2346 1451 ἡ
2382 1382 2538 1452 ῥῆσις
2558 1380 2747 1444 οὕτως’
2772 1381 3040 1452 Σήμερον
3057 1381 3167 1435 ἐὰν
3193 1379 3301 1451 τῆς
3323 1380 3521 1451 φωνῆς
3552 1385 3677 1437 αὐ·-

427 1480 689 1536 obdurare
725 1484 889 1537 corda
914 1492 1114 1548 vestra,
1145 1486 1282 1538 sicut
1312 1485 1368 1536 in
1390 1483 1790 1537 exacerbatione
1820 1498 1975 1537 secun

2122 1472 2199 1527 ὀῦ
2226 1473 2546 1539 ἀκούσητε,
2565 1488 2651 1541 μη
2676 1473 3057 1541 σκληρύνητε
3077 1471 3182 1537 τὰς
3202 1472 3444 1540 καρδίας
3472 1474 3674 1542 ὑμῶν,

426 1574 551 1625 ιίιιηι
580 1572 718 1627 diem
752 1574 1052 1629 tentationis
1086 1575 1138 1628 in
1163 1574 1401 1639 deserto,
1431 1574 1521 1628 ubi
1558 1582 1885 1628 teutaverunt
1915 1590 1978 1626 mi

2125 1582 2174 1629 ις
2206 1563 2277 1617 έν
2314 1563 2393 1629 τῷ
2440 1562 2912 1632 παραπικρασμῷ
2953 1563 3104 1616 κατὰ
3138 1562 3252 1632 τὴν
3288 1563 3516 1634 ἡμέραν
3553 1565 3677 1618 τοῦ

425 1672 602 1733 patres
658 1665 881 1718 vestri‘.
930 1664 1135 1718 Horum
1167 1665 1368 1735 quippe
1412 1666 1742 1719 mentionem
1784 1664 1977 1719 facient

2125 1654 2424 1724 πειρασμοῦ
2449 1654 2518 1708 ἐν
2547 1654 2625 1722 τῇ
2655 1655 2871 1723 ἐρήμῳ,
2896 1647 2968 1709 οὗ
2998 1653 3333 1722 ἐπείρασαν.
3347 1670 3425 1722 με
3456 1656 3511 1707 οἱ
3545 1670 3677 1706 πα-

425 1729 643 1811 divinus
686 1756 1017 1825 Apostolus,
1059 1756 1138 1810 sic
1178 1729 1655 1823 ait.,—Quapropter
1703 1756 1838 1809 sicut
1869 1756 1973 1808 dici

2120 1744 2263 1811 -έρες
2289 1742 2473 1812 ὑμῶν.
2505 1742 2724 1796 Τούτων
2751 1741 3134 1812 μεμνημένοςὸ
3152 1741 3294 1806 θεῖος
3320 1742 3672 1805 ’Δπόστολος.

426 1843 657 1910 Spiritus
680 1854 893 1899 sanctus
912 1846 932 1876 ⁸
953 1862 968 1910 ;
993 1854 1152 1914 atque
1178 1846 1250 1899 ita
1278 1844 1553 1915 prmfatus,
1579 1846 1691 1899 haec
1719 1844 1978 1913 Propheta

2118 1834 2236 1888 ιῦτω
2261 1833 2413 1904 φησί·
2446 1834 2541 1887 Διύ
2568 1832 2761 1899 καθὼς
2790 1833 2951 1903 λέγει
2976 1831 3043 1886 τὸ
3085 1832 3324 1902 Πνεῦμα
3354 1831 3419 1886 τὸ
3455 1832 3670 1901 ἄτιον·

424 1936 591 1989 verba
642 1935 825 1989 statim
880 1935 1061 2000 affert,
1113 1936 1350 2005 Spiritus
1393 1938 1567 1991 sancti
1613 1951 1856 2006 personae
1904 1938 1976 1991 ill:

2121 1924 2189 1977 ια).
2224 1924 2383 1978 τοῦτο
2410 1922 2599 1987 εἰπὼν,
2647 1922 2849 1986 ταύτας
2887 1923 2981 1975 τοῦ
3028 1923 3307 1993 Προφήτου
3337 1922 3433 1986 τάς
3475 1924 3673 1994 ῥήσεις

425 2024 745 2078 attribuens.
784 2024 917 2089 Quis
971 2025 1137 2095 igitur
1181 2036 1298 2087 est,
1326 2041 1485 2096 quem
1530 2036 1712 2096 patres
1752 2027 1977 2097 ipsorun

2130 2017 2398 2088 πήγαγεν,
2429 2013 2755 2087 ὲφαρμόζων
2779 2014 2946 2077 αὐτὰς
2970 2013 3048 2083 τῷ
3073 2013 3345 2085 προσώπῳ
3364 2012 3459 2066 τοῦ
3489 2013 3676 2067 Πνεῦ-

425 2124 773 2170 tentaverunt
819 2118 874 2171 in
914 2115 1170 2171 deserto?
1207 2116 1343 2182 Quis
1373 2127 1457 2173 est
1480 2155 1495 2181 ,
1538 2131 1700 2186 quem
1734 2117 1977 2174 irritave-

2122 2126 2288 2172 ιατος.
2311 2108 2406 2171 Τίς
2428 2102 2520 2160 οὖν
2546 2108 2715 2172 ἐστιν,
2738 2106 2797 2159 ὃν
2820 2104 3117 2176 ἐπείρασαν
3144 2106 3195 2158 οἱ
3223 2104 3453 2177 πατέρες
3477 2105 3674 2159 αὐτῶν

422 2206 585 2259 runt?
605 2205 763 2261 Disce
786 2208 854 2260 ab
876 2205 1063 2260 eodem
1094 2205 1363 2275 Propheta
1391 2206 1969 2269 dicente,Tentaverun

2119 2218 2156 2253 ιν
2176 2202 2244 2270 τῇ
2270 2199 2463 2269 ἐρήμῳ
2487 2215 2501 2264 ;
2524 2198 2629 2264 τίς,
2656 2197 2715 2251 6v
2738 2195 3129 2269 παριῦργισαν;
3159 2196 3312 2251 Μάθε
3343 2196 3469 2266 παρ’
3491 2196 3671 2251 αὑτοῦ

422 2294 594 2349 Deum
637 2297 900 2350 excelsum
950 2298 991 2351 ⁸.
1025 2297 1189 2366 Atqui
1244 2298 1539 2367 Apostolus
1585 2313 1709 2352 cum
1753 2299 1974 2369 Spiritu:

2125 2288 2186 2341 06
2219 2290 2522 2358 Προφήτου,
2549 2288 2606 2353 ὅς
2630 2304 2815 2357 φησιν,
2848 2288 2949 2341 ὄτν
2994 2286 3348 2356 Ἔπείρασαν
3378 2285 3485 2339 τὸν
3509 2288 3676 2341 Θεὸν

420 2376 669 2454 persona:
688 2387 1016 2442 mentionem
1041 2386 1341 2456 injecisset,
1368 2387 1464 2441 has
1487 2387 1703 2442 easdem
1728 2389 1805 2442 illi
1833 2404 1972 2446 voce:

2124 2378 2199 2433 ’ὸν
2227 2379 2534 2447 Ὕψιστον.
2584 2378 2736 2432 Ἀλλὰ
2768 2379 2876 2450 μὴν
2901 2379 2930 2431 6
2969 2377 3286 2441 Ἀπόστολος
3309 2377 3581 2448 προτάξας
3604 2378 3676 2430 16

421 2475 638 2537 tribuit,
683 2476 939 2544 inquiens
971 2494 984 2529 :
1019 2476 1367 2544 Quapropter,
1406 2477 1542 2530 sicut
1590 2476 1720 2531 dicit
1762 2476 1973 2546 Spiritu.

2119 2471 2382 2542 πρόσωπον
2412 2469 2506 2523 τοῦ
2542 2470 2697 2539 ἁγίου
2727 2469 3043 2540 Πνεύματος
3061 2509 3076 2530 .
3107 2469 3299 2540 ἐκείνῳ
3325 2468 3522 2530 ταύτας
3553 2467 3671 2531 τὰς

428 2579 637 2622 sanctus
660 2584 679 2621 :
709 2568 1008 2623 Secundum
1046 2569 1183 2622 diem
1214 2568 1520 2622 tentationis
1552 2568 1606 2621 in
1636 2569 1840 2624 deserto
1860 2610 1875 2638 ,
1907 2572 1980 2624 ub:

2123 2563 2277 2626 »ωνάς
2287 2563 2590 2632 ἀνατίθησι,
2605 2562 2801 2630 λέγων·
2823 2559 2941 2623 Διὸ,
2956 2559 3148 2626 καθὼς
3160 2559 3320 2628 λέγει
3338 2559 3404 2613 τὸ
3421 2558 3675 2628 Πνεῦμα

423 2669 750 2715 tentaverunt
782 2678 860 2715 me
879 2670 1055 2731 patres
1078 2665 1254 2717 vestri.

2131 2653 2161 2707 6
2190 2653 2379 2722 ἅγιον,
2409 2653 2499 2707 ὅτι
2522 2652 2671 2708 κατὰ
2693 2651 2807 2719 τὴν
2838 2651 3065 2721 ἡμέραν
3099 2651 3205 2706 τοῦ
3232 2649 3558 2720 πειρασμοῦ
3595 2651 3680 2703 ὲν·

2093 2744 2167 2814 τῇ
2195 2744 2410 2814 ἐρήμῳ,
2440 2740 2511 2801 οὗ
2545 2743 2872 2814 ἐπείρασάν
2894 2761 2971 2813 με
3004 2746 3057 2798 οἱ
3085 2742 3332 2812 πατέρες
3368 2741 3550 2812 ὑμῶν.

491 2838 663 2905 Quem
718 2840 886 2911 igitur
927 2841 1094 2895 Deum
1144 2845 1419 2899 excelsum
1474 2849 1811 2918 nuncupavit
1858 2848 1994 2904 Pro-

2165 2834 2373 2890 Οὐκοῦν
2397 2836 2456 2889 ὃν
2491 2834 2710 2905 ὕψιστον
2741 2834 2872 2888 Θεὸν
2903 2836 2931 2888 6
2972 2835 3262 2905 Προφήτης
3288 2834 3678 2906 κατωνόμασε,

422 2929 617 2999 pheta,
647 2930 793 2984 hunc
820 2931 1039 2986 divinus
1069 2934 1365 3002 Apostolus
1392 2946 1644 2992 sanctum
1671 2954 1793 2994 esse
1822 2938 1974 3010 Spiri.

2131 2924 2281 2979 οῦτον
2311 2927 2340 2979 6
2372 2924 2513 2989 θεῖος
2557 2924 2872 2988 Ἀπόστολος
2900 2925 2962 2978 16
2990 2922 3212 2995 Πνεῦμα
3244 2924 3303 2977 16
3334 2923 3488 2992 ἅγιον
3521 2921 3683 2980 εἶναι.

422 3026 537 3072 tum
571 3020 791 3075 asserit.
815 3020 972 3086 Quod
1001 3023 1047 3077 si
1078 3031 1257 3078 autem
1284 3041 1472 3080 verum
1503 3028 1555 3082 id
1591 3044 1713 3084 esse
1734 3045 1842 3084 non
1872 3046 1974 3086 cre.

2128 3018 2258 3087 έγει.
2288 3016 2351 3072 Εί
2379 3018 2436 3072 δὲ
2466 3018 2736 3083 ἀπιστεῖς,
2764 3017 2927 3072 πάλιν
2950 3016 3011 3071 τὸ
3038 3015 3324 3088 εἰρημένον
3346 3016 3680 3086 ὲπίσκεψαυ

426 3106 529 3170 dis,
560 3123 777 3163 rursum
803 3125 923 3178 quae
951 3110 1093 3165 dicta
1125 3120 1252 3166 sunt
1279 3114 1565 3170 considera
1594 3134 1605 3168 :
1637 3110 1978 3186 Quapropter.

2139 3110 2212 3174 ιὸ,
2238 3107 2432 3175 καθὼς
2465 3107 2627 3178 λέγει
2654 3109 2720 3163 τὸ
2742 3108 2985 3178 Πνεῦμα
3018 3107 3086 3161 τὸ
3114 3106 3317 3175 ἅγιον*
3336 3106 3431 3176 Μὴ
3468 3111 3684 3177 σκλη-

429 3195 559 3250 ιίαιι
600 3197 727 3251 dicit
773 3197 1005 3267 Spiritus
1051 3210 1290 3265 sanctus,
1321 3202 1501 3259 Nolite
1544 3205 1806 3262 obdurare
1831 3211 1981 3263 corda

2133 3202 2309 3270 ύνητε
2338 3200 2444 3267 τὰς
2472 3200 2720 3269 καρδίας
2747 3199 2914 3271 ὑμῶν
2932 3239 2946 3263 ,
2981 3198 3061 3264 ὡς
3099 3197 3169 3251 ἐν
3194 3197 3275 3263 τῷ
3298 3212 3685 3268 παραπικρα-

427 3295 616 3350 uestra,
641 3290 776 3342 sicut
806 3294 859 3342 in
888 3291 1291 3353 exacerbatioue
1323 3295 1611 3349 secundum
1643 3297 1781 3352 diem
1821 3309 1979 3353 tenta-

2138 3291 2228 3361 μῷ
2259 3292 2411 3345 κατὰ
2437 3291 2555 3361 τὴν
2579 3292 2806 3361 ἡμέραν
2839 3291 2948 3346 τοῦ
2973 3290 3305 3361 πειρασμοῦ
3332 3290 3403 3344 ἐν
3427 3288 3503 3358 τῇ
3527 3289 3690 3358 ἐρή-

426 3378 582 3433 tionis
607 3381 660 3433 in
685 3380 916 3447 deserto,
946 3382 1035 3436 ubi
1067 3392 1392 3439 tentaverunt
1415 3404 1493 3441 me
1519 3398 1697 3458 patres
1728 3392 1904 3445 vestri.
1935 3392 1973 3446 S

2139 3398 2202 3447 ῳ,
2234 3378 2306 3439 οὗ
2339 3383 2664 3451 ἐπείρασαν
2690 3400 2761 3451 με
2792 3386 2846 3438 οἱ
2875 3384 3123 3452 πατέρες
3156 3379 3340 3453 ὑμῶν.
3371 3383 3432 3435 Ei
3463 3377 3560 3435 οὖν
3614 3382 3691 3436 τδ

422 3480 552 3536 ergo
589 3466 823 3536 Spiritus
860 3480 1082 3525 sanctus
1113 3471 1265 3538 dicit,
1318 3473 1670 3531 Tentaverunt
1701 3495 1783 3531 me
1807 3489 1974 3546 patre:

2145 3473 2318 3543 νεῦμα
2347 3473 2406 3526 16
2428 3473 2580 3541 ἆγιον
2609 3473 2777 3542 λέγει,
2803 3476 2903 3528 ὅτι’
2944 3474 3297 3542 Ἐπείρασὰν
3314 3489 3391 3543 με
3408 3475 3462 3527 οἱ
3483 3473 3695 3528 πατέ-

422 3558 583 3611 vestri
616 3559 671 3612 in
700 3560 936 3625 deserto;
973 3562 1243 3634 Propheta
1281 3581 1407 3622 vero
1443 3577 1695 3630 testatur.
1735 3585 1857 3624 eum
1901 3586 1970 3641 qu

2144 3581 2194 3630 ac
2219 3563 2384 3634 ὑμῶν
2407 3566 2478 3620 ἐν
2504 3564 2579 3634 τῇ
2600 3566 2795 3635 ἐρήμῳ
2811 3584 2824 3597 ·
2849 3567 2878 3620 6
2900 3566 2956 3620 δὲ
2978 3567 3270 3638 Προφήτης
3296 3564 3696 3635 διαμαρτύρε-

422 3657 663 3704 tentatus
696 3659 798 3716 est,
838 3653 1112 3709 excelsum
1145 3672 1266 3712 esse
1308 3657 1512 3725 Deum;
1545 3660 1825 3715 obstructa
1866 3679 1974 3734 erg:

2144 3675 2203 3721 ιι,
2237 3658 2318 3709 ὅτι
2367 3659 2396 3710 6
2444 3658 2503 3711 ὲν
2546 3660 2611 3728 τῇ
2652 3659 2842 3729 ἐρήμῳ
2891 3656 3234 3728 πειρασθείς,
3282 3654 3495 3724 ὕψιστος
3538 3657 3696 3712 ἐστι

423 3745 553 3792 sunt
604 3740 817 3794 illorum
871 3757 1004 3807 ora,
1051 3746 1145 3814 qui
1183 3744 1443 3814 Spiritum
1490 3758 1737 3804 sanctum
1792 3758 1975 3808 temer:

2144 3747 2226 3809 εός
2270 3746 2368 3815 (8)·
2409 3747 2681 3818 ὲνεφράγη
2717 3746 2788 3799 τὰ
2831 3746 3073 3817 στόματα
3115 3745 3223 3799 τῶν
3264 3745 3696 3814 Πνευματομά-

423 3838 761 3897 oppugnant,
776 3839 830 3884 et
848 3832 1143 3902 loquuntur
1163 3836 1501 3908 iniquitatem
1522 3842 1967 3907 adversusDeum

2142 3856 2224 3900 DV,
2262 3837 2330 3891 τὰ
2353 3836 2616 3891 λαλοῦντα
2650 3838 2727 3909 (9)
2755 3837 2895 3892 κατά
2919 3836 3013 3891 τοῦ
3042 3837 3179 3891 Θεοῦ
3208 3836 3433 3900 ἀδικίαν,
3468 3837 3694 3905 σαφῶς

422 3931 547 3972 cum
579 3919 864 3987 perspicue
893 3928 1005 3976 tum
1034 3922 1348 3993 Apostolus,
1374 3935 1485 3981 tum
1515 3926 1810 3999 Propheta,
1842 3930 1897 3985 in
1927 3933 1974 3986 ii:

2138 3929 2186 3982 δῦ
2214 3946 2272 3982 τε
2311 3927 2631 3983 Ἀποστόλου
2660 3930 2753 3983 καὶ
2777 3928 2872 3983 τοῦ
2901 3929 3187 4001 Προφήτου
3215 3928 3303 3983 διὰ
3343 3926 3452 3981 τῶν
3499 3929 3690 4000 εἰρη-

421 4024 545 4079 qua:
589 4009 862 4076 diximus,
905 4011 1141 4083 Spiritus
1180 4017 1354 4070 sancti
1401 4017 1743 4074 divinitatem
1797 4022 1973 4089 praedi:

2142 4017 2274 4072 ἐνων
2296 4018 2393 4090 τὴν
2418 4018 2645 4090 θεότητα
2672 4018 3051 4092 κηρυσσόντων
3072 4017 3164 4072 τοῦ
3190 4017 3504 4089 Πνεύματος
3526 4031 3542 4047 ⁸
3568 4019 3694 4075 τοῦ

423 4108 571 4154 cent.
606 4099 876 4171 Propheta
908 4104 1123 4173 quidem
1152 4105 1280 4160 dum
1317 4106 1415 4169 ait,
1446 4107 1797 4163 Tcntaveruut
1829 4110 1975 4165 Deun

2141 4109 2194 4160 ὲν
2229 4110 2489 4176 εἰπόντος,
2520 4111 2623 4176 ὅτι,
2667 4110 3027 4177 Ἐπείρασαν
3062 4110 3170 4162 τὸν
3190 4108 3339 4163 Θεὸν
3370 4108 3476 4163 τὸν
3496 4109 3693 4178 ’Υψι-

420 4190 703 4256 excelsum,
726 4200 780 4247 et
807 4200 1063 4264 tanquam
1094 4193 1184 4250 Dei
1210 4211 1497 4265 personam
1529 4198 1753 4255 indutus
1783 4200 1972 4255 lsraeli

2143 4217 2275 4265 τον,
2304 4202 2396 4255 καὶ
2420 4202 2495 4265 ὡς
2524 4200 2675 4273 παρά
2705 4200 2797 4254 τοῦ
2828 4200 2963 4253 Θεοῦ
2996 4201 3109 4265 τοῖς
3143 4200 3501 4272 Ἰσραηλίταις
3528 4217 3695 4273 προ-

422 4291 506 4338 tas
536 4283 719 4338 verbis
749 4283 859 4339 illis
888 4284 1203 4355 alloquitur,
1230 4283 1296 4338 In
1324 4285 1891 4341 desertO‘tentaverunt
1916 4304 1974 4340 nu

2145 4289 2350 4359 ἑροντος
2370 4291 2470 4362 τὴν
2500 4292 2656 4364 ῥῆσιν
2685 4292 2897 4361 ἐκείνην
2914 4291 3045 4361 (10),
3079 4292 3180 4357 ὅτι,
3228 4292 3332 4347 Ἐν
3365 4290 3436 4360 τῇ
3465 4292 3697 4361 ἐρήμῳ

418 4382 595 4442 patres
623 4375 828 4428 vestri:
870 4389 1101 4443 magnus
1138 4391 1266 4430 vero
1313 4376 1549 4441 Paulus,
1584 4378 1713 4431 dum
1752 4378 1866 4433 litec
1895 4392 1970 4432 ea:

2142 4380 2421 4447 τείρασάν
2445 4399 2521 4449 με
2563 4384 2618 4435 al
2661 4383 2911 4451 πατέρες
2943 4383 3143 4452 ὑμῶν’
3183 4381 3280 4436 τοῦ
3320 4383 3378 4436 δὲ
3424 4383 3694 4452 μεγάλου

425 4463 547 4518 dem
579 4464 749 4519 verba
784 4463 1007 4535 Spiritui
1045 4474 1237 4520 sancto
1269 4469 1553 4534 attribuit;
1586 4477 1645 4522 ut
1670 4484 1735 4524 ex
1767 4469 1852 4524 his
1874 4469 1977 4524 evi-

2149 4469 2310 4521 a6).0u
2338 4468 2416 4540 τῷ
2447 4469 2588 4542 ἁγίῳ
2626 4472 2904 4544 Πνεύματι
2931 4473 3133 4537 ταύτας
3155 4472 3255 4538 τὰς
3282 4472 3464 4542 φωνὰς
3493 4475 3696 4546 ἐφαρ-

423 4557 612 4613 denter
641 4565 840 4627 pateat,
877 4556 1143 4628 Spiritum
1174 4570 1424 4615 sanctum
1466 4577 1588 4617 esse
1620 4562 1785 4617 Deum
1810 4564 1975 4617 escel:

2140 4560 2397 4629 όσαντος,
2439 4562 2517 4626 ὡς
2562 4563 2652 4617 διὰ
2698 4563 2903 4618 τούτων
2949 4564 3195 4635 ἐναργῶς
3244 4564 3651 4633 ἀποδειχθῆναι
3672 4608 3690 4632 ,

425 4665 571 4704 sum.
605 4648 876 4703 Videntne
901 4664 1031 4720 ergo
1061 4650 1382 4720 qui‘gloriie
1423 4651 1661 4723 Spiritus
1696 4651 1977 4709 adversam

2140 4670 2177 4705 ιι
2203 4652 2335 4718 Θεὸς
2366 4653 2586 4725 ὕψιστος
2608 4655 2669 4709 16
2698 4655 2921 4727 Πνεῦμά
2948 4657 3063 4710 ἐστι
3090 4656 3151 4709 16
3172 4656 3347 4724 ἅγιον.
3368 4652 3510 4727 *Δρα
3535 4653 3692 4724 βλέ-

423 4747 535 4806 tur,
579 4741 791 4812 igneam
831 4755 1113 4795 sacrorum
1165 4742 1504 4813 eloquiorum
1553 4743 1831 4813 linguam,
1873 4760 1975 4814 qua

2141 4763 2287 4802 ουσιν
2319 4747 2369 4799 οί
2404 4747 2587 4818 ἐχθροὶ
2613 4750 2712 4820 τῆς
2749 4747 3023 4819 δόξηςτοῦ
3073 4747 3386 4818 Πνεῦματος
3418 4747 3530 4816 (ιι)
3567 4751 3693 4821 τὴν

422 4834 656 4888 obscura
701 4840 891 4900 erant,
939 4833 1340 4890 illustrantem?
1394 4840 1478 4890 An
1528 4850 1664 4900 nos,
1715 4841 1772 4888 ut
1812 4845 1974 4892 mustt

2138 4837 2332 4909 upivnv
2372 4837 2621 4906 γλῶσσαν
2648 4838 2755 4894 τῶν
2783 4838 2940 4894 θείων
2969 4838 3166 4908 λογίων
3191 4839 3292 4909 τὴν
3325 4837 3391 4893 τά
3416 4854 3690 4912 κεκρυμ-

496 4992 517 5025 δ
538 4992 684 5052 Psal.
712 5012 854 5065 χειν,
881 4998 933 5065 δ,
965 4998 1015 5055 9.
1090 5001 1111 5031 ⁸
1134 4998 1266 5054 lleb.
1306 5013 1387 5063 ιιι,
1422 4999 1471 5053 7.
1550 4999 1570 5028 ⁸
1593 4997 1737 5055 Psal.
1768 5014 1969 5066 Lxxvn,
2006 4999 2097 5057 56.

494 5148 571 5220 (8)
604 5148 729 5206 Haec
753 5158 837 5206 est
864 5166 994 5208 vera
1023 5152 1189 5221 hujus
1224 5153 1329 5207 loci
1357 5152 1540 5219 lectio,
1563 5168 1726 5221 quam
1771 5154 1987 5209 Vatica-

2121 5153 2371 5216 cribitur,
2404 5154 2465 5208 Εἰ
2489 5147 2580 5208 οὖν
2599 5153 2660 5207 16
2683 5152 2907 5222 Πνεῦμα
2927 5149 2988 5204 16
3009 5148 3161 5222 ἅγιον
3182 5149 3332 5222 λέγει
3356 5187 3371 5212 ,
3404 5147 3488 5202 ὅτι
3515 5147 3673 5222 ἐπεί.

421 5237 529 5314 nus
554 5218 768 5314 coges"
782 5238 934 5314 ηψπ.
966 5223 1073 5278 564
1100 5218 1180 5314 ;ex
1191 5223 1357 5277 hibet.
1402 5218 1676 5314 lunai-tero
1690 5223 1973 5314 ‘Vaticana

2124 5225 2264 5314 εσάν
2289 5242 2355 5314 με
2381 5226 2428 5314 ξιί
2456 5224 2688 5314 παᾼτέρες
2717 5218 2869 5293 ὑμῶν
2893 5222 2950 5275 ὲν
2975 5223 3042 5292 τῇ
3067 5220 3279 5291 ἐρήμῳ,
3304 5220 3332 5272 6
3351 5218 3676 5287 πειρασθεὶς

420 5291 1202 5365 itjdeniBibliothecmcodice
1232 5308 1385 5365 num.
1410 5294 1564 5365 _l097
1598 5294 1739 5365 male
1769 5294 1972 5365 legitur,

1122 5293 1202 5365 ice
1232 5308 1385 5365 num.
1410 5294 1564 5365 _l097
1598 5294 1739 5365 male
1769 5294 1986 5365 legitur,
2092 5291 2354 5365 Ὕψιστός
2379 5294 2493 5346 ἐστι
2518 5291 2667 5365 Θεός.

422 5352 483 5414 οῦ
516 5361 814 5446 ἐπείρασαν
848 5378 914 5431 με
958 5364 1006 5415 οἱ
1050 5363 1283 5433 πατέρες
1320 5362 1474 5433 ὑμῶν
1509 5379 1523 5394 ·
1560 5365 1588 5416 6
1614 5364 1669 5416 δὲ
1700 5352 1974 5485 Προῷᾌτηέ

422 5430 871 5485 διαμαρτυοεται.
905 5432 985 5485 ὅτι
1013 5433 1042 5484 6
1070 5434 1127 5485 ὲν
1156 5435 1219 5485 τῆ
1262 5433 1453 5485 tanta»
1507 5434 1820 5485 πειρασθείς
1898 5432 1974 5485 dm

1582 5383 1588 5414 ι
1614 5364 1669 5416 δὲ
1700 5352 1991 5485 Προῷἓτηξ
2166 5352 2243 5425 (9)
2271 5352 2424 5443 Alius
2450 5352 2644 5444 cadet,
2668 5361 2773 5415 τῶν
2803 5358 3134 5442 λαλούντων..

1582 5434 1820 5485 ιοασθεὶς
1898 5432 1989 5485 dat-
2164 5432 2279 5485 (l0)
2337 5432 2505 5485 Zmus
2539 5433 2697 5485 aliter
2746 5430 2915 5485 lemt:
2944 5444 3069 5483 nam
3120 5445 3134 5483 ι

422 5430 871 5503 διαμαρτύρεται,
905 5432 985 5503 ᾇτι
1013 5433 1042 5484 6
1070 5434 1127 5486 ὲν
1156 5430 1220 5503 τῇ
1262 5430 1453 5503 ἐρήμῳ
1507 5430 1837 5503 πειρασθείς
1865 5430 1974 5501 Odit}

2164 5432 2279 5503 (l0)
2337 5432 2505 5503 Zinus
2539 5433 2697 5503 aliter
2746 5430 3069 5503 legit;_nam
3120 5430 3511 5503 interpretatus
3546 5435 3675 5503 est,

425 5495 549 5572 616:;
581 5495 879 5564 ἐστι’Θεός.
918 5500 1042 5556 Haec
1082 5495 1262 5557 autem
1295 5495 1464 5558 'le'éti'o
1514 5502 1568 5557 in
1605 5495 1726 5556 Zini
1768 5495 1990 5572 quoque
2093 5495 2218 5571 Ipso
2249 5495 2356 5556 Deo
2402 5501 2566 5556 verbis
2619 5495 3045 5565 illisis'raelitas
3079 5495 3418 5569 alloquente:
3453 5495 3518 5549 Ιιι
3560 5498 3680 5550 αε-

425 5568 615 5644 codice
656 5572 1067 5644 reperiebatur;
1108 5572 1271 5644 vertit
1330 5574 1497 5644 enim,
1566 5568 1852 5644 Propheta
1872 5568 1990 5626 uero
2100 5568 2263 5644 serto,
2297 5580 2404 5644 c_t_c.

426 5642 674 5713 testatur,
707 5636 824 5713 eum
852 5642 942 5713 qui
977 5636 1212 5713 tentatus
1227 5651 1303 5696 est
1331 5642 1387 5695 in
1415 5642 1641 5713 deserto,
1672 5636 1785 5697 esse
1818 5640 1985 5713 Deum
2095 5711 2106 5713 _
2166 5643 2276 5713 (ll)
2303 5642 2549 5713 .Vcrbum
2586 5641 2677 5713 106
2705 5640 3019 5713 Πνεῦματος
3061 5638 3247 5696 omisit
3302 5636 3493 5701 linus,
3554 5650 3683 5695 nec

421 5706 709 5761 excelsum.
764 5706 901 5766 Male
949 5712 1114 5768 etiam
1163 5711 1218 5766 in
1275 5713 1448 5768 altero
1479 5711 1742 5768 Vaticano
1792 5712 1984 5769 codice
2093 5706 2325 5769 habetur
2353 5712 2408 5766 in
2439 5711 2544 5767 alio
2574 5710 2778 5766 codice.
