3930 6210
247 294 339 351 701

1556 312 1623 368 IN
1660 315 1715 373 S.
1762 317 2207 380 STEPIIANUM.

3361 316 3492 395 ’τοῦ

245 411 385 481 μένα
448 414 826 483 φωτίζουσαν,
854 419 888 492 ἢ
931 422 1008 485 ὡς
1043 424 1488 499 πεπληρωμένων
1518 432 1610 485 τοῦ
1655 436 1804 503 γλεύ-

1917 442 2128 510 plenos,
2162 443 2508 501 irridcbunt?
2537 446 2650 517 Ego
2678 461 2840 512 vero,
2869 448 3118 518 quamvis
3148 449 3264 506 haec
3297 422 3494 507 contra

242 518 368 564 κους
417 505 907 576 καταγελάσουσιν;
979 512 1118 581 Ἐγὼ
1161 516 1217 570 δὲ
1259 518 1360 571 κᾶν
1402 520 1573 575 ταῦτα
1617 523 1815 592 λέγωσι

240 592 363 644 καθ’
394 594 575 685 ἡμῶν,
607 598 959 668 συμϐουλεύω
993 604 1153 674 ὑμῖν,
1189 607 1426 677 ἀδελφοὶ,
1466 613 1539 682 μὴ
1576 614 1816 685 φοϐηθῆ-

238 700 321 734 ναι
354 684 448 736 τὸν
476 685 772 758 ὀνειδισμὸν
799 691 909 743 τῶν
941 694 1215 761 τοιούτων,
1250 701 1385 769 μηδὲ
1415 700 1492 771 τῷ
1524 684 1816 776 φαυλισμῷ

236 775 419 828 αὐτῶν
453 779 767 850 ἡττηθῆναι.
824 783 948 837 Εἴθε
999 787 1107 857 γὰρ
1145 789 1352 857 γένοιτό
1395 794 1504 863 (12)
1548 812 1680 849 ποτε
1718 775 1814 851 καῖ

235 866 466 931 ἐκείνοις
498 869 558 922 τὸ
593 870 824 938 γλεῦκος
854 875 1031 939 τοῦτο,
1066 878 1095 929 ὁ
1117 880 1393 953 νεοθλιῦὴς
1420 880 1572 949 οὗτος
1598 883 1760 955 οἶνος,
1785 893 1813 943 ό

236 960 297 1010 ἐκ
322 958 427 1028 τῆς
455 960 617 1031 ληνοῦ
655 965 938 1036 προχεθεὶς
958 1008 972 1033 ,
1011 972 1077 1042 ἢν
1104 972 1344 1045 ἐπάτησε
1376 976 1462 1030 διὰ
1500 978 1592 1031 τοῦ
1632 980 1813 1049 Εὐαγ-

234 1049 411 1140 γελίου
442 1050 473 1102 ό
508 1053 730 1125 Κύριος,
752 1057 836 1110 ῖνα
862 1075 943 1112 σοι
970 1060 1196 1132 πότιμον
1222 1066 1316 1118 τοῦ
1347 1067 1477 1120 ἰδίου
1508 1067 1730 1140 βότρυος
1751 1071 1812 1124 τὸ

232 1135 369 1209 αἷμα
403 1145 606 1215 ποιήσῃ
637 1147 770 1213 (15).
813 1147 938 1203 Εἴθε
986 1152 1094 1223 γὰρ
1127 1135 1525 1227 ἐπληρώθησαν
1566 1135 1809 1215 κακεῖνοι

232 1234 323 1286 τοῦ
357 1235 482 1287 νὲου
511 1237 700 1292 τούτου
733 1240 897 1303 οἴνου,
935 1242 995 1295 ὃν
1026 1244 1254 1311 γλεῦκος
1281 1247 1592 1317 ὠνόμασαν,
1623 1251 1680 1314 ὃς
1713 1253 1809 1323 τὴν

233 1325 315 1378 διὰ
356 1326 451 1379 τοῦ
496 1328 773 1398 ἀὶρετικοῦ
822 1332 929 1403 (id)
961 1333 1147 1399 ὓδατος
1191 1339 1469 1408 ἐπιμιξίαν
1515 1344 1663 1413 παρὰ
1700 1344 1807 1397 τῶν

232 1413 492 1484 καπήλων
519 1419 618 1471 οὐκ
646 1418 814 1472 ἔπαθε
834 1436 847 1450 ·
881 1424 1097 1503 παντως
1120 1425 1228 1496 γὰρ
1256 1428 1462 1482 καὶτοῦ
1492 1432 1807 1503 Πνεύματος

231 1500 459 1593 πλήρεις
487 1505 754 1573 ἐγένοντο,
780 1508 848 1561 δι’
875 1502 936 1562 οὗ
965 1512 1025 1564 τὺ
1050 1513 1193 1584 παχύ
1228 1533 1286 1568 τε
1308 1517 1404 1570 καὶ
1435 1500 1656 1585 ἰλυῶδες
1708 1525 1808 1593 τῆς

228 1589 487 1656 ἀπιστίας
532 1597 583 1647 οἱ
628 1596 906 1668 Πνεύματι
950 1601 1162 1666 ζέοντες
1198 1606 1291 1673 ἀφ’
1332 1608 1539 1661 ἑαυτῶν
1583 1589 1807 1682 ἐξαφρί-

228 1682 411 1746 ξουσιν
444 1686 581 1755 (l5).
623 1687 765 1742 Ἀλλ’
792 1691 853 1743 οὐ
891 1690 1143 1748 δύνανται
1170 1697 1219 1748 οἱ
1242 1698 1471 1752 τοιοῦτοι
1508 1702 1566 1753 ὲν
1591 1703 1805 1768 ἑαυτοῖς

1917 546 2018 589 nos
2059 533 2263 599 dicant,
2295 535 2651 594 nihilominus
2681 546 2871 593 auctor
2905 539 3059 596 vobis
3088 556 3232 605 sum,
3270 541 3482 608 fratres,

1915 629 1976 676 ut
1998 637 2187 677 eorum
2217 625 2447 681 dicteria
2476 626 2550 680 nil
2579 627 2838 694 timeatis,
2872 644 3007 683 neve
3044 630 3360 685 eorumdem
3393 634 3490 686 dc-

1916 710 2213 768 risionibus
2252 716 2647 772 succumbatis.
2695 717 2916 774 Utinam
2945 721 3091 773 enim
3134 728 3187 774 et
3219 721 3355 790 ipsis
3387 723 3479 776 ali-

1913 805 2132 873 quando
2160 804 2298 861 foret
2327 806 2429 861 hoc
2450 817 2708 874 mustum,
2733 825 2948 873 recens,
2982 810 3224 880 inquam,
3248 812 3483 868 effusum

1914 894 2016 949 hoc
2060 896 2268 959 vinum,
2314 912 2375 951 ac
2406 913 2468 952 ex
2515 900 2771 954 torculari
2821 900 3138 969 profusum,
3190 904 3334 973 quod
3388 920 3485 974 per

1913 982 2264 1054 Evangelium
2311 987 2570 1043 Dominus
2604 991 2892 1051 calcavit",
2925 1000 2982 1045 ut
3026 992 3122 1047 tibi
3162 994 3363 1063 proprii
3396 1009 3481 1047 ra-

1912 1076 2051 1129 cemi
2099 1077 2418 1146 sanguinem
2454 1081 2748 1147 potamlum
2785 1081 2960 1136 daret.
3009 1081 3231 1136 Utinam
3278 1092 3333 1137 et
3378 1083 3484 1153 ipsi

1910 1168 2099 1236 repleti
2144 1168 2344 1224 fuerint
2383 1186 2522 1225 novo
2550 1172 2652 1226 hoc
2680 1173 2828 1235 vino,
2863 1173 3005 1242 quod
3036 1182 3274 1228 mustum
3300 1176 3485 1243 appel—

1909 1260 2177 1321 laverunt.
2217 1260 2365 1329 quod
2406 1262 2671 1315 hteretica:
2706 1278 2859 1332 aqum
2894 1263 3221 1318 admistionc
3258 1280 3366 1318 non
3398 1274 3484 1318 est

1909 1365 1937 1402 a
1976 1350 2313 1419 cauponibus
2358 1353 2719 1406 adulteratam
2756 1372 2769 1406 :
2820 1369 3045 1422 prorsus
3076 1355 3218 1409 enim
3273 1352 3479 1424 Spiritu

1905 1438 2068 1493 etiam
2101 1440 2289 1508 repleti
2324 1439 2575 1504 fuissent,
2607 1441 2765 1509 cujus
2800 1457 2987 1510 opera,
3016 1442 3108 1511 qui
3140 1457 3202 1495 eo
3230 1440 3474 1513 fervenu,

1907 1544 2147 1584 crassam
2178 1530 2417 1599 perﬁdia:
2466 1532 2635 1586 fecem
2670 1548 2735 1586 ex
2772 1534 3013 1601 ipsorum
3054 1532 3251 1586 animis
3285 1532 3479 1602 despu-

1905 1631 2076 1675 mant.
2102 1620 2303 1676 Verum
2335 1623 2493 1678 istius
2523 1624 2739 1693 generis
2761 1624 3010 1677 homines
3034 1623 3087 1676 in
3114 1638 3173 1679 se
3201 1623 3333 1692 ipsis
3359 1640 3478 1677 mu-

1906 1723 2043 1768 stun.
2076 1714 2207 1768 illud
2236 1730 2430 1785 capere
2454 1732 2561 1771 non
2588 1725 2849 1785 possunt,
2876 1730 2999 1769 cum
3030 1715 3209 1770 adhuc
3238 1722 3477 1769 veterem

228 1775 289 1829 τὸ
317 1776 549 1844 γλεῦκος
571 1779 846 1848 δέξασθαι,
884 1784 963 1838 ἔτι
996 1786 1087 1839 τὸν
1121 1787 1348 1841 παλαιὸν
1378 1791 1545 1845 ἀσκὸν
1574 1796 1801 1865 περιφέ-

1908 1812 2081 1857 utrem
2104 1804 2515 1872 circumferant,
2543 1807 2634 1876 qui
2667 1821 2790 1860 cum
2820 1805 3088 1874 ejusmodi
3128 1806 3311 1859 vinum
3346 1818 3479 1859 con—

231 1883 438 1938 ροντες,
461 1868 518 1932 ὃς
544 1875 895 1943 περικρατεῖν
921 1875 1011 1929 τὸν
1039 1877 1277 1931 τοιοῦτον
1309 1881 1382 1951 μὴ
1406 1881 1701 1953 δυνάμενος
1729 1882 1801 1939 οἷ-

228 1974 339 2018 νον.
399 1960 690 2031 αἱρετικῶς
745 1964 1177 2036 ἀπορῤήγνυται.
1257 1970 1393 2024 Ἀλλ’
1446 1975 1606 2044 ἡμεῖς
1650 1975 1796 2047 (16),

227 2048 470 2118 ἀδελφοὶ,
494 2052 676 2117 καθώς
704 2072 869 2127 φησιν
896 2058 925 2109 ὀ
946 2060 1238 2132 Προφήτης
1253 2100 1268 2127 ,
1291 2062 1490 2128 Δεῦτε,
1513 2066 1798 2134 ἀγαλλια-

225 2141 466 2211 σὼμεθα
508 2145 588 2210 τῷ
621 2148 836 2216 Κυρίῳ,
869 2149 1135 2216 πίνοντες,
1169 2155 1261 2207 καὶ
1289 2154 1359 2208 τὰ
1388 2156 1488 2227 τῆς
1519 2159 1799 2223 εὐσεϐείας

224 2231 605 2304 γλυκάσματα,
664 2238 845 2302 καθὼς
892 2242 921 2292 ὁ
980 2243 1214 2313 Ἔσδρας
1263 2245 1652 2313 διακελεύεται,
1704 2252 1798 2304 καὶ

223 2326 341 2388 ταῖς
367 2324 480 2380 τῶν
532 2329 843 2383 ἀποστόλων
879 2349 937 2385 τε
967 2334 1060 2386 καὶ
1093 2336 1385 2407 προφητῶν
1413 2343 1797 2409 χοροστασίαις

224 2416 733 2490 ἐμφαιδρυνόμενοι,
761 2423 899 2477 κατὰ
935 2423 1032 2495 τὴν
1067 2424 1273 2497 δωρεὰν
1307 2427 1400 2481 τοῦ
1440 2430 1595 2498 ἁγίου
1624 2432 1795 2486 Πνεῦ-

230 2525 394 2576 ματος
439 2513 894 2586 ἀγαλλιασὼμεθα
939 2518 1033 2570 καὶ⁹
1058 2519 1449 2591 εὐφρανθῶμεν
1471 2524 1565 2576 ἐπὶ
1583 2527 1650 2595 τῇ
1682 2525 1792 2595 (l7)

1899 1896 2074 1950 tincrc
2125 1911 2232 1949 non
2278 1898 2484 1960 valeat,
2522 1897 2777 1951 haeretica
2815 1896 3053 1949 fractura
3094 1895 3474 1963 disrumpitur.

1896 1985 2003 2041 Nos
2039 1997 2240 2047 autem.
2286 1986 2503 2061 fratres,
2539 1995 2598 2041 ut
2627 1987 2702 2041 ait
2731 1985 3023 2055 Pmphela,
3068 1985 3267 2048 Venite,
3293 1981 3475 2037 exsul-

1898 2087 2063 2131 temus
2108 2078 2350 2133 Domino.
2408 2078 2667 2134 Bibamus
2715 2078 2934 2148 pietatis
2986 2074 3363 2135 dulcedinem,
3417 2078 3480 2126 ut

1898 2169 2100 2225 Esdras
2143 2171 2383 2240 prmcipit
2410 2173 2451 2234 ⁸,
2490 2179 2544 2225 et
2578 2172 2633 2225 in
2679 2171 3051 2240 apostolorum
3090 2174 3143 2221 et
3183 2166 3479 2236 prepheta-

1900 2276 2019 2315 rum
2071 2262 2256 2317 choris
2310 2263 2650 2332 gaudentes,
2682 2278 2781 2331 pro
2828 2261 3002 2314 sancti
3042 2258 3282 2328 Spiritus
3332 2256 3477 2308 dono

1899 2353 2258 2417 exsultemus,
2296 2362 2349 2407 ct
2383 2354 2628 2407 laitcmur
2660 2354 2712 2406 in
2754 2354 2857 2405 hac
2896 2350 2984 2404 die
3019 2363 3181 2418 quam
3216 2347 3340 2399 fecit
3370 2344 3478 2397 Do-

1899 2443 2099 2509 minus,
2145 2445 2198 2497 in
2244 2445 2465 2499 Christo
2509 2444 2641 2500 Jesu
2674 2444 2907 2499 Domino
2939 2449 3149 2506 nostro,
3185 2439 3271 2493 cui
3300 2437 3476 2508 gloria

1899 2530 1953 2583 in
1984 2533 2201 2587 szecula.
2236 2534 2430 2588 Amen.

456 2607 646 2682 ταύτην
687 2611 755 2681 ἢν
809 2613 1062 2683 ἐποίησεν
1089 2615 1131 2666 ’ὁ
1181 2614 1383 2685 Κύριος
1399 2657 1415 2684 9
1467 2620 1525 2672 ἒν
1574 2620 1793 2692 Χριστῴ
1842 2622 2029 2696 Ἰησοῦ
2045 2626 2122 2697 τῷ
2152 2630 2340 2700 Κυρίῳ
2376 2629 2554 2701 ἡμῶν,
2592 2622 2637 2699 ᾧ
2672 2631 2705 2701 ἡ
2748 2628 2873 2691 δόξα
2916 2627 2996 2691 είς
3061 2626 3186 2689 τοὺς
3251 2621 3470 2684 αἰῶνας.

237 2694 431 2766 Ἀμήν.

292 2853 311 2886 ⁷
335 2852 449 2909 lsa.
486 2870 642 2921 uni,
676 2857 729 2913 5.
807 2856 919 2912 ⁸111
950 2859 1108 2915 Esdr.
1146 2875 1224 2917 ix.
1254 2861 1342 2918 52.

292 3007 404 3092 (lg)
438 3007 627 3092 nZinus
658 3012 877 3092 videtur
914 3017 1428 3092 legis_s_e,_yévowro,
1471 3017 1797 3092 refraganti-

228 3076 323 3133 bus
348 3076 636 3154 Vaticanis
670 3087 924 3142 omnibus
961 3076 1276 3153 codicibus;
1324 3076 1482 3143 vertit
1508 3076 1675 3154 enim,
1705 3094 1801 3145 Αι-

228 3150 562 3226 qucjtiggm
597 3152 700 3220 ipsi
728 3170 927 3226 quoque
952 3162 1227 3226 degustant
1258 3150 1354 3212 hoc
1380 3170 1631 3212 mustum.

291 3220 403 3286 (εδ)
435 3216 668 3274 Videtur
697 3216 858 3278 aliam
888 3216 1175 3281 lectionem
1205 3237 1429 3283 secutus
1459 3245 1580 3283 esse
1607 3228 1796 3287 Zinus.

230 3288 314 3353 qui
348 3289 768 3370 interpretatur,
810 3294 876 3347 Ut
910 3297 1061 3370 nobis
1093 3305 1346 3366 tanquam
1377 3301 1573 3352 racemi
1597 3300 1801 3367 proprii

232 3362 799 3433 corporisja‘nguinem
830 3366 1155 3433 propinaret.

295 3429 405 3498 (14)
441 3425 640 3486 Omisit
665 3425 840 3489 Zinus
854 3425 1064 3500 vocem,
1088 3435 1181 3489 τοῦ
1202 3436 1501 3509 αἱρετικοῦ.

1972 3021 2086 3091 (15)
2153 3020 2383 3076 Videtur
2411 3022 2568 3076 aliter
2588 3022 2784 3092 legisse
2813 3022 3003 3085 Zinus,
3028 3021 3111 3078 vel
3141 3022 3322 3093 potius
3359 3021 3474 3093 \jim

1900 3092 2074 3146 Graeci
2106 3099 2289 3147 textus
2320 3107 2428 3146 non
2461 3108 2584 3147 esse
2625 3102 2945 3153 assecutus;
2980 3106 3101 3145 nam
3128 3092 3322 3157 Vertit,
3356 3092 3473 3158 Qua

1898 3164 2108 3229 quidem
2162 3162 2448 3241 ferven_tes_,
2532 3178 2794 3241 crassam.
2827 3162 3194 3241 lintosamqtte_
3234 3162 3472 3241 perfidia:

1898 3248 2138 3300 spumam
2165 3248 2229 3285 ea:
2256 3233 2448 3285 animis
2476 3232 2586 3286 suis
2615 3232 2963 3300 eﬂ'underent,
2999 3240 3049 3285 et
3085 3231 3393 3301 abjicerent.

1996 3302 2083 3370 16)
2109 3301 2282 3356 Zinus
2314 3302 2466 3370 legit,
2500 3303 2680 3369 ὑμεῖς.

2004 3318 2083 3370 ID)
2109 3318 2282 3356 Linus
2314 3318 2466 3424 leg“,
2500 3318 2680 3369 υμεις.

2004 3372 2084 3442 17)
2112 3373 2267 3426 Alius
2296 3386 2362 3427 co
2402 3387 2469 3426 ex
2495 3370 2811 3425 Vaticanus.
2837 3370 2893 3422 ὲν
2926 3372 3014 3441 τῇ.

246 3649 3449 3687 m

1511 3792 1809 3934 ΤΟΥ
1888 3734 2425 3935 ΑΥΤΟΥ

1735 4031 2086 4085 ΕΓΚΩΜΙΟΝ

435 4225 607 4312 ΕΙΣ
695 4226 920 4312 TON
989 4218 1325 4312 ΑΓΙΟΝ
1381 4219 1969 4313 ΣΤΕΦΑΝΟΝ
2058 4229 2283 4315 TON
2356 4223 3256 4317 ΠΡΩΤΟΜΑΡΤΥΡΑ.

1509 4582 2178 4690 EJUSDEM

1672 4792 2037 4852 ENCOMIUM

482 4970 604 5061 IN
680 4967 1229 5061 SANCTUM
1303 4964 2029 5057 STEPHANUM
2098 4962 3216 5057 PROTOMARTYREM.

1463 5158 1728 5210 Laurentio
1760 5160 1928 5210 Sil'ano
1958 5158 2250 5221 interprete.

295 5462 396 5527 Ὦς
431 5459 567 5531 καλὴ
612 5463 720 5515 τῶν
777 5462 995 5532 ἀγαθῶν
1029 5464 1062 5533 ἡ
1097 5462 1421 5517 ἀκολουθίαί
1457 5464 1531 5528 ὡς
1571 5464 1793 5534 γλυκεῖα

1969 5464 2141 5530 Quam
2166 5446 2391 5535 pulchra
2417 5468 2686 5522 bonorum
2722 5446 3117 5538 consequentia
3136 5469 3256 5525 est!
3290 5469 3465 5535 Quam

221 5553 316 5624 τῆς
364 5554 708 5627 εὐφροσύνης
756 5558 790 5629 ἡ
841 5555 1098 5626 διαδοχήῐ
1166 5555 1294 5609 Ἰδοὺ
1343 5557 1449 5626 γὰρ
1504 5559 1695 5631 ἑορτὴν
1738 5559 1796 5624 ἐξ

1908 5557 2143 5627 iucunda
2177 5559 2375 5613 laetitia:
2410 5559 2724 5614 successio!
2753 5560 2891 5615 Ecce
2925 5564 3068 5615 enim
3099 5562 3241 5616 diem
3272 5561 3467 5616 festum

224 5644 461 5716 ἑορτῆς,
510 5647 602 5699 καὶ
648 5647 806 5717 χάριν
856 5646 1321 5719 ὰντιλαμϐἀνομεν
1366 5650 1602 5720 χάριτος.
1654 5650 1797 5714 Χθὲς

1908 5662 1968 5700 ex
2005 5646 2092 5701 (lic
2132 5646 2295 5710 festo,
2324 5660 2376 5701 ct
2399 5651 2624 5719 gratiam
2646 5667 2743 5720 pro
2774 5652 2948 5719 gratia
2988 5653 3310 5721 accipimus.
3344 5650 3467 5706 llcri

226 5737 366 5803 ἡμᾶς
414 5738 444 5790 ὁ
478 5735 569 5791 τοῦ
609 5739 801 5802 παντὸς
849 5739 1123 5810 Δεσπότης
1168 5739 1425 5806 εἱστίασε,
1461 5741 1723 5811 σήμερον,
1763 5741 1791 5793 ὁ

1908 5736 2166 5796 Dominus
2188 5740 2428 5794 universi
2459 5756 2557 5796 nos
2587 5742 2752 5812 pavit,
2777 5739 2934 5797 hodie
2963 5741 3174 5797 Domini
3200 5742 3466 5795 imitator.
