  <div class='ocr_page' id='page_1' title='image "/cluster/home/n/w/nwhite01/storage/ocr_20150623/46/hvd.32044054112198/367.png"; bbox 0 0 3930 6210; ppageno 0'>
   <div class='ocr_carea' id='block_1_1' title="bbox 403 206 508 266">
    <p class='ocr_par' dir='ltr' id='par_1_1' title="bbox 403 206 508 266">
     <span class='ocr_line' id='line_1_1' title="bbox 403 206 508 266; baseline 0.105 -11"><span class='ocrx_word' id='word_1_1' title='bbox 403 206 469 264; x_wconf 80' lang='lat'>70</span> <span class='ocrx_word' id='word_1_2' title='bbox 478 212 508 266; x_wconf 70' lang='lat'><strong><em>5</em></strong></span> 
     </span>
    </p>
   </div>
   <div class='ocr_carea' id='block_1_2' title="bbox 1599 207 2351 266">
    <p class='ocr_par' dir='ltr' id='par_1_2' title="bbox 1599 207 2351 266">
     <span class='ocr_line' id='line_1_2' title="bbox 1599 207 2351 266; baseline -0.001 -2"><span class='ocrx_word' id='word_1_3' title='bbox 1599 210 1656 264; x_wconf 92' lang='lat' dir='ltr'><strong>S.</strong></span> <span class='ocrx_word' id='word_1_4' title='bbox 1699 209 2021 266; x_wconf 78' lang='lat' dir='ltr'><strong>GREGORII</strong></span> <span class='ocrx_word' id='word_1_5' title='bbox 2059 207 2351 265; x_wconf 83' lang='lat' dir='ltr'><strong>NYSSENI</strong></span> 
     </span>
    </p>
   </div>
   <div class='ocr_carea' id='block_1_3' title="bbox 3540 205 3671 261">
    <p class='ocr_par' dir='ltr' id='par_1_3' title="bbox 3540 205 3671 261">
     <span class='ocr_line' id='line_1_3' title="bbox 3540 205 3671 261; baseline 0 -1"><span class='ocrx_word' id='word_1_6' title='bbox 3540 205 3671 261; x_wconf 70' lang='grc' dir='ltr'>7οι</span> 
     </span>
    </p>
   </div>
   <div class='ocr_carea' id='block_1_4' title="bbox 402 312 1994 394">
    <p class='ocr_par' dir='ltr' id='par_1_4' title="bbox 402 319 1973 390">
     <span class='ocr_line' id='line_1_4' title="bbox 402 319 1973 390; baseline 0.003 -17"><span class='ocrx_word' id='word_1_7' title='bbox 402 320 687 387; x_wconf 84' lang='lat' dir='ltr'><strong>Quomodo</strong></span> <span class='ocrx_word' id='word_1_8' title='bbox 742 319 851 383; x_wconf 90' lang='lat' dir='ltr'><strong>hic,</strong></span> <span class='ocrx_word' id='word_1_9' title='bbox 901 328 994 373; x_wconf 89' lang='lat' dir='ltr'><strong>aut</strong></span> <span class='ocrx_word' id='word_1_10' title='bbox 1058 320 1335 390; x_wconf 90' lang='lat' dir='ltr'><strong>quomodo</strong></span> <span class='ocrx_word' id='word_1_11' title='bbox 1377 322 1511 377; x_wconf 90' lang='lat' dir='ltr'><strong>ille?</strong></span> <span class='ocrx_word' id='word_1_12' title='bbox 1560 321 1652 377; x_wconf 84' lang='lat' dir='ltr'><strong>llle</strong></span> <span class='ocrx_word' id='word_1_13' title='bbox 1698 323 1973 378; x_wconf 86' lang='lat' dir='ltr'><strong>hominem</strong></span> 
     </span>
    </p>
   </div>
   <div class='ocr_carea' id='block_1_5' title="bbox 2096 312 3671 394">
    <p class='ocr_par' dir='ltr' id='par_1_5' title="bbox 2096 312 3671 393">
     <span class='ocr_line' id='line_1_5' title="bbox 2096 312 3671 393; baseline 0 -18"><span class='ocrx_word' id='word_1_14' title='bbox 2096 320 2322 393; x_wconf 75' lang='grc' dir='ltr'>ιιμητὴς</span> <span class='ocrx_word' id='word_1_15' title='bbox 2349 318 2443 374; x_wconf 78' lang='grc' dir='ltr'>τοῦ</span> <span class='ocrx_word' id='word_1_16' title='bbox 2477 321 2767 377; x_wconf 86' lang='grc' dir='ltr'>Δεσπότου.</span> <span class='ocrx_word' id='word_1_17' title='bbox 2806 319 2931 384; x_wconf 84' lang='grc' dir='ltr'><strong>Πῶς</strong></span> <span class='ocrx_word' id='word_1_18' title='bbox 2954 312 3131 385; x_wconf 71' lang='grc' dir='ltr'>οὗτος,</span> <span class='ocrx_word' id='word_1_19' title='bbox 3165 319 3199 391; x_wconf 80' lang='grc' dir='ltr'><strong>ἢ</strong></span> <span class='ocrx_word' id='word_1_20' title='bbox 3246 318 3358 383; x_wconf 82' lang='grc' dir='ltr'><strong>πῶς</strong></span> <span class='ocrx_word' id='word_1_21' title='bbox 3397 321 3610 385; x_wconf 72' lang='grc' dir='ltr'>ἐκεῖνος</span> <span class='ocrx_word' id='word_1_22' title='bbox 3647 338 3671 387; x_wconf 91' lang='lat'><strong>;</strong></span> 
     </span>
    </p>
   </div>
   <div class='ocr_carea' id='block_1_6' title="bbox 402 411 1969 485">
    <p class='ocr_par' dir='ltr' id='par_1_6' title="bbox 402 411 1969 485">
     <span class='ocr_line' id='line_1_6' title="bbox 402 411 1969 485; baseline 0.001 -18"><span class='ocrx_word' id='word_1_23' title='bbox 402 430 503 485; x_wconf 90' lang='lat' dir='ltr'><strong>pro</strong></span> <span class='ocrx_word' id='word_1_24' title='bbox 538 413 698 468; x_wconf 90' lang='lat' dir='ltr'><strong>nobis</strong></span> <span class='ocrx_word' id='word_1_25' title='bbox 753 411 1008 478; x_wconf 89' lang='lat' dir='ltr'><strong>induens,</strong></span> <span class='ocrx_word' id='word_1_26' title='bbox 1057 413 1146 468; x_wconf 90' lang='lat' dir='ltr'><strong>hic</strong></span> <span class='ocrx_word' id='word_1_27' title='bbox 1179 429 1278 482; x_wconf 88' lang='lat' dir='ltr'><strong>pro</strong></span> <span class='ocrx_word' id='word_1_28' title='bbox 1304 414 1396 468; x_wconf 89' lang='lat' dir='ltr'><strong>illo</strong></span> <span class='ocrx_word' id='word_1_29' title='bbox 1441 413 1716 468; x_wconf 82' lang='lat' dir='ltr'>hominem</span> <span class='ocrx_word' id='word_1_30' title='bbox 1741 431 1969 471; x_wconf 79' lang='lat' dir='ltr'><strong>exuens.</strong></span> 
     </span>
    </p>
   </div>
   <div class='ocr_carea' id='block_1_7' title="bbox 405 502 1973 574">
    <p class='ocr_par' dir='ltr' id='par_1_7' title="bbox 405 502 1973 574">
     <span class='ocr_line' id='line_1_7' title="bbox 405 502 1973 574; baseline 0.001 -15"><span class='ocrx_word' id='word_1_31' title='bbox 405 506 501 560; x_wconf 85' lang='lat' dir='ltr'><strong>Ille</strong></span> <span class='ocrx_word' id='word_1_32' title='bbox 534 504 658 559; x_wconf 76' lang='lat' dir='ltr'><strong>vitae</strong></span> <span class='ocrx_word' id='word_1_33' title='bbox 688 503 1002 573; x_wconf 86' lang='lat' dir='ltr'><strong>speluncam</strong></span> <span class='ocrx_word' id='word_1_34' title='bbox 1033 512 1258 573; x_wconf 91' lang='lat' dir='ltr'><strong>propter</strong></span> <span class='ocrx_word' id='word_1_35' title='bbox 1293 519 1394 558; x_wconf 89' lang='lat' dir='ltr'><strong>nos</strong></span> <span class='ocrx_word' id='word_1_36' title='bbox 1435 502 1681 570; x_wconf 90' lang='lat' dir='ltr'><strong>subiens,</strong></span> <span class='ocrx_word' id='word_1_37' title='bbox 1722 504 1809 558; x_wconf 90' lang='lat' dir='ltr'><strong>hic</strong></span> <span class='ocrx_word' id='word_1_38' title='bbox 1846 520 1973 574; x_wconf 79' lang='lat' dir='ltr'><strong>pro-</strong></span> 
     </span>
    </p>
   </div>
   <div class='ocr_carea' id='block_1_8' title="bbox 406 591 1974 673">
    <p class='ocr_par' dir='ltr' id='par_1_8' title="bbox 406 591 1974 673">
     <span class='ocr_line' id='line_1_8' title="bbox 406 591 1974 673; baseline 0.002 -24"><span class='ocrx_word' id='word_1_39' title='bbox 406 608 525 666; x_wconf 90' lang='lat' dir='ltr'><strong>pter</strong></span> <span class='ocrx_word' id='word_1_40' title='bbox 569 595 724 649; x_wconf 91' lang='lat' dir='ltr'><strong>illum</strong></span> <span class='ocrx_word' id='word_1_41' title='bbox 784 608 850 649; x_wconf 77' lang='lat' dir='ltr'><strong>ex</strong></span> <span class='ocrx_word' id='word_1_42' title='bbox 906 594 1170 664; x_wconf 83' lang='lat' dir='ltr'><strong>spelunca</strong></span> <span class='ocrx_word' id='word_1_43' title='bbox 1208 594 1504 673; x_wconf 79' lang='lat' dir='ltr'><strong>excedens.</strong></span> <span class='ocrx_word' id='word_1_44' title='bbox 1538 591 1633 649; x_wconf 87' lang='lat' dir='ltr'><strong>Ille</strong></span> <span class='ocrx_word' id='word_1_45' title='bbox 1686 610 1786 664; x_wconf 87' lang='lat' dir='ltr'><strong>pro</strong></span> <span class='ocrx_word' id='word_1_46' title='bbox 1813 597 1974 653; x_wconf 87' lang='lat' dir='ltr'><strong>nobis</strong></span> 
     </span>
    </p>
   </div>
   <div class='ocr_carea' id='block_1_9' title="bbox 408 685 1976 756">
    <p class='ocr_par' dir='ltr' id='par_1_9' title="bbox 408 685 1976 756">
     <span class='ocr_line' id='line_1_9' title="bbox 408 685 1976 756; baseline 0 -16"><span class='ocrx_word' id='word_1_47' title='bbox 408 686 595 742; x_wconf 82' lang='lat' dir='ltr'><strong>fasciis</strong></span> <span class='ocrx_word' id='word_1_48' title='bbox 630 685 934 750; x_wconf 84' lang='lat' dir='ltr'><strong>involutus,</strong></span> <span class='ocrx_word' id='word_1_49' title='bbox 972 686 1059 739; x_wconf 89' lang='lat' dir='ltr'><strong>hic</strong></span> <span class='ocrx_word' id='word_1_50' title='bbox 1090 701 1191 755; x_wconf 85' lang='lat' dir='ltr'><strong>pro</strong></span> <span class='ocrx_word' id='word_1_51' title='bbox 1221 686 1316 740; x_wconf 93' lang='lat' dir='ltr'><strong>illo</strong></span> <span class='ocrx_word' id='word_1_52' title='bbox 1366 685 1667 756; x_wconf 75' lang='lat' dir='ltr'><strong>lapidatus.</strong></span> <span class='ocrx_word' id='word_1_53' title='bbox 1701 686 1797 740; x_wconf 87' lang='lat' dir='ltr'><strong>Ille</strong></span> <span class='ocrx_word' id='word_1_54' title='bbox 1826 702 1976 742; x_wconf 90' lang='lat' dir='ltr'><strong>mor-</strong></span> 
     </span>
    </p>
   </div>
   <div class='ocr_carea' id='block_1_10' title="bbox 407 774 1977 845">
    <p class='ocr_par' dir='ltr' id='par_1_10' title="bbox 407 774 1977 845">
     <span class='ocr_line' id='line_1_10' title="bbox 407 774 1977 845; baseline 0.001 -15"><span class='ocrx_word' id='word_1_55' title='bbox 407 788 513 830; x_wconf 90' lang='lat' dir='ltr'><strong>tem</strong></span> <span class='ocrx_word' id='word_1_56' title='bbox 550 777 892 839; x_wconf 91' lang='lat' dir='ltr'><strong>interimens,</strong></span> <span class='ocrx_word' id='word_1_57' title='bbox 924 777 1014 831; x_wconf 90' lang='lat' dir='ltr'><strong>hic</strong></span> <span class='ocrx_word' id='word_1_58' title='bbox 1058 776 1218 830; x_wconf 88' lang='lat' dir='ltr'><strong>morti</strong></span> <span class='ocrx_word' id='word_1_59' title='bbox 1252 774 1458 845; x_wconf 92' lang='lat' dir='ltr'><strong>jacenti</strong></span> <span class='ocrx_word' id='word_1_60' title='bbox 1492 777 1788 833; x_wconf 78' lang='lat' dir='ltr'><strong>insultans.</strong></span> <span class='ocrx_word' id='word_1_61' title='bbox 1819 776 1977 832; x_wconf 88' lang='lat' dir='ltr'><strong>Enim</strong></span> 
     </span>
    </p>
   </div>
   <div class='ocr_carea' id='block_1_11' title="bbox 408 867 1978 931">
    <p class='ocr_par' dir='ltr' id='par_1_11' title="bbox 408 867 1978 931">
     <span class='ocr_line' id='line_1_11' title="bbox 408 867 1978 931; baseline 0.002 -10"><span class='ocrx_word' id='word_1_62' title='bbox 408 883 559 931; x_wconf 91' lang='lat' dir='ltr'><strong>vero,</strong></span> <span class='ocrx_word' id='word_1_63' title='bbox 622 867 841 931; x_wconf 87' lang='lat' dir='ltr'><strong>fratres,</strong></span> <span class='ocrx_word' id='word_1_64' title='bbox 875 882 1276 922; x_wconf 87' lang='lat' dir='ltr'><strong>concurramus</strong></span> <span class='ocrx_word' id='word_1_65' title='bbox 1304 867 1470 921; x_wconf 87' lang='lat' dir='ltr'><strong>etiam</strong></span> <span class='ocrx_word' id='word_1_66' title='bbox 1500 882 1604 923; x_wconf 91' lang='lat' dir='ltr'><strong>nos</strong></span> <span class='ocrx_word' id='word_1_67' title='bbox 1630 882 1884 924; x_wconf 82' lang='lat' dir='ltr'>sermone</span> <span class='ocrx_word' id='word_1_68' title='bbox 1909 870 1978 924; x_wconf 90' lang='lat' dir='ltr'><strong>ad</strong></span> 
     </span>
    </p>
   </div>
   <div class='ocr_carea' id='block_1_12' title="bbox 409 959 1981 1030">
    <p class='ocr_par' dir='ltr' id='par_1_12' title="bbox 409 959 1981 1030">
     <span class='ocr_line' id='line_1_12' title="bbox 409 959 1981 1030; baseline 0.003 -18"><span class='ocrx_word' id='word_1_69' title='bbox 409 961 706 1022; x_wconf 87' lang='lat' dir='ltr'><strong>theatrum,</strong></span> <span class='ocrx_word' id='word_1_70' title='bbox 740 976 849 1030; x_wconf 87' lang='lat' dir='ltr'><strong>quo</strong></span> <span class='ocrx_word' id='word_1_71' title='bbox 879 974 1109 1030; x_wconf 84' lang='lat' dir='ltr'><strong>magnus</strong></span> <span class='ocrx_word' id='word_1_72' title='bbox 1154 959 1246 1014; x_wconf 92' lang='lat' dir='ltr'><strong>ille</strong></span> <span class='ocrx_word' id='word_1_73' title='bbox 1278 960 1483 1014; x_wconf 90' lang='lat' dir='ltr'><strong>athleta</strong></span> <span class='ocrx_word' id='word_1_74' title='bbox 1532 961 1769 1026; x_wconf 87' lang='lat' dir='ltr'><strong>laborat,</strong></span> <span class='ocrx_word' id='word_1_75' title='bbox 1798 972 1854 1017; x_wconf 91' lang='lat' dir='ltr'><strong>et</strong></span> <span class='ocrx_word' id='word_1_76' title='bbox 1882 963 1981 1017; x_wconf 84' lang='lat' dir='ltr'><strong>ad-</strong></span> 
     </span>
    </p>
   </div>
   <div class='ocr_carea' id='block_1_13' title="bbox 410 1049 1980 1120">
    <p class='ocr_par' dir='ltr' id='par_1_13' title="bbox 410 1049 1980 1120">
     <span class='ocr_line' id='line_1_13' title="bbox 410 1049 1980 1120; baseline 0.004 -17"><span class='ocrx_word' id='word_1_77' title='bbox 410 1066 600 1106; x_wconf 89' lang='lat' dir='ltr'><strong>versus</strong></span> <span class='ocrx_word' id='word_1_78' title='bbox 660 1050 968 1120; x_wconf 87' lang='lat' dir='ltr'><strong>improbum</strong></span> <span class='ocrx_word' id='word_1_79' title='bbox 1016 1049 1269 1104; x_wconf 72' lang='lat' dir='ltr'><strong>humana:</strong></span> <span class='ocrx_word' id='word_1_80' title='bbox 1316 1052 1440 1106; x_wconf 74' lang='lat' dir='ltr'><strong>vita:</strong></span> <span class='ocrx_word' id='word_1_81' title='bbox 1481 1052 1852 1108; x_wconf 88' lang='lat' dir='ltr'><strong>adversarium</strong></span> <span class='ocrx_word' id='word_1_82' title='bbox 1911 1053 1980 1109; x_wconf 89' lang='lat' dir='ltr'><strong>ad</strong></span> 
     </span>
    </p>
   </div>
   <div class='ocr_carea' id='block_1_14' title="bbox 409 1141 1979 1212">
    <p class='ocr_par' dir='ltr' id='par_1_14' title="bbox 409 1141 1979 1212">
     <span class='ocr_line' id='line_1_14' title="bbox 409 1141 1979 1212; baseline 0.002 -16"><span class='ocrx_word' id='word_1_83' title='bbox 409 1151 685 1197; x_wconf 90' lang='lat' dir='ltr'><strong>certamen</strong></span> <span class='ocrx_word' id='word_1_84' title='bbox 719 1142 1023 1212; x_wconf 80' lang='lat' dir='ltr'><strong>accingitur</strong></span> <span class='ocrx_word' id='word_1_85' title='bbox 1050 1142 1104 1195; x_wconf 93' lang='lat' dir='ltr'><strong>in</strong></span> <span class='ocrx_word' id='word_1_86' title='bbox 1137 1141 1314 1196; x_wconf 88' lang='lat' dir='ltr'><strong>stadio</strong></span> <span class='ocrx_word' id='word_1_87' title='bbox 1352 1143 1738 1200; x_wconf 73' lang='lat' dir='ltr'><strong>confessionis.</strong></span> <span class='ocrx_word' id='word_1_88' title='bbox 1774 1143 1979 1200; x_wconf 77' lang='lat' dir='ltr'><strong>Revera</strong></span> 
     </span>
    </p>
   </div>
   <div class='ocr_carea' id='block_1_15' title="bbox 411 1232 1981 1304">
    <p class='ocr_par' dir='ltr' id='par_1_15' title="bbox 411 1232 1981 1304">
     <span class='ocr_line' id='line_1_15' title="bbox 411 1232 1981 1304; baseline 0.001 -16"><span class='ocrx_word' id='word_1_89' title='bbox 411 1234 578 1295; x_wconf 88' lang='lat' dir='ltr'><strong>enim,</strong></span> <span class='ocrx_word' id='word_1_90' title='bbox 599 1233 754 1302; x_wconf 79' lang='lat' dir='ltr'><strong>juxta</strong></span> <span class='ocrx_word' id='word_1_91' title='bbox 783 1248 973 1288; x_wconf 89' lang='lat' dir='ltr'><strong>vocem</strong></span> <span class='ocrx_word' id='word_1_92' title='bbox 1003 1232 1157 1287; x_wconf 86' lang='lat' dir='ltr'><strong>Pauli</strong></span> <span class='ocrx_word' id='word_1_93' title='bbox 1179 1233 1219 1297; x_wconf 70' lang='grc' dir='ltr'>ι,</span> <span class='ocrx_word' id='word_1_94' title='bbox 1255 1234 1459 1288; x_wconf 90' lang='lat' dir='ltr'><strong>mundo</strong></span> <span class='ocrx_word' id='word_1_95' title='bbox 1492 1243 1544 1288; x_wconf 88' lang='lat' dir='ltr'><strong>et</strong></span> <span class='ocrx_word' id='word_1_96' title='bbox 1569 1236 1777 1304; x_wconf 78' lang='lat' dir='ltr'><strong>angelis</strong></span> <span class='ocrx_word' id='word_1_97' title='bbox 1809 1246 1862 1290; x_wconf 85' lang='lat' dir='ltr'><strong>et</strong></span> <span class='ocrx_word' id='word_1_98' title='bbox 1882 1236 1981 1290; x_wconf 91' lang='lat' dir='ltr'><strong>bo-</strong></span> 
     </span>
    </p>
   </div>
   <div class='ocr_carea' id='block_1_16' title="bbox 413 1323 1976 1395">
    <p class='ocr_par' dir='ltr' id='par_1_16' title="bbox 413 1323 1976 1395">
     <span class='ocr_line' id='line_1_16' title="bbox 413 1323 1976 1395; baseline 0.003 -18"><span class='ocrx_word' id='word_1_99' title='bbox 413 1324 652 1377; x_wconf 87' lang='lat' dir='ltr'><strong>minibus</strong></span> <span class='ocrx_word' id='word_1_100' title='bbox 691 1323 1007 1392; x_wconf 84' lang='lat' dir='ltr'><strong>spectaculo</strong></span> <span class='ocrx_word' id='word_1_101' title='bbox 1041 1323 1145 1378; x_wconf 89' lang='lat' dir='ltr'><strong>fuit</strong></span> <span class='ocrx_word' id='word_1_102' title='bbox 1210 1339 1444 1394; x_wconf 83' lang='lat' dir='ltr'><strong>magnus</strong></span> <span class='ocrx_word' id='word_1_103' title='bbox 1492 1324 1583 1380; x_wconf 90' lang='lat' dir='ltr'><strong>ille</strong></span> <span class='ocrx_word' id='word_1_104' title='bbox 1645 1324 1976 1395; x_wconf 84' lang='lat' dir='ltr'><strong>Stephanus,</strong></span> 
     </span>
    </p>
   </div>
   <div class='ocr_carea' id='block_1_17' title="bbox 409 1414 1982 1484">
    <p class='ocr_par' dir='ltr' id='par_1_17' title="bbox 409 1414 1982 1484">
     <span class='ocr_line' id='line_1_17' title="bbox 409 1414 1982 1484; baseline 0.005 -18"><span class='ocrx_word' id='word_1_105' title='bbox 409 1414 502 1483; x_wconf 80' lang='lat' dir='ltr'><strong>qui</strong></span> <span class='ocrx_word' id='word_1_106' title='bbox 530 1414 740 1483; x_wconf 87' lang='lat' dir='ltr'><strong>primus</strong></span> <span class='ocrx_word' id='word_1_107' title='bbox 795 1415 1093 1484; x_wconf 82' lang='lat' dir='ltr'><strong>Stephano,</strong></span> <span class='ocrx_word' id='word_1_108' title='bbox 1147 1415 1200 1471; x_wconf 98' lang='lat' dir='ltr'><strong>id</strong></span> <span class='ocrx_word' id='word_1_109' title='bbox 1245 1424 1352 1481; x_wconf 87' lang='lat' dir='ltr'><strong>est,</strong></span> <span class='ocrx_word' id='word_1_110' title='bbox 1386 1433 1581 1470; x_wconf 85' lang='lat' dir='ltr'><strong>corona</strong></span> <span class='ocrx_word' id='word_1_111' title='bbox 1614 1418 1982 1474; x_wconf 79' lang='lat' dir='ltr'><strong>confessionis</strong></span> 
     </span>
    </p>
   </div>
   <div class='ocr_carea' id='block_1_18' title="bbox 412 1505 1981 1579">
    <p class='ocr_par' dir='ltr' id='par_1_18' title="bbox 412 1505 1981 1579">
     <span class='ocr_line' id='line_1_18' title="bbox 412 1505 1981 1579; baseline 0.004 -21"><span class='ocrx_word' id='word_1_112' title='bbox 412 1505 701 1560; x_wconf 91' lang='lat' dir='ltr'><strong>redimitus</strong></span> <span class='ocrx_word' id='word_1_113' title='bbox 728 1513 784 1561; x_wconf 89' lang='lat' dir='ltr'><strong>et</strong></span> <span class='ocrx_word' id='word_1_114' title='bbox 838 1514 1067 1561; x_wconf 88' lang='lat' dir='ltr'><strong>ornatus</strong></span> <span class='ocrx_word' id='word_1_115' title='bbox 1096 1514 1201 1572; x_wconf 88' lang='lat' dir='ltr'><strong>est,</strong></span> <span class='ocrx_word' id='word_1_116' title='bbox 1227 1517 1529 1579; x_wconf 82' lang='lat' dir='ltr'><strong>martyrum</strong></span> <span class='ocrx_word' id='word_1_117' title='bbox 1572 1510 1736 1563; x_wconf 66' lang='lat' dir='ltr'><strong>coetui</strong></span> <span class='ocrx_word' id='word_1_118' title='bbox 1774 1511 1981 1564; x_wconf 86' lang='lat' dir='ltr'><strong>aditum</strong></span> 
     </span>
    </p>
   </div>
   <div class='ocr_carea' id='block_1_19' title="bbox 415 1595 1983 1670">
    <p class='ocr_par' dir='ltr' id='par_1_19' title="bbox 415 1595 1983 1670">
     <span class='ocr_line' id='line_1_19' title="bbox 415 1595 1983 1670; baseline 0.004 -21"><span class='ocrx_word' id='word_1_119' title='bbox 415 1595 583 1661; x_wconf 86' lang='lat' dir='ltr'><strong>fecit;</strong></span> <span class='ocrx_word' id='word_1_120' title='bbox 631 1595 724 1665; x_wconf 84' lang='lat' dir='ltr'><strong>qui</strong></span> <span class='ocrx_word' id='word_1_121' title='bbox 762 1597 972 1667; x_wconf 91' lang='lat' dir='ltr'><strong>primus</strong></span> <span class='ocrx_word' id='word_1_122' title='bbox 1027 1613 1201 1667; x_wconf 87' lang='lat' dir='ltr'><strong>usque</strong></span> <span class='ocrx_word' id='word_1_123' title='bbox 1252 1598 1321 1652; x_wconf 88' lang='lat' dir='ltr'><strong>ad</strong></span> <span class='ocrx_word' id='word_1_124' title='bbox 1378 1602 1702 1669; x_wconf 83' lang='lat' dir='ltr'><strong>sanguinem</strong></span> <span class='ocrx_word' id='word_1_125' title='bbox 1756 1613 1983 1670; x_wconf 80' lang='lat' dir='ltr'><strong>peccato</strong></span> 
     </span>
    </p>
   </div>
   <div class='ocr_carea' id='block_1_20' title="bbox 2084 411 3669 484">
    <p class='ocr_par' dir='ltr' id='par_1_20' title="bbox 2084 411 3669 484">
     <span class='ocr_line' id='line_1_20' title="bbox 2084 411 3669 484; baseline -0.003 -16"><span class='ocrx_word' id='word_1_126' title='bbox 2084 415 2343 477; x_wconf 83' lang='grc' dir='ltr'>Ἐκεῖνος,</span> <span class='ocrx_word' id='word_1_127' title='bbox 2394 412 2485 466; x_wconf 84' lang='grc' dir='ltr'><strong>τὸν</strong></span> <span class='ocrx_word' id='word_1_128' title='bbox 2529 411 2812 483; x_wconf 78' lang='grc' dir='ltr'>ἄνθρωπον</span> <span class='ocrx_word' id='word_1_129' title='bbox 2866 412 3005 484; x_wconf 82' lang='grc' dir='ltr'>ὑπὲρ</span> <span class='ocrx_word' id='word_1_130' title='bbox 3055 411 3216 483; x_wconf 81' lang='grc' dir='ltr'>ἡμῶν</span> <span class='ocrx_word' id='word_1_131' title='bbox 3270 412 3669 483; x_wconf 76' lang='grc' dir='ltr'><strong>ἐνδυσάμενος,</strong></span> 
     </span>
    </p>
   </div>
   <div class='ocr_carea' id='block_1_21' title="bbox 2070 498 3672 573">
    <p class='ocr_par' dir='ltr' id='par_1_21' title="bbox 2070 498 3672 573">
     <span class='ocr_line' id='line_1_21' title="bbox 2070 498 3672 573; baseline -0.001 -15"><span class='ocrx_word' id='word_1_132' title='bbox 2070 498 2226 568; x_wconf 74' lang='grc' dir='ltr'>οὗτος</span> <span class='ocrx_word' id='word_1_133' title='bbox 2251 543 2266 568; x_wconf 89' lang='grc'><strong>,</strong></span> <span class='ocrx_word' id='word_1_134' title='bbox 2314 503 2408 556; x_wconf 83' lang='grc' dir='ltr'><strong>τὸν</strong></span> <span class='ocrx_word' id='word_1_135' title='bbox 2458 501 2743 571; x_wconf 79' lang='grc' dir='ltr'>ἄνθρωπον</span> <span class='ocrx_word' id='word_1_136' title='bbox 2777 502 2916 573; x_wconf 78' lang='grc' dir='ltr'>ὑπὲρ</span> <span class='ocrx_word' id='word_1_137' title='bbox 2962 503 3170 556; x_wconf 74' lang='grc' dir='ltr'>ἐκείνου</span> <span class='ocrx_word' id='word_1_138' title='bbox 3218 501 3672 571; x_wconf 84' lang='grc' dir='ltr'>ἀποδυσάμενος.</span> 
     </span>
    </p>
   </div>
   <div class='ocr_carea' id='block_1_22' title="bbox 2085 592 3671 664">
    <p class='ocr_par' dir='ltr' id='par_1_22' title="bbox 2085 592 3671 664">
     <span class='ocr_line' id='line_1_22' title="bbox 2085 592 3671 664; baseline -0.003 -15"><span class='ocrx_word' id='word_1_139' title='bbox 2085 596 2342 660; x_wconf 85' lang='grc' dir='ltr'>Ἐκεῖνος,</span> <span class='ocrx_word' id='word_1_140' title='bbox 2368 593 2428 646; x_wconf 81' lang='grc' dir='ltr'><strong>τὸ</strong></span> <span class='ocrx_word' id='word_1_141' title='bbox 2449 593 2543 647; x_wconf 81' lang='grc' dir='ltr'><strong>τοῦ</strong></span> <span class='ocrx_word' id='word_1_142' title='bbox 2569 592 2684 664; x_wconf 83' lang='grc' dir='ltr'>βίου</span> <span class='ocrx_word' id='word_1_143' title='bbox 2713 593 2973 663; x_wconf 84' lang='grc' dir='ltr'>σπήλαιον</span> <span class='ocrx_word' id='word_1_144' title='bbox 2999 593 3062 646; x_wconf 80' lang='grc' dir='ltr'>δι’</span> <span class='ocrx_word' id='word_1_145' title='bbox 3087 594 3235 663; x_wconf 80' lang='grc' dir='ltr'>ἡμᾶς</span> <span class='ocrx_word' id='word_1_146' title='bbox 3260 593 3671 663; x_wconf 77' lang='grc' dir='ltr'>ὑπερχόμενος,</span> 
     </span>
    </p>
   </div>
   <div class='ocr_carea' id='block_1_23' title="bbox 2073 682 3673 756">
    <p class='ocr_par' dir='ltr' id='par_1_23' title="bbox 2073 682 3673 756">
     <span class='ocr_line' id='line_1_23' title="bbox 2073 682 3673 756; baseline -0.001 -15"><span class='ocrx_word' id='word_1_147' title='bbox 2073 682 2246 751; x_wconf 72' lang='grc' dir='ltr'>οὗτος,</span> <span class='ocrx_word' id='word_1_148' title='bbox 2272 685 2365 739; x_wconf 78' lang='grc' dir='ltr'>τοῦ</span> <span class='ocrx_word' id='word_1_149' title='bbox 2395 684 2659 756; x_wconf 76' lang='grc' dir='ltr'><strong>σπηλαίου</strong></span> <span class='ocrx_word' id='word_1_150' title='bbox 2684 685 2749 738; x_wconf 85' lang='grc' dir='ltr'>δι’</span> <span class='ocrx_word' id='word_1_151' title='bbox 2775 686 2979 739; x_wconf 77' lang='grc' dir='ltr'>ἐκεῖνον</span> <span class='ocrx_word' id='word_1_152' title='bbox 3008 684 3456 756; x_wconf 79' lang='grc' dir='ltr'>ύπεξερχόμενος.</span> <span class='ocrx_word' id='word_1_153' title='bbox 3473 686 3673 739; x_wconf 74' lang='grc' dir='ltr'>Ἐκεϊο</span> 
     </span>
    </p>
   </div>
   <div class='ocr_carea' id='block_1_24' title="bbox 2074 769 3670 848">
    <p class='ocr_par' dir='ltr' id='par_1_24' title="bbox 2074 769 3670 848">
     <span class='ocr_line' id='line_1_24' title="bbox 2074 769 3670 848; baseline -0.003 -16"><span class='ocrx_word' id='word_1_154' title='bbox 2074 795 2183 843; x_wconf 87' lang='grc' dir='ltr'>νος,</span> <span class='ocrx_word' id='word_1_155' title='bbox 2211 777 2349 848; x_wconf 81' lang='grc' dir='ltr'>ὑπὲρ</span> <span class='ocrx_word' id='word_1_156' title='bbox 2381 776 2535 847; x_wconf 79' lang='grc' dir='ltr'>ἡμῶν</span> <span class='ocrx_word' id='word_1_157' title='bbox 2567 776 3070 847; x_wconf 87' lang='grc' dir='ltr'>σπαργανούμενος,</span> <span class='ocrx_word' id='word_1_158' title='bbox 3100 769 3417 846; x_wconf 73' lang='grc' dir='ltr'>ούτος,ύπὲρ</span> <span class='ocrx_word' id='word_1_159' title='bbox 3439 775 3670 830; x_wconf 74' lang='grc' dir='ltr'>ἐκείνου</span> 
     </span>
    </p>
   </div>
   <div class='ocr_carea' id='block_1_25' title="bbox 2076 865 3675 939">
    <p class='ocr_par' dir='ltr' id='par_1_25' title="bbox 2076 865 3675 939">
     <span class='ocr_line' id='line_1_25' title="bbox 2076 865 3675 939; baseline 0.001 -16"><span class='ocrx_word' id='word_1_160' title='bbox 2076 868 2552 939; x_wconf 85' lang='grc' dir='ltr'>καταλιθούμενος.</span> <span class='ocrx_word' id='word_1_161' title='bbox 2589 869 2826 932; x_wconf 85' lang='grc' dir='ltr'>Ἐκεῖνος</span> <span class='ocrx_word' id='word_1_162' title='bbox 2856 868 3095 939; x_wconf 79' lang='grc' dir='ltr'><strong>ἀναιρῶν</strong></span> <span class='ocrx_word' id='word_1_163' title='bbox 3118 866 3209 921; x_wconf 79' lang='grc' dir='ltr'>τὸν</span> <span class='ocrx_word' id='word_1_164' title='bbox 3226 868 3478 934; x_wconf 86' lang='grc' dir='ltr'>θάνατον,</span> <span class='ocrx_word' id='word_1_165' title='bbox 3498 865 3675 933; x_wconf 73' lang='grc' dir='ltr'>οὗτος</span> 
     </span>
    </p>
   </div>
   <div class='ocr_carea' id='block_1_26' title="bbox 2076 959 3672 1031">
    <p class='ocr_par' dir='ltr' id='par_1_26' title="bbox 2076 959 3672 1031">
     <span class='ocr_line' id='line_1_26' title="bbox 2076 959 3672 1031; baseline -0.001 -16"><span class='ocrx_word' id='word_1_166' title='bbox 2076 960 2418 1031; x_wconf 71' lang='grc' dir='ltr'>ἐπεμϐαίνων</span> <span class='ocrx_word' id='word_1_167' title='bbox 2470 960 2550 1030; x_wconf 82' lang='grc' dir='ltr'>τῷ</span> <span class='ocrx_word' id='word_1_168' title='bbox 2595 959 2807 1028; x_wconf 84' lang='grc' dir='ltr'><strong>Θανάτῳ</strong></span> <span class='ocrx_word' id='word_1_169' title='bbox 2852 961 3107 1031; x_wconf 82' lang='grc' dir='ltr'><strong>κειμένῳ.</strong></span> <span class='ocrx_word' id='word_1_170' title='bbox 3168 960 3329 1014; x_wconf 87' lang='grc' dir='ltr'>Ἀλλά</span> <span class='ocrx_word' id='word_1_171' title='bbox 3372 961 3483 1031; x_wconf 83' lang='grc' dir='ltr'>γὰρ</span> <span class='ocrx_word' id='word_1_172' title='bbox 3524 978 3672 1014; x_wconf 85' lang='grc' dir='ltr'>συν-</span> 
     </span>
    </p>
   </div>
   <div class='ocr_carea' id='block_1_27' title="bbox 2077 1051 3670 1123">
    <p class='ocr_par' dir='ltr' id='par_1_27' title="bbox 2077 1051 3670 1123">
     <span class='ocr_line' id='line_1_27' title="bbox 2077 1051 3670 1123; baseline -0.001 -17"><span class='ocrx_word' id='word_1_173' title='bbox 2077 1052 2409 1123; x_wconf 76' lang='grc' dir='ltr'><strong>δράμωμεν,</strong></span> <span class='ocrx_word' id='word_1_174' title='bbox 2459 1051 2709 1120; x_wconf 78' lang='grc' dir='ltr'>ἀδελφοὶ,</span> <span class='ocrx_word' id='word_1_175' title='bbox 2757 1052 2849 1105; x_wconf 75' lang='grc' dir='ltr'><strong>καὶ</strong></span> <span class='ocrx_word' id='word_1_176' title='bbox 2895 1054 3056 1122; x_wconf 83' lang='grc' dir='ltr'><strong>ἡμεῖς</strong></span> <span class='ocrx_word' id='word_1_177' title='bbox 3102 1051 3180 1121; x_wconf 81' lang='grc' dir='ltr'>τῷ</span> <span class='ocrx_word' id='word_1_178' title='bbox 3234 1051 3375 1122; x_wconf 84' lang='grc' dir='ltr'>λόγῳ</span> <span class='ocrx_word' id='word_1_179' title='bbox 3416 1052 3553 1122; x_wconf 77' lang='grc' dir='ltr'>πρὸς</span> <span class='ocrx_word' id='word_1_180' title='bbox 3593 1051 3670 1105; x_wconf 80' lang='grc' dir='ltr'>τὸ</span> 
     </span>
    </p>
   </div>
   <div class='ocr_carea' id='block_1_28' title="bbox 2080 1141 3666 1215">
    <p class='ocr_par' dir='ltr' id='par_1_28' title="bbox 2080 1141 3666 1215">
     <span class='ocr_line' id='line_1_28' title="bbox 2080 1141 3666 1215; baseline -0.001 -19"><span class='ocrx_word' id='word_1_181' title='bbox 2080 1142 2324 1215; x_wconf 82' lang='grc' dir='ltr'>θέατρον,</span> <span class='ocrx_word' id='word_1_182' title='bbox 2353 1143 2428 1205; x_wconf 86' lang='grc' dir='ltr'>ὡς</span> <span class='ocrx_word' id='word_1_183' title='bbox 2455 1146 2483 1196; x_wconf 97' lang='lat'><strong>6</strong></span> <span class='ocrx_word' id='word_1_184' title='bbox 2511 1142 2748 1213; x_wconf 83' lang='grc' dir='ltr'>ἀθλητὴς</span> <span class='ocrx_word' id='word_1_185' title='bbox 2786 1143 2816 1195; x_wconf 86' lang='lat'><strong>6</strong></span> <span class='ocrx_word' id='word_1_186' title='bbox 2853 1143 3022 1213; x_wconf 89' lang='grc' dir='ltr'>μέγας</span> <span class='ocrx_word' id='word_1_187' title='bbox 3065 1144 3477 1211; x_wconf 77' lang='grc' dir='ltr'>ὲναγωνίσηται,</span> <span class='ocrx_word' id='word_1_188' title='bbox 3514 1141 3666 1212; x_wconf 75' lang='grc' dir='ltr'>πρὸς</span> 
     </span>
    </p>
   </div>
   <div class='ocr_carea' id='block_1_29' title="bbox 2080 1228 3669 1302">
    <p class='ocr_par' dir='ltr' id='par_1_29' title="bbox 2080 1228 3669 1302">
     <span class='ocr_line' id='line_1_29' title="bbox 2080 1228 3669 1302; baseline -0.003 -17"><span class='ocrx_word' id='word_1_189' title='bbox 2080 1231 2168 1286; x_wconf 81' lang='grc' dir='ltr'><strong>τὸν</strong></span> <span class='ocrx_word' id='word_1_190' title='bbox 2200 1230 2434 1302; x_wconf 72' lang='grc' dir='ltr'>πονηρὸν</span> <span class='ocrx_word' id='word_1_191' title='bbox 2475 1230 2765 1284; x_wconf 85' lang='grc' dir='ltr'>ἀντίπαλον</span> <span class='ocrx_word' id='word_1_192' title='bbox 2792 1231 2892 1300; x_wconf 82' lang='grc' dir='ltr'><strong>τῆς</strong></span> <span class='ocrx_word' id='word_1_193' title='bbox 2940 1229 3285 1302; x_wconf 80' lang='grc' dir='ltr'>ἀνθρωπίνης</span> <span class='ocrx_word' id='word_1_194' title='bbox 3317 1230 3465 1299; x_wconf 74' lang='grc' dir='ltr'>ζωῆς</span> <span class='ocrx_word' id='word_1_195' title='bbox 3491 1231 3549 1281; x_wconf 78' lang='grc' dir='ltr'>ὲν</span> <span class='ocrx_word' id='word_1_196' title='bbox 3580 1228 3669 1299; x_wconf 79' lang='grc' dir='ltr'>τῷ</span> 
     </span>
    </p>
   </div>
   <div class='ocr_carea' id='block_1_30' title="bbox 2083 1319 3666 1394">
    <p class='ocr_par' dir='ltr' id='par_1_30' title="bbox 2083 1319 3666 1394">
     <span class='ocr_line' id='line_1_30' title="bbox 2083 1319 3666 1394; baseline -0.004 -17"><span class='ocrx_word' id='word_1_197' title='bbox 2083 1324 2280 1394; x_wconf 86' lang='grc' dir='ltr'>σταδίῳ</span> <span class='ocrx_word' id='word_1_198' title='bbox 2316 1323 2416 1391; x_wconf 83' lang='grc' dir='ltr'>τῆς</span> <span class='ocrx_word' id='word_1_199' title='bbox 2462 1321 2750 1392; x_wconf 79' lang='grc' dir='ltr'><strong>ὁμολογίας</strong></span> <span class='ocrx_word' id='word_1_200' title='bbox 2797 1320 3178 1391; x_wconf 83' lang='grc' dir='ltr'>ἀποδυόμενος.</span> <span class='ocrx_word' id='word_1_201' title='bbox 3244 1319 3484 1391; x_wconf 85' lang='grc' dir='ltr'>’Δληθῶς</span> <span class='ocrx_word' id='word_1_202' title='bbox 3520 1320 3666 1388; x_wconf 74' lang='grc' dir='ltr'>γάρ,</span> 
     </span>
    </p>
   </div>
   <div class='ocr_carea' id='block_1_31' title="bbox 2082 1413 3671 1488">
    <p class='ocr_par' dir='ltr' id='par_1_31' title="bbox 2082 1413 3671 1488">
     <span class='ocr_line' id='line_1_31' title="bbox 2082 1413 3671 1488; baseline -0.004 -15"><span class='ocrx_word' id='word_1_203' title='bbox 2082 1418 2223 1473; x_wconf 85' lang='grc' dir='ltr'><strong>κατά</strong></span> <span class='ocrx_word' id='word_1_204' title='bbox 2250 1418 2348 1488; x_wconf 82' lang='grc' dir='ltr'>τὴν</span> <span class='ocrx_word' id='word_1_205' title='bbox 2375 1415 2585 1469; x_wconf 81' lang='grc' dir='ltr'>Παύλου</span> <span class='ocrx_word' id='word_1_206' title='bbox 2616 1415 2819 1486; x_wconf 78' lang='grc' dir='ltr'>φωνὴν,</span> <span class='ocrx_word' id='word_1_207' title='bbox 2851 1414 3074 1486; x_wconf 85' lang='grc' dir='ltr'>θέατρον</span> <span class='ocrx_word' id='word_1_208' title='bbox 3100 1413 3332 1484; x_wconf 74' lang='grc' dir='ltr'>ἐγενήθη</span> <span class='ocrx_word' id='word_1_209' title='bbox 3362 1414 3440 1485; x_wconf 81' lang='grc' dir='ltr'>τῷ</span> <span class='ocrx_word' id='word_1_210' title='bbox 3464 1415 3671 1484; x_wconf 78' lang='grc' dir='ltr'>κόσμῳ</span> 
     </span>
    </p>
   </div>
   <div class='ocr_carea' id='block_1_32' title="bbox 2082 1492 3674 1577">
    <p class='ocr_par' dir='ltr' id='par_1_32' title="bbox 2082 1492 3674 1577">
     <span class='ocr_line' id='line_1_32' title="bbox 2082 1492 3674 1577; baseline -0.003 -15"><span class='ocrx_word' id='word_1_211' title='bbox 2082 1509 2177 1562; x_wconf 74' lang='grc' dir='ltr'><strong>καὶ</strong></span> <span class='ocrx_word' id='word_1_212' title='bbox 2200 1507 2447 1575; x_wconf 81' lang='grc' dir='ltr'><strong>ἀγγέλοις</strong></span> <span class='ocrx_word' id='word_1_213' title='bbox 2470 1492 2567 1560; x_wconf 58' lang='lat' dir='ltr'><strong>ml:</strong></span> <span class='ocrx_word' id='word_1_214' title='bbox 2591 1505 2898 1577; x_wconf 87' lang='grc' dir='ltr'>ἀνθρώποις</span> <span class='ocrx_word' id='word_1_215' title='bbox 2920 1507 2948 1559; x_wconf 86' lang='grc' dir='ltr'>ὁ</span> <span class='ocrx_word' id='word_1_216' title='bbox 2979 1506 3150 1575; x_wconf 82' lang='grc' dir='ltr'><strong>μέγας</strong></span> <span class='ocrx_word' id='word_1_217' title='bbox 3180 1505 3471 1573; x_wconf 82' lang='grc' dir='ltr'>Στέφανος,</span> <span class='ocrx_word' id='word_1_218' title='bbox 3506 1506 3674 1577; x_wconf 79' lang='grc' dir='ltr'>πρῶ-</span> 
     </span>
    </p>
   </div>
   <div class='ocr_carea' id='block_1_33' title="bbox 2082 1596 3673 1669">
    <p class='ocr_par' dir='ltr' id='par_1_33' title="bbox 2082 1596 3673 1669">
     <span class='ocr_line' id='line_1_33' title="bbox 2082 1596 3673 1669; baseline -0.001 -18"><span class='ocrx_word' id='word_1_219' title='bbox 2082 1617 2173 1663; x_wconf 83' lang='grc' dir='ltr'><strong>τος</strong></span> <span class='ocrx_word' id='word_1_220' title='bbox 2206 1600 2294 1653; x_wconf 79' lang='grc' dir='ltr'><strong>τὸν</strong></span> <span class='ocrx_word' id='word_1_221' title='bbox 2322 1600 2585 1668; x_wconf 78' lang='grc' dir='ltr'>στέφανον</span> <span class='ocrx_word' id='word_1_222' title='bbox 2610 1598 2709 1669; x_wconf 84' lang='grc' dir='ltr'>τῆς</span> <span class='ocrx_word' id='word_1_223' title='bbox 2737 1596 3021 1668; x_wconf 83' lang='grc' dir='ltr'>ὁμολογίας</span> <span class='ocrx_word' id='word_1_224' title='bbox 3054 1597 3482 1667; x_wconf 79' lang='grc' dir='ltr'>ἀναδησάμενος,</span> <span class='ocrx_word' id='word_1_225' title='bbox 3505 1597 3673 1667; x_wconf 83' lang='grc' dir='ltr'>πρῶ-</span> 
     </span>
    </p>
   </div>
   <div class='ocr_carea' id='block_1_34' title="bbox 413 1673 1994 1762">
    <p class='ocr_par' dir='ltr' id='par_1_34' title="bbox 413 1688 1984 1761">
     <span class='ocr_line' id='line_1_34' title="bbox 413 1688 1984 1761; baseline 0.003 -21"><span class='ocrx_word' id='word_1_226' title='bbox 413 1688 738 1742; x_wconf 83' lang='lat' dir='ltr'><strong>adversatus</strong></span> <span class='ocrx_word' id='word_1_227' title='bbox 764 1698 868 1743; x_wconf 88' lang='lat' dir='ltr'><strong>est.</strong></span> <span class='ocrx_word' id='word_1_228' title='bbox 900 1691 977 1745; x_wconf 88' lang='lat' dir='ltr'><strong>Ac</strong></span> <span class='ocrx_word' id='word_1_229' title='bbox 1006 1692 1137 1745; x_wconf 78' lang='lat' dir='ltr'><strong>milii</strong></span> <span class='ocrx_word' id='word_1_230' title='bbox 1170 1691 1388 1746; x_wconf 87' lang='lat' dir='ltr'><strong>videtur</strong></span> <span class='ocrx_word' id='word_1_231' title='bbox 1414 1692 1984 1761; x_wconf 81' lang='lat' dir='ltr'><strong>supramundanorum</strong></span> 
     </span>
    </p>
   </div>
   <div class='ocr_carea' id='block_1_35' title="bbox 2096 1673 3667 1762">
    <p class='ocr_par' dir='ltr' id='par_1_35' title="bbox 2096 1688 3667 1762">
     <span class='ocr_line' id='line_1_35' title="bbox 2096 1688 3667 1762; baseline -0.003 -18"><span class='ocrx_word' id='word_1_232' title='bbox 2096 1709 2177 1755; x_wconf 79' lang='grc' dir='ltr'><strong>τος</strong></span> <span class='ocrx_word' id='word_1_233' title='bbox 2208 1690 2285 1762; x_wconf 83' lang='grc' dir='ltr'>τῷ</span> <span class='ocrx_word' id='word_1_234' title='bbox 2313 1690 2458 1762; x_wconf 90' lang='grc' dir='ltr'>χορῷ</span> <span class='ocrx_word' id='word_1_235' title='bbox 2483 1690 2591 1744; x_wconf 82' lang='grc' dir='ltr'><strong>τῶν</strong></span> <span class='ocrx_word' id='word_1_236' title='bbox 2625 1689 2915 1762; x_wconf 85' lang='grc' dir='ltr'>μαρτύρων</span> <span class='ocrx_word' id='word_1_237' title='bbox 2944 1688 3265 1759; x_wconf 83' lang='grc' dir='ltr'>ὁδοποιήσας</span> <span class='ocrx_word' id='word_1_238' title='bbox 3293 1689 3391 1759; x_wconf 82' lang='grc' dir='ltr'><strong>τὴν</strong></span> <span class='ocrx_word' id='word_1_239' title='bbox 3428 1688 3667 1753; x_wconf 71' lang='grc' dir='ltr'>εἴσοδον,</span> 
     </span>
    </p>
   </div>
   <div class='ocr_carea' id='block_1_36' title="bbox 412 1778 1989 1851">
    <p class='ocr_par' dir='ltr' id='par_1_36' title="bbox 412 1778 1989 1851">
     <span class='ocr_line' id='line_1_36' title="bbox 412 1778 1989 1851; baseline 0.006 -24"><span class='ocrx_word' id='word_1_240' title='bbox 412 1778 689 1830; x_wconf 82' lang='lat' dir='ltr'><strong>exercitus</strong></span> <span class='ocrx_word' id='word_1_241' title='bbox 722 1779 921 1843; x_wconf 90' lang='lat' dir='ltr'><strong>omnis,</strong></span> <span class='ocrx_word' id='word_1_242' title='bbox 947 1787 1000 1832; x_wconf 89' lang='lat' dir='ltr'><strong>et</strong></span> <span class='ocrx_word' id='word_1_243' title='bbox 1034 1794 1223 1833; x_wconf 88' lang='lat' dir='ltr'><strong>omnes</strong></span> <span class='ocrx_word' id='word_1_244' title='bbox 1250 1781 1568 1850; x_wconf 82' lang='lat' dir='ltr'><strong>angelorum</strong></span> <span class='ocrx_word' id='word_1_245' title='bbox 1592 1781 1853 1851; x_wconf 83' lang='lat' dir='ltr'><strong>legiones,</strong></span> <span class='ocrx_word' id='word_1_246' title='bbox 1877 1791 1989 1836; x_wconf 92' lang='lat' dir='ltr'><strong>tam</strong></span> 
     </span>
    </p>
   </div>
   <div class='ocr_carea' id='block_1_37' title="bbox 415 1868 1986 1941">
    <p class='ocr_par' dir='ltr' id='par_1_37' title="bbox 415 1868 1986 1941">
     <span class='ocr_line' id='line_1_37' title="bbox 415 1868 1986 1941; baseline 0.006 -22"><span class='ocrx_word' id='word_1_247' title='bbox 415 1868 842 1922; x_wconf 86' lang='lat' dir='ltr'><strong>ministrantium</strong></span> <span class='ocrx_word' id='word_1_248' title='bbox 874 1870 1478 1938; x_wconf 85' lang='lat' dir='ltr'><strong>quamassistentium:</strong></span> <span class='ocrx_word' id='word_1_249' title='bbox 1508 1886 1571 1926; x_wconf 90' lang='lat' dir='ltr'><strong>ac</strong></span> <span class='ocrx_word' id='word_1_250' title='bbox 1599 1872 1643 1927; x_wconf 91' lang='lat' dir='ltr'><strong>si</strong></span> <span class='ocrx_word' id='word_1_251' title='bbox 1680 1872 1813 1941; x_wconf 85' lang='lat' dir='ltr'><strong>quid</strong></span> <span class='ocrx_word' id='word_1_252' title='bbox 1841 1874 1986 1928; x_wconf 81' lang='lat' dir='ltr'><strong>aliud</strong></span> 
     </span>
    </p>
   </div>
   <div class='ocr_carea' id='block_1_38' title="bbox 414 1955 1988 2032">
    <p class='ocr_par' dir='ltr' id='par_1_38' title="bbox 414 1955 1988 2032">
     <span class='ocr_line' id='line_1_38' title="bbox 414 1955 1988 2032; baseline 0.008 -27"><span class='ocrx_word' id='word_1_253' title='bbox 414 1955 683 2023; x_wconf 82' lang='lat' dir='ltr'><strong>dignitate</strong></span> <span class='ocrx_word' id='word_1_254' title='bbox 713 1956 1001 2024; x_wconf 83' lang='lat' dir='ltr'><strong>praeditum</strong></span> <span class='ocrx_word' id='word_1_255' title='bbox 1053 1958 1107 2011; x_wconf 92' lang='lat' dir='ltr'>in</span> <span class='ocrx_word' id='word_1_256' title='bbox 1141 1962 1395 2028; x_wconf 89' lang='lat' dir='ltr'><strong>supernis</strong></span> <span class='ocrx_word' id='word_1_257' title='bbox 1425 1962 1670 2029; x_wconf 84' lang='lat' dir='ltr'><strong>partibus</strong></span> <span class='ocrx_word' id='word_1_258' title='bbox 1704 1963 1988 2032; x_wconf 88' lang='lat' dir='ltr'><strong>audimus,</strong></span> 
     </span>
    </p>
   </div>
   <div class='ocr_carea' id='block_1_39' title="bbox 414 2045 1994 2117">
    <p class='ocr_par' dir='ltr' id='par_1_39' title="bbox 414 2045 1994 2117">
     <span class='ocr_line' id='line_1_39' title="bbox 414 2045 1994 2117; baseline 0.008 -20"><span class='ocrx_word' id='word_1_259' title='bbox 414 2045 561 2115; x_wconf 81' lang='lat' dir='ltr'><strong>quod</strong></span> <span class='ocrx_word' id='word_1_260' title='bbox 621 2046 673 2100; x_wconf 94' lang='lat' dir='ltr'><strong>in</strong></span> <span class='ocrx_word' id='word_1_261' title='bbox 705 2048 1132 2117; x_wconf 87' lang='lat' dir='ltr'><strong>principatibus,</strong></span> <span class='ocrx_word' id='word_1_262' title='bbox 1174 2057 1228 2103; x_wconf 90' lang='lat' dir='ltr'><strong>et</strong></span> <span class='ocrx_word' id='word_1_263' title='bbox 1256 2050 1556 2108; x_wconf 81' lang='lat' dir='ltr'><strong>virtutibus</strong></span> <span class='ocrx_word' id='word_1_264' title='bbox 1604 2060 1660 2108; x_wconf 87' lang='lat' dir='ltr'><strong>et</strong></span> <span class='ocrx_word' id='word_1_265' title='bbox 1692 2054 1908 2109; x_wconf 88' lang='lat' dir='ltr'><strong>thronis</strong></span> <span class='ocrx_word' id='word_1_266' title='bbox 1938 2064 1994 2109; x_wconf 88' lang='lat' dir='ltr'><strong>et</strong></span> 
     </span>
    </p>
   </div>
   <div class='ocr_carea' id='block_1_40' title="bbox 417 2139 1993 2209">
    <p class='ocr_par' dir='ltr' id='par_1_40' title="bbox 417 2139 1993 2209">
     <span class='ocr_line' id='line_1_40' title="bbox 417 2139 1993 2209; baseline 0.006 -16"><span class='ocrx_word' id='word_1_267' title='bbox 417 2139 781 2208; x_wconf 81' lang='lat' dir='ltr'><strong>potestatibus</strong></span> <span class='ocrx_word' id='word_1_268' title='bbox 829 2149 882 2194; x_wconf 88' lang='lat' dir='ltr'><strong>et</strong></span> <span class='ocrx_word' id='word_1_269' title='bbox 930 2139 1399 2199; x_wconf 88' lang='lat' dir='ltr'><strong>dominationibus</strong></span> <span class='ocrx_word' id='word_1_270' title='bbox 1431 2152 1701 2209; x_wconf 86' lang='lat' dir='ltr'><strong>versetur,</strong></span> <span class='ocrx_word' id='word_1_271' title='bbox 1728 2153 1782 2201; x_wconf 90' lang='lat' dir='ltr'><strong>et</strong></span> <span class='ocrx_word' id='word_1_272' title='bbox 1812 2148 1993 2202; x_wconf 87' lang='lat' dir='ltr'><strong>omnis</strong></span> 
     </span>
    </p>
   </div>
   <div class='ocr_carea' id='block_1_41' title="bbox 417 2230 1993 2293">
    <p class='ocr_par' dir='ltr' id='par_1_41' title="bbox 417 2230 1993 2293">
     <span class='ocr_line' id='line_1_41' title="bbox 417 2230 1993 2293; baseline 0.006 -10"><span class='ocrx_word' id='word_1_273' title='bbox 417 2230 659 2284; x_wconf 73' lang='lat' dir='ltr'><strong>caelestis</strong></span> <span class='ocrx_word' id='word_1_274' title='bbox 682 2240 985 2287; x_wconf 87' lang='lat' dir='ltr'><strong>conventus</strong></span> <span class='ocrx_word' id='word_1_275' title='bbox 1032 2240 1164 2287; x_wconf 82' lang='lat' dir='ltr'><strong>tunc</strong></span> <span class='ocrx_word' id='word_1_276' title='bbox 1208 2233 1471 2288; x_wconf 85' lang='lat' dir='ltr'><strong>athletam</strong></span> <span class='ocrx_word' id='word_1_277' title='bbox 1511 2251 1636 2289; x_wconf 90' lang='lat' dir='ltr'><strong>cum</strong></span> <span class='ocrx_word' id='word_1_278' title='bbox 1676 2237 1993 2293; x_wconf 84' lang='lat' dir='ltr'><strong>adversario</strong></span> 
     </span>
    </p>
   </div>
   <div class='ocr_carea' id='block_1_42' title="bbox 416 2320 1995 2397">
    <p class='ocr_par' dir='ltr' id='par_1_42' title="bbox 416 2320 1995 2397">
     <span class='ocr_line' id='line_1_42' title="bbox 416 2320 1995 2397; baseline 0.006 -22"><span class='ocrx_word' id='word_1_279' title='bbox 416 2320 799 2393; x_wconf 79' lang='lat' dir='ltr'><strong>confligentem</strong></span> <span class='ocrx_word' id='word_1_280' title='bbox 848 2325 1162 2393; x_wconf 77' lang='lat' dir='ltr'><strong>spectaculo</strong></span> <span class='ocrx_word' id='word_1_281' title='bbox 1194 2324 1299 2380; x_wconf 91' lang='lat' dir='ltr'><strong>sibi</strong></span> <span class='ocrx_word' id='word_1_282' title='bbox 1340 2328 1720 2397; x_wconf 89' lang='lat' dir='ltr'><strong>proposuisse.</strong></span> <span class='ocrx_word' id='word_1_283' title='bbox 1768 2328 1995 2384; x_wconf 82' lang='lat' dir='ltr'><strong>Patebat</strong></span> 
     </span>
    </p>
   </div>
   <div class='ocr_carea' id='block_1_43' title="bbox 417 2415 1995 2490">
    <p class='ocr_par' dir='ltr' id='par_1_43' title="bbox 417 2415 1995 2490">
     <span class='ocr_line' id='line_1_43' title="bbox 417 2415 1995 2490; baseline 0.006 -21"><span class='ocrx_word' id='word_1_284' title='bbox 417 2415 562 2469; x_wconf 80' lang='lat' dir='ltr'><strong>enim</strong></span> <span class='ocrx_word' id='word_1_285' title='bbox 609 2417 773 2471; x_wconf 91' lang='lat' dir='ltr'><strong>veluti</strong></span> <span class='ocrx_word' id='word_1_286' title='bbox 804 2419 1040 2472; x_wconf 88' lang='lat' dir='ltr'><strong>stadium</strong></span> <span class='ocrx_word' id='word_1_287' title='bbox 1101 2420 1378 2490; x_wconf 86' lang='lat' dir='ltr'><strong>quoddam</strong></span> <span class='ocrx_word' id='word_1_288' title='bbox 1428 2422 1843 2477; x_wconf 86' lang='lat' dir='ltr'><strong>decertantibns</strong></span> <span class='ocrx_word' id='word_1_289' title='bbox 1895 2425 1995 2478; x_wconf 83' lang='lat' dir='ltr'><strong>hu-</strong></span> 
     </span>
    </p>
   </div>
   <div class='ocr_carea' id='block_1_44' title="bbox 418 2509 1995 2584">
    <p class='ocr_par' dir='ltr' id='par_1_44' title="bbox 418 2509 1995 2584">
     <span class='ocr_line' id='line_1_44' title="bbox 418 2509 1995 2584; baseline 0.006 -24"><span class='ocrx_word' id='word_1_290' title='bbox 418 2524 579 2562; x_wconf 85' lang='lat' dir='ltr'><strong>mana</strong></span> <span class='ocrx_word' id='word_1_291' title='bbox 610 2509 743 2573; x_wconf 88' lang='lat' dir='ltr'><strong>vita,</strong></span> <span class='ocrx_word' id='word_1_292' title='bbox 802 2511 1099 2565; x_wconf 85' lang='lat' dir='ltr'><strong>tendebant</strong></span> <span class='ocrx_word' id='word_1_293' title='bbox 1155 2522 1335 2568; x_wconf 88' lang='lat' dir='ltr'><strong>autem</strong></span> <span class='ocrx_word' id='word_1_294' title='bbox 1381 2520 1613 2584; x_wconf 88' lang='lat' dir='ltr'><strong>uterque</strong></span> <span class='ocrx_word' id='word_1_295' title='bbox 1660 2516 1799 2569; x_wconf 83' lang='lat' dir='ltr'><strong>alter</strong></span> <span class='ocrx_word' id='word_1_296' title='bbox 1838 2515 1995 2570; x_wconf 85' lang='lat' dir='ltr'><strong>alteri</strong></span> 
     </span>
    </p>
   </div>
   <div class='ocr_carea' id='block_1_45' title="bbox 420 2600 1999 2673">
    <p class='ocr_par' dir='ltr' id='par_1_45' title="bbox 420 2600 1999 2673">
     <span class='ocr_line' id='line_1_45' title="bbox 420 2600 1999 2673; baseline 0.004 -20"><span class='ocrx_word' id='word_1_297' title='bbox 420 2600 624 2662; x_wconf 80' lang='lat' dir='ltr'><strong>infesti,</strong></span> <span class='ocrx_word' id='word_1_298' title='bbox 665 2601 789 2655; x_wconf 90' lang='lat' dir='ltr'><strong>hinc</strong></span> <span class='ocrx_word' id='word_1_299' title='bbox 843 2602 1063 2671; x_wconf 87' lang='lat' dir='ltr'><strong>quidem</strong></span> <span class='ocrx_word' id='word_1_300' title='bbox 1106 2603 1395 2673; x_wconf 90' lang='lat' dir='ltr'><strong>improbus</strong></span> <span class='ocrx_word' id='word_1_301' title='bbox 1450 2605 1704 2659; x_wconf 67' lang='lat' dir='ltr'><strong>humana:</strong></span> <span class='ocrx_word' id='word_1_302' title='bbox 1738 2607 1865 2660; x_wconf 66' lang='lat' dir='ltr'><strong>vita:</strong></span> <span class='ocrx_word' id='word_1_303' title='bbox 1907 2606 1999 2663; x_wconf 82' lang='lat' dir='ltr'><strong>ad-</strong></span> 
     </span>
    </p>
   </div>
   <div class='ocr_carea' id='block_1_46' title="bbox 421 2692 1994 2765">
    <p class='ocr_par' dir='ltr' id='par_1_46' title="bbox 421 2692 1994 2765">
     <span class='ocr_line' id='line_1_46' title="bbox 421 2692 1994 2765; baseline 0.007 -22"><span class='ocrx_word' id='word_1_304' title='bbox 421 2692 717 2757; x_wconf 85' lang='lat' dir='ltr'><strong>versarius,</strong></span> <span class='ocrx_word' id='word_1_305' title='bbox 754 2693 865 2762; x_wconf 87' lang='lat' dir='ltr'><strong>jam</strong></span> <span class='ocrx_word' id='word_1_306' title='bbox 892 2694 1017 2747; x_wconf 88' lang='lat' dir='ltr'><strong>inde</strong></span> <span class='ocrx_word' id='word_1_307' title='bbox 1054 2709 1082 2746; x_wconf 89' lang='lat' dir='ltr'><strong>a</strong></span> <span class='ocrx_word' id='word_1_308' title='bbox 1131 2695 1287 2764; x_wconf 86' lang='lat' dir='ltr'><strong>lapsu</strong></span> <span class='ocrx_word' id='word_1_309' title='bbox 1318 2696 1494 2765; x_wconf 90' lang='lat' dir='ltr'><strong>primo</strong></span> <span class='ocrx_word' id='word_1_310' title='bbox 1516 2698 1865 2752; x_wconf 85' lang='lat' dir='ltr'><strong>conditorum</strong></span> <span class='ocrx_word' id='word_1_311' title='bbox 1896 2698 1994 2754; x_wconf 91' lang='lat' dir='ltr'><strong>ho-</strong></span> 
     </span>
    </p>
   </div>
   <div class='ocr_carea' id='block_1_47' title="bbox 422 2784 1999 2859">
    <p class='ocr_par' dir='ltr' id='par_1_47' title="bbox 422 2784 1999 2859">
     <span class='ocr_line' id='line_1_47' title="bbox 422 2784 1999 2859; baseline 0.007 -24"><span class='ocrx_word' id='word_1_312' title='bbox 422 2784 627 2836; x_wconf 87' lang='lat' dir='ltr'><strong>minum</strong></span> <span class='ocrx_word' id='word_1_313' title='bbox 654 2823 670 2847; x_wconf 92' lang='lat'><strong>,</strong></span> <span class='ocrx_word' id='word_1_314' title='bbox 710 2801 887 2854; x_wconf 88' lang='lat' dir='ltr'><strong>usque</strong></span> <span class='ocrx_word' id='word_1_315' title='bbox 930 2787 996 2840; x_wconf 89' lang='lat' dir='ltr'><strong>ad</strong></span> <span class='ocrx_word' id='word_1_316' title='bbox 1040 2795 1284 2856; x_wconf 89' lang='lat' dir='ltr'><strong>tempora</strong></span> <span class='ocrx_word' id='word_1_317' title='bbox 1335 2788 1616 2859; x_wconf 88' lang='lat' dir='ltr'><strong>Stephani,</strong></span> <span class='ocrx_word' id='word_1_318' title='bbox 1651 2791 1896 2846; x_wconf 79' lang='lat' dir='ltr'><strong>victoriis</strong></span> <span class='ocrx_word' id='word_1_319' title='bbox 1930 2791 1999 2848; x_wconf 91' lang='lat' dir='ltr'><strong>de</strong></span> 
     </span>
    </p>
   </div>
   <div class='ocr_carea' id='block_1_48' title="bbox 422 2877 1997 2955">
    <p class='ocr_par' dir='ltr' id='par_1_48' title="bbox 422 2877 1997 2955">
     <span class='ocr_line' id='line_1_48' title="bbox 422 2877 1997 2955; baseline 0.008 -27"><span class='ocrx_word' id='word_1_320' title='bbox 422 2877 733 2932; x_wconf 87' lang='lat' dir='ltr'><strong>hominibus</strong></span> <span class='ocrx_word' id='word_1_321' title='bbox 765 2879 938 2946; x_wconf 87' lang='lat' dir='ltr'><strong>partis</strong></span> <span class='ocrx_word' id='word_1_322' title='bbox 989 2879 1326 2934; x_wconf 84' lang='lat' dir='ltr'><strong>exercitatus</strong></span> <span class='ocrx_word' id='word_1_323' title='bbox 1360 2899 1373 2935; x_wconf 91' lang='lat'>:</span> <span class='ocrx_word' id='word_1_324' title='bbox 1409 2882 1561 2936; x_wconf 91' lang='lat' dir='ltr'><strong>illine</strong></span> <span class='ocrx_word' id='word_1_325' title='bbox 1608 2898 1739 2939; x_wconf 88' lang='lat' dir='ltr'><strong>vero</strong></span> <span class='ocrx_word' id='word_1_326' title='bbox 1767 2899 1997 2955; x_wconf 82' lang='lat' dir='ltr'><strong>magnus</strong></span> 
     </span>
    </p>
   </div>
   <div class='ocr_carea' id='block_1_49' title="bbox 2090 1777 3673 1852">
    <p class='ocr_par' dir='ltr' id='par_1_49' title="bbox 2090 1777 3673 1852">
     <span class='ocr_line' id='line_1_49' title="bbox 2090 1777 3673 1852; baseline -0.002 -18"><span class='ocrx_word' id='word_1_327' title='bbox 2090 1780 2304 1852; x_wconf 83' lang='grc' dir='ltr'>πρῶτος</span> <span class='ocrx_word' id='word_1_328' title='bbox 2333 1780 2727 1842; x_wconf 85' lang='grc' dir='ltr'>ἀντικαταστάς</span> <span class='ocrx_word' id='word_1_329' title='bbox 2753 1788 2889 1851; x_wconf 78' lang='grc' dir='ltr'>πρὸς</span> <span class='ocrx_word' id='word_1_330' title='bbox 2912 1778 3010 1850; x_wconf 83' lang='grc' dir='ltr'><strong>τὴν</strong></span> <span class='ocrx_word' id='word_1_331' title='bbox 3044 1777 3319 1851; x_wconf 81' lang='grc' dir='ltr'>ἁμαρτίαν</span> <span class='ocrx_word' id='word_1_332' title='bbox 3345 1778 3541 1849; x_wconf 78' lang='grc' dir='ltr'>μέχρις</span> <span class='ocrx_word' id='word_1_333' title='bbox 3574 1780 3673 1831; x_wconf 71' lang='grc' dir='ltr'>αῖ-</span> 
     </span>
    </p>
   </div>
   <div class='ocr_carea' id='block_1_50' title="bbox 2094 1870 3671 1945">
    <p class='ocr_par' dir='ltr' id='par_1_50' title="bbox 2094 1870 3671 1945">
     <span class='ocr_line' id='line_1_50' title="bbox 2094 1870 3671 1945; baseline -0.003 -18"><span class='ocrx_word' id='word_1_334' title='bbox 2094 1890 2281 1945; x_wconf 90' lang='grc' dir='ltr'>ματος.</span> <span class='ocrx_word' id='word_1_335' title='bbox 2342 1872 2454 1926; x_wconf 84' lang='grc' dir='ltr'>Καί</span> <span class='ocrx_word' id='word_1_336' title='bbox 2510 1889 2600 1943; x_wconf 92' lang='grc' dir='ltr'><strong>μοι</strong></span> <span class='ocrx_word' id='word_1_337' title='bbox 2645 1872 2791 1925; x_wconf 86' lang='grc' dir='ltr'>δοκεῖ</span> <span class='ocrx_word' id='word_1_338' title='bbox 2835 1873 2982 1925; x_wconf 79' lang='grc' dir='ltr'>πᾶσα</span> <span class='ocrx_word' id='word_1_339' title='bbox 3025 1870 3133 1924; x_wconf 83' lang='grc' dir='ltr'>τῶν</span> <span class='ocrx_word' id='word_1_340' title='bbox 3185 1870 3576 1942; x_wconf 81' lang='grc' dir='ltr'>ὑπερκοσμίων</span> <span class='ocrx_word' id='word_1_341' title='bbox 3633 1872 3671 1939; x_wconf 75' lang='grc' dir='ltr'><strong>ἡ</strong></span> 
     </span>
    </p>
   </div>
   <div class='ocr_carea' id='block_1_51' title="bbox 2094 1961 3675 2036">
    <p class='ocr_par' dir='ltr' id='par_1_51' title="bbox 2094 1961 3675 2036">
     <span class='ocr_line' id='line_1_51' title="bbox 2094 1961 3675 2036; baseline -0.004 -17"><span class='ocrx_word' id='word_1_342' title='bbox 2094 1965 2338 2036; x_wconf 84' lang='grc' dir='ltr'>στρατιά,</span> <span class='ocrx_word' id='word_1_343' title='bbox 2373 1965 2468 2019; x_wconf 74' lang='grc' dir='ltr'><strong>καὶ</strong></span> <span class='ocrx_word' id='word_1_344' title='bbox 2494 1965 2663 2017; x_wconf 80' lang='grc' dir='ltr'>πᾶσαι</span> <span class='ocrx_word' id='word_1_345' title='bbox 2689 1962 2798 2016; x_wconf 84' lang='grc' dir='ltr'><strong>τῶν</strong></span> <span class='ocrx_word' id='word_1_346' title='bbox 2824 1962 3069 2031; x_wconf 86' lang='grc' dir='ltr'>ἀγγέλων</span> <span class='ocrx_word' id='word_1_347' title='bbox 3096 1963 3151 2014; x_wconf 87' lang='grc' dir='ltr'><strong>αί</strong></span> <span class='ocrx_word' id='word_1_348' title='bbox 3184 1961 3437 2032; x_wconf 77' lang='grc' dir='ltr'>μυριάδες</span> <span class='ocrx_word' id='word_1_349' title='bbox 3465 1961 3582 2014; x_wconf 83' lang='grc' dir='ltr'><strong>τῶν</strong></span> <span class='ocrx_word' id='word_1_350' title='bbox 3607 1979 3675 2014; x_wconf 75' lang='grc' dir='ltr'>τι</span> 
     </span>
    </p>
   </div>
   <div class='ocr_carea' id='block_1_52' title="bbox 2091 2054 3680 2128">
    <p class='ocr_par' dir='ltr' id='par_1_52' title="bbox 2091 2054 3680 2128">
     <span class='ocr_line' id='line_1_52' title="bbox 2091 2054 3680 2128; baseline -0.003 -18"><span class='ocrx_word' id='word_1_351' title='bbox 2091 2056 2544 2128; x_wconf 82' lang='grc' dir='ltr'>λειτουργούντων</span> <span class='ocrx_word' id='word_1_352' title='bbox 2586 2055 2680 2109; x_wconf 75' lang='grc' dir='ltr'><strong>καὶ</strong></span> <span class='ocrx_word' id='word_1_353' title='bbox 2723 2054 2834 2108; x_wconf 80' lang='grc' dir='ltr'><strong>τῶν</strong></span> <span class='ocrx_word' id='word_1_354' title='bbox 2884 2054 3333 2125; x_wconf 81' lang='grc' dir='ltr'>παρεστηκότων,</span> <span class='ocrx_word' id='word_1_355' title='bbox 3376 2054 3470 2107; x_wconf 74' lang='grc' dir='ltr'><strong>καὶ</strong></span> <span class='ocrx_word' id='word_1_356' title='bbox 3509 2056 3568 2107; x_wconf 78' lang='grc' dir='ltr'>ετ</span> <span class='ocrx_word' id='word_1_357' title='bbox 3612 2069 3680 2106; x_wconf 70' lang='grc' dir='ltr'>τί</span> 
     </span>
    </p>
   </div>
   <div class='ocr_carea' id='block_1_53' title="bbox 2092 2145 3679 2218">
    <p class='ocr_par' dir='ltr' id='par_1_53' title="bbox 2092 2145 3679 2218">
     <span class='ocr_line' id='line_1_53' title="bbox 2092 2145 3679 2218; baseline -0.002 -16"><span class='ocrx_word' id='word_1_358' title='bbox 2092 2147 2234 2202; x_wconf 82' lang='grc' dir='ltr'>κατὰ</span> <span class='ocrx_word' id='word_1_359' title='bbox 2264 2146 2362 2218; x_wconf 79' lang='grc' dir='ltr'>τὴν</span> <span class='ocrx_word' id='word_1_360' title='bbox 2390 2147 2501 2201; x_wconf 81' lang='grc' dir='ltr'><strong>ἀνω</strong></span> <span class='ocrx_word' id='word_1_361' title='bbox 2526 2145 2675 2217; x_wconf 82' lang='grc' dir='ltr'>λῆξιν</span> <span class='ocrx_word' id='word_1_362' title='bbox 2703 2145 2810 2200; x_wconf 84' lang='grc' dir='ltr'><strong>τῶν</strong></span> <span class='ocrx_word' id='word_1_363' title='bbox 2838 2147 3031 2216; x_wconf 86' lang='grc' dir='ltr'>τιμίων</span> <span class='ocrx_word' id='word_1_364' title='bbox 3064 2145 3351 2215; x_wconf 83' lang='grc' dir='ltr'>ἀκούομεν,</span> <span class='ocrx_word' id='word_1_365' title='bbox 3380 2146 3438 2200; x_wconf 77' lang='grc' dir='ltr'>ὲν</span> <span class='ocrx_word' id='word_1_366' title='bbox 3463 2146 3679 2217; x_wconf 72' lang='grc' dir='ltr'>ἀρχαῖς</span> 
     </span>
    </p>
   </div>
   <div class='ocr_carea' id='block_1_54' title="bbox 2093 2240 3680 2314">
    <p class='ocr_par' dir='ltr' id='par_1_54' title="bbox 2093 2240 3680 2314">
     <span class='ocr_line' id='line_1_54' title="bbox 2093 2240 3680 2314; baseline -0.003 -17"><span class='ocrx_word' id='word_1_367' title='bbox 2093 2261 2152 2297; x_wconf 87' lang='grc' dir='ltr'><strong>τε</strong></span> <span class='ocrx_word' id='word_1_368' title='bbox 2182 2245 2277 2298; x_wconf 78' lang='grc' dir='ltr'>καὶ</span> <span class='ocrx_word' id='word_1_369' title='bbox 2303 2243 2560 2314; x_wconf 86' lang='grc' dir='ltr'>δυνάμεσι</span> <span class='ocrx_word' id='word_1_370' title='bbox 2581 2242 2675 2297; x_wconf 74' lang='grc' dir='ltr'><strong>καὶ</strong></span> <span class='ocrx_word' id='word_1_371' title='bbox 2702 2242 2911 2313; x_wconf 87' lang='grc' dir='ltr'>θρόνοις</span> <span class='ocrx_word' id='word_1_372' title='bbox 2939 2241 3033 2294; x_wconf 69' lang='grc' dir='ltr'><strong>καὶ</strong></span> <span class='ocrx_word' id='word_1_373' title='bbox 3060 2240 3326 2305; x_wconf 71' lang='grc' dir='ltr'>ἐξουσίαις</span> <span class='ocrx_word' id='word_1_374' title='bbox 3353 2241 3442 2294; x_wconf 83' lang='grc' dir='ltr'>καὶ</span> <span class='ocrx_word' id='word_1_375' title='bbox 3468 2242 3680 2312; x_wconf 76' lang='grc' dir='ltr'>κυριό-</span> 
     </span>
    </p>
   </div>
   <div class='ocr_carea' id='block_1_55' title="bbox 2095 2330 3683 2403">
    <p class='ocr_par' dir='ltr' id='par_1_55' title="bbox 2095 2330 3683 2403">
     <span class='ocr_line' id='line_1_55' title="bbox 2095 2330 3683 2403; baseline -0.003 -16"><span class='ocrx_word' id='word_1_376' title='bbox 2095 2351 2240 2403; x_wconf 87' lang='grc' dir='ltr'>τησι,</span> <span class='ocrx_word' id='word_1_377' title='bbox 2272 2334 2367 2390; x_wconf 67' lang='grc' dir='ltr'>καὶ</span> <span class='ocrx_word' id='word_1_378' title='bbox 2399 2335 2546 2387; x_wconf 83' lang='grc' dir='ltr'>πᾶσα</span> <span class='ocrx_word' id='word_1_379' title='bbox 2572 2334 2605 2403; x_wconf 83' lang='grc' dir='ltr'><strong>ἡ</strong></span> <span class='ocrx_word' id='word_1_380' title='bbox 2632 2331 2857 2403; x_wconf 84' lang='grc' dir='ltr'>οὐρανία</span> <span class='ocrx_word' id='word_1_381' title='bbox 2906 2334 3228 2401; x_wconf 81' lang='grc' dir='ltr'>πανήγυρις,</span> <span class='ocrx_word' id='word_1_382' title='bbox 3277 2330 3451 2400; x_wconf 79' lang='grc' dir='ltr'>θέαμα</span> <span class='ocrx_word' id='word_1_383' title='bbox 3488 2334 3683 2383; x_wconf 69' lang='grc' dir='ltr'><strong>ποιεῖ’⁹</strong></span> 
     </span>
    </p>
   </div>
   <div class='ocr_carea' id='block_1_56' title="bbox 2101 2421 3682 2496">
    <p class='ocr_par' dir='ltr' id='par_1_56' title="bbox 2101 2421 3682 2496">
     <span class='ocr_line' id='line_1_56' title="bbox 2101 2421 3682 2496; baseline -0.003 -17"><span class='ocrx_word' id='word_1_384' title='bbox 2101 2425 2222 2479; x_wconf 83' lang='grc' dir='ltr'>σθαι</span> <span class='ocrx_word' id='word_1_385' title='bbox 2260 2425 2379 2478; x_wconf 88' lang='grc' dir='ltr'>τότε</span> <span class='ocrx_word' id='word_1_386' title='bbox 2407 2423 2498 2477; x_wconf 84' lang='grc' dir='ltr'><strong>τδν</strong></span> <span class='ocrx_word' id='word_1_387' title='bbox 2531 2422 2798 2496; x_wconf 79' lang='grc' dir='ltr'>ἀθλητὴν,</span> <span class='ocrx_word' id='word_1_388' title='bbox 2843 2421 2923 2492; x_wconf 85' lang='grc' dir='ltr'>τῷ</span> <span class='ocrx_word' id='word_1_389' title='bbox 2954 2422 3322 2492; x_wconf 80' lang='grc' dir='ltr'>ἀνταγωνιστῇ</span> <span class='ocrx_word' id='word_1_390' title='bbox 3356 2422 3682 2491; x_wconf 73' lang='grc' dir='ltr'>συμπλεκό-</span> 
     </span>
    </p>
   </div>
   <div class='ocr_carea' id='block_1_57' title="bbox 2103 2509 3686 2588">
    <p class='ocr_par' dir='ltr' id='par_1_57' title="bbox 2103 2509 3686 2588">
     <span class='ocr_line' id='line_1_57' title="bbox 2103 2509 3686 2588; baseline -0.004 -17"><span class='ocrx_word' id='word_1_391' title='bbox 2103 2533 2281 2588; x_wconf 89' lang='grc' dir='ltr'>μενον.</span> <span class='ocrx_word' id='word_1_392' title='bbox 2321 2513 2712 2587; x_wconf 83' lang='grc' dir='ltr'>Ἐφηπλώσατο</span> <span class='ocrx_word' id='word_1_393' title='bbox 2752 2515 2849 2584; x_wconf 81' lang='grc' dir='ltr'>μὲν</span> <span class='ocrx_word' id='word_1_394' title='bbox 2888 2513 2999 2584; x_wconf 78' lang='grc' dir='ltr'>γὰρ</span> <span class='ocrx_word' id='word_1_395' title='bbox 3045 2509 3157 2568; x_wconf 72' lang='grc' dir='ltr'>οἷόν</span> <span class='ocrx_word' id='word_1_396' title='bbox 3202 2531 3256 2567; x_wconf 89' lang='grc' dir='ltr'><strong>τι</strong></span> <span class='ocrx_word' id='word_1_397' title='bbox 3297 2511 3502 2568; x_wconf 83' lang='grc' dir='ltr'>στάδιον</span> <span class='ocrx_word' id='word_1_398' title='bbox 3545 2514 3686 2575; x_wconf 81' lang='grc' dir='ltr'>τοῖς</span> 
     </span>
    </p>
   </div>
   <div class='ocr_carea' id='block_1_58' title="bbox 2098 2602 3689 2677">
    <p class='ocr_par' dir='ltr' id='par_1_58' title="bbox 2098 2602 3689 2677">
     <span class='ocr_line' id='line_1_58' title="bbox 2098 2602 3689 2677; baseline -0.004 -15"><span class='ocrx_word' id='word_1_399' title='bbox 2098 2606 2617 2677; x_wconf 81' lang='grc' dir='ltr'>ἀνταγωνιζομένοις</span> <span class='ocrx_word' id='word_1_400' title='bbox 2663 2606 2693 2660; x_wconf 86' lang='lat'><strong>6</strong></span> <span class='ocrx_word' id='word_1_401' title='bbox 2736 2604 3072 2676; x_wconf 79' lang='grc' dir='ltr'>ἀνθρώπινος</span> <span class='ocrx_word' id='word_1_402' title='bbox 3128 2604 3240 2675; x_wconf 83' lang='grc' dir='ltr'>βίος</span> <span class='ocrx_word' id='word_1_403' title='bbox 3293 2602 3689 2674; x_wconf 72' lang='grc' dir='ltr'>ἀντεφώρμων</span> 
     </span>
    </p>
   </div>
   <div class='ocr_carea' id='block_1_59' title="bbox 2098 2694 3691 2769">
    <p class='ocr_par' dir='ltr' id='par_1_59' title="bbox 2098 2694 3691 2769">
     <span class='ocr_line' id='line_1_59' title="bbox 2098 2694 3691 2769; baseline -0.004 -16"><span class='ocrx_word' id='word_1_404' title='bbox 2098 2700 2156 2752; x_wconf 83' lang='grc' dir='ltr'>δὲ</span> <span class='ocrx_word' id='word_1_405' title='bbox 2202 2697 2448 2769; x_wconf 87' lang='grc' dir='ltr'>ἀλλήλοις</span> <span class='ocrx_word' id='word_1_406' title='bbox 2485 2696 2781 2768; x_wconf 78' lang='grc' dir='ltr'>ἀμφότεροι</span> <span class='ocrx_word' id='word_1_407' title='bbox 2809 2713 2823 2727; x_wconf 76' lang='grc'><em>’</em></span> <span class='ocrx_word' id='word_1_408' title='bbox 2870 2696 2959 2750; x_wconf 71' lang='grc' dir='ltr'><strong>ὅτε</strong></span> <span class='ocrx_word' id='word_1_409' title='bbox 2991 2697 3223 2768; x_wconf 67' lang='grc' dir='ltr'>πονηρὸς</span> <span class='ocrx_word' id='word_1_410' title='bbox 3251 2694 3535 2758; x_wconf 80' lang='grc' dir='ltr'>ἀντίπαλος</span> <span class='ocrx_word' id='word_1_411' title='bbox 3570 2696 3691 2763; x_wconf 80' lang='grc' dir='ltr'>τῆς</span> 
     </span>
    </p>
   </div>
   <div class='ocr_carea' id='block_1_60' title="bbox 2098 2787 3692 2862">
    <p class='ocr_par' dir='ltr' id='par_1_60' title="bbox 2098 2787 3692 2862">
     <span class='ocr_line' id='line_1_60' title="bbox 2098 2787 3692 2862; baseline -0.003 -17"><span class='ocrx_word' id='word_1_412' title='bbox 2098 2790 2443 2862; x_wconf 84' lang='grc' dir='ltr'>ἀνθρωπίνης</span> <span class='ocrx_word' id='word_1_413' title='bbox 2469 2788 2613 2859; x_wconf 77' lang='grc' dir='ltr'>ζωῆς</span> <span class='ocrx_word' id='word_1_414' title='bbox 2638 2787 2746 2842; x_wconf 83' lang='grc' dir='ltr'><strong>ἀπὸ</strong></span> <span class='ocrx_word' id='word_1_415' title='bbox 2775 2787 2866 2841; x_wconf 81' lang='grc' dir='ltr'>τοῦ</span> <span class='ocrx_word' id='word_1_416' title='bbox 2902 2788 3190 2859; x_wconf 83' lang='grc' dir='ltr'>πτώματος</span> <span class='ocrx_word' id='word_1_417' title='bbox 3214 2788 3321 2842; x_wconf 79' lang='grc' dir='ltr'><strong>τῶν</strong></span> <span class='ocrx_word' id='word_1_418' title='bbox 3351 2788 3692 2859; x_wconf 76' lang='grc' dir='ltr'>πρωτοπλά-</span> 
     </span>
    </p>
   </div>
   <div class='ocr_carea' id='block_1_61' title="bbox 2102 2876 3697 2951">
    <p class='ocr_par' dir='ltr' id='par_1_61' title="bbox 2102 2876 3697 2951">
     <span class='ocr_line' id='line_1_61' title="bbox 2102 2876 3697 2951; baseline 0 -20"><span class='ocrx_word' id='word_1_419' title='bbox 2102 2895 2241 2933; x_wconf 90' lang='grc' dir='ltr'>στων</span> <span class='ocrx_word' id='word_1_420' title='bbox 2269 2878 2432 2949; x_wconf 86' lang='grc' dir='ltr'>μέχρι</span> <span class='ocrx_word' id='word_1_421' title='bbox 2453 2877 2562 2931; x_wconf 81' lang='grc' dir='ltr'>τῶν</span> <span class='ocrx_word' id='word_1_422' title='bbox 2594 2876 2733 2931; x_wconf 87' lang='grc' dir='ltr'><strong>κατά</strong></span> <span class='ocrx_word' id='word_1_423' title='bbox 2756 2876 3025 2945; x_wconf 76' lang='grc' dir='ltr'>Στέφανον</span> <span class='ocrx_word' id='word_1_424' title='bbox 3054 2878 3260 2949; x_wconf 88' lang='grc' dir='ltr'>χρόνων</span> <span class='ocrx_word' id='word_1_425' title='bbox 3293 2882 3357 2951; x_wconf 83' lang='grc' dir='ltr'>τῇ</span> <span class='ocrx_word' id='word_1_426' title='bbox 3390 2877 3530 2932; x_wconf 86' lang='grc' dir='ltr'><strong>κατά</strong></span> <span class='ocrx_word' id='word_1_427' title='bbox 3562 2877 3697 2931; x_wconf 76' lang='grc' dir='ltr'><strong>τῶν</strong></span> 
     </span>
    </p>
   </div>
   <div class='ocr_carea' id='block_1_62' title="bbox 422 2968 1994 3061">
    <p class='ocr_par' dir='ltr' id='par_1_62' title="bbox 422 2968 1991 3033">
     <span class='ocr_line' id='line_1_62' title="bbox 422 2968 1991 3033; baseline 0.007 -12"><span class='ocrx_word' id='word_1_428' title='bbox 422 2968 508 3023; x_wconf 87' lang='lat' dir='ltr'><strong>ille</strong></span> <span class='ocrx_word' id='word_1_429' title='bbox 542 2968 664 3023; x_wconf 83' lang='lat' dir='ltr'><strong>fidei</strong></span> <span class='ocrx_word' id='word_1_430' title='bbox 692 2970 918 3033; x_wconf 83' lang='lat' dir='ltr'><strong>athleta,</strong></span> <span class='ocrx_word' id='word_1_431' title='bbox 944 2970 1095 3024; x_wconf 90' lang='lat' dir='ltr'><strong>nihili</strong></span> <span class='ocrx_word' id='word_1_432' title='bbox 1119 2970 1322 3028; x_wconf 83' lang='lat' dir='ltr'><strong>faciens</strong></span> <span class='ocrx_word' id='word_1_433' title='bbox 1357 2972 1655 3029; x_wconf 86' lang='lat' dir='ltr'><strong>adversarii</strong></span> <span class='ocrx_word' id='word_1_434' title='bbox 1691 2976 1991 3032; x_wconf 88' lang='lat' dir='ltr'><strong>incursum.</strong></span> 
     </span>
    </p>
   </div>
   <div class='ocr_carea' id='block_1_63' title="bbox 2096 2968 3696 3061">
    <p class='ocr_par' dir='ltr' id='par_1_63' title="bbox 2102 2968 3696 3041">
     <span class='ocr_line' id='line_1_63' title="bbox 2102 2968 3696 3041; baseline -0.001 -17"><span class='ocrx_word' id='word_1_435' title='bbox 2102 2969 2400 3040; x_wconf 86' lang='grc' dir='ltr'>ἀνθρώπων</span> <span class='ocrx_word' id='word_1_436' title='bbox 2441 2968 2920 3039; x_wconf 75' lang='grc' dir='ltr'>ἐγγυμνασάμενος</span> <span class='ocrx_word' id='word_1_437' title='bbox 2966 2969 3092 3041; x_wconf 81' lang='grc' dir='ltr'>νίκῃ</span> <span class='ocrx_word' id='word_1_438' title='bbox 3117 3008 3132 3035; x_wconf 90' lang='grc'><strong>,</strong></span> <span class='ocrx_word' id='word_1_439' title='bbox 3176 2971 3273 3023; x_wconf 72' lang='grc' dir='ltr'><strong>καὶ</strong></span> <span class='ocrx_word' id='word_1_440' title='bbox 3302 2972 3330 3024; x_wconf 89' lang='lat'><strong>6</strong></span> <span class='ocrx_word' id='word_1_441' title='bbox 3364 2968 3534 3039; x_wconf 85' lang='grc' dir='ltr'>μέγας</span> <span class='ocrx_word' id='word_1_442' title='bbox 3569 2968 3696 3039; x_wconf 81' lang='grc' dir='ltr'>τῆς</span> 
     </span>
    </p>
   </div>
   <div class='ocr_carea' id='block_1_64' title="bbox 420 3060 1997 3139">
    <p class='ocr_par' dir='ltr' id='par_1_64' title="bbox 420 3060 1997 3139">
     <span class='ocr_line' id='line_1_64' title="bbox 420 3060 1997 3139; baseline 0.006 -26"><span class='ocrx_word' id='word_1_443' title='bbox 420 3060 586 3113; x_wconf 83' lang='lat' dir='ltr'><strong>Arma</strong></span> <span class='ocrx_word' id='word_1_444' title='bbox 612 3068 791 3114; x_wconf 92' lang='lat' dir='ltr'><strong>autem</strong></span> <span class='ocrx_word' id='word_1_445' title='bbox 822 3060 1088 3116; x_wconf 90' lang='lat' dir='ltr'><strong>ambobus</strong></span> <span class='ocrx_word' id='word_1_446' title='bbox 1107 3061 1265 3117; x_wconf 87' lang='lat' dir='ltr'><strong>alteri</strong></span> <span class='ocrx_word' id='word_1_447' title='bbox 1292 3063 1552 3121; x_wconf 89' lang='lat' dir='ltr'><strong>adversus</strong></span> <span class='ocrx_word' id='word_1_448' title='bbox 1568 3066 1795 3121; x_wconf 89' lang='lat' dir='ltr'><strong>alterum</strong></span> <span class='ocrx_word' id='word_1_449' title='bbox 1818 3078 1997 3139; x_wconf 86' lang='lat' dir='ltr'><strong>erant;</strong></span> 
     </span>
    </p>
   </div>
   <div class='ocr_carea' id='block_1_65' title="bbox 423 3151 2001 3232">
    <p class='ocr_par' dir='ltr' id='par_1_65' title="bbox 423 3151 2001 3232">
     <span class='ocr_line' id='line_1_65' title="bbox 423 3151 2001 3232; baseline 0.008 -27"><span class='ocrx_word' id='word_1_450' title='bbox 423 3151 693 3206; x_wconf 87' lang='lat' dir='ltr'><strong>inventori</strong></span> <span class='ocrx_word' id='word_1_451' title='bbox 738 3153 954 3223; x_wconf 88' lang='lat' dir='ltr'><strong>quidem</strong></span> <span class='ocrx_word' id='word_1_452' title='bbox 1004 3154 1223 3220; x_wconf 89' lang='lat' dir='ltr'><strong>mortis,</strong></span> <span class='ocrx_word' id='word_1_453' title='bbox 1265 3156 1457 3213; x_wconf 88' lang='lat' dir='ltr'><strong>mortis</strong></span> <span class='ocrx_word' id='word_1_454' title='bbox 1493 3165 1699 3226; x_wconf 83' lang='lat' dir='ltr'><strong>terror;</strong></span> <span class='ocrx_word' id='word_1_455' title='bbox 1728 3158 2001 3232; x_wconf 88' lang='lat' dir='ltr'><strong>discipulo</strong></span> 
     </span>
    </p>
   </div>
   <div class='ocr_carea' id='block_1_66' title="bbox 421 3243 2002 3314">
    <p class='ocr_par' dir='ltr' id='par_1_66' title="bbox 421 3243 2002 3314">
     <span class='ocr_line' id='line_1_66' title="bbox 421 3243 2002 3314; baseline 0.007 -18"><span class='ocrx_word' id='word_1_456' title='bbox 421 3253 603 3298; x_wconf 82' lang='lat' dir='ltr'><strong>autem</strong></span> <span class='ocrx_word' id='word_1_457' title='bbox 634 3244 778 3308; x_wconf 83' lang='lat' dir='ltr'><strong>vitae,</strong></span> <span class='ocrx_word' id='word_1_458' title='bbox 808 3243 1088 3302; x_wconf 78' lang='lat' dir='ltr'><strong>confessio</strong></span> <span class='ocrx_word' id='word_1_459' title='bbox 1119 3246 1264 3302; x_wconf 81' lang='lat' dir='ltr'><strong>fidei.</strong></span> <span class='ocrx_word' id='word_1_460' title='bbox 1301 3247 1434 3314; x_wconf 86' lang='lat' dir='ltr'><strong>Quis</strong></span> <span class='ocrx_word' id='word_1_461' title='bbox 1454 3248 1599 3303; x_wconf 91' lang='lat' dir='ltr'><strong>enim</strong></span> <span class='ocrx_word' id='word_1_462' title='bbox 1626 3264 1735 3305; x_wconf 91' lang='lat' dir='ltr'><strong>non</strong></span> <span class='ocrx_word' id='word_1_463' title='bbox 1766 3252 2002 3308; x_wconf 88' lang='lat' dir='ltr'><strong>admira-</strong></span> 
     </span>
    </p>
   </div>
   <div class='ocr_carea' id='block_1_67' title="bbox 422 3338 2001 3409">
    <p class='ocr_par' dir='ltr' id='par_1_67' title="bbox 422 3338 2001 3409">
     <span class='ocr_line' id='line_1_67' title="bbox 422 3338 2001 3409; baseline 0.007 -22"><span class='ocrx_word' id='word_1_464' title='bbox 422 3342 515 3390; x_wconf 88' lang='lat' dir='ltr'><strong>tus</strong></span> <span class='ocrx_word' id='word_1_465' title='bbox 540 3345 687 3390; x_wconf 79' lang='lat' dir='ltr'><strong>esset</strong></span> <span class='ocrx_word' id='word_1_466' title='bbox 716 3351 911 3390; x_wconf 86' lang='lat' dir='ltr'><strong>novam</strong></span> <span class='ocrx_word' id='word_1_467' title='bbox 944 3338 1085 3392; x_wconf 89' lang='lat' dir='ltr'><strong>hanc</strong></span> <span class='ocrx_word' id='word_1_468' title='bbox 1120 3340 1435 3395; x_wconf 84' lang='lat' dir='ltr'><strong>certaminis</strong></span> <span class='ocrx_word' id='word_1_469' title='bbox 1472 3338 1726 3409; x_wconf 88' lang='lat' dir='ltr'><strong>formam,</strong></span> <span class='ocrx_word' id='word_1_470' title='bbox 1751 3359 1873 3399; x_wconf 88' lang='lat' dir='ltr'><strong>cum</strong></span> <span class='ocrx_word' id='word_1_471' title='bbox 1910 3360 2001 3398; x_wconf 87' lang='lat' dir='ltr'><strong>ve-</strong></span> 
     </span>
    </p>
   </div>
   <div class='ocr_carea' id='block_1_68' title="bbox 424 3427 1999 3498">
    <p class='ocr_par' dir='ltr' id='par_1_68' title="bbox 424 3427 1999 3498">
     <span class='ocr_line' id='line_1_68' title="bbox 424 3427 1999 3498; baseline 0.005 -18"><span class='ocrx_word' id='word_1_472' title='bbox 424 3427 562 3482; x_wconf 87' lang='lat' dir='ltr'><strong>ritas</strong></span> <span class='ocrx_word' id='word_1_473' title='bbox 595 3427 703 3481; x_wconf 89' lang='lat' dir='ltr'><strong>vita</strong></span> <span class='ocrx_word' id='word_1_474' title='bbox 734 3442 797 3481; x_wconf 93' lang='lat' dir='ltr'><strong>ac</strong></span> <span class='ocrx_word' id='word_1_475' title='bbox 844 3437 1020 3483; x_wconf 86' lang='lat' dir='ltr'><strong>morte</strong></span> <span class='ocrx_word' id='word_1_476' title='bbox 1055 3428 1484 3498; x_wconf 85' lang='lat' dir='ltr'><strong>dijudicabatur,</strong></span> <span class='ocrx_word' id='word_1_477' title='bbox 1520 3446 1584 3484; x_wconf 87' lang='lat' dir='ltr'><strong>ac</strong></span> <span class='ocrx_word' id='word_1_478' title='bbox 1613 3432 1999 3488; x_wconf 89' lang='lat' dir='ltr'><strong>documentum</strong></span> 
     </span>
    </p>
   </div>
   <div class='ocr_carea' id='block_1_69' title="bbox 427 3519 2003 3591">
    <p class='ocr_par' dir='ltr' id='par_1_69' title="bbox 427 3519 2003 3591">
     <span class='ocr_line' id='line_1_69' title="bbox 427 3519 2003 3591; baseline 0.006 -19"><span class='ocrx_word' id='word_1_479' title='bbox 427 3519 674 3574; x_wconf 78' lang='lat' dir='ltr'><strong>veritatis</strong></span> <span class='ocrx_word' id='word_1_480' title='bbox 720 3535 870 3574; x_wconf 92' lang='lat' dir='ltr'><strong>mors</strong></span> <span class='ocrx_word' id='word_1_481' title='bbox 926 3519 1069 3574; x_wconf 86' lang='lat' dir='ltr'><strong>fuit?</strong></span> <span class='ocrx_word' id='word_1_482' title='bbox 1117 3520 1250 3575; x_wconf 88' lang='lat' dir='ltr'><strong>Nam</strong></span> <span class='ocrx_word' id='word_1_483' title='bbox 1284 3537 1463 3591; x_wconf 65' lang='lat' dir='ltr'><strong>praeco</strong></span> <span class='ocrx_word' id='word_1_484' title='bbox 1499 3524 1621 3579; x_wconf 85' lang='lat' dir='ltr'><strong>fidei</strong></span> <span class='ocrx_word' id='word_1_485' title='bbox 1665 3524 2003 3582; x_wconf 68' lang='lat' dir='ltr'><strong>absconditae</strong></span> 
     </span>
    </p>
   </div>
   <div class='ocr_carea' id='block_1_70' title="bbox 426 3613 2001 3685">
    <p class='ocr_par' dir='ltr' id='par_1_70' title="bbox 426 3613 2001 3685">
     <span class='ocr_line' id='line_1_70' title="bbox 426 3613 2001 3685; baseline 0.004 -20"><span class='ocrx_word' id='word_1_486' title='bbox 426 3627 491 3666; x_wconf 90' lang='lat' dir='ltr'><strong>ac</strong></span> <span class='ocrx_word' id='word_1_487' title='bbox 532 3613 673 3678; x_wconf 65' lang='lat' dir='ltr'><strong>vitae,</strong></span> <span class='ocrx_word' id='word_1_488' title='bbox 724 3627 846 3682; x_wconf 66' lang='lat' dir='ltr'><strong>quae</strong></span> <span class='ocrx_word' id='word_1_489' title='bbox 895 3613 1271 3684; x_wconf 79' lang='lat' dir='ltr'><strong>ignorabatur,</strong></span> <span class='ocrx_word' id='word_1_490' title='bbox 1317 3617 1497 3683; x_wconf 85' lang='lat' dir='ltr'><strong>reipsa</strong></span> <span class='ocrx_word' id='word_1_491' title='bbox 1556 3615 2001 3685; x_wconf 71' lang='lat' dir='ltr'><strong>praedicationem</strong></span> 
     </span>
    </p>
   </div>
   <div class='ocr_carea' id='block_1_71' title="bbox 426 3701 2002 3775">
    <p class='ocr_par' dir='ltr' id='par_1_71' title="bbox 426 3701 2002 3775">
     <span class='ocr_line' id='line_1_71' title="bbox 426 3701 2002 3775; baseline 0.003 -21"><span class='ocrx_word' id='word_1_492' title='bbox 426 3701 742 3756; x_wconf 87' lang='lat' dir='ltr'><strong>hominibus</strong></span> <span class='ocrx_word' id='word_1_493' title='bbox 801 3701 1115 3769; x_wconf 84' lang='lat' dir='ltr'><strong>divulgabat</strong></span> <span class='ocrx_word' id='word_1_494' title='bbox 1152 3716 1166 3753; x_wconf 88' lang='lat'><strong>:</strong></span> <span class='ocrx_word' id='word_1_495' title='bbox 1207 3717 1302 3772; x_wconf 88' lang='lat' dir='ltr'><strong>per</strong></span> <span class='ocrx_word' id='word_1_496' title='bbox 1354 3702 1457 3759; x_wconf 88' lang='lat' dir='ltr'><strong>hoc</strong></span> <span class='ocrx_word' id='word_1_497' title='bbox 1502 3705 1647 3758; x_wconf 90' lang='lat' dir='ltr'><strong>enim</strong></span> <span class='ocrx_word' id='word_1_498' title='bbox 1681 3706 1825 3775; x_wconf 89' lang='lat' dir='ltr'><strong>quod</strong></span> <span class='ocrx_word' id='word_1_499' title='bbox 1859 3706 2002 3759; x_wconf 88' lang='lat' dir='ltr'><strong>haud</strong></span> 
     </span>
    </p>
   </div>
   <div class='ocr_carea' id='block_1_72' title="bbox 426 3793 2000 3865">
    <p class='ocr_par' dir='ltr' id='par_1_72' title="bbox 426 3793 2000 3865">
     <span class='ocr_line' id='line_1_72' title="bbox 426 3793 2000 3865; baseline 0.004 -20"><span class='ocrx_word' id='word_1_500' title='bbox 426 3799 649 3861; x_wconf 70' lang='lat' dir='ltr'><strong>gravate</strong></span> <span class='ocrx_word' id='word_1_501' title='bbox 701 3805 881 3860; x_wconf 87' lang='lat' dir='ltr'><strong>neque</strong></span> <span class='ocrx_word' id='word_1_502' title='bbox 925 3799 1253 3847; x_wconf 87' lang='lat' dir='ltr'><strong>cunctanter</strong></span> <span class='ocrx_word' id='word_1_503' title='bbox 1304 3793 1446 3849; x_wconf 88' lang='lat' dir='ltr'><strong>hanc</strong></span> <span class='ocrx_word' id='word_1_504' title='bbox 1508 3795 1676 3850; x_wconf 88' lang='lat' dir='ltr'><strong>vitam</strong></span> <span class='ocrx_word' id='word_1_505' title='bbox 1736 3797 2000 3865; x_wconf 84' lang='lat' dir='ltr'><strong>deseruit,</strong></span> 
     </span>
    </p>
   </div>
   <div class='ocr_carea' id='block_1_73' title="bbox 427 3872 2000 3958">
    <p class='ocr_par' dir='ltr' id='par_1_73' title="bbox 427 3872 2000 3958">
     <span class='ocr_line' id='line_1_73' title="bbox 427 3872 2000 3958; baseline 0.004 -23"><span class='ocrx_word' id='word_1_506' title='bbox 427 3891 576 3937; x_wconf 88' lang='lat' dir='ltr'><strong>recte</strong></span> <span class='ocrx_word' id='word_1_507' title='bbox 610 3896 723 3936; x_wconf 89' lang='lat' dir='ltr'><strong>rem</strong></span> <span class='ocrx_word' id='word_1_508' title='bbox 769 3882 1171 3938; x_wconf 62' lang='lat' dir='ltr'><strong>azstimantibus</strong></span> <span class='ocrx_word' id='word_1_509' title='bbox 1205 3872 1706 3955; x_wconf 83' lang='lat' dir='ltr'><strong>demonstrabatur,</strong></span> <span class='ocrx_word' id='word_1_510' title='bbox 1737 3889 1881 3958; x_wconf 85' lang='lat' dir='ltr'><strong>quod</strong></span> <span class='ocrx_word' id='word_1_511' title='bbox 1915 3905 2000 3955; x_wconf 89' lang='lat' dir='ltr'><strong>ea,</strong></span> 
     </span>
    </p>
   </div>
   <div class='ocr_carea' id='block_1_74' title="bbox 426 3972 2000 4043">
    <p class='ocr_par' dir='ltr' id='par_1_74' title="bbox 426 3972 2000 4043">
     <span class='ocr_line' id='line_1_74' title="bbox 426 3972 2000 4043; baseline 0.004 -18"><span class='ocrx_word' id='word_1_512' title='bbox 426 3987 549 4042; x_wconf 69' lang='lat' dir='ltr'><strong>qua:</strong></span> <span class='ocrx_word' id='word_1_513' title='bbox 566 3972 982 4042; x_wconf 88' lang='lat' dir='ltr'><strong>relinquebatur</strong></span> <span class='ocrx_word' id='word_1_514' title='bbox 1001 3975 1132 4038; x_wconf 88' lang='lat' dir='ltr'><strong>vita,</strong></span> <span class='ocrx_word' id='word_1_515' title='bbox 1156 3976 1527 4043; x_wconf 59' lang='lat' dir='ltr'><strong>prastantiori</strong></span> <span class='ocrx_word' id='word_1_516' title='bbox 1549 3987 2000 4033; x_wconf 81' lang='lat' dir='ltr'><strong>comniutaretur.</strong></span> 
     </span>
    </p>
   </div>
   <div class='ocr_carea' id='block_1_75' title="bbox 428 4063 2002 4142">
    <p class='ocr_par' dir='ltr' id='par_1_75' title="bbox 428 4063 2002 4142">
     <span class='ocr_line' id='line_1_75' title="bbox 428 4063 2002 4142; baseline 0.006 -24"><span class='ocrx_word' id='word_1_517' title='bbox 428 4063 631 4119; x_wconf 76' lang='lat' dir='ltr'><strong>Verum</strong></span> <span class='ocrx_word' id='word_1_518' title='bbox 665 4064 810 4119; x_wconf 88' lang='lat' dir='ltr'><strong>haud</strong></span> <span class='ocrx_word' id='word_1_519' title='bbox 865 4065 1270 4121; x_wconf 91' lang='lat' dir='ltr'><strong>incommodum</strong></span> <span class='ocrx_word' id='word_1_520' title='bbox 1312 4066 1500 4134; x_wconf 90' lang='lat' dir='ltr'><strong>fuerit,</strong></span> <span class='ocrx_word' id='word_1_521' title='bbox 1538 4079 1798 4142; x_wconf 91' lang='lat' dir='ltr'><strong>tanquam</strong></span> <span class='ocrx_word' id='word_1_522' title='bbox 1836 4074 1893 4127; x_wconf 90' lang='lat' dir='ltr'>in</span> <span class='ocrx_word' id='word_1_523' title='bbox 1921 4080 2002 4126; x_wconf 86' lang='lat' dir='ltr'><strong>ta-</strong></span> 
     </span>
    </p>
   </div>
   <div class='ocr_carea' id='block_1_76' title="bbox 428 4157 2003 4235">
    <p class='ocr_par' dir='ltr' id='par_1_76' title="bbox 428 4157 2003 4235">
     <span class='ocr_line' id='line_1_76' title="bbox 428 4157 2003 4235; baseline 0.005 -24"><span class='ocrx_word' id='word_1_524' title='bbox 428 4158 576 4222; x_wconf 87' lang='lat' dir='ltr'><strong>bula,</strong></span> <span class='ocrx_word' id='word_1_525' title='bbox 613 4157 865 4212; x_wconf 89' lang='lat' dir='ltr'><strong>oratione</strong></span> <span class='ocrx_word' id='word_1_526' title='bbox 889 4165 1081 4215; x_wconf 83' lang='lat' dir='ltr'><strong>exacte</strong></span> <span class='ocrx_word' id='word_1_527' title='bbox 1126 4159 1284 4231; x_wconf 90' lang='lat' dir='ltr'><strong>quasi</strong></span> <span class='ocrx_word' id='word_1_528' title='bbox 1320 4160 1610 4235; x_wconf 79' lang='lat' dir='ltr'><strong>depingere</strong></span> <span class='ocrx_word' id='word_1_529' title='bbox 1638 4166 2003 4221; x_wconf 85' lang='lat' dir='ltr'><strong>concertatio-</strong></span> 
     </span>
    </p>
   </div>
   <div class='ocr_carea' id='block_1_77' title="bbox 429 4255 2003 4321">
    <p class='ocr_par' dir='ltr' id='par_1_77' title="bbox 429 4255 2003 4321">
     <span class='ocr_line' id='line_1_77' title="bbox 429 4255 2003 4321; baseline 0.004 -19"><span class='ocrx_word' id='word_1_530' title='bbox 429 4263 573 4312; x_wconf 89' lang='lat' dir='ltr'><strong>nem,</strong></span> <span class='ocrx_word' id='word_1_531' title='bbox 603 4256 660 4302; x_wconf 80' lang='grc' dir='ltr'><strong>ιιι</strong></span> <span class='ocrx_word' id='word_1_532' title='bbox 689 4264 787 4318; x_wconf 90' lang='lat' dir='ltr'><strong>per</strong></span> <span class='ocrx_word' id='word_1_533' title='bbox 820 4265 1003 4305; x_wconf 91' lang='lat' dir='ltr'><strong>rerum</strong></span> <span class='ocrx_word' id='word_1_534' title='bbox 1035 4260 1312 4321; x_wconf 81' lang='lat' dir='ltr'><strong>gestarum</strong></span> <span class='ocrx_word' id='word_1_535' title='bbox 1350 4255 1548 4310; x_wconf 89' lang='lat' dir='ltr'><strong>seriem</strong></span> <span class='ocrx_word' id='word_1_536' title='bbox 1581 4257 1869 4310; x_wconf 91' lang='lat' dir='ltr'><strong>commode</strong></span> <span class='ocrx_word' id='word_1_537' title='bbox 1902 4256 2003 4309; x_wconf 91' lang='lat' dir='ltr'><strong>mi-</strong></span> 
     </span>
    </p>
   </div>
   <div class='ocr_carea' id='block_1_78' title="bbox 2104 3059 3688 3132">
    <p class='ocr_par' dir='ltr' id='par_1_78' title="bbox 2104 3059 3688 3132">
     <span class='ocr_line' id='line_1_78' title="bbox 2104 3059 3688 3132; baseline -0.001 -17"><span class='ocrx_word' id='word_1_538' title='bbox 2104 3063 2336 3125; x_wconf 87' lang='grc' dir='ltr'>πίστεως</span> <span class='ocrx_word' id='word_1_539' title='bbox 2379 3061 2713 3132; x_wconf 85' lang='grc' dir='ltr'>ἀγωνιστὴς,</span> <span class='ocrx_word' id='word_1_540' title='bbox 2754 3061 2869 3114; x_wconf 81' lang='grc' dir='ltr'>ἀντ’</span> <span class='ocrx_word' id='word_1_541' title='bbox 2910 3060 3120 3124; x_wconf 79' lang='grc' dir='ltr'>οὐδενὸς</span> <span class='ocrx_word' id='word_1_542' title='bbox 3154 3061 3350 3130; x_wconf 85' lang='grc' dir='ltr'>κρίνων</span> <span class='ocrx_word' id='word_1_543' title='bbox 3382 3059 3474 3115; x_wconf 78' lang='grc' dir='ltr'>τοῦ</span> <span class='ocrx_word' id='word_1_544' title='bbox 3516 3060 3688 3114; x_wconf 78' lang='grc' dir='ltr'>ἀντι-</span> 
     </span>
    </p>
   </div>
   <div class='ocr_carea' id='block_1_79' title="bbox 2102 3151 3699 3225">
    <p class='ocr_par' dir='ltr' id='par_1_79' title="bbox 2102 3151 3699 3225">
     <span class='ocr_line' id='line_1_79' title="bbox 2102 3151 3699 3225; baseline -0.002 -20"><span class='ocrx_word' id='word_1_545' title='bbox 2102 3153 2273 3208; x_wconf 83' lang='grc' dir='ltr'>πάλου</span> <span class='ocrx_word' id='word_1_546' title='bbox 2292 3151 2389 3224; x_wconf 79' lang='grc' dir='ltr'>τὴν</span> <span class='ocrx_word' id='word_1_547' title='bbox 2418 3152 2622 3221; x_wconf 78' lang='grc' dir='ltr'>ἔφοδον.</span> <span class='ocrx_word' id='word_1_548' title='bbox 2655 3151 2834 3205; x_wconf 86' lang='grc' dir='ltr'>Ὅπλα</span> <span class='ocrx_word' id='word_1_549' title='bbox 2856 3152 2913 3207; x_wconf 81' lang='grc' dir='ltr'>δὲ</span> <span class='ocrx_word' id='word_1_550' title='bbox 2938 3154 3057 3205; x_wconf 81' lang='grc' dir='ltr'>κατ’</span> <span class='ocrx_word' id='word_1_551' title='bbox 3077 3152 3319 3225; x_wconf 87' lang='grc' dir='ltr'>ἀλλήλων</span> <span class='ocrx_word' id='word_1_552' title='bbox 3344 3151 3699 3223; x_wconf 67' lang='grc' dir='ltr'>ἀμφοτέροις</span> 
     </span>
    </p>
   </div>
   <div class='ocr_carea' id='block_1_80' title="bbox 2100 3240 3700 3316">
    <p class='ocr_par' dir='ltr' id='par_1_80' title="bbox 2100 3240 3700 3316">
     <span class='ocr_line' id='line_1_80' title="bbox 2100 3240 3700 3316; baseline 0 -18"><span class='ocrx_word' id='word_1_553' title='bbox 2100 3240 2190 3316; x_wconf 77' lang='grc' dir='ltr'>ἦν,</span> <span class='ocrx_word' id='word_1_554' title='bbox 2236 3244 2314 3315; x_wconf 72' lang='grc' dir='ltr'>τῷ</span> <span class='ocrx_word' id='word_1_555' title='bbox 2350 3243 2449 3315; x_wconf 81' lang='grc' dir='ltr'>μὲν</span> <span class='ocrx_word' id='word_1_556' title='bbox 2481 3243 2674 3315; x_wconf 77' lang='grc' dir='ltr'>εύρετῇ</span> <span class='ocrx_word' id='word_1_557' title='bbox 2723 3242 2816 3297; x_wconf 82' lang='grc' dir='ltr'>τοῦ</span> <span class='ocrx_word' id='word_1_558' title='bbox 2845 3243 3074 3299; x_wconf 86' lang='grc' dir='ltr'>θανάτου</span> <span class='ocrx_word' id='word_1_559' title='bbox 3105 3244 3323 3316; x_wconf 80' lang='grc' dir='ltr'>ἀπειλή.</span> <span class='ocrx_word' id='word_1_560' title='bbox 3370 3244 3449 3315; x_wconf 82' lang='grc' dir='ltr'>τῷ</span> <span class='ocrx_word' id='word_1_561' title='bbox 3472 3243 3530 3297; x_wconf 78' lang='grc' dir='ltr'>δὲ</span> <span class='ocrx_word' id='word_1_562' title='bbox 3561 3261 3700 3313; x_wconf 78' lang='grc' dir='ltr'>μα-</span> 
     </span>
    </p>
   </div>
   <div class='ocr_carea' id='block_1_81' title="bbox 2103 3335 3705 3408">
    <p class='ocr_par' dir='ltr' id='par_1_81' title="bbox 2103 3335 3705 3408">
     <span class='ocr_line' id='line_1_81' title="bbox 2103 3335 3705 3408; baseline 0.001 -19"><span class='ocrx_word' id='word_1_563' title='bbox 2103 3337 2240 3408; x_wconf 83' lang='grc' dir='ltr'>θητῇ</span> <span class='ocrx_word' id='word_1_564' title='bbox 2264 3337 2363 3407; x_wconf 84' lang='grc' dir='ltr'>τῆς</span> <span class='ocrx_word' id='word_1_565' title='bbox 2389 3335 2552 3406; x_wconf 76' lang='grc' dir='ltr'>ζωῆς,</span> <span class='ocrx_word' id='word_1_566' title='bbox 2578 3337 2612 3407; x_wconf 82' lang='grc' dir='ltr'><strong>ή</strong></span> <span class='ocrx_word' id='word_1_567' title='bbox 2631 3336 2892 3405; x_wconf 84' lang='grc' dir='ltr'>ὁμολογία</span> <span class='ocrx_word' id='word_1_568' title='bbox 2912 3337 3010 3405; x_wconf 83' lang='grc' dir='ltr'>τῆς</span> <span class='ocrx_word' id='word_1_569' title='bbox 3038 3336 3291 3400; x_wconf 90' lang='grc' dir='ltr'>πίστεως.</span> <span class='ocrx_word' id='word_1_570' title='bbox 3316 3336 3412 3401; x_wconf 87' lang='grc' dir='ltr'><strong>Τίς</strong></span> <span class='ocrx_word' id='word_1_571' title='bbox 3437 3335 3550 3406; x_wconf 80' lang='grc' dir='ltr'><strong>γάρ</strong></span> <span class='ocrx_word' id='word_1_572' title='bbox 3574 3336 3705 3390; x_wconf 77' lang='grc' dir='ltr'><strong>οὐκ</strong></span> 
     </span>
    </p>
   </div>
   <div class='ocr_carea' id='block_1_82' title="bbox 2105 3423 3703 3498">
    <p class='ocr_par' dir='ltr' id='par_1_82' title="bbox 2105 3423 3703 3498">
     <span class='ocr_line' id='line_1_82' title="bbox 2105 3423 3703 3498; baseline -0.001 -16"><span class='ocrx_word' id='word_1_573' title='bbox 2105 3428 2170 3482; x_wconf 83' lang='grc' dir='ltr'><strong>ἂν</strong></span> <span class='ocrx_word' id='word_1_574' title='bbox 2200 3427 2413 3497; x_wconf 75' lang='grc' dir='ltr'>ἠγάσθη</span> <span class='ocrx_word' id='word_1_575' title='bbox 2441 3428 2501 3481; x_wconf 78' lang='grc' dir='ltr'>τὺ</span> <span class='ocrx_word' id='word_1_576' title='bbox 2532 3428 2714 3481; x_wconf 81' lang='grc' dir='ltr'>καινὸν</span> <span class='ocrx_word' id='word_1_577' title='bbox 2762 3427 2919 3481; x_wconf 79' lang='grc' dir='ltr'>τοῦτο</span> <span class='ocrx_word' id='word_1_578' title='bbox 2949 3428 3051 3498; x_wconf 78' lang='grc' dir='ltr'>τῆς</span> <span class='ocrx_word' id='word_1_579' title='bbox 3078 3428 3315 3498; x_wconf 87' lang='grc' dir='ltr'>ἀγωνίας</span> <span class='ocrx_word' id='word_1_580' title='bbox 3353 3423 3488 3490; x_wconf 75' lang='grc' dir='ltr'>εἶδος</span> <span class='ocrx_word' id='word_1_581' title='bbox 3513 3466 3530 3491; x_wconf 83' lang='grc'><strong>,</strong></span> <span class='ocrx_word' id='word_1_582' title='bbox 3586 3427 3703 3480; x_wconf 73' lang='grc' dir='ltr'><strong>ὅτε</strong></span> 
     </span>
    </p>
   </div>
   <div class='ocr_carea' id='block_1_83' title="bbox 2103 3516 3708 3592">
    <p class='ocr_par' dir='ltr' id='par_1_83' title="bbox 2103 3516 3708 3592">
     <span class='ocr_line' id='line_1_83' title="bbox 2103 3516 3708 3592; baseline -0.001 -19"><span class='ocrx_word' id='word_1_583' title='bbox 2103 3519 2215 3591; x_wconf 81' lang='grc' dir='ltr'><strong>ζωῇ</strong></span> <span class='ocrx_word' id='word_1_584' title='bbox 2247 3520 2338 3574; x_wconf 75' lang='grc' dir='ltr'><strong>καὶ</strong></span> <span class='ocrx_word' id='word_1_585' title='bbox 2369 3518 2582 3590; x_wconf 83' lang='grc' dir='ltr'>θανάτῳ</span> <span class='ocrx_word' id='word_1_586' title='bbox 2610 3521 2644 3590; x_wconf 88' lang='grc' dir='ltr'><strong>ή</strong></span> <span class='ocrx_word' id='word_1_587' title='bbox 2677 3520 2900 3591; x_wconf 80' lang='grc' dir='ltr'>ἀλήθεια</span> <span class='ocrx_word' id='word_1_588' title='bbox 2928 3521 3242 3592; x_wconf 83' lang='grc' dir='ltr'>διεκρίνετο,</span> <span class='ocrx_word' id='word_1_589' title='bbox 3270 3520 3359 3574; x_wconf 73' lang='grc' dir='ltr'><strong>καὶ</strong></span> <span class='ocrx_word' id='word_1_590' title='bbox 3393 3516 3708 3583; x_wconf 80' lang='grc' dir='ltr'>ἀπόδειξις</span> 
     </span>
    </p>
   </div>
   <div class='ocr_carea' id='block_1_84' title="bbox 2104 3607 3707 3681">
    <p class='ocr_par' dir='ltr' id='par_1_84' title="bbox 2104 3607 3707 3681">
     <span class='ocr_line' id='line_1_84' title="bbox 2104 3607 3707 3681; baseline 0.009 -19"><span class='ocrx_word' id='word_1_591' title='bbox 2104 3612 2311 3678; x_wconf 75' lang='grc' dir='ltr'>ἐγίνετο</span> <span class='ocrx_word' id='word_1_592' title='bbox 2342 3612 2440 3681; x_wconf 84' lang='grc' dir='ltr'>τῆς</span> <span class='ocrx_word' id='word_1_593' title='bbox 2470 3609 2726 3681; x_wconf 87' lang='grc' dir='ltr'>ἀληθείας</span> <span class='ocrx_word' id='word_1_594' title='bbox 2753 3613 2782 3665; x_wconf 91' lang='lat'><strong>6</strong></span> <span class='ocrx_word' id='word_1_595' title='bbox 2814 3611 3080 3678; x_wconf 78' lang='grc' dir='ltr'>θάνατοςς</span> <span class='ocrx_word' id='word_1_596' title='bbox 3140 3613 3199 3665; x_wconf 85' lang='lat'><strong>&#39;0</strong></span> <span class='ocrx_word' id='word_1_597' title='bbox 3233 3611 3334 3680; x_wconf 76' lang='grc' dir='ltr'>γὰρ</span> <span class='ocrx_word' id='word_1_598' title='bbox 3357 3607 3530 3679; x_wconf 79' lang='grc' dir='ltr'>κήρυξ</span> <span class='ocrx_word' id='word_1_599' title='bbox 3566 3609 3707 3679; x_wconf 73' lang='grc' dir='ltr'><strong>τῆς</strong></span> 
     </span>
    </p>
   </div>
   <div class='ocr_carea' id='block_1_85' title="bbox 2105 3683 3710 3775">
    <p class='ocr_par' dir='ltr' id='par_1_85' title="bbox 2105 3683 3710 3775">
     <span class='ocr_line' id='line_1_85' title="bbox 2105 3683 3710 3775; baseline -0.002 -19"><span class='ocrx_word' id='word_1_600' title='bbox 2105 3702 2487 3775; x_wconf 87' lang='grc' dir='ltr'>κεκρυμμένης</span> <span class='ocrx_word' id='word_1_601' title='bbox 2524 3703 2756 3767; x_wconf 88' lang='grc' dir='ltr'>πίστεως</span> <span class='ocrx_word' id='word_1_602' title='bbox 2797 3704 2891 3757; x_wconf 78' lang='grc' dir='ltr'>καὶ</span> <span class='ocrx_word' id='word_1_603' title='bbox 2925 3704 3286 3773; x_wconf 78' lang='grc' dir='ltr'>ἀγνοουμένης</span> <span class='ocrx_word' id='word_1_604' title='bbox 3322 3683 3481 3770; x_wconf 76' lang='grc' dir='ltr'>ξωῆς,</span> <span class='ocrx_word' id='word_1_605' title='bbox 3521 3699 3710 3774; x_wconf 72' lang='grc' dir='ltr'>ἔργῳ</span> 
     </span>
    </p>
   </div>
   <div class='ocr_carea' id='block_1_86' title="bbox 2103 3790 3709 3865">
    <p class='ocr_par' dir='ltr' id='par_1_86' title="bbox 2103 3790 3709 3865">
     <span class='ocr_line' id='line_1_86' title="bbox 2103 3790 3709 3865; baseline -0.001 -18"><span class='ocrx_word' id='word_1_606' title='bbox 2103 3793 2386 3864; x_wconf 84' lang='grc' dir='ltr'>διήγγελλε</span> <span class='ocrx_word' id='word_1_607' title='bbox 2414 3794 2524 3857; x_wconf 82' lang='grc' dir='ltr'>τοῖς</span> <span class='ocrx_word' id='word_1_608' title='bbox 2549 3792 2855 3864; x_wconf 87' lang='grc' dir='ltr'>ἀνθρώποις</span> <span class='ocrx_word' id='word_1_609' title='bbox 2878 3794 2939 3847; x_wconf 85' lang='grc' dir='ltr'><strong>τὸ</strong></span> <span class='ocrx_word' id='word_1_610' title='bbox 2967 3795 3229 3865; x_wconf 85' lang='grc' dir='ltr'>κήρυγμα</span> <span class='ocrx_word' id='word_1_611' title='bbox 3252 3810 3264 3823; x_wconf 91' lang='grc'><strong>·</strong></span> <span class='ocrx_word' id='word_1_612' title='bbox 3304 3792 3363 3845; x_wconf 80' lang='grc' dir='ltr'>τὸ</span> <span class='ocrx_word' id='word_1_613' title='bbox 3389 3790 3498 3862; x_wconf 75' lang='grc' dir='ltr'><strong>γὰρ</strong></span> <span class='ocrx_word' id='word_1_614' title='bbox 3530 3792 3709 3845; x_wconf 66' lang='grc' dir='ltr'>ἑτοί-</span> 
     </span>
    </p>
   </div>
   <div class='ocr_carea' id='block_1_87' title="bbox 2108 3882 3710 3957">
    <p class='ocr_par' dir='ltr' id='par_1_87' title="bbox 2108 3882 3710 3957">
     <span class='ocr_line' id='line_1_87' title="bbox 2108 3882 3710 3957; baseline -0.002 -18"><span class='ocrx_word' id='word_1_615' title='bbox 2108 3904 2223 3957; x_wconf 89' lang='grc' dir='ltr'><strong>μως</strong></span> <span class='ocrx_word' id='word_1_616' title='bbox 2246 3885 2433 3939; x_wconf 81' lang='grc' dir='ltr'>τοῦτον</span> <span class='ocrx_word' id='word_1_617' title='bbox 2461 3885 2775 3941; x_wconf 85' lang='grc' dir='ltr'>καταλιπεῖν</span> <span class='ocrx_word' id='word_1_618' title='bbox 2795 3887 2885 3940; x_wconf 80' lang='grc' dir='ltr'>τὸν</span> <span class='ocrx_word' id='word_1_619' title='bbox 2913 3886 3046 3956; x_wconf 87' lang='grc' dir='ltr'>βίον,</span> <span class='ocrx_word' id='word_1_620' title='bbox 3074 3885 3344 3952; x_wconf 81' lang='grc' dir='ltr'>ἀπόδειξις</span> <span class='ocrx_word' id='word_1_621' title='bbox 3368 3885 3479 3945; x_wconf 81' lang='grc' dir='ltr'>τοῖς</span> <span class='ocrx_word' id='word_1_622' title='bbox 3498 3882 3710 3954; x_wconf 70' lang='grc' dir='ltr'>ὀρθῶς</span> 
     </span>
    </p>
   </div>
   <div class='ocr_carea' id='block_1_88' title="bbox 2106 3972 3710 4048">
    <p class='ocr_par' dir='ltr' id='par_1_88' title="bbox 2106 3972 3710 4048">
     <span class='ocr_line' id='line_1_88' title="bbox 2106 3972 3710 4048; baseline -0.002 -18"><span class='ocrx_word' id='word_1_623' title='bbox 2106 3979 2378 4048; x_wconf 85' lang='grc' dir='ltr'>κρίνουσιν</span> <span class='ocrx_word' id='word_1_624' title='bbox 2422 3972 2510 4048; x_wconf 82' lang='grc' dir='ltr'>ἦν,</span> <span class='ocrx_word' id='word_1_625' title='bbox 2543 3975 2637 4030; x_wconf 82' lang='grc' dir='ltr'>τοῦ</span> <span class='ocrx_word' id='word_1_626' title='bbox 2667 3976 2764 4047; x_wconf 86' lang='grc' dir='ltr'><strong>τὴν</strong></span> <span class='ocrx_word' id='word_1_627' title='bbox 2806 3977 3203 4048; x_wconf 82' lang='grc' dir='ltr'>προτιμοτέραν</span> <span class='ocrx_word' id='word_1_628' title='bbox 3240 3976 3383 4046; x_wconf 78' lang='grc' dir='ltr'>ζωὴν</span> <span class='ocrx_word' id='word_1_629' title='bbox 3428 3974 3550 4027; x_wconf 78' lang='grc' dir='ltr'>ἀντὶ</span> <span class='ocrx_word' id='word_1_630' title='bbox 3581 3975 3710 4044; x_wconf 70' lang='grc' dir='ltr'>τῆς</span> 
     </span>
    </p>
   </div>
   <div class='ocr_carea' id='block_1_89' title="bbox 2105 4066 3709 4140">
    <p class='ocr_par' dir='ltr' id='par_1_89' title="bbox 2105 4066 3709 4140">
     <span class='ocr_line' id='line_1_89' title="bbox 2105 4066 3709 4140; baseline -0.002 -17"><span class='ocrx_word' id='word_1_631' title='bbox 2105 4070 2574 4140; x_wconf 84' lang='grc' dir='ltr'>καταλειπομένης</span> <span class='ocrx_word' id='word_1_632' title='bbox 2603 4068 2953 4136; x_wconf 77' lang='grc' dir='ltr'>ἀλλάξασθαι.</span> <span class='ocrx_word' id='word_1_633' title='bbox 2997 4069 3155 4122; x_wconf 81' lang='grc' dir='ltr'>Ἀλλά</span> <span class='ocrx_word' id='word_1_634' title='bbox 3183 4067 3344 4121; x_wconf 77' lang='grc' dir='ltr'>καλὸν</span> <span class='ocrx_word' id='word_1_635' title='bbox 3377 4067 3440 4119; x_wconf 84' lang='grc' dir='ltr'><strong>ἀν</strong></span> <span class='ocrx_word' id='word_1_636' title='bbox 3465 4066 3551 4134; x_wconf 83' lang='grc' dir='ltr'><strong>εἴη</strong></span> <span class='ocrx_word' id='word_1_637' title='bbox 3582 4082 3709 4119; x_wconf 75' lang='grc' dir='ltr'>κτι-</span> 
     </span>
    </p>
   </div>
   <div class='ocr_carea' id='block_1_90' title="bbox 2106 4156 3711 4233">
    <p class='ocr_par' dir='ltr' id='par_1_90' title="bbox 2106 4156 3711 4233">
     <span class='ocr_line' id='line_1_90' title="bbox 2106 4156 3711 4233; baseline -0.004 -18"><span class='ocrx_word' id='word_1_638' title='bbox 2106 4162 2282 4232; x_wconf 84' lang='grc' dir='ltr'>θάπερ</span> <span class='ocrx_word' id='word_1_639' title='bbox 2321 4162 2412 4214; x_wconf 73' lang='grc' dir='ltr'>ἐπὶ</span> <span class='ocrx_word' id='word_1_640' title='bbox 2444 4160 2670 4224; x_wconf 86' lang='grc' dir='ltr'>πίνακος</span> <span class='ocrx_word' id='word_1_641' title='bbox 2693 4159 2937 4233; x_wconf 80' lang='grc' dir='ltr'>ἀκριόὦς</span> <span class='ocrx_word' id='word_1_642' title='bbox 2963 4158 3038 4229; x_wconf 86' lang='grc' dir='ltr'>τῷ</span> <span class='ocrx_word' id='word_1_643' title='bbox 3066 4160 3208 4230; x_wconf 88' lang='grc' dir='ltr'>λόγῳ</span> <span class='ocrx_word' id='word_1_644' title='bbox 3233 4156 3711 4229; x_wconf 43' lang='grc' dir='ltr'>διῶωγραφῆσσιι</span> 
     </span>
    </p>
   </div>
   <div class='ocr_carea' id='block_1_91' title="bbox 2105 4246 3715 4321">
    <p class='ocr_par' dir='ltr' id='par_1_91' title="bbox 2105 4246 3715 4321">
     <span class='ocr_line' id='line_1_91' title="bbox 2105 4246 3715 4321; baseline -0.012 -4"><span class='ocrx_word' id='word_1_645' title='bbox 2105 4247 2202 4316; x_wconf 61' lang='grc' dir='ltr'><strong>τὴν</strong></span> <span class='ocrx_word' id='word_1_646' title='bbox 2235 4249 2480 4320; x_wconf 80' lang='grc' dir='ltr'>ἄθλησιν,</span> <span class='ocrx_word' id='word_1_647' title='bbox 2527 4249 2603 4314; x_wconf 90' lang='grc' dir='ltr'><strong>ώς</strong></span> <span class='ocrx_word' id='word_1_648' title='bbox 2636 4249 2702 4304; x_wconf 82' lang='grc' dir='ltr'>ἂν</span> <span class='ocrx_word' id='word_1_649' title='bbox 2737 4249 2857 4304; x_wconf 84' lang='grc' dir='ltr'>καθ’</span> <span class='ocrx_word' id='word_1_650' title='bbox 2886 4249 3000 4303; x_wconf 84' lang='grc' dir='ltr'>ὁδὸν</span> <span class='ocrx_word' id='word_1_651' title='bbox 3030 4251 3160 4321; x_wconf 81' lang='grc' dir='ltr'>ἡμῖν</span> <span class='ocrx_word' id='word_1_652' title='bbox 3189 4248 3277 4302; x_wconf 89' lang='grc' dir='ltr'><strong>διά</strong></span> <span class='ocrx_word' id='word_1_653' title='bbox 3320 4248 3415 4316; x_wconf 82' lang='grc' dir='ltr'>τῆς</span> <span class='ocrx_word' id='word_1_654' title='bbox 3443 4246 3553 4298; x_wconf 84' lang='grc' dir='ltr'><strong>τῶν</strong></span> <span class='ocrx_word' id='word_1_655' title='bbox 3587 4262 3715 4313; x_wconf 56' lang='grc' dir='ltr'>γε-</span> 
     </span>
    </p>
   </div>
   <div class='ocr_carea' id='block_1_92' title="bbox 432 4331 1994 4416">
    <p class='ocr_par' dir='ltr' id='par_1_92' title="bbox 432 4340 1994 4416">
     <span class='ocr_line' id='line_1_92' title="bbox 432 4340 1994 4416; baseline 0.006 -25"><span class='ocrx_word' id='word_1_656' title='bbox 432 4340 738 4394; x_wconf 89' lang='lat' dir='ltr'><strong>raculorum</strong></span> <span class='ocrx_word' id='word_1_657' title='bbox 763 4342 903 4396; x_wconf 91' lang='lat' dir='ltr'><strong>ratio</strong></span> <span class='ocrx_word' id='word_1_658' title='bbox 937 4342 1368 4399; x_wconf 90' lang='lat' dir='ltr'><strong>demonstretur.</strong></span> <span class='ocrx_word' id='word_1_659' title='bbox 1400 4345 1580 4416; x_wconf 81' lang='lat' dir='ltr'><strong>Nuper</strong></span> <span class='ocrx_word' id='word_1_660' title='bbox 1613 4347 1758 4401; x_wconf 82' lang='lat' dir='ltr'><strong>enim</strong></span> <span class='ocrx_word' id='word_1_661' title='bbox 1790 4347 1994 4401; x_wconf 87' lang='lat' dir='ltr'><strong>violen-</strong></span> 
     </span>
    </p>
   </div>
   <div class='ocr_carea' id='block_1_93' title="bbox 2096 4331 3715 4416">
    <p class='ocr_par' dir='ltr' id='par_1_93' title="bbox 2105 4336 3715 4412">
     <span class='ocr_line' id='line_1_93' title="bbox 2105 4336 3715 4412; baseline -0.001 -20"><span class='ocrx_word' id='word_1_662' title='bbox 2105 4341 2336 4407; x_wconf 85' lang='grc' dir='ltr'>γονότων</span> <span class='ocrx_word' id='word_1_663' title='bbox 2380 4340 2697 4405; x_wconf 87' lang='grc' dir='ltr'>ἀκολουθίας</span> <span class='ocrx_word' id='word_1_664' title='bbox 2753 4342 2787 4412; x_wconf 78' lang='grc' dir='ltr'><strong>ἡ</strong></span> <span class='ocrx_word' id='word_1_665' title='bbox 2837 4340 2944 4394; x_wconf 83' lang='grc' dir='ltr'>τῶν</span> <span class='ocrx_word' id='word_1_666' title='bbox 2971 4340 3260 4410; x_wconf 88' lang='grc' dir='ltr'>θαυμάτων</span> <span class='ocrx_word' id='word_1_667' title='bbox 3291 4337 3438 4402; x_wconf 80' lang='grc' dir='ltr'>τάξις</span> <span class='ocrx_word' id='word_1_668' title='bbox 3472 4336 3715 4390; x_wconf 75' lang='grc' dir='ltr'>ἐπιδει-</span> 
     </span>
    </p>
   </div>
   <div class='ocr_carea' id='block_1_94' title="bbox 430 4431 2004 4507">
    <p class='ocr_par' dir='ltr' id='par_1_94' title="bbox 430 4431 2004 4507">
     <span class='ocr_line' id='line_1_94' title="bbox 430 4431 2004 4507; baseline 0.007 -24"><span class='ocrx_word' id='word_1_669' title='bbox 430 4439 520 4485; x_wconf 90' lang='lat' dir='ltr'><strong>tus</strong></span> <span class='ocrx_word' id='word_1_670' title='bbox 542 4431 631 4486; x_wconf 91' lang='lat' dir='ltr'><strong>ille</strong></span> <span class='ocrx_word' id='word_1_671' title='bbox 650 4447 713 4484; x_wconf 88' lang='lat' dir='ltr'><strong>ac</strong></span> <span class='ocrx_word' id='word_1_672' title='bbox 725 4432 1015 4488; x_wconf 88' lang='lat' dir='ltr'><strong>vehemens</strong></span> <span class='ocrx_word' id='word_1_673' title='bbox 1032 4433 1192 4491; x_wconf 80' lang='lat' dir='ltr'><strong>flatus</strong></span> <span class='ocrx_word' id='word_1_674' title='bbox 1210 4451 1446 4505; x_wconf 91' lang='lat' dir='ltr'><strong>superne</strong></span> <span class='ocrx_word' id='word_1_675' title='bbox 1465 4437 1702 4499; x_wconf 89' lang='lat' dir='ltr'><strong>delatus,</strong></span> <span class='ocrx_word' id='word_1_676' title='bbox 1721 4436 2004 4507; x_wconf 80' lang='lat' dir='ltr'><strong>dissipatis</strong></span> 
     </span>
    </p>
   </div>
   <div class='ocr_carea' id='block_1_95' title="bbox 433 4523 2004 4591">
    <p class='ocr_par' dir='ltr' id='par_1_95' title="bbox 433 4523 2004 4591">
     <span class='ocr_line' id='line_1_95' title="bbox 433 4523 2004 4591; baseline 0.007 -18"><span class='ocrx_word' id='word_1_677' title='bbox 433 4530 596 4590; x_wconf 87' lang='lat' dir='ltr'><strong>atque</strong></span> <span class='ocrx_word' id='word_1_678' title='bbox 619 4523 866 4591; x_wconf 89' lang='lat' dir='ltr'><strong>disjectis</strong></span> <span class='ocrx_word' id='word_1_679' title='bbox 905 4527 1160 4582; x_wconf 88' lang='lat' dir='ltr'><strong>omnibus</strong></span> <span class='ocrx_word' id='word_1_680' title='bbox 1194 4529 1359 4583; x_wconf 90' lang='lat' dir='ltr'><strong>aeriis</strong></span> <span class='ocrx_word' id='word_1_681' title='bbox 1400 4543 1464 4583; x_wconf 88' lang='lat' dir='ltr'><strong>ac</strong></span> <span class='ocrx_word' id='word_1_682' title='bbox 1496 4527 1782 4585; x_wconf 80' lang='lat' dir='ltr'><strong>fallacibus</strong></span> <span class='ocrx_word' id='word_1_683' title='bbox 1809 4529 2004 4584; x_wconf 57' lang='lat' dir='ltr'><strong>daemo-</strong></span> 
     </span>
    </p>
   </div>
   <div class='ocr_carea' id='block_1_96' title="bbox 434 4614 2001 4690">
    <p class='ocr_par' dir='ltr' id='par_1_96' title="bbox 434 4614 2001 4690">
     <span class='ocr_line' id='line_1_96' title="bbox 434 4614 2001 4690; baseline 0.006 -24"><span class='ocrx_word' id='word_1_684' title='bbox 434 4629 562 4667; x_wconf 88' lang='lat' dir='ltr'><strong>num</strong></span> <span class='ocrx_word' id='word_1_685' title='bbox 608 4614 803 4684; x_wconf 70' lang='lat' dir='ltr'><strong>cupiis,</strong></span> <span class='ocrx_word' id='word_1_686' title='bbox 861 4614 1198 4671; x_wconf 87' lang='lat' dir='ltr'><strong>domicilium</strong></span> <span class='ocrx_word' id='word_1_687' title='bbox 1243 4620 1617 4688; x_wconf 91' lang='lat' dir='ltr'><strong>apostolorum</strong></span> <span class='ocrx_word' id='word_1_688' title='bbox 1662 4620 2001 4690; x_wconf 90' lang='lat' dir='ltr'><strong>repleverat;</strong></span> 
     </span>
    </p>
   </div>
   <div class='ocr_carea' id='block_1_97' title="bbox 431 4706 2004 4781">
    <p class='ocr_par' dir='ltr' id='par_1_97' title="bbox 431 4706 2004 4781">
     <span class='ocr_line' id='line_1_97' title="bbox 431 4706 2004 4781; baseline 0.005 -22"><span class='ocrx_word' id='word_1_689' title='bbox 431 4714 484 4759; x_wconf 89' lang='lat' dir='ltr'><strong>et</strong></span> <span class='ocrx_word' id='word_1_690' title='bbox 514 4706 819 4775; x_wconf 86' lang='lat' dir='ltr'><strong>linguarum</strong></span> <span class='ocrx_word' id='word_1_691' title='bbox 852 4707 908 4761; x_wconf 92' lang='lat' dir='ltr'><strong>in</strong></span> <span class='ocrx_word' id='word_1_692' title='bbox 932 4708 1153 4763; x_wconf 90' lang='lat' dir='ltr'><strong>modum</strong></span> <span class='ocrx_word' id='word_1_693' title='bbox 1186 4712 1470 4781; x_wconf 82' lang='lat' dir='ltr'><strong>ignearum</strong></span> <span class='ocrx_word' id='word_1_694' title='bbox 1509 4712 1719 4767; x_wconf 88' lang='lat' dir='ltr'><strong>divisus</strong></span> <span class='ocrx_word' id='word_1_695' title='bbox 1750 4726 1849 4779; x_wconf 84' lang='lat' dir='ltr'><strong>pro</strong></span> <span class='ocrx_word' id='word_1_696' title='bbox 1901 4728 2004 4767; x_wconf 91' lang='lat' dir='ltr'><strong>nu-</strong></span> 
     </span>
    </p>
   </div>
   <div class='ocr_carea' id='block_1_98' title="bbox 431 4798 2004 4873">
    <p class='ocr_par' dir='ltr' id='par_1_98' title="bbox 431 4798 2004 4873">
     <span class='ocr_line' id='line_1_98' title="bbox 431 4798 2004 4873; baseline 0.007 -24"><span class='ocrx_word' id='word_1_697' title='bbox 431 4812 581 4851; x_wconf 88' lang='lat' dir='ltr'><strong>mero</strong></span> <span class='ocrx_word' id='word_1_698' title='bbox 611 4798 814 4853; x_wconf 86' lang='lat' dir='ltr'><strong>donum</strong></span> <span class='ocrx_word' id='word_1_699' title='bbox 865 4801 1250 4871; x_wconf 86' lang='lat' dir='ltr'><strong>accipientium</strong></span> <span class='ocrx_word' id='word_1_700' title='bbox 1293 4802 1532 4873; x_wconf 88' lang='lat' dir='ltr'><strong>Spiritus</strong></span> <span class='ocrx_word' id='word_1_701' title='bbox 1576 4804 1631 4857; x_wconf 91' lang='lat' dir='ltr'>in</span> <span class='ocrx_word' id='word_1_702' title='bbox 1672 4817 2004 4873; x_wconf 87' lang='lat' dir='ltr'><strong>unoquoque</strong></span> 
     </span>
    </p>
   </div>
   <div class='ocr_carea' id='block_1_99' title="bbox 434 4887 2001 4965">
    <p class='ocr_par' dir='ltr' id='par_1_99' title="bbox 434 4887 2001 4965">
     <span class='ocr_line' id='line_1_99' title="bbox 434 4887 2001 4965; baseline 0.007 -26"><span class='ocrx_word' id='word_1_703' title='bbox 434 4887 726 4943; x_wconf 88' lang='lat' dir='ltr'><strong>resederat.</strong></span> <span class='ocrx_word' id='word_1_704' title='bbox 789 4890 867 4946; x_wconf 82' lang='lat' dir='ltr'><strong>Ac</strong></span> <span class='ocrx_word' id='word_1_705' title='bbox 904 4892 1014 4961; x_wconf 87' lang='lat' dir='ltr'><strong>jam</strong></span> <span class='ocrx_word' id='word_1_706' title='bbox 1081 4897 1150 4949; x_wconf 86' lang='lat' dir='ltr'><strong>ad</strong></span> <span class='ocrx_word' id='word_1_707' title='bbox 1217 4894 1557 4965; x_wconf 79' lang='lat' dir='ltr'><strong>inepinatum</strong></span> <span class='ocrx_word' id='word_1_708' title='bbox 1606 4902 1663 4951; x_wconf 90' lang='lat' dir='ltr'><strong>et</strong></span> <span class='ocrx_word' id='word_1_709' title='bbox 1695 4895 2001 4950; x_wconf 86' lang='lat' dir='ltr'><strong>inauditum</strong></span> 
     </span>
    </p>
   </div>
   <div class='ocr_carea' id='block_1_100' title="bbox 432 4979 2007 5059">
    <p class='ocr_par' dir='ltr' id='par_1_100' title="bbox 432 4979 2007 5059">
     <span class='ocr_line' id='line_1_100' title="bbox 432 4979 2007 5059; baseline 0.008 -29"><span class='ocrx_word' id='word_1_710' title='bbox 432 4979 584 5033; x_wconf 85' lang='lat' dir='ltr'><strong>vocis</strong></span> <span class='ocrx_word' id='word_1_711' title='bbox 635 4995 697 5035; x_wconf 89' lang='lat' dir='ltr'><strong>ac</strong></span> <span class='ocrx_word' id='word_1_712' title='bbox 739 4982 937 5053; x_wconf 77' lang='lat' dir='ltr'><strong>linguae</strong></span> <span class='ocrx_word' id='word_1_713' title='bbox 969 4986 1293 5041; x_wconf 88' lang='lat' dir='ltr'><strong>miraculum</strong></span> <span class='ocrx_word' id='word_1_714' title='bbox 1323 5003 1419 5044; x_wconf 90' lang='lat' dir='ltr'><strong>eos</strong></span> <span class='ocrx_word' id='word_1_715' title='bbox 1452 4987 1544 5057; x_wconf 82' lang='lat' dir='ltr'><strong>qui</strong></span> <span class='ocrx_word' id='word_1_716' title='bbox 1569 5002 1635 5043; x_wconf 81' lang='lat' dir='ltr'><strong>ex</strong></span> <span class='ocrx_word' id='word_1_717' title='bbox 1667 4987 1815 5042; x_wconf 90' lang='lat' dir='ltr'><strong>omni</strong></span> <span class='ocrx_word' id='word_1_718' title='bbox 1846 4994 2007 5059; x_wconf 83' lang='lat' dir='ltr'><strong>gente</strong></span> 
     </span>
    </p>
   </div>
   <div class='ocr_carea' id='block_1_101' title="bbox 435 5070 2006 5146">
    <p class='ocr_par' dir='ltr' id='par_1_101' title="bbox 435 5070 2006 5146">
     <span class='ocr_line' id='line_1_101' title="bbox 435 5070 2006 5146; baseline 0.006 -23"><span class='ocrx_word' id='word_1_719' title='bbox 435 5070 702 5139; x_wconf 87' lang='lat' dir='ltr'><strong>profecti,</strong></span> <span class='ocrx_word' id='word_1_720' title='bbox 756 5070 1115 5146; x_wconf 86' lang='lat' dir='ltr'><strong>Jerosolymis</strong></span> <span class='ocrx_word' id='word_1_721' title='bbox 1176 5078 1576 5144; x_wconf 85' lang='lat' dir='ltr'><strong>versabantur,</strong></span> <span class='ocrx_word' id='word_1_722' title='bbox 1626 5079 2006 5134; x_wconf 87' lang='lat' dir='ltr'><strong>consternatio</strong></span> 
     </span>
    </p>
   </div>
   <div class='ocr_carea' id='block_1_102' title="bbox 435 5161 2006 5238">
    <p class='ocr_par' dir='ltr' id='par_1_102' title="bbox 435 5161 2006 5238">
     <span class='ocr_line' id='line_1_102' title="bbox 435 5161 2006 5238; baseline 0.006 -24"><span class='ocrx_word' id='word_1_723' title='bbox 435 5161 798 5233; x_wconf 82' lang='lat' dir='ltr'><strong>confusioque</strong></span> <span class='ocrx_word' id='word_1_724' title='bbox 855 5165 1154 5232; x_wconf 85' lang='lat' dir='ltr'><strong>invaserat,</strong></span> <span class='ocrx_word' id='word_1_725' title='bbox 1204 5167 1463 5222; x_wconf 87' lang='lat' dir='ltr'><strong>omnibus</strong></span> <span class='ocrx_word' id='word_1_726' title='bbox 1497 5170 1590 5238; x_wconf 88' lang='lat' dir='ltr'><strong>qui</strong></span> <span class='ocrx_word' id='word_1_727' title='bbox 1627 5169 1682 5223; x_wconf 90' lang='lat' dir='ltr'><strong>in</strong></span> <span class='ocrx_word' id='word_1_728' title='bbox 1731 5172 1912 5224; x_wconf 85' lang='lat' dir='ltr'><strong>varias</strong></span> <span class='ocrx_word' id='word_1_729' title='bbox 1941 5184 2006 5224; x_wconf 90' lang='lat' dir='ltr'><strong>ac</strong></span> 
     </span>
    </p>
   </div>
   <div class='ocr_carea' id='block_1_103' title="bbox 435 5252 2009 5330">
    <p class='ocr_par' dir='ltr' id='par_1_103' title="bbox 435 5252 2009 5330">
     <span class='ocr_line' id='line_1_103' title="bbox 435 5252 2009 5330; baseline 0.006 -25"><span class='ocrx_word' id='word_1_730' title='bbox 435 5252 1014 5327; x_wconf 83' lang='lat' dir='ltr'><strong>diversaslinguarum</strong></span> <span class='ocrx_word' id='word_1_731' title='bbox 1053 5258 1257 5315; x_wconf 87' lang='lat' dir='ltr'><strong>formas</strong></span> <span class='ocrx_word' id='word_1_732' title='bbox 1299 5262 1460 5317; x_wconf 88' lang='lat' dir='ltr'><strong>divisi</strong></span> <span class='ocrx_word' id='word_1_733' title='bbox 1500 5261 1740 5323; x_wconf 84' lang='lat' dir='ltr'><strong>fuerant,</strong></span> <span class='ocrx_word' id='word_1_734' title='bbox 1785 5267 2009 5330; x_wconf 87' lang='lat' dir='ltr'><strong>repente</strong></span> 
     </span>
    </p>
   </div>
   <div class='ocr_carea' id='block_1_104' title="bbox 435 5348 2009 5425">
    <p class='ocr_par' dir='ltr' id='par_1_104' title="bbox 435 5348 2009 5425">
     <span class='ocr_line' id='line_1_104' title="bbox 435 5348 2009 5425; baseline 0.004 -25"><span class='ocrx_word' id='word_1_735' title='bbox 435 5361 559 5401; x_wconf 88' lang='lat' dir='ltr'><strong>cum</strong></span> <span class='ocrx_word' id='word_1_736' title='bbox 619 5348 904 5420; x_wconf 90' lang='lat' dir='ltr'><strong>discipulis</strong></span> <span class='ocrx_word' id='word_1_737' title='bbox 950 5351 1194 5420; x_wconf 83' lang='lat' dir='ltr'><strong>ejusdem</strong></span> <span class='ocrx_word' id='word_1_738' title='bbox 1248 5353 1446 5425; x_wconf 69' lang='lat' dir='ltr'><strong>lingua:</strong></span> <span class='ocrx_word' id='word_1_739' title='bbox 1481 5352 1674 5421; x_wconf 84' lang='lat' dir='ltr'><strong>factis;</strong></span> <span class='ocrx_word' id='word_1_740' title='bbox 1710 5370 1834 5408; x_wconf 91' lang='lat' dir='ltr'><strong>cum</strong></span> <span class='ocrx_word' id='word_1_741' title='bbox 1862 5353 2009 5407; x_wconf 89' lang='lat' dir='ltr'><strong>nulla</strong></span> 
     </span>
    </p>
   </div>
   <div class='ocr_carea' id='block_1_105' title="bbox 439 5439 2008 5515">
    <p class='ocr_par' dir='ltr' id='par_1_105' title="bbox 439 5439 2008 5515">
     <span class='ocr_line' id='line_1_105' title="bbox 439 5439 2008 5515; baseline 0.003 -23"><span class='ocrx_word' id='word_1_742' title='bbox 439 5441 777 5507; x_wconf 69' lang='lat' dir='ltr'><strong>praecedente</strong></span> <span class='ocrx_word' id='word_1_743' title='bbox 810 5439 1107 5514; x_wconf 89' lang='lat' dir='ltr'><strong>disciplina</strong></span> <span class='ocrx_word' id='word_1_744' title='bbox 1141 5454 1303 5515; x_wconf 85' lang='lat' dir='ltr'><strong>atque</strong></span> <span class='ocrx_word' id='word_1_745' title='bbox 1359 5444 1771 5509; x_wconf 74' lang='lat' dir='ltr'><strong>exercitatione,</strong></span> <span class='ocrx_word' id='word_1_746' title='bbox 1818 5445 1912 5500; x_wconf 86' lang='lat' dir='ltr'><strong>sed</strong></span> <span class='ocrx_word' id='word_1_747' title='bbox 1942 5458 2008 5498; x_wconf 80' lang='lat' dir='ltr'><strong>ex</strong></span> 
     </span>
    </p>
   </div>
   <div class='ocr_carea' id='block_1_106' title="bbox 512 5614 931 5685">
    <p class='ocr_par' dir='ltr' id='par_1_106' title="bbox 512 5614 931 5685">
     <span class='ocr_line' id='line_1_106' title="bbox 512 5614 931 5685; baseline 0.012 -17"><span class='ocrx_word' id='word_1_748' title='bbox 512 5614 529 5646; x_wconf 78' lang='grc'>⁸</span> <span class='ocrx_word' id='word_1_749' title='bbox 564 5615 581 5668; x_wconf 96' lang='grc'><strong>1</strong></span> <span class='ocrx_word' id='word_1_750' title='bbox 618 5615 743 5675; x_wconf 90' lang='lat' dir='ltr'><strong>Cor.</strong></span> <span class='ocrx_word' id='word_1_751' title='bbox 774 5634 847 5685; x_wconf 87' lang='lat' dir='ltr'><strong>tv,</strong></span> <span class='ocrx_word' id='word_1_752' title='bbox 877 5620 931 5673; x_wconf 87' lang='lat'><strong>9.</strong></span> 
     </span>
    </p>
   </div>
   <div class='ocr_carea' id='block_1_107' title="bbox 2105 4428 3716 4504">
    <p class='ocr_par' dir='ltr' id='par_1_107' title="bbox 2105 4428 3716 4504">
     <span class='ocr_line' id='line_1_107' title="bbox 2105 4428 3716 4504; baseline -0.001 -19"><span class='ocrx_word' id='word_1_753' title='bbox 2105 4429 2353 4503; x_wconf 86' lang='grc' dir='ltr'>κνύηται.</span> <span class='ocrx_word' id='word_1_754' title='bbox 2389 4431 2544 4502; x_wconf 80' lang='grc' dir='ltr'>Ἀρτι</span> <span class='ocrx_word' id='word_1_755' title='bbox 2573 4433 2671 4503; x_wconf 81' lang='grc' dir='ltr'><strong>μὲν</strong></span> <span class='ocrx_word' id='word_1_756' title='bbox 2707 4431 2816 4504; x_wconf 84' lang='grc' dir='ltr'>γὰρ</span> <span class='ocrx_word' id='word_1_757' title='bbox 2841 4434 2873 4504; x_wconf 83' lang='grc' dir='ltr'>ὴ</span> <span class='ocrx_word' id='word_1_758' title='bbox 2907 4431 3110 4486; x_wconf 80' lang='grc' dir='ltr'>ἀνωθεν</span> <span class='ocrx_word' id='word_1_759' title='bbox 3142 4430 3290 4500; x_wconf 83' lang='grc' dir='ltr'>βιαία</span> <span class='ocrx_word' id='word_1_760' title='bbox 3314 4428 3466 4499; x_wconf 82' lang='grc' dir='ltr'>πνοὴ,</span> <span class='ocrx_word' id='word_1_761' title='bbox 3496 4429 3716 4483; x_wconf 73' lang='grc' dir='ltr'>πᾶσαν</span> 
     </span>
    </p>
   </div>
   <div class='ocr_carea' id='block_1_108' title="bbox 2104 4520 3717 4596">
    <p class='ocr_par' dir='ltr' id='par_1_108' title="bbox 2104 4520 3717 4596">
     <span class='ocr_line' id='line_1_108' title="bbox 2104 4520 3717 4596; baseline -0.001 -19"><span class='ocrx_word' id='word_1_762' title='bbox 2104 4525 2203 4594; x_wconf 85' lang='grc' dir='ltr'>τὴν</span> <span class='ocrx_word' id='word_1_763' title='bbox 2232 4523 2472 4595; x_wconf 82' lang='grc' dir='ltr'>ἐναέριον</span> <span class='ocrx_word' id='word_1_764' title='bbox 2500 4524 2593 4576; x_wconf 73' lang='grc' dir='ltr'><strong>καὶ</strong></span> <span class='ocrx_word' id='word_1_765' title='bbox 2637 4524 2919 4596; x_wconf 75' lang='grc' dir='ltr'>ἀπατηλήν</span> <span class='ocrx_word' id='word_1_766' title='bbox 2964 4522 3071 4576; x_wconf 82' lang='grc' dir='ltr'><strong>τῶν</strong></span> <span class='ocrx_word' id='word_1_767' title='bbox 3103 4521 3368 4592; x_wconf 88' lang='grc' dir='ltr'>δαιμόνων</span> <span class='ocrx_word' id='word_1_768' title='bbox 3394 4520 3717 4575; x_wconf 69' lang='grc' dir='ltr'>διασκεδά-</span> 
     </span>
    </p>
   </div>
   <div class='ocr_carea' id='block_1_109' title="bbox 2107 4606 3712 4685">
    <p class='ocr_par' dir='ltr' id='par_1_109' title="bbox 2107 4606 3712 4685">
     <span class='ocr_line' id='line_1_109' title="bbox 2107 4606 3712 4685; baseline -0.002 -17"><span class='ocrx_word' id='word_1_769' title='bbox 2107 4631 2245 4668; x_wconf 90' lang='grc' dir='ltr'>σασα</span> <span class='ocrx_word' id='word_1_770' title='bbox 2274 4613 2517 4685; x_wconf 87' lang='grc' dir='ltr'>δύναμιν,</span> <span class='ocrx_word' id='word_1_771' title='bbox 2550 4613 2832 4685; x_wconf 73' lang='grc' dir='ltr'>ἐπλήρωσε</span> <span class='ocrx_word' id='word_1_772' title='bbox 2874 4612 2980 4666; x_wconf 84' lang='grc' dir='ltr'>τῶν</span> <span class='ocrx_word' id='word_1_773' title='bbox 3026 4612 3335 4667; x_wconf 83' lang='grc' dir='ltr'>ἀποστόλων</span> <span class='ocrx_word' id='word_1_774' title='bbox 3370 4610 3456 4664; x_wconf 81' lang='grc' dir='ltr'><strong>τὸν</strong></span> <span class='ocrx_word' id='word_1_775' title='bbox 3486 4606 3661 4665; x_wconf 75' lang='grc' dir='ltr'>οἷκον</span> <span class='ocrx_word' id='word_1_776' title='bbox 3694 4632 3712 4645; x_wconf 88' lang='grc'><strong>·</strong></span> 
     </span>
    </p>
   </div>
   <div class='ocr_carea' id='block_1_110' title="bbox 2104 4703 3706 4777">
    <p class='ocr_par' dir='ltr' id='par_1_110' title="bbox 2104 4703 3706 4777">
     <span class='ocr_line' id='line_1_110' title="bbox 2104 4703 3706 4777; baseline -0.002 -16"><span class='ocrx_word' id='word_1_777' title='bbox 2104 4707 2200 4762; x_wconf 72' lang='grc' dir='ltr'><strong>καὶ</strong></span> <span class='ocrx_word' id='word_1_778' title='bbox 2230 4705 2527 4777; x_wconf 83' lang='grc' dir='ltr'>πυροειδῶς</span> <span class='ocrx_word' id='word_1_779' title='bbox 2558 4708 2638 4770; x_wconf 87' lang='grc' dir='ltr'><strong>είς</strong></span> <span class='ocrx_word' id='word_1_780' title='bbox 2667 4704 2916 4775; x_wconf 76' lang='grc' dir='ltr'>γλώσσας</span> <span class='ocrx_word' id='word_1_781' title='bbox 2959 4704 3306 4776; x_wconf 81' lang='grc' dir='ltr'>διαμερισθὲν</span> <span class='ocrx_word' id='word_1_782' title='bbox 3339 4704 3399 4757; x_wconf 74' lang='grc' dir='ltr'>τὸ</span> <span class='ocrx_word' id='word_1_783' title='bbox 3425 4703 3706 4774; x_wconf 74' lang='grc' dir='ltr'>Πνεῦμα,</span> 
     </span>
    </p>
   </div>
   <div class='ocr_carea' id='block_1_111' title="bbox 2106 4793 3708 4869">
    <p class='ocr_par' dir='ltr' id='par_1_111' title="bbox 2106 4793 3708 4869">
     <span class='ocr_line' id='line_1_111' title="bbox 2106 4793 3708 4869; baseline -0.002 -18"><span class='ocrx_word' id='word_1_784' title='bbox 2106 4797 2249 4852; x_wconf 86' lang='grc' dir='ltr'>κατά</span> <span class='ocrx_word' id='word_1_785' title='bbox 2278 4797 2369 4851; x_wconf 84' lang='grc' dir='ltr'><strong>τὸν</strong></span> <span class='ocrx_word' id='word_1_786' title='bbox 2412 4796 2640 4869; x_wconf 80' lang='grc' dir='ltr'>ἀριθμὸν</span> <span class='ocrx_word' id='word_1_787' title='bbox 2667 4796 2775 4848; x_wconf 85' lang='grc' dir='ltr'>τῶν</span> <span class='ocrx_word' id='word_1_788' title='bbox 2802 4795 3101 4864; x_wconf 81' lang='grc' dir='ltr'>δεχομένων</span> <span class='ocrx_word' id='word_1_789' title='bbox 3133 4794 3230 4865; x_wconf 79' lang='grc' dir='ltr'>τὴν</span> <span class='ocrx_word' id='word_1_790' title='bbox 3262 4793 3420 4865; x_wconf 83' lang='grc' dir='ltr'>χάριν</span> <span class='ocrx_word' id='word_1_791' title='bbox 3448 4793 3507 4845; x_wconf 78' lang='grc' dir='ltr'>ὲν</span> <span class='ocrx_word' id='word_1_792' title='bbox 3550 4794 3708 4849; x_wconf 73' lang='grc' dir='ltr'>ἑκά-</span> 
     </span>
    </p>
   </div>
   <div class='ocr_carea' id='block_1_112' title="bbox 2110 4883 3704 4963">
    <p class='ocr_par' dir='ltr' id='par_1_112' title="bbox 2110 4883 3704 4963">
     <span class='ocr_line' id='line_1_112' title="bbox 2110 4883 3704 4963; baseline -0.003 -19"><span class='ocrx_word' id='word_1_793' title='bbox 2110 4909 2220 4963; x_wconf 85' lang='grc' dir='ltr'><strong>στῳ</strong></span> <span class='ocrx_word' id='word_1_794' title='bbox 2267 4890 2496 4960; x_wconf 74' lang='grc' dir='ltr'>ἐγίνετο.</span> <span class='ocrx_word' id='word_1_795' title='bbox 2542 4889 2679 4956; x_wconf 84' lang='grc' dir='ltr'>Ἤδη</span> <span class='ocrx_word' id='word_1_796' title='bbox 2720 4888 2798 4953; x_wconf 76' lang='grc' dir='ltr'><strong>δὲ,</strong></span> <span class='ocrx_word' id='word_1_797' title='bbox 2837 4887 2969 4959; x_wconf 83' lang='grc' dir='ltr'>πρὸς</span> <span class='ocrx_word' id='word_1_798' title='bbox 2997 4885 3058 4939; x_wconf 78' lang='grc' dir='ltr'>τὸ</span> <span class='ocrx_word' id='word_1_799' title='bbox 3087 4885 3386 4958; x_wconf 80' lang='grc' dir='ltr'>παράδοξον</span> <span class='ocrx_word' id='word_1_800' title='bbox 3410 4883 3504 4938; x_wconf 76' lang='grc' dir='ltr'>τοῦ</span> <span class='ocrx_word' id='word_1_801' title='bbox 3536 4888 3704 4939; x_wconf 71' lang='grc' dir='ltr'>κατὰ</span> 
     </span>
    </p>
   </div>
   <div class='ocr_carea' id='block_1_113' title="bbox 2106 4976 3700 5053">
    <p class='ocr_par' dir='ltr' id='par_1_113' title="bbox 2106 4976 3700 5053">
     <span class='ocr_line' id='line_1_113' title="bbox 2106 4976 3700 5053; baseline -0.005 -18"><span class='ocrx_word' id='word_1_802' title='bbox 2106 4982 2204 5053; x_wconf 79' lang='grc' dir='ltr'>τὴν</span> <span class='ocrx_word' id='word_1_803' title='bbox 2228 4980 2405 5050; x_wconf 82' lang='grc' dir='ltr'>φωνὴν</span> <span class='ocrx_word' id='word_1_804' title='bbox 2428 4982 2520 5034; x_wconf 76' lang='grc' dir='ltr'>καὶ</span> <span class='ocrx_word' id='word_1_805' title='bbox 2541 4980 2638 5049; x_wconf 86' lang='grc' dir='ltr'><strong>τὴν</strong></span> <span class='ocrx_word' id='word_1_806' title='bbox 2658 4979 2906 5048; x_wconf 82' lang='grc' dir='ltr'>γλῶσσαν</span> <span class='ocrx_word' id='word_1_807' title='bbox 2932 4977 3225 5047; x_wconf 83' lang='grc' dir='ltr'>θαύματος,</span> <span class='ocrx_word' id='word_1_808' title='bbox 3246 4976 3371 5039; x_wconf 80' lang='grc' dir='ltr'>τοὺς</span> <span class='ocrx_word' id='word_1_809' title='bbox 3397 4978 3464 5029; x_wconf 85' lang='grc' dir='ltr'>ὲκ</span> <span class='ocrx_word' id='word_1_810' title='bbox 3480 4978 3700 5040; x_wconf 79' lang='grc' dir='ltr'>παντὸς</span> 
     </span>
    </p>
   </div>
   <div class='ocr_carea' id='block_1_114' title="bbox 2108 5067 3693 5142">
    <p class='ocr_par' dir='ltr' id='par_1_114' title="bbox 2108 5067 3693 5142">
     <span class='ocr_line' id='line_1_114' title="bbox 2108 5067 3693 5142; baseline -0.003 -17"><span class='ocrx_word' id='word_1_811' title='bbox 2108 5073 2293 5135; x_wconf 80' lang='grc' dir='ltr'>ἔθνους</span> <span class='ocrx_word' id='word_1_812' title='bbox 2347 5071 2738 5142; x_wconf 85' lang='grc' dir='ltr'>Ἱεροσολύμοις</span> <span class='ocrx_word' id='word_1_813' title='bbox 2814 5068 3232 5139; x_wconf 77' lang='grc' dir='ltr'>ἐπιδημοῦντας,</span> <span class='ocrx_word' id='word_1_814' title='bbox 3290 5067 3552 5138; x_wconf 78' lang='grc' dir='ltr'>ἔκπληξίς</span> <span class='ocrx_word' id='word_1_815' title='bbox 3626 5084 3693 5120; x_wconf 81' lang='grc' dir='ltr'><strong>τε</strong></span> 
     </span>
    </p>
   </div>
   <div class='ocr_carea' id='block_1_115' title="bbox 2112 5159 3695 5235">
    <p class='ocr_par' dir='ltr' id='par_1_115' title="bbox 2112 5159 3695 5235">
     <span class='ocr_line' id='line_1_115' title="bbox 2112 5159 3695 5235; baseline -0.004 -17"><span class='ocrx_word' id='word_1_816' title='bbox 2112 5164 2423 5235; x_wconf 75' lang='grc' dir='ltr'>κατειλήφει</span> <span class='ocrx_word' id='word_1_817' title='bbox 2456 5163 2548 5217; x_wconf 72' lang='grc' dir='ltr'><strong>καὶ</strong></span> <span class='ocrx_word' id='word_1_818' title='bbox 2568 5164 2847 5232; x_wconf 64' lang='grc' dir='ltr'>σύγχυσις</span> <span class='ocrx_word' id='word_1_819' title='bbox 2867 5160 2973 5213; x_wconf 84' lang='grc' dir='ltr'><strong>τῶν</strong></span> <span class='ocrx_word' id='word_1_820' title='bbox 2990 5162 3069 5223; x_wconf 87' lang='grc' dir='ltr'><strong>είς</strong></span> <span class='ocrx_word' id='word_1_821' title='bbox 3086 5160 3334 5223; x_wconf 87' lang='grc' dir='ltr'>ποικίλας</span> <span class='ocrx_word' id='word_1_822' title='bbox 3361 5177 3421 5213; x_wconf 86' lang='grc' dir='ltr'><strong>τε</strong></span> <span class='ocrx_word' id='word_1_823' title='bbox 3448 5161 3543 5214; x_wconf 58' lang='grc' dir='ltr'><strong>καὶ⁵</strong></span> <span class='ocrx_word' id='word_1_824' title='bbox 3566 5159 3695 5212; x_wconf 75' lang='grc' dir='ltr'>δια-</span> 
     </span>
    </p>
   </div>
   <div class='ocr_carea' id='block_1_116' title="bbox 2107 5249 3699 5326">
    <p class='ocr_par' dir='ltr' id='par_1_116' title="bbox 2107 5249 3699 5326">
     <span class='ocr_line' id='line_1_116' title="bbox 2107 5249 3699 5326; baseline -0.008 -15"><span class='ocrx_word' id='word_1_825' title='bbox 2107 5256 2303 5326; x_wconf 84' lang='grc' dir='ltr'>φόρους</span> <span class='ocrx_word' id='word_1_826' title='bbox 2331 5253 2590 5323; x_wconf 86' lang='grc' dir='ltr'>γλωσσῶν</span> <span class='ocrx_word' id='word_1_827' title='bbox 2623 5253 2764 5315; x_wconf 82' lang='grc' dir='ltr'>ἰδέας</span> <span class='ocrx_word' id='word_1_828' title='bbox 2790 5251 3199 5322; x_wconf 81' lang='grc' dir='ltr'>διεσχισμένων,</span> <span class='ocrx_word' id='word_1_829' title='bbox 3237 5249 3455 5303; x_wconf 85' lang='grc' dir='ltr'>πάντων</span> <span class='ocrx_word' id='word_1_830' title='bbox 3474 5249 3699 5320; x_wconf 75' lang='grc' dir='ltr'>ἀθρόως</span> 
     </span>
    </p>
   </div>
   <div class='ocr_carea' id='block_1_117' title="bbox 2106 5341 3699 5417">
    <p class='ocr_par' dir='ltr' id='par_1_117' title="bbox 2106 5341 3699 5417">
     <span class='ocr_line' id='line_1_117' title="bbox 2106 5341 3699 5417; baseline -0.004 -17"><span class='ocrx_word' id='word_1_831' title='bbox 2106 5346 2465 5417; x_wconf 80' lang='grc' dir='ltr'>ὁμογλώσσων</span> <span class='ocrx_word' id='word_1_832' title='bbox 2492 5347 2600 5407; x_wconf 82' lang='grc' dir='ltr'>τοῖς</span> <span class='ocrx_word' id='word_1_833' title='bbox 2627 5343 2891 5414; x_wconf 86' lang='grc' dir='ltr'>μαθηταῖς</span> <span class='ocrx_word' id='word_1_834' title='bbox 2915 5341 3296 5413; x_wconf 81' lang='grc' dir='ltr'>γεγενημένων</span> <span class='ocrx_word' id='word_1_835' title='bbox 3323 5356 3337 5370; x_wconf 92' lang='grc'><strong>·</strong></span> <span class='ocrx_word' id='word_1_836' title='bbox 3372 5341 3463 5394; x_wconf 81' lang='grc' dir='ltr'>ὅτε</span> <span class='ocrx_word' id='word_1_837' title='bbox 3491 5341 3583 5393; x_wconf 75' lang='grc' dir='ltr'><strong>οὐκ</strong></span> <span class='ocrx_word' id='word_1_838' title='bbox 3610 5341 3699 5393; x_wconf 80' lang='grc' dir='ltr'>ὲκ</span> 
     </span>
    </p>
   </div>
   <div class='ocr_carea' id='block_1_118' title="bbox 2108 5429 3703 5512">
    <p class='ocr_par' dir='ltr' id='par_1_118' title="bbox 2108 5429 3703 5512">
     <span class='ocr_line' id='line_1_118' title="bbox 2108 5429 3703 5512; baseline -0.006 -19"><span class='ocrx_word' id='word_1_839' title='bbox 2108 5437 2546 5512; x_wconf 85' lang='grc' dir='ltr'>προπαιδεύσεως</span> <span class='ocrx_word' id='word_1_840' title='bbox 2570 5437 2664 5490; x_wconf 72' lang='grc' dir='ltr'><strong>καὶ</strong></span> <span class='ocrx_word' id='word_1_841' title='bbox 2695 5434 2922 5508; x_wconf 87' lang='grc' dir='ltr'>μελέτης</span> <span class='ocrx_word' id='word_1_842' title='bbox 2954 5433 3116 5499; x_wconf 69' lang='grc' dir='ltr'>τινὸς,</span> <span class='ocrx_word' id='word_1_843' title='bbox 3163 5432 3277 5486; x_wconf 76' lang='grc' dir='ltr'>ἀλλ’</span> <span class='ocrx_word' id='word_1_844' title='bbox 3309 5430 3370 5497; x_wconf 79' lang='grc' dir='ltr'>ἐξ</span> <span class='ocrx_word' id='word_1_845' title='bbox 3397 5429 3703 5497; x_wconf 71' lang='grc' dir='ltr'>ἐπιπνοίας</span> 
     </span>
    </p>
   </div>
  </div>
