3930 6210
264 243 373 299 705

1562 244 1628 299 ΙΝ
1671 244 1729 299 S.
1775 242 2222 301 STEPHANUM.

3408 244 3513 305 706

259 356 355 411 τοῦ
399 356 743 428 Πνεύματος,
788 357 996 430 ἀθρόως
1029 362 1141 423 τοῖς
1170 360 1484 424 ἀποστόλοις
1514 361 1714 431 ταύτης
1757 362 1837 415 ὲν-

1947 359 2306 429 inspiratione
2336 357 2573 428 Spiritus
2602 366 2768 432 atque
2798 372 3017 432 repente
3044 377 3108 419 ex
3142 371 3384 432 tempore
3408 363 3514 418 hoc

260 449 658 520 σκεδασθείσης
688 450 789 519 τῆς
821 452 1062 522 χάριτος,
1095 453 1129 523 ἡ
1154 450 1244 506 τοῦ
1278 451 1606 521 φθέγγεσθαι
1626 452 1853 523 δύναμις

256 538 646 607 προσεγένετο.
700 540 847 593 Ἐδει
878 541 986 610 γὰρ
1014 540 1141 604 τοὺς
1186 542 1279 595 ἐπὶ
1325 542 1393 611 τῇ
1440 541 1604 613 γητνῃ
1651 558 1853 613 πυργο-

253 628 421 698 ποιίᾳ
453 630 550 700 τὴν
581 628 889 699 ὁμοφωνίαν
934 630 1232 695 λύσαντας,
1277 632 1370 684 ἐπὶ
1407 635 1473 703 τῇ
1509 635 1846 703 πνευματικῇ

254 718 429 770 πάλιν
451 719 550 788 τῆς
577 719 899 791 Ἑκκλησίας
918 720 1194 791 οἰκοδομῇ,
1220 721 1299 784 εἰς
1318 720 1622 790 ὁμοφωνίαν
1651 720 1844 774 ἐλθεῖνο

253 810 351 861 καὶ
380 810 474 863 διὰ
504 809 660 864 τοῦτο
682 812 863 875 καλῶς
888 811 1134 866 ἐντεῦθεν
1160 814 1194 883 ὴ
1225 810 1319 865 τοῦ
1348 814 1502 881 ἁγίου
1530 813 1844 883 Πνεύματος

251 901 544 972 οἰκονομία
574 902 674 973 τῆς
700 903 917 973 χάριτος
966 902 1211 975 άρχεται’
1247 903 1385 957 ὥστε
1410 904 1507 975 τὴν
1531 906 1714 977 κοινὴν
1735 905 1842 960 τῶν

253 992 566 1062 ἀνθρώπιον
615 995 963 1065 εὐεργεσίαν,
1007 997 1085 1057 είς
1134 997 1312 1049 πᾶσαν
1353 996 1588 1050 διάνοιαν
1619 998 1718 1067 τῆς
1748 1000 1841 1051 ἀν-

254 1079 544 1151 θρωπίνης
575 1082 938 1152 καταμερίσαι
972 1084 1175 1154 φωνῆς,
1224 1084 1310 1137 ἵνα
1361 1085 1436 1154 μὴ
1486 1087 1586 1155 μιᾷ
1624 1085 1842 1157 γλώσσῃ

257 1171 399 1242 μόνῃ
452 1172 515 1225 τὸ
560 1173 824 1244 κήρυγμα
864 1173 966 1244 τῆς
1013 1175 1293 1238 εὐσεϐείας
1341 1176 1838 1247 ὲναποκλειόμενον,

254 1264 545 1335 ἄπρακτον
580 1268 693 1328 τοῖς
723 1264 1117 1334 ἀλλογλώσσοις
1152 1268 1309 1339 μείνῃ
1338 1269 1431 1322 καὶ
1456 1268 1833 1340 ἀνενέργητον.

328 1447 478 1517 Ἤδη
518 1446 697 1500 τοίνυν
743 1446 852 1500 τῶν
901 1446 1000 1516 μὲν
1044 1446 1351 1517 Φαρισαίων
1394 1447 1489 1500 καὶ
1527 1450 1647 1509 ταῖς
1679 1445 1837 1510 ἰδίαις

255 1537 451 1600 ἀκοαῖς
497 1536 867 1591 ἀπιστούντων
888 1577 904 1603 ,
956 1539 1046 1590 καὶ
1071 1539 1196 1600 τοὺς
1225 1537 1707 1607 ἐκπεπληγμένους
1737 1538 1837 1608 τὴν

1948 452 2093 506 dono
2120 457 2528 520 reprmsentato.
2566 452 2799 508 facultas
2835 454 3090 523 loquendi
3127 455 3390 525 apostolis
3423 470 3514 509 ac-

1947 542 2226 597 cessisset.
2249 538 2706 611 Oportebatenim
2738 557 2852 606 eos,
2891 545 2984 614 qui
3008 544 3062 598 in
3089 553 3320 601 terrenae
3348 546 3515 601 turris

1945 632 2319 687 exstructione
2351 633 2790 688 communionem
2832 633 3048 704 linguae,
3084 635 3343 705 vocisque
3384 650 3516 689 cun-

1946 722 2188 778 cordiam
2251 723 2546 786 solverant,
2579 724 2631 778 in
2662 724 2932 794 spirituali
2978 724 3234 781 Ecclesiae
3275 726 3513 781 :editica-

1944 813 2095 869 tione
2119 829 2314 869 rursus
2368 814 2433 868 ad
2477 816 2868 870 commercium
2894 817 3091 887 linguae
3110 818 3321 881 venire,
3351 832 3514 891 atque

1944 904 2154 960 idcirco
2198 907 2372 961 sancti
2429 907 2667 978 Spiritus
2716 908 3055 979 dispensatio
3095 919 3242 966 recte
3281 913 3510 981 gratiam

1946 998 2076 1052 hinc
2110 1000 2347 1061 orditur,
2389 1007 2445 1052 ut
2475 1015 2764 1056 commune
2795 1001 3073 1056 hominum
3105 1004 3426 1058 beneﬁcium
3458 1002 3512 1056 itt

1942 1104 2158 1144 omnem
2227 1090 2559 1144 intellectum
2609 1091 2861 1146 humanm
2914 1095 3064 1148 vocis
3099 1093 3512 1164 dispertiretur,

1942 1195 2012 1234 ne
2042 1180 2088 1234 si
2128 1180 2182 1233 in
2214 1195 2376 1234 unam
2424 1181 2661 1250 linguam
2705 1182 2875 1235 solam
2927 1183 3244 1252 prtedicatio
3292 1184 3513 1251 pietatis

1941 1270 2337 1331 includeretur,
2356 1270 2603 1326 inefﬁcax
2631 1280 2683 1327 et
2709 1273 2921 1327 inutilis
2940 1274 3255 1329 hominibus
3281 1274 3513 1330 diversa:

1941 1362 2137 1430 lingua:
2162 1369 2425 1415 maneret.

2012 1450 2132 1505 Jam
2166 1452 2333 1521 igitur
2353 1466 2477 1505 cum
2513 1450 2777 1507 Pharisaei
2820 1454 3038 1523 quidem
3080 1453 3197 1508 suis
3226 1454 3391 1509 etiam
3424 1453 3509 1522 ip-

1943 1556 2127 1595 sorum
2163 1542 2389 1596 auribus
2425 1557 2530 1596 non
2563 1544 2870 1609 crederent,
2899 1560 2961 1598 ac
2992 1546 3261 1600 miraculo
3297 1546 3373 1600 rei
3405 1546 3507 1599 ob-

256 1627 707 1699 θαυματουργίαν
768 1628 1083 1698 διεσφάλθαι
1145 1628 1654 1699 καταχλευαζόντων
1681 1669 1696 1693 ,
1760 1629 1835 1691 ὡς

1939 1633 2282 1702 stupefactos
2305 1643 2536 1689 caeteros
2560 1649 2744 1689 errare
2765 1637 3161 1691 contenderent
3190 1637 3507 1701 irridentes,

257 1721 526 1789 γλεύκους
571 1723 754 1784 αὐτοῖς
798 1719 896 1791 τὴν
946 1719 1196 1791 τοιαύτην
1237 1721 1559 1791 παραφορὰν
1606 1721 1836 1790 ἐμποιή-

261 1825 457 1874 σαντος
480 1825 495 1840 ο
522 1809 615 1862 τοῦ
641 1809 699 1862 δὲ
730 1809 937 1879 Πέτρου
970 1811 1066 1881 μιᾷ
1087 1809 1181 1864 τοῦ
1213 1810 1369 1880 λόγου
1396 1809 1654 1881 περιϐολῇ
1685 1827 1836 1880 τρισ-

258 1900 440 1971 χιλίας
494 1900 668 1971 ψυχὰς
700 1901 780 1971 τῷ
824 1901 1044 1973 Χριστῷ
1078 1902 1546 1974 σαγηνεύσαντος,
1598 1903 1693 1955 καὶ
1735 1920 1836 1955 κα-

259 1992 421 2062 θεξῆς
450 1992 536 2047 ἀεὶ
563 1996 629 2064 τῇ
658 1994 943 2067 προσθήκῃ
972 1994 1080 2047 τῶν
1122 1993 1443 2063 σωζομένων
1464 1995 1560 2064 τῆς
1606 1992 1833 2063 Ἐκκλη-

260 2087 385 2150 σίας
408 2087 492 2149 είς
518 2085 719 2157 πλῆθος
745 2085 1083 2158 ὲπιδιδούσης
1108 2102 1122 2116 ⁸
1152 2088 1245 2139 καὶ
1268 2085 1359 2140 τοῦ
1389 2088 1453 2139 ὲκ
1484 2085 1711 2155 γενετῆς
1736 2103 1837 2156 χω-

257 2178 351 2231 λοῦ
385 2179 550 2232 πάλιν
578 2178 675 2247 τὴν
700 2178 910 2250 ὡραίαν
938 2178 1036 2232 τοῦ
1067 2176 1211 2248 ίεροῦ
1246 2177 1422 2249 πύλην
1450 2180 1562 2240 τοῖς
1590 2177 1801 2247 σωζομέ
1819 2208 1833 2216 -

256 2288 366 2334 νοις
410 2270 751 2336 ἀνοίξαντος,
796 2266 831 2343 ᾖ
873 2270 1322 2342 προσκαθήμενος
1371 2269 1450 2339 τῷ
1493 2269 1616 2323 καθ’
1647 2270 1834 2323 ἑαυτὸν

258 2363 505 2433 θαύματι
533 2364 632 2434 τῆς
665 2363 888 2429 ἰάσεως,
936 2365 1061 2427 τοὺς
1113 2364 1255 2418 κατὰ
1296 2362 1472 2433 ψυχὴν
1502 2361 1836 2433 χωλεύοντας

257 2454 346 2506 ἐπὶ
372 2454 478 2524 τὴν
507 2454 688 2507 πίστιν
712 2453 1138 2525 ὲχειραγώγησε.
1171 2453 1388 2508 Πολλῶν
1417 2452 1595 2507 τοίνυν
1617 2453 1752 2523 πρὸς
1776 2452 1836 2505 τὸ

258 2546 523 2616 κήρυγμα
564 2545 661 2616 τῆς
695 2546 928 2610 πίστεως
958 2545 1325 2617 συρρεόντων,
1375 2545 1469 2599 καὶ
1515 2544 1615 2615 τῆς
1650 2545 1835 2615 χρείας

257 2638 481 2690 πλείονα
508 2637 608 2707 τὴν
638 2637 982 2709 πολυχειρίαν
1011 2637 1374 2710 ἐπιζητούσης
1402 2637 1506 2691 τῶν
1528 2636 1836 2706 διακονούν-

258 2746 363 2781 των
388 2732 461 2800 τῇ
493 2730 711 2801 χάριτι·
761 2731 880 2783 τότε
908 2732 1150 2785 καλεῖται
1195 2731 1331 2802 πρὸς
1372 2730 1690 2802 ἐπικουρίαν
1727 2730 1835 2781 τῶν

260 2822 570 2876 ἀποστόλων
599 2823 704 2876 ὑπὸ
732 2822 825 2876 τοῦ
852 2824 1167 2894 Πνεύματος
1201 2826 1230 2877 ὁ
1260 2824 1428 2887 πολὺς
1457 2826 1523 2894 τῇ
1554 2824 1713 2893 σοφία
1740 2823 1835 2876 καὶ

1935 1725 2093 1792 quasi
2127 1734 2366 1779 mustum
2386 1726 2548 1779 talem
2576 1727 2885 1780 vecm'diam
2914 1736 3079 1796 atque
3110 1727 3345 1780 furorem
3377 1739 3508 1795 apo-

1936 1816 2094 1870 stolis
2160 1816 2571 1886 ingenerasset;
2632 1817 2825 1871 Petrus
2878 1828 3055 1871 autem
3094 1833 3201 1871 uno
3240 1818 3508 1872 orationis

1935 1909 2255 1979 complexu,
2307 1909 2613 1963 animarum
2649 1910 2816 1964 millia
2866 1910 2968 1964 tria
3017 1912 3176 1980 quasi
3238 1910 3507 1964 verriculo

1935 2008 2125 2069 captas
2158 1999 2380 2054 Christo
2431 1999 2796 2056 lucrifecisset
2820 2002 2864 2065 ',
2908 2014 2973 2055 ac
3012 2001 3270 2069 deinceps
3295 2015 3510 2069 semper

1936 2092 2242 2161 adiectione
2262 2107 2474 2159 eorum,
2503 2093 2594 2162 qui
2621 2094 2754 2149 salvi
2780 2095 2993 2156 tierent,
3016 2093 3259 2147 Ecclesia
3276 2107 3508 2147 numero

1936 2200 1998 2238 ac
2032 2185 2384 2239 multitudine
2421 2193 2693 2240 cresceret
2723 2201 2737 2237 :
2772 2185 3011 2254 itemque
3055 2185 3124 2247 is,
3170 2184 3262 2252 qui
3311 2198 3341 2236 a
3367 2183 3509 2237 nati-

1935 2277 2104 2329 vitate
2150 2275 2377 2329 claudus
2429 2274 2629 2337 fuerat,
2682 2274 2986 2343 speciosam
3042 2282 3254 2343 portam
3319 2272 3505 2342 templi

1936 2384 2131 2423 rursus
2160 2369 2249 2428 iis,
2282 2367 2373 2436 qui
2407 2367 2541 2422 salvi
2600 2365 2812 2429 ﬁerent,
2838 2364 3210 2433 aperuisset’,
3243 2364 3330 2417 cui
3371 2365 3511 2418 assi-

1935 2458 2072 2512 dens
2106 2472 2219 2511 sua!
2264 2456 2566 2510 sanationis
2603 2455 2870 2508 miraculo
2897 2456 3078 2508 anima
3131 2454 3507 2509 claudicantes

1937 2548 2002 2602 ad
2037 2548 2197 2603 fidunt
2225 2547 2544 2600 adduxerat.
2583 2546 2717 2600 Cum
2749 2545 2904 2598 multi
2940 2545 3107 2614 igitur
3138 2544 3203 2599 ad
3245 2544 3508 2615 prmdica-

1936 2640 2138 2692 tionem
2199 2638 2323 2692 fidei
2363 2635 2722 2702 conﬂuerent,
2779 2644 2941 2706 atque
2986 2635 3249 2704 majorem
3285 2649 3505 2687 manum

1936 2730 2124 2799 gratia:
2151 2729 2580 2783 ministrantium
2613 2742 2701 2782 res
2729 2726 3052 2796 postularet,
3077 2736 3208 2780 tunc
3239 2725 3507 2795 sapientia

1937 2835 1999 2873 ac
2016 2821 2187 2890 gratia
2210 2819 2495 2874 abundans
2517 2818 2828 2886 Stephanus
2848 2833 2878 2871 a
2913 2816 3121 2887 Spiritu
3159 2817 3212 2871 in
3239 2818 3503 2869 auxilium

259 2911 321 2978 τῇ
355 2909 540 2980 χάριτι
588 2910 876 2979 Στέφανος.
928 2912 1038 2964 Καὶ
1086 2913 1274 2982 μηδεὶς
1317 2913 1394 2982 τῷ
1436 2915 1534 2983 τῇς
1562 2912 1835 2974 διακονίας

1939 2911 2308 2980 apostolorum
2350 2919 2577 2963 voratur
2609 2909 2652 2962 ⁸.
2681 2912 2760 2961 Ae
2798 2924 2957 2962 nemo
2984 2908 3204 2963 nomine
3222 2907 3507 2963 ministerii

261 3000 521 3071 ὀνόματι,
571 3001 904 3074 δευτερεύειν
942 3003 1106 3057 αὑτὸν
1155 3003 1307 3075 παρά
1346 3004 1443 3075 τὴν
1474 3003 1837 3073 ἀποστολικὴν

263 3090 416 3155 ἀξίαν
446 3092 740 3146 ὑπονοείτω
761 3110 774 3121 ·
811 3095 933 3146 ἐπεὶ
954 3095 1048 3149 καὶ
1072 3094 1282 3158 Παῦλος
1310 3094 1498 3147 ἑαυτὸν
1526 3090 1634 3147 οἶδε
1660 3094 1838 3147 διάκο-

263 3196 345 3231 νον
372 3180 694 3252 μυστηρίων
722 3182 981 3254 Χριστοῦ,
1007 3184 1099 3238 καὶ
1141 3188 1169 3239 ό
1202 3185 1292 3238 τοῦ
1324 3187 1520 3250 παντὸς
1555 3189 1778 3259 Κύριος,
1808 3192 1838 3243 ὀ

264 3270 345 3325 διὰ
371 3272 578 3343 σαρκὸς
602 3273 701 3344 τὴν
725 3274 1068 3346 ἀνθρωπίνην
1094 3278 1368 3347 σωτηρίαν
1400 3280 1715 3349 οίκονομῶν,
1738 3282 1837 3335 οὐκ

268 3362 578 3434 ἔπῃσχύνθη
631 3364 709 3434 τῷ
749 3365 848 3435 τῆς
883 3364 1159 3429 διακονίας
1204 3367 1465 3438 ὀνόματι,
1521 3369 1727 3423 είπὼν’
1778 3372 1836 3425 ὲν

274 3453 452 3520 μέσοις
497 3450 751 3519 εἷναι,ὼς
782 3458 809 3510 ὁ
856 3456 1138 3522 διακονῶν,
1182 3461 1210 3511 ό
1253 3458 1352 3522 τὰς
1391 3458 1681 3532 διαιρέσεις
1727 3462 1836 3517 τῶν

271 3541 545 3597 διακονιῶν
571 3543 826 3615 ἐνεργῶν,
852 3544 928 3608 ὥς
955 3562 1119 3617 φησιν
1146 3549 1175 3601 ό
1215 3536 1550 3613 Ἀπόστολος.
1572 3552 1836 3624 Καθάπερ

275 3632 459 3704 γὰρτὸ
501 3631 614 3705 πῦρ
660 3633 761 3705 τῆς
805 3635 1113 3706 ἐπιτηδείας
1157 3636 1288 3707 ὕλης
1335 3636 1670 3710 δραξάμενον
1696 3680 1712 3705 ,
1758 3643 1837 3705 είς

278 3724 401 3793 ῦψος
424 3725 565 3796 αἴρει
589 3725 688 3797 τὴν
715 3726 911 3797 φλόγα,
939 3730 1031 3782 καὶ
1058 3731 1522 3802 περιφανεστέραν
1547 3731 1644 3803 τὴν
1664 3733 1836 3804 αὐγὴν

280 3814 633 3885 ἀπεργάζεται
659 3832 673 3847 ·
722 3817 865 3871 οὕτω
913 3817 975 3871 τὸ
1003 3819 1221 3890 Πνεῦμα
1262 3821 1325 3873 τὸ
1366 3821 1618 3889 ἄγιον,ὲν
1645 3826 1710 3894 τῇ
1741 3825 1834 3877 τοῦ

280 3904 542 3974 Στεφάνου
572 3906 909 3977 μεγαλοφυῖᾳ
934 3909 1241 3979 γενόμενον,
1278 3909 1632 3983 ὲκδηλοτέρας
1665 3914 1835 3966 ἐποίει

277 3995 373 4060 τὰς
414 3998 633 4063 ἀκτῖνας
678 4000 777 4068 τῆς
826 4002 1067 4071 χάριτος.
1113 4002 1206 4054 Διὸ
1252 4004 1451 4069 πάντες
1491 4006 1626 4074 πρὸς
1673 4006 1835 4062 αὑτὸν

271 4089 549 4160 ἀφεώρων,
595 4093 653 4144 ὲν
696 4092 838 4157 ὅσοις
866 4089 936 4165 ἦν
965 4094 1216 4163 γνώσεώς
1264 4112 1408 4162 τινος
1451 4099 1706 4168 μετουσία
1741 4100 1835 4152 καὶ

271 4182 599 4247 παιδεύσεως
623 4201 636 4215 ·
683 4184 778 4238 καὶ⁵
802 4185 943 4239 κατὰ
977 4187 1261 4251 συστάσεις
1289 4189 1336 4241 οἱ
1366 4189 1474 4242 τῶν
1514 4189 1717 4243 λοιπῶν
1748 4190 1834 4243 δο-

1939 3009 2145 3065 motus,
2208 3002 2508 3057 secundum
2549 3016 2679 3056 eum
2700 3002 2767 3054 ab
2798 3002 3097 3071 apostolica
3127 3001 3391 3070 dignitate
3424 3000 3509 3054 lo-

1937 3106 2061 3145 cum
2095 3092 2343 3146 obtinere
2406 3092 2717 3160 suspicetur
2747 3109 2759 3143 :
2812 3090 3069 3159 quoniam
3109 3090 3269 3144 etiam
3305 3088 3508 3146 Paulus

1945 3197 2066 3238 sese
2090 3182 2399 3236 ministrum
2432 3180 2815 3251 mysteriorum
2834 3180 3040 3235 Christi
3064 3181 3341 3250 agnoscit'
3366 3198 3379 3233 :
3408 3197 3510 3236 nec

1937 3278 2316 3328 universarum
2353 3286 2533 3325 rerum
2565 3270 2853 3324 Dominum
2885 3270 2977 3341 qui
3015 3286 3111 3339 per
3154 3286 3375 3325 carnem
3406 3270 3508 3324 ltu-

1935 3379 2150 3418 tnanam
2198 3365 2427 3418 salutem
2460 3363 2901 3428 administrabat,
2935 3363 3231 3419 ministerii
3267 3364 3505 3419 nominis

1936 3455 2168 3525 puduit,
2225 3470 2351 3508 cum
2400 3456 2601 3510 diceret
2637 3470 2759 3510 sese
2808 3454 2861 3508 in
2888 3454 3071 3509 medio
3104 3469 3225 3510 esse
3248 3462 3505 3524 tanquam

1937 3546 2271 3612 ministrum,
2306 3545 2399 3615 qui
2435 3545 2734 3600 divisiones
2780 3545 3208 3601 ministeriorum
3238 3545 3418 3611 ellicit,
3450 3555 3507 3599 ut

1936 3635 2114 3706 inquit
2147 3636 2442 3705 Apostolus
2471 3636 2511 3688 ⁸.
2547 3635 3015 3701 Quemadmodum
3037 3636 3182 3690 enim
3212 3635 3354 3706 ignis
3384 3646 3507 3704 apta

1935 3727 2331 3795 comprehensa
2380 3727 2629 3791 materia,
2676 3725 2947 3780 ﬂammam
2986 3726 3040 3780 in
3072 3726 3243 3780 altum
3275 3728 3432 3791 tollit,
3455 3738 3508 3780 et

1936 3816 2292 3871 illustriorem
2324 3816 2670 3886 splendorem
2707 3816 2870 3871 eﬂicit
2904 3835 2916 3871 :
2952 3817 3025 3871 ita
3060 3818 3223 3872 etiam
3266 3815 3509 3889 Spiritus

1937 3916 2182 3970 sanctus,
2213 3924 2338 3963 cum
2392 3908 2448 3962 in
2486 3924 2679 3979 magna
2716 3910 2805 3964 illa
2839 3909 3099 3980 Stephani
3132 3911 3296 3964 animi
3325 3911 3509 3965 indole

1935 4010 2270 4065 versaretur,
2299 4000 2487 4071 gratiae
2520 4002 2703 4057 radios
2719 4001 2983 4056 clariores
3004 4002 3288 4058 clliciebat.
3307 4002 3508 4068 Quam-

1936 4093 2123 4147 obrem
2151 4107 2364 4155 omnes,
2401 4093 2455 4146 itt
2488 4093 2687 4162 quibus
2721 4093 3049 4148 eruditionis
3078 4102 3240 4163 atque
3266 4093 3509 4149 scientia:

1939 4185 2188 4240 nonnihil
2221 4184 2492 4247 inerat,in
2521 4200 2641 4239 sese
2678 4184 3029 4237 convertebat
3061 4198 3074 4233 :
3105 4185 3257 4239 exiis
3280 4186 3370 4253 qui
3398 4199 3507 4238 cat-

271 4273 483 4338 ιιοῦντες
513 4274 676 4329 πλέον
712 4275 876 4346 ἔχειν,
907 4274 1017 4330 οἷον
1052 4280 1131 4341 είς
1165 4277 1448 4347 φάλαγγάς
1473 4296 1622 4343 τινας
1648 4279 1715 4331 δι’
1743 4278 1834 4331 ἀλ-

1941 4276 2076 4331 teris
2110 4284 2369 4345 prarstare
2398 4275 2744 4339 videbantur,
2774 4274 3010 4327 coitione
3034 4281 3197 4342 atque
3225 4275 3509 4345 conspirao

269 4366 436 4437 λήλων
466 4368 987 4440 καταπυκνούμενοι,
1015 4369 1185 4433 οὕτως
1213 4370 1504 4441 ὑπομένειν
1538 4370 1836 4441 ἐπειρῶντο

267 4456 356 4512 τοῦ
398 4460 670 4528 Στεφάνου
717 4459 814 4531 τὴν
866 4461 1187 4532 προσϐολήν.
1242 4461 1301 4515 ὐ
1340 4462 1397 4515 δὲ
1435 4463 1598 4515 πᾶσιν
1642 4462 1835 4533 ἐπίσης

268 4549 471 4622 ἄμαχος
500 4547 588 4622 ἦν,
627 4552 721 4605 καὶ
764 4551 979 4615 πολλοῖς
1031 4553 1355 4623 συμμίσγων
1398 4555 1517 4607 κατ’
1550 4553 1711 4607 αὑτὸν
1744 4555 1837 4605 καὶ

269 4640 559 4698 ἐλάττοσιν.
617 4644 703 4697 Ἐν
752 4642 926 4713 τούτῳ
961 4643 1169 4707 τοίνυν,
1227 4643 1288 4696 τὸ
1336 4643 1435 4714 μὲν
1489 4642 1832 4713 φαινόμενον,

284 4731 640 4805 Ἀλεξανδρεῖς
683 4733 778 4788 καὶ
827 4733 1126 4805 Λιϐερτίνοι
1174 4734 1269 4787 καλ⁹
1302 4735 1598 4806 Κυρηναῖοι
1646 4735 1741 4787 καὶ
1785 4734 1835 4785 οἱ

271 4823 598 4893 πανταχόθεν
640 4820 782 4895 ἦσαν
816 4824 1090 4894 ἄνθρωποι
1138 4826 1275 4895 πρὸς
1319 4824 1408 4878 τὸν
1448 4824 1544 4894 τῆς
1579 4822 1836 4893 ἀληθείας

270 4913 568 4985 ἀγωνιστὴν
625 4914 1098 4986 συμπλεκόμενοι·
1137 4915 1164 4968 6
1191 4914 1248 4968 δὲ
1274 4913 1360 4967 διὰ
1385 4914 1476 4967 τοῦ
1512 4914 1833 4984 φαινομένου

268 5003 570 5075 νοούμενος,
599 5006 630 5058 ό
659 5006 844 5078 πατὴρ
867 5005 963 5060 τοῦ
989 5006 1217 5076 ψεύδους
1253 5002 1342 5077 ἦν,
1386 5005 1451 5059 δι’
1480 5005 1832 5077 ἀνθρωπίνων

266 5095 569 5166 προσώπων
597 5097 733 5168 πρὸς
762 5098 862 5168 τὴν
882 5098 938 5150 ὲν
961 5098 1040 5168 τῷ
1069 5096 1323 5166 Στεφάνῳ
1347 5095 1675 5166 λαλουμένην
1704 5094 1836 5166 ἀλή-

264 5183 415 5239 θειαν
439 5185 630 5240 ἑαυτὸν
662 5185 1006 5258 ἀντεγείρων.
1056 5185 1196 5240 Ἀλλ’
1224 5188 1257 5257 ἡ
1303 5186 1401 5257 μὲν
1439 5185 1664 5258 ἀλήθεια
1695 5185 1837 5239 κατὰ

260 5274 357 5328 τοῦ
400 5275 627 5344 ψεύδους
673 5278 1070 5350 τροπαιοφόρος
1116 5273 1225 5349 ἦν,
1275 5276 1455 5341 καλῶς
1497 5277 1834 5350 τρεψαμένου

260 5364 358 5419 τοῦ
393 5367 658 5436 ἀριστέως
687 5370 896 5432 πάντας
936 5372 1060 5432 τοὺς
1106 5369 1516 5441 προαγωνιστὰς
1558 5369 1656 5439 τῆς
1695 5368 1838 5422 ἀπά-

264 5477 361 5532 της
386 5478 401 5493 ο
449 5460 480 5512 ό
522 5460 580 5513 δὲ
624 5459 869 5522 δίακονος
900 5458 1000 5529 τῆς
1026 5459 1282 5530 ἀληθείας
1318 5459 1468 5532 παρὰ
1506 5459 1600 5514 τοῦ
1640 5458 1835 5530 ἐχθροῦ

337 5642 358 5672 ⁸
385 5639 504 5694 Act.
542 5655 603 5705 ιι,
629 5640 719 5696 41.
795 5642 816 5674 ³
848 5642 969 5698 Act.
1014 5655 1097 5711 ιιι,
1140 5658 1261 5714 sqq.
1296 5642 1318 5676 ‘
1390 5644 1511 5701 Act.
1538 5659 1614 5709 vt,
1648 5644 1701 5701 5.
1774 5641 1838 5697 'l
1872 5640 1998 5698 Cor.
2029 5657 2102 5711 tv,
2128 5642 2179 5699 i.

1936 4369 2084 4423 tione
2120 4367 2283 4431 facta,
2305 4367 2472 4421 veluti
2501 4366 2553 4420 in
2574 4366 2877 4438 phalangas
2904 4364 3169 4436 quasdam
3190 4367 3504 4436 constipati,

1936 4460 2017 4514 sic
2046 4459 2303 4529 impetum
2355 4459 2620 4529 Stephani
2654 4457 2927 4511 sustinere
2960 4457 3292 4511 nitebantur.
3324 4460 3391 4510 At
3423 4457 3511 4511 ille

1936 4551 2192 4606 omnibus
2219 4552 2422 4620 pariter
2446 4551 2682 4605 invictus
2714 4556 2856 4613 erat.
2894 4550 3008 4604 sive
3035 4565 3157 4603 cum
3190 4548 3375 4601 multis
3419 4563 3510 4602 so-

1936 4640 2045 4704 lus,
2081 4639 2195 4694 sive
2248 4653 2371 4692 cum
2433 4639 2622 4709 paucis
2674 4639 3118 4707 congrederetur.
3158 4635 3312 4691 Tunc
3347 4636 3510 4705 igitur

1936 4731 1991 4784 in
2053 4732 2290 4801 speciem
2344 4730 2563 4801 quidem
2624 4730 3004 4797 Alexandrini,
3049 4729 3427 4799 Libertinique
3454 4736 3510 4783 et

1935 4822 2295 4895 Cyrenenses,
2326 4826 2528 4893 quique
2565 4823 2808 4893 undique
2835 4833 3200 4877 convenerant
3238 4823 3505 4885 homines,

1935 4930 2058 4969 cum
2084 4915 2334 4969 veritatis
2391 4914 2613 4968 athleta.
2642 4912 3026 4984 conﬂigebant.
3058 4912 3159 4979 Qui
3206 4923 3384 4971 autem
3415 4930 3513 4984 per

1932 5007 1986 5059 id
2020 5005 2174 5075 quod-
2229 5005 2527 5076 apparebat
2560 5005 2904 5074 intelligitur,
2963 5004 3009 5059 is
3047 5016 3201 5074 pater
3242 5004 3510 5062 mendacii

1932 5105 2069 5158 erat,
2125 5110 2220 5164 per
2272 5095 2472 5165 figuras
2515 5095 2786 5150 humanas
2833 5095 3099 5151 adversus
3153 5113 3295 5163 eam,
3326 5113 3446 5167 qua:
3474 5112 3505 5148 ιι

1935 5182 2211 5254 Stephano
2257 5185 2654 5254 proferebatur,
2704 5186 2986 5241 veritatem
3041 5186 3353 5257 insurgens.
3402 5184 3508 5241 Sed

1934 5278 2134 5333 veritas
2156 5278 2372 5347 quidem
2400 5276 2467 5331 de
2503 5276 2787 5332 mendacio
2865 5285 3128 5347 tropmum
3172 5279 3506 5347 reportahat,

1934 5384 2057 5424 cum
2089 5369 2173 5422 vir
2196 5367 2287 5422 ille
2310 5375 2570 5424 strenuus
2587 5382 2780 5423 omnes
2819 5379 3253 5439 propugnatores
3295 5366 3511 5423 fraudis

1932 5460 1989 5515 in
2031 5458 2213 5530 fugam
2253 5458 2469 5530 egregie
2525 5458 2781 5515 vertisset
2814 5475 2828 5512 :
2863 5459 3107 5515 minister
3159 5468 3340 5515 autem
3370 5458 3511 5514 veri-

2258 5643 2277 5675 ⁶
2307 5642 2503 5715 Εριιρε.
2541 5660 2615 5710 tv,
2660 5644 2749 5712 ll;
2776 5639 2794 5695 l
2821 5642 2947 5699 Cor.
2987 5657 3085 5713 xu,
3120 5642 3148 5698 ό
3181 5658 3303 5715 sqq.
