3930 6210
439 244 540 300 707

437 356 568 415 tatis
591 355 660 409 ab
690 354 847 409 hoste
866 353 1111 409 veritatis
1137 352 1355 410 insidiis
1372 352 1680 424 petebatur,
1714 351 1875 421 quasi
1902 366 2013 406 non
2045 353 2090 410 Α

440 443 771 514 patefaceret
799 458 941 509 eam,
987 460 1105 513 qua:
1157 459 1349 509 revera
1391 449 1559 505 esset,
1596 440 1693 497 sed
1723 456 1868 506 eam,
1895 457 2016 511 quae

442 548 549 587 non
604 541 771 594 esset,
823 530 1048 601 lingeret
1107 533 1410 588 veritatem.
1447 529 1591 597 Quid
1634 529 1751 583 haec
1803 529 2016 584 moliris

442 623 709 678 adversus
740 638 1045 693 praeconem
1069 662 1084 688 ,
1119 624 1186 679 ad
1214 624 1492 679 diabolum
1522 623 1790 678 dixerim?
1829 620 1887 679 Si
1921 624 2016 680 tibi

446 713 644 782 aliqua:
664 720 795 769 sunt
816 712 983 783 vires,
1015 713 1364 768 incommoda
1390 713 1628 777 veritati,
1661 730 1782 784 qua:
1811 714 1866 768 in
1897 713 2020 770 διε-ο

445 803 629 873 phano
658 805 871 873 elucet;
901 805 985 861 sin
1012 813 1193 860 autem
1226 805 1318 859 illa
1357 805 1470 861 tuis
1516 805 2018 861 machinationibus

443 891 735 945 sublimior
759 899 864 957 est,
892 893 1024 964 quid
1046 894 1191 949 circa
1218 893 1468 949 veritatis
1492 908 1588 949 vas
1625 894 2017 964 malignitatem

442 998 689 1050 exerces,
724 993 889 1056 atque
912 986 1119 1041 omisso
1154 1001 1221 1041 eo
1248 985 1394 1056 quod
1445 986 1777 1051 continetur,
1810 985 1961 1041 tollis
1989 998 2021 1039 e

444 1075 624 1130 medio
653 1076 706 1130 id
740 1079 884 1147 quod
919 1078 1182 1142 continet,
1214 1092 1325 1133 non
1356 1093 1516 1134 secus
1538 1092 1603 1132 ac
1635 1076 1816 1132 facere
1843 1078 2020 1133 solent

451 1183 639 1235 canes,
680 1171 774 1239 qui
805 1169 1016 1240 lapides
1044 1169 1242 1239 quibus
1274 1177 1531 1239 petuntur
1562 1169 1701 1222 rictu
1737 1168 2019 1232 invadunt,

447 1268 502 1316 et
520 1275 644 1315 eum
676 1276 705 1314 a
725 1276 834 1330 quo
859 1271 1137 1331 petuntur,
1167 1277 1276 1315 non
1302 1260 1621 1330 attingunt?
1657 1258 2020 1330 Posteaquam

446 1350 615 1419 igitur
647 1349 992 1405 mendacium
1028 1365 1124 1419 per
1152 1365 1216 1405 ea
1266 1364 1387 1420 qua:
1424 1350 1861 1419 opponebantur,
1893 1364 2023 1403 eon-

449 1437 681 1492 futalum
706 1448 867 1508 atque
891 1438 1203 1493 convictum
1226 1445 1364 1503 erat,
1395 1454 1495 1494 nec
1515 1453 1844 1508 quemquam
1859 1438 2022 1493 alium

448 1528 733 1599 improbus
785 1530 876 1584 ille
911 1538 1095 1599 postea
1123 1514 1582 1599 propugnatorem
1633 1526 1843 1583 fraudis
1876 1530 2026 1584 inve-

450 1621 572 1674 nire
618 1626 876 1688 poterat,
927 1619 1183 1674 omnibus
1230 1619 1296 1674 ad
1345 1618 1672 1689 patefactam
1739 1620 2023 1674 veritatem

451 1709 875 1779 respicientibus
910 1747 923 1773 ,
968 1723 1077 1763 non
1128 1709 1472 1765 obliviscitur
1523 1709 1610 1764 sui
1668 1711 2021 1776 certaminis,
2055 1685 2098 1740 Β

452 1807 618 1869 atque
646 1800 940 1853 efficaciam
982 1814 1136 1855 suam
1165 1807 1274 1853 tam
1305 1800 1359 1853 in
1390 1807 1742 1856 accusatores
1769 1816 1931 1871 quam
1968 1801 2025 1856 in

448 1890 664 1960 judices
690 1890 940 1959 partitur,
965 1903 1090 1943 eum
1114 1888 1361 1958 utrisque
1383 1903 1507 1944 sese
1536 1888 1892 1955 insinuasset,
1923 1888 2025 1945 hos

453 1982 694 2052 quidem,
727 1989 786 2034 ut
810 1980 947 2035 falsa
976 1979 1240 2036 adversus
1268 1979 1606 2051 Stephanum
1631 1981 1897 2044 dicerent,
1929 1978 2029 2035 im-

456 2074 615 2143 pulit,
644 2072 767 2128 illos
800 2087 949 2137 vero,
986 2079 1045 2127 ut
1065 2073 1247 2127 animo
1272 2072 1411 2128 irato
1470 2073 1801 2128 calumniam
1831 2074 2030 2128 admit-

457 2171 656 2228 terent,
686 2163 917 2218 induxit.
952 2162 1197 2233 Cumque
1229 2165 1396 2219 variis
1423 2164 1599 2220 modis
1632 2166 1796 2220 etiam
1824 2162 2029 2220 Iudaeis

458 2270 582 2310 sese
612 2255 952 2320 inseruisset,
979 2256 1221 2310 omnium
1249 2257 1510 2311 adversus
1535 2255 1867 2326 Stephanum
1907 2255 2032 2311 fun-

460 2346 605 2415 gitur
632 2344 830 2412 otlicio,
864 2348 1226 2411 accusatoris,
1256 2347 1489 2418 judicis,
1520 2347 1832 2413 carniﬁcis,
1862 2356 1916 2404 et
1945 2363 2033 2404 re-

462 2434 598 2503 liqui
631 2435 804 2491 totius
828 2436 1119 2492 ministerii
1153 2438 1367 2501 mortis,
1395 2438 1657 2507 ignorans
1678 2452 1802 2492 cum
1832 2447 2034 2509 quanta

463 2525 621 2579 ruina
650 2535 772 2595 post
820 2524 982 2579 talem
1018 2524 1280 2580 adversus
1310 2524 1648 2595 Stephanum
1681 2526 2032 2589 sententiam,

462 2632 704 2687 prmceps
739 2616 991 2672 abiturus
1017 2625 1183 2674 esset.
1206 2616 1676 2682 Quemadmodum
1697 2618 1841 2672 enim
1876 2617 2035 2687 periti

467 2707 684 2760 athletae
703 2708 1000 2765 subeuntes
1027 2721 1228 2775 corpus
1259 2706 1699 2761 adversariorum
1730 2723 1825 2776 per
1844 2722 2037 2776 quam-

466 2796 591 2850 dam
616 2795 965 2851 artiftciosam
994 2796 1290 2866 agilitatem
1323 2803 1488 2865 atque
1531 2796 1888 2862 habilitatem,
1917 2812 2040 2867 gra-

465 2869 673 2941 viorem
726 2886 937 2956 lapsum
997 2886 1078 2939 eis
1134 2891 1392 2940 struunt:
1423 2885 1500 2939 ita
1556 2900 1786 2955 magnus
1823 2901 2041 2957 quoque

471 2976 783 3047 Stephanus
816 2976 965 3031 humi
1001 2983 1309 3045 prostratus
1339 2978 1382 3040 ⁷,
1414 2992 1635 3048 gravem
1669 2977 1820 3031 illam
1847 2985 2041 3032 eontu-
2070 3015 2112 3072 ο

469 3069 679 3124 sionem
711 3067 1006 3122 adversarii
1030 3066 1282 3122 confecit.

541 3157 679 3214 Hinc
700 3159 843 3213 enim
866 3159 922 3212 in
948 3158 1134 3213 orbem
1156 3166 1428 3213 terrarum
1449 3157 1680 3227 apostoli
1694 3172 1915 3213 currere
1929 3172 2045 3213 ete-

470 3256 687 3318 perunt,
711 3249 894 3303 hocin
922 3264 1111 3304 omnes
1149 3257 1334 3318 partes
1355 3248 1625 3303 sermonis
1656 3247 2046 3319 divulgationis

471 3342 687 3397 initium
722 3351 826 3397 est.
851 3341 987 3396 Nam
1022 3342 1128 3397 nisi
1155 3341 1223 3395 ab
1245 3340 1390 3396 illius
1425 3340 1570 3395 crede
1592 3339 2049 3410 populusJudmo-

471 3445 593 3486 rum
609 3432 663 3486 in
678 3431 954 3501 apostolos
971 3430 1212 3485 saevisset
1232 3430 1274 3494 ⁸,
1295 3430 1519 3485 forsitan
1537 3430 1670 3484 solis
1689 3427 2046 3501 Jerosolymis

479 3520 755 3592 Evangelii
785 3520 961 3591 gratia
999 3519 1216 3575 inclusa
1254 3526 1421 3584 esset,
1452 3534 1598 3572 nunc
1629 3534 1759 3573 vero
1799 3519 1985 3588 agitati
2016 3534 2047 3574 a

472 3616 699 3680 Judmis,
734 3613 876 3668 alius
906 3612 1013 3665 alio
1035 3610 1274 3681 gentium
1304 3625 1401 3681 per
1422 3610 1607 3665 orbem
1638 3619 1905 3665 terrarum
1936 3611 2049 3666 dis-

474 3711 623 3782 persi
670 3715 817 3771 sunt,
859 3704 1100 3773 undique
1158 3719 1256 3773 per
1302 3703 1685 3772 mysteriorum
1740 3702 2046 3758 doctrinam

474 3798 750 3852 diabolum
794 3796 1165 3849 exturbantes.
1197 3793 1312 3846 Hoc
1353 3793 1515 3847 modo
1546 3793 1794 3847 Samaria
1834 3810 2047 3850 sermo-—

475 3904 597 3942 nem
627 3886 819 3955 recipit
844 3902 859 3952 ;
916 3885 1018 3937 hoc
1043 3883 1203 3937 modo
1234 3883 1413 3937 obiter
1444 3883 1497 3935 in
1524 3882 1610 3937 via
1634 3885 1784 3940 salus
1813 3886 2048 3940 eunuchi

474 3991 504 4029 a
532 3974 786 4044 Philippo
819 3972 1105 4027 conficitur
1135 3975 1155 4006 ³
1182 3988 1195 4025 :
1235 3972 1308 4025 ita
1348 3987 1602 4042 magnum
1634 3974 1765 4030 illud
1787 3975 2051 4031 Ecclesiae

475 4066 898 4122 instrumentum
935 4062 1137 4118 Paulus
1164 4062 1243 4115 ira
1278 4063 1551 4133 minisque
1572 4077 1601 4116 a
1620 4063 1838 4120 diabolo
1864 4079 2048 4120 arma-

476 4166 566 4212 tus
619 4155 886 4211 adversus
931 4155 1105 4224 ipsum
1162 4160 1491 4209 armatorem
1540 4155 1647 4211 tela
1690 4156 1854 4210 vertit
1885 4156 1952 4218 ’°,
1982 4172 2050 4211 ex

476 4248 625 4303 omni
685 4263 808 4303 eum
854 4247 1228 4302 exterminans
1259 4247 1392 4302 orbe
1427 4254 1718 4314 terrarum,
1752 4256 1813 4302 ut
1836 4248 2047 4303 nullum

1646 239 1700 293 S.
1743 235 2071 295 GREGORH
2103 234 2392 291 NYSSENI

3624 237 3763 293 708

2118 349 2214 418 τῆς
2249 347 2506 418 ἀληθείας
2555 346 2958 413 ἐπεϐουλεύετο,
3006 348 3081 412 ὡς
3127 349 3248 419 οὐχὶ
3300 352 3559 423 φανερῶν
3626 351 3760 421 τὴν

2116 434 2301 501 οὖσαν,
2330 438 2465 493 ἀλλά
2494 438 2663 492 ποιῶν
2688 437 2786 509 τὴν
2814 438 2888 510 μὴ
2919 434 3082 492 οὖσαν
3116 440 3394 512 ἀλήθειαν.
3428 444 3488 495 Τί
3520 446 3761 496 ταῦτα

2119 529 2428 602 συσκευάζῃ
2456 529 2594 583 κατά
2618 529 2711 582 τοῦ
2743 532 3001 601 κήρυκος,
3042 530 3178 602 πρὸς
3209 533 3300 584 τὸν
3327 532 3616 597 διάϐολον,
3660 533 3752 585 εἴη

2118 636 2275 689 ποιμι
2302 618 2404 685 ἀν;
2437 621 2500 672 Εί
2532 620 2612 672 σοί
2646 620 2727 683 τίς
2756 620 2872 672 ἐστι
2905 620 3165 691 δύναμις,
3210 622 3309 694 τὴν
3350 626 3410 677 ὲν
3453 625 3534 696 τῷ
3583 626 3751 683 £16,—

2119 710 2271 781 φάνῳ
2306 708 2506 780 βλάψον
2551 709 2848 781 ἀλήθειαν·
2903 713 2950 764 εἰ
2995 711 3052 764 δὲ
3084 713 3262 783 ἐκείνη
3297 714 3406 768 τῶν
3452 716 3571 771 σῶν
3617 733 3754 787 μηι·

2118 801 2445 871 χανημάτων
2484 801 2807 874 ὑψηλοτέρα,
2856 801 2909 855 τί
2947 805 3075 875 περὶ
3106 804 3166 857 τὸ
3197 806 3386 870 σκεῦος
3419 809 3521 878 τῆς
3574 809 3755 878 ἀλη-

2120 890 2268 954 θείας
2327 891 2656 961 ἀπασχολεῖς
2694 893 2795 963 τὴν
2842 893 3130 948 κακόνοιαν
3156 935 3170 957 ,
3219 897 3313 949 καὶ
3355 897 3623 968 ἀναιρεῖς
3676 897 3753 951 τὸ

2121 981 2391 1053 περιέχον,
2421 981 2735 1036 καταλιπὼν
2761 983 2820 1036 τὸ
2845 984 3193 1056 ὲγκείμενον;
3227 981 3337 1041 οἷόν
3374 1005 3428 1040 τι
3454 988 3752 1043 ποιοῦσιν

2118 1073 2169 1125 oi
2193 1072 2370 1137 κύνες,
2393 1073 2520 1136 τοὺς
2546 1073 2726 1137 λίθους
2751 1069 2831 1137 οἷς
2859 1073 3137 1144 βάλλονται
3159 1077 3595 1147 περιχαίνοντες,
3620 1077 3753 1132 τοῦ

2123 1164 2407 1234 βάλλοντος
2438 1165 2537 1235 οὐχ
2566 1164 2881 1236 άπτόμενοι;
2928 1167 3144 1237 Ἐπειδὴ
3175 1167 3353 1222 τοίνυν
3378 1170 3739 1240 ἀπηλέγχθη

2121 1254 2209 1307 διὰ
2236 1254 2345 1307 τῶν
2375 1254 2786 1325 ἀνθισταμένων
2813 1255 2872 1309 τὸ
2898 1255 3110 1325 ψεῦδος,
3145 1258 3241 1310 καὶ
3277 1260 3462 1313 οὐκέτι
3489 1258 3615 1324 οἷός
3665 1277 3738 1313 τε

2121 1343 2190 1417 ἦν
2223 1346 2251 1398 6
2278 1346 2520 1417 Πονηρὸς
2571 1347 2727 1400 ἄλλον
2760 1348 2879 1401 τινὰ
2902 1351 3314 1421 προαγωνιστὴν
3346 1353 3447 1422 τῆς
3486 1351 3737 1420 ἀπάτης

2123 1436 2322 1507 εὑρεῖν,
2370 1438 2585 1492 πάντων
2633 1435 2769 1507 πρὸς
2811 1438 2910 1508 τὴν
2955 1439 3259 1509 φανέρωσιν
3298 1440 3399 1511 τῆς
3446 1440 3737 1512 ἀληθείας

2124 1527 2561 1593 ἀποϐλεπόντων,
2594 1529 2972 1600 ἀναμέμνηται
3003 1530 3096 1583 τοῦ
3131 1530 3260 1584 ἰδίου
3300 1531 3730 1602 παλαίσματος,

2125 1620 2219 1673 καὶ
2261 1620 2637 1691 καταμερίσας
2668 1619 2860 1673 ἑαυτοῦ
2904 1619 3002 1691 τὴν
3048 1622 3328 1691 ἐνέργειαν
3365 1622 3445 1683 εἷς
3489 1640 3553 1675 τε
3586 1623 3728 1685 τοὺς

2126 1710 2467 1782 κατηγόρους
2515 1711 2611 1764 καὶ
2648 1711 2777 1775 τοὺς
2813 1711 3073 1775 δικαστάς
3094 1727 3108 1742 ·
3155 1714 3248 1765 καὶ
3278 1714 3336 1765 ὲν
3367 1713 3723 1784 ἀμφοτέροις

2126 1802 2435 1872 γενόμενος,
2473 1802 2597 1865 τοὺς
2624 1802 2723 1872 μὲν
2760 1802 2937 1870 λέγειν
2963 1802 3032 1856 τά
3059 1802 3224 1874 ψευδῆ
3263 1803 3406 1858 κατά
3441 1804 3533 1858 τοῦ
3581 1805 3725 1857 Στεο

2128 1892 2297 1960 φάνου
2328 1893 2616 1962 προήγετο,
2664 1892 2788 1954 τοὺς
2827 1892 2882 1944 δὲ
2925 1891 3040 1962 μετ’
3073 1892 3240 1961 ὀργῆς
3293 1892 3391 1963 τὴν
3437 1909 3731 1961 συκοφαν-

2126 1981 2247 2034 τίαν
2282 1978 2692 2053 προσδέχεσθαι.
2744 1982 2853 2035 Καὶ
2890 1981 3149 2044 ποικίλως
3196 1982 3382 2035 ἑαυτὸν
3422 1984 3533 2044 τοῖς
3581 1983 3738 2036 ἰου-

2127 2071 2295 2135 δαίοις
2328 2074 2798 2143 ἐγκατασπείρας,
2849 2072 3025 2126 πάντα
3061 2073 3266 2141 γίνεται
3308 2072 3385 2143 τῷ
3421 2074 3730 2144 Στεφάνῳ,

2131 2166 2223 2218 καὶ
2248 2166 2551 2236 κατήγορος
2572 2165 2665 2218 καλ⁵
2689 2165 2969 2236 δικαστὴς,
3001 2165 3099 2219 καὶ
3122 2166 3332 2237 δήμιος,
3375 2167 3464 2218 καὶ
3491 2168 3659 2220 πᾶσα
3690 2169 3729 2237 ἡ

2131 2254 2292 2326 λοιπὴ
2327 2254 2419 2309 τοῦ
2459 2254 2687 2310 θανάτου
2735 2256 3008 2327 ὑπηρεσία
3031 2270 3047 2285 ο
3098 2255 3197 2309 οὐκ
3225 2256 3379 2320 εἰδὼς
3415 2257 3513 2325 οἴῳ
3552 2257 3731 2310 πτώ-

2137 2360 2265 2413 ματι
2304 2342 2442 2415 μετά
2476 2344 2574 2415 τὴν
2599 2343 2854 2415 τοιαύτην
2881 2345 2969 2398 ἐπὶ
2996 2345 3248 2415 Στεφάνῳ
3283 2345 3456 2415 ψῆφον
3483 2362 3727 2400 κατενεσ

2134 2434 2412 2506 χθήσεται.
2456 2434 2719 2507 Καθάπερ
2764 2435 2872 2508 γάρ
2912 2437 2962 2489 ei
3014 2436 3265 2507 ἔμπειροι
3306 2436 3412 2490 τῶν
3455 2436 3732 2507 ἀθλητῶν

2136 2526 2435 2590 ὑποϐάντες
2478 2528 2557 2597 τῷ
2604 2527 2817 2598 σώματι
2847 2528 2955 2582 τῶν
2993 2527 3501 2600 προσπαλαιόντων,
3545 2528 3725 2597 χαλεο

2137 2617 2382 2688 πώτερον
2432 2619 2616 2681 αὐτοῖς
2661 2618 2751 2671 διά
2794 2632 2941 2681 τινος
2977 2618 3229 2688 τεχνικῆς
3279 2617 3607 2689 εὐστροφίας
3665 2616 3736 2671 τὺ

2138 2708 2338 2778 πτῶμα
2383 2708 2880 2772 κατασκευάζουσιν
2907 2724 2922 2740 ο
2972 2708 3114 2762 οὓτω
3157 2711 3253 2763 καὶ
3289 2713 3317 2764 6
3367 2707 3538 2780 μέγας
3580 2709 3726 2763 Στέο

2139 2817 2327 2869 φανος,
2363 2803 2443 2864 είς
2471 2802 2572 2871 γῆν
2599 2801 2824 2866 κλιθεὶς,
2842 2799 2905 2855 τὺ
2920 2801 3150 2873 χαλεπὸν
3175 2802 3481 2874 σύντριμμα
3505 2803 3610 2856 τοῦ
3632 2803 3734 2858 ἀν-

2139 2893 2449 2963 τικειμένου
2487 2893 2801 2964 εἰργάσατο.
3396 2930 3401 2931 ν

2229 3156 2506 3212 Ἐντεῦθεν
2535 3158 2642 3229 γὰρ
2675 3157 2883 3227 γίνεται
2912 3159 3023 3223 τοῖς
3055 3159 3371 3221 ἀποστόλοις
3396 3158 3489 3214 ἐπὶ
3513 3159 3623 3231 τὴν
3654 3162 3741 3217 ol-

2147 3247 2416 3318 κουμένην
2449 3250 2477 3301 6
2521 3247 2745 3318 δρόμοςο
2796 3248 2937 3318 αῦτη
2968 3250 3083 3324 ⁸τῆς
3128 3249 3396 3320 πανταχοῦ
3426 3249 3522 3303 τοῦ
3556 3251 3743 3320 λόγου

2145 3337 2535 3408 διαφοιτὴσεως
2588 3340 2621 3408 ἡ
2666 3338 2831 3409 ἀρχή.
2888 3340 2952 3392 El
2981 3338 3089 3410 γὰρ
3130 3340 3203 3410 μὴ
3247 3343 3311 3408 τῇ
3354 3343 3470 3394 κατ’
3505 3342 3746 3396 ἐκείνου

2151 3430 2431 3501 μιαιφονίᾳ
2454 3431 2483 3482 6
2519 3428 2690 3500 δῆμος
2727 3430 2834 3484 τῶν
2875 3432 3139 3486 Ἰουδαίων
3181 3434 3319 3486 κατά
3353 3433 3455 3485 τῶν
3479 3435 3753 3490 ἀποστό-

2146 3522 2252 3575 λων
2295 3521 2468 3592 ὲμάνη
2495 3560 2508 3585 ,
2564 3521 2746 3590 μόνοις
2803 3522 2869 3575 ἂν
2915 3523 3055 3592 τάχα
3111 3523 3490 3595 Ἰεροσολύμοις
3539 3524 3575 3593 ἡ
3624 3524 3746 3580 τοῦ

2147 3610 2478 3680 Εὐαγγελίου
2503 3612 2662 3682 χάρις
2690 3612 3065 3666 ὲναπεκλείετο
3090 3628 3106 3644 ο
3153 3614 3269 3667 νυνὶ
3310 3614 3361 3666 δὲ
3392 3612 3748 3683 διωχθέντες

2150 3702 2301 3775 παρά
2327 3704 2432 3756 τῶν
2473 3702 2757 3766 Ἰουδαίων,
2791 3703 2949 3766 ἄλλος
2985 3702 3193 3774 ἀλλαχῆ
3220 3703 3323 3757 τῶν
3347 3702 3478 3756 κατά
3503 3703 3612 3772 τὴν
3653 3707 3750 3758 ol—

2148 3793 2419 3865 κουμένην
2457 3791 2626 3845 ὲθνῶν
2669 3791 2955 3863 διεσπάρη,
2993 3791 3325 3863 πανταχόθεν
3361 3792 3447 3845 τὸν
3470 3792 3747 3847 διάϐολον

2149 3883 2236 3936 διὰ
2253 3884 2352 3953 τῆς
2377 3883 2483 3936 τῶν
2504 3882 2811 3953 μυστηρίων
2835 3881 3178 3945 διδασκαλίας
3194 3881 3541 3956 ἐξείργοντες.
3562 3883 3747 3940 Οὕτω

2148 3974 2361 4044 δέχεται
2383 3975 2473 4027 τὸν
2497 3973 2650 4041 λόγον
2683 3975 2716 4043 ἠ
2751 3972 3030 4043 Σαμάρεια
3056 3991 3069 4004 ·
3100 3973 3270 4037 οὕτως
3295 3973 3413 4027 ὁδοῦ
3443 3975 3748 4045 πάρεργον

2149 4068 2183 4137 ἡ
2212 4067 2303 4120 τοῦ
2330 4067 2580 4136 εὐνούχου
2616 4064 2856 4137 σωτηρία
2882 4064 3034 4135 παρά
3055 4064 3146 4119 τοῦ
3176 4066 3439 4120 Φιλίππου
3474 4068 3748 4135 τίνει-αι’

2148 4157 2291 4211 οὕτω
2318 4160 2380 4211 τὸ
2415 4158 2558 4228 μέγα
2592 4155 2781 4219 σκεῦος
2805 4157 2904 4227 τῆς
2942 4157 3264 4228 Ἐκκλησίας
3305 4157 3533 4224 Παῦλος,
3559 4158 3751 4232 θυμῷ

2150 4248 2241 4301 καὶ
2272 4247 2468 4318 ἀπειλῇ
2497 4248 2647 4319 παρὰ
2680 4246 2773 4302 τοῦ
2801 4248 3044 4302 διαϐόλου
3077 4248 3468 4313 καθοπλισθεὶς,
3503 4252 3588 4303 ἐπ’
3627 4253 3745 4306 αὖ·

478 4342 812 4409 relinqueret
867 4339 1043 4395 locum
1103 4340 1227 4395 fidei
1273 4338 1477 4396 Christi
1512 4340 1876 4395 inaccessum.
1910 4338 2037 4395 Hinc

2152 4340 2241 4393 τὸν
2287 4341 2476 4410 τρέπει
2524 4339 2616 4392 τὸν
2663 4339 2887 4409 ὁπλίτην
2927 4340 3027 4404 τὰς
3069 4340 3294 4408 ἀκίδας,
3337 4341 3515 4411 πάσης
3553 4342 3754 4398 αὑτὸν

477 4430 738 4502 Ᾱῦεςριίἰ,
800 4430 945 4501 Syri,
997 4430 1206 4495 Parthi,
1254 4439 1308 4486 et
1346 4430 1794 4501 Mesopotamitre,
1826 4430 1948 4486 Itali
1995 4439 2051 4485 et

476 4520 639 4588 Galli,
674 4522 868 4593 illyrii,
906 4522 1225 4577 Macedones
1277 4522 1554 4578 Christum
1619 4531 1943 4591 agnoscunt,
1998 4532 2052 4579 et

478 4630 670 4669 omnes
700 4614 940 4683 undique
972 4623 1161 4682 gentes
1218 4629 1400 4669 sermo
1430 4630 1757 4685 percurrens
1793 4617 1860 4669 ad
1890 4617 2050 4670 ﬁdem

479 4704 723 4759 adducit.
752 4702 915 4758 Vides
932 4702 1190 4773 Stephani
1218 4705 1528 4758 athleticam
1547 4703 1867 4760 scientiam?
1889 4720 2050 4774 quam

480 4796 666 4851 multis
702 4795 882 4851 ruinis
913 4795 1149 4850 obtritus
1179 4796 1251 4850 sit
1277 4796 1644 4858 adversarius,
1676 4811 1800 4849 cum
1830 4811 1926 4866 per
1961 4809 2054 4849 ca-

479 4885 741 4939 lumniam
771 4885 1090 4940 adversario
1118 4885 1369 4955 superior
1415 4884 1585 4940 fuisse
1613 4885 1924 4940 videretur?
1949 4884 2055 4941 Vc-

479 4987 600 5025 rum
639 4973 703 5025 ad
740 4975 977 5029 stadium
1010 4975 1190 5029 denuo
1232 4982 1593 5030 revertamur.
1633 4973 1842 5041 Quibus
1874 4976 2056 5032 verbis

481 5064 745 5135 populum
765 5065 1043 5120 concitant
1065 5066 1534 5121 calumniatores?
1557 5065 1681 5120 Non
1712 5066 1933 5131 desinit,
1970 5070 2056 5122 in-

483 5156 700 5227 quiunt,
750 5154 902 5209 verba
955 5157 1331 5212 contumeliosa
1392 5157 1533 5225 loqui
1591 5156 1839 5211 adversus
1883 5158 2055 5211 locum

483 5247 619 5300 hunc
640 5257 881 5301 sanctum
914 5258 961 5301 et
993 5248 1153 5318 legem
1185 5263 1203 5301 :
1242 5245 1536 5301 audivimus
1573 5249 1711 5301 enim
1740 5262 1806 5301 ea:
1830 5264 1910 5310 ρο,
1937 5264 2056 5302 cum

483 5335 706 5402 diceret,
729 5337 762 5391 J
769 5354 885 5393 esus
928 5337 1244 5394 Nazarenus
1272 5340 1353 5393 hic
1375 5340 1687 5393 demolietur
1706 5339 1877 5392 locum
1896 5340 2052 5404 hunc,

483 5437 531 5481 et
557 5430 778 5484 mutabit
801 5431 1066 5499 instituta,
1085 5448 1200 5501 qua:
1232 5431 1380 5487 nobis
1399 5430 1619 5487 tradidit
1641 5429 1917 5500 Moyses".
1946 5431 2054 5485 Ac-

2153 4428 2492 4499 ὑπερορίζων
2520 4429 2619 4498 τῆς
2647 4429 2990 4500 οἰκουμένης,
3019 4429 3094 4493 ὡς
3126 4430 3328 4500 μηδένα
3357 4431 3517 4484 τόπον
3547 4446 3745 4486 tersa.-

2153 4519 2325 4572 λιπεῖν
2362 4521 2428 4589 τῇ
2460 4517 2639 4572 πίστει
2668 4518 2762 4571 τοῦ
2800 4518 3033 4589 Χριστοῦ
3059 4518 3400 4573 ἀνεπίϐατον.
3442 4519 3757 4578 Ἐντεῦθεν

2152 4610 2457 4677 Αἰγύπτιοι,
2488 4609 2671 4679 Σύροι,
2709 4610 2911 4681 Πάρθοι
2953 4610 3046 4662 καὶ
3077 4610 3534 4681 Μεσοποταμῖται,
3579 4611 3756 4667 Ἰτα-

2152 4704 2233 4757 λοὶ
2267 4703 2361 4758 καὶ
2398 4701 2654 4767 Γαλάται,
2685 4702 2951 4773 Ἰλλυριοὶ,
2987 4701 3290 4764 Μακεδόνες
3313 4742 3328 4767 ,
3368 4702 3460 4759 καὶ
3488 4701 3555 4755 τὰ
3580 4720 3757 4757 παν-

2150 4795 2375 4865 ταχόθεν
2406 4793 2531 4861 ἔθνη
2563 4792 2825 4863 προσάγει
2857 4795 2922 4863 τῇ
2961 4794 3137 4845 πίστει
3160 4792 3450 4865 διατρέχων
3477 4795 3505 4844 6
3536 4791 3754 4861 λόγος,

2164 4889 2322 4958 Ὁρᾷς
2336 4884 2429 4941 τοῦ
2448 4884 2721 4952 Στεφάνου
2738 4885 2835 4953 τὴν
2851 4883 3145 4954 ἀθλητικὴν
3161 4885 3465 4955 ἐπιστήμην
3486 4900 3499 4948 ;
3529 4884 3773 4950 πόσοις,

2156 4979 2442 5052 συνετρίϐη
2499 4977 2782 5048 πτώμασιν
2828 4978 2857 5029 6
2890 4975 3216 5039 ἀντίπαλος,
3275 4974 3431 5040 δόξας
3483 4973 3572 5027 διὰ
3614 4977 3747 5046 τῆς

2157 5066 2512 5135 συκοφαντίας
2536 5065 2831 5136 ὑπέρτερος
2852 5065 2946 5118 τοῦ
2969 5064 3429 5133 προσπαλαίοντος
3446 5064 3565 5132 γενέ
3576 5063 3737 5132 σθαι;

2168 5156 2321 5210 Ἀλλ”
2337 5154 2717 5224 ἐπανέλθωμεν
2748 5154 2907 5210 πάλιν
2938 5154 3030 5208 ἐπὶ
3056 5155 3114 5207 τὸ
3146 5155 3374 5210 στάδιον.
3400 5154 3518 5207 Τίσι
3545 5156 3735 5222 λόγοις

2157 5247 2469 5303 ἀνακινοῦσι
2497 5248 2586 5300 τὸν
2622 5246 2789 5317 δῆμον
2825 5248 2873 5299 οἱ
2918 5239 3291 5317 συκοφάνταις·
3333 5250 3415 5302 Οὐ
3450 5249 3729 5313 παύεται,

2158 5340 2312 5410 φασὶ,
2344 5337 2549 5393 λαλῶν
2577 5338 2813 5406 ῥήματα
2834 5339 3179 5408 βλάσφημα
3211 5339 3362 5393 κατὰ
3397 5339 3502 5393 τοῦ
3534 5342 3735 5393 τόπου

2157 5432 2262 5487 τοῦ
2289 5432 2459 5501 ἁγίου
2486 5432 2698 5485 τούτου
2726 5431 2825 5485 καὶ
2851 5430 2956 5486 τοῦ
2981 5433 3168 5502 νόμου
3194 5449 3208 5465 ’
3247 5431 3586 5501 ἀκηκόαμεν
3611 5429 3737 5501 γὰρ

556 5602 578 5633 "
603 5604 723 5659 Aet.
754 5622 850 5671 vn,
886 5606 974 5661 59.
1049 5607 1070 5639 ⁸
1098 5607 1237 5662 Ibid.
1313 5609 1333 5639 ⁹
1360 5608 1481 5663 Act.
1517 5622 1635 5672 vm,
1658 5606 1725 5659 27
1760 5622 1882 5677 sqq.
1963 5606 2164 5673 ",Act.
2207 5622 2301 5675 vn,
2332 5604 2422 5661 57.
2468 5605 2540 5681 ,¹¹
2578 5603 2719 5663 Ibid.
2758 5604 2817 5660 ﬂ
2854 5621 2975 5677 sqq.
