  <div class='ocr_page' id='page_1' title='image "/cluster/home/n/w/nwhite01/storage/ocr_20150623/46/hvd.32044054112198/370.png"; bbox 0 0 3930 6210; ppageno 0'>
   <div class='ocr_carea' id='block_1_1' title="bbox 342 286 443 343">
    <p class='ocr_par' dir='ltr' id='par_1_1' title="bbox 342 286 443 343">
     <span class='ocr_line' id='line_1_1' title="bbox 342 286 443 343; baseline 0.02 -2"><span class='ocrx_word' id='word_1_1' title='bbox 342 286 443 343; x_wconf 67' lang='lat'><strong>7‘19</strong></span> 
     </span>
    </p>
   </div>
   <div class='ocr_carea' id='block_1_2' title="bbox 1645 281 2304 343">
    <p class='ocr_par' dir='ltr' id='par_1_2' title="bbox 1645 281 2304 343">
     <span class='ocr_line' id='line_1_2' title="bbox 1645 281 2304 343; baseline 0.003 -5"><span class='ocrx_word' id='word_1_2' title='bbox 1645 284 1710 339; x_wconf 84' lang='lat' dir='ltr'><strong>IN</strong></span> <span class='ocrx_word' id='word_1_3' title='bbox 1751 283 1807 340; x_wconf 92' lang='lat' dir='ltr'><strong>S.</strong></span> <span class='ocrx_word' id='word_1_4' title='bbox 1865 281 2304 343; x_wconf 83' lang='lat' dir='ltr'><strong>STEPHANUM.</strong></span> 
     </span>
    </p>
   </div>
   <div class='ocr_carea' id='block_1_3' title="bbox 3500 293 3602 350">
    <p class='ocr_par' dir='ltr' id='par_1_3' title="bbox 3500 293 3602 350">
     <span class='ocr_line' id='line_1_3' title="bbox 3500 293 3602 350; baseline 0.02 -2"><span class='ocrx_word' id='word_1_5' title='bbox 3500 293 3602 350; x_wconf 82' lang='grc' dir='ltr'><strong>ἨΟ</strong></span> 
     </span>
    </p>
   </div>
   <div class='ocr_carea' id='block_1_4' title="bbox 333 397 1922 474">
    <p class='ocr_par' dir='ltr' id='par_1_4' title="bbox 333 397 1921 474">
     <span class='ocr_line' id='line_1_4' title="bbox 333 397 1921 474; baseline -0.002 -16"><span class='ocrx_word' id='word_1_6' title='bbox 333 401 526 458; x_wconf 75' lang='grc' dir='ltr'>αὐτοῦ</span> <span class='ocrx_word' id='word_1_7' title='bbox 552 401 863 472; x_wconf 71' lang='grc' dir='ltr'>λέγοντος,</span> <span class='ocrx_word' id='word_1_8' title='bbox 906 402 997 457; x_wconf 77' lang='grc' dir='ltr'>ὅτι</span> <span class='ocrx_word' id='word_1_9' title='bbox 1042 402 1272 470; x_wconf 84' lang='grc' dir='ltr'>Ἰησοῦς</span> <span class='ocrx_word' id='word_1_10' title='bbox 1300 406 1333 458; x_wconf 83' lang='grc' dir='ltr'><em>ὀ</em></span> <span class='ocrx_word' id='word_1_11' title='bbox 1383 401 1712 474; x_wconf 80' lang='grc' dir='ltr'><strong>Ναζωραῖος</strong></span> <span class='ocrx_word' id='word_1_12' title='bbox 1744 397 1921 468; x_wconf 84' lang='grc' dir='ltr'>οὗτος</span> 
     </span>
    </p>
   </div>
   <div class='ocr_carea' id='block_1_5' title="bbox 2024 397 3602 474">
    <p class='ocr_par' dir='ltr' id='par_1_5' title="bbox 2024 403 3602 474">
     <span class='ocr_line' id='line_1_5' title="bbox 2024 403 3602 474; baseline 0.006 -17"><span class='ocrx_word' id='word_1_13' title='bbox 2024 404 2238 459; x_wconf 86' lang='lat' dir='ltr'><strong>cusatio</strong></span> <span class='ocrx_word' id='word_1_14' title='bbox 2303 403 2518 474; x_wconf 83' lang='lat' dir='ltr'><strong>quidem</strong></span> <span class='ocrx_word' id='word_1_15' title='bbox 2587 405 2786 462; x_wconf 88' lang='lat' dir='ltr'><strong>diaboli</strong></span> <span class='ocrx_word' id='word_1_16' title='bbox 2845 413 3123 465; x_wconf 90' lang='lat' dir='ltr'><strong>oratorum</strong></span> <span class='ocrx_word' id='word_1_17' title='bbox 3180 406 3305 464; x_wconf 92' lang='lat' dir='ltr'><strong>talis</strong></span> <span class='ocrx_word' id='word_1_18' title='bbox 3341 415 3445 464; x_wconf 88' lang='lat' dir='ltr'><strong>est.</strong></span> <span class='ocrx_word' id='word_1_19' title='bbox 3496 411 3602 467; x_wconf 89' lang='lat' dir='ltr'><strong>Sed</strong></span> 
     </span>
    </p>
   </div>
   <div class='ocr_carea' id='block_1_6' title="bbox 333 493 1922 561">
    <p class='ocr_par' dir='ltr' id='par_1_6' title="bbox 333 493 1922 561">
     <span class='ocr_line' id='line_1_6' title="bbox 333 493 1922 561; baseline -0.001 -13"><span class='ocrx_word' id='word_1_20' title='bbox 333 496 672 548; x_wconf 64' lang='grc' dir='ltr'>καταλύσει</span> <span class='ocrx_word' id='word_1_21' title='bbox 704 495 813 549; x_wconf 79' lang='grc' dir='ltr'><strong>τὸν</strong></span> <span class='ocrx_word' id='word_1_22' title='bbox 838 496 1024 550; x_wconf 82' lang='grc' dir='ltr'><em>τόπον</em></span> <span class='ocrx_word' id='word_1_23' title='bbox 1050 495 1285 560; x_wconf 76' lang='grc' dir='ltr'>τοῦτον,</span> <span class='ocrx_word' id='word_1_24' title='bbox 1326 494 1423 548; x_wconf 80' lang='grc' dir='ltr'>καὶ</span> <span class='ocrx_word' id='word_1_25' title='bbox 1446 494 1698 559; x_wconf 74' lang='grc' dir='ltr'>ἀλλάξει</span> <span class='ocrx_word' id='word_1_26' title='bbox 1726 493 1797 547; x_wconf 83' lang='grc' dir='ltr'>τὰ</span> <span class='ocrx_word' id='word_1_27' title='bbox 1817 493 1922 561; x_wconf 71' lang='grc' dir='ltr'>ἔθη</span> 
     </span>
    </p>
   </div>
   <div class='ocr_carea' id='block_1_7' title="bbox 339 582 1925 657">
    <p class='ocr_par' dir='ltr' id='par_1_7' title="bbox 339 582 1925 657">
     <span class='ocr_line' id='line_1_7' title="bbox 339 582 1925 657; baseline -0.001 -17"><span class='ocrx_word' id='word_1_28' title='bbox 339 585 376 640; x_wconf 78' lang='grc' dir='ltr'><strong><em>ἅ</em></strong></span> <span class='ocrx_word' id='word_1_29' title='bbox 398 585 748 654; x_wconf 70' lang='grc' dir='ltr'>παρέδωκεν</span> <span class='ocrx_word' id='word_1_30' title='bbox 770 586 917 655; x_wconf 77' lang='grc' dir='ltr'>ἡμῖν</span> <span class='ocrx_word' id='word_1_31' title='bbox 941 586 1225 656; x_wconf 80' lang='grc' dir='ltr'>Μωῦσῆς.</span> <span class='ocrx_word' id='word_1_32' title='bbox 1268 587 1333 640; x_wconf 86' lang='grc' dir='ltr'><strong>Ἦ</strong></span> <span class='ocrx_word' id='word_1_33' title='bbox 1365 587 1464 657; x_wconf 85' lang='grc' dir='ltr'>μὲν</span> <span class='ocrx_word' id='word_1_34' title='bbox 1491 582 1586 640; x_wconf 85' lang='grc' dir='ltr'>οὖν</span> <span class='ocrx_word' id='word_1_35' title='bbox 1622 582 1925 656; x_wconf 82' lang='grc' dir='ltr'><strong>κατηγορία</strong></span> 
     </span>
    </p>
   </div>
   <div class='ocr_carea' id='block_1_8' title="bbox 329 674 1923 749">
    <p class='ocr_par' dir='ltr' id='par_1_8' title="bbox 329 674 1923 749">
     <span class='ocr_line' id='line_1_8' title="bbox 329 674 1923 749; baseline 0.001 -22"><span class='ocrx_word' id='word_1_36' title='bbox 329 674 451 728; x_wconf 81' lang='grc' dir='ltr'><strong>τῶν</strong></span> <span class='ocrx_word' id='word_1_37' title='bbox 505 675 597 729; x_wconf 77' lang='grc' dir='ltr'><strong>τοῦ</strong></span> <span class='ocrx_word' id='word_1_38' title='bbox 653 675 901 729; x_wconf 90' lang='grc' dir='ltr'>διαϐόλου</span> <span class='ocrx_word' id='word_1_39' title='bbox 958 678 1205 749; x_wconf 78' lang='grc' dir='ltr'>ρητόρων</span> <span class='ocrx_word' id='word_1_40' title='bbox 1264 676 1508 749; x_wconf 88' lang='grc' dir='ltr'>τοιαύτη.</span> <span class='ocrx_word' id='word_1_41' title='bbox 1582 676 1649 729; x_wconf 85' lang='grc' dir='ltr'><em>Ἦ</em></span> <span class='ocrx_word' id='word_1_42' title='bbox 1706 675 1764 728; x_wconf 85' lang='grc' dir='ltr'>δὲ</span> <span class='ocrx_word' id='word_1_43' title='bbox 1814 674 1923 729; x_wconf 82' lang='grc' dir='ltr'><strong>τῶν</strong></span> 
     </span>
    </p>
   </div>
   <div class='ocr_carea' id='block_1_9' title="bbox 332 767 1923 841">
    <p class='ocr_par' dir='ltr' id='par_1_9' title="bbox 332 767 1923 841">
     <span class='ocr_line' id='line_1_9' title="bbox 332 767 1923 841; baseline 0.003 -21"><span class='ocrx_word' id='word_1_44' title='bbox 332 767 650 821; x_wconf 78' lang='grc' dir='ltr'><strong>ἀκουόντων</strong></span> <span class='ocrx_word' id='word_1_45' title='bbox 695 769 851 823; x_wconf 82' lang='grc' dir='ltr'>ἄνοια</span> <span class='ocrx_word' id='word_1_46' title='bbox 895 771 1012 836; x_wconf 88' lang='grc' dir='ltr'>τίς;</span> <span class='ocrx_word' id='word_1_47' title='bbox 1077 771 1203 825; x_wconf 78' lang='grc' dir='ltr'>Ἐπὶ</span> <span class='ocrx_word' id='word_1_48' title='bbox 1252 772 1360 825; x_wconf 88' lang='grc' dir='ltr'>τίνι</span> <span class='ocrx_word' id='word_1_49' title='bbox 1418 769 1800 841; x_wconf 80' lang='grc' dir='ltr'><strong>χαλεπαίνουσι</strong></span> <span class='ocrx_word' id='word_1_50' title='bbox 1845 768 1923 840; x_wconf 84' lang='grc' dir='ltr'>τῷ</span> 
     </span>
    </p>
   </div>
   <div class='ocr_carea' id='block_1_10' title="bbox 331 859 1924 932">
    <p class='ocr_par' dir='ltr' id='par_1_10' title="bbox 331 859 1924 932">
     <span class='ocr_line' id='line_1_10' title="bbox 331 859 1924 932; baseline 0.001 -20"><span class='ocrx_word' id='word_1_51' title='bbox 331 859 811 928; x_wconf 80' lang='grc' dir='ltr'>κατηγορηθέντι;</span> <span class='ocrx_word' id='word_1_52' title='bbox 891 861 1013 915; x_wconf 88' lang='grc' dir='ltr'>τίνα</span> <span class='ocrx_word' id='word_1_53' title='bbox 1068 861 1265 915; x_wconf 79' lang='grc' dir='ltr'>κακίαν</span> <span class='ocrx_word' id='word_1_54' title='bbox 1324 862 1383 915; x_wconf 82' lang='grc' dir='ltr'><strong>ἐν</strong></span> <span class='ocrx_word' id='word_1_55' title='bbox 1448 863 1562 925; x_wconf 87' lang='grc' dir='ltr'>τοῖς</span> <span class='ocrx_word' id='word_1_56' title='bbox 1612 860 1924 932; x_wconf 79' lang='grc' dir='ltr'>είρημένοις</span> 
     </span>
    </p>
   </div>
   <div class='ocr_carea' id='block_1_11' title="bbox 331 947 1923 1027">
    <p class='ocr_par' dir='ltr' id='par_1_11' title="bbox 331 947 1923 1027">
     <span class='ocr_line' id='line_1_11' title="bbox 331 947 1923 1027; baseline 0.003 -26"><span class='ocrx_word' id='word_1_57' title='bbox 331 947 668 1019; x_wconf 79' lang='grc' dir='ltr'>ἐφώρασαν;</span> <span class='ocrx_word' id='word_1_58' title='bbox 697 951 777 1005; x_wconf 86' lang='grc' dir='ltr'><strong>Τά</strong></span> <span class='ocrx_word' id='word_1_59' title='bbox 802 951 900 1021; x_wconf 82' lang='grc' dir='ltr'>μὲν</span> <span class='ocrx_word' id='word_1_60' title='bbox 914 950 1024 1024; x_wconf 82' lang='grc' dir='ltr'><strong>γὰρ</strong></span> <span class='ocrx_word' id='word_1_61' title='bbox 1049 953 1433 1027; x_wconf 81' lang='grc' dir='ltr'>προφερόμενοι</span> <span class='ocrx_word' id='word_1_62' title='bbox 1453 954 1571 1007; x_wconf 86' lang='grc' dir='ltr'>κατ’</span> <span class='ocrx_word' id='word_1_63' title='bbox 1602 953 1790 1019; x_wconf 82' lang='grc' dir='ltr'>αὑτοῦ,</span> <span class='ocrx_word' id='word_1_64' title='bbox 1813 951 1923 1005; x_wconf 83' lang='grc' dir='ltr'><strong>τῶν</strong></span> 
     </span>
    </p>
   </div>
   <div class='ocr_carea' id='block_1_12' title="bbox 332 1036 1922 1115">
    <p class='ocr_par' dir='ltr' id='par_1_12' title="bbox 332 1036 1922 1115">
     <span class='ocr_line' id='line_1_12' title="bbox 332 1036 1922 1115; baseline 0.002 -24"><span class='ocrx_word' id='word_1_65' title='bbox 332 1037 633 1110; x_wconf 79' lang='grc' dir='ltr'>ἐσύστερον</span> <span class='ocrx_word' id='word_1_66' title='bbox 666 1038 1049 1110; x_wconf 86' lang='grc' dir='ltr'>ἐκϐησομένων</span> <span class='ocrx_word' id='word_1_67' title='bbox 1082 1036 1171 1111; x_wconf 77' lang='grc' dir='ltr'><strong>ἦν.</strong></span> <span class='ocrx_word' id='word_1_68' title='bbox 1220 1042 1468 1111; x_wconf 82' lang='grc' dir='ltr'>Ἔφησαν</span> <span class='ocrx_word' id='word_1_69' title='bbox 1494 1041 1603 1115; x_wconf 84' lang='grc' dir='ltr'><strong>γὰρ</strong></span> <span class='ocrx_word' id='word_1_70' title='bbox 1637 1043 1798 1097; x_wconf 77' lang='grc' dir='ltr'>αὐτὸν</span> <span class='ocrx_word' id='word_1_71' title='bbox 1841 1043 1922 1096; x_wconf 84' lang='grc' dir='ltr'><strong>εἰ-</strong></span> 
     </span>
    </p>
   </div>
   <div class='ocr_carea' id='block_1_13' title="bbox 339 1131 1923 1207">
    <p class='ocr_par' dir='ltr' id='par_1_13' title="bbox 339 1131 1923 1207">
     <span class='ocr_line' id='line_1_13' title="bbox 339 1131 1923 1207; baseline 0.004 -24"><span class='ocrx_word' id='word_1_72' title='bbox 339 1131 593 1201; x_wconf 78' lang='grc' dir='ltr'>ρηκέναι,</span> <span class='ocrx_word' id='word_1_73' title='bbox 626 1131 718 1184; x_wconf 83' lang='grc' dir='ltr'>τὸν</span> <span class='ocrx_word' id='word_1_74' title='bbox 757 1132 920 1186; x_wconf 84' lang='grc' dir='ltr'>τόπον</span> <span class='ocrx_word' id='word_1_75' title='bbox 948 1132 1446 1205; x_wconf 82' lang='grc' dir='ltr'>καταλυθήσεσθαι,</span> <span class='ocrx_word' id='word_1_76' title='bbox 1481 1136 1578 1189; x_wconf 78' lang='grc' dir='ltr'>καὶ</span> <span class='ocrx_word' id='word_1_77' title='bbox 1616 1136 1685 1189; x_wconf 90' lang='grc' dir='ltr'><strong>τά</strong></span> <span class='ocrx_word' id='word_1_78' title='bbox 1718 1136 1923 1207; x_wconf 87' lang='grc' dir='ltr'>νόμιμα</span> 
     </span>
    </p>
   </div>
   <div class='ocr_carea' id='block_1_14' title="bbox 334 1220 1923 1295">
    <p class='ocr_par' dir='ltr' id='par_1_14' title="bbox 334 1220 1923 1295">
     <span class='ocr_line' id='line_1_14' title="bbox 334 1220 1923 1295; baseline 0.004 -21"><span class='ocrx_word' id='word_1_79' title='bbox 334 1220 436 1274; x_wconf 78' lang='grc' dir='ltr'>τοῦ</span> <span class='ocrx_word' id='word_1_80' title='bbox 459 1221 739 1286; x_wconf 82' lang='grc' dir='ltr'>Μωῦσέως</span> <span class='ocrx_word' id='word_1_81' title='bbox 769 1223 1248 1295; x_wconf 84' lang='grc' dir='ltr'>μετατεθήσεσθαι.</span> <span class='ocrx_word' id='word_1_82' title='bbox 1274 1226 1339 1279; x_wconf 88' lang='grc' dir='ltr'>Τί</span> <span class='ocrx_word' id='word_1_83' title='bbox 1365 1222 1457 1280; x_wconf 80' lang='grc' dir='ltr'>οὖν</span> <span class='ocrx_word' id='word_1_84' title='bbox 1489 1229 1546 1280; x_wconf 83' lang='grc' dir='ltr'><strong>ἐν</strong></span> <span class='ocrx_word' id='word_1_85' title='bbox 1572 1227 1783 1291; x_wconf 82' lang='grc' dir='ltr'>τούτοις</span> <span class='ocrx_word' id='word_1_86' title='bbox 1806 1227 1923 1280; x_wconf 74' lang='grc' dir='ltr'>ἐστὶ</span> 
     </span>
    </p>
   </div>
   <div class='ocr_carea' id='block_1_15' title="bbox 336 1313 1920 1391">
    <p class='ocr_par' dir='ltr' id='par_1_15' title="bbox 336 1313 1920 1391">
     <span class='ocr_line' id='line_1_15' title="bbox 336 1313 1920 1391; baseline 0.004 -25"><span class='ocrx_word' id='word_1_87' title='bbox 336 1313 400 1366; x_wconf 76' lang='grc' dir='ltr'><strong>τὸ</strong></span> <span class='ocrx_word' id='word_1_88' title='bbox 431 1314 696 1385; x_wconf 82' lang='grc' dir='ltr'>ἀδίκημα,</span> <span class='ocrx_word' id='word_1_89' title='bbox 731 1313 833 1368; x_wconf 79' lang='grc' dir='ltr'>κᾶν</span> <span class='ocrx_word' id='word_1_90' title='bbox 857 1314 1117 1389; x_wconf 80' lang='grc' dir='ltr'><strong>ἀληθεύῃ,</strong></span> <span class='ocrx_word' id='word_1_91' title='bbox 1145 1316 1248 1372; x_wconf 81' lang='grc' dir='ltr'>κᾶν</span> <span class='ocrx_word' id='word_1_92' title='bbox 1274 1317 1572 1390; x_wconf 79' lang='grc' dir='ltr'>ψεύδηται;</span> <span class='ocrx_word' id='word_1_93' title='bbox 1602 1321 1665 1373; x_wconf 84' lang='lat' dir='ltr'><strong>El</strong></span> <span class='ocrx_word' id='word_1_94' title='bbox 1692 1320 1790 1391; x_wconf 85' lang='grc' dir='ltr'>μὲν</span> <span class='ocrx_word' id='word_1_95' title='bbox 1812 1318 1920 1391; x_wconf 83' lang='grc' dir='ltr'><strong>γὰρ</strong></span> 
     </span>
    </p>
   </div>
   <div class='ocr_carea' id='block_1_16' title="bbox 332 1404 1918 1483">
    <p class='ocr_par' dir='ltr' id='par_1_16' title="bbox 332 1404 1918 1483">
     <span class='ocr_line' id='line_1_16' title="bbox 332 1404 1918 1483; baseline 0.005 -26"><span class='ocrx_word' id='word_1_96' title='bbox 332 1404 618 1472; x_wconf 70' lang='grc' dir='ltr'>ψεύδεται,</span> <span class='ocrx_word' id='word_1_97' title='bbox 646 1405 709 1459; x_wconf 79' lang='grc' dir='ltr'>τὸ</span> <span class='ocrx_word' id='word_1_98' title='bbox 735 1405 938 1461; x_wconf 79' lang='grc' dir='ltr'>λυποῦν</span> <span class='ocrx_word' id='word_1_99' title='bbox 963 1411 1065 1462; x_wconf 71' lang='grc' dir='ltr'>οῦκ</span> <span class='ocrx_word' id='word_1_100' title='bbox 1091 1409 1383 1481; x_wconf 86' lang='grc' dir='ltr'>ἐκϐήσεται</span> <span class='ocrx_word' id='word_1_101' title='bbox 1407 1428 1420 1442; x_wconf 66' lang='grc' dir='ltr'><strong>θ</strong></span> <span class='ocrx_word' id='word_1_102' title='bbox 1471 1414 1521 1465; x_wconf 88' lang='grc' dir='ltr'><strong>εί</strong></span> <span class='ocrx_word' id='word_1_103' title='bbox 1553 1411 1609 1466; x_wconf 84' lang='grc' dir='ltr'>δὲ</span> <span class='ocrx_word' id='word_1_104' title='bbox 1648 1411 1918 1483; x_wconf 83' lang='grc' dir='ltr'><strong>ἀληθεύει,</strong></span> 
     </span>
    </p>
   </div>
   <div class='ocr_carea' id='block_1_17' title="bbox 332 1499 1920 1578">
    <p class='ocr_par' dir='ltr' id='par_1_17' title="bbox 332 1499 1920 1578">
     <span class='ocr_line' id='line_1_17' title="bbox 332 1499 1920 1578; baseline 0.006 -26"><span class='ocrx_word' id='word_1_105' title='bbox 332 1500 391 1552; x_wconf 85' lang='grc' dir='ltr'><strong>τί</strong></span> <span class='ocrx_word' id='word_1_106' title='bbox 438 1499 615 1553; x_wconf 82' lang='grc' dir='ltr'>ἀδικεῖ</span> <span class='ocrx_word' id='word_1_107' title='bbox 655 1500 685 1551; x_wconf 99' lang='lat'><strong>6</strong></span> <span class='ocrx_word' id='word_1_108' title='bbox 728 1499 887 1569; x_wconf 84' lang='grc' dir='ltr'>λόγος</span> <span class='ocrx_word' id='word_1_109' title='bbox 928 1502 1258 1573; x_wconf 88' lang='grc' dir='ltr'>προμηνύων</span> <span class='ocrx_word' id='word_1_110' title='bbox 1284 1503 1383 1575; x_wconf 85' lang='grc' dir='ltr'>τὴν</span> <span class='ocrx_word' id='word_1_111' title='bbox 1416 1504 1669 1573; x_wconf 74' lang='grc' dir='ltr'>ἔκϐασινς</span> <span class='ocrx_word' id='word_1_112' title='bbox 1704 1508 1783 1559; x_wconf 83' lang='grc' dir='ltr'><strong>Τά</strong></span> <span class='ocrx_word' id='word_1_113' title='bbox 1813 1506 1920 1578; x_wconf 82' lang='grc' dir='ltr'>γὰρ</span> 
     </span>
    </p>
   </div>
   <div class='ocr_carea' id='block_1_18' title="bbox 334 1591 1918 1669">
    <p class='ocr_par' dir='ltr' id='par_1_18' title="bbox 334 1591 1918 1669">
     <span class='ocr_line' id='line_1_18' title="bbox 334 1591 1918 1669; baseline 0.008 -27"><span class='ocrx_word' id='word_1_114' title='bbox 334 1591 623 1662; x_wconf 85' lang='grc' dir='ltr'>γινόμενα,</span> <span class='ocrx_word' id='word_1_115' title='bbox 645 1592 863 1656; x_wconf 86' lang='grc' dir='ltr'>πάντως</span> <span class='ocrx_word' id='word_1_116' title='bbox 890 1593 1183 1664; x_wconf 81' lang='grc' dir='ltr'>ἐκϐήσεται</span> <span class='ocrx_word' id='word_1_117' title='bbox 1208 1596 1302 1649; x_wconf 72' lang='grc' dir='ltr'>καὶ</span> <span class='ocrx_word' id='word_1_118' title='bbox 1322 1595 1667 1661; x_wconf 85' lang='grc' dir='ltr'>σιωπώντων,</span> <span class='ocrx_word' id='word_1_119' title='bbox 1694 1598 1787 1651; x_wconf 75' lang='grc' dir='ltr'>καὶ</span> <span class='ocrx_word' id='word_1_120' title='bbox 1810 1599 1883 1669; x_wconf 87' lang='grc' dir='ltr'><strong>μή</strong></span> <span class='ocrx_word' id='word_1_121' title='bbox 1905 1614 1918 1628; x_wconf 86' lang='grc'>⁶</span> 
     </span>
    </p>
   </div>
   <div class='ocr_carea' id='block_1_19' title="bbox 336 1680 1917 1759">
    <p class='ocr_par' dir='ltr' id='par_1_19' title="bbox 336 1680 1917 1759">
     <span class='ocr_line' id='line_1_19' title="bbox 336 1680 1917 1759; baseline 0.006 -26"><span class='ocrx_word' id='word_1_122' title='bbox 336 1684 370 1734; x_wconf 87' lang='grc' dir='ltr'>ὁ</span> <span class='ocrx_word' id='word_1_123' title='bbox 400 1681 457 1734; x_wconf 80' lang='grc' dir='ltr'>δὲ</span> <span class='ocrx_word' id='word_1_124' title='bbox 488 1681 645 1749; x_wconf 81' lang='grc' dir='ltr'>φόνος</span> <span class='ocrx_word' id='word_1_125' title='bbox 692 1680 787 1734; x_wconf 78' lang='grc' dir='ltr'>τοῦ</span> <span class='ocrx_word' id='word_1_126' title='bbox 816 1683 1286 1754; x_wconf 78' lang='grc' dir='ltr'>προμηνύσαντος,</span> <span class='ocrx_word' id='word_1_127' title='bbox 1333 1687 1455 1741; x_wconf 88' lang='grc' dir='ltr'>τίνα</span> <span class='ocrx_word' id='word_1_128' title='bbox 1487 1687 1641 1759; x_wconf 82' lang='grc' dir='ltr'>φέρει</span> <span class='ocrx_word' id='word_1_129' title='bbox 1673 1688 1783 1742; x_wconf 85' lang='grc' dir='ltr'>τῶν</span> <span class='ocrx_word' id='word_1_130' title='bbox 1827 1689 1917 1742; x_wconf 76' lang='grc' dir='ltr'>λυο</span> 
     </span>
    </p>
   </div>
   <div class='ocr_carea' id='block_1_20' title="bbox 339 1770 1922 1851">
    <p class='ocr_par' dir='ltr' id='par_1_20' title="bbox 339 1770 1922 1851">
     <span class='ocr_line' id='line_1_20' title="bbox 339 1770 1922 1851; baseline 0.006 -28"><span class='ocrx_word' id='word_1_131' title='bbox 339 1771 593 1825; x_wconf 76' lang='grc' dir='ltr'>πούντων</span> <span class='ocrx_word' id='word_1_132' title='bbox 611 1770 932 1843; x_wconf 86' lang='grc' dir='ltr'>διόρθωσιν;</span> <span class='ocrx_word' id='word_1_133' title='bbox 980 1772 1132 1841; x_wconf 77' lang='grc' dir='ltr'>Εἶτα,</span> <span class='ocrx_word' id='word_1_134' title='bbox 1163 1782 1548 1850; x_wconf 85' lang='grc' dir='ltr'>κατηγορεῖται</span> <span class='ocrx_word' id='word_1_135' title='bbox 1580 1780 1676 1850; x_wconf 83' lang='grc' dir='ltr'>μὲν</span> <span class='ocrx_word' id='word_1_136' title='bbox 1719 1780 1922 1851; x_wconf 81' lang='grc' dir='ltr'>Ἰησοῦς</span> 
     </span>
    </p>
   </div>
   <div class='ocr_carea' id='block_1_21' title="bbox 339 1863 1923 1942">
    <p class='ocr_par' dir='ltr' id='par_1_21' title="bbox 339 1863 1923 1942">
     <span class='ocr_line' id='line_1_21' title="bbox 339 1863 1923 1942; baseline 0.005 -25"><span class='ocrx_word' id='word_1_137' title='bbox 339 1865 374 1917; x_wconf 90' lang='lat'><strong>6</strong></span> <span class='ocrx_word' id='word_1_138' title='bbox 422 1863 735 1934; x_wconf 79' lang='grc' dir='ltr'>Ναζωραῖος</span> <span class='ocrx_word' id='word_1_139' title='bbox 772 1882 787 1895; x_wconf 75' lang='grc' dir='ltr'><strong>ο</strong></span> <span class='ocrx_word' id='word_1_140' title='bbox 836 1867 870 1937; x_wconf 82' lang='grc' dir='ltr'><strong>ἡ</strong></span> <span class='ocrx_word' id='word_1_141' title='bbox 915 1866 971 1919; x_wconf 85' lang='grc' dir='ltr'>δὲ</span> <span class='ocrx_word' id='word_1_142' title='bbox 1012 1869 1113 1936; x_wconf 84' lang='grc' dir='ltr'><strong>τῆς</strong></span> <span class='ocrx_word' id='word_1_143' title='bbox 1153 1871 1423 1941; x_wconf 86' lang='grc' dir='ltr'>τιμωρίας</span> <span class='ocrx_word' id='word_1_144' title='bbox 1461 1871 1658 1942; x_wconf 78' lang='grc' dir='ltr'>ψῆφος,</span> <span class='ocrx_word' id='word_1_145' title='bbox 1694 1872 1785 1925; x_wconf 75' lang='grc' dir='ltr'>ἐπὶ</span> <span class='ocrx_word' id='word_1_146' title='bbox 1833 1872 1923 1925; x_wconf 81' lang='grc' dir='ltr'>τὸν</span> 
     </span>
    </p>
   </div>
   <div class='ocr_carea' id='block_1_22' title="bbox 338 1954 1923 2034">
    <p class='ocr_par' dir='ltr' id='par_1_22' title="bbox 338 1954 1923 2034">
     <span class='ocr_line' id='line_1_22' title="bbox 338 1954 1923 2034; baseline 0.005 -27"><span class='ocrx_word' id='word_1_147' title='bbox 338 1954 615 2023; x_wconf 83' lang='grc' dir='ltr'>Στέφανον</span> <span class='ocrx_word' id='word_1_148' title='bbox 648 1954 893 2026; x_wconf 83' lang='grc' dir='ltr'>φέρεται.</span> <span class='ocrx_word' id='word_1_149' title='bbox 943 1957 1052 2010; x_wconf 82' lang='grc' dir='ltr'>Καί</span> <span class='ocrx_word' id='word_1_150' title='bbox 1100 1975 1181 2012; x_wconf 91' lang='grc' dir='ltr'><strong>τοι</strong></span> <span class='ocrx_word' id='word_1_151' title='bbox 1223 1961 1271 2012; x_wconf 88' lang='grc' dir='ltr'><strong>εί</strong></span> <span class='ocrx_word' id='word_1_152' title='bbox 1323 1962 1352 2013; x_wconf 92' lang='grc' dir='ltr'><strong>ό</strong></span> <span class='ocrx_word' id='word_1_153' title='bbox 1405 1960 1606 2015; x_wconf 84' lang='grc' dir='ltr'>ἀδικῶν</span> <span class='ocrx_word' id='word_1_154' title='bbox 1648 1964 1788 2015; x_wconf 88' lang='grc' dir='ltr'>κινεῖ</span> <span class='ocrx_word' id='word_1_155' title='bbox 1824 1963 1923 2034; x_wconf 80' lang='grc' dir='ltr'>τὴν</span> 
     </span>
    </p>
   </div>
   <div class='ocr_carea' id='block_1_23' title="bbox 336 2045 1922 2120">
    <p class='ocr_par' dir='ltr' id='par_1_23' title="bbox 336 2045 1922 2120">
     <span class='ocr_line' id='line_1_23' title="bbox 336 2045 1922 2120; baseline 0.005 -21"><span class='ocrx_word' id='word_1_156' title='bbox 336 2045 536 2116; x_wconf 76' lang='grc' dir='ltr'>ὀργὴν,</span> <span class='ocrx_word' id='word_1_157' title='bbox 583 2045 824 2118; x_wconf 78' lang='grc' dir='ltr'>ἀδίκημα</span> <span class='ocrx_word' id='word_1_158' title='bbox 854 2047 911 2100; x_wconf 84' lang='grc' dir='ltr'>δέ</span> <span class='ocrx_word' id='word_1_159' title='bbox 952 2048 1120 2114; x_wconf 85' lang='grc' dir='ltr'>ἐστιν,</span> <span class='ocrx_word' id='word_1_160' title='bbox 1151 2051 1184 2120; x_wconf 81' lang='grc' dir='ltr'><strong>ἡ</strong></span> <span class='ocrx_word' id='word_1_161' title='bbox 1210 2049 1305 2103; x_wconf 80' lang='grc' dir='ltr'>τοῦ</span> <span class='ocrx_word' id='word_1_162' title='bbox 1334 2051 1498 2105; x_wconf 83' lang='grc' dir='ltr'>τόπου</span> <span class='ocrx_word' id='word_1_163' title='bbox 1528 2052 1622 2105; x_wconf 74' lang='grc' dir='ltr'>καὶ</span> <span class='ocrx_word' id='word_1_164' title='bbox 1652 2052 1759 2105; x_wconf 86' lang='grc' dir='ltr'><strong>τῶν</strong></span> <span class='ocrx_word' id='word_1_165' title='bbox 1785 2053 1922 2107; x_wconf 84' lang='grc' dir='ltr'>ἐθῶν</span> 
     </span>
    </p>
   </div>
   <div class='ocr_carea' id='block_1_24' title="bbox 340 2135 1924 2212">
    <p class='ocr_par' dir='ltr' id='par_1_24' title="bbox 340 2135 1924 2212">
     <span class='ocr_line' id='line_1_24' title="bbox 340 2135 1924 2212; baseline 0.008 -28"><span class='ocrx_word' id='word_1_166' title='bbox 340 2135 705 2204; x_wconf 80' lang='grc' dir='ltr'>μεταποίησις</span> <span class='ocrx_word' id='word_1_167' title='bbox 726 2151 740 2165; x_wconf 67' lang='grc' dir='ltr'><em>α</em></span> <span class='ocrx_word' id='word_1_168' title='bbox 773 2135 944 2193; x_wconf 82' lang='grc' dir='ltr'>ταῦτα</span> <span class='ocrx_word' id='word_1_169' title='bbox 965 2136 1021 2189; x_wconf 85' lang='grc' dir='ltr'>δὲ</span> <span class='ocrx_word' id='word_1_170' title='bbox 1039 2138 1098 2190; x_wconf 82' lang='grc' dir='ltr'>οὐ</span> <span class='ocrx_word' id='word_1_171' title='bbox 1123 2137 1271 2208; x_wconf 85' lang='grc' dir='ltr'><strong>παρά</strong></span> <span class='ocrx_word' id='word_1_172' title='bbox 1298 2140 1591 2209; x_wconf 80' lang='grc' dir='ltr'>Στεφάνου,</span> <span class='ocrx_word' id='word_1_173' title='bbox 1614 2140 1750 2194; x_wconf 86' lang='grc' dir='ltr'><strong>ἀλλά</strong></span> <span class='ocrx_word' id='word_1_174' title='bbox 1771 2141 1924 2212; x_wconf 83' lang='grc' dir='ltr'><strong>παρά</strong></span> 
     </span>
    </p>
   </div>
   <div class='ocr_carea' id='block_1_25' title="bbox 350 2224 1922 2300">
    <p class='ocr_par' dir='ltr' id='par_1_25' title="bbox 350 2224 1922 2300">
     <span class='ocr_line' id='line_1_25' title="bbox 350 2224 1922 2300; baseline 0.005 -21"><span class='ocrx_word' id='word_1_175' title='bbox 350 2224 532 2295; x_wconf 86' lang='grc' dir='ltr'><strong>Ἰησοῦ</strong></span> <span class='ocrx_word' id='word_1_176' title='bbox 573 2227 820 2295; x_wconf 84' lang='grc' dir='ltr'>γίνεσθαί</span> <span class='ocrx_word' id='word_1_177' title='bbox 865 2244 1029 2297; x_wconf 86' lang='grc' dir='ltr'>φησιν</span> <span class='ocrx_word' id='word_1_178' title='bbox 1065 2230 1094 2281; x_wconf 92' lang='lat'><strong>6</strong></span> <span class='ocrx_word' id='word_1_179' title='bbox 1135 2231 1476 2300; x_wconf 84' lang='grc' dir='ltr'>κατήγορος,</span> <span class='ocrx_word' id='word_1_180' title='bbox 1526 2233 1617 2285; x_wconf 77' lang='grc' dir='ltr'>ἐπὶ</span> <span class='ocrx_word' id='word_1_181' title='bbox 1660 2231 1749 2287; x_wconf 71' lang='grc' dir='ltr'>τὸν</span> <span class='ocrx_word' id='word_1_182' title='bbox 1789 2251 1922 2287; x_wconf 90' lang='grc' dir='ltr'>κατ-</span> 
     </span>
    </p>
   </div>
   <div class='ocr_carea' id='block_1_26' title="bbox 342 2318 1919 2394">
    <p class='ocr_par' dir='ltr' id='par_1_26' title="bbox 342 2318 1919 2394">
     <span class='ocr_line' id='line_1_26' title="bbox 342 2318 1919 2394; baseline 0.005 -25"><span class='ocrx_word' id='word_1_183' title='bbox 342 2318 697 2390; x_wconf 75' lang='grc' dir='ltr'>ηγορηθέντα</span> <span class='ocrx_word' id='word_1_184' title='bbox 722 2319 939 2382; x_wconf 85' lang='grc' dir='ltr'>πάντως</span> <span class='ocrx_word' id='word_1_185' title='bbox 965 2319 1067 2372; x_wconf 75' lang='grc' dir='ltr'>ἔδει</span> <span class='ocrx_word' id='word_1_186' title='bbox 1086 2320 1450 2388; x_wconf 83' lang='grc' dir='ltr'>συγκινεῖσθαι</span> <span class='ocrx_word' id='word_1_187' title='bbox 1474 2323 1536 2374; x_wconf 81' lang='grc' dir='ltr'>τὸ</span> <span class='ocrx_word' id='word_1_188' title='bbox 1558 2323 1919 2394; x_wconf 88' lang='grc' dir='ltr'>δικαστήριον.</span> 
     </span>
    </p>
   </div>
   <div class='ocr_carea' id='block_1_27' title="bbox 334 2407 1920 2484">
    <p class='ocr_par' dir='ltr' id='par_1_27' title="bbox 334 2407 1920 2484">
     <span class='ocr_line' id='line_1_27' title="bbox 334 2407 1920 2484; baseline 0.006 -25"><span class='ocrx_word' id='word_1_189' title='bbox 334 2408 409 2459; x_wconf 83' lang='grc' dir='ltr'><strong>Ὦ</strong></span> <span class='ocrx_word' id='word_1_190' title='bbox 434 2407 538 2477; x_wconf 83' lang='grc' dir='ltr'>τῆς</span> <span class='ocrx_word' id='word_1_191' title='bbox 557 2407 740 2462; x_wconf 83' lang='grc' dir='ltr'>ἀδίκου</span> <span class='ocrx_word' id='word_1_192' title='bbox 760 2408 870 2461; x_wconf 86' lang='grc' dir='ltr'><strong>τῶν</strong></span> <span class='ocrx_word' id='word_1_193' title='bbox 895 2410 1196 2464; x_wconf 83' lang='grc' dir='ltr'>ἀκουόντων</span> <span class='ocrx_word' id='word_1_194' title='bbox 1223 2410 1432 2480; x_wconf 75' lang='grc' dir='ltr'>ψήφουί</span> <span class='ocrx_word' id='word_1_195' title='bbox 1476 2410 1713 2484; x_wconf 79' lang='grc' dir='ltr'>Ἐπειδὴ,</span> <span class='ocrx_word' id='word_1_196' title='bbox 1738 2416 1920 2484; x_wconf 69' lang='grc' dir='ltr'>φησιν,</span> 
     </span>
    </p>
   </div>
   <div class='ocr_carea' id='block_1_28' title="bbox 332 2496 1924 2574">
    <p class='ocr_par' dir='ltr' id='par_1_28' title="bbox 332 2496 1924 2574">
     <span class='ocr_line' id='line_1_28' title="bbox 332 2496 1924 2574; baseline 0.005 -22"><span class='ocrx_word' id='word_1_197' title='bbox 332 2498 367 2551; x_wconf 88' lang='lat'><strong>6</strong></span> <span class='ocrx_word' id='word_1_198' title='bbox 413 2496 618 2571; x_wconf 80' lang='grc' dir='ltr'>Ἰησοῦς</span> <span class='ocrx_word' id='word_1_199' title='bbox 656 2500 1009 2572; x_wconf 78' lang='grc' dir='ltr'>μεταποιήσει</span> <span class='ocrx_word' id='word_1_200' title='bbox 1039 2499 1163 2563; x_wconf 77' lang='grc' dir='ltr'>τοὺς</span> <span class='ocrx_word' id='word_1_201' title='bbox 1188 2498 1406 2569; x_wconf 86' lang='grc' dir='ltr'>νόμους,</span> <span class='ocrx_word' id='word_1_202' title='bbox 1450 2500 1869 2574; x_wconf 83' lang='grc' dir='ltr'>καταλευσθήτω</span> <span class='ocrx_word' id='word_1_203' title='bbox 1895 2509 1924 2560; x_wconf 90' lang='lat'><strong>6</strong></span> 
     </span>
    </p>
   </div>
   <div class='ocr_carea' id='block_1_29' title="bbox 334 2590 1924 2664">
    <p class='ocr_par' dir='ltr' id='par_1_29' title="bbox 334 2590 1924 2664">
     <span class='ocr_line' id='line_1_29' title="bbox 334 2590 1924 2664; baseline 0.004 -21"><span class='ocrx_word' id='word_1_204' title='bbox 334 2590 633 2660; x_wconf 81' lang='grc' dir='ltr'>Στέφανος.</span> <span class='ocrx_word' id='word_1_205' title='bbox 661 2592 787 2655; x_wconf 71' lang='grc' dir='ltr'>Πῶς</span> <span class='ocrx_word' id='word_1_206' title='bbox 828 2592 885 2645; x_wconf 83' lang='grc' dir='ltr'>δὲ</span> <span class='ocrx_word' id='word_1_207' title='bbox 917 2590 1206 2645; x_wconf 82' lang='grc' dir='ltr'>καταλύσει</span> <span class='ocrx_word' id='word_1_208' title='bbox 1243 2591 1334 2645; x_wconf 75' lang='grc' dir='ltr'><strong>τὸν</strong></span> <span class='ocrx_word' id='word_1_209' title='bbox 1371 2590 1535 2662; x_wconf 91' lang='grc' dir='ltr'>νόμον</span> <span class='ocrx_word' id='word_1_210' title='bbox 1567 2595 1595 2646; x_wconf 87' lang='grc' dir='ltr'>ὁ</span> <span class='ocrx_word' id='word_1_211' title='bbox 1636 2594 1863 2664; x_wconf 79' lang='grc' dir='ltr'>Ἰησοῦς,</span> <span class='ocrx_word' id='word_1_212' title='bbox 1896 2599 1924 2651; x_wconf 90' lang='lat'><strong>6</strong></span> 
     </span>
    </p>
   </div>
   <div class='ocr_carea' id='block_1_30' title="bbox 333 2682 1924 2755">
    <p class='ocr_par' dir='ltr' id='par_1_30' title="bbox 333 2682 1924 2755">
     <span class='ocr_line' id='line_1_30' title="bbox 333 2682 1924 2755; baseline 0.005 -22"><span class='ocrx_word' id='word_1_213' title='bbox 333 2682 515 2745; x_wconf 76' lang='grc' dir='ltr'>οὕτως</span> <span class='ocrx_word' id='word_1_214' title='bbox 538 2682 676 2753; x_wconf 79' lang='grc' dir='ltr'>ἔχων</span> <span class='ocrx_word' id='word_1_215' title='bbox 711 2683 841 2753; x_wconf 80' lang='grc' dir='ltr'>περὶ</span> <span class='ocrx_word' id='word_1_216' title='bbox 873 2683 962 2736; x_wconf 76' lang='grc' dir='ltr'>τὸν</span> <span class='ocrx_word' id='word_1_217' title='bbox 990 2683 1172 2752; x_wconf 87' lang='grc' dir='ltr'>νόμον,</span> <span class='ocrx_word' id='word_1_218' title='bbox 1207 2683 1236 2735; x_wconf 93' lang='lat'><strong>6</strong></span> <span class='ocrx_word' id='word_1_219' title='bbox 1265 2683 1443 2736; x_wconf 82' lang='grc' dir='ltr'>πάντα</span> <span class='ocrx_word' id='word_1_220' title='bbox 1471 2684 1606 2755; x_wconf 77' lang='grc' dir='ltr'>πρὸς</span> <span class='ocrx_word' id='word_1_221' title='bbox 1633 2684 1924 2754; x_wconf 81' lang='grc' dir='ltr'>βεϐαίωσιν</span> 
     </span>
    </p>
   </div>
   <div class='ocr_carea' id='block_1_31' title="bbox 333 2771 1926 2845">
    <p class='ocr_par' dir='ltr' id='par_1_31' title="bbox 333 2771 1926 2845">
     <span class='ocr_line' id='line_1_31' title="bbox 333 2771 1926 2845; baseline 0.003 -20"><span class='ocrx_word' id='word_1_222' title='bbox 333 2772 451 2825; x_wconf 85' lang='grc' dir='ltr'><strong>τῶν</strong></span> <span class='ocrx_word' id='word_1_223' title='bbox 500 2772 741 2843; x_wconf 83' lang='grc' dir='ltr'>ἀρχαίων</span> <span class='ocrx_word' id='word_1_224' title='bbox 791 2772 1180 2842; x_wconf 80' lang='grc' dir='ltr'>νομοθετήσας,</span> <span class='ocrx_word' id='word_1_225' title='bbox 1233 2773 1262 2825; x_wconf 90' lang='lat'><strong>6</strong></span> <span class='ocrx_word' id='word_1_226' title='bbox 1301 2771 1508 2824; x_wconf 67' lang='grc' dir='ltr'><strong>εἰπώνο</strong></span> <span class='ocrx_word' id='word_1_227' title='bbox 1566 2777 1687 2827; x_wconf 74' lang='grc' dir='ltr'><strong>Οὐκ</strong></span> <span class='ocrx_word' id='word_1_228' title='bbox 1734 2771 1926 2845; x_wconf 73' lang='grc' dir='ltr'>ἦλθον</span> 
     </span>
    </p>
   </div>
   <div class='ocr_carea' id='block_1_32' title="bbox 334 2860 1925 2936">
    <p class='ocr_par' dir='ltr' id='par_1_32' title="bbox 334 2860 1925 2936">
     <span class='ocr_line' id='line_1_32' title="bbox 334 2860 1925 2936; baseline 0 -20"><span class='ocrx_word' id='word_1_229' title='bbox 334 2864 678 2918; x_wconf 77' lang='grc' dir='ltr'>καταλῦσαι</span> <span class='ocrx_word' id='word_1_230' title='bbox 704 2863 810 2916; x_wconf 76' lang='grc' dir='ltr'><strong>τὸν</strong></span> <span class='ocrx_word' id='word_1_231' title='bbox 833 2863 1040 2931; x_wconf 79' lang='grc' dir='ltr'>νόμον,</span> <span class='ocrx_word' id='word_1_232' title='bbox 1066 2860 1226 2915; x_wconf 75' lang='grc' dir='ltr'><em>ἀλλὰ</em></span> <span class='ocrx_word' id='word_1_233' title='bbox 1259 2861 1595 2929; x_wconf 80' lang='grc' dir='ltr'>πληρῶσαι’</span> <span class='ocrx_word' id='word_1_234' title='bbox 1626 2864 1654 2914; x_wconf 91' lang='lat'><strong>6</strong></span> <span class='ocrx_word' id='word_1_235' title='bbox 1680 2862 1771 2917; x_wconf 82' lang='grc' dir='ltr'>τὸν</span> <span class='ocrx_word' id='word_1_236' title='bbox 1797 2864 1925 2936; x_wconf 82' lang='grc' dir='ltr'>περὶ</span> 
     </span>
    </p>
   </div>
   <div class='ocr_carea' id='block_1_33' title="bbox 335 2946 1924 3023">
    <p class='ocr_par' dir='ltr' id='par_1_33' title="bbox 335 2946 1924 3023">
     <span class='ocr_line' id='line_1_33' title="bbox 335 2946 1924 3023; baseline 0.003 -23"><span class='ocrx_word' id='word_1_237' title='bbox 335 2948 438 3001; x_wconf 84' lang='grc' dir='ltr'><strong>τοῦ</strong></span> <span class='ocrx_word' id='word_1_238' title='bbox 494 2949 567 3018; x_wconf 82' lang='grc' dir='ltr'>μὴ</span> <span class='ocrx_word' id='word_1_239' title='bbox 616 2948 872 3017; x_wconf 82' lang='grc' dir='ltr'>φονεῦσαι</span> <span class='ocrx_word' id='word_1_240' title='bbox 910 2948 1113 3018; x_wconf 90' lang='grc' dir='ltr'>νόμον,</span> <span class='ocrx_word' id='word_1_241' title='bbox 1167 2946 1255 3000; x_wconf 85' lang='grc' dir='ltr'><strong>διά</strong></span> <span class='ocrx_word' id='word_1_242' title='bbox 1302 2948 1392 3000; x_wconf 83' lang='grc' dir='ltr'>τοῦ</span> <span class='ocrx_word' id='word_1_243' title='bbox 1446 2950 1580 3019; x_wconf 83' lang='grc' dir='ltr'>μηδὲ</span> <span class='ocrx_word' id='word_1_244' title='bbox 1618 2951 1715 3020; x_wconf 81' lang='grc' dir='ltr'>τὴν</span> <span class='ocrx_word' id='word_1_245' title='bbox 1749 2952 1924 3023; x_wconf 82' lang='grc' dir='ltr'>ἀρχὴν</span> 
     </span>
    </p>
   </div>
   <div class='ocr_carea' id='block_1_34' title="bbox 334 3038 1991 3135">
    <p class='ocr_par' dir='ltr' id='par_1_34' title="bbox 334 3038 1991 3135">
     <span class='ocr_line' id='line_1_34' title="bbox 334 3038 1991 3135; baseline 0.002 -41"><span class='ocrx_word' id='word_1_246' title='bbox 334 3040 664 3111; x_wconf 81' lang='grc' dir='ltr'>ὀργισθῆναι</span> <span class='ocrx_word' id='word_1_247' title='bbox 694 3043 805 3105; x_wconf 87' lang='grc' dir='ltr'>τοῖς</span> <span class='ocrx_word' id='word_1_248' title='bbox 832 3040 1100 3111; x_wconf 81' lang='grc' dir='ltr'>μαθηταῖς</span> <span class='ocrx_word' id='word_1_249' title='bbox 1130 3038 1459 3110; x_wconf 85' lang='grc' dir='ltr'>βεϐαιώσας,</span> <span class='ocrx_word' id='word_1_250' title='bbox 1505 3043 1534 3093; x_wconf 92' lang='lat'><strong>6</strong></span> <span class='ocrx_word' id='word_1_251' title='bbox 1562 3046 1627 3112; x_wconf 78' lang='grc' dir='ltr'><strong>τῇ</strong></span> <span class='ocrx_word' id='word_1_252' title='bbox 1659 3044 1922 3115; x_wconf 76' lang='grc' dir='ltr'>ἐπιθυμίᾳ</span> <span class='ocrx_word' id='word_1_253' title='bbox 1949 3078 1991 3135; x_wconf 75' lang='lat' dir='ltr'>C</span> 
     </span>
    </p>
   </div>
   <div class='ocr_carea' id='block_1_35' title="bbox 339 3130 1919 3204">
    <p class='ocr_par' dir='ltr' id='par_1_35' title="bbox 339 3130 1919 3204">
     <span class='ocr_line' id='line_1_35' title="bbox 339 3130 1919 3204; baseline 0.003 -20"><span class='ocrx_word' id='word_1_254' title='bbox 339 3130 689 3184; x_wconf 85' lang='grc' dir='ltr'>συνεκϐαλὼν</span> <span class='ocrx_word' id='word_1_255' title='bbox 745 3131 843 3201; x_wconf 78' lang='grc' dir='ltr'>τὴν</span> <span class='ocrx_word' id='word_1_256' title='bbox 881 3131 1148 3201; x_wconf 85' lang='grc' dir='ltr'>μοιχείαν,</span> <span class='ocrx_word' id='word_1_257' title='bbox 1196 3131 1224 3183; x_wconf 88' lang='lat'><strong>6</strong></span> <span class='ocrx_word' id='word_1_258' title='bbox 1259 3131 1347 3184; x_wconf 87' lang='grc' dir='ltr'><strong>διὰ</strong></span> <span class='ocrx_word' id='word_1_259' title='bbox 1382 3131 1476 3184; x_wconf 81' lang='grc' dir='ltr'><strong>τοῦ</strong></span> <span class='ocrx_word' id='word_1_260' title='bbox 1507 3132 1581 3203; x_wconf 86' lang='grc' dir='ltr'>μὴ</span> <span class='ocrx_word' id='word_1_261' title='bbox 1610 3133 1919 3204; x_wconf 88' lang='grc' dir='ltr'>ἀμύνασθαι</span> 
     </span>
    </p>
   </div>
   <div class='ocr_carea' id='block_1_36' title="bbox 334 3222 1922 3299">
    <p class='ocr_par' dir='ltr' id='par_1_36' title="bbox 334 3222 1922 3299">
     <span class='ocr_line' id='line_1_36' title="bbox 334 3222 1922 3299; baseline 0.003 -22"><span class='ocrx_word' id='word_1_262' title='bbox 334 3222 431 3277; x_wconf 76' lang='grc' dir='ltr'>τὸν</span> <span class='ocrx_word' id='word_1_263' title='bbox 456 3224 905 3295; x_wconf 81' lang='grc' dir='ltr'>προλελυπηκότα</span> <span class='ocrx_word' id='word_1_264' title='bbox 931 3223 1206 3289; x_wconf 83' lang='grc' dir='ltr'>κελεῦσαι,</span> <span class='ocrx_word' id='word_1_265' title='bbox 1241 3224 1302 3278; x_wconf 85' lang='grc' dir='ltr'>τὸ</span> <span class='ocrx_word' id='word_1_266' title='bbox 1333 3225 1468 3297; x_wconf 81' lang='grc' dir='ltr'>μηδὲ</span> <span class='ocrx_word' id='word_1_267' title='bbox 1497 3227 1687 3297; x_wconf 78' lang='grc' dir='ltr'>ἄρχειν</span> <span class='ocrx_word' id='word_1_268' title='bbox 1723 3229 1922 3299; x_wconf 85' lang='grc' dir='ltr'>χειρῶν</span> 
     </span>
    </p>
   </div>
   <div class='ocr_carea' id='block_1_37' title="bbox 336 3314 1925 3390">
    <p class='ocr_par' dir='ltr' id='par_1_37' title="bbox 336 3314 1925 3390">
     <span class='ocr_line' id='line_1_37' title="bbox 336 3314 1925 3390; baseline 0.005 -23"><span class='ocrx_word' id='word_1_269' title='bbox 336 3315 542 3368; x_wconf 85' lang='grc' dir='ltr'>ἀδίκων</span> <span class='ocrx_word' id='word_1_270' title='bbox 564 3314 951 3386; x_wconf 81' lang='grc' dir='ltr'>νομοθετήσας,</span> <span class='ocrx_word' id='word_1_271' title='bbox 982 3317 1010 3368; x_wconf 90' lang='lat'><strong>6</strong></span> <span class='ocrx_word' id='word_1_272' title='bbox 1035 3315 1123 3369; x_wconf 87' lang='grc' dir='ltr'><strong>διά</strong></span> <span class='ocrx_word' id='word_1_273' title='bbox 1147 3316 1245 3387; x_wconf 83' lang='grc' dir='ltr'>τῆς</span> <span class='ocrx_word' id='word_1_274' title='bbox 1274 3316 1383 3370; x_wconf 84' lang='grc' dir='ltr'><strong>τῶν</strong></span> <span class='ocrx_word' id='word_1_275' title='bbox 1413 3318 1727 3387; x_wconf 87' lang='grc' dir='ltr'>προσόντων</span> <span class='ocrx_word' id='word_1_276' title='bbox 1764 3337 1925 3390; x_wconf 80' lang='grc' dir='ltr'>μεταο</span> 
     </span>
    </p>
   </div>
   <div class='ocr_carea' id='block_1_38' title="bbox 335 3404 1747 3478">
    <p class='ocr_par' dir='ltr' id='par_1_38' title="bbox 335 3404 1747 3478">
     <span class='ocr_line' id='line_1_38' title="bbox 335 3404 1747 3478; baseline 0.003 -20"><span class='ocrx_word' id='word_1_277' title='bbox 335 3405 538 3469; x_wconf 81' lang='grc' dir='ltr'>δόσεως</span> <span class='ocrx_word' id='word_1_278' title='bbox 564 3406 628 3459; x_wconf 86' lang='grc' dir='ltr'>τὸ</span> <span class='ocrx_word' id='word_1_279' title='bbox 659 3405 800 3459; x_wconf 82' lang='grc' dir='ltr'>κατὰ</span> <span class='ocrx_word' id='word_1_280' title='bbox 832 3404 1142 3470; x_wconf 78' lang='grc' dir='ltr'>πλεονεξίαν</span> <span class='ocrx_word' id='word_1_281' title='bbox 1172 3406 1343 3471; x_wconf 83' lang='grc' dir='ltr'>πάθος</span> <span class='ocrx_word' id='word_1_282' title='bbox 1378 3408 1707 3478; x_wconf 85' lang='grc' dir='ltr'>ύπερορίσας</span> <span class='ocrx_word' id='word_1_283' title='bbox 1733 3426 1747 3474; x_wconf 87' lang='grc'>;</span> 
     </span>
    </p>
   </div>
   <div class='ocr_carea' id='block_1_39' title="bbox 410 3493 1923 3573">
    <p class='ocr_par' dir='ltr' id='par_1_39' title="bbox 410 3493 1923 3573">
     <span class='ocr_line' id='line_1_39' title="bbox 410 3493 1923 3573; baseline 0.003 -22"><span class='ocrx_word' id='word_1_284' title='bbox 410 3496 539 3561; x_wconf 81' lang='grc' dir='ltr'>Πῶς</span> <span class='ocrx_word' id='word_1_285' title='bbox 561 3493 654 3552; x_wconf 78' lang='grc' dir='ltr'>οὖν</span> <span class='ocrx_word' id='word_1_286' title='bbox 679 3496 800 3550; x_wconf 73' lang='grc' dir='ltr'>οὔτε</span> <span class='ocrx_word' id='word_1_287' title='bbox 830 3497 1206 3569; x_wconf 75' lang='grc' dir='ltr'>ἐμνημονεύθη</span> <span class='ocrx_word' id='word_1_288' title='bbox 1238 3497 1431 3564; x_wconf 81' lang='grc' dir='ltr'>ταῦτα,</span> <span class='ocrx_word' id='word_1_289' title='bbox 1471 3497 1594 3552; x_wconf 71' lang='grc' dir='ltr'>οὔτε</span> <span class='ocrx_word' id='word_1_290' title='bbox 1628 3500 1923 3573; x_wconf 81' lang='grc' dir='ltr'>συνεξητά-</span> 
     </span>
    </p>
   </div>
   <div class='ocr_carea' id='block_1_40' title="bbox 342 3585 1924 3662">
    <p class='ocr_par' dir='ltr' id='par_1_40' title="bbox 342 3585 1924 3662">
     <span class='ocr_line' id='line_1_40' title="bbox 342 3585 1924 3662; baseline 0.005 -24"><span class='ocrx_word' id='word_1_291' title='bbox 342 3585 449 3656; x_wconf 89' lang='grc' dir='ltr'><strong>σθη</strong></span> <span class='ocrx_word' id='word_1_292' title='bbox 480 3588 547 3656; x_wconf 77' lang='grc' dir='ltr'>τῇ</span> <span class='ocrx_word' id='word_1_293' title='bbox 582 3586 798 3657; x_wconf 73' lang='grc' dir='ltr'>κρίσεις</span> <span class='ocrx_word' id='word_1_294' title='bbox 863 3586 1191 3658; x_wconf 86' lang='grc' dir='ltr'>Ἐϐουλόμην</span> <span class='ocrx_word' id='word_1_295' title='bbox 1233 3586 1328 3640; x_wconf 79' lang='grc' dir='ltr'><strong>νῦν</strong></span> <span class='ocrx_word' id='word_1_296' title='bbox 1373 3587 1625 3659; x_wconf 85' lang='grc' dir='ltr'>παρεῖναί</span> <span class='ocrx_word' id='word_1_297' title='bbox 1673 3608 1764 3662; x_wconf 91' lang='grc' dir='ltr'><strong>μοι</strong></span> <span class='ocrx_word' id='word_1_298' title='bbox 1813 3590 1924 3645; x_wconf 86' lang='grc' dir='ltr'><strong>τῶν</strong></span> 
     </span>
    </p>
   </div>
   <div class='ocr_carea' id='block_1_41' title="bbox 347 3678 1923 3754">
    <p class='ocr_par' dir='ltr' id='par_1_41' title="bbox 347 3678 1923 3754">
     <span class='ocr_line' id='line_1_41' title="bbox 347 3678 1923 3754; baseline 0.004 -24"><span class='ocrx_word' id='word_1_299' title='bbox 347 3678 653 3748; x_wconf 78' lang='grc' dir='ltr'>μιαιφόνων</span> <span class='ocrx_word' id='word_1_300' title='bbox 700 3679 924 3732; x_wconf 76' lang='grc' dir='ltr'>ἐκείνων</span> <span class='ocrx_word' id='word_1_301' title='bbox 956 3678 1225 3733; x_wconf 83' lang='grc' dir='ltr'>δικαστῶν</span> <span class='ocrx_word' id='word_1_302' title='bbox 1250 3678 1311 3731; x_wconf 81' lang='grc' dir='ltr'>τὸ</span> <span class='ocrx_word' id='word_1_303' title='bbox 1348 3679 1641 3752; x_wconf 83' lang='grc' dir='ltr'>συνέδριον,</span> <span class='ocrx_word' id='word_1_304' title='bbox 1692 3683 1788 3736; x_wconf 79' lang='grc' dir='ltr'>καὶ</span> <span class='ocrx_word' id='word_1_305' title='bbox 1820 3701 1923 3754; x_wconf 76' lang='grc' dir='ltr'>μα-</span> 
     </span>
    </p>
   </div>
   <div class='ocr_carea' id='block_1_42' title="bbox 345 3762 1923 3842">
    <p class='ocr_par' dir='ltr' id='par_1_42' title="bbox 345 3762 1923 3842">
     <span class='ocr_line' id='line_1_42' title="bbox 345 3762 1923 3842; baseline 0.006 -23"><span class='ocrx_word' id='word_1_306' title='bbox 345 3766 464 3820; x_wconf 77' lang='grc' dir='ltr'>θεῖν</span> <span class='ocrx_word' id='word_1_307' title='bbox 492 3768 620 3840; x_wconf 68' lang='grc' dir='ltr'><strong>περ)⁵</strong></span> <span class='ocrx_word' id='word_1_308' title='bbox 653 3768 761 3823; x_wconf 83' lang='grc' dir='ltr'><strong>τῶν</strong></span> <span class='ocrx_word' id='word_1_309' title='bbox 801 3769 983 3822; x_wconf 87' lang='grc' dir='ltr'>τόπων</span> <span class='ocrx_word' id='word_1_310' title='bbox 1020 3769 1160 3839; x_wconf 80' lang='grc' dir='ltr'>ὑπὲρ</span> <span class='ocrx_word' id='word_1_311' title='bbox 1194 3762 1269 3824; x_wconf 83' lang='grc' dir='ltr'><strong>ὧν</strong></span> <span class='ocrx_word' id='word_1_312' title='bbox 1294 3770 1716 3842; x_wconf 87' lang='grc' dir='ltr'>χαλεπαίνουσι,</span> <span class='ocrx_word' id='word_1_313' title='bbox 1766 3774 1869 3829; x_wconf 81' lang='grc' dir='ltr'>ποῦ</span> <span class='ocrx_word' id='word_1_314' title='bbox 1895 3777 1923 3829; x_wconf 93' lang='lat'><strong>6</strong></span> 
     </span>
    </p>
   </div>
   <div class='ocr_carea' id='block_1_43' title="bbox 258 3856 1924 3933">
    <p class='ocr_par' dir='ltr' id='par_1_43' title="bbox 258 3856 1924 3933">
     <span class='ocr_line' id='line_1_43' title="bbox 258 3856 1924 3933; baseline 0.006 -22"><span class='ocrx_word' id='word_1_315' title='bbox 258 3856 265 3859; x_wconf 60' lang='grc'><em>’</em></span> <span class='ocrx_word' id='word_1_316' title='bbox 348 3857 609 3929; x_wconf 55' lang='lat' dir='ltr'><strong>suam»;</strong></span> <span class='ocrx_word' id='word_1_317' title='bbox 629 3860 834 3920; x_wconf 84' lang='grc' dir='ltr'>ἐκεῖνος</span> <span class='ocrx_word' id='word_1_318' title='bbox 852 3860 996 3925; x_wconf 82' lang='grc' dir='ltr'>ναὸς,</span> <span class='ocrx_word' id='word_1_319' title='bbox 1027 3860 1128 3914; x_wconf 79' lang='grc' dir='ltr'>ποῦ</span> <span class='ocrx_word' id='word_1_320' title='bbox 1150 3860 1220 3913; x_wconf 86' lang='grc' dir='ltr'>τὰ</span> <span class='ocrx_word' id='word_1_321' title='bbox 1245 3862 1614 3933; x_wconf 86' lang='grc' dir='ltr'>ἀπιστούμενα</span> <span class='ocrx_word' id='word_1_322' title='bbox 1634 3865 1742 3919; x_wconf 85' lang='grc' dir='ltr'><strong>τῶν</strong></span> <span class='ocrx_word' id='word_1_323' title='bbox 1763 3866 1924 3921; x_wconf 88' lang='grc' dir='ltr'>λίθων</span> 
     </span>
    </p>
   </div>
   <div class='ocr_carea' id='block_1_44' title="bbox 349 3947 1924 4027">
    <p class='ocr_par' dir='ltr' id='par_1_44' title="bbox 349 3947 1924 4027">
     <span class='ocr_line' id='line_1_44' title="bbox 349 3947 1924 4027; baseline 0.006 -27"><span class='ocrx_word' id='word_1_324' title='bbox 349 3947 580 4020; x_wconf 82' lang='grc' dir='ltr'>μεγέθη,</span> <span class='ocrx_word' id='word_1_325' title='bbox 609 3950 711 4003; x_wconf 81' lang='grc' dir='ltr'><strong>ποῦ</strong></span> <span class='ocrx_word' id='word_1_326' title='bbox 737 3950 797 4004; x_wconf 84' lang='grc' dir='ltr'>τὸ</span> <span class='ocrx_word' id='word_1_327' title='bbox 827 3950 1051 4021; x_wconf 87' lang='grc' dir='ltr'>χρυσίον</span> <span class='ocrx_word' id='word_1_328' title='bbox 1086 3950 1263 4004; x_wconf 71' lang='grc' dir='ltr'>ἐκεῖνο</span> <span class='ocrx_word' id='word_1_329' title='bbox 1289 3951 1351 4005; x_wconf 78' lang='grc' dir='ltr'>τὸ</span> <span class='ocrx_word' id='word_1_330' title='bbox 1384 3954 1449 4023; x_wconf 81' lang='grc' dir='ltr'>τῇ</span> <span class='ocrx_word' id='word_1_331' title='bbox 1482 3952 1639 4024; x_wconf 78' lang='grc' dir='ltr'>λοιπῇ</span> <span class='ocrx_word' id='word_1_332' title='bbox 1671 3954 1771 4025; x_wconf 80' lang='grc' dir='ltr'><strong>ὔλῃ</strong></span> <span class='ocrx_word' id='word_1_333' title='bbox 1796 3956 1924 4027; x_wconf 77' lang='grc' dir='ltr'>περὶ</span> 
     </span>
    </p>
   </div>
   <div class='ocr_carea' id='block_1_45' title="bbox 344 4040 1925 4117">
    <p class='ocr_par' dir='ltr' id='par_1_45' title="bbox 344 4040 1925 4117">
     <span class='ocr_line' id='line_1_45' title="bbox 344 4040 1925 4117; baseline 0.003 -23"><span class='ocrx_word' id='word_1_334' title='bbox 344 4042 439 4095; x_wconf 78' lang='grc' dir='ltr'>τὸν</span> <span class='ocrx_word' id='word_1_335' title='bbox 481 4041 605 4094; x_wconf 83' lang='grc' dir='ltr'>ναὸν</span> <span class='ocrx_word' id='word_1_336' title='bbox 652 4040 850 4113; x_wconf 81' lang='grc' dir='ltr'>μικροῦ</span> <span class='ocrx_word' id='word_1_337' title='bbox 893 4041 1003 4095; x_wconf 86' lang='grc' dir='ltr'>δεῖν</span> <span class='ocrx_word' id='word_1_338' title='bbox 1056 4042 1392 4106; x_wconf 77' lang='grc' dir='ltr'>ἰσοστάσιον,</span> <span class='ocrx_word' id='word_1_339' title='bbox 1443 4042 1545 4096; x_wconf 83' lang='grc' dir='ltr'>ποῦ</span> <span class='ocrx_word' id='word_1_340' title='bbox 1591 4045 1649 4097; x_wconf 78' lang='grc' dir='ltr'>αἱ</span> <span class='ocrx_word' id='word_1_341' title='bbox 1705 4046 1925 4117; x_wconf 87' lang='grc' dir='ltr'>νόμιμοι</span> 
     </span>
    </p>
   </div>
   <div class='ocr_carea' id='block_1_46' title="bbox 342 4133 1920 4210">
    <p class='ocr_par' dir='ltr' id='par_1_46' title="bbox 342 4133 1920 4210">
     <span class='ocr_line' id='line_1_46' title="bbox 342 4133 1920 4210; baseline 0.013 -25"><span class='ocrx_word' id='word_1_342' title='bbox 342 4133 673 4206; x_wconf 72' lang='grc' dir='ltr'>ἱερουργίαι,</span> <span class='ocrx_word' id='word_1_343' title='bbox 696 4136 725 4186; x_wconf 93' lang='lat'><strong>6</strong></span> <span class='ocrx_word' id='word_1_344' title='bbox 760 4134 930 4204; x_wconf 80' lang='grc' dir='ltr'>κριὸς,</span> <span class='ocrx_word' id='word_1_345' title='bbox 966 4135 994 4188; x_wconf 95' lang='lat'><strong>6</strong></span> <span class='ocrx_word' id='word_1_346' title='bbox 1024 4133 1241 4205; x_wconf 74' lang='grc' dir='ltr'>μόσχος,</span> <span class='ocrx_word' id='word_1_347' title='bbox 1274 4135 1303 4187; x_wconf 76' lang='grc' dir='ltr'>ὁ</span> <span class='ocrx_word' id='word_1_348' title='bbox 1323 4135 1514 4204; x_wconf 73' lang='grc' dir='ltr'>ἀμνὸς,</span> <span class='ocrx_word' id='word_1_349' title='bbox 1548 4138 1580 4206; x_wconf 78' lang='grc' dir='ltr'>ἡ</span> <span class='ocrx_word' id='word_1_350' title='bbox 1611 4135 1860 4208; x_wconf 80' lang='grc' dir='ltr'>δάμαλις,</span> <span class='ocrx_word' id='word_1_351' title='bbox 1887 4142 1920 4210; x_wconf 79' lang='grc' dir='ltr'>ἡ</span> 
     </span>
    </p>
   </div>
   <div class='ocr_carea' id='block_1_47' title="bbox 342 4223 1924 4299">
    <p class='ocr_par' dir='ltr' id='par_1_47' title="bbox 342 4223 1924 4299">
     <span class='ocr_line' id='line_1_47' title="bbox 342 4223 1924 4299; baseline 0.004 -23"><span class='ocrx_word' id='word_1_352' title='bbox 342 4224 666 4295; x_wconf 74' lang='grc' dir='ltr'>περιστερὰ,</span> <span class='ocrx_word' id='word_1_353' title='bbox 704 4226 738 4295; x_wconf 84' lang='grc' dir='ltr'><strong>ή</strong></span> <span class='ocrx_word' id='word_1_354' title='bbox 782 4223 1018 4296; x_wconf 87' lang='grc' dir='ltr'>τρυγὼν,</span> <span class='ocrx_word' id='word_1_355' title='bbox 1054 4226 1083 4277; x_wconf 91' lang='lat'><strong>6</strong></span> <span class='ocrx_word' id='word_1_356' title='bbox 1124 4225 1511 4295; x_wconf 83' lang='grc' dir='ltr'>ἀποπομπαῖος</span> <span class='ocrx_word' id='word_1_357' title='bbox 1542 4226 1815 4299; x_wconf 84' lang='grc' dir='ltr'>χίμαρος;</span> <span class='ocrx_word' id='word_1_358' title='bbox 1862 4232 1924 4282; x_wconf 74' lang='lat' dir='ltr'><strong>Et</strong></span> 
     </span>
    </p>
   </div>
   <div class='ocr_carea' id='block_1_48' title="bbox 338 4315 1923 4387">
    <p class='ocr_par' dir='ltr' id='par_1_48' title="bbox 338 4315 1923 4387">
     <span class='ocr_line' id='line_1_48' title="bbox 338 4315 1923 4387; baseline 0.002 -19"><span class='ocrx_word' id='word_1_359' title='bbox 338 4316 430 4369; x_wconf 70' lang='grc' dir='ltr'><strong>διὰ</strong></span> <span class='ocrx_word' id='word_1_360' title='bbox 459 4315 619 4369; x_wconf 77' lang='grc' dir='ltr'>τοῦτο</span> <span class='ocrx_word' id='word_1_361' title='bbox 644 4315 867 4371; x_wconf 83' lang='grc' dir='ltr'>θάνατον</span> <span class='ocrx_word' id='word_1_362' title='bbox 897 4315 991 4369; x_wconf 79' lang='grc' dir='ltr'><strong>τοῦ</strong></span> <span class='ocrx_word' id='word_1_363' title='bbox 1024 4316 1295 4384; x_wconf 82' lang='grc' dir='ltr'>Στεφάνου</span> <span class='ocrx_word' id='word_1_364' title='bbox 1323 4316 1808 4387; x_wconf 76' lang='grc' dir='ltr'>καταψηφίζονται,</span> <span class='ocrx_word' id='word_1_365' title='bbox 1836 4318 1923 4371; x_wconf 78' lang='grc' dir='ltr'>ἵνα</span> 
     </span>
    </p>
   </div>
   <div class='ocr_carea' id='block_1_49' title="bbox 2026 498 3603 572">
    <p class='ocr_par' dir='ltr' id='par_1_49' title="bbox 2026 498 3603 572">
     <span class='ocr_line' id='line_1_49' title="bbox 2026 498 3603 572; baseline 0.004 -21"><span class='ocrx_word' id='word_1_366' title='bbox 2026 512 2277 567; x_wconf 75' lang='lat' dir='ltr'><strong>quaenam</strong></span> <span class='ocrx_word' id='word_1_367' title='bbox 2327 507 2412 555; x_wconf 92' lang='lat' dir='ltr'><strong>est</strong></span> <span class='ocrx_word' id='word_1_368' title='bbox 2454 498 2793 555; x_wconf 89' lang='lat' dir='ltr'><strong>audientium</strong></span> <span class='ocrx_word' id='word_1_369' title='bbox 2841 501 3310 572; x_wconf 86' lang='lat' dir='ltr'><strong>amentia?Cujus</strong></span> <span class='ocrx_word' id='word_1_370' title='bbox 3353 502 3603 558; x_wconf 83' lang='lat' dir='ltr'><strong>criminis</strong></span> 
     </span>
    </p>
   </div>
   <div class='ocr_carea' id='block_1_50' title="bbox 2024 588 3603 662">
    <p class='ocr_par' dir='ltr' id='par_1_50' title="bbox 2024 588 3603 662">
     <span class='ocr_line' id='line_1_50' title="bbox 2024 588 3603 662; baseline 0.002 -20"><span class='ocrx_word' id='word_1_371' title='bbox 2024 589 2250 644; x_wconf 88' lang='lat' dir='ltr'><strong>nomine</strong></span> <span class='ocrx_word' id='word_1_372' title='bbox 2281 588 2336 642; x_wconf 89' lang='lat' dir='ltr'><strong>in</strong></span> <span class='ocrx_word' id='word_1_373' title='bbox 2370 598 2692 645; x_wconf 86' lang='lat' dir='ltr'><strong>accusatum</strong></span> <span class='ocrx_word' id='word_1_374' title='bbox 2732 591 2993 646; x_wconf 55' lang='lat' dir='ltr'><strong>saeviunt?</strong></span> <span class='ocrx_word' id='word_1_375' title='bbox 3026 607 3186 661; x_wconf 89' lang='lat' dir='ltr'><strong>quam</strong></span> <span class='ocrx_word' id='word_1_376' title='bbox 3217 592 3513 662; x_wconf 80' lang='lat' dir='ltr'><strong>nequitiam</strong></span> <span class='ocrx_word' id='word_1_377' title='bbox 3546 591 3603 645; x_wconf 86' lang='lat' dir='ltr'><strong>in</strong></span> 
     </span>
    </p>
   </div>
   <div class='ocr_carea' id='block_1_51' title="bbox 2026 681 3606 755">
    <p class='ocr_par' dir='ltr' id='par_1_51' title="bbox 2026 681 3606 755">
     <span class='ocr_line' id='line_1_51' title="bbox 2026 681 3606 755; baseline 0 -19"><span class='ocrx_word' id='word_1_378' title='bbox 2026 681 2114 737; x_wconf 88' lang='lat' dir='ltr'><strong>his</strong></span> <span class='ocrx_word' id='word_1_379' title='bbox 2156 682 2342 737; x_wconf 83' lang='lat' dir='ltr'><strong>verbis</strong></span> <span class='ocrx_word' id='word_1_380' title='bbox 2372 682 2891 752; x_wconf 88' lang='lat' dir='ltr'><strong>deprehenderunt?</strong></span> <span class='ocrx_word' id='word_1_381' title='bbox 2925 684 3061 738; x_wconf 89' lang='lat' dir='ltr'><strong>Nam</strong></span> <span class='ocrx_word' id='word_1_382' title='bbox 3101 700 3222 754; x_wconf 66' lang='lat' dir='ltr'><strong>quae</strong></span> <span class='ocrx_word' id='word_1_383' title='bbox 3253 684 3473 755; x_wconf 86' lang='lat' dir='ltr'><strong>quidem</strong></span> <span class='ocrx_word' id='word_1_384' title='bbox 3508 682 3606 737; x_wconf 84' lang='lat' dir='ltr'><strong>ad-</strong></span> 
     </span>
    </p>
   </div>
   <div class='ocr_carea' id='block_1_52' title="bbox 2026 771 3604 842">
    <p class='ocr_par' dir='ltr' id='par_1_52' title="bbox 2026 771 3604 842">
     <span class='ocr_line' id='line_1_52' title="bbox 2026 771 3604 842; baseline 0 -18"><span class='ocrx_word' id='word_1_385' title='bbox 2026 784 2218 826; x_wconf 88' lang='lat' dir='ltr'><strong>versus</strong></span> <span class='ocrx_word' id='word_1_386' title='bbox 2276 785 2397 826; x_wconf 87' lang='lat' dir='ltr'><strong>eum</strong></span> <span class='ocrx_word' id='word_1_387' title='bbox 2446 771 2884 841; x_wconf 75' lang='lat' dir='ltr'><strong>proferebantur,</strong></span> <span class='ocrx_word' id='word_1_388' title='bbox 2922 771 2977 826; x_wconf 92' lang='lat' dir='ltr'><strong>in</strong></span> <span class='ocrx_word' id='word_1_389' title='bbox 3025 780 3303 842; x_wconf 88' lang='lat' dir='ltr'><strong>posterum</strong></span> <span class='ocrx_word' id='word_1_390' title='bbox 3342 781 3604 827; x_wconf 76' lang='lat' dir='ltr'><strong>eventura</strong></span> 
     </span>
    </p>
   </div>
   <div class='ocr_carea' id='block_1_53' title="bbox 2023 858 3605 925">
    <p class='ocr_par' dir='ltr' id='par_1_53' title="bbox 2023 858 3605 925">
     <span class='ocr_line' id='line_1_53' title="bbox 2023 858 3605 925; baseline -0.001 -11"><span class='ocrx_word' id='word_1_391' title='bbox 2023 866 2201 914; x_wconf 87' lang='lat' dir='ltr'><strong>erant.</strong></span> <span class='ocrx_word' id='word_1_392' title='bbox 2217 858 2446 913; x_wconf 84' lang='lat' dir='ltr'><strong>Aiebant</strong></span> <span class='ocrx_word' id='word_1_393' title='bbox 2460 860 2603 914; x_wconf 91' lang='lat' dir='ltr'><strong>enim</strong></span> <span class='ocrx_word' id='word_1_394' title='bbox 2626 875 2748 915; x_wconf 89' lang='lat' dir='ltr'><strong>eum</strong></span> <span class='ocrx_word' id='word_1_395' title='bbox 2767 858 2972 915; x_wconf 81' lang='lat' dir='ltr'><strong>dixisse</strong></span> <span class='ocrx_word' id='word_1_396' title='bbox 2986 861 3164 914; x_wconf 92' lang='lat' dir='ltr'><strong>locum</strong></span> <span class='ocrx_word' id='word_1_397' title='bbox 3180 875 3426 915; x_wconf 81' lang='lat' dir='ltr'><strong>eversum</strong></span> <span class='ocrx_word' id='word_1_398' title='bbox 3444 859 3533 925; x_wconf 90' lang='lat' dir='ltr'><strong>iri,</strong></span> <span class='ocrx_word' id='word_1_399' title='bbox 3550 866 3605 915; x_wconf 88' lang='lat' dir='ltr'><strong>ct</strong></span> 
     </span>
    </p>
   </div>
   <div class='ocr_carea' id='block_1_54' title="bbox 2024 948 3604 1019">
    <p class='ocr_par' dir='ltr' id='par_1_54' title="bbox 2024 948 3604 1019">
     <span class='ocr_line' id='line_1_54' title="bbox 2024 948 3604 1019; baseline -0.002 -16"><span class='ocrx_word' id='word_1_400' title='bbox 2024 949 2276 1005; x_wconf 85' lang='lat' dir='ltr'><strong>instituta</strong></span> <span class='ocrx_word' id='word_1_401' title='bbox 2308 949 2473 1005; x_wconf 85' lang='lat' dir='ltr'><strong>Mosis</strong></span> <span class='ocrx_word' id='word_1_402' title='bbox 2508 957 2903 1005; x_wconf 91' lang='lat' dir='ltr'><strong>commutatum</strong></span> <span class='ocrx_word' id='word_1_403' title='bbox 2940 950 3027 1005; x_wconf 91' lang='lat' dir='ltr'><strong>iri.</strong></span> <span class='ocrx_word' id='word_1_404' title='bbox 3065 949 3221 1016; x_wconf 85' lang='lat' dir='ltr'><strong>Quod</strong></span> <span class='ocrx_word' id='word_1_405' title='bbox 3245 949 3412 1019; x_wconf 89' lang='lat' dir='ltr'><strong>igitur</strong></span> <span class='ocrx_word' id='word_1_406' title='bbox 3435 948 3604 1001; x_wconf 88' lang='lat' dir='ltr'><strong>male-</strong></span> 
     </span>
    </p>
   </div>
   <div class='ocr_carea' id='block_1_55' title="bbox 2023 1038 3605 1107">
    <p class='ocr_par' dir='ltr' id='par_1_55' title="bbox 2023 1038 3605 1107">
     <span class='ocr_line' id='line_1_55' title="bbox 2023 1038 3605 1107; baseline -0.001 -14"><span class='ocrx_word' id='word_1_407' title='bbox 2023 1038 2209 1093; x_wconf 84' lang='lat' dir='ltr'><strong>ﬁcium</strong></span> <span class='ocrx_word' id='word_1_408' title='bbox 2234 1040 2287 1093; x_wconf 92' lang='lat' dir='ltr'><strong>in</strong></span> <span class='ocrx_word' id='word_1_409' title='bbox 2320 1038 2406 1095; x_wconf 85' lang='lat' dir='ltr'><strong>his</strong></span> <span class='ocrx_word' id='word_1_410' title='bbox 2441 1039 2625 1096; x_wconf 85' lang='lat' dir='ltr'><strong>verbis</strong></span> <span class='ocrx_word' id='word_1_411' title='bbox 2647 1041 2985 1107; x_wconf 88' lang='lat' dir='ltr'><strong>continetur,</strong></span> <span class='ocrx_word' id='word_1_412' title='bbox 3008 1043 3124 1097; x_wconf 86' lang='lat' dir='ltr'><strong>sive</strong></span> <span class='ocrx_word' id='word_1_413' title='bbox 3148 1056 3296 1107; x_wconf 84' lang='lat' dir='ltr'><strong>vera,</strong></span> <span class='ocrx_word' id='word_1_414' title='bbox 3330 1041 3445 1096; x_wconf 86' lang='lat' dir='ltr'><strong>sive</strong></span> <span class='ocrx_word' id='word_1_415' title='bbox 3468 1039 3605 1093; x_wconf 89' lang='lat' dir='ltr'><strong>falsa</strong></span> 
     </span>
    </p>
   </div>
   <div class='ocr_carea' id='block_1_56' title="bbox 2023 1128 3608 1203">
    <p class='ocr_par' dir='ltr' id='par_1_56' title="bbox 2023 1128 3608 1203">
     <span class='ocr_line' id='line_1_56' title="bbox 2023 1128 3608 1203; baseline 0.001 -22"><span class='ocrx_word' id='word_1_416' title='bbox 2023 1128 2282 1199; x_wconf 85' lang='lat' dir='ltr'><strong>loquatur</strong></span> <span class='ocrx_word' id='word_1_417' title='bbox 2306 1131 2332 1183; x_wconf 64' lang='grc' dir='ltr'><strong>ἲ</strong></span> <span class='ocrx_word' id='word_1_418' title='bbox 2356 1128 2490 1184; x_wconf 88' lang='lat' dir='ltr'><strong>Nam</strong></span> <span class='ocrx_word' id='word_1_419' title='bbox 2527 1131 2573 1186; x_wconf 94' lang='lat' dir='ltr'><strong>si</strong></span> <span class='ocrx_word' id='word_1_420' title='bbox 2610 1130 2829 1202; x_wconf 90' lang='lat' dir='ltr'><strong>quidem</strong></span> <span class='ocrx_word' id='word_1_421' title='bbox 2878 1134 3163 1198; x_wconf 90' lang='lat' dir='ltr'><strong>mentitur,</strong></span> <span class='ocrx_word' id='word_1_422' title='bbox 3199 1134 3250 1188; x_wconf 92' lang='lat' dir='ltr'><strong>id</strong></span> <span class='ocrx_word' id='word_1_423' title='bbox 3280 1132 3424 1203; x_wconf 83' lang='lat' dir='ltr'><strong>quod</strong></span> <span class='ocrx_word' id='word_1_424' title='bbox 3455 1131 3608 1201; x_wconf 89' lang='lat' dir='ltr'><strong>angit</strong></span> 
     </span>
    </p>
   </div>
   <div class='ocr_carea' id='block_1_57' title="bbox 2022 1222 3603 1288">
    <p class='ocr_par' dir='ltr' id='par_1_57' title="bbox 2022 1222 3603 1288">
     <span class='ocr_line' id='line_1_57' title="bbox 2022 1222 3603 1288; baseline -0.001 -12"><span class='ocrx_word' id='word_1_425' title='bbox 2022 1228 2076 1276; x_wconf 90' lang='lat' dir='ltr'><strong>et</strong></span> <span class='ocrx_word' id='word_1_426' title='bbox 2109 1225 2252 1278; x_wconf 89' lang='lat' dir='ltr'><strong>male</strong></span> <span class='ocrx_word' id='word_1_427' title='bbox 2299 1222 2482 1288; x_wconf 86' lang='lat' dir='ltr'><strong>habet,</strong></span> <span class='ocrx_word' id='word_1_428' title='bbox 2517 1238 2625 1278; x_wconf 91' lang='lat' dir='ltr'><strong>non</strong></span> <span class='ocrx_word' id='word_1_429' title='bbox 2658 1228 2870 1280; x_wconf 85' lang='lat' dir='ltr'><strong>eveniet</strong></span> <span class='ocrx_word' id='word_1_430' title='bbox 2911 1245 2923 1281; x_wconf 88' lang='lat'><strong>:</strong></span> <span class='ocrx_word' id='word_1_431' title='bbox 2960 1226 3045 1281; x_wconf 90' lang='lat' dir='ltr'><strong>sin</strong></span> <span class='ocrx_word' id='word_1_432' title='bbox 3074 1236 3255 1282; x_wconf 89' lang='lat' dir='ltr'><strong>autem</strong></span> <span class='ocrx_word' id='word_1_433' title='bbox 3289 1241 3414 1280; x_wconf 89' lang='lat' dir='ltr'><strong>vera</strong></span> <span class='ocrx_word' id='word_1_434' title='bbox 3445 1225 3603 1286; x_wconf 86' lang='lat' dir='ltr'><strong>dicit,</strong></span> 
     </span>
    </p>
   </div>
   <div class='ocr_carea' id='block_1_58' title="bbox 2021 1316 3606 1389">
    <p class='ocr_par' dir='ltr' id='par_1_58' title="bbox 2021 1316 3606 1389">
     <span class='ocr_line' id='line_1_58' title="bbox 2021 1316 3606 1389; baseline 0.002 -21"><span class='ocrx_word' id='word_1_435' title='bbox 2021 1329 2268 1383; x_wconf 67' lang='lat' dir='ltr'><strong>quaenam</strong></span> <span class='ocrx_word' id='word_1_436' title='bbox 2314 1316 2458 1373; x_wconf 87' lang='lat' dir='ltr'><strong>inest</strong></span> <span class='ocrx_word' id='word_1_437' title='bbox 2494 1316 2693 1386; x_wconf 87' lang='lat' dir='ltr'><strong>injuria</strong></span> <span class='ocrx_word' id='word_1_438' title='bbox 2725 1317 2997 1389; x_wconf 73' lang='lat' dir='ltr'><strong>{sermoni,</strong></span> <span class='ocrx_word' id='word_1_439' title='bbox 3032 1332 3142 1388; x_wconf 90' lang='lat' dir='ltr'><strong>quo</strong></span> <span class='ocrx_word' id='word_1_440' title='bbox 3176 1316 3494 1385; x_wconf 72' lang='lat' dir='ltr'><strong>pranlicitur</strong></span> <span class='ocrx_word' id='word_1_441' title='bbox 3549 1316 3606 1371; x_wconf 87' lang='lat' dir='ltr'><strong>id</strong></span> 
     </span>
    </p>
   </div>
   <div class='ocr_carea' id='block_1_59' title="bbox 2022 1406 3607 1481">
    <p class='ocr_par' dir='ltr' id='par_1_59' title="bbox 2022 1406 3607 1481">
     <span class='ocr_line' id='line_1_59' title="bbox 2022 1406 3607 1481; baseline 0.002 -19"><span class='ocrx_word' id='word_1_442' title='bbox 2022 1406 2168 1477; x_wconf 85' lang='lat' dir='ltr'><strong>quod</strong></span> <span class='ocrx_word' id='word_1_443' title='bbox 2204 1418 2526 1464; x_wconf 88' lang='lat' dir='ltr'><strong>eventurum</strong></span> <span class='ocrx_word' id='word_1_444' title='bbox 2582 1409 2689 1464; x_wconf 87' lang='lat' dir='ltr'><strong>sit?</strong></span> <span class='ocrx_word' id='word_1_445' title='bbox 2721 1408 2856 1465; x_wconf 83' lang='lat' dir='ltr'><strong>Nam</strong></span> <span class='ocrx_word' id='word_1_446' title='bbox 2884 1426 3006 1481; x_wconf 67' lang='lat' dir='ltr'><strong>quae</strong></span> <span class='ocrx_word' id='word_1_447' title='bbox 3034 1411 3189 1475; x_wconf 89' lang='lat' dir='ltr'><strong>ﬁunt,</strong></span> <span class='ocrx_word' id='word_1_448' title='bbox 3225 1425 3455 1481; x_wconf 86' lang='lat' dir='ltr'><strong>prorsus</strong></span> <span class='ocrx_word' id='word_1_449' title='bbox 3487 1424 3607 1465; x_wconf 88' lang='lat' dir='ltr'><strong>eve-</strong></span> 
     </span>
    </p>
   </div>
   <div class='ocr_carea' id='block_1_60' title="bbox 2023 1498 3605 1572">
    <p class='ocr_par' dir='ltr' id='par_1_60' title="bbox 2023 1498 3605 1572">
     <span class='ocr_line' id='line_1_60' title="bbox 2023 1498 3605 1572; baseline 0.003 -21"><span class='ocrx_word' id='word_1_450' title='bbox 2023 1498 2196 1564; x_wconf 88' lang='lat' dir='ltr'><strong>nient,</strong></span> <span class='ocrx_word' id='word_1_451' title='bbox 2227 1500 2342 1555; x_wconf 86' lang='lat' dir='ltr'><strong>sive</strong></span> <span class='ocrx_word' id='word_1_452' title='bbox 2367 1501 2649 1565; x_wconf 87' lang='lat' dir='ltr'><strong>sileamus,</strong></span> <span class='ocrx_word' id='word_1_453' title='bbox 2672 1503 2786 1557; x_wconf 88' lang='lat' dir='ltr'><strong>sive</strong></span> <span class='ocrx_word' id='word_1_454' title='bbox 2815 1503 3140 1572; x_wconf 87' lang='lat' dir='ltr'><strong>loquamur:</strong></span> <span class='ocrx_word' id='word_1_455' title='bbox 3166 1509 3220 1554; x_wconf 92' lang='lat' dir='ltr'><strong>at</strong></span> <span class='ocrx_word' id='word_1_456' title='bbox 3257 1500 3433 1557; x_wconf 85' lang='lat' dir='ltr'><strong>caedes</strong></span> <span class='ocrx_word' id='word_1_457' title='bbox 3463 1515 3605 1570; x_wconf 70' lang='lat' dir='ltr'><strong>prat-</strong></span> 
     </span>
    </p>
   </div>
   <div class='ocr_carea' id='block_1_61' title="bbox 2023 1587 3608 1660">
    <p class='ocr_par' dir='ltr' id='par_1_61' title="bbox 2023 1587 3608 1660">
     <span class='ocr_line' id='line_1_61' title="bbox 2023 1587 3608 1660; baseline 0.003 -19"><span class='ocrx_word' id='word_1_458' title='bbox 2023 1587 2255 1645; x_wconf 86' lang='lat' dir='ltr'><strong>dicentis</strong></span> <span class='ocrx_word' id='word_1_459' title='bbox 2286 1606 2446 1660; x_wconf 90' lang='lat' dir='ltr'><strong>quam</strong></span> <span class='ocrx_word' id='word_1_460' title='bbox 2475 1590 2630 1646; x_wconf 71' lang='lat' dir='ltr'><strong>aﬂ‘ert</strong></span> <span class='ocrx_word' id='word_1_461' title='bbox 2661 1592 3130 1647; x_wconf 89' lang='lat' dir='ltr'><strong>incommodorum</strong></span> <span class='ocrx_word' id='word_1_462' title='bbox 3163 1592 3608 1647; x_wconf 81' lang='lat' dir='ltr'><strong>correctionem?</strong></span> 
     </span>
    </p>
   </div>
   <div class='ocr_carea' id='block_1_62' title="bbox 2024 1680 3605 1753">
    <p class='ocr_par' dir='ltr' id='par_1_62' title="bbox 2024 1680 3605 1753">
     <span class='ocr_line' id='line_1_62' title="bbox 2024 1680 3605 1753; baseline 0.002 -19"><span class='ocrx_word' id='word_1_463' title='bbox 2024 1680 2226 1735; x_wconf 83' lang='lat' dir='ltr'><strong>Deinde</strong></span> <span class='ocrx_word' id='word_1_464' title='bbox 2285 1692 2575 1738; x_wconf 86' lang='lat' dir='ltr'><strong>accusatur</strong></span> <span class='ocrx_word' id='word_1_465' title='bbox 2611 1684 2831 1753; x_wconf 88' lang='lat' dir='ltr'><strong>quidem</strong></span> <span class='ocrx_word' id='word_1_466' title='bbox 2883 1682 3044 1739; x_wconf 83' lang='lat' dir='ltr'><strong>Jesus</strong></span> <span class='ocrx_word' id='word_1_467' title='bbox 3081 1682 3397 1738; x_wconf 83' lang='lat' dir='ltr'><strong>Nazarenus</strong></span> <span class='ocrx_word' id='word_1_468' title='bbox 3428 1702 3441 1737; x_wconf 91' lang='lat'><strong>:</strong></span> <span class='ocrx_word' id='word_1_469' title='bbox 3476 1699 3605 1739; x_wconf 88' lang='lat' dir='ltr'><strong>sen-</strong></span> 
     </span>
    </p>
   </div>
   <div class='ocr_carea' id='block_1_63' title="bbox 1952 1752 3602 1844">
    <p class='ocr_par' dir='ltr' id='par_1_63' title="bbox 1952 1752 3602 1844">
     <span class='ocr_line' id='line_1_63' title="bbox 1952 1752 3602 1844; baseline 0.001 -19"><span class='ocrx_word' id='word_1_470' title='bbox 1952 1752 1996 1807; x_wconf 81' lang='grc' dir='ltr'><strong>Β</strong></span> <span class='ocrx_word' id='word_1_471' title='bbox 2026 1772 2190 1825; x_wconf 88' lang='lat' dir='ltr'><strong>tentia</strong></span> <span class='ocrx_word' id='word_1_472' title='bbox 2213 1783 2416 1837; x_wconf 90' lang='lat' dir='ltr'><strong>autem,</strong></span> <span class='ocrx_word' id='word_1_473' title='bbox 2433 1789 2539 1842; x_wconf 91' lang='lat' dir='ltr'><strong>qua</strong></span> <span class='ocrx_word' id='word_1_474' title='bbox 2556 1752 2717 1843; x_wconf 71' lang='lat' dir='ltr'><strong>ptena</strong></span> <span class='ocrx_word' id='word_1_475' title='bbox 2734 1781 2898 1843; x_wconf 89' lang='lat' dir='ltr'><strong>atque</strong></span> <span class='ocrx_word' id='word_1_476' title='bbox 2920 1775 3247 1844; x_wconf 86' lang='lat' dir='ltr'><strong>supplicium</strong></span> <span class='ocrx_word' id='word_1_477' title='bbox 3269 1774 3602 1840; x_wconf 91' lang='lat' dir='ltr'><strong>decernitur,</strong></span> 
     </span>
    </p>
   </div>
   <div class='ocr_carea' id='block_1_64' title="bbox 2026 1862 3607 1936">
    <p class='ocr_par' dir='ltr' id='par_1_64' title="bbox 2026 1862 3607 1936">
     <span class='ocr_line' id='line_1_64' title="bbox 2026 1862 3607 1936; baseline 0.002 -20"><span class='ocrx_word' id='word_1_478' title='bbox 2026 1862 2292 1920; x_wconf 89' lang='lat' dir='ltr'><strong>adversus</strong></span> <span class='ocrx_word' id='word_1_479' title='bbox 2324 1865 2662 1935; x_wconf 88' lang='lat' dir='ltr'><strong>Stephanum</strong></span> <span class='ocrx_word' id='word_1_480' title='bbox 2698 1866 2890 1922; x_wconf 82' lang='lat' dir='ltr'><strong>fertur.</strong></span> <span class='ocrx_word' id='word_1_481' title='bbox 2926 1867 3093 1936; x_wconf 87' lang='lat' dir='ltr'><strong>Atqui</strong></span> <span class='ocrx_word' id='word_1_482' title='bbox 3122 1867 3168 1922; x_wconf 89' lang='lat' dir='ltr'><strong>si</strong></span> <span class='ocrx_word' id='word_1_483' title='bbox 3201 1867 3269 1929; x_wconf 91' lang='lat' dir='ltr'><strong>is,</strong></span> <span class='ocrx_word' id='word_1_484' title='bbox 3304 1867 3398 1936; x_wconf 90' lang='lat' dir='ltr'><strong>qui</strong></span> <span class='ocrx_word' id='word_1_485' title='bbox 3430 1866 3607 1921; x_wconf 79' lang='lat' dir='ltr'><strong>delin-</strong></span> 
     </span>
    </p>
   </div>
   <div class='ocr_carea' id='block_1_65' title="bbox 2024 1956 3609 2026">
    <p class='ocr_par' dir='ltr' id='par_1_65' title="bbox 2024 1956 3609 2026">
     <span class='ocr_line' id='line_1_65' title="bbox 2024 1956 3609 2026; baseline 0.001 -17"><span class='ocrx_word' id='word_1_486' title='bbox 2024 1956 2162 2026; x_wconf 87' lang='lat' dir='ltr'><strong>quit,</strong></span> <span class='ocrx_word' id='word_1_487' title='bbox 2207 1957 2343 2010; x_wconf 89' lang='lat' dir='ltr'><strong>iram</strong></span> <span class='ocrx_word' id='word_1_488' title='bbox 2374 1968 2555 2012; x_wconf 86' lang='lat' dir='ltr'><strong>movet</strong></span> <span class='ocrx_word' id='word_1_489' title='bbox 2585 1966 2637 2013; x_wconf 90' lang='lat' dir='ltr'><strong>et</strong></span> <span class='ocrx_word' id='word_1_490' title='bbox 2660 1958 2880 2014; x_wconf 89' lang='lat' dir='ltr'><strong>crimini</strong></span> <span class='ocrx_word' id='word_1_491' title='bbox 2902 1958 3062 2012; x_wconf 88' lang='lat' dir='ltr'><strong>datur</strong></span> <span class='ocrx_word' id='word_1_492' title='bbox 3104 1958 3207 2013; x_wconf 92' lang='lat' dir='ltr'><strong>loci</strong></span> <span class='ocrx_word' id='word_1_493' title='bbox 3243 1964 3297 2012; x_wconf 92' lang='lat' dir='ltr'><strong>et</strong></span> <span class='ocrx_word' id='word_1_494' title='bbox 3326 1957 3609 2011; x_wconf 82' lang='lat' dir='ltr'><strong>instituto-</strong></span> 
     </span>
    </p>
   </div>
   <div class='ocr_carea' id='block_1_66' title="bbox 2025 2045 3605 2119">
    <p class='ocr_par' dir='ltr' id='par_1_66' title="bbox 2025 2045 3605 2119">
     <span class='ocr_line' id='line_1_66' title="bbox 2025 2045 3605 2119; baseline -0.001 -19"><span class='ocrx_word' id='word_1_495' title='bbox 2025 2060 2146 2101; x_wconf 89' lang='lat' dir='ltr'><strong>rum</strong></span> <span class='ocrx_word' id='word_1_496' title='bbox 2182 2048 2447 2115; x_wconf 88' lang='lat' dir='ltr'><strong>mutatio;</strong></span> <span class='ocrx_word' id='word_1_497' title='bbox 2480 2056 2642 2119; x_wconf 88' lang='lat' dir='ltr'><strong>atque</strong></span> <span class='ocrx_word' id='word_1_498' title='bbox 2667 2048 2784 2103; x_wconf 85' lang='lat' dir='ltr'><strong>haec</strong></span> <span class='ocrx_word' id='word_1_499' title='bbox 2798 2057 3086 2103; x_wconf 86' lang='lat' dir='ltr'><strong>accusator</strong></span> <span class='ocrx_word' id='word_1_500' title='bbox 3116 2061 3225 2101; x_wconf 88' lang='lat' dir='ltr'><strong>non</strong></span> <span class='ocrx_word' id='word_1_501' title='bbox 3249 2060 3279 2099; x_wconf 90' lang='lat' dir='ltr'><strong>a</strong></span> <span class='ocrx_word' id='word_1_502' title='bbox 3306 2045 3605 2116; x_wconf 80' lang='lat' dir='ltr'><strong>Stephano,</strong></span> 
     </span>
    </p>
   </div>
   <div class='ocr_carea' id='block_1_67' title="bbox 2025 2138 3611 2208">
    <p class='ocr_par' dir='ltr' id='par_1_67' title="bbox 2025 2138 3611 2208">
     <span class='ocr_line' id='line_1_67' title="bbox 2025 2138 3611 2208; baseline -0.003 -12"><span class='ocrx_word' id='word_1_503' title='bbox 2025 2138 2119 2196; x_wconf 90' lang='lat' dir='ltr'><strong>sed</strong></span> <span class='ocrx_word' id='word_1_504' title='bbox 2156 2140 2227 2194; x_wconf 91' lang='lat' dir='ltr'><strong>ab</strong></span> <span class='ocrx_word' id='word_1_505' title='bbox 2266 2139 2396 2195; x_wconf 86' lang='lat' dir='ltr'><strong>Jesu</strong></span> <span class='ocrx_word' id='word_1_506' title='bbox 2438 2140 2555 2195; x_wconf 85' lang='lat' dir='ltr'><strong>ﬁeri</strong></span> <span class='ocrx_word' id='word_1_507' title='bbox 2605 2140 2740 2196; x_wconf 89' lang='lat' dir='ltr'><strong>dicit</strong></span> <span class='ocrx_word' id='word_1_508' title='bbox 2772 2160 2784 2195; x_wconf 89' lang='lat'><strong>:</strong></span> <span class='ocrx_word' id='word_1_509' title='bbox 2813 2140 3077 2196; x_wconf 89' lang='lat' dir='ltr'><strong>adversus</strong></span> <span class='ocrx_word' id='word_1_510' title='bbox 3103 2146 3421 2195; x_wconf 85' lang='lat' dir='ltr'><strong>accusatum</strong></span> <span class='ocrx_word' id='word_1_511' title='bbox 3450 2152 3611 2208; x_wconf 87' lang='lat' dir='ltr'><strong>pror-</strong></span> 
     </span>
    </p>
   </div>
   <div class='ocr_carea' id='block_1_68' title="bbox 2026 2230 3609 2301">
    <p class='ocr_par' dir='ltr' id='par_1_68' title="bbox 2026 2230 3609 2301">
     <span class='ocr_line' id='line_1_68' title="bbox 2026 2230 3609 2301; baseline 0 -17"><span class='ocrx_word' id='word_1_512' title='bbox 2026 2244 2122 2284; x_wconf 90' lang='lat' dir='ltr'><strong>sus</strong></span> <span class='ocrx_word' id='word_1_513' title='bbox 2151 2231 2484 2285; x_wconf 86' lang='lat' dir='ltr'><strong>commoveri</strong></span> <span class='ocrx_word' id='word_1_514' title='bbox 2537 2230 2754 2299; x_wconf 86' lang='lat' dir='ltr'><strong>judiees</strong></span> <span class='ocrx_word' id='word_1_515' title='bbox 2786 2230 3091 2301; x_wconf 84' lang='lat' dir='ltr'><strong>oportebat.</strong></span> <span class='ocrx_word' id='word_1_516' title='bbox 3124 2233 3165 2283; x_wconf 91' lang='lat'>0</span> <span class='ocrx_word' id='word_1_517' title='bbox 3212 2230 3472 2299; x_wconf 86' lang='lat' dir='ltr'><strong>injustam</strong></span> <span class='ocrx_word' id='word_1_518' title='bbox 3510 2244 3609 2284; x_wconf 89' lang='lat' dir='ltr'><strong>au—</strong></span> 
     </span>
    </p>
   </div>
   <div class='ocr_carea' id='block_1_69' title="bbox 2024 2319 3608 2390">
    <p class='ocr_par' dir='ltr' id='par_1_69' title="bbox 2024 2319 3608 2390">
     <span class='ocr_line' id='line_1_69' title="bbox 2024 2319 3608 2390; baseline -0.001 -15"><span class='ocrx_word' id='word_1_519' title='bbox 2024 2321 2288 2375; x_wconf 87' lang='lat' dir='ltr'><strong>dientium</strong></span> <span class='ocrx_word' id='word_1_520' title='bbox 2304 2323 2649 2377; x_wconf 84' lang='lat' dir='ltr'><strong>sententiam!</strong></span> <span class='ocrx_word' id='word_1_521' title='bbox 2676 2320 2965 2387; x_wconf 84' lang='lat' dir='ltr'><strong>Quoniam,</strong></span> <span class='ocrx_word' id='word_1_522' title='bbox 2980 2321 3177 2390; x_wconf 89' lang='lat' dir='ltr'><strong>inquit,</strong></span> <span class='ocrx_word' id='word_1_523' title='bbox 3194 2319 3357 2376; x_wconf 86' lang='lat' dir='ltr'><strong>Jesus</strong></span> <span class='ocrx_word' id='word_1_524' title='bbox 3374 2320 3608 2375; x_wconf 86' lang='lat' dir='ltr'><strong>mutabit</strong></span> 
     </span>
    </p>
   </div>
   <div class='ocr_carea' id='block_1_70' title="bbox 1996 2411 3606 2486">
    <p class='ocr_par' dir='ltr' id='par_1_70' title="bbox 1996 2411 3606 2486">
     <span class='ocr_line' id='line_1_70' title="bbox 1996 2411 3606 2486; baseline -0.001 -20"><span class='ocrx_word' id='word_1_525' title='bbox 1996 2412 2193 2486; x_wconf 86' lang='lat' dir='ltr'><strong>_leges,</strong></span> <span class='ocrx_word' id='word_1_526' title='bbox 2216 2413 2488 2483; x_wconf 90' lang='lat' dir='ltr'><strong>lapidetur</strong></span> <span class='ocrx_word' id='word_1_527' title='bbox 2528 2411 2859 2482; x_wconf 87' lang='lat' dir='ltr'><strong>Stephanus.</strong></span> <span class='ocrx_word' id='word_1_528' title='bbox 2891 2411 3179 2479; x_wconf 86' lang='lat' dir='ltr'><strong>Quomodo</strong></span> <span class='ocrx_word' id='word_1_529' title='bbox 3208 2420 3392 2466; x_wconf 89' lang='lat' dir='ltr'><strong>autem</strong></span> <span class='ocrx_word' id='word_1_530' title='bbox 3430 2412 3606 2481; x_wconf 91' lang='lat' dir='ltr'><strong>legem</strong></span> 
     </span>
    </p>
   </div>
   <div class='ocr_carea' id='block_1_71' title="bbox 2023 2500 3602 2574">
    <p class='ocr_par' dir='ltr' id='par_1_71' title="bbox 2023 2500 3602 2574">
     <span class='ocr_line' id='line_1_71' title="bbox 2023 2500 3602 2574; baseline -0.004 -14"><span class='ocrx_word' id='word_1_531' title='bbox 2023 2504 2185 2560; x_wconf 87' lang='lat' dir='ltr'><strong>Jesus</strong></span> <span class='ocrx_word' id='word_1_532' title='bbox 2218 2503 2525 2574; x_wconf 89' lang='lat' dir='ltr'><strong>abrogabit,</strong></span> <span class='ocrx_word' id='word_1_533' title='bbox 2556 2505 2647 2572; x_wconf 90' lang='lat' dir='ltr'><strong>qui</strong></span> <span class='ocrx_word' id='word_1_534' title='bbox 2701 2504 2772 2556; x_wconf 91' lang='lat' dir='ltr'><strong>ita</strong></span> <span class='ocrx_word' id='word_1_535' title='bbox 2809 2500 3037 2557; x_wconf 86' lang='lat' dir='ltr'><strong>affectus</strong></span> <span class='ocrx_word' id='word_1_536' title='bbox 3085 2509 3205 2556; x_wconf 90' lang='lat' dir='ltr'><strong>erat</strong></span> <span class='ocrx_word' id='word_1_537' title='bbox 3251 2515 3380 2570; x_wconf 89' lang='lat' dir='ltr'><strong>erga</strong></span> <span class='ocrx_word' id='word_1_538' title='bbox 3408 2503 3602 2572; x_wconf 86' lang='lat' dir='ltr'><strong>legem,</strong></span> 
     </span>
    </p>
   </div>
   <div class='ocr_carea' id='block_1_72' title="bbox 2024 2592 3603 2665">
    <p class='ocr_par' dir='ltr' id='par_1_72' title="bbox 2024 2592 3603 2665">
     <span class='ocr_line' id='line_1_72' title="bbox 2024 2592 3603 2665; baseline -0.003 -18"><span class='ocrx_word' id='word_1_539' title='bbox 2024 2596 2117 2665; x_wconf 86' lang='lat' dir='ltr'><strong>qui</strong></span> <span class='ocrx_word' id='word_1_540' title='bbox 2149 2595 2334 2649; x_wconf 86' lang='lat' dir='ltr'><strong>omnia</strong></span> <span class='ocrx_word' id='word_1_541' title='bbox 2385 2594 2452 2647; x_wconf 90' lang='lat' dir='ltr'><strong>ad</strong></span> <span class='ocrx_word' id='word_1_542' title='bbox 2497 2594 2972 2647; x_wconf 88' lang='lat' dir='ltr'><strong>conﬁrmationem</strong></span> <span class='ocrx_word' id='word_1_543' title='bbox 3021 2592 3367 2661; x_wconf 88' lang='lat' dir='ltr'><strong>antiquarum</strong></span> <span class='ocrx_word' id='word_1_544' title='bbox 3425 2592 3603 2661; x_wconf 80' lang='lat' dir='ltr'><strong>legum</strong></span> 
     </span>
    </p>
   </div>
   <div class='ocr_carea' id='block_1_73' title="bbox 2024 2681 3603 2755">
    <p class='ocr_par' dir='ltr' id='par_1_73' title="bbox 2024 2681 3603 2755">
     <span class='ocr_line' id='line_1_73' title="bbox 2024 2681 3603 2755; baseline -0.004 -16"><span class='ocrx_word' id='word_1_545' title='bbox 2024 2686 2280 2747; x_wconf 88' lang='lat' dir='ltr'><strong>instituit,</strong></span> <span class='ocrx_word' id='word_1_546' title='bbox 2313 2684 2410 2755; x_wconf 86' lang='lat' dir='ltr'><strong>qui</strong></span> <span class='ocrx_word' id='word_1_547' title='bbox 2472 2684 2611 2739; x_wconf 80' lang='lat' dir='ltr'><strong>dixit</strong></span> <span class='ocrx_word' id='word_1_548' title='bbox 2643 2683 2807 2737; x_wconf 85' lang='lat' dir='ltr'><strong>:Non</strong></span> <span class='ocrx_word' id='word_1_549' title='bbox 2852 2684 2966 2737; x_wconf 76' lang='lat' dir='ltr'><strong>veni</strong></span> <span class='ocrx_word' id='word_1_550' title='bbox 3000 2682 3363 2735; x_wconf 67' lang='lat' dir='ltr'><strong>dissolutum:</strong></span> <span class='ocrx_word' id='word_1_551' title='bbox 3418 2681 3603 2750; x_wconf 81' lang='lat' dir='ltr'><strong>legem,</strong></span> 
     </span>
    </p>
   </div>
   <div class='ocr_carea' id='block_1_74' title="bbox 2025 2771 3606 2843">
    <p class='ocr_par' dir='ltr' id='par_1_74' title="bbox 2025 2771 3606 2843">
     <span class='ocr_line' id='line_1_74' title="bbox 2025 2771 3606 2843; baseline -0.004 -14"><span class='ocrx_word' id='word_1_552' title='bbox 2025 2776 2114 2829; x_wconf 75' lang='lat' dir='ltr'><strong>sed</strong></span> <span class='ocrx_word' id='word_1_553' title='bbox 2131 2774 2440 2843; x_wconf 76' lang='lat' dir='ltr'><strong>itnpieturus</strong></span> <span class='ocrx_word' id='word_1_554' title='bbox 2468 2774 2642 2843; x_wconf 75' lang='lat' dir='ltr'><strong>“‘Iqui</strong></span> <span class='ocrx_word' id='word_1_555' title='bbox 2662 2775 2831 2843; x_wconf 87' lang='lat' dir='ltr'><strong>legem</strong></span> <span class='ocrx_word' id='word_1_556' title='bbox 2849 2772 2914 2825; x_wconf 89' lang='lat' dir='ltr'><strong>de</strong></span> <span class='ocrx_word' id='word_1_557' title='bbox 2940 2786 3047 2826; x_wconf 90' lang='lat' dir='ltr'><strong>non</strong></span> <span class='ocrx_word' id='word_1_558' title='bbox 3078 2771 3477 2834; x_wconf 86' lang='lat' dir='ltr'><strong>interﬁciendo,</strong></span> <span class='ocrx_word' id='word_1_559' title='bbox 3511 2784 3606 2839; x_wconf 90' lang='lat' dir='ltr'><strong>per</strong></span> 
     </span>
    </p>
   </div>
   <div class='ocr_carea' id='block_1_75' title="bbox 2028 2860 3605 2934">
    <p class='ocr_par' dir='ltr' id='par_1_75' title="bbox 2028 2860 3605 2934">
     <span class='ocr_line' id='line_1_75' title="bbox 2028 2860 3605 2934; baseline -0.004 -17"><span class='ocrx_word' id='word_1_560' title='bbox 2028 2864 2149 2926; x_wconf 89' lang='lat' dir='ltr'><strong>hoc,</strong></span> <span class='ocrx_word' id='word_1_561' title='bbox 2192 2864 2335 2934; x_wconf 83' lang='lat' dir='ltr'><strong>quod</strong></span> <span class='ocrx_word' id='word_1_562' title='bbox 2376 2878 2478 2918; x_wconf 87' lang='lat' dir='ltr'><strong>nec</strong></span> <span class='ocrx_word' id='word_1_563' title='bbox 2529 2877 2760 2932; x_wconf 88' lang='lat' dir='ltr'><strong>prorsus</strong></span> <span class='ocrx_word' id='word_1_564' title='bbox 2811 2861 3030 2931; x_wconf 88' lang='lat' dir='ltr'><strong>quidem</strong></span> <span class='ocrx_word' id='word_1_565' title='bbox 3074 2860 3239 2914; x_wconf 88' lang='lat' dir='ltr'><strong>irasci</strong></span> <span class='ocrx_word' id='word_1_566' title='bbox 3276 2872 3605 2928; x_wconf 86' lang='lat' dir='ltr'><strong>quemquam</strong></span> 
     </span>
    </p>
   </div>
   <div class='ocr_carea' id='block_1_76' title="bbox 2025 2946 3606 3021">
    <p class='ocr_par' dir='ltr' id='par_1_76' title="bbox 2025 2946 3606 3021">
     <span class='ocr_line' id='line_1_76' title="bbox 2025 2946 3606 3021; baseline -0.004 -15"><span class='ocrx_word' id='word_1_567' title='bbox 2025 2953 2220 3019; x_wconf 88' lang='lat' dir='ltr'><strong>voluit,</strong></span> <span class='ocrx_word' id='word_1_568' title='bbox 2280 2951 2568 3021; x_wconf 87' lang='lat' dir='ltr'><strong>discipulis</strong></span> <span class='ocrx_word' id='word_1_569' title='bbox 2604 2949 2941 3006; x_wconf 88' lang='lat' dir='ltr'><strong>conﬁrmavit</strong></span> <span class='ocrx_word' id='word_1_570' title='bbox 2970 2949 2993 3002; x_wconf 87' lang='lat'><strong>?</strong></span> <span class='ocrx_word' id='word_1_571' title='bbox 3020 2948 3111 3018; x_wconf 92' lang='lat' dir='ltr'><strong>qui</strong></span> <span class='ocrx_word' id='word_1_572' title='bbox 3141 2946 3468 3001; x_wconf 88' lang='lat' dir='ltr'><strong>adulterium</strong></span> <span class='ocrx_word' id='word_1_573' title='bbox 3496 2962 3606 3001; x_wconf 89' lang='lat' dir='ltr'><strong>una</strong></span> 
     </span>
    </p>
   </div>
   <div class='ocr_carea' id='block_1_77' title="bbox 2026 3037 3606 3111">
    <p class='ocr_par' dir='ltr' id='par_1_77' title="bbox 2026 3037 3606 3111">
     <span class='ocr_line' id='line_1_77' title="bbox 2026 3037 3606 3111; baseline -0.001 -16"><span class='ocrx_word' id='word_1_574' title='bbox 2026 3057 2147 3096; x_wconf 87' lang='lat' dir='ltr'><strong>cum</strong></span> <span class='ocrx_word' id='word_1_575' title='bbox 2179 3042 2406 3096; x_wconf 88' lang='lat' dir='ltr'><strong>libidine</strong></span> <span class='ocrx_word' id='word_1_576' title='bbox 2450 3049 2611 3111; x_wconf 89' lang='lat' dir='ltr'><strong>atque</strong></span> <span class='ocrx_word' id='word_1_577' title='bbox 2644 3040 3093 3109; x_wconf 87' lang='lat' dir='ltr'><strong>concupiscentia</strong></span> <span class='ocrx_word' id='word_1_578' title='bbox 3146 3037 3349 3108; x_wconf 88' lang='lat' dir='ltr'><strong>ejecit?</strong></span> <span class='ocrx_word' id='word_1_579' title='bbox 3386 3037 3476 3107; x_wconf 91' lang='lat' dir='ltr'><strong>qui</strong></span> <span class='ocrx_word' id='word_1_580' title='bbox 3510 3053 3606 3107; x_wconf 77' lang='lat' dir='ltr'><strong>per</strong></span> 
     </span>
    </p>
   </div>
   <div class='ocr_carea' id='block_1_78' title="bbox 2025 3131 3605 3202">
    <p class='ocr_par' dir='ltr' id='par_1_78' title="bbox 2025 3131 3605 3202">
     <span class='ocr_line' id='line_1_78' title="bbox 2025 3131 3605 3202; baseline -0.003 -15"><span class='ocrx_word' id='word_1_581' title='bbox 2025 3133 2101 3197; x_wconf 93' lang='lat' dir='ltr'><strong>id,</strong></span> <span class='ocrx_word' id='word_1_582' title='bbox 2132 3132 2278 3202; x_wconf 90' lang='lat' dir='ltr'><strong>quod</strong></span> <span class='ocrx_word' id='word_1_583' title='bbox 2313 3134 2508 3198; x_wconf 90' lang='lat' dir='ltr'><strong>noluit,</strong></span> <span class='ocrx_word' id='word_1_584' title='bbox 2551 3139 2608 3185; x_wconf 91' lang='lat' dir='ltr'><strong>ut</strong></span> <span class='ocrx_word' id='word_1_585' title='bbox 2637 3132 2925 3201; x_wconf 88' lang='lat' dir='ltr'><strong>quisquam</strong></span> <span class='ocrx_word' id='word_1_586' title='bbox 2952 3131 3249 3185; x_wconf 90' lang='lat' dir='ltr'><strong>ulciscatur</strong></span> <span class='ocrx_word' id='word_1_587' title='bbox 3273 3143 3466 3192; x_wconf 86' lang='lat' dir='ltr'><strong>cum,a</strong></span> <span class='ocrx_word' id='word_1_588' title='bbox 3494 3143 3605 3198; x_wconf 90' lang='lat' dir='ltr'><strong>quo</strong></span> 
     </span>
    </p>
   </div>
   <div class='ocr_carea' id='block_1_79' title="bbox 2025 3220 3600 3301">
    <p class='ocr_par' dir='ltr' id='par_1_79' title="bbox 2025 3220 3600 3301">
     <span class='ocr_line' id='line_1_79' title="bbox 2025 3220 3600 3301; baseline -0.003 -22"><span class='ocrx_word' id='word_1_589' title='bbox 2025 3235 2150 3280; x_wconf 91' lang='lat' dir='ltr'><strong>ante</strong></span> <span class='ocrx_word' id='word_1_590' title='bbox 2186 3226 2346 3280; x_wconf 79' lang='lat' dir='ltr'><strong>laesus</strong></span> <span class='ocrx_word' id='word_1_591' title='bbox 2380 3234 2546 3287; x_wconf 85' lang='lat' dir='ltr'><strong>esset,</strong></span> <span class='ocrx_word' id='word_1_592' title='bbox 2611 3238 2679 3277; x_wconf 91' lang='lat' dir='ltr'><strong>ne</strong></span> <span class='ocrx_word' id='word_1_593' title='bbox 2730 3223 3109 3301; x_wconf 85' lang='lat' dir='ltr'><strong>lacessendum</strong></span> <span class='ocrx_word' id='word_1_594' title='bbox 3144 3222 3360 3290; x_wconf 87' lang='lat' dir='ltr'><strong>quidem</strong></span> <span class='ocrx_word' id='word_1_595' title='bbox 3395 3220 3600 3291; x_wconf 82' lang='lat' dir='ltr'><strong>injuria</strong></span> 
     </span>
    </p>
   </div>
   <div class='ocr_carea' id='block_1_80' title="bbox 2022 3312 3603 3387">
    <p class='ocr_par' dir='ltr' id='par_1_80' title="bbox 2022 3312 3603 3387">
     <span class='ocr_line' id='line_1_80' title="bbox 2022 3312 3603 3387; baseline -0.003 -17"><span class='ocrx_word' id='word_1_596' title='bbox 2022 3330 2351 3387; x_wconf 82' lang='lat' dir='ltr'><strong>quemquam</strong></span> <span class='ocrx_word' id='word_1_597' title='bbox 2392 3328 2514 3369; x_wconf 85' lang='lat' dir='ltr'><strong>esse</strong></span> <span class='ocrx_word' id='word_1_598' title='bbox 2542 3313 2766 3367; x_wconf 86' lang='lat' dir='ltr'><strong>sanxit?</strong></span> <span class='ocrx_word' id='word_1_599' title='bbox 2803 3313 2895 3381; x_wconf 84' lang='lat' dir='ltr'><strong>qui</strong></span> <span class='ocrx_word' id='word_1_600' title='bbox 2928 3328 3023 3382; x_wconf 89' lang='lat' dir='ltr'><strong>per</strong></span> <span class='ocrx_word' id='word_1_601' title='bbox 3048 3312 3603 3368; x_wconf 60' lang='lat' dir='ltr'><strong>communicationem</strong></span> 
     </span>
    </p>
   </div>
   <div class='ocr_carea' id='block_1_81' title="bbox 2021 3404 3302 3473">
    <p class='ocr_par' dir='ltr' id='par_1_81' title="bbox 2021 3404 3302 3473">
     <span class='ocr_line' id='line_1_81' title="bbox 2021 3404 3302 3473; baseline -0.005 -10"><span class='ocrx_word' id='word_1_602' title='bbox 2021 3408 2369 3473; x_wconf 82' lang='lat' dir='ltr'><strong>facultatum,</strong></span> <span class='ocrx_word' id='word_1_603' title='bbox 2395 3404 2638 3461; x_wconf 66' lang='lat' dir='ltr'><strong>avaritia:</strong></span> <span class='ocrx_word' id='word_1_604' title='bbox 2658 3407 2848 3459; x_wconf 88' lang='lat' dir='ltr'><strong>vitium</strong></span> <span class='ocrx_word' id='word_1_605' title='bbox 2882 3404 3302 3459; x_wconf 78' lang='lat' dir='ltr'><strong>exterminavit?</strong></span> 
     </span>
    </p>
   </div>
   <div class='ocr_carea' id='block_1_82' title="bbox 2094 3498 3604 3570">
    <p class='ocr_par' dir='ltr' id='par_1_82' title="bbox 2094 3498 3604 3570">
     <span class='ocr_line' id='line_1_82' title="bbox 2094 3498 3604 3570; baseline -0.001 -15"><span class='ocrx_word' id='word_1_606' title='bbox 2094 3501 2198 3567; x_wconf 81' lang='lat' dir='ltr'><strong>Qui</strong></span> <span class='ocrx_word' id='word_1_607' title='bbox 2224 3498 2282 3554; x_wconf 86' lang='lat' dir='ltr'><strong>ﬁt</strong></span> <span class='ocrx_word' id='word_1_608' title='bbox 2311 3499 2500 3570; x_wconf 77' lang='lat' dir='ltr'><strong>igitur,</strong></span> <span class='ocrx_word' id='word_1_609' title='bbox 2524 3506 2584 3552; x_wconf 91' lang='lat' dir='ltr'><strong>ut</strong></span> <span class='ocrx_word' id='word_1_610' title='bbox 2613 3498 2729 3555; x_wconf 66' lang='lat' dir='ltr'><strong>haec</strong></span> <span class='ocrx_word' id='word_1_611' title='bbox 2744 3511 2922 3568; x_wconf 88' lang='lat' dir='ltr'><strong>neque</strong></span> <span class='ocrx_word' id='word_1_612' title='bbox 2939 3503 3393 3559; x_wconf 88' lang='lat' dir='ltr'><strong>commemorata,</strong></span> <span class='ocrx_word' id='word_1_613' title='bbox 3424 3512 3604 3568; x_wconf 88' lang='lat' dir='ltr'><strong>neque</strong></span> 
     </span>
    </p>
   </div>
   <div class='ocr_carea' id='block_1_83' title="bbox 2024 3587 3601 3663">
    <p class='ocr_par' dir='ltr' id='par_1_83' title="bbox 2024 3587 3601 3663">
     <span class='ocr_line' id='line_1_83' title="bbox 2024 3587 3601 3663; baseline -0.003 -17"><span class='ocrx_word' id='word_1_614' title='bbox 2024 3592 2080 3647; x_wconf 91' lang='lat' dir='ltr'><strong>in</strong></span> <span class='ocrx_word' id='word_1_615' title='bbox 2129 3589 2511 3663; x_wconf 85' lang='lat' dir='ltr'><strong>cognoscendo</strong></span> <span class='ocrx_word' id='word_1_616' title='bbox 2557 3588 2725 3644; x_wconf 86' lang='lat' dir='ltr'><strong>simul</strong></span> <span class='ocrx_word' id='word_1_617' title='bbox 2778 3587 3025 3659; x_wconf 66' lang='lat' dir='ltr'><strong>fqutesita</strong></span> <span class='ocrx_word' id='word_1_618' title='bbox 3084 3597 3247 3659; x_wconf 87' lang='lat' dir='ltr'><strong>atque</strong></span> <span class='ocrx_word' id='word_1_619' title='bbox 3292 3588 3601 3651; x_wconf 83' lang='lat' dir='ltr'><strong>examinata</strong></span> 
     </span>
    </p>
   </div>
   <div class='ocr_carea' id='block_1_84' title="bbox 2023 3679 3603 3749">
    <p class='ocr_par' dir='ltr' id='par_1_84' title="bbox 2023 3679 3603 3749">
     <span class='ocr_line' id='line_1_84' title="bbox 2023 3679 3603 3749; baseline -0.003 -12"><span class='ocrx_word' id='word_1_620' title='bbox 2023 3683 2169 3737; x_wconf 89' lang='lat' dir='ltr'><strong>sint?</strong></span> <span class='ocrx_word' id='word_1_621' title='bbox 2193 3681 2396 3737; x_wconf 79' lang='lat' dir='ltr'><strong>Vellent</strong></span> <span class='ocrx_word' id='word_1_622' title='bbox 2433 3696 2584 3735; x_wconf 90' lang='lat' dir='ltr'><strong>nunc</strong></span> <span class='ocrx_word' id='word_1_623' title='bbox 2614 3679 2809 3735; x_wconf 87' lang='lat' dir='ltr'><strong>adesse</strong></span> <span class='ocrx_word' id='word_1_624' title='bbox 2842 3680 2974 3733; x_wconf 90' lang='lat' dir='ltr'><strong>mihi</strong></span> <span class='ocrx_word' id='word_1_625' title='bbox 3025 3680 3508 3749; x_wconf 85' lang='lat' dir='ltr'><strong>sanguinariorum</strong></span> <span class='ocrx_word' id='word_1_626' title='bbox 3541 3680 3603 3734; x_wconf 88' lang='lat' dir='ltr'><strong>il-</strong></span> 
     </span>
    </p>
   </div>
   <div class='ocr_carea' id='block_1_85' title="bbox 2022 3770 3600 3844">
    <p class='ocr_par' dir='ltr' id='par_1_85' title="bbox 2022 3770 3600 3844">
     <span class='ocr_line' id='line_1_85' title="bbox 2022 3770 3600 3844; baseline -0.003 -15"><span class='ocrx_word' id='word_1_627' title='bbox 2022 3775 2203 3829; x_wconf 85' lang='lat' dir='ltr'><strong>lorum</strong></span> <span class='ocrx_word' id='word_1_628' title='bbox 2248 3774 2495 3844; x_wconf 90' lang='lat' dir='ltr'><strong>judicum</strong></span> <span class='ocrx_word' id='word_1_629' title='bbox 2542 3772 2866 3835; x_wconf 91' lang='lat' dir='ltr'><strong>consilium,</strong></span> <span class='ocrx_word' id='word_1_630' title='bbox 2919 3784 2985 3824; x_wconf 90' lang='lat' dir='ltr'><strong>ac</strong></span> <span class='ocrx_word' id='word_1_631' title='bbox 3032 3770 3100 3825; x_wconf 92' lang='lat' dir='ltr'><strong>de</strong></span> <span class='ocrx_word' id='word_1_632' title='bbox 3150 3771 3325 3835; x_wconf 90' lang='lat' dir='ltr'><strong>locis,</strong></span> <span class='ocrx_word' id='word_1_633' title='bbox 3366 3787 3600 3841; x_wconf 90' lang='lat' dir='ltr'><strong>quorum</strong></span> 
     </span>
    </p>
   </div>
   <div class='ocr_carea' id='block_1_86' title="bbox 2023 3860 3600 3927">
    <p class='ocr_par' dir='ltr' id='par_1_86' title="bbox 2023 3860 3600 3927">
     <span class='ocr_line' id='line_1_86' title="bbox 2023 3860 3600 3927; baseline -0.001 -7"><span class='ocrx_word' id='word_1_634' title='bbox 2023 3868 2247 3921; x_wconf 90' lang='lat' dir='ltr'><strong>nomine</strong></span> <span class='ocrx_word' id='word_1_635' title='bbox 2272 3865 2505 3919; x_wconf 64' lang='lat' dir='ltr'><strong>saeviunt</strong></span> <span class='ocrx_word' id='word_1_636' title='bbox 2532 3861 2753 3927; x_wconf 77' lang='lat' dir='ltr'><strong>infensi,</strong></span> <span class='ocrx_word' id='word_1_637' title='bbox 2780 3860 3074 3925; x_wconf 82' lang='lat' dir='ltr'><strong>sciscitari,</strong></span> <span class='ocrx_word' id='word_1_638' title='bbox 3107 3861 3199 3917; x_wconf 89' lang='lat' dir='ltr'><strong>ubi</strong></span> <span class='ocrx_word' id='word_1_639' title='bbox 3228 3862 3440 3917; x_wconf 89' lang='lat' dir='ltr'><strong>celebre</strong></span> <span class='ocrx_word' id='word_1_640' title='bbox 3467 3861 3600 3918; x_wconf 91' lang='lat' dir='ltr'><strong>illud</strong></span> 
     </span>
    </p>
   </div>
   <div class='ocr_carea' id='block_1_87' title="bbox 2024 3941 3595 4025">
    <p class='ocr_par' dir='ltr' id='par_1_87' title="bbox 2024 3941 3595 4025">
     <span class='ocr_line' id='line_1_87' title="bbox 2024 3941 3595 4025; baseline 0.001 -16"><span class='ocrx_word' id='word_1_641' title='bbox 2024 3955 2287 4025; x_wconf 80' lang='lat' dir='ltr'><strong>templum</strong></span> <span class='ocrx_word' id='word_1_642' title='bbox 2318 3993 2332 4019; x_wconf 94' lang='lat'><strong>,</strong></span> <span class='ocrx_word' id='word_1_643' title='bbox 2367 3955 2457 4007; x_wconf 91' lang='lat' dir='ltr'><strong>ubi</strong></span> <span class='ocrx_word' id='word_1_644' title='bbox 2492 3941 2838 4008; x_wconf 80' lang='lat' dir='ltr'><strong>incredibiles</strong></span> <span class='ocrx_word' id='word_1_645' title='bbox 2889 3951 3129 4022; x_wconf 90' lang='lat' dir='ltr'><strong>lapidum</strong></span> <span class='ocrx_word' id='word_1_646' title='bbox 3161 3954 3595 4025; x_wconf 85' lang='lat' dir='ltr'><strong>magnitudines,</strong></span> 
     </span>
    </p>
   </div>
   <div class='ocr_carea' id='block_1_88' title="bbox 2025 4044 3599 4114">
    <p class='ocr_par' dir='ltr' id='par_1_88' title="bbox 2025 4044 3599 4114">
     <span class='ocr_line' id='line_1_88' title="bbox 2025 4044 3599 4114; baseline -0.002 -12"><span class='ocrx_word' id='word_1_647' title='bbox 2025 4049 2115 4103; x_wconf 91' lang='lat' dir='ltr'><strong>ubi</strong></span> <span class='ocrx_word' id='word_1_648' title='bbox 2153 4063 2348 4101; x_wconf 89' lang='lat' dir='ltr'><strong>aurum</strong></span> <span class='ocrx_word' id='word_1_649' title='bbox 2394 4045 2526 4100; x_wconf 87' lang='lat' dir='ltr'><strong>illttd</strong></span> <span class='ocrx_word' id='word_1_650' title='bbox 2553 4045 2743 4112; x_wconf 82' lang='lat' dir='ltr'><strong>,quod</strong></span> <span class='ocrx_word' id='word_1_651' title='bbox 2792 4044 3059 4113; x_wconf 89' lang='lat' dir='ltr'><strong>reliquam</strong></span> <span class='ocrx_word' id='word_1_652' title='bbox 3092 4046 3275 4114; x_wconf 88' lang='lat' dir='ltr'><strong>templi</strong></span> <span class='ocrx_word' id='word_1_653' title='bbox 3315 4046 3599 4101; x_wconf 86' lang='lat' dir='ltr'><strong>materiam</strong></span> 
     </span>
    </p>
   </div>
   <div class='ocr_carea' id='block_1_89' title="bbox 2024 4132 3597 4206">
    <p class='ocr_par' dir='ltr' id='par_1_89' title="bbox 2024 4132 3597 4206">
     <span class='ocr_line' id='line_1_89' title="bbox 2024 4132 3597 4206; baseline -0.001 -17"><span class='ocrx_word' id='word_1_654' title='bbox 2024 4136 2198 4206; x_wconf 87' lang='lat' dir='ltr'><strong>pretio</strong></span> <span class='ocrx_word' id='word_1_655' title='bbox 2229 4135 2622 4204; x_wconf 87' lang='lat' dir='ltr'><strong>propemodum</strong></span> <span class='ocrx_word' id='word_1_656' title='bbox 2671 4133 2965 4201; x_wconf 68' lang='lat' dir='ltr'><strong>aequabat,</strong></span> <span class='ocrx_word' id='word_1_657' title='bbox 3012 4132 3105 4186; x_wconf 88' lang='lat' dir='ltr'><strong>ubi</strong></span> <span class='ocrx_word' id='word_1_658' title='bbox 3141 4134 3383 4203; x_wconf 89' lang='lat' dir='ltr'><strong>legitima</strong></span> <span class='ocrx_word' id='word_1_659' title='bbox 3420 4136 3597 4189; x_wconf 88' lang='lat' dir='ltr'><strong>sacri-</strong></span> 
     </span>
    </p>
   </div>
   <div class='ocr_carea' id='block_1_90' title="bbox 2026 4221 3599 4291">
    <p class='ocr_par' dir='ltr' id='par_1_90' title="bbox 2026 4221 3599 4291">
     <span class='ocr_line' id='line_1_90' title="bbox 2026 4221 3599 4291; baseline -0.001 -13"><span class='ocrx_word' id='word_1_660' title='bbox 2026 4225 2171 4291; x_wconf 84' lang='lat' dir='ltr'><strong>ﬁcia,</strong></span> <span class='ocrx_word' id='word_1_661' title='bbox 2206 4224 2370 4283; x_wconf 87' lang='lat' dir='ltr'><strong>aries.</strong></span> <span class='ocrx_word' id='word_1_662' title='bbox 2402 4223 2628 4284; x_wconf 89' lang='lat' dir='ltr'><strong>vitulus,</strong></span> <span class='ocrx_word' id='word_1_663' title='bbox 2668 4236 2863 4290; x_wconf 86' lang='lat' dir='ltr'><strong>agnus,</strong></span> <span class='ocrx_word' id='word_1_664' title='bbox 2890 4221 3144 4288; x_wconf 88' lang='lat' dir='ltr'><strong>juvenca,</strong></span> <span class='ocrx_word' id='word_1_665' title='bbox 3179 4222 3454 4288; x_wconf 91' lang='lat' dir='ltr'><strong>columba,</strong></span> <span class='ocrx_word' id='word_1_666' title='bbox 3482 4233 3599 4277; x_wconf 85' lang='lat' dir='ltr'><strong>tur-</strong></span> 
     </span>
    </p>
   </div>
   <div class='ocr_carea' id='block_1_91' title="bbox 2027 4311 3596 4382">
    <p class='ocr_par' dir='ltr' id='par_1_91' title="bbox 2027 4311 3596 4382">
     <span class='ocr_line' id='line_1_91' title="bbox 2027 4311 3596 4382; baseline -0.001 -12"><span class='ocrx_word' id='word_1_667' title='bbox 2027 4326 2138 4381; x_wconf 91' lang='lat' dir='ltr'><strong>tur,</strong></span> <span class='ocrx_word' id='word_1_668' title='bbox 2184 4313 2496 4369; x_wconf 84' lang='lat' dir='ltr'><strong>avertendis</strong></span> <span class='ocrx_word' id='word_1_669' title='bbox 2528 4311 2686 4367; x_wconf 90' lang='lat' dir='ltr'><strong>malis</strong></span> <span class='ocrx_word' id='word_1_670' title='bbox 2718 4311 3021 4365; x_wconf 88' lang='lat' dir='ltr'><strong>sacriﬁcari</strong></span> <span class='ocrx_word' id='word_1_671' title='bbox 3055 4312 3252 4367; x_wconf 90' lang='lat' dir='ltr'><strong>solitus</strong></span> <span class='ocrx_word' id='word_1_672' title='bbox 3300 4314 3509 4382; x_wconf 75' lang='lat' dir='ltr'><strong>caper?</strong></span> <span class='ocrx_word' id='word_1_673' title='bbox 3538 4312 3596 4368; x_wconf 90' lang='lat' dir='ltr'><strong>Si</strong></span> 
     </span>
    </p>
   </div>
   <div class='ocr_carea' id='block_1_92' title="bbox 344 4400 1922 4479">
    <p class='ocr_par' dir='ltr' id='par_1_92' title="bbox 344 4406 1920 4479">
     <span class='ocr_line' id='line_1_92' title="bbox 344 4406 1920 4479; baseline 0.001 -19"><span class='ocrx_word' id='word_1_674' title='bbox 344 4408 513 4479; x_wconf 77' lang='grc' dir='ltr'>μηδὲν</span> <span class='ocrx_word' id='word_1_675' title='bbox 544 4406 651 4461; x_wconf 85' lang='grc' dir='ltr'><strong>τῶν</strong></span> <span class='ocrx_word' id='word_1_676' title='bbox 678 4406 1014 4479; x_wconf 81' lang='grc' dir='ltr'>σκυθρωπῶν</span> <span class='ocrx_word' id='word_1_677' title='bbox 1048 4406 1271 4460; x_wconf 83' lang='grc' dir='ltr'>ἐκείνων</span> <span class='ocrx_word' id='word_1_678' title='bbox 1298 4408 1377 4470; x_wconf 85' lang='grc' dir='ltr'><strong>είς</strong></span> <span class='ocrx_word' id='word_1_679' title='bbox 1411 4407 1583 4479; x_wconf 82' lang='grc' dir='ltr'>πέρας</span> <span class='ocrx_word' id='word_1_680' title='bbox 1615 4408 1778 4474; x_wconf 77' lang='grc' dir='ltr'>ἔλθοι,</span> <span class='ocrx_word' id='word_1_681' title='bbox 1811 4410 1920 4462; x_wconf 87' lang='grc' dir='ltr'>δει-</span> 
     </span>
    </p>
   </div>
   <div class='ocr_carea' id='block_1_93' title="bbox 2024 4400 3596 4479">
    <p class='ocr_par' dir='ltr' id='par_1_93' title="bbox 2025 4400 3596 4474">
     <span class='ocr_line' id='line_1_93' title="bbox 2025 4400 3596 4474; baseline -0.002 -13"><span class='ocrx_word' id='word_1_682' title='bbox 2025 4407 2229 4462; x_wconf 89' lang='lat' dir='ltr'><strong>idcirco</strong></span> <span class='ocrx_word' id='word_1_683' title='bbox 2260 4404 2598 4474; x_wconf 85' lang='lat' dir='ltr'><strong>Stephanum</strong></span> <span class='ocrx_word' id='word_1_684' title='bbox 2630 4400 2828 4472; x_wconf 88' lang='lat' dir='ltr'><strong>capitis</strong></span> <span class='ocrx_word' id='word_1_685' title='bbox 2854 4400 3243 4464; x_wconf 87' lang='lat' dir='ltr'><strong>condemnant,</strong></span> <span class='ocrx_word' id='word_1_686' title='bbox 3280 4410 3340 4456; x_wconf 93' lang='lat' dir='ltr'><strong>ut</strong></span> <span class='ocrx_word' id='word_1_687' title='bbox 3365 4419 3434 4457; x_wconf 88' lang='lat' dir='ltr'><strong>nc</strong></span> <span class='ocrx_word' id='word_1_688' title='bbox 3460 4404 3596 4474; x_wconf 89' lang='lat' dir='ltr'><strong>quid</strong></span> 
     </span>
    </p>
   </div>
   <div class='ocr_carea' id='block_1_94' title="bbox 342 4496 1921 4567">
    <p class='ocr_par' dir='ltr' id='par_1_94' title="bbox 342 4496 1921 4567">
     <span class='ocr_line' id='line_1_94' title="bbox 342 4496 1921 4567; baseline 0.003 -18"><span class='ocrx_word' id='word_1_689' title='bbox 342 4496 597 4562; x_wconf 80' lang='grc' dir='ltr'>ξάτωσαν</span> <span class='ocrx_word' id='word_1_690' title='bbox 622 4497 721 4550; x_wconf 82' lang='grc' dir='ltr'>ὅσα</span> <span class='ocrx_word' id='word_1_691' title='bbox 748 4496 833 4550; x_wconf 82' lang='grc' dir='ltr'><strong>διὰ</strong></span> <span class='ocrx_word' id='word_1_692' title='bbox 857 4499 960 4567; x_wconf 77' lang='grc' dir='ltr'>τῆς</span> <span class='ocrx_word' id='word_1_693' title='bbox 985 4499 1296 4566; x_wconf 80' lang='grc' dir='ltr'>μιαιφονίας</span> <span class='ocrx_word' id='word_1_694' title='bbox 1340 4499 1549 4561; x_wconf 82' lang='grc' dir='ltr'>ἑαυτοῖς</span> <span class='ocrx_word' id='word_1_695' title='bbox 1580 4497 1921 4553; x_wconf 84' lang='grc' dir='ltr'>διεσώσαντο.</span> 
     </span>
    </p>
   </div>
   <div class='ocr_carea' id='block_1_95' title="bbox 341 4582 1926 4662">
    <p class='ocr_par' dir='ltr' id='par_1_95' title="bbox 341 4582 1926 4662">
     <span class='ocr_line' id='line_1_95' title="bbox 341 4582 1926 4662; baseline 0.003 -22"><span class='ocrx_word' id='word_1_696' title='bbox 341 4588 407 4641; x_wconf 79' lang='lat' dir='ltr'><strong>Et</strong></span> <span class='ocrx_word' id='word_1_697' title='bbox 434 4587 494 4640; x_wconf 80' lang='grc' dir='ltr'>δὲ</span> <span class='ocrx_word' id='word_1_698' title='bbox 523 4588 674 4642; x_wconf 76' lang='grc' dir='ltr'>οὐδὲν</span> <span class='ocrx_word' id='word_1_699' title='bbox 700 4587 905 4641; x_wconf 88' lang='grc' dir='ltr'>τούτων</span> <span class='ocrx_word' id='word_1_700' title='bbox 927 4588 1092 4651; x_wconf 72' lang='grc' dir='ltr'>ἐστὶν,</span> <span class='ocrx_word' id='word_1_701' title='bbox 1125 4589 1264 4659; x_wconf 80' lang='grc' dir='ltr'>ὑπὲρ</span> <span class='ocrx_word' id='word_1_702' title='bbox 1293 4582 1353 4643; x_wconf 77' lang='grc' dir='ltr'><strong>οὗ</strong></span> <span class='ocrx_word' id='word_1_703' title='bbox 1385 4589 1481 4660; x_wconf 79' lang='grc' dir='ltr'>τὴν</span> <span class='ocrx_word' id='word_1_704' title='bbox 1503 4590 1679 4660; x_wconf 79' lang='grc' dir='ltr'>ψῆφον</span> <span class='ocrx_word' id='word_1_705' title='bbox 1708 4591 1926 4662; x_wconf 87' lang='grc' dir='ltr'>ἐκείνην</span> 
     </span>
    </p>
   </div>
   <div class='ocr_carea' id='block_1_96' title="bbox 344 4676 1924 4747">
    <p class='ocr_par' dir='ltr' id='par_1_96' title="bbox 344 4676 1924 4747">
     <span class='ocr_line' id='line_1_96' title="bbox 344 4676 1924 4747; baseline 0.003 -18"><span class='ocrx_word' id='word_1_706' title='bbox 344 4678 675 4747; x_wconf 77' lang='grc' dir='ltr'>ἐξήνεγκενο</span> <span class='ocrx_word' id='word_1_707' title='bbox 724 4678 843 4731; x_wconf 82' lang='grc' dir='ltr'>ἀντὶ</span> <span class='ocrx_word' id='word_1_708' title='bbox 890 4676 1034 4739; x_wconf 85' lang='grc' dir='ltr'>τίνος</span> <span class='ocrx_word' id='word_1_709' title='bbox 1084 4678 1112 4729; x_wconf 88' lang='lat'><strong>6</strong></span> <span class='ocrx_word' id='word_1_710' title='bbox 1164 4676 1359 4744; x_wconf 84' lang='grc' dir='ltr'>φόνος;</span> <span class='ocrx_word' id='word_1_711' title='bbox 1415 4678 1745 4733; x_wconf 87' lang='grc' dir='ltr'>είπάτωσαν.</span> <span class='ocrx_word' id='word_1_712' title='bbox 1785 4680 1924 4732; x_wconf 85' lang='grc' dir='ltr'>Ἀλλ’</span> 
     </span>
    </p>
   </div>
   <div class='ocr_carea' id='block_1_97' title="bbox 343 4767 1925 4841">
    <p class='ocr_par' dir='ltr' id='par_1_97' title="bbox 343 4767 1925 4841">
     <span class='ocr_line' id='line_1_97' title="bbox 343 4767 1925 4841; baseline 0.003 -20"><span class='ocrx_word' id='word_1_713' title='bbox 343 4768 548 4837; x_wconf 77' lang='grc' dir='ltr'>ἴδωμεν</span> <span class='ocrx_word' id='word_1_714' title='bbox 594 4770 651 4824; x_wconf 89' lang='grc' dir='ltr'><strong>ἐν</strong></span> <span class='ocrx_word' id='word_1_715' title='bbox 690 4770 800 4832; x_wconf 85' lang='grc' dir='ltr'>τοῖς</span> <span class='ocrx_word' id='word_1_716' title='bbox 829 4769 1025 4837; x_wconf 76' lang='grc' dir='ltr'>ἐφεξῆς</span> <span class='ocrx_word' id='word_1_717' title='bbox 1051 4767 1158 4820; x_wconf 83' lang='grc' dir='ltr'>τῶν</span> <span class='ocrx_word' id='word_1_718' title='bbox 1186 4767 1411 4836; x_wconf 84' lang='grc' dir='ltr'>ἀγώνων</span> <span class='ocrx_word' id='word_1_719' title='bbox 1429 4809 1442 4832; x_wconf 91' lang='grc'><strong>,</strong></span> <span class='ocrx_word' id='word_1_720' title='bbox 1490 4770 1637 4833; x_wconf 80' lang='grc' dir='ltr'>ὅπως</span> <span class='ocrx_word' id='word_1_721' title='bbox 1662 4770 1925 4841; x_wconf 85' lang='grc' dir='ltr'>ἀμύνεται</span> 
     </span>
    </p>
   </div>
   <div class='ocr_carea' id='block_1_98' title="bbox 343 4860 1923 4933">
    <p class='ocr_par' dir='ltr' id='par_1_98' title="bbox 343 4860 1923 4933">
     <span class='ocr_line' id='line_1_98' title="bbox 343 4860 1923 4933; baseline 0.003 -21"><span class='ocrx_word' id='word_1_722' title='bbox 343 4862 472 4924; x_wconf 77' lang='grc' dir='ltr'>τοὺς</span> <span class='ocrx_word' id='word_1_723' title='bbox 508 4860 845 4930; x_wconf 78' lang='grc' dir='ltr'>μιαιφόνους,</span> <span class='ocrx_word' id='word_1_724' title='bbox 875 4862 904 4913; x_wconf 88' lang='grc' dir='ltr'><strong>ό</strong></span> <span class='ocrx_word' id='word_1_725' title='bbox 927 4862 1047 4923; x_wconf 87' lang='grc' dir='ltr'>ταῖς</span> <span class='ocrx_word' id='word_1_726' title='bbox 1077 4861 1262 4929; x_wconf 83' lang='grc' dir='ltr'>νιφάσι</span> <span class='ocrx_word' id='word_1_727' title='bbox 1312 4861 1420 4915; x_wconf 87' lang='grc' dir='ltr'><strong>τῶν</strong></span> <span class='ocrx_word' id='word_1_728' title='bbox 1450 4860 1612 4914; x_wconf 85' lang='grc' dir='ltr'>λίθων</span> <span class='ocrx_word' id='word_1_729' title='bbox 1639 4880 1923 4933; x_wconf 85' lang='grc' dir='ltr'>καταχων-</span> 
     </span>
    </p>
   </div>
   <div class='ocr_carea' id='block_1_99' title="bbox 344 4949 1924 5023">
    <p class='ocr_par' dir='ltr' id='par_1_99' title="bbox 344 4949 1924 5023">
     <span class='ocr_line' id='line_1_99' title="bbox 344 4949 1924 5023; baseline 0.002 -18"><span class='ocrx_word' id='word_1_730' title='bbox 344 4949 595 5022; x_wconf 59' lang='grc' dir='ltr'>νύμενος</span> <span class='ocrx_word' id='word_1_731' title='bbox 633 4951 787 5016; x_wconf 81' lang='grc' dir='ltr'>ποίας</span> <span class='ocrx_word' id='word_1_732' title='bbox 814 4953 1147 5023; x_wconf 79' lang='grc' dir='ltr'>ἀντιπέμπει</span> <span class='ocrx_word' id='word_1_733' title='bbox 1176 4952 1334 5023; x_wconf 84' lang='grc' dir='ltr'>βολὰς</span> <span class='ocrx_word' id='word_1_734' title='bbox 1364 4952 1505 5006; x_wconf 88' lang='grc' dir='ltr'><strong>κατά</strong></span> <span class='ocrx_word' id='word_1_735' title='bbox 1531 4953 1637 5006; x_wconf 82' lang='grc' dir='ltr'><strong>τῶν</strong></span> <span class='ocrx_word' id='word_1_736' title='bbox 1659 4955 1924 5023; x_wconf 76' lang='grc' dir='ltr'>ἀφιέντων</span> 
     </span>
    </p>
   </div>
   <div class='ocr_carea' id='block_1_100' title="bbox 341 5043 1925 5114">
    <p class='ocr_par' dir='ltr' id='par_1_100' title="bbox 341 5043 1925 5114">
     <span class='ocr_line' id='line_1_100' title="bbox 341 5043 1925 5114; baseline 0.001 -18"><span class='ocrx_word' id='word_1_737' title='bbox 341 5044 444 5107; x_wconf 81' lang='grc' dir='ltr'>τὰς</span> <span class='ocrx_word' id='word_1_738' title='bbox 465 5044 574 5096; x_wconf 83' lang='grc' dir='ltr'><strong>τῶν</strong></span> <span class='ocrx_word' id='word_1_739' title='bbox 601 5044 763 5097; x_wconf 89' lang='grc' dir='ltr'>λίθων</span> <span class='ocrx_word' id='word_1_740' title='bbox 797 5043 1027 5114; x_wconf 83' lang='grc' dir='ltr'>βολίδας.</span> <span class='ocrx_word' id='word_1_741' title='bbox 1063 5044 1402 5098; x_wconf 80' lang='grc' dir='ltr'>Μαθέτωσαν</span> <span class='ocrx_word' id='word_1_742' title='bbox 1443 5043 1704 5097; x_wconf 79' lang='grc' dir='ltr'>Ἰουδαίων</span> <span class='ocrx_word' id='word_1_743' title='bbox 1738 5045 1925 5110; x_wconf 84' lang='grc' dir='ltr'>παῖδες</span> 
     </span>
    </p>
   </div>
   <div class='ocr_carea' id='block_1_101' title="bbox 338 5131 1925 5207">
    <p class='ocr_par' dir='ltr' id='par_1_101' title="bbox 338 5131 1925 5207">
     <span class='ocr_line' id='line_1_101' title="bbox 338 5131 1925 5207; baseline 0.001 -19"><span class='ocrx_word' id='word_1_744' title='bbox 338 5135 411 5188; x_wconf 68' lang='grc' dir='ltr'><strong>τὰ</strong></span> <span class='ocrx_word' id='word_1_745' title='bbox 442 5134 551 5187; x_wconf 83' lang='grc' dir='ltr'><strong>τῶν</strong></span> <span class='ocrx_word' id='word_1_746' title='bbox 581 5136 919 5206; x_wconf 74' lang='grc' dir='ltr'>Χριστιανῶν</span> <span class='ocrx_word' id='word_1_747' title='bbox 945 5137 1105 5202; x_wconf 87' lang='grc' dir='ltr'>ὅπλα,</span> <span class='ocrx_word' id='word_1_748' title='bbox 1153 5131 1234 5199; x_wconf 77' lang='grc' dir='ltr'>οἷς</span> <span class='ocrx_word' id='word_1_749' title='bbox 1276 5136 1411 5207; x_wconf 79' lang='grc' dir='ltr'>πρὸς</span> <span class='ocrx_word' id='word_1_750' title='bbox 1455 5136 1665 5206; x_wconf 86' lang='grc' dir='ltr'>ἄμυναν</span> <span class='ocrx_word' id='word_1_751' title='bbox 1693 5136 1802 5189; x_wconf 81' lang='grc' dir='ltr'>τῶν</span> <span class='ocrx_word' id='word_1_752' title='bbox 1833 5137 1925 5190; x_wconf 84' lang='grc' dir='ltr'>λυ-</span> 
     </span>
    </p>
   </div>
   <div class='ocr_carea' id='block_1_102' title="bbox 335 5224 1917 5298">
    <p class='ocr_par' dir='ltr' id='par_1_102' title="bbox 335 5224 1917 5298">
     <span class='ocr_line' id='line_1_102' title="bbox 335 5224 1917 5298; baseline 0.002 -21"><span class='ocrx_word' id='word_1_753' title='bbox 335 5224 588 5278; x_wconf 80' lang='grc' dir='ltr'>πούντων</span> <span class='ocrx_word' id='word_1_754' title='bbox 631 5228 975 5297; x_wconf 85' lang='grc' dir='ltr'>χρησάμενος</span> <span class='ocrx_word' id='word_1_755' title='bbox 1016 5229 1046 5280; x_wconf 92' lang='lat'><strong>6</strong></span> <span class='ocrx_word' id='word_1_756' title='bbox 1087 5228 1259 5297; x_wconf 84' lang='grc' dir='ltr'>μέγας</span> <span class='ocrx_word' id='word_1_757' title='bbox 1302 5227 1588 5294; x_wconf 79' lang='grc' dir='ltr'>Στέφανος,</span> <span class='ocrx_word' id='word_1_758' title='bbox 1631 5227 1794 5297; x_wconf 85' lang='grc' dir='ltr'>νόμον</span> <span class='ocrx_word' id='word_1_759' title='bbox 1840 5228 1917 5298; x_wconf 83' lang='grc' dir='ltr'>τῷ</span> 
     </span>
    </p>
   </div>
   <div class='ocr_carea' id='block_1_103' title="bbox 335 5317 1916 5390">
    <p class='ocr_par' dir='ltr' id='par_1_103' title="bbox 335 5317 1916 5390">
     <span class='ocr_line' id='line_1_103' title="bbox 335 5317 1916 5390; baseline 0.002 -20"><span class='ocrx_word' id='word_1_760' title='bbox 335 5317 445 5389; x_wconf 84' lang='grc' dir='ltr'>βίῳ</span> <span class='ocrx_word' id='word_1_761' title='bbox 474 5317 537 5371; x_wconf 86' lang='grc' dir='ltr'><strong>τδ</strong></span> <span class='ocrx_word' id='word_1_762' title='bbox 567 5318 725 5389; x_wconf 73' lang='grc' dir='ltr'>ἔργον</span> <span class='ocrx_word' id='word_1_763' title='bbox 771 5319 1080 5389; x_wconf 85' lang='grc' dir='ltr'>πεποίηται.</span> <span class='ocrx_word' id='word_1_764' title='bbox 1130 5320 1192 5373; x_wconf 78' lang='lat' dir='ltr'><strong>Ol</strong></span> <span class='ocrx_word' id='word_1_765' title='bbox 1239 5317 1337 5389; x_wconf 81' lang='grc' dir='ltr'>μὲν</span> <span class='ocrx_word' id='word_1_766' title='bbox 1370 5318 1476 5388; x_wconf 87' lang='grc' dir='ltr'><strong>γάρ</strong></span> <span class='ocrx_word' id='word_1_767' title='bbox 1527 5318 1779 5390; x_wconf 85' lang='grc' dir='ltr'>θηριώδει</span> <span class='ocrx_word' id='word_1_768' title='bbox 1809 5321 1916 5374; x_wconf 74' lang='grc' dir='ltr'>τινὶ</span> 
     </span>
    </p>
   </div>
   <div class='ocr_carea' id='block_1_104' title="bbox 335 5407 1912 5482">
    <p class='ocr_par' dir='ltr' id='par_1_104' title="bbox 335 5407 1912 5482">
     <span class='ocr_line' id='line_1_104' title="bbox 335 5407 1912 5482; baseline 0.001 -20"><span class='ocrx_word' id='word_1_769' title='bbox 335 5407 441 5462; x_wconf 77' lang='grc' dir='ltr'>καὶ</span> <span class='ocrx_word' id='word_1_770' title='bbox 471 5409 667 5480; x_wconf 78' lang='grc' dir='ltr'>ἀπηνεῖ</span> <span class='ocrx_word' id='word_1_771' title='bbox 696 5412 762 5480; x_wconf 83' lang='grc' dir='ltr'><strong>τῇ</strong></span> <span class='ocrx_word' id='word_1_772' title='bbox 797 5410 970 5482; x_wconf 79' lang='grc' dir='ltr'>λύσσῃ</span> <span class='ocrx_word' id='word_1_773' title='bbox 1017 5410 1199 5480; x_wconf 88' lang='grc' dir='ltr'>κύκλῳ</span> <span class='ocrx_word' id='word_1_774' title='bbox 1226 5410 1579 5480; x_wconf 83' lang='grc' dir='ltr'>περιστάντες</span> <span class='ocrx_word' id='word_1_775' title='bbox 1607 5410 1697 5463; x_wconf 83' lang='grc' dir='ltr'>τὸν</span> <span class='ocrx_word' id='word_1_776' title='bbox 1728 5411 1912 5479; x_wconf 67' lang='grc' dir='ltr'>ἅγιον,</span> 
     </span>
    </p>
   </div>
   <div class='ocr_carea' id='block_1_105' title="bbox 335 5499 1914 5572">
    <p class='ocr_par' dir='ltr' id='par_1_105' title="bbox 335 5499 1914 5572">
     <span class='ocr_line' id='line_1_105' title="bbox 335 5499 1914 5572; baseline 0.001 -18"><span class='ocrx_word' id='word_1_777' title='bbox 335 5499 478 5570; x_wconf 78' lang='grc' dir='ltr'>πρὸς</span> <span class='ocrx_word' id='word_1_778' title='bbox 498 5499 593 5552; x_wconf 73' lang='grc' dir='ltr'>ἕνα</span> <span class='ocrx_word' id='word_1_779' title='bbox 619 5501 817 5555; x_wconf 82' lang='grc' dir='ltr'>σκοπὸν</span> <span class='ocrx_word' id='word_1_780' title='bbox 843 5503 892 5555; x_wconf 83' lang='grc' dir='ltr'>οἱ</span> <span class='ocrx_word' id='word_1_781' title='bbox 921 5503 1116 5566; x_wconf 76' lang='grc' dir='ltr'>πάντες</span> <span class='ocrx_word' id='word_1_782' title='bbox 1144 5501 1383 5566; x_wconf 73' lang='grc' dir='ltr'>ἔϐλεπον,</span> <span class='ocrx_word' id='word_1_783' title='bbox 1415 5502 1520 5554; x_wconf 78' lang='grc' dir='ltr'><strong>πᾶν</strong></span> <span class='ocrx_word' id='word_1_784' title='bbox 1549 5499 1608 5554; x_wconf 79' lang='grc' dir='ltr'>τὸ</span> <span class='ocrx_word' id='word_1_785' title='bbox 1632 5501 1735 5554; x_wconf 72' lang='grc' dir='ltr'>ὑπὸ</span> <span class='ocrx_word' id='word_1_786' title='bbox 1758 5504 1914 5572; x_wconf 78' lang='grc' dir='ltr'>χεῖρα</span> 
     </span>
    </p>
   </div>
   <div class='ocr_carea' id='block_1_106' title="bbox 413 5684 959 5754">
    <p class='ocr_par' dir='ltr' id='par_1_106' title="bbox 413 5684 959 5754">
     <span class='ocr_line' id='line_1_106' title="bbox 413 5684 959 5754; baseline 0.013 -18"><span class='ocrx_word' id='word_1_787' title='bbox 413 5686 456 5717; x_wconf 76' lang='grc'><strong>⁸⁸</strong></span> <span class='ocrx_word' id='word_1_788' title='bbox 522 5684 712 5742; x_wconf 73' lang='lat' dir='ltr'><strong>Matth.</strong></span> <span class='ocrx_word' id='word_1_789' title='bbox 757 5705 807 5754; x_wconf 91' lang='lat' dir='ltr'><strong>v,</strong></span> <span class='ocrx_word' id='word_1_790' title='bbox 878 5691 959 5744; x_wconf 79' lang='lat' dir='ltr'><strong>l7.</strong></span> 
     </span>
    </p>
   </div>
   <div class='ocr_carea' id='block_1_107' title="bbox 2023 4492 3599 4562">
    <p class='ocr_par' dir='ltr' id='par_1_107' title="bbox 2023 4492 3599 4562">
     <span class='ocr_line' id='line_1_107' title="bbox 2023 4492 3599 4562; baseline -0.002 -11"><span class='ocrx_word' id='word_1_791' title='bbox 2023 4498 2264 4551; x_wconf 91' lang='lat' dir='ltr'><strong>tristium</strong></span> <span class='ocrx_word' id='word_1_792' title='bbox 2297 4496 2514 4550; x_wconf 87' lang='lat' dir='ltr'><strong>illarum</strong></span> <span class='ocrx_word' id='word_1_793' title='bbox 2546 4508 2729 4549; x_wconf 89' lang='lat' dir='ltr'><strong>rerum</strong></span> <span class='ocrx_word' id='word_1_794' title='bbox 2761 4492 3000 4558; x_wconf 81' lang='lat' dir='ltr'><strong>eveniat,</strong></span> <span class='ocrx_word' id='word_1_795' title='bbox 3033 4493 3599 4562; x_wconf 64' lang='lat' dir='ltr'><strong>ostendantquazcun-</strong></span> 
     </span>
    </p>
   </div>
   <div class='ocr_carea' id='block_1_108' title="bbox 2021 4584 3592 4658">
    <p class='ocr_par' dir='ltr' id='par_1_108' title="bbox 2021 4584 3592 4658">
     <span class='ocr_line' id='line_1_108' title="bbox 2021 4584 3592 4658; baseline -0.002 -17"><span class='ocrx_word' id='word_1_796' title='bbox 2021 4604 2128 4657; x_wconf 86' lang='lat' dir='ltr'><strong>que</strong></span> <span class='ocrx_word' id='word_1_797' title='bbox 2165 4602 2263 4658; x_wconf 91' lang='lat' dir='ltr'><strong>per</strong></span> <span class='ocrx_word' id='word_1_798' title='bbox 2293 4586 2498 4641; x_wconf 74' lang='lat' dir='ltr'><strong>caedem</strong></span> <span class='ocrx_word' id='word_1_799' title='bbox 2539 4587 2685 4639; x_wconf 89' lang='lat' dir='ltr'><strong>illam</strong></span> <span class='ocrx_word' id='word_1_800' title='bbox 2733 4584 3002 4640; x_wconf 83' lang='lat' dir='ltr'><strong>nefariam</strong></span> <span class='ocrx_word' id='word_1_801' title='bbox 3043 4585 3145 4640; x_wconf 88' lang='lat' dir='ltr'><strong>sibi</strong></span> <span class='ocrx_word' id='word_1_802' title='bbox 3192 4585 3592 4638; x_wconf 83' lang='lat' dir='ltr'><strong>conservarint.</strong></span> 
     </span>
    </p>
   </div>
   <div class='ocr_carea' id='block_1_109' title="bbox 2022 4677 3597 4748">
    <p class='ocr_par' dir='ltr' id='par_1_109' title="bbox 2022 4677 3597 4748">
     <span class='ocr_line' id='line_1_109' title="bbox 2022 4677 3597 4748; baseline -0.001 -15"><span class='ocrx_word' id='word_1_803' title='bbox 2022 4680 2179 4747; x_wconf 85' lang='lat' dir='ltr'><strong>Quod</strong></span> <span class='ocrx_word' id='word_1_804' title='bbox 2217 4681 2264 4735; x_wconf 91' lang='lat' dir='ltr'><strong>si</strong></span> <span class='ocrx_word' id='word_1_805' title='bbox 2297 4679 2435 4733; x_wconf 88' lang='lat' dir='ltr'><strong>nihil</strong></span> <span class='ocrx_word' id='word_1_806' title='bbox 2459 4680 2653 4733; x_wconf 86' lang='lat' dir='ltr'><strong>horum</strong></span> <span class='ocrx_word' id='word_1_807' title='bbox 2689 4679 2962 4748; x_wconf 83' lang='lat' dir='ltr'><strong>reliquum</strong></span> <span class='ocrx_word' id='word_1_808' title='bbox 2994 4687 3097 4743; x_wconf 90' lang='lat' dir='ltr'><strong>est,</strong></span> <span class='ocrx_word' id='word_1_809' title='bbox 3123 4690 3355 4747; x_wconf 89' lang='lat' dir='ltr'><strong>quorum</strong></span> <span class='ocrx_word' id='word_1_810' title='bbox 3378 4677 3597 4732; x_wconf 78' lang='lat' dir='ltr'><strong>nomine</strong></span> 
     </span>
    </p>
   </div>
   <div class='ocr_carea' id='block_1_110' title="bbox 2023 4768 3595 4839">
    <p class='ocr_par' dir='ltr' id='par_1_110' title="bbox 2023 4768 3595 4839">
     <span class='ocr_line' id='line_1_110' title="bbox 2023 4768 3595 4839; baseline -0.004 -10"><span class='ocrx_word' id='word_1_811' title='bbox 2023 4773 2355 4829; x_wconf 86' lang='lat' dir='ltr'><strong>sententiam</strong></span> <span class='ocrx_word' id='word_1_812' title='bbox 2387 4773 2534 4825; x_wconf 85' lang='lat' dir='ltr'><strong>illam</strong></span> <span class='ocrx_word' id='word_1_813' title='bbox 2574 4772 2816 4825; x_wconf 90' lang='lat' dir='ltr'><strong>tulerunt</strong></span> <span class='ocrx_word' id='word_1_814' title='bbox 2848 4809 2862 4833; x_wconf 89' lang='lat'><strong>,</strong></span> <span class='ocrx_word' id='word_1_815' title='bbox 2896 4770 3083 4825; x_wconf 86' lang='lat' dir='ltr'><strong>dicant</strong></span> <span class='ocrx_word' id='word_1_816' title='bbox 3121 4771 3278 4838; x_wconf 85' lang='lat' dir='ltr'><strong>cujus</strong></span> <span class='ocrx_word' id='word_1_817' title='bbox 3313 4768 3390 4823; x_wconf 83' lang='lat' dir='ltr'><strong>rei</strong></span> <span class='ocrx_word' id='word_1_818' title='bbox 3421 4771 3595 4839; x_wconf 85' lang='lat' dir='ltr'><strong>gratia</strong></span> 
     </span>
    </p>
   </div>
   <div class='ocr_carea' id='block_1_111' title="bbox 2021 4858 3594 4932">
    <p class='ocr_par' dir='ltr' id='par_1_111' title="bbox 2021 4858 3594 4932">
     <span class='ocr_line' id='line_1_111' title="bbox 2021 4858 3594 4932; baseline -0.003 -14"><span class='ocrx_word' id='word_1_819' title='bbox 2021 4864 2200 4918; x_wconf 71' lang='lat' dir='ltr'><strong>caedes</strong></span> <span class='ocrx_word' id='word_1_820' title='bbox 2243 4863 2311 4918; x_wconf 81' lang='lat' dir='ltr'><strong>ab</strong></span> <span class='ocrx_word' id='word_1_821' title='bbox 2344 4863 2479 4932; x_wconf 87' lang='lat' dir='ltr'><strong>ipsis</strong></span> <span class='ocrx_word' id='word_1_822' title='bbox 2510 4869 2816 4931; x_wconf 85' lang='lat' dir='ltr'><strong>perpetrata</strong></span> <span class='ocrx_word' id='word_1_823' title='bbox 2854 4861 2964 4915; x_wconf 83' lang='lat' dir='ltr'><strong>sit?</strong></span> <span class='ocrx_word' id='word_1_824' title='bbox 2997 4859 3196 4914; x_wconf 82' lang='lat' dir='ltr'><strong>Verum</strong></span> <span class='ocrx_word' id='word_1_825' title='bbox 3227 4858 3512 4916; x_wconf 86' lang='lat' dir='ltr'><strong>videamus</strong></span> <span class='ocrx_word' id='word_1_826' title='bbox 3539 4862 3594 4914; x_wconf 94' lang='lat' dir='ltr'><strong>in</strong></span> 
     </span>
    </p>
   </div>
   <div class='ocr_carea' id='block_1_112' title="bbox 2021 4952 3596 5026">
    <p class='ocr_par' dir='ltr' id='par_1_112' title="bbox 2021 4952 3596 5026">
     <span class='ocr_line' id='line_1_112' title="bbox 2021 4952 3596 5026; baseline -0.001 -16"><span class='ocrx_word' id='word_1_827' title='bbox 2021 4957 2235 5026; x_wconf 84' lang='lat' dir='ltr'><strong>reliquo</strong></span> <span class='ocrx_word' id='word_1_828' title='bbox 2276 4956 2576 5010; x_wconf 88' lang='lat' dir='ltr'><strong>certamine</strong></span> <span class='ocrx_word' id='word_1_829' title='bbox 2598 4995 2612 5019; x_wconf 92' lang='lat'><strong>,</strong></span> <span class='ocrx_word' id='word_1_830' title='bbox 2649 4969 2757 5023; x_wconf 89' lang='lat' dir='ltr'><strong>qua</strong></span> <span class='ocrx_word' id='word_1_831' title='bbox 2788 4954 3000 5007; x_wconf 91' lang='lat' dir='ltr'><strong>ratione</strong></span> <span class='ocrx_word' id='word_1_832' title='bbox 3049 4952 3430 5023; x_wconf 88' lang='lat' dir='ltr'><strong>sanguinarios</strong></span> <span class='ocrx_word' id='word_1_833' title='bbox 3459 4953 3596 5008; x_wconf 89' lang='lat' dir='ltr'><strong>ulci-</strong></span> 
     </span>
    </p>
   </div>
   <div class='ocr_carea' id='block_1_113' title="bbox 2022 5042 3596 5114">
    <p class='ocr_par' dir='ltr' id='par_1_113' title="bbox 2022 5042 3596 5114">
     <span class='ocr_line' id='line_1_113' title="bbox 2022 5042 3596 5114; baseline -0.001 -14"><span class='ocrx_word' id='word_1_834' title='bbox 2022 5055 2211 5100; x_wconf 85' lang='lat' dir='ltr'><strong>scatur</strong></span> <span class='ocrx_word' id='word_1_835' title='bbox 2241 5046 2311 5107; x_wconf 86' lang='lat' dir='ltr'><strong>is.</strong></span> <span class='ocrx_word' id='word_1_836' title='bbox 2359 5046 2453 5114; x_wconf 87' lang='lat' dir='ltr'><strong>qui</strong></span> <span class='ocrx_word' id='word_1_837' title='bbox 2485 5046 2649 5099; x_wconf 86' lang='lat' dir='ltr'><strong>veluti</strong></span> <span class='ocrx_word' id='word_1_838' title='bbox 2699 5044 2974 5098; x_wconf 87' lang='lat' dir='ltr'><strong>nivalibus</strong></span> <span class='ocrx_word' id='word_1_839' title='bbox 3005 5042 3192 5097; x_wconf 86' lang='lat' dir='ltr'><strong>lloccis</strong></span> <span class='ocrx_word' id='word_1_840' title='bbox 3225 5046 3436 5100; x_wconf 87' lang='lat' dir='ltr'><strong>crebris</strong></span> <span class='ocrx_word' id='word_1_841' title='bbox 3465 5045 3596 5098; x_wconf 86' lang='lat' dir='ltr'><strong>inei-</strong></span> 
     </span>
    </p>
   </div>
   <div class='ocr_carea' id='block_1_114' title="bbox 2022 5132 3597 5205">
    <p class='ocr_par' dir='ltr' id='par_1_114' title="bbox 2022 5132 3597 5205">
     <span class='ocr_line' id='line_1_114' title="bbox 2022 5132 3597 5205; baseline -0.001 -14"><span class='ocrx_word' id='word_1_842' title='bbox 2022 5134 2305 5198; x_wconf 81' lang='lat' dir='ltr'><strong>dentibus,</strong></span> <span class='ocrx_word' id='word_1_843' title='bbox 2340 5137 2418 5192; x_wconf 85' lang='lat' dir='ltr'><strong>ita</strong></span> <span class='ocrx_word' id='word_1_844' title='bbox 2444 5134 2686 5205; x_wconf 89' lang='lat' dir='ltr'><strong>lapidum</strong></span> <span class='ocrx_word' id='word_1_845' title='bbox 2714 5137 2872 5205; x_wconf 90' lang='lat' dir='ltr'><strong>quasi</strong></span> <span class='ocrx_word' id='word_1_846' title='bbox 2893 5132 3174 5205; x_wconf 87' lang='lat' dir='ltr'><strong>grandinis</strong></span> <span class='ocrx_word' id='word_1_847' title='bbox 3203 5135 3377 5190; x_wconf 84' lang='lat' dir='ltr'><strong>imbre</strong></span> <span class='ocrx_word' id='word_1_848' title='bbox 3406 5135 3597 5189; x_wconf 87' lang='lat' dir='ltr'><strong>obrue-</strong></span> 
     </span>
    </p>
   </div>
   <div class='ocr_carea' id='block_1_115' title="bbox 2022 5225 3591 5296">
    <p class='ocr_par' dir='ltr' id='par_1_115' title="bbox 2022 5225 3591 5296">
     <span class='ocr_line' id='line_1_115' title="bbox 2022 5225 3591 5296; baseline -0.002 -14"><span class='ocrx_word' id='word_1_849' title='bbox 2022 5229 2203 5289; x_wconf 84' lang='lat' dir='ltr'><strong>batur,</strong></span> <span class='ocrx_word' id='word_1_850' title='bbox 2233 5226 2436 5296; x_wconf 87' lang='lat' dir='ltr'><strong>quibus</strong></span> <span class='ocrx_word' id='word_1_851' title='bbox 2458 5236 2650 5281; x_wconf 88' lang='lat' dir='ltr'><strong>contra</strong></span> <span class='ocrx_word' id='word_1_852' title='bbox 2672 5227 2875 5296; x_wconf 88' lang='lat' dir='ltr'><strong>jaculis</strong></span> <span class='ocrx_word' id='word_1_853' title='bbox 2899 5232 3046 5295; x_wconf 90' lang='lat' dir='ltr'><strong>petat</strong></span> <span class='ocrx_word' id='word_1_854' title='bbox 3078 5241 3193 5287; x_wconf 84' lang='lat' dir='ltr'><strong>eos,</strong></span> <span class='ocrx_word' id='word_1_855' title='bbox 3225 5226 3318 5294; x_wconf 89' lang='lat' dir='ltr'><strong>qui</strong></span> <span class='ocrx_word' id='word_1_856' title='bbox 3351 5225 3591 5296; x_wconf 89' lang='lat' dir='ltr'><strong>lapidum</strong></span> 
     </span>
    </p>
   </div>
   <div class='ocr_carea' id='block_1_116' title="bbox 2023 5315 3593 5388">
    <p class='ocr_par' dir='ltr' id='par_1_116' title="bbox 2023 5315 3593 5388">
     <span class='ocr_line' id='line_1_116' title="bbox 2023 5315 3593 5388; baseline -0.001 -15"><span class='ocrx_word' id='word_1_857' title='bbox 2023 5319 2076 5373; x_wconf 92' lang='lat' dir='ltr'><strong>in</strong></span> <span class='ocrx_word' id='word_1_858' title='bbox 2123 5333 2247 5373; x_wconf 90' lang='lat' dir='ltr'><strong>eum</strong></span> <span class='ocrx_word' id='word_1_859' title='bbox 2299 5317 2402 5372; x_wconf 86' lang='lat' dir='ltr'><strong>tela</strong></span> <span class='ocrx_word' id='word_1_860' title='bbox 2446 5319 2791 5373; x_wconf 82' lang='lat' dir='ltr'><strong>emittebant.</strong></span> <span class='ocrx_word' id='word_1_861' title='bbox 2853 5317 3198 5388; x_wconf 82' lang='lat' dir='ltr'><strong>Cognoscant</strong></span> <span class='ocrx_word' id='word_1_862' title='bbox 3233 5315 3405 5372; x_wconf 74' lang='lat' dir='ltr'><strong>Judaei</strong></span> <span class='ocrx_word' id='word_1_863' title='bbox 3442 5332 3593 5372; x_wconf 88' lang='lat' dir='ltr'><strong>arma</strong></span> 
     </span>
    </p>
   </div>
   <div class='ocr_carea' id='block_1_117' title="bbox 2021 5408 3593 5481">
    <p class='ocr_par' dir='ltr' id='par_1_117' title="bbox 2021 5408 3593 5481">
     <span class='ocr_line' id='line_1_117' title="bbox 2021 5408 3593 5481; baseline 0.001 -18"><span class='ocrx_word' id='word_1_864' title='bbox 2021 5410 2477 5473; x_wconf 67' lang='lat' dir='ltr'><strong>Christianorum,</strong></span> <span class='ocrx_word' id='word_1_865' title='bbox 2501 5409 2701 5479; x_wconf 86' lang='lat' dir='ltr'><strong>quibus</strong></span> <span class='ocrx_word' id='word_1_866' title='bbox 2734 5408 2990 5477; x_wconf 86' lang='lat' dir='ltr'><strong>injuriam</strong></span> <span class='ocrx_word' id='word_1_867' title='bbox 3026 5408 3337 5464; x_wconf 89' lang='lat' dir='ltr'><strong>ulciscendo</strong></span> <span class='ocrx_word' id='word_1_868' title='bbox 3366 5423 3593 5481; x_wconf 82' lang='lat' dir='ltr'><strong>magnus</strong></span> 
     </span>
    </p>
   </div>
   <div class='ocr_carea' id='block_1_118' title="bbox 2026 5500 3594 5572">
    <p class='ocr_par' dir='ltr' id='par_1_118' title="bbox 2026 5500 3594 5572">
     <span class='ocr_line' id='line_1_118' title="bbox 2026 5500 3594 5572; baseline 0.001 -16"><span class='ocrx_word' id='word_1_869' title='bbox 2026 5500 2335 5571; x_wconf 81' lang='lat' dir='ltr'><strong>Stephanus</strong></span> <span class='ocrx_word' id='word_1_870' title='bbox 2380 5517 2546 5569; x_wconf 90' lang='lat' dir='ltr'><strong>usus,</strong></span> <span class='ocrx_word' id='word_1_871' title='bbox 2600 5501 2687 5558; x_wconf 88' lang='lat' dir='ltr'><strong>sui</strong></span> <span class='ocrx_word' id='word_1_872' title='bbox 2745 5500 2873 5556; x_wconf 84' lang='lat' dir='ltr'><strong>facti</strong></span> <span class='ocrx_word' id='word_1_873' title='bbox 2935 5501 3183 5572; x_wconf 86' lang='lat' dir='ltr'><strong>exemplo</strong></span> <span class='ocrx_word' id='word_1_874' title='bbox 3240 5501 3412 5572; x_wconf 84' lang='lat' dir='ltr'><strong>legem</strong></span> <span class='ocrx_word' id='word_1_875' title='bbox 3473 5502 3594 5557; x_wconf 80' lang='lat' dir='ltr'><strong>vitae</strong></span> 
     </span>
    </p>
   </div>
  </div>
