3930 6210
421 262 514 317 7ll
1713 253 1770 307 S.
1814 251 2139 308 GREGORII
2168 248 2464 305 NYSSENI
3562 245 3697 302 712

421 383 622 440 sanxit.
665 380 797 435 Nam
831 379 908 434 illi
932 376 1154 449 quidem
1194 378 1368 433 ferina
1406 374 1643 447 quadam
1680 386 1847 446 atque
1887 377 1991 430 im—

2097 374 2403 445 γενόμενον,
2439 375 2600 430 ὅπλον
2631 375 2771 430 κατὰ
2816 375 2909 430 τοῦ
2950 374 3223 443 Στεφάνου
3248 371 3558 441 ποιούμενοι
3585 390 3601 404 ·
3652 374 3698 426 ὁ

421 474 571 529 mani
625 474 777 528 rabie
827 471 1069 540 undique
1124 479 1374 524 sanctum
1435 469 1880 532 circumstantes,
1934 466 1989 520 in

2097 468 2171 532 δὲ,
2207 469 2457 540 καθάπερ
2487 487 2570 534 τις
2603 471 2802 541 ἱερεὺς,
2828 468 2968 524 κατὰ
2996 468 3089 524 τὸν
3119 467 3483 540 πνευματικὸν
3502 467 3694 536 νόμον

421 582 591 621 unum
623 565 776 617 illum
802 574 1061 633 tanquam
1092 576 1318 631 scopum
1350 575 1543 615 omnes
1575 560 1769 614 intenti
1796 566 1954 615 erant
1974 600 1989 624 ,

418 656 686 725 quidquid
735 656 800 709 ad
848 670 1070 709 manum
1111 662 1293 718 esset,
1334 667 1400 707 eo
1442 652 1561 707 vice
1592 651 1683 706 teli
1726 651 1991 707 adversus

423 746 758 815 Stephanum
803 754 1023 800 utentes
1070 762 1082 798 :
1135 743 1226 798 hic
1276 757 1408 797 vero
1444 749 1703 810 tanquam
1734 739 1991 794 sacerdos

420 839 640 908 quidem
665 877 680 902 ,
710 838 867 907 juxta
916 838 1086 907 legem
1122 834 1461 906 spiritualem
1489 873 1502 895 ,
1536 846 1726 902 puram
1756 831 1990 886 hostiam

2093 561 2262 631 εὐαγῆ
2306 559 2498 613 θυσίαν
2549 559 2880 631 ίερουργῶν,
2929 560 3031 612 οὐκ
3074 557 3375 627 ἀλλότριον,
3427 555 3564 609 ἀλλά
3613 555 3695 608 τὸ

2094 652 2222 706 ἴδιον
2253 653 2543 722 προσάγων
2591 651 2782 722 σῶμα,
2813 652 2906 704 καὶ
2935 650 3057 704 ἀντὶ
3086 649 3185 719 τῆς
3217 648 3450 718 σπονδῆς
3494 646 3688 718 ἀπορο

2096 744 2293 815 ῥαίνων
2319 743 2414 797 τοῦ
2447 745 2698 814 αἵματος,
2735 743 2802 796 δι’
2838 741 3030 795 ἑαυτοῦ
3057 740 3150 795 τὸν
3195 739 3347 804 Θεὸν,
3376 738 3438 792 ὃν
3471 739 3535 793 ὲν
3563 741 3691 799 τοῖς

2092 836 2363 907 οὐρανίοις
2394 834 2605 899 ἀδύτοις
2635 834 2881 898 ἔϐλεπεν,
2909 834 3048 904 ὑπὲρ
3076 832 3186 885 τῶν
3212 829 3693 902 πλημμελούντων

422 930 731 993 immolaris,
764 944 870 984 non
900 930 1158 988 alienum,
1190 926 1283 980 sed
1316 939 1474 979 suum
1508 923 1775 978 altaribus
1801 922 1993 977 admo-

422 1038 557 1077 vens
583 1038 807 1091 corpus,
833 1028 886 1075 et
920 1023 1036 1075 loco
1062 1018 1339 1073 lihaminis
1363 1016 1683 1087 sanguinem
1705 1029 1991 1085 spargens,

424 1130 521 1182 per
559 1129 682 1169 sese
718 1113 918 1176 Deum,
950 1126 1108 1181 quem
1147 1111 1200 1163 in
1248 1108 1567 1163 coelestibus
1596 1106 1774 1174 adytis
1803 1119 1994 1160 cerne-

424 1206 538 1268 hat,
574 1203 1018 1273 delinquentibus
1067 1201 1357 1270 placabat,
1408 1198 1678 1255 beneﬁcio
1724 1196 1994 1252 nefariam

424 1297 623 1350 caedent
665 1311 855 1350 eorum
892 1308 1255 1363 compensans
1281 1332 1295 1355 ,
1346 1292 1593 1347 clamans
1642 1290 1994 1345 audientibus

425 1388 732 1450 homicidis,
749 1402 812 1442 ac
832 1387 1052 1441 dicens:
1082 1385 1324 1451 Domine,
1348 1401 1408 1440 nc
1432 1386 1652 1451 imputes
1679 1384 1754 1437 eis
1774 1382 1868 1437 hoc
1885 1398 2001 1452 pec-

423 1490 602 1531 calum
627 1479 688 1532 η.
718 1479 895 1547 Atque
920 1478 1009 1532 hic
1040 1477 1262 1547 quidem
1306 1475 1557 1530 oratione
1585 1481 1870 1545 peccatum
1901 1486 1996 1528 eo-

423 1586 568 1630 rum.
596 1570 739 1638 quod
759 1570 1040 1624 sceleratis
1071 1570 1321 1623 manibus
1338 1571 1455 1624 suis
1480 1566 1994 1639 sanguinariiquasi

423 1662 998 1728 exarabant,delehat;
1025 1660 1098 1714 illi
1126 1676 1254 1715 vero
1270 1661 1433 1715 etiam
1458 1660 1524 1713 ad
1551 1660 1849 1713 orationem
1867 1673 1994 1712 exa-

425 1767 582 1823 Spera
593 1754 791 1807 bantur
811 1771 823 1806 :
846 1767 907 1807 ac
927 1768 1034 1807 non
1055 1754 1205 1822 prius
1222 1767 1346 1807 eum
1364 1753 1626 1822 impetere
1643 1751 1989 1814 remiserunt,
2028 1731 2069 1789 Β

425 1860 588 1914 quam
626 1858 857 1913 magnus
886 1842 1198 1914 Stephanus
1228 1844 1393 1897 veluti
1432 1843 1634 1898 teneris
1660 1841 1887 1896 ﬁoribus
1910 1841 1995 1896 vel

425 1953 551 1990 rore
585 1936 819 2005 quodam
862 1935 964 1990 levi
1001 1935 1371 1990 circumfusus
1406 1935 1460 1988 in
1495 1935 1709 1989 dulcem
1741 1934 1902 1988 simul
1931 1948 1995 1988 ac

425 2028 645 2085 beatum
688 2041 938 2081 somnum
981 2026 1201 2081 delatus
1229 2036 1330 2081 est.
1378 2024 1580 2080 Verum
1622 2027 1853 2081 victoria
1877 2042 1997 2082 cer-

425 2126 605 2172 tamen
634 2118 916 2187 praevenit,
941 2124 992 2172 et
1018 2126 1145 2171 ante
1170 2126 1449 2173 certamen
1501 2119 1764 2173 athletam
1792 2133 1996 2172 corona

2094 926 2377 994 ὲξιλεοῦτο.
2424 927 2726 998 Εὐεργεσίᾳ
2755 925 2853 997 τὴν
2894 924 3204 996 μιαιφονίαν
3236 922 3414 979 αὐτῶν
3448 921 3687 991 ἀμειϐό-

2098 1037 2276 1089 μενος,
2306 1018 2441 1089 βοῶν
2463 1020 2519 1071 ὲν
2543 1021 2663 1083 ταῖς
2685 1018 2794 1072 τῶν
2816 1018 3085 1088 φονευτιῖη
3113 1020 3324 1076 ἀκοαῖς.
3350 1016 3445 1070 καὶ
3467 1015 3640 1071 λέγων
3660 1031 3681 1044 ·

2093 1114 2288 1179 Κύριε,
2322 1111 2408 1181 μὴ
2451 1109 2689 1179 στήσῃς
2714 1110 2918 1174 αὐτοῖς
2944 1108 3059 1177 τὴν
3090 1108 3383 1178 ἁμαρτίαν
3425 1108 3678 1172 ταύτην.

2099 1203 2206 1255 Καὶ
2226 1204 2255 1256 ό
2287 1203 2406 1273 μὲν,
2439 1202 2719 1274 ἐξήλειφεν
2744 1202 2929 1257 αὐτῶν
2959 1202 3026 1256 δι’
3054 1202 3224 1272 εὐχῆς
3248 1202 3348 1272 τὴν
3377 1198 3675 1270 ἁμαρτίαν,

2095 1297 2162 1366 ἢν
2193 1297 2314 1357 ταῖς
2354 1293 2686 1367 παρανόμοις
2717 1294 2897 1348 αὐτῶν
2928 1292 3113 1365 χερσὶν
3142 1294 3190 1345 οί
3222 1292 3502 1362 μιαιφόνοι
3540 1292 3683 1358 ἐχει-

2099 1386 2403 1457 ρογράφουν
2427 1403 2441 1416 ·
2476 1388 2523 1441 οί
2554 1386 2610 1440 δὲ
2639 1388 2731 1439 καὶ
2757 1386 2894 1457 πρὸς
2935 1386 3035 1458 τὴν
3079 1384 3242 1455 εὐχὴν
3271 1382 3677 1455 παρωξύνοντο,

2097 1478 2192 1531 καὶ
2218 1479 2280 1531 οὐ
2303 1478 2564 1549 πρότερον
2598 1477 2818 1532 ἀνίεσαν
2852 1477 3152 1549 βάλλοντες,
3183 1478 3290 1539 ἕως
3326 1469 3387 1529 οὗ
3430 1477 3461 1527 δ
3504 1475 3681 1544 μέγας

2097 1567 2366 1637 Στέφανος
2416 1568 2666 1638 καθάπερ
2714 1567 2927 1621 ἄνθεσιν
2979 1567 3234 1631 ἁπαλοῖς,
3272 1566 3305 1638 ἦ
3348 1565 3531 1637 δρόσῳ
3576 1566 3679 1617 τινὶ

2098 1662 2275 1735 κούφῃ
2323 1661 2746 1733 περιῤῥεόμενος
2789 1664 2870 1724 είς
2911 1659 3002 1714 τὸν
3030 1660 3233 1729 γλυκὺν
3274 1660 3369 1712 καὶ
3401 1656 3677 1728 μακάριον

2099 1752 2264 1806 ὕπνον
2294 1753 2502 1823 ἐκλίθη.
2541 1752 2678 1807 ’Δλλ’
2712 1752 2942 1821 ἔφθασεν
2972 1753 3005 1823 ή
3034 1751 3157 1822 νίκη
3187 1751 3312 1813 τοὺς
3341 1749 3564 1813 ἄθλους,
3586 1748 3677 1801 καὶ

2097 1847 2203 1918 πρὸ
2232 1847 2339 1899 τῶν
2368 1844 2592 1912 ἀγώνων
2631 1843 2847 1916 ὁρῶμεν
2872 1843 2963 1896 τὸν
3002 1843 3345 1912 στεφανίτην.
3396 1842 3541 1910 Πρὶν
3568 1839 3678 1908 γάρ

2097 1936 2370 2009 θεωρῆσαι
2402 1936 2501 2006 τὴν
2549 1935 2808 2003 ἀγωνίαν,
2859 1935 2995 2006 πρὸς
3035 1934 3097 1987 τὸ
3142 1933 3313 2006 πέρας
3357 1931 3470 1984 τῶν
3498 1931 3680 1985 ἄθλων

2098 2028 2203 2081 ὑπὸ
2243 2026 2336 2081 τοῦ
2378 2027 2536 2095 λόγου
2587 2027 2968 2097 παρήχθημεν.
3004 2025 3151 2079 Ἔδει
3208 2025 3340 2094 γάρ,
3384 2016 3563 2094 οἶμαι,
3600 2020 3680 2091 μὴ

2096 2120 2478 2191 παραδραμεῖν
2527 2120 2710 2171 ἐκεῖνα
2740 2118 2818 2189 τῷ
2839 2118 3002 2187 λόγῳ,
3036 2117 3105 2170 δι’
3127 2109 3202 2171 ὧν
3235 2116 3465 2188 μάλιστα
3498 2116 3530 2184 ἠ
3577 2113 3680 2166 τοῦ

423 2210 667 2263 victoriae
696 2210 1011 2264 decoratum
1047 2210 1315 2266 videmus.
1354 2214 1666 2280 Antequam
1701 2211 1847 2265 enim
1878 2225 1997 2264 cer-

408 2308 605 2354 .tamen
638 2301 1086 2369 speclaverimus,
1113 2301 1179 2354 ad
1206 2302 1366 2356 ﬁnem
1397 2304 1717 2358 certaminis
1749 2303 1999 2359 oratione

426 2394 671 2462 provecti
698 2409 910 2448 sumus.
946 2392 1246 2463 Oportebat
1282 2396 1451 2457 enim,
1488 2397 1708 2465 opinor,
1745 2398 1998 2451 oratione

424 2501 534 2540 non
566 2487 844 2556 praeterire
875 2501 960 2546 ea.
998 2502 1093 2555 per
1115 2503 1237 2557 qua:
1265 2487 1501 2542 maxime
1539 2489 1797 2560 martyris
1824 2489 1998 2544 virtus

425 2578 838 2641 ostendebatur,
881 2578 1062 2647 qualis
1093 2577 1160 2631 ad
1195 2577 1397 2633 eadem
1435 2594 1830 2648 propensornm
1863 2595 1999 2634 cun-

427 2685 638 2730 scssus,
672 2676 725 2724 et
755 2669 1033 2739 quomodo
1067 2668 1328 2723 omnibus
1362 2684 1429 2723 ex
1463 2650 1624 2737 ωψιό
1666 2671 1883 2724 animus
1931 2669 1998 2723 ad

426 2761 626 2815 easdem
663 2760 972 2813 concitatus
996 2799 1011 2821 ,
1045 2768 1251 2829 quanta
1299 2761 1651 2831 congregatis
1679 2760 1749 2813 ad
1798 2762 1997 2814 malum

2101 2214 2373 2285 μάρτυρος
2417 2211 2584 2283 ἀρετὴ
2617 2210 2941 2264 διεδείκνυτο
2967 2226 2981 2240 ·
3023 2205 3131 2263 οἷον
3158 2206 3226 2281 ἧν
3254 2210 3313 2262 τὸ
3334 2209 3438 2262 τῶν
3465 2207 3685 2278 φονῶν-

2097 2323 2205 2359 των
2261 2305 2572 2376 συνέδριον,
2621 2304 2715 2357 καὶ
2755 2303 2873 2367 πῶς
2920 2303 3062 2358 κατά
3103 2304 3165 2357 τὸ
3195 2300 3311 2357 ῐσον
3345 2306 3496 2368 πᾶσι,
3532 2304 3685 2373 πρὸς

2099 2398 2189 2451 τὸν
2220 2400 2376 2466 φόνον
2403 2399 2432 2450 ὁ
2466 2397 2632 2468 θυμὸς
2657 2397 2979 2467 διεγήγερτο
3009 2412 3024 2427 ⁸
3072 2396 3169 2467 ὅση
3217 2396 3353 2468 πρὸς
3392 2396 3453 2449 τὸ
3501 2395 3685 2448 κακὸν

2098 2482 2165 2558 ἦν
2204 2489 2316 2550 τοῖς
2345 2485 2778 2555 συνειλεγμένοις
2806 2487 2841 2556 ἡ
2876 2485 3148 2555 σύμπνοια
3168 2502 3182 2517 ’
3203 2480 3312 2539 οἷον
3350 2486 3576 2538 ἑκάστου
3616 2484 3690 2538 τὺ

2102 2576 2340 2647 βλέμμα,
2375 2569 2486 2629 οἷον
2530 2576 2592 2628 τὸ
2639 2574 2846 2645 σχῆμα,
2896 2568 3006 2628 οἷον
3036 2574 3099 2628 τὸ
3138 2576 3266 2647 περὶ
3304 2576 3427 2639 τοὺς
3455 2574 3693 2639 ὀδόντας

2100 2668 2299 2733 πάθος,
2352 2665 2531 2729 καθὼς
2578 2665 3057 2737 παρασημαίνεται
3094 2667 3126 2735 ἡ
3168 2665 3288 2719 θεία
3330 2664 3545 2735 Γραφὴ,
3591 2666 3694 2718 ὅτι

2099 2757 2403 2827 διεπρίοντο
2430 2759 2550 2819 ταῖς
2595 2755 2844 2826 καρδίαις
2891 2755 3090 2818 αὐτῶν,
3133 2757 3226 2809 καὶ
3276 2756 3499 2827 ἔϐρυχον
3541 2756 3696 2819 τοὺς

426 2850 800 2920 conspiratio,
831 2850 1012 2920 qualis
1045 2851 1316 2919 cujusque
1346 2850 1595 2914 obtutus,
1631 2851 1810 2921 qualis
1842 2851 1995 2905 babi-

2099 2846 2314 2910 ὸδόντας
2342 2847 2429 2899 ἐπ’
2462 2846 2640 2901 αὐτόν.
2680 2846 2790 2899 Καὶ
2817 2848 2874 2899 έν
2909 2846 3056 2917 μέσῳ
3084 2847 3336 2901 τοιούτων
3364 2847 3456 2902 καὶ
3481 2846 3695 2899 τοσού-

428 2949 517 2996 tus
541 2983 555 3007 ,
592 2942 772 3011 qualis
801 2942 1046 2996 dentium
1077 2951 1260 2998 motus
1294 2952 1344 2997 et
1380 2942 1608 2998 allectus
1635 2952 1778 2998 esset
1803 2983 1817 3007 ,
1856 2945 1995 3000 sicut

2100 2957 2207 2993 των
2234 2938 2427 3003 ἑστὼς,
2473 2940 2566 2993 καὶ
2597 2939 2746 3013 πάσῃ
2784 2942 2848 3010 τῇ
2881 2940 3226 3011 ἀντικειμένῃ
3255 2940 3477 3010 δυνάμει
3520 2942 3592 3011 τῇ
3626 2941 3697 2993 ἐν

426 3032 611 3087 divina
674 3030 957 3102 Scriptura
1015 3032 1314 3102 signiﬁcat,
1377 3032 1525 3101 quod
1583 3033 1995 3089 dissecarentur

2100 3035 2214 3094 τοῖς
2244 3030 2544 3101 μιαιφόνοις
2582 3031 2944 3104 ἐνεργουμένη
2988 3032 3181 3086 ἑαυτὸν
3214 3031 3553 3103 ἀντεγείρων,
3588 3032 3700 3087 διὰ

428 3125 685 3180 cordibus
702 3126 839 3188 suis,
862 3133 915 3179 et
941 3124 1252 3178 frenderent
1269 3124 1527 3179 dentibus
1547 3124 1665 3180 suis
1688 3124 1743 3179 in
1764 3140 1890 3180 eum
1912 3123 1951 3156 "'
1978 3143 1992 3179 ι

2104 3123 2322 3177 πάντων
2367 3124 2635 3194 ὑπερέσχε
2685 3124 2763 3195 τῷ
2809 3125 3140 3195 μεγαλοφυεῖ
3167 3125 3260 3179 τοῦ
3307 3126 3694 3197 φρονήματος*

428 3217 522 3286 qui
552 3218 606 3271 in
627 3216 808 3271 medio
826 3225 905 3270 tot
928 3231 993 3270 ac
1020 3217 1213 3270 talium
1237 3226 1413 3282 stans,
1446 3222 1749 3284 contraque
1777 3230 1995 3270 onmem

2104 3214 2390 3278 ἀντιτιθεὶς
2417 3215 2495 3286 τῷ
2539 3217 2636 3286 μὲν
2664 3215 2820 3286 θυμῷ
2862 3217 2959 3288 τὴν
3015 3218 3422 3288 μακροθυμίαν,
3465 3219 3592 3279 ταῖς
3628 3215 3701 3272 δὲ

426 3309 537 3364 vim
563 3308 931 3363 adversariam
959 3349 970 3371 ,
1008 3323 1131 3377 qua:
1161 3322 1189 3360 a
1220 3307 1590 3377 sanguinariis
1642 3306 1752 3361 illis
1804 3322 1995 3377 reprae-

2103 3306 2351 3370 ἀπειλαῖς
2379 3306 2477 3379 τὴν
2518 3307 2834 3377 ὑπεροψίαν,
2881 3308 2958 3378 τῷ
2995 3309 3051 3362 δὲ
3098 3308 3191 3362 τοῦ
3242 3308 3467 3362 θανάτου
3522 3308 3704 3381 φόϐῳ

429 3400 765 3461 sentabatur,
818 3413 939 3453 sese
991 3408 1186 3451 contra
1224 3398 1615 3460 exsuscitans,
1668 3411 1766 3465 per
1810 3396 1995 3449 omnia

2103 3396 2202 3468 τὴν
2229 3397 2327 3468 τῆς
2357 3397 2501 3468 ζωῆς
2526 3399 2929 3470 καταφρόνησιν
2954 3440 2966 3464 ,
3014 3398 3091 3470 τῷ
3126 3399 3181 3451 δὲ
3243 3400 3386 3470 μίσει
3413 3398 3508 3471 τὴν
3534 3399 3707 3466 ἀγά-

427 3491 807 3560 magnitudine
847 3490 1016 3543 animi
1070 3500 1231 3559 atque
1275 3488 1475 3544 indolis
1516 3489 1833 3554 excellebat,
1896 3488 1995 3543 ira:

2105 3508 2213 3561 πην
2237 3507 2250 3521 ·
2298 3493 2364 3562 τῇ
2396 3491 2705 3561 δυσμενείᾳ,
2736 3490 2834 3561 τὴν
2861 3491 3166 3560 εὐμένειαν·
3208 3483 3288 3564 τῇ
3319 3492 3701 3561 συκοφαντίᾳ,

429 3583 650 3653 quidem
680 3582 956 3635 lenitatem
980 3598 993 3633 :
1015 3581 1180 3635 minis
1202 3595 1353 3647 vero,
1374 3580 1818 3650 despicientiam;
1848 3596 1995 3635 mor-

2104 3582 2201 3655 τὴν
2230 3583 2330 3653 τῆς
2355 3583 2611 3653 ἀληθείας
2640 3583 2960 3655 φανέρωσιν.
2997 3585 3070 3637 Οὐ
3110 3584 3219 3655 γὰρ
3238 3585 3300 3637 δι’
3326 3585 3436 3644 ἑνὸς
3455 3582 3700 3654 τρόπου

430 3672 504 3727 tis
553 3673 772 3734 terrori,
805 3673 930 3726 vitae
967 3679 1375 3742 contemptum;
1418 3673 1563 3738 odio,
1600 3673 1995 3742 dilectionem;

2104 3674 2328 3745 νικητὴς
2385 3675 2414 3727 ό
2458 3674 2557 3743 τῆς
2608 3675 2866 3747 ἀληθείας
2920 3675 3224 3745 ἀγωνιστὴς
3278 3672 3700 3727 ἀπεδείκνυτοο

429 3762 860 3826 malevolentiae.
896 3764 1367 3831 benevolentiam;
1396 3766 1717 3831 calumniae,
1754 3768 1995 3824 veritatis

2104 3766 2237 3820 ἀλλά
2271 3766 2407 3837 πρὸς
2436 3768 2543 3821 πᾶν
2576 3763 2711 3828 εἶδος
2737 3766 2934 3831 κακίας
2970 3765 3071 3836 τῆς
3095 3766 3215 3819 τότε
3248 3767 3360 3826 τοῖς
3399 3761 3706 3829 Ἰουδαίοις
3734 3824 3747 3833 ,

429 3852 871 3923 praedicationem
931 3868 1234 3923 opponens.
1288 3853 1404 3908 Non
1455 3857 1600 3910 enim
1658 3872 1770 3912 uno
1836 3860 1995 3914 modo

2105 3860 2499 3932 ἐνεργουμένης
2527 3859 2717 3913 ἑαυτὸν
2741 3860 2834 3920 ,διὰ
2870 3860 2968 3930 τῆς
2998 3857 3248 3928 ποικίλης
3275 3857 3469 3927 ἀρετῆς
3502 3873 3706 3910 κατα-

429 3945 610 3999 victor
639 3944 1055 4009 declarabatur,
1092 3945 1187 4000 sed
1223 3946 1489 4002 adversus
1519 3962 1738 4003 omnem
1778 3950 1995 4006 malitia!

2107 3957 2359 4026 μερίσας,
2398 3953 2491 4006 καὶ
2518 3954 2649 4007 πᾶσι
2687 3950 3017 4020 συνεπλάκη,
3045 3949 3139 4003 καὶ
3164 3946 3532 4017 καθυπερέσχε
3562 3947 3702 3999 τῶν

431 4034 668 4105 ερεοὶθω
696 4072 711 4097 ν
747 4049 872 4103 qua
920 4043 1052 4089 ῑυιιο
1100 4035 1170 4088 τὼ
1211 4033 1415 4090 Ῑυάίιῗίε
1475 4041 1996 4107 Γθβνίιέδθηιθωιυνι
2106 4049 2343 4102 πάντων.
2393 4045 2578 4109 Οὕτως
2606 4043 2786 4098 ἀκούω
2815 4044 2909 4096 καὶ
2951 4044 3007 4095 ἐν
3050 4042 3162 4103 τοῖς
3187 4041 3464 4110 γυμνικοῖς
3496 4038 3698 4099 ἀγιῖ-ςι

430 4142 554 4182 sese
587 4142 683 4196 per
715 4127 896 4182 varias
928 4128 1157 4181 virtutes
1200 4127 1540 4183 distribuens
1584 4144 1710 4186 cum
1740 4132 1995 4187 omnibus

2105 4141 2230 4201 τοὺς
2271 4137 2722 4199 πλεονεκτοῦντας
2769 4134 2907 4188 κατά
2951 4134 3051 4205 τὴν
3098 4131 3344 4202 δύναμιν,
3391 4129 3525 4199 πρὸς
3551 4129 3696 4184 ὅλον

428 4229 481 4273 et
517 4219 762 4274 conﬁixit
805 4228 858 4275 et
900 4234 1090 4275 omnes
1125 4223 1419 4290 superavit.
1449 4220 1522 4277 lta
1558 4224 1722 4279 audio
1762 4225 1816 4279 in
1842 4239 1995 4295 gym-

2106 4230 2362 4293 πολλάκις
2394 4228 2789 4299 ἀποδυομένους
2832 4226 2894 4280 τὸ
2931 4225 3192 4296 γυμνικὸν
3238 4224 3480 4285 στάδιον,
3530 4224 3701 4279 κατὰ

430 4310 572 4365 nicis
602 4327 822 4381 quoque
840 4312 1239 4369 certaminibus
1255 4329 1371 4378 eos,
1396 4316 1489 4385 qui
1528 4317 1737 4373 viribus
1771 4326 1995 4373 caeteros

2106 4323 2323 4376 πάντων
2379 4320 2639 4390 φέρεσθαι
2699 4319 2807 4373 τῶν
2869 4317 3178 4371 ἀντιπάλων
3239 4317 3304 4369 τά
3362 4317 3695 4386 νικητήρια.

430 4401 782 4467 antecedunt,
823 4403 1084 4458 adversus
1115 4413 1288 4459 totum
1332 4421 1476 4477 saepe
1510 4408 1750 4462 stadium
1780 4411 1995 4481 gymnio

2099 4412 2349 4474 Τοιοῦτος
2386 4412 2414 4463 ὁ
2461 4411 2554 4463 τοῦ
2607 4411 2817 4465 σταδίου
2860 4410 2967 4464 τῶν
3010 4408 3304 4480 μαρτύρων
3356 4407 3701 4479 καθηγησά-

433 4506 558 4546 cum
606 4508 728 4548 sese
766 4494 1051 4549 certamini
1083 4494 1375 4552 oﬁ‘erentes
1418 4506 1471 4552 et
1505 4500 1855 4569 accingentes
1880 4542 1895 4566 ,
1929 4502 1995 4557 de

2100 4519 2274 4575 μενος·
2314 4502 2372 4565 ὃς
2402 4503 2534 4573 πρὸς
2561 4502 2740 4555 πᾶσαν
2765 4499 2857 4553 τοῦ
2899 4499 3275 4569 ἀντικειμένου
3317 4498 3415 4570 τὴν
3442 4495 3699 4567 δύναμιν

431 4584 689 4640 omnibus
718 4586 961 4640 victoriae
993 4588 1212 4656 praemia
1254 4598 1556 4659 reportare.
1594 4590 1743 4646 Talis
1795 4602 1995 4664 marty-

2097 4592 2284 4648 ἑαυτὸν
2313 4591 2619 4656 ἀντιτάξας,
2646 4590 2894 4661 λαμπρὸς
2926 4592 2990 4660 τῇ
3032 4589 3171 4642 κατά
3207 4588 3421 4643 πάντων
3458 4586 3701 4640 ἀναδεὶο

430 4690 553 4727 rum
606 4675 768 4729 stadii
820 4676 1076 4747 princeps
1125 4688 1245 4732 erat
1292 4696 1305 4732 :
1359 4680 1452 4746 qui
1504 4680 1766 4735 adversus
1807 4697 1995 4737 omnes

2097 4701 2286 4739 κνυται
2335 4685 2478 4753 νίκῃ.
2526 4684 2636 4750 Τὴν
2673 4683 2781 4753 γὰρ
2812 4681 3161 4752 ψευδώνυμον
3212 4679 3423 4746 σοφίαν,
3453 4677 3549 4747 τὴν
3580 4676 3697 4733 διὰ

431 4765 734 4822 adversarii
773 4768 960 4837 capias
1007 4783 1134 4822 cum
1194 4784 1254 4824 se
1302 4773 1673 4841 opposuisset,
1726 4772 1995 4828 adversus

2101 4773 2431 4844 Λιϐερτίνων
2454 4772 2545 4824 καὶ
2568 4771 2891 4841 Κυρηναίων
2918 4771 3008 4823 καὶ
3031 4770 3140 4822 τῶν
3164 4768 3271 4821 ἀπὸ
3293 4768 3393 4837 τῆς
3431 4766 3698 4832 Ἀλεξάν-

430 4872 624 4912 omnes
670 4859 899 4913 victoria
952 4861 1137 4916 clarus
1189 4861 1534 4933 designatur.
1610 4863 1743 4918 Nam
1802 4864 1995 4920 falsam

2102 4864 2227 4936 δρου
2276 4863 2481 4925 πόλεως
2526 4861 2702 4931 σοφῶν
2741 4860 2888 4931 αὐτῷ
2920 4860 3412 4931 προσπαλαίουσαν,
3444 4857 3530 4912 διὰ
3572 4860 3693 4930 τῆς

431 4947 753 5015 sapientiam
787 4964 883 5018 per
915 4950 1244 5018 Libertinos,
1283 4954 1646 5025 Cyrenenses,
1670 4962 1724 5010 et
1758 4957 1995 5011 Alexan-

2104 4953 2333 5024 ἀληθοῦς
2394 4952 2582 5021 σοφίας
2652 4951 3099 5021 κατηγωνίσατοσ
3167 4950 3257 5003 τὸν
3321 4950 3518 5019 φόϐον,
3586 4949 3689 5005 διὰ

430 5037 620 5092 drinos
658 5040 933 5108 sapientes
965 5043 1226 5099 adversus
1249 5060 1309 5100 se
1335 5046 1652 5110 luctantem,
1680 5061 1775 5116 per
1809 5063 1994 5103 veram

2104 5047 2202 5115 τῆς
2269 5044 2622 5118 παρρησίαςο
2692 5044 2787 5115 τὴν
2849 5042 3112 5113 ἀπειλὴν,
3176 5041 3265 5095 διά
3323 5042 3419 5111 τῆς
3474 5041 3684 5111 ὑπεροο

431 5128 754 5197 sapientiam
801 5129 1031 5198 devicit;
1080 5142 1387 5198 terrorem,
1423 5150 1516 5204 per
1555 5136 1863 5194 libertatem
1914 5138 1995 5190 lo-

2105 5136 2270 5205 ψίας·
2339 5138 2434 5208 τὴν
2496 5138 2754 5207 πικρίαν.
2817 5135 2903 5188 διὰ
2965 5136 3062 5204 τῆς
3110 5134 3386 5197 εὐποιίας·
3434 5134 3493 5186 τὸ
3540 5133 3677 5202 φεῦ-

430 5217 631 5283 queudi
654 5258 668 5282 ,
698 5226 753 5273 et
782 5219 1072 5290 ingenuam
1115 5224 1436 5295 increpandi
1466 5225 1719 5280 ﬁduciam
1744 5243 1758 5292 ;
1787 5227 1995 5294 minas,

2097 5228 2219 5293 δος,
2269 5227 2355 5281 διά
2399 5228 2496 5300 τῆς
2556 5227 2828 5297 ἀληθείας.
2899 5227 2961 5279 OE
3026 5226 3123 5297 μὲν
3178 5226 3315 5297 πρὸς
3380 5225 3470 5278 τὸν
3517 5226 3677 5293 φόνον

431 5323 529 5377 per
566 5310 1017 5381 despicientiam;
1056 5316 1319 5370 saevitiam
1345 5357 1361 5379 ,
1404 5333 1501 5388 per
1540 5318 1995 5385 beneﬁcentiam;

2100 5320 2351 5384 ἔϐλεπον,
2409 5321 2502 5373 καὶ
2568 5320 2668 5391 ἤδη
2712 5319 2807 5383 τὰς
2863 5322 3049 5390 χεῖρας
3088 5322 3202 5383 τοῖς
3239 5318 3404 5382 λίθοις
3447 5316 3676 5382 ἐξώπλι-

2103 5411 2234 5476 ζον,
2294 5412 2386 5465 καὶ
2439 5410 2516 5481 τῷ
2582 5410 2849 5481 βλέμματι
2897 5413 2990 5464 καὶ
3035 5410 3114 5481 τῷ
3170 5410 3406 5482 ἀσθματι
3457 5410 3554 5463 καὶ
3601 5410 3675 5479 τῇ

2100 5502 2211 5559 τῶν
2270 5503 2495 5558 ὀδόντων
2567 5500 2879 5574 συμπτώσει
2933 5504 3032 5573 τὴν
3086 5501 3310 5574 πικρίαν
3376 5500 3683 5572 ἐπισημαί-

432 5401 776 5458 mendacium
798 5443 813 5469 ,
852 5420 950 5475 per
976 5408 1279 5464 veritatem.
1312 5409 1392 5464 llli
1429 5409 1653 5479 quidem
1686 5409 1753 5463 ad
1798 5409 2000 5465 caedem

429 5494 792 5563 spectabant,
842 5508 895 5553 et
942 5500 1055 5570 jam
1101 5514 1296 5555 manus
1344 5502 1622 5572 lapidibus
1673 5503 1998 5569 armabant,

513 5699 557 5731 ¹⁸
581 5700 702 5758 Act.
744 5720 841 5769 vn,
879 5705 966 5760 59.
1047 5707 1086 5739 "
1131 5704 1265 5761 Ibid.
1311 5705 1398 5759 54.
