3930 6210
203 207 288 261 7ίὸ

203 337 360 383 νοντες
385 335 398 350 ο
455 320 484 372 ὀ
516 319 572 374 δὲ
614 319 688 382 ὡς
735 317 994 386 ἀδελφοὺς
1044 316 1211 388 ἐώρα,
1251 317 1347 371 καὶ
1390 316 1465 382 ὡς
1515 317 1753 390 πατέρας
1783 325 1827 378 Α

204 411 476 482 ἠσπάζετο.

264 590 500 656 Ἄνδρες
557 587 690 660 γὰρ,
749 589 948 658 φησὶν,
1007 587 1256 655 ἀδελφοί
1306 586 1405 639 καί
1475 585 1756 652 πατέρες,

197 678 484 736 ἀκούσατέ
518 697 658 748 μου.
709 680 773 731 Οί
813 679 915 749 μὲν
955 678 1054 748 τὴν
1113 676 1476 747 συκοφαντίαν
1516 675 1759 739 πιθανῶς

200 772 535 827 συνέττλεκον⁸
572 770 652 840 τῷ
689 771 747 824 δὲ
785 771 845 824 τὸ
869 770 976 824 τῶν
1012 768 1296 838 φονώντων
1325 768 1622 840 συνέδριον,
1660 767 1760 838 τῆς

197 862 436 930 ἀληθείας
472 862 887 932 φροντιστήριον
913 855 1002 931 ἦν.
1035 861 1150 914 Οὐκ
1185 859 1459 913 ἀπέκοπτε
1487 857 1638 929 φόϐῳ
1669 857 1760 911 τὸν

197 956 356 1023 λόγον,
403 955 523 1008 οὐδέ
567 954 803 1026 πάρετος
847 953 986 1024 πρὸς
1012 952 1111 1023 τὴν
1133 951 1323 1006 ἐλπίδα
1354 951 1464 1004 τῶν
1501 950 1760 1005 κινδύνων

194 1045 414 1113 ἐγίνετο.
465 1044 587 1097 οὐδέ
617 1043 752 1114 πρὸς
774 1041 866 1096 τὸν
895 1041 1122 1095 θάνατον
1148 1039 1405 1093 ἔϐλεπενο
1436 1038 1550 1092 ἀλλ’
1585 1037 1677 1092 ἐπὶ⁹
1699 1037 1761 1090 τὸ

196 1136 310 1205 ὕψος
345 1136 448 1206 τὴν
480 1135 660 1206 ψυχὴν
691 1134 852 1205 ἔχων,
885 1132 980 1186 καὶ
1019 1132 1088 1186 τά
1115 1133 1174 1184 ἐν
1212 1132 1341 1184 ποσὶ
1393 1129 1570 1183 πάντα
1597 1145 1755 1199 περι-

195 1228 344 1298 ορῶν,
377 1227 454 1290 ὡς
484 1227 673 1281 παιδία
701 1227 879 1296 μάτην
899 1224 1254 1295 ἀφραίνοντα,
1288 1221 1656 1290 ἐπαιδαγώγει
1680 1220 1761 1291 τῷ

194 1319 341 1388 λόγῳ,
393 1321 503 1381 τοῖς
557 1319 688 1389 παρ’
736 1316 913 1369 αὐτῶν
959 1315 1186 1369 ἐκείνων
1221 1312 1628 1384 πιστευομένοις
1679 1313 1760 1375 είς

192 1411 455 1476 ἀπόδειξιν
494 1409 590 1462 τοῦ
634 1405 1008 1477 πεπλανῆσθαι
1035 1405 1232 1468 αὐτοὺς
1259 1403 1389 1474 περὶ
1415 1404 1522 1457 τῶν
1555 1402 1760 1474 δογμάο

191 1517 286 1554 των
317 1497 730 1570 συγχρώμενος.
771 1496 1022 1568 ’Δὸραάμ
1054 1495 1133 1566 τῷ
1167 1495 1308 1566 λόγῳ
1334 1495 1639 1566 παράγεται
1669 1495 1760 1547 καὶ

193 1595 221 1663 ὴ
252 1593 367 1646 κατ’
411 1591 573 1644 αὑτὸν
616 1589 826 1660 ίστορία
853 1590 1002 1642 πᾶσα
1029 1587 1096 1641 δι’
1121 1587 1317 1656 ὀλίγων
1344 1587 1434 1640 ὑπ’
1468 1586 1590 1656 ὄψιν
1632 1586 1760 1653 ἄγε-

192 1657 303 1737 ⁴έσιι·
337 1678 456 1736 εἶτα
491 1682 656 1752 ἡτῶν
700 1657 894 1750 ἐιρεξῆς
925 1680 1096 1749 ἁγίων
1123 1680 1360 1750 διαδοχή.
1389 1679 1627 1748 Μωῦσῆς
1669 1679 1762 1731 ἐπὶ
1795 1657 1834 1710 Β

191 1773 392 1837 τούτοις
435 1772 782 1843 τικτόμενος,
823 1771 1291 1842 ἀνατρεφόμενος,
1353 1769 1760 1840 παιδευόμενος,

193 1865 284 1917 ἐπὶ
307 1863 402 1916 τοῦ
463 1863 624 1934 ὅρους
686 1862 1250 1934 μυσταγωγούμενοςο
1324 1859 1600 1932 μαστίζων
1664 1859 1762 1929 τὴν

193 1955 490 2022 Αἴγυπτον,
521 1954 614 2008 τδν
648 1953 867 2024 Ἰσραὴλ
903 1952 1186 2018 διασώζων
1205 1994 1219 2017 ,
1254 1953 1318 2006 τὸ
1348 1952 1491 2006 κατὰ
1532 1951 1623 2005 τὸν
1655 1949 1762 2004 Κύ-

191 2061 301 2114 ριον
322 2043 650 2114 προμηνύων
681 2043 996 2114 μυστήριον.
1031 2044 1097 2097 Ὃ
1128 2042 1224 2096 καὶ
1257 2042 1490 2114 μάλιστα
1520 2042 1764 2110 συγκινεί

188 2136 246 2187 τὸ
283 2135 576 2204 συνέδριον.
631 2133 726 2188 καὶ
762 2133 1150 2205 ἀναθερμαίνει
1181 2133 1280 2206 τὴν
1329 2133 1505 2199 νόσον,
1552 2133 1635 2188 ὅτι
1668 2133 1761 2186 καὶ

187 2227 444 2296 Μωῦσῆς,
470 2219 530 2280 οὗ
554 2225 620 2296 δὴ
643 2225 1062 2296 προσεποιοῦντο
1089 2225 1574 2294 ὑπερσπουδάζειν,
1634 2242 1761 2277 συν-

188 2316 384 2387 ήγορος
416 2315 509 2369 τοῦ
536 2316 804 2386 δόγματος
832 2315 1204 2369 ἀπεδείκνυτο.
1241 2314 1356 2385 Ἐφ’
1384 2307 1428 2382 ᾧ
1457 2315 1551 2368 καὶ
1578 2315 1761 2368 διαναο

188 2409 439 2472 στάντες,
465 2407 526 2460 τὸ
557 2407 728 2478 πέρας
767 2407 1061 2475 ἐπάγωσιν
1086 2405 1235 2472 ἀξιον
1259 2407 1352 2460 καὶ
1378 2406 1478 2476 τῆς
1507 2406 1640 2470 ἰδίας
1669 2423 1760 2459 πιο

189 2502 362 2572 κρίας,
408 2502 503 2554 καὶ
537 2500 634 2570 τῆς
657 2498 746 2553 τοῦ
783 2498 1054 2569 Στεφάνου
1083 2497 1397 2569 ἐπιθυμίας.
1446 2499 1503 2550 '0
1529 2499 1628 2568 μὲν
1653 2497 1760 2569 γὰρ

185 2592 349 2656 ἐκϐὰς
394 2593 494 2662 τὴν
550 2591 732 2662 φύσιν,
789 2589 885 2643 καὶ
931 2589 1060 2662 πρὶν
1103 2589 1327 2660 ἐκϐῆναι
1369 2588 1464 2642 τοῦ
1512 2587 1760 2660 σώματος

188 2683 368 2752 βλέπει
414 2685 529 2746 τοῖς
567 2681 828 2753 καθαροῖς
864 2679 1162 2750 ὀφθαλμοῖς
1199 2678 1297 2743 τὰς
1326 2678 1581 2750 οὐρανίας
1606 2678 1759 2751 ,αὐτῷ

190 2775 354 2840 πύλας
377 2773 755 2844 διισταμένας,
795 2771 891 2826 καὶ
915 2770 976 2824 τὸ
1000 2770 1149 2835 ἐντὸς
1174 2769 1281 2824 τῶν
1312 2769 1520 2824 ἀδύτων
1549 2769 1761 2840 διαφαιο

186 2870 440 2936 νόμενον,
487 2865 659 2937 αὑτήν
696 2880 756 2917 τε
805 2861 1172 2929 θείαν.δόξαν,
1205 2862 1300 2915 καὶ
1343 2860 1404 2914 τὸ
1450 2861 1550 2932 τῆς
1603 2861 1761 2934 δόξης

187 2955 545 3028 ἀπαύγασμαο
574 2955 786 3024 καὶτῆς
810 2953 910 3023 μὲν
930 2951 1208 3024 Πατρικῆς
1230 2950 1410 3022 δόξης,
1434 2951 1606 3016 οὐδεὶς
1630 2953 1761 3006 ὑπο-

185 3000 782 3120 γράφέζαῖχαρακτὴρ
799 3000 889 3099 δία
909 3043 1004 3097 τοῦ
1027 3000 1216 3112 λιόγούῖ
1244 3000 1759 3116 τδάπαύγασμα,
1785 3000 1830 3059 C

187 3141 240 3192 ἐν
267 3140 341 3210 τῷ
366 3139 590 3210 ὀφθέντι
618 3140 729 3202 τοῖς
755 3136 1060 3208 ἀνθρώποις
1087 3135 1236 3201 εῖδει,
1265 3135 1342 3207 τῷ
1388 3135 1596 3207 ἀθλητῇ
1629 3136 1764 3191 καί)⁹

186 3232 396 3301 δρᾶται,
443 3229 518 3294 ὡς
559 3225 628 3300 ἦν
666 3228 914 3300 χωρητὸν
961 3229 1028 3299 τῇ
1053 3226 1372 3299 ἀνθρωπίνῃ
1414 3227 1593 3296 φύσει,
1623 3225 1764 3280 οὕτω

191 3325 534 3395 φαινόμενον.
577 3323 638 3375 ’0
665 3322 763 3393 μὲν
787 3317 880 3376 οὖν
903 3319 1008 3388 ἔξω
1037 3319 1274 3389 γεγονὼς
1295 3320 1393 3390 τῆς
1418 3318 1764 3391 ἀνθρωπίνης

189 3415 422 3483 φύσεως,
452 3415 545 3469 καὶ
570 3413 705 3485 πρὸς
732 3413 832 3484 τὴν
851 3411 1148 3484 ἀγγελικὴν
1176 3410 1560 3482 μεταποιηθεὶς
1582 3410 1762 3482 χάριν,

188 3506 262 3568 ὡς
315 3508 414 3562 καὶ
464 3507 649 3569 αὐτοῖς
694 3499 834 3559 εἶναι
875 3506 985 3566 τοίς
1034 3501 1339 3573 μιαιφόνοις
1396 3503 1454 3554 ἐν
1493 3500 1762 3572 θαύματι,

186 3598 325 3667 πρὸς
355 3598 459 3670 τὴν
487 3597 595 3652 τῶν
623 3595 870 3665 ἀγγέλων
907 3595 1064 3660 ἀξίαν
1094 3592 1190 3647 τοῦ
1227 3592 1354 3665 περὶ
1390 3593 1452 3646 τὸ
1477 3593 1766 3664 πρόσωπον

190 3689 362 3753 εἴδους
397 3687 814 3751 ἀλλοιωθέντος,
863 3686 959 3740 καὶ
1002 3681 1108 3740 εἶδε
1155 3685 1224 3739 τὰ
1254 3682 1489 3746 ἀθέατα,
1529 3683 1623 3737 καὶ
1669 3682 1767 3754 τὴν

181 3779 454 3847 όςρθείσαν
485 3777 632 3850 αὑτῷ
678 3777 838 3849 χάριν
881 3775 1191 3847 ἐξεϐόησεν.
1233 3776 1296 3828 Ui.
1327 3774 1384 3828 δὲ
1413 3773 1669 3844 συνέσχον
1698 3772 1768 3826 τά

181 3864 332 3932 ὦτα.
361 3870 463 3923 καὶ
501 3869 562 3922 τὺ
594 3869 838 3940 διήγημα
866 3867 966 3938 τῆς
990 3865 1254 3929 ὀπτασίας
1282 3865 1344 3919 ού
1373 3864 1764 3936 παρεδέχοντο,

180 3961 387 4025 καλῶς
426 3959 576 4014 τοῦτο
599 3961 728 4029 γοῦν
761 3961 820 4014 ἐν
845 3959 980 4012 πᾶσι
1021 3958 1346 4028 ποιήσαντες
1369 3970 1383 3985 °
1417 3954 1536 4008 οὐδὲ
1565 3953 1673 4026 γὰρ
1699 3949 1770 4024 ἦν

174 4057 322 4123 ἀξία
381 4053 621 4126 βεϐήλων
676 4051 834 4124 ἀκοὴ,
890 4049 1039 4114 θείας
1093 4046 1391 4120 ἐμφανείας
1453 4045 1769 4116 διηγήματα

174 4148 473 4218 δέξασθαι.
526 4147 763 4208 Ἐκεῖνος
795 4143 893 4215 μὲν
919 4138 1011 4196 οὖν
1037 4139 1362 4210 ἐκοινώνησε
1392 4140 1503 4199 τοῖς
1537 4136 1771 4207 παροῦσι

171 4241 278 4310 τῆς
311 4241 580 4312 χάριτος,
611 4238 690 4300 εἰς
718 4235 780 4288 τὸ
819 4233 995 4288 κοινὸν
1025 4233 1208 4285 ἐκεῖνα
1252 4227 1529 4300 προτιθεὶς
1556 4225 1635 4296 τῷ
1694 4225 1771 4279 δι-

173 4333 466 4403 ηγηματι,
524 4322 600 4384 ὧν
654 4327 794 4382 κατά
849 4325 1014 4398 μόνας
1044 4323 1274 4394 ἠξίωτο,
1310 4318 1534 4389 Θεωρῶ,
1573 4319 1769 4389 λέγων,
1804 4347 1848 4403 D

167 4426 324 4492 τοὺς
344 4424 651 4494 οὐραγοὺς
683 4419 1117 4492 ἀνεῳγμένους,
1136 4413 1358 4472 καὶτὸν
1381 4417 1520 4470 Υἱόν
1539 4415 1646 4470 τοῦ
1666 4418 1771 4470 άν-

163 4516 429 4587 θμὶιοτου
454 4517 524 4570 ἐκ
556 4512 771 4578 δεξιῶν
792 4511 1021 4568 ἑστῶτα
1038 4510 1144 4565 τοῦ
1168 4509 1335 4564 Θεοῦ.
1356 4509 1419 4561 0i
1438 4507 1517 4572 δὲ,
1541 4507 1776 4579 κράξαν-

155 4629 260 4674 τες
310 4612 482 4680 φωνῇ
519 4608 754 4679 μεγάλῃ,
794 4606 888 4660 καὶ
915 4603 1202 4674 συσχόντες
1229 4601 1298 4655 τὰ
1331 4595 1468 4667 ὦτα,
1511 4599 1777 4673 ὥρμησαν

155 4701 542 4772 ὁμοθυμαδὸν
585 4700 671 4752 ἐπ’
707 4697 886 4752 αὐτόν.
938 4694 1135 4758 Καλῶς
1185 4692 1527 4765 προσέθηκεν
1568 4692 1603 4762 ἡ
1649 4690 1778 4760 περὶ

150 4793 362 4850 αὐτῶν
417 4791 638 4862 ἱστορία
682 4789 780 4861 τὴν
827 4787 1069 4859 κραυγὴν
1102 4787 1212 4850 τοῖς
1246 4785 1459 4858 ἔργοις,
1507 4785 1594 4838 ἵνα
1629 4781 1778 4854 δείξῃ

149 4888 264 4954 τῆς
322 4882 717 4955 προαιρέσεως
773 4879 952 4933 αὐτῶν
1007 4879 1106 4948 τὴν
1137 4878 1270 4949 πρὸς
1306 4878 1431 4940 τοὺς
1489 4873 1777 4945 Σοδομίτας

152 4977 544 5048 συγγένειαν.
586 4974 696 5028 Καὶ
740 4972 849 5044 γὰρ
897 4971 958 5025 τὸ
998 4969 1220 5024 ἐκείνων
1254 4967 1511 5038 ἀνόμημα
1565 4965 1779 5037 κραυγὴ

154 5069 325 5139 παρὰ
367 5065 482 5119 τοῦ
526 5050 800 5136 κρίνοντος
834 5059 1144 5132 ὠνομάσθη.
1175 5058 1416 5127 Κραυγὴ
1449 5055 1580 5126 γὰρ,
1622 5055 1778 5125 φησὶ,

150 5161 483 5230 Σοδόμων
504 5157 600 5210 καί
627 5155 932 5225 Γομόρρας
955 5148 1180 5219 ἀνῆλθε
1206 5151 1354 5218 πρός
1376 5165 1474 5217 με.
1506 5143 1781 5218 Ἔκραξαν

149 5256 350 5306 τοίνυν
388 5249 505 5303 καὶ
533 5242 698 5310 οὗτοι,
737 5249 824 5300 ἵνα
863 5245 1102 5315 ἀκουσθῇ
1134 5244 1226 5296 καί
1258 5241 1438 5295 αὐτῶν
1469 5243 1503 5312 ἡ
1533 5241 1626 5293 ἐπὶ
1651 5241 1778 5293 Στε-

148 5345 335 5412 φάνου
399 5339 661 5410 κραυγήο
708 5336 784 5390 οὐ
834 5336 938 5406 μὴν
973 5334 1154 5404 ἠγνόει
1188 5335 1216 5387 ὁ
1261 5331 1497 5402 ἀθλητὴς
1545 5329 1633 5384 διὰ
1679 5331 1776 5402 τῆς

149 5437 408 5507 πικρίας
443 5429 566 5483 τῶν
602 5429 1024 5500 μιαιφονούντων
1050 5423 1522 5496 εὐεργετούμενος.
1554 5423 1644 5476 Τὼ
1671 5423 1778 5494 γὰρ

226 5614 274 5645 ιι
315 5616 476 5668 Act.
530 5611 682 5668 una
717 5620 838 5676 sqq.
917 5604 961 5636 “
999 5602 1130 5657 ibid.
1174 5602 1262 5658 55.
1324 5604 1365 5635 ¹⁷
1404 5600 1539 5658 Gen.
1577 5615 1734 5667 xvut,
1763 5599 1855 5656 20.

475 5705 758 5767 Pnaoc.
803 5702 922 5762 Gn.
950 5698 1165 5760 XLVI.

1477 199 1542 256 IN
1582 201 1641 258 S.
1686 200 2124 258 STEPHANUM.

3324 198 3424 254 718

1856 317 2086 381 obtutu,
2122 315 2470 370 anhelatione
2499 358 2511 377 ,
2545 313 2788 368 dentium
2835 312 3121 367 collisione
3164 313 3423 368 smvitiam

1859 423 1968 479 prae
1997 426 2056 464 se
2086 409 2323 464 ferentes
2358 426 2372 464 :
2405 407 2495 461 hic
2525 422 2652 460 vero
2693 414 2949 474 tanquam
2977 402 3176 460 fratres
3203 395 3427 474 aspiciec

1860 503 1974 563 bat,
2007 510 2062 556 et
2099 510 2359 571 tanquam
2401 507 2583 569 patres
2612 496 2904 551 salutabat.

1941 588 2055 643 Viri
2079 591 2225 645 enim
2260 589 2480 658 fratres,
2518 588 2718 656 inquit,
2749 596 2797 640 et
2825 596 3024 654 patres,
3047 587 3229 643 audite
3251 587 3316 644 ίδ.
3347 588 3424 644 Illi

1859 680 2076 750 quidem
2107 679 2440 736 calumniam
2469 678 2819 749 probabiliter
2843 678 3228 749 contingebant
3254 697 3268 735 :
3300 680 3429 734 huic

1859 787 1988 826 vero
2017 771 2308 826 consilium
2342 769 2408 824 ad
2442 769 2642 824 caedem
2691 770 3106 838 propensiorum
3145 784 3243 839 pro
3271 769 3426 824 curia

1860 863 2104 918 veritatis
2132 872 2272 918 erat.
2296 861 2414 917 Non
2442 871 2586 916 metu
2609 860 2938 930 praecidebat
2965 862 3289 927 orationem,
3318 877 3426 917 non

1860 955 2153 1027 languidus
2194 955 2515 1024 fractusque
2553 969 2617 1010 ac
2662 955 2932 1010 remissus
2976 962 3121 1008 metu
3161 954 3431 1023 periculo-

1861 1063 1980 1101 rum
2004 1057 2142 1108 crat,
2175 1062 2283 1102 non
2317 1063 2466 1102 mors
2493 1047 2541 1102 ei
2562 1054 2686 1103 ante
2713 1047 2908 1102 oculos
2943 1048 3267 1102 versabatur
3293 1063 3306 1110 ;
3333 1045 3430 1102 sed

1858 1148 2042 1195 erecto
2069 1139 2252 1193 animo
2285 1139 2467 1193 omnia
2497 1153 2620 1209 quae
2640 1146 2765 1193 ante
2798 1137 2963 1209 pedes
2993 1146 3150 1193 erant
3181 1146 3430 1194 contem-

1861 1246 2018 1294 nens,
2049 1239 2308 1301 tanquam
2341 1231 2601 1300 puerulos
2627 1230 2826 1286 misere
2859 1229 3181 1299 insipientes
3215 1231 3432 1300 regebat

1860 1335 1924 1376 ac
1959 1322 2347 1377 moderabatur
2377 1322 2626 1375 oratione
2653 1362 2669 1388 ,
2701 1319 2770 1374 ad
2799 1319 3293 1376 demonstrandum
3333 1335 3432 1376 eos

1861 1414 1914 1468 in
1945 1427 2132 1468 errore
2160 1412 2536 1468 doctrinarum
2571 1414 2812 1476 versari,
2852 1412 3014 1468 simul
3044 1412 3206 1466 etiam
3236 1414 3303 1468 iis
3333 1413 3432 1467 do-

1859 1506 2166 1570 cumentis,
2200 1506 2402 1576 quibus
2437 1506 2506 1560 ab
2545 1505 2652 1561 illis
2700 1505 2836 1576 ipsis
2868 1505 2999 1562 fides
3031 1506 3279 1577 derogari
3320 1519 3429 1561 non

1863 1602 2114 1666 poterat,
2146 1605 2328 1651 utens.
2368 1596 2643 1652 Abraham
2683 1597 2917 1651 orationi
2951 1596 3261 1662 adhibetur,
3291 1605 3431 1651 tota-

1862 1700 1970 1755 que
2012 1685 2162 1741 illius
2213 1686 2445 1742 historia
2501 1688 2694 1756 paucis
2738 1694 2865 1741 ante
2914 1687 3106 1742 oculos
3150 1685 3374 1756 ponitur
3413 1706 3430 1741 :

1862 1775 2060 1830 deinde
2099 1776 2281 1830 caeteri
2317 1777 2523 1842 sancti,
2574 1777 2668 1846 qui
2723 1783 3132 1832 successerunt.
3182 1776 3265 1830 Ad
3316 1774 3432 1831 ha-c

1864 1862 2076 1935 Moyses
2109 1875 2168 1919 ut
2197 1874 2383 1927 natus,
2419 1873 2478 1920 ut
2498 1866 2789 1932 educatus,
2820 1874 2882 1919 ut
2909 1865 3160 1921 eruditus
3183 1873 3238 1920 et
3271 1865 3433 1920 insti-

1863 1963 2038 2020 tutus,
2063 1963 2124 2010 ut
2149 1957 2206 2011 in
2232 1965 2416 2012 monte
2442 1957 2881 2013 sacrisinitiatus
2915 1964 2968 2012 et
3001 1957 3310 2012 instructus
3337 1955 3432 2017 sit.

1863 2056 1924 2100 ut
1955 2044 2255 2118 Egyptum
2289 2045 2614 2118 tlagellaret,
2657 2047 2914 2103 lsraelem
2945 2054 3209 2112 servaret,
3235 2052 3437 2117 myste-

1863 2139 2005 2193 rium
2031 2137 2247 2193 Domini
2275 2138 2616 2208 przedicerct.
2649 2137 2804 2205 Quod
2837 2139 3001 2194 etiam
3035 2139 3267 2193 maxime
3299 2151 3434 2193 con-

1860 2230 1996 2284 citat
2022 2229 2319 2284 concilium
2344 2271 2360 2296 ,
2390 2238 2446 2286 et
2485 2231 2735 2285 morbum
2784 2230 3062 2297 incendit,
3092 2231 3237 2300 quod
3267 2231 3433 2285 etiam

1859 2320 2113 2392 Moyses,
2150 2321 2314 2391 cujus
2358 2336 2420 2377 se
2463 2321 2722 2376 nimirum
2758 2322 3106 2376 vehementer
3149 2321 3435 2376 studiosos

1859 2429 1981 2470 esse
2005 2412 2179 2468 videri
2209 2414 2482 2478 volebant,
2514 2423 2780 2484 patronus
2823 2413 3082 2468 doctrina:
3133 2412 3298 2482 lmjus
3335 2412 3432 2468 de-

1860 2507 2202 2556 monstratur
2258 2519 2272 2555 :
2328 2503 2687 2572 quamobrem
2728 2503 2890 2557 etiam
2935 2511 3222 2574 surgentes
3273 2502 3435 2557 finem

1860 2589 2175 2661 imponunt,
2200 2591 2419 2662 qualem
2454 2599 2510 2647 et
2541 2590 2854 2664 Stephanus
2879 2592 3249 2659 desiderabat,
3286 2599 3342 2647 et
3367 2592 3436 2645 il-

1859 2681 2039 2737 lorum
2074 2683 2454 2738 crudelitatem
2501 2681 2749 2738 decebat.
2788 2681 2925 2738 Nam
2960 2682 3053 2737 ille
3081 2683 3302 2752 quidem
3335 2696 3436 2736 na-

1861 2779 2039 2827 turam
2058 2771 2505 2844 egressus,etiam
2524 2778 2818 2841 antequam
2838 2785 3069 2842 corpore
3083 2771 3440 2833 excessisset,

1861 2865 2016 2934 puris
2042 2865 2220 2920 oculis
2254 2863 2508 2919 cmlestes
2536 2862 2640 2918 sibi
2673 2871 2860 2932 portas
2881 2871 3096 2931 apertas
3123 2862 3269 2919 videt
3295 2871 3350 2918 et
3387 2861 3442 2916 id

1861 2955 2005 3026 quod
2030 2955 2172 3010 intra
2193 2953 2352 3026 adyta
2367 2954 2683 3024 apparebat,
2717 2968 2840 3010 cum
2869 2954 3043 3024 ipsam
3063 2954 3300 3009 divinam
3325 2955 3444 3024 glo—

1862 3048 2026 3114 riam,
2040 3054 2155 3102 tum
2171 3047 2360 3118 gloriae
2374 3045 2717 3117 splendorem
2737 3046 3106 3116 conspicatur,
3123 3059 3188 3098 ac
3204 3053 3445 3115 paterna:

1864 3137 2084 3208 quidem
2134 3139 2324 3209 gloriae
2362 3139 2515 3193 nulla
2547 3137 2883 3193 describitur
2913 3137 3163 3192 oratione
3217 3137 3388 3208 figura
3426 3155 3444 3191 :

1866 3229 2126 3301 splendor
2153 3245 2284 3286 vero
2315 3231 2372 3284 in
2403 3245 2489 3295 ea,
2520 3244 2628 3299 qua
2659 3229 2730 3284 ab
2761 3228 3079 3284 hominibus
3103 3229 3254 3284 visus
3284 3237 3405 3284 erat
3425 3270 3443 3296 ,

1868 3320 2046 3376 forma
2075 3320 2147 3375 ab
2169 3321 2369 3376 athleta
2398 3320 2762 3392 conspicitur,
2803 3320 2884 3376 sic
2924 3335 3216 3390 apparens.
3245 3329 3306 3376 ιιι
3336 3321 3443 3376 hu-

1867 3423 2029 3463 mana
2079 3423 2274 3479 capere
2321 3417 2534 3480 poterat
2588 3417 2810 3464 natura.
2863 3409 3045 3480 Atque
3087 3409 3176 3465 hic
3221 3411 3442 3481 quidem

1866 3510 2016 3556 extra
2032 3508 2282 3555 naturam
2306 3501 2598 3556 humanam
2619 3502 2971 3566 constitutus,
2991 3511 3046 3558 et
3062 3503 3116 3556 in
3139 3503 3444 3574 angelicum

1866 3593 2118 3650 decorem
2151 3593 2596 3659 trausformatus,
2631 3603 2692 3650 ut
2721 3595 2878 3665 ipsis,
2905 3595 3070 3651 etiam
3091 3594 3318 3652 nefariis
3341 3596 3443 3650 hn-

1868 3684 2086 3741 micidis
2119 3686 2384 3741 miraculo
2423 3696 2612 3752 esset,
2661 3687 2718 3742 in
2753 3686 3059 3757 angelicam
3117 3685 3442 3758 dignitatem

1869 3775 2046 3832 forma
2066 3774 2224 3832 faciei
2244 3784 2474 3842 mutata,
2493 3792 2619 3832 cum
2649 3776 2784 3833 vidit
2807 3777 3117 3850 eﬂ‘ugientia
3131 3786 3442 3849 aspectum,

1870 3876 1983 3922 tum
2015 3881 2156 3929 eam,
2188 3882 2311 3938 quae
2336 3867 2443 3923 sibi
2477 3868 2796 3938 apparebat,
2821 3869 3050 3938 gratiam
3079 3869 3297 3925 sublato
3327 3871 3442 3925 cla-

1870 3973 2023 4015 more
2058 3959 2410 4030 significavit.
2450 3958 2533 4015 llli
2573 3974 2703 4016 vero
2736 3962 3130 4017 continuerunt
3168 3977 3360 4026 aures,
3389 3970 3444 4018 et

1873 4047 2245 4104 narrationem
2281 4047 2511 4105 visionis
2557 4065 2666 4105 non
2704 4049 3064 4113 admiserunt.
3103 4051 3207 4106 hoc
3247 4052 3441 4108 saltem

1870 4154 1938 4196 ex
1957 4139 2212 4196 omnibus
2229 4149 2376 4196 recte
2397 4139 2695 4207 facientes;
2717 4155 2896 4210 neque
2913 4142 3060 4196 enim
3083 4140 3262 4212 dignae
3283 4149 3444 4197 erant

1871 4232 2226 4304 profanorum
2254 4240 2310 4288 et
2341 4233 2680 4302 impurorum
2711 4246 2896 4298 aures,
2935 4246 3059 4302 qua:
3110 4232 3312 4288 divina;
3352 4247 3447 4304 ap-

1873 4324 2162 4394 paritionis
2183 4323 2494 4396 acciperent
2522 4323 2887 4388 narrationes,
2913 4331 3078 4394 atque
3111 4323 3202 4380 ille
3223 4323 3446 4394 quidem

1884 4414 2116 4485 gratiam
2152 4413 2517 4485 przesentibus
2561 4412 3010 4468 communicabat
3058 4414 3357 4478 narrando,
3393 4414 3446 4467 iu

1874 4521 2169 4562 commune
2217 4519 2527 4576 preponcns
2565 4519 2628 4558 ea
2681 4519 2918 4574 quorum
2985 4505 3450 4575 contemplatione

1875 4600 2028 4654 solus
2056 4599 2256 4669 dignus
2276 4599 2557 4668 judicatus
2582 4607 2698 4652 erat
2723 4636 2738 4659 ,
2776 4593 2964 4659 Video,
2991 4596 3270 4666 inquiens,
3294 4596 3450 4651 catos

1875 4701 2106 4760 apertos,
2138 4701 2187 4744 et
2220 4689 2425 4744 Filium
2455 4689 2681 4744 hominis
2708 4698 2933 4742 stantem
2959 4705 2990 4741 a
3015 4688 3216 4742 dextris
3259 4686 3356 4740 Dei
3384 4688 3448 4740 ³⁸.

1877 4781 1943 4837 Hi
1973 4797 2105 4838 vero
2150 4783 2524 4838 exclamantes
2558 4795 2691 4835 voce
2746 4794 2975 4850 magna,
3016 4789 3071 4834 et
3105 4778 3452 4834 continentes

1877 4888 2040 4929 aures
2070 4888 2222 4937 suas,
2255 4873 2517 4944 impetum
2551 4869 2885 4926 unanimiter
2928 4869 2984 4923 in
3017 4883 3144 4924 eum
3181 4868 3450 4924 fecerunt.

1877 4962 2046 5020 Recte
2098 4963 2300 5033 adjecit
2329 4977 2522 5018 eorum
2565 4959 2726 5016 factis
2761 4958 2988 5014 historia
3027 4958 3361 5024 clamorem,
3395 4967 3456 5013 ut

1877 5053 2194 5112 ostenderet
2229 5052 2518 5109 destinatae
2565 5051 2865 5107 voluntatis
2897 5064 3086 5104 eorum
3129 5065 3254 5104 cum
3286 5047 3456 5104 Sodo-

1881 5146 2032 5201 mitis
2066 5147 2472 5216 cognationem.
2509 5143 2722 5199 Etenim
2775 5141 2992 5196 illorum
3026 5141 3208 5196 scelus
3247 5141 3456 5196 clamor

1885 5255 1914 5294 a
1961 5239 2244 5308 judicaute
2292 5237 2610 5292 nominatus
2656 5244 2760 5292 est.
2805 5235 3023 5290 Clamor
3051 5235 3213 5298 enim,
3244 5235 3452 5304 inquit,

1887 5329 2242 5385 Sodomorum
2267 5339 2315 5383 et
2339 5327 2650 5383 Gomorrhw
2674 5327 2743 5381 ad
2769 5344 2848 5381 me
2873 5327 3112 5380 ascendit
3144 5328 3209 5382 ".
3241 5326 3454 5382 Clama-

1887 5431 2087 5479 verunt
2121 5421 2290 5492 igitur
2323 5421 2377 5477 hi
2405 5435 2649 5492 quoque,
2683 5427 2739 5474 ut
2766 5419 2934 5475 etiam
2970 5433 3158 5474 eorum
3195 5419 3458 5476 adversus

3030 5681 3109 5742 23
