3918 6204
444 195 500 240 ΥΙ
508 206 541 238 ι)

1668 179 1725 235 S.
1763 174 2091 234 GREGORII
2130 173 2424 233 NYSSENI

3581 181 3662 238 'll6

437 301 773 372 Stephanum
802 299 1010 354 clamor
1033 296 1332 352 audiretur.
1368 295 1484 351 Non
1513 296 1799 367 ignorabat
1829 303 2007 348 autem

2122 296 2240 365 περὶ
2271 298 2434 351 αὐτὸν
2461 296 2570 351 τῶν
2611 295 3012 350 καταλευόντων
3055 296 3240 366 κύκλῳ
3284 298 3662 366 στεφανωθεὶς,

436 395 637 447 athleta
673 409 730 447 se
748 407 844 461 per
869 373 1249 444 crudelitatem
1280 389 1483 442 cicdem
1515 388 1782 441 nefariam
1813 401 2006 455 perpe-

435 483 699 536 trantium
749 479 1073 534 benelicium
1126 473 1397 547 accipere.
1449 475 1584 530 Nam
1620 476 1751 532 orbe
1804 475 2012 544 lapides

437 575 678 642 undique
720 571 1132 640 conjicientium
1176 570 1333 639 quasi
1386 582 1589 623 corona
1641 567 1894 629 cinctus,
1933 565 2011 619 ita

437 667 645 734 accepit
686 665 738 718 id
789 661 934 733 quod
983 661 1276 732 agebatur,
1321 661 1475 730 quasi
1526 673 1732 714 corona
1766 659 2012 715 victoriae

437 755 719 824 prmtnium
771 755 826 808 in
876 755 1132 810 manibus
1177 751 1619 806 adversariorum
1671 758 2008 805 necteretur.

436 847 618 911 Quare
649 845 814 899 etiam
844 845 1081 916 benigna
1115 841 1428 914 precatione
1452 841 1832 912 sanguinarios
1861 856 2011 895 com-

438 945 667 1007 pensat,
707 953 908 1007 rogans
939 953 1007 992 ne
1045 936 1101 990 in
1145 933 1461 989 contrarios
1504 942 1732 988 eventus
1768 931 2010 997 facinus,

437 1030 581 1099 quod
625 1030 680 1082 in
730 1029 852 1100 ipso
902 1026 1347 1097 perpetrabatur,
1388 1025 1745 1088 divideretur,
1796 1033 1856 1078 ut
1907 1023 2012 1079 sibi

437 1120 655 1189 quidem
684 1119 874 1183 vitam,
913 1117 1250 1174 adversariis
1284 1125 1467 1172 autem
1497 1117 1722 1172 exitium
1755 1116 2008 1170 afferret:

439 1210 534 1266 scd
569 1209 769 1279 quibus
796 1210 914 1278 ipse
946 1209 1148 1280 dignus
1178 1207 1458 1278 judicatus
1491 1216 1678 1271 esset,
1723 1209 1793 1264 ab
1843 1210 1910 1265 iis
1943 1224 2012 1264 ne

439 1304 623 1358 hostes
644 1303 885 1372 quidem,
919 1302 1077 1372 quasi
1111 1302 1376 1355 bonorum
1407 1301 1508 1356 sibi
1545 1303 1725 1370 aliqua
1761 1316 1826 1356 ex
1859 1309 2014 1371 parte

437 1403 710 1458 auctores,
743 1393 1191 1450 excluderentur.
1231 1394 1323 1447 Sic
1353 1394 1418 1454 is,
1452 1394 1542 1462 qui
1583 1394 1864 1448 Christum
1891 1409 2012 1448 cer-

438 1485 553 1547 nit,
588 1485 853 1540 adversus
898 1483 1089 1538 hostes
1125 1497 1251 1539 sese
1283 1500 1472 1555 gerere
1511 1486 1684 1541 novit.
1739 1486 2010 1552 Quoniam

435 1576 580 1630 enim
634 1576 908 1645 patientiae
961 1575 1328 1644 legislatorem
1377 1578 1626 1642 videbat,
1694 1577 2014 1633 recordatus

436 1675 519 1722 est
549 1669 725 1738 legum
767 1669 835 1722 ab
867 1683 932 1722 eo
981 1668 1216 1722 latarum
1250 1669 1506 1725 inimicos
1546 1671 1774 1739 diligere
1812 1671 2009 1740 juben-

438 1761 596 1822 tium,
633 1769 687 1815 et
736 1757 1060 1815 benefacere
1082 1759 1210 1814 odio
1249 1764 1712 1830 prosequentibus
1740 1802 1754 1825 ,
1791 1772 1845 1818 et
1897 1779 2000 1833 pro

438 1852 653 1906 hostilia
697 1850 1028 1906 facientibus
1082 1865 1245 1906 orare
1282 1853 1346 1906 ⁸⁸.
1385 1851 1586 1908 Verum
1621 1855 1825 1910 athleta
1885 1857 2009 1926 qui-

437 1943 558 1998 dem
597 1958 706 1996 non
743 1941 999 1996 humanis
1047 1940 1302 1996 laudibus
1338 1941 1669 2009 celebratur,
1713 1959 1894 2015 neque
1952 1946 2007 1998 in

438 2038 699 2093 certando
729 2037 956 2108 gloriam
993 2051 1059 2091 ex
1097 2035 1413 2092 hominibus
1441 2037 1730 2093 conflatam
1769 2042 1874 2097 sibi
1911 2059 2112 2118 propos

438 2131 636 2202 egregii
699 2139 872 2184 totum
927 2131 1192 2186 mundum
1257 2133 1649 2202 superaverit,
1686 2135 2049 2197 humanarum

439 2228 587 2283 omni
617 2229 889 2284 laudativa
919 2229 1182 2285 facultate
1214 2239 1336 2299 post
1369 2245 1427 2285 se
1456 2229 1692 2300 ahjecta.

507 2325 674 2397 Igitur
700 2325 789 2382 ille
809 2327 1030 2397 quidem
1057 2327 1109 2382 in
1134 2327 1282 2382 omni
1307 2328 1547 2384 humano
1570 2346 1822 2388 sermone
1843 2333 2015 2390 vieto-

420 2404 530 2474 risé
552 2419 780 2489 .praaruia
819 2419 1068 2476 obtineat
1092 2438 1108 2486 ;
1140 2434 1240 2476 nos
1263 2428 1444 2476 autem
1468 2421 1700 2478 historia
1731 2441 1831 2481 sua
1859 2427 2017 2497 adju-

439 2519 526 2567 vet
574 2510 642 2566 ad
691 2511 1004 2568 animarum
1045 2513 1301 2568 salutem.
1351 2513 1827 2580 Quemadmodum
1870 2520 2014 2574 enim

439 2603 583 2657 inter
608 2617 906 2672 corporeos
937 2604 1171 2660 athletas
1205 2604 1278 2669 ii,
1326 2607 1419 2676 qui
1464 2607 1518 2661 in
1567 2609 1802 2678 publicis
1839 2622 2017 2666 certa-

439 2694 680 2750 minibus
719 2693 1051 2750 contendere
1096 2696 1410 2763 desierunt,
1463 2698 1693 2768 juvenes
1741 2701 2018 2758 athleticis

439 2786 924 2843 exercitationibus
941 2802 1036 2857 per
1054 2787 1406 2843 artiﬁciosam
1421 2790 1711 2859 quamdam
1727 2791 2020 2863 agilitatem

437 2888 494 2934 et
535 2879 874 2934 habilitatem
919 2880 1339 2946 assuefaciunt,
1390 2883 1784 2951 prehensiones
1828 2885 2021 2941 adver-

439 2971 710 3028 sariorum
743 2969 999 3026 frustrari
1028 2977 1192 3040 atque
1222 2971 1444 3029 eludere
1473 2973 1733 3031 docentes
1760 2995 1773 3030 :
1807 2979 1882 3031 ita
1917 2993 2021 3033 nos

440 3077 659 3134 quoque
708 3062 910 3133 opinor
944 3071 1200 3134 Oportere
1229 3079 1333 3134 per
1367 3081 1626 3136 magnum
1680 3066 2017 3139 Stephanum
2045 3049 2090 3110 (ἶ

440 3153 684 3211 exerceri
714 3161 769 3209 et
796 3153 1081 3210 assueﬁeri
1115 3153 1182 3208 ad
1218 3154 1478 3224 pietatem
1500 3195 1518 3223 ,
1549 3167 1608 3212 ut
1643 3173 1739 3228 per
1779 3175 1902 3214 eum
1935 3159 2021 3214 fu-

440 3250 653 3320 giamus
677 3257 843 3318 atque
863 3247 1135 3304 evitemus
1159 3247 1814 3320 Pneumatomacborum,
1837 3251 1889 3306 id
1913 3261 2017 3320 est,

441 3340 672 3410 Spiritus
695 3340 868 3394 sancti
893 3339 1161 3408 hostium,
1190 3343 1566 3412 correptiones
1593 3351 1759 3415 atque
1777 3345 2022 3400 vexatio-

430 3447 558 3488 nes.
601 3432 769 3486 Aiunt
799 3431 948 3486 enim
1000 3431 1079 3485 illi
1128 3431 1223 3502 qui
1269 3431 1534 3489 adversus
1569 3434 1801 3505 gloriam
1842 3434 2020 3491 sancti

437 3526 681 3597 Spiritus
721 3525 1043 3589 insaniunt,
1075 3541 1188 3581 suae
1227 3525 1557 3582 absurditati
1595 3535 1652 3583 et
1689 3529 2020 3600 importuni-

443 3614 536 3670 tati
591 3613 933 3685 Stephanum
984 3614 1356 3684 patrocinari,
1395 3615 1492 3686 qui
1544 3615 1743 3672 ccelum
1796 3618 2022 3674 intentis

437 3705 620 3762 oculis
650 3706 930 3762 contuitus
950 3746 966 3773 ,
1005 3705 1142 3761 vidit
1181 3707 1410 3778 gloriam
1447 3706 1540 3764 Dei
1570 3715 1625 3764 et
1654 3706 1840 3765 Jesum
1872 3718 2024 3766 stan-

438 3805 550 3850 tem
583 3811 614 3850 a
643 3794 856 3852 dextris
885 3795 980 3852 Dei
1014 3796 1078 3851 ι’.
1105 3796 1188 3852 Ad
1225 3797 1568 3854 eversionem
1603 3799 1770 3871 igitur
1803 3801 2022 3870 pietatis

440 3887 708 3943 doctrina:
737 3888 792 3942 in
824 3889 971 3943 hunc
1002 3889 1223 3944 modum
1254 3889 1447 3946 dicunt
1476 3911 1491 3948 :
1528 3890 1587 3948 Si
1617 3908 1743 3949 cum
1778 3892 1943 3950 Patre
1971 3902 2024 3951 et

444 3978 582 4035 Filio
635 3978 902 4049 Spiritum
937 3982 1161 4036 omnino
1217 3985 1493 4039 numerari
1540 3993 1778 4056 oportet,
1831 3987 1926 4058 qui
1966 3987 2024 4040 fit

445 4079 505 4126 ut
541 4071 855 4142 Stephanus
889 4071 944 4126 in
986 4071 1330 4142 apparitione
1360 4090 1467 4129 una
1503 4090 1628 4131 cum
1665 4075 1806 4132 Filio
1841 4073 2020 4147 Spiri-

444 4170 559 4216 tum
591 4175 814 4232 quoque
845 4175 955 4216 non
990 4161 1234 4218 viderit?
1265 4161 1553 4230 Quomodo
1587 4166 1756 4236 igitur
1791 4167 1892 4231 iis,
1927 4166 2021 4235 qui

432 4269 540 4323 iper
566 4253 682 4308 haec
713 4253 832 4323 ipsa
862 4253 1028 4310 verba
1054 4255 1502 4324 supplantantur,
1536 4272 1760 4314 manum
1792 4257 2023 4327 Stepha-

426 4359 550 4400 ~nus
582 4344 870 4416 porriget?
896 4343 1020 4410 Quo
1052 4353 1212 4414 pacto
1239 4347 1486 4402 certandi
1523 4356 1640 4403 arte
1677 4349 2019 4403 lahascentes

426 4438 662 4508 leriget?
700 4436 843 4491 Sane
868 4451 935 4491 ex
963 4436 1152 4490 eodem
1188 4435 1310 4491 loco
1335 4438 1558 4494 exsistit
1581 4438 1843 4493 auxilium
1878 4437 2025 4508 quod

430 4540 655 4587 .evcrtat
685 4530 984 4588 adversarii
1016 4529 1481 4585 incredulitatem.
1509 4530 1720 4598 Quaeris
1741 4570 1758 4598 ,
1786 4544 1820 4583 ο
1850 4545 2024 4600 pneu-

439 4623 791 4680 .matomache
812 4662 826 4686 ,
852 4623 909 4675 si
944 4621 1120 4687 gloria
1150 4619 1329 4676 Patris
1363 4621 1655 4692 apparuit,
1687 4629 1740 4676 et
1787 4619 1960 4676 Filius
1991 4636 2023 4675 a

447 4713 658 4770 dextris
690 4712 982 4767 stationem
1019 4709 1274 4765 obtinens
1295 4750 1310 4776 ,
1345 4711 1438 4767 ubi
1467 4709 1751 4782 Spiritus?
1791 4709 1950 4776 Quod
1980 4711 2022 4766 si

447 4808 501 4860 in
532 4815 584 4861 te
613 4804 852 4875 Spiritus
883 4810 1030 4859 esset
1049 4842 1063 4868 ,
1098 4818 1208 4858 non
1239 4804 1581 4873 propositum
1611 4803 1678 4857 de
1701 4802 2021 4856 eoverbum

444 4907 502 4952 te
539 4898 932 4967 praeteriisset:
961 4895 1420 4968 quemadmodum
1462 4895 1534 4960 ii,
1575 4896 1669 4965 qui
1705 4893 1850 4964 capti
1893 4901 2023 4948 sunt

437 4988 660 5055 oculis,
723 4995 913 5043 aurum
965 4997 1092 5042 ante
1151 4987 1318 5057 pedes
1369 4985 1646 5056 obiectum
1710 4986 2024 5056 ignorantes

449 5085 798 5150 praetereunt.
831 5079 902 5130 At
931 5091 1080 5131 nunc
1109 5076 1303 5132 saltem
1337 5075 1504 5137 audi,
1543 5074 1647 5129 nisi
1683 5090 1846 5130 aures
1883 5075 2024 5132 forte

447 5169 700 5226 contines
720 5210 733 5233 ,
756 5167 922 5223 sicuti
943 5166 1120 5222 Judaei
1141 5165 1416 5221 faciebant
1441 5185 1453 5219 :
1477 5163 1767 5232 Quomodo
1797 5165 2028 5237 Stepha-

448 5276 557 5318 nus
587 5259 1036 5332 supercoelestem
1067 5257 1310 5331 gloriam
1350 5256 1533 5312 vidit?
1565 5255 1705 5324 Quis
1745 5257 1795 5313 ei
1836 5267 2025 5329 portas

448 5352 714 5410 calorum
753 5349 1054 5421 patefecit?
1095 5347 1354 5419 Nunquid
1410 5348 1773 5404 humanarum
1828 5351 2025 5405 virium

452 5445 506 5499 id
531 5459 672 5516 opus
703 5443 862 5498 erat?
893 5441 1034 5498 Num
1065 5443 1188 5514 quis
1217 5457 1282 5497 ex
1311 5440 1512 5512 angeli:
1553 5441 1620 5495 ad
1657 5443 1806 5498 illam
1849 5444 2025 5498 subli-

522 5627 568 5661 “
604 5630 792 5684 Matth.
823 5644 874 5690 v.
900 5630 988 5682 44.
1074 5631 1113 5660 ¹⁹
1154 5629 1272 5682 Act.
1303 5643 1397 5691 vn,
1432 5626 1501 5689 55,

2048 1639 2090 1694 Β

2111 392 2281 455 οὕτως
2315 391 2529 458 ἐδέξατο
2553 390 2612 442 τὸ
2643 389 2948 459 γινόμενον,
2977 389 3052 451 ὼς
3085 388 3347 456 στέφανον
3376 393 3663 463 νικητήριον

2111 487 2170 538 ἐν
2195 486 2316 548 ταῖς
2347 483 2504 556 χερσὶ
2531 483 2640 536 τῶν
2675 482 2931 535 ἐναντίων
2964 481 3319 551 πλεκόμενον.
3350 482 3443 534 Διὸ
3475 484 3565 536 καὶ
3588 487 3663 538 εὐ-

2111 575 2266 646 λογίᾳ
2289 576 2416 639 τούς
2445 575 2759 646 μιαιφόνους
2779 573 3065 645 ἀμύνεται,
3088 574 3189 626 οὐκ
3219 573 3389 640 ἀξιῶν
3421 575 3557 646 πρὸς
3585 575 3667 639 τὰς

2111 667 2358 729 ἐναντίας
2399 667 2651 733 ἐκϐάσεις
2677 667 2777 735 τὴν
2815 666 2902 718 ἐπ’
2929 665 3077 735 αὐτῷ
3103 664 3301 736 πρᾶξιν
3331 667 3668 736 καταμερίζε-

2114 760 2256 823 σθαι,
2284 759 2360 822 ὡς
2381 758 2573 829 ἐκείνῳ
2611 759 2710 830 μὲν
2744 757 2842 829 τὴν
2869 757 3036 828 ζωὴν,
3065 759 3179 820 τοῖς
3213 757 3270 810 δὲ
3298 758 3667 828 ἀντικειμένοις

2113 852 2297 922 φέρειν
2318 851 2408 904 τὸν
2427 850 2546 904 δλεθ
2553 868 2644 921 ρον
2661 864 2674 878 ⁶
2703 849 2817 903 ἀλλ’
2839 845 2913 903 ὧν
2939 849 3100 912 αὐτὸς
3123 849 3321 918 ἠξίωτο
3337 850 3576 912 καὶτοὺς
3594 868 3669 902 πο-

2112 941 2330 1012 λεμίους
2351 941 2426 1003 ὡς
2449 939 2668 1008 ἀγαθῶν
2691 939 2841 1009 αὐτῷ
2869 938 3174 1001 συναιτίους
3193 938 3267 1010 μὴ
3291 940 3565 990 ἐκπεσεῖν.
3582 939 3666 991 Οὓ-

2112 1050 2218 1096 τως
2243 1032 2383 1086 οἶδεν
2410 1033 2438 1085 6
2464 1030 2696 1102 Χριστὸν
2742 1029 2954 1100 βλέπων
2978 1030 3090 1092 τοῖς
3118 1027 3414 1099 πολεμοῦσι
3451 1029 3668 1099 προσφέ-

2118 1123 2325 1196 ρεσθαι.
2368 1122 2584 1193 Ἐπειδὴ
2610 1121 2721 1194 γὰρ
2741 1117 2848 1175 εἶδε
2877 1125 2976 1192 τῆς
3003 1121 3384 1192 μακροθυμίας
3407 1120 3502 1173 τὸν
3535 1137 3667 1189 νομο-

2115 1219 2295 1286 θέτην,
2314 1216 2636 1288 ὑπεμνήσθη
2651 1217 2758 1268 τῶν
2775 1215 2957 1285 νόμων
2970 1213 3078 1266 τῶν
3094 1214 3313 1282 ἀγαπᾷν
3329 1213 3456 1276 τοὺς
3473 1212 3668 1282 ἐχθροὺς

2115 1311 2441 1366 κελευόντων
2457 1350 2470 1373 ,
2502 1309 2596 1363 καὶ
2619 1308 2798 1370 καλῶς
2828 1308 3001 1360 ποιεῖν
3021 1307 3133 1368 τοῖς
3155 1305 3373 1374 μισοῦσι
3390 1345 3406 1372 ,
3431 1305 3533 1357 καὶ
3555 1304 3670 1374 ὑπὲρ

2115 1404 2222 1457 τῶν
2248 1402 2627 1472 πολεμούντων
2652 1397 3066 1472 προσεύχεσθαι.
3087 1396 3225 1449 Ἀλλ’
3254 1398 3282 1448 6
3306 1395 3405 1466 μὲν
3435 1393 3670 1464 ἀθλητὴς,

2115 1497 2216 1550 οὐκ
2263 1494 2322 1559 ἐξ
2359 1493 2715 1565 ἀνθρωπίνων
2765 1489 3004 1544 ἐπαίνων
3033 1486 3333 1553 δοξάζεται.
3370 1485 3510 1540 Οὐδὲ
3539 1485 3672 1556 γάρό

2120 1589 2320 1651 σκοπὸς
2348 1586 2496 1656 αὐτῷ
2537 1587 2634 1657 τῆς
2682 1583 2962 1655 ἀθλήσεως
2991 1581 3127 1653 πρὸς
3169 1580 3268 1652 τὴν
3308 1579 3368 1646 ἐξ
3397 1577 3671 1650 ἀνθρώπων

2117 1681 2310 1734 ἔϐλεπε
2347 1679 2502 1743 δόξαν
2525 1694 2539 1708 ’
2586 1676 2698 1730 ἀλλ’
2746 1673 2990 1745 ὑπερϐὰς
3036 1673 3216 1727 πάντα
3251 1672 3341 1726 τὸν
3378 1671 3581 1742 κόσμον
3619 1673 3670 1740 τῇ

2120 1772 2458 1843 μεγαλοφυῖᾳ
2495 1768 2590 1824 τοῦ
2637 1767 3078 1840 κατορθώματος,
3135 1765 3228 1819 καὶ
3263 1764 3329 1817 τά
3379 1764 3556 1834 μέτρα
3592 1761 3669 1829 τῆς

2117 1861 2464 1932 ἀνθρωπίνης
2489 1859 2767 1930 δυνάμεως
2803 1857 3233 1928 συμπαρέδραμε
3253 1896 3270 1924 ,
3310 1858 3499 1908 πᾶσαν
3528 1855 3668 1922 ἐγκω-

2120 1953 2412 2025 μιαστικὴν
2443 1952 2673 2022 δύναμιν
2706 1950 2936 2004 κατόπιν
2966 1947 3159 2003 ἑαυτοῦ
3194 1947 3375 2016 ῥίψας.

2118 2051 2244 2104 itam
2284 2050 2565 2104 habebat:
2608 2045 2705 2102 sed
2765 2059 2889 2099 cum
2965 2041 3366 2112 magniﬁcentia
3435 2035 3670 2092 facinoris

2127 2161 2345 2217 quoque
2401 2145 2597 2201 virium
2648 2142 2844 2199 modos
2906 2139 3069 2196 simul
3113 2146 3539 2209 praetergressus
3576 2141 3670 2197 est,

2184 2333 2426 2397 Οὐκοῦν,
2476 2333 2505 2387 6
2565 2331 2662 2402 μὲν
2709 2329 2880 2400 ἐχέτω
2927 2327 3068 2382 κατά
3105 2326 3306 2388 παντὸς
3355 2324 3673 2397 ἀνθρωπίνου

2115 2427 2274 2496 λόγου
2302 2425 2369 2480 τά
2397 2426 2693 2497 νικητήρια
2712 2440 2726 2454 ·
2755 2424 2886 2494 ἡμῖν
2912 2419 2970 2472 δὲ
3003 2416 3454 2488 συναγωνιξέσθω
3483 2421 3544 2488 τῇ
3573 2419 3675 2471 κατ’

2117 2518 2278 2572 αὐτὸν
2305 2517 2516 2588 ἱστορίᾳ
2539 2516 2676 2586 πρὸς
2703 2514 2800 2585 τὴν
2829 2511 2935 2566 τῶν
2964 2509 3154 2581 ψυχῶν
3189 2509 3484 2578 σωτηρίαν.
3511 2505 3674 2560 Καθά-

2119 2628 2226 2682 περ
2277 2611 2386 2682 γάρ
2449 2611 2506 2662 ἐν
2561 2610 2676 2672 τοῖς
2735 2605 3070 2675 σωματικοῖς
3138 2601 3432 2670 ἀθληταῖς,
3495 2601 3541 2653 οἱ
3584 2597 3680 2651 τῶν

2124 2702 2351 2772 ἀγώνων
2389 2699 2749 2770 παυσάμενοι,
2779 2693 3184 2766 παιδοτριϐοῦσι
3217 2693 3343 2755 τούς
3385 2691 3538 2754 νέους
3578 2691 3682 2751 ταῖς

2125 2795 2444 2866 ἀθλητικαῖς
2459 2792 2812 2864 γυμνασίαις,
2833 2789 2920 2842 διά
2941 2805 3082 2850 τινος
3101 2788 3354 2857 τεχνικῆς
3375 2781 3683 2856 εὐστροφίας

2125 2887 2366 2942 ὲκδύνειν
2391 2886 2490 2950 τὰς
2509 2884 2680 2948 λαϐὰς
2707 2884 2812 2937 τῶν
2837 2880 3297 2937 ἀντιπαλαιόντων
3321 2877 3651 2937 διδάσκοντες
3670 2888 3682 2903 ’

2124 2974 2297 3037 οὕτως
2320 2967 2474 3044 οἶμαι
2503 2973 2612 3025 δεῖν
2642 2971 2734 3024 καὶ
2760 2971 2906 3040 ἡμᾶς
2934 2967 3022 3022 διὰ
3046 2967 3139 3022 τοῦ
3166 2966 3404 3036 μεγάλου
3426 2963 3687 3033 Στεφάνου

2121 3063 2602 3137 παιδοτριϐηθῆναι
2655 3061 2753 3131 τὴν
2820 3059 3133 3125 εὐσέϐειαν,
3192 3060 3268 3122 ὡς
3322 3057 3391 3112 ἂν
3423 3057 3493 3112 δι’
3534 3053 3688 3110 αὐτοῦ

2123 3157 2382 3229 φύγωμεν
2422 3154 2522 3220 τάς
2557 3153 2666 3207 τῶν
2692 3151 3172 3223 Πνευματομάχων
3203 3149 3397 3213 λαϐάς.
3432 3147 3566 3203 Φασὶ
3588 3145 3691 3216 γὰρ

2120 3250 2169 3303 οἱ
2190 3247 2493 3311 λυσσῶντες
2525 3246 2668 3301 κατά
2693 3243 2794 3313 τῆς
2830 3244 2987 3314 δόξης
3027 3242 3122 3296 τοῦ
3171 3241 3524 3312 Πνεύματος,
3573 3254 3695 3290 συν-

2121 3341 2320 3412 ήγορον
2352 3336 2490 3394 εἷναι
2543 3338 2642 3410 τῆς
2668 3339 2892 3392 ἐκείνων
2920 3336 3148 3400 ἀτοπίας
3177 3333 3267 3386 τὸν
3307 3333 3608 3402 Στέφανον,
3641 3328 3697 3390 ὃς

2121 3428 2432 3492 ἐνατενίσας
2475 3424 2554 3497 τῷ
2593 3425 2806 3498 οὐρανῷ
2837 3419 2945 3478 εἶδε
2989 3423 3147 3489 δόξαν
3177 3419 3312 3476 Θεοῦ
3361 3421 3455 3475 καὶ
3496 3418 3702 3490 Ἰησοῦν

2121 3520 2333 3574 ἑστῶτα
2379 3520 2443 3573 ὲκ
2489 3518 2679 3587 δεξιῶν
2735 3518 2829 3571 τοῦ
2881 3515 3038 3571 Θεοῦ.
3099 3516 3329 3582 Λέγουσι
3379 3512 3559 3566 τοίνυν
3616 3509 3703 3562 ἐπ’

2121 3613 2399 3682 ἀνατροπῇ
2428 3609 2539 3663 τῶν
2567 3611 2666 3682 τῆς
2695 3608 2977 3672 εὐσεϐείας
3003 3607 3303 3678 δογμάτων,
3326 3605 3424 3667 ὅτι,
3456 3603 3522 3655 Et
3558 3603 3702 3672 μετά

2123 3703 2336 3774 Πατρὸς
2365 3702 2460 3756 καὶ
2481 3700 2612 3754 Υἱοῦ
2645 3701 2726 3754 δεῖ
2751 3700 2966 3762 πάντως
2996 3695 3340 3770 ἀριθμεῖσθαι
3361 3693 3420 3746 τὸ
3442 3690 3700 3762 Πνεῦμα.

2124 3792 2241 3856 πῶς
2278 3791 2377 3845 οὐκ
2420 3785 2559 3844 εἶδεν
2591 3792 2620 3843 6
2663 3789 2931 3858 Στέφανος
2979 3789 3038 3841 ὲν
3081 3789 3148 3857 τῇ
3181 3783 3410 3855 ὀπτασίᾳ
3442 3780 3592 3853 μετά
3615 3781 3706 3834 τοῦ

2124 3882 2252 3938 Υίοῦ
2279 3883 2372 3937 καὶ
2399 3882 2459 3936 τὸ
2491 3879 2751 3952 Πνεῦμα;
2785 3879 2909 3944 Πῶς
2938 3873 3030 3933 οὐν
3069 3877 3246 3949 ὀρέξει
3274 3877 3372 3947 τὴν
3400 3875 3570 3946 χεῖρα
3603 3874 3705 3932 τοῖς

2121 3975 2210 4030 διὰ
2241 3975 2348 4029 τῶν
2386 3973 2640 4028 τοιούτων
2664 3971 2838 4042 λόγων
2875 3969 3393 4039 ὐποσκελιζομένοις
3418 3969 3448 4020 ὁ
3499 3963 3705 4032 Στέφα-

2125 4083 2249 4134 νος;
2311 4066 2430 4130 πῶς
2478 4063 2778 4138 ἀνορθώσει
2827 4065 2894 4135 τῇ
2960 4062 3297 4131 ἀγωνιστικῇ
3353 4059 3531 4129 τέχνῃ
3590 4056 3705 4116 τούς

2125 4157 2556 4224 ὐποκλάζοντας;
2575 4153 2650 4210 Ἶι
2667 4155 2890 4210 αὐτόθεν
2916 4155 3064 4208 ἐστὶν
3096 4155 3128 4225 ἡ
3164 4151 3385 4224 βοήθεια
3407 4152 3447 4221 ἠ
3481 4145 3704 4219 ἀνατρέ·

2123 4266 2302 4304 πουσα
2341 4249 2440 4321 τὴν
2473 4247 2730 4304 ἀπιστίαν
2774 4247 2868 4301 τοῦ
2901 4243 3385 4318 προσπαλαίοντος,
3418 4241 3642 4312 Ζητεῖς,
3667 4231 3705 4288 ὦ

2126 4341 2579 4412 Πνευματομάχε,
2606 4342 2686 4396 ὅτι
2703 4382 2718 4406 ,
2747 4342 2810 4395 Εἰ
2831 4342 2866 4412 ἡ
2891 4339 3018 4404 δόξα
3038 4337 3131 4392 τοῦ
3164 4336 3376 4408 Πατρὸς
3401 4333 3601 4406 ὤφθη.
3627 4330 3709 4384 καὶ

2127 4435 2155 4486 6
2189 4432 2315 4495 Υἱὸς
2343 4432 2442 4502 τὴν
2484 4433 2550 4485 ὲκ
2587 4431 2776 4498 δεξιῶν
2805 4430 2994 4485 στάσιν
3027 4427 3189 4498 ἔχων,
3215 4425 3319 4480 ποῦ
3360 4423 3422 4477 τὺ
3455 4423 3706 4492 Πνεῦμας

2124 4528 2186 4584 El
2213 4523 2279 4598 ἦν
2303 4528 2360 4580 ὲν
2393 4528 2474 4580 σοὶ
2503 4527 2562 4580 τὸ
2591 4526 2832 4597 Πνεῦμα,
2860 4527 2959 4580 οὐκ
2982 4524 3048 4580 ἂν
3072 4524 3438 4596 προκείμενον
3459 4522 3561 4577 τὸν
3597 4518 3709 4591 περὶ

2121 4619 2285 4673 αὐτοῦ
2308 4620 2462 4689 λόγον
2497 4621 2868 4694 παρέδραμες,
2898 4618 3088 4688 ὥσπερ
3123 4619 3170 4671 ot
3204 4615 3370 4686 πηροὶ
3403 4615 3518 4678 τὰς
3550 4614 3708 4682 ὄψεις.

2121 4711 2181 4766 τὸ
2199 4711 2304 4784 πρὸ
2321 4711 2430 4765 τῶν
2451 4711 2624 4765 ποδῶν
2640 4709 2890 4782 κείμενον
2915 4708 3134 4780 χρυσίον
3156 4705 3487 4776 ἀγνοοῦντες
3514 4702 3708 4775 παρέβην

2129 4820 2328 4873 χονται.
2375 4802 2533 4855 Ἀλλά
2565 4801 2661 4855 νῦν
2704 4802 2836 4870 γοῦν
2863 4801 3115 4864 ἄκουσον,
3146 4798 3200 4851 et
3239 4814 3303 4866 γε
3349 4794 3430 4866 μὴ
3475 4795 3710 4862 συνέχεις

2131 4895 2270 4948 κατὰ
2288 4895 2412 4956 τούς
2442 4894 2728 4957 Ἰουδαίους
2749 4894 2847 4965 τὴν
2867 4893 3052 4963 ἀκοήν.
3078 4890 3201 4953 Πῶς
3223 4885 3328 4942 εἶδε
3356 4889 3465 4958 τὴν
3490 4889 3709 4957 ὑπεραέ-

2135 4986 2314 5056 ράνιον
2355 4985 2510 5050 δόξαν
2539 4987 2566 5038 6
2621 4985 2924 5054 Στέφανος
2963 4983 3047 5046 τίς
3085 4981 3234 5050 αὐτῷ
3265 4980 3362 5042 τάς
3394 4979 3596 5041 πύλας
3618 4974 3713 5028 τῶν

2128 5075 2372 5147 οὐρανῶν
2403 5075 2754 5140 διεπέτασεν;
2789 5070 2917 5144 ’Ἆρ’
2952 5073 3298 5146 ἀνθρωπίνης
3329 5071 3626 5142 δυνάμεως
3647 5061 3715 5134 ἦν

2132 5170 2194 5222 τὸ
2239 5167 2600 5240 κατόρθωμα;
2652 5164 2764 5239 ἀρά
2809 5185 2952 5232 τινος
2991 5167 3099 5220 τῶν
3163 5163 3416 5233 ἀγγέλων
3478 5164 3615 5234 πρὸς
3656 5159 3720 5210 τὸ

2135 5261 2268 5330 ὕψος
2312 5261 2486 5314 ἐκεῖνο
2532 5260 2630 5331 τὴν
2658 5261 2807 5314 κάτω
2836 5259 3099 5330 κειμένην
3142 5257 3303 5326 φύσιν
3341 5253 3721 5308 ἀναϐιϐάσανο

2134 5371 2256 5421 τος;
2288 5354 2400 5408 Οὐκ
2442 5352 2555 5405 ἔστι
2599 5351 2800 5407 ταῦτα’
2843 5351 2905 5405 οὐ
2945 5351 3054 5422 γάρ
3104 5348 3339 5419 οὐτωςὴ
3377 5347 3510 5400 κατ’
3555 5341 3726 5396 αὐτδν

2137 5443 2343 5515 ἱστορία
2378 5445 2561 5514 φησὶν,
2593 5445 2673 5498 ὅτι
2712 5442 2981 5511 Στέφανος
3019 5441 3074 5494 δὲ
3116 5440 3281 5503 πολὺς
3307 5439 3455 5492 κατὰ
3490 5437 3590 5505 τὴν
3635 5431 3723 5487 δύ-
