3918 6204
292 176 393 234 717
491 201 496 206 ·

1595 170 1662 227 ιΝ
1693 170 1750 226 S.
1785 167 2235 226 STEPIIANUM.

3445 135 3560 223 vis

291 289 449 359 ημῖν
480 285 592 350 ὣν,
627 285 662 357 ἦ
719 285 818 356 τῆς
849 286 1148 358 ἀγγελικῆς
1188 285 1433 357 βοηθείας
1473 286 1684 357 πλήρης
1717 287 1869 354 γενό-

1976 282 2218 336 mitatem
2275 277 2547 335 infernam
2609 287 2860 333 naturam
2914 278 3136 334 evexit?
3169 278 3288 334 Non
3325 282 3435 337 haec
3479 287 3551 340 ita

292 396 468 450 μενος,
491 373 634 431 εἶδεν
663 375 698 429 ἃ
729 370 890 429 εἶδεν.
946 377 1106 430 Ἀλλά
1133 377 1186 429 τί
1226 376 1403 444 λέγεις
1437 377 1739 446 Στέφανος
1776 376 1868 444 δὲ,

289 469 523 536 πλήρης
543 466 630 520 ὢν
657 467 1002 536 Πνεύματος
1037 467 1230 537 ἁγίου,
1251 463 1372 520 εἶδε
1403 466 1520 534 τὴν
1553 466 1740 531 δόξαν
1763 466 1867 520 τοῦ

289 558 434 614 Θεοῦ
471 557 570 610 καὶ
606 555 1042 626 τεενμονογενῆ
1086 558 1192 611 τοῦ
1233 556 1380 612 Θεοῦ
1434 557 1588 610 Υίόν.
1629 558 1703 611 Οὐ
1762 557 1869 629 γὰρ

286 652 423 713 ἐστι,
453 647 636 712 καθώς
685 666 850 720 φησιν
900 651 928 702 6
963 651 1290 720 Προφήτης,
1343 649 1405 702 τὸ
1447 648 1563 718 φῶς
1605 646 1866 716 ὀφθῆναι,

289 745 363 814 μὴ
397 745 454 796 ὲν
477 741 553 812 τῷ
575 741 715 810 φωτὶ
746 739 1148 812 καθορώμενον.
1184 741 1287 795 Ἔν
1308 740 1416 811 γὰρ
1450 741 1529 806 τῷ
1555 741 1705 809 φωτί
1729 754 1866 804 σου,

287 834 468 904 φησὶν,
515 832 783 901 ὀψόμεθα
818 830 965 900 φῶς.
1001 833 1064 885 Ei
1099 828 1191 886 οὖν
1241 833 1340 886 ούκ
1391 831 1664 902 ἐνδέχεται
1699 830 1774 902 μὴ
1813 831 1870 883 ὲν

284 926 356 996 τῷ
387 926 525 994 φωτὶ
554 923 806 993 γενέσθαι
848 924 946 994 τὴν
975 925 1068 977 τοῦ
1102 925 1279 993 φωτὸς
1308 923 1541 995 Θεωρίαν
1561 939 1574 952 ·
1613 922 1729 987 πῶς
1761 923 1871 994 γὰρ

284 1015 429 1068 ἐστιν
459 1015 673 1067 ἀπιδεῖν
713 1016 792 1078 εἰς
833 1014 926 1068 τὸν
974 1015 1124 1086 ἥλιον
1165 1014 1270 1080 ἔξω
1301 1014 1410 1068 τῶν
1443 1014 1676 1068 ἀκτίνων
1719 1013 1872 1082 γενό-

291 1125 484 1178 μενον;
529 1108 651 1160 ἐπεὶ
676 1106 771 1160 οὖν
797 1109 854 1161 ὲν
890 1106 969 1178 τῷ
1003 1108 1145 1177 φωτὶ
1198 1107 1293 1160 τοῦ
1327 1107 1561 1178 Πατρὸς,
1594 1107 1870 1160 τουτέστιν

285 1199 336 1250 ἐν
374 1197 454 1266 τῷ
496 1196 773 1266 Πνεύματι
800 1196 878 1266 τῷ
906 1196 1046 1266 ἀγίῳ
1076 1195 1155 1266 τῷ
1189 1196 1399 1249 ἐκεῖθεν
1429 1197 1869 1267 ἐκπορευομένῳ,

284 1288 339 1341 τὸ
382 1289 678 1355 Μονογενὲς
712 1288 1012 1358 καθορᾶται
1064 1289 1210 1356 φῶς’
1243 1288 1330 1342 διὰ
1360 1287 1518 1340 τοῦτο
1558 1306 1872 1359 προκαταυ-

286 1380 504 1448 γασθεὶς
533 1382 596 1449 τῇ
631 1378 756 1450 δόξῃ
783 1377 874 1430 τοῦ
904 1378 1242 1448 Πνεύματος,
1279 1380 1336 1431 ὲν
1371 1379 1621 1450 περινοίᾳ
1647 1363 1749 1448 τῆς
1778 1377 1872 1432 τοῦ

286 1472 493 1542 Πατρὸς
539 1472 632 1523 καὶ
671 1468 766 1522 τοῦ
805 1468 936 1521 Υίοῦ
969 1469 1127 1541 δόξης
1158 1471 1386 1537 γίνεται.
1430 1470 1600 1533 Ἐπεὶ,
1628 1469 1743 1532 πῶς
1778 1470 1873 1540 τὴν

1971 384 2140 439 sunt,
2183 389 2290 428 non
2331 374 2475 429 enim
2517 372 2591 425 ita
2627 372 2694 426 de
2732 387 2797 428 eo
2848 371 3080 426 historia
3111 373 3281 436 dicit,
3325 389 3550 444 nempe:

1974 466 2282 536 Stephanus
2322 472 2502 520 autem
2545 478 2672 519 cum
2709 465 2918 520 viribus
2962 465 3230 535 polleret,
3281 473 3378 518 aut
3427 481 3551 520 cum

1971 559 2188 612 abunde
2239 558 2288 612 ei
2348 563 2663 626 suppeteret
2717 557 3020 626 angelicum
3071 556 3372 618 auxilium,
3418 556 3556 611 vidit

1970 665 2030 704 ea
2070 665 2189 720 quae
2219 649 2373 704 vidit.
2399 647 2506 704 Sed
2531 647 2662 718 quid
2696 647 2868 702 dicit?
2912 646 3206 716 Stephanus
3234 656 3408 702 autem
3434 664 3554 702 cum

1970 751 2102 796 esset
2132 741 2314 811 plenus
2337 741 2541 809 Spiritu
2567 750 2772 804 sancto,
2805 739 2931 794 vidit
2964 740 3192 809 gloriam
3215 739 3316 794 Dei
3350 752 3400 795 et
3429 742 3553 796 uni-

1971 833 2204 900 genitum
2230 831 2325 886 Dei
2346 829 2552 885 Fitium
2577 832 2646 884 ¹⁰.
2672 830 2790 885 Non
2815 831 2961 885 enim
2992 830 3109 884 ﬁeri
3137 838 3348 900 potest,
3382 841 3443 886 ut
3469 832 3554 888 in-

1971 923 2091 993 quit
2122 921 2427 992 Propheta,
2471 932 2529 977 ut
2572 923 2752 978 lumen
2792 922 3062 989 videatur,
3101 923 3207 975 nisi
3239 937 3338 992 per
3370 923 3554 979 lumen

1972 1015 2368 1083 conspiciatur.
2417 1014 2484 1068 In
2532 1015 2728 1068 lumine
2759 1013 2906 1069 enim
2930 1054 2946 1078 ,
2989 1013 3202 1084 inquit,
3234 1022 3322 1067 tuo
3355 1015 3554 1069 videbi-

1973 1123 2090 1160 mus
2129 1106 2303 1161 lumen
2334 1106 2402 1162 ²¹.
2451 1105 2508 1160 Si
2558 1106 2724 1176 igitur
2769 1120 2877 1158 non
2929 1106 3033 1159 nisi
3069 1121 3164 1175 per
3200 1107 3384 1160 lumen
3432 1107 3548 1162 ﬁeri

1975 1198 2199 1254 luminis
2228 1199 2619 1268 contemplatio
2648 1205 2846 1266 potest,
2873 1198 3150 1266 quomodo
3179 1198 3223 1252 si
3249 1199 3374 1267 quis
3398 1207 3555 1252 extra

1974 1291 2159 1346 radios
2189 1299 2461 1353 versetur,
2507 1289 2676 1344 solem
2723 1289 2976 1343 contueri
3026 1289 3250 1358 potest?
3281 1289 3552 1354 Quoniam

1981 1380 2149 1449 igitur
2202 1396 2298 1450 per
2343 1381 2528 1434 lumen
2574 1379 2791 1444 Patris,
2844 1379 2948 1434 hoc
2987 1389 3108 1443 est,
3157 1396 3254 1449 per
3287 1380 3552 1449 Spiritum

1975 1481 2227 1526 sanctum
2253 1472 2402 1526 illinc
2430 1472 2816 1541 procedentem
2838 1470 3191 1539 Unigenitum
3213 1473 3557 1543 conspicitur

284 1561 641 1632 εὖαγγελικὴν
669 1561 942 1629 ἀπόφασιν
974 1561 1261 1632 ἀληθεύειν
1310 1563 1577 1633 φήσομεν,
1613 1561 1694 1614 ὃτι
1727 1562 1872 1614 Θεὸν

1978 1563 2204 1616 lumen:
2249 1561 2459 1616 idcirco
2501 1562 2675 1630 gloria
2719 1562 2960 1632 Spiritus
3009 1567 3164 1632 prius
3211 1564 3555 1618 illuminatus

284 1655 483 1720 οὐδεὶς
527 1654 747 1723 ἑώρακε
784 1653 1049 1717 minore;
1076 1653 1199 1717 Πῶς
1229 1655 1285 1707 δὲ
1313 1655 1404 1710 τὸν
1445 1653 1762 1707 Ἀπόστολον
1795 1652 1868 1726 μὴ

1976 1655 2130 1723 plena
2175 1655 2374 1709 mentis
2423 1652 2949 1724 comprehensione,
3000 1663 3055 1710 et
3099 1653 3278 1710 Patris
3330 1665 3386 1710 et
3432 1654 3555 1710 Filii

286 1747 498 1800 ἐναντία
531 1749 643 1809 τοῖς
679 1745 1010 1817 ίστορηθείσι
1047 1745 1197 1817 βοᾷν,
1229 1746 1354 1799 ὅταν
1391 1746 1539 1814 λέγει
1559 1762 1572 1776 ο
1601 1746 1748 1799 Οὔτε
1779 1762 1869 1810 τις

287 1835 445 1894 εἶδεν
464 1840 651 1893 αὑτὸν
671 1838 1018 1907 ἀνθρώπων,
1043 1839 1181 1892 οὔτε
1210 1837 1357 1892 ἰδεῖν
1377 1837 1624 1890 δύναται
1643 1853 1661 1902 ;
1683 1839 1744 1889 Εί
1763 1838 1867 1908 γὰρ

289 1931 598 2003 ἀνθρωπίνῃ
630 1931 790 1999 φύσει
833 1948 892 1984 τε
933 1931 1028 1985 καὶ
1073 1930 1320 2000 δυνάμει,
1361 1929 1521 2000 ήτοῦ
1553 1928 1766 2001 Πατρός
1808 1944 1869 1980 τε

291 2025 380 2078 καὶ
407 2023 500 2076 τοῦ
530 2023 660 2076 Υἱοῦ
690 2023 816 2089 δόξα
846 2023 1066 2093 χωρητη
1093 2022 1330 2093 κατέστη
1352 2039 1365 2054 ·
1398 2021 1598 2094 ψευδὴς
1626 2021 1865 2086 πάντως,

289 2119 316 2170 6
343 2117 624 2188 ἀχὼρητον
654 2115 964 2187 ἀνθρώποις
1003 2116 1423 2187 ἀποφηνάμενος
1462 2111 1601 2168 εἶναι
1637 2115 1698 2167 τὸ
1728 2115 1869 2168 θεῖον

289 2209 484 2277 θέαμα.
532 2207 692 2261 Ἀλλὰ
741 2208 847 2278 μὴν
872 2207 996 2261 οὔτε
1036 2210 1238 2261 ἐκεῖνον
1275 2207 1597 2276 ψεύδεσθαι,
1634 2206 1725 2261 καὶ
1771 2206 1868 2276 τὴν

288 2299 528 2371 ἱστορίαν
555 2298 839 2368 ἀληθεύειν
867 2298 1198 2366 ἐπάναγκες.
1235 2299 1379 2369 ’Ἄρα
1421 2296 1667 2368 φανερῶς
1700 2298 1733 2367 ἡ
1774 2313 1870 2349 κα-

286 2392 521 2462 κουργία
566 2392 672 2445 τῶν
719 2391 1194 2462 [Ινευματομάχων
1255 2390 1605 2462 πεφώραται,
1659 2391 1738 2443 ὅτι
1792 2390 1870 2461 τῷ

282 2486 460 2555 ὁμοίῳ
496 2481 829 2553 καθορᾶσθαι
867 2482 935 2536 τὰ
986 2484 1146 2552 ὃμοια
1185 2483 1334 2554 παρά
1371 2482 1472 2552 τῆς
1504 2483 1729 2553 Γραφῆς
1772 2499 1868 2552 με·

288 2575 655 2646 μαρτύρηται.
695 2575 752 2627 Ὀ
788 2573 896 2645 γὰρ
934 2573 1203 2642 Στέφανος
1233 2573 1334 2626 οὐκ
1371 2573 1431 2626 ὲν
1463 2574 1528 2643 τῇ
1554 2572 1870 2645 ἀνθρωπίνῃ

286 2667 447 2734 φύσει
487 2684 546 2719 τε
592 2667 685 2720 καὶ
715 2666 939 2736 δυνάμει
977 2666 1152 2736 μένων
1198 2666 1258 2719 τὸ
1286 2665 1440 2718 Θεῖον
1473 2665 1692 2736 βλέπει·
1735 2664 1871 2718 ἀλλὰ

288 2760 425 2829 πρὸς
463 2759 562 2829 τὴν
608 2753 703 2812 τού
747 2758 901 2827 ἁγίου
954 2757 1268 2828 Πνεύματος
1306 2758 1464 2828 χάριν
1506 2757 1866 2828 ἀνακραθεὶς,

285 2852 349 2906 δι’
393 2854 606 2906 ἐκείνου
649 2852 835 2924 ὑψώθη
885 2852 1022 2924 πρὸς
1048 2850 1146 2922 τὴν
1187 2851 1280 2906 τοῦ
1333 2851 1468 2904 Θεοῦ
1521 2850 1866 2920 κατανόησιν.

287 2945 499 2998 Οὐκοῦν
529 2941 576 2998 εἰ
607 2945 775 3016 χωρὶς
797 2943 890 2998 τοῦ
923 2943 1237 3014 Πνεύματος
1269 2942 1391 2996 οὒτε
1424 2943 1623 3016 Κύριον
1664 2943 1870 3015 Ἰησοῦν
1899 2983 1942 3042 c

287 3038 436 3090 ἐστιν
482 3039 679 3102 εἰπεῖν,
719 3035 901 3100 καθώς
939 3054 1102 3108 φησιν
1149 3037 1178 3088 ὁ
1229 3036 1579 3101 ’Δπόστολος,
1615 3036 1738 3091 οὔτε
1774 3036 1874 3109 τὴν

289 3129 574 3201 Πατρικὴν
621 3127 779 3193 δόξαν
822 3127 1194 3198 κατανοῆσαν
1229 3126 1499 3182 δέδεικται
1543 3128 1748 3198 σαῳῶς,
1793 3129 1876 3182 ὅτι

290 3222 429 3276 ὅπου
476 3221 536 3274 τὸ
590 3220 817 3291 Ιίνεῦμά
867 3222 1036 3285 ἐστιν,
1080 3221 1197 3272 ἐκεῖ
1218 3220 1313 3273 καὶ
1344 3219 1372 3270 6
1402 3221 1528 3284 Υἱὸς
1554 3221 1872 3293 καθορᾶται,

291 3316 384 3369 καὶ
431 3317 464 3386 ἡ
508 3313 762 3384 Πατρικὴ
791 3312 918 3377 δόξα
959 3312 1460 3383 καταλαμϐάνεται.
1518 3313 1656 3366 Ἀλλ’
1691 3314 1877 3384 ἓτερον

292 3408 424 3477 ἡμῖν
451 3409 519 3459 ὲκ
547 3400 656 3458 τῶν
688 3405 1079 3477 ἱστορηθέντων
1107 3405 1269 3458 ὅπλον
1304 3404 1559 3468 ἀσεϐείας
1592 3405 1740 3478 παρά
1767 3405 1877 3459 τῶν

295 3496 692 3567 Χριστομάχων
739 3494 1118 3566 προϐάλλεται.
1170 3493 1311 3547 Φασὶ
1355 3493 1464 3564 γὰρ
1514 3493 1575 3547 τὸ
1618 3493 1878 3557 καταδεὲς

295 3587 386 3641 τοῦ
430 3585 770 3655 Μονογενοῦς
815 3585 904 3640 διὰ
951 3585 1142 3640 τούτου
1208 3585 1593 3654 σημαίνεσθαι.
1648 3584 1722 3637 Τὸ
1769 3585 1878 3658 γὰρ

297 3681 638 3750 παρεστᾶναι
691 3678 853 3732 αὐτὸν
893 3681 962 3749 τῇ
1001 3677 1151 3746 δεξιᾷ
1191 3677 1284 3732 τοῦ
1327 3679 1560 3748 Πατρδς,
1605 3677 1878 3743 ἀπόδειξιν

301 3770 577 3825 ποιοῦνται
598 3769 692 3824 τοῦ
721 3770 1027 3841 ὑποχείριον
1044 3765 1183 3823 εἶναι
1205 3773 1270 3840 τῇ
1290 3769 1384 3823 τοῦ
1412 3768 1621 3841 Πατρὸς
1639 3768 1874 3840 ἐξουσίᾳ.

301 3863 370 3915 Τί
401 3853 492 3916 οὖν
513 3865 540 3914 6
564 3862 804 3925 Παῦλος,
841 3861 976 3932 πρὸς
1007 3861 1203 3924 αὐτοὺς
1227 3860 1438 3931 εἴποιμι
1470 3859 1535 3914 ἄν
1559 3877 1573 3924 ;
1599 3860 1652 3913 τί
1676 3859 1734 3912 δὲ
1783 3859 1880 3913 καὶ

304 3957 418 4027 πρὸ
476 3957 671 4009 ἐκείνου
708 3955 736 4006 ὁ
771 3955 1055 4024 προφήτης
1102 3953 1297 4016 Δαὸὶδ,
1347 3953 1645 4022 ἀμφότεροι
1695 3953 1761 4021 τῇ
1804 3950 1880 4003 δι-

303 4045 569 4115 δασκαλίᾳ
606 4045 700 4098 τοῦ
741 4043 880 4098 Πνεύ
891 4058 1058 4113 ματος
1085 4041 1184 4112 τὴν
1226 4040 1318 4094 τοῦ
1353 4038 1692 4108 Μονογενοῦς
1722 4039 1880 4105 δόξαν

299 4138 744 4210 ἐκδιηγούμενοις
777 4137 844 4188 "0
873 4151 934 4188 τε
961 4133 1069 4205 γὰρ
1091 4133 1255 4186 Δαὸίδ
1286 4149 1470 4204 φησιν,
1495 4129 1682 4186 Εἶπεν
1712 4135 1744 4186 ὀ
1767 4132 1881 4186 Κύ-

285 4248 423 4300 pter;
459 4229 540 4295 τῷ
574 4230 768 4297 Κυρίῳ
797 4245 938 4296 μου·
977 4226 1176 4282 Κάθου
1203 4225 1272 4278 ἐκ
1309 4223 1525 4290 δεξιῶν
1549 4243 1689 4295 μου.
1727 4225 1784 4278 '0
1823 4223 1880 4277 δὲ

1971 1747 2200 1817 gloriam
2252 1745 2485 1815 percipit
2533 1752 2587 1799 et
2641 1745 3046 1800 animadvertit.
3091 1744 3223 1800 Nam
3279 1749 3557 1817 quomodo

1971 1839 2174 1908 alioqui
2207 1839 2412 1893 dictum
2457 1839 2832 1908 evangelicum
2855 1881 2868 1903 ,
2903 1839 3070 1893 Deum
3115 1857 3265 1896 nemo
3298 1843 3426 1897 vidit
3455 1860 3557 1898 un-

1969 1949 2129 2003 quam
2168 1935 2234 1998 ",
2269 1947 2458 1987 verum
2503 1946 2628 1988 esse
2670 1931 2963 1987 dicemus?
3006 1948 3115 2003 qua
3157 1935 3375 1989 ratione
3424 1936 3554 1992 item

1971 2025 2293 2095 Apostolum
2352 2037 2462 2078 non
2509 2025 2788 2079 contraria
2829 2025 2896 2079 iis
2947 2041 3070 2094 quae
3113 2027 3390 2082 memoria:
3430 2043 3558 2097 pro-

1977 2116 2092 2170 dita
2123 2131 2188 2170 ac
2215 2116 2412 2172 litteris
2446 2116 2698 2170 mandata
2732 2125 2890 2181 sunt,
2922 2118 3160 2172 clamare
3184 2120 3207 2171 ἲ
3234 2133 3358 2174 cum
3387 2120 3521 2175 dicit
3541 2161 3554 2180 ,

1947 2206 2086 2262 «Nec
2109 2207 2389 2278 quisquam
2413 2207 2683 2262 hominum
2708 2207 2868 2271 vidit,
2896 2225 3058 2278 neque
3084 2209 3256 2264 videre
3280 2221 3448 2278 potest
3473 2211 3558 2264 "'3

1969 2295 2105 2350 Nam
2137 2299 2183 2352 si
2231 2298 2301 2351 ab
2346 2297 2589 2352 humana
2624 2299 2673 2351 vi
2710 2309 2872 2367 atque
2919 2308 3147 2362 natura,
3179 2309 3234 2355 et
3276 2300 3456 2358 Patris
3501 2313 3559 2356 et

1971 2386 2093 2442 Filii
2127 2390 2300 2460 gloria
2331 2390 2534 2460 percipi
2568 2398 2786 2458 posset,
2822 2391 3054 2445 mendax
3101 2399 3156 2446 et
3197 2407 3372 2447 vanus
3405 2408 3556 2462 prore

1971 2497 2066 2538 sus
2096 2489 2242 2538 esset
2295 2485 2365 2547 is,
2399 2482 2493 2551 qui
2528 2481 2686 2544 dixit,
2740 2482 2992 2538 homines
3037 2483 3208 2538 divini
3253 2487 3556 2552 spectaculi

1971 2587 2204 2643 capaces
2238 2586 2346 2626 non
2398 2587 2543 2627 esse.
2588 2571 2756 2641 Atqui
2800 2587 2980 2642 neque
3047 2573 3201 2628 ilium
3248 2574 3472 2630 mentiri
3503 2584 3560 2630 et

1973 2664 2262 2720 historiam
2290 2678 2476 2719 veram
2503 2677 2628 2719 esse
2655 2678 2882 2718 necesse
2909 2671 3015 2719 est.
3041 2663 3184 2735 Ergo
3206 2665 3418 2719 malitia
3444 2664 3559 2736 Spi-

1973 2758 2113 2813 ritus
2147 2756 2324 2811 sancti
2367 2756 2606 2811 hostium
2662 2753 2954 2810 manifesto
3004 2755 3349 2826 deprehensa
3387 2772 3559 2828 appa-

1974 2856 2079 2912 ret,
2124 2848 2252 2917 quia
2289 2847 2607 2903 testimonio
2655 2845 2949 2916 Scriptura:
2989 2847 3276 2917 probatum
3306 2857 3390 2905 est
3423 2865 3454 2903 a
3482 2851 3560 2905 si-

1974 2941 2089 2994 mili
2113 2939 2318 2994 similia
2353 2939 2533 2994 cerni.
2553 2937 2689 2994 Nam
2716 2953 2825 2993 non
2852 2939 2907 2994 in
2933 2939 3172 2993 humana
3201 2948 3397 2995 natura
3421 2956 3486 2996 ac
3506 2945 3560 2996 vi

1977 3048 2208 3089 manens
2235 3033 2551 3103 Stephanus
2577 3047 2780 3088 numen
2805 3032 3051 3086 divinum
3074 3034 3286 3088 cernit:
3311 3034 3407 3089 sed
3432 3049 3560 3089 cum

1976 3127 2150 3197 gratia
2183 3126 2359 3181 sancti
2391 3125 2632 3196 Spiritus
2664 3123 2965 3194 permistus
2992 3131 3047 3179 et
3077 3131 3558 3194 contemperatus,

1979 3230 2075 3285 per
2109 3215 2262 3268 illum
2293 3214 2547 3269 sublatus
2568 3221 2623 3268 et
2645 3219 2869 3268 evectus
2901 3219 2986 3267 est
3015 3211 3084 3266 ad
3108 3212 3198 3268 Dei
3226 3215 3564 3283 contempla-

1977 3312 2204 3366 tionem.
2254 3310 2527 3375 Quocirca
2578 3309 2624 3364 si
2658 3308 2866 3378 absque
2899 3307 3108 3378 Spiritu
3153 3322 3330 3378 neque
3376 3309 3562 3364 Domi-

1978 3419 2111 3459 num
2136 3402 2321 3458 Jesum
2349 3402 2536 3457 dicere
2562 3400 2723 3464 licet,
2758 3409 2816 3454 ut
2845 3401 3023 3472 inquit
3044 3401 3344 3472 Apostolus
3371 3402 3440 3466 ²⁸,
3470 3417 3563 3459 ne-

1978 3509 2088 3564 que
2125 3502 2408 3564 paternam
2428 3493 2659 3564 gloriam
2683 3492 3044 3562 contemplari
3079 3512 3092 3547 :
3123 3494 3560 3548 demonstratum

1979 3593 2062 3642 est
2101 3593 2322 3656 aperte,
2369 3584 2517 3656 quod
2551 3585 2642 3639 ubi
2685 3583 2928 3654 Spiritus
2975 3584 3083 3649 sit,
3131 3584 3244 3639 illic
3273 3585 3440 3638 etiam
3471 3582 3561 3637 Fi-

1980 3678 2087 3733 lius
2129 3678 2396 3743 cernitur,
2447 3685 2502 3733 et
2551 3685 2781 3748 paterna
2834 3676 3007 3747 gloria
3055 3675 3558 3746 comprehenditur.

1981 3767 2182 3825 Verum
2214 3771 2362 3826 aliud
2407 3771 2572 3826 nobis
2599 3787 2667 3827 ex
2697 3772 2802 3836 iis,
2839 3785 2962 3841 qua:
3004 3770 3058 3823 in
3105 3769 3340 3824 historia
3381 3769 3562 3824 conti-

1981 3871 2204 3924 nentur,
2261 3863 2564 3931 impietatis
2601 3863 2768 3917 telum
2811 3878 2838 3916 a
2882 3861 3356 3926 Christomachis,
3395 3860 3450 3916 id
3479 3870 3562 3917 est

1982 3945 2183 4010 Chris‘ti
2228 3954 2468 4009 hostibus
2490 3995 2506 4019 ,
2541 3955 2827 4024 ohjicitur.
2865 3955 3036 4008 Aiunt
3067 3956 3211 4009 enim
3245 3951 3561 4008 interiorem

1983 4046 2260 4117 Unigeniti
2297 4047 2619 4118 dignitatem
2657 4063 2754 4118 per
2789 4051 2902 4102 haec
2937 4045 3260 4116 signiﬁcari.
3296 4043 3430 4098 Nam
3467 4059 3564 4114 per

1981 4138 2120 4202 hoc,
2171 4136 2316 4207 quod
2365 4138 2589 4192 assistat
2642 4139 2709 4191 ad
2753 4137 3032 4191 dexteram
3082 4136 3286 4201 Patris,
3337 4135 3564 4190 demon-

1983 4239 2159 4285 strare
2185 4236 2482 4295 conantur,
2529 4243 2652 4282 eum
2700 4228 2980 4282 subditum
3023 4242 3146 4281 esse
3182 4225 3365 4282 Patris
3416 4237 3564 4296 pote-

304 4321 630 4384 ’Δπόστολος
654 4324 710 4374 ὲν
737 4319 884 4392 δεξιᾷ
906 4318 999 4373 τοῦ
1032 4320 1220 4390 θρόνου
1249 4317 1342 4372 τοῦ
1375 4317 1509 4372 Θεοῦ
1537 4317 1872 4371 κεκαθικέναι

1985 4323 2134 4378 stati.
2193 4322 2336 4390 Quid
2386 4323 2552 4394 igitur
2596 4321 2846 4378 Paulus?
2877 4321 3063 4375 Dicam
3115 4323 3180 4378 ad
3221 4337 3359 4379 eos:
3418 4324 3562 4390 Quid

289 4417 442 4485 λέγει
469 4416 562 4468 τὸν
585 4414 805 4484 Κύριον.
837 4414 900 4465 Εί
937 4408 1029 4466 οὖν
1062 4414 1095 4483 ἡ
1139 4411 1327 4472 στάσις
1360 4411 1457 4480 τῆς
1500 4409 1876 4472 ἐλαττώσεως,

285 4510 320 4577 ἡ
365 4506 612 4576 καθέδρα
655 4505 866 4567 πάντως
898 4503 998 4572 τῆς
1031 4503 1325 4573 ὁμοτιμίας
1362 4501 1478 4556 ἐστὶ
1527 4504 1776 4572 σημεῖον,
1840 4501 1873 4570 ἢ

284 4599 474 4652 τοίνυν
498 4595 1048 4668 παραγραφέσθωσαν
1075 4595 1173 4654 τὰς
1199 4594 1522 4665 θεοπρεπεῖς
1551 4593 1877 4664 μαρτυρίας,

284 4691 360 4743 δι’
416 4684 494 4744 ὧν
547 4689 609 4741 τὸ
657 4688 861 4757 ὑψηλὸν
894 4690 990 4757 τῆς
1037 4685 1214 4749 δεξιᾶς
1253 4685 1691 4755 διασημαίνεται,
1721 4685 1753 4754 ἢ
1789 4686 1882 4738 καὶ

283 4782 505 4852 ταύτην
533 4779 768 4842 εύσεὸὦς
807 4778 1229 4847 ὲκδεχέσθωσαν.
1269 4771 1361 4838 Εἷς
1397 4779 1506 4846 γὰρ
1540 4776 1624 4844 ἐφ’
1651 4777 1879 4829 ἑκάστου

283 4875 407 4927 τῶν
443 4871 749 4943 εἰρημένων
781 4869 1122 4934 διδάσκαλος,
1154 4871 1187 4940 ἡ
1227 4866 1324 4922 τοῦ
1364 4867 1680 4938 Πνεύματος
1702 4868 1880 4940 χάρις.

299 4967 367 5019 ’0
395 4967 502 5034 μὲν
528 4964 639 5034 γάρ
671 4961 967 5032 Στέφανος,
995 4961 1209 5033 πλήρης
1251 4959 1326 5013 ὢν
1355 4959 1670 5030 Πνεύματος
1699 4961 1880 5029 ἁγίου,

278 5056 404 5112 εἶδέ
438 5075 498 5110 τε
524 5057 560 5111 ἃ
599 5056 702 5109 εἶδε
724 5074 736 5085 ·
780 5056 874 5108 καὶ
911 5054 947 5108 ἃ
974 5049 1136 5115 εἶδεν,
1164 5052 1484 5123 ἐφθέγξατο.
1525 5053 1585 5106 ’0
1618 5052 1674 5105 δὲ
1699 5054 1882 5114 Δαϐὶδ,

274 5152 347 5204 ἐν
407 5146 690 5218 Πνεύματι
726 5145 888 5198 αὑτὸν
937 5144 1091 5196 καλεί
1129 5143 1350 5214 Κύριον,
1401 5142 1582 5205 καθὼς
1630 5143 1775 5211 λέγει
1825 5144 1884 5196 τὸ

273 5238 657 5308 Εὑαγγέλιον.
691 5237 901 5300 Παῦλος
944 5236 1020 5300 δὲ,
1056 5234 1236 5297 καθὼς
1265 5233 1426 5298 αὐτὸς
1460 5234 1665 5298 ἐκεῖνός
1695 5252 1880 5304 φησιν,

272 5337 337 5389 ἐν
384 5331 674 5400 Πνεύματι
727 5329 877 5382 λαλεῖ
913 5329 981 5382 τά
1025 5328 1318 5398 μυστήρια.
1369 5326 1429 5377 Εἰ
1469 5321 1561 5379 οὖν
1609 5319 1688 5389 εἷς
1733 5327 1762 5378 6
1806 5327 1882 5380 δι·

272 5421 592 5484 δάσκαλος,
638 5419 890 5490 οὐδεμίαν
958 5418 1093 5489 πρὸς
1147 5415 1335 5471 ἑαυτὸν
1395 5415 1687 5483 διαφωνίαν
1740 5416 1880 5487 ἔχων

351 5570 408 5601 ⁸ο
442 5568 570 5620 Art.
605 5582 699 5625 vti.
724 5567 809 5620 55.
888 5566 928 5596 "
961 5563 1102 5618 Psal.
1129 5579 1290 5623 xxxv,
1334 5563 1416 5616 10.

275 5644 327 5674 ⁹⁹
371 5640 608 5697 Coloss.
654 5654 733 5702 ιιι,
774 5639 829 5705 1;
865 5635 1026 5692 ilehr.
1062 5652 1096 5696 ι,
1129 5635 1180 5686 5.
1260 5635 1301 5664 ’⁷
1334 5636 1455 5688 Act.
1488 5650 1561 5698 νι,
1598 5634 1630 5688 S
1660 5648 1812 5704 seqq.

1983 4418 2110 4471 item
2148 4424 2275 4472 ante
2307 4417 2460 4471 illum
2509 4416 2674 4472 etiam
2715 4414 2979 4486 propheta
3013 4414 3216 4480 David,
3256 4416 3417 4472 ambo
3465 4432 3564 4487 per

1981 4509 2287 4564 doctrinam
2337 4509 2512 4566 sancti
2556 4508 2793 4579 Spiritus
2821 4507 3095 4576 Unigeniti
3127 4507 3355 4578 gloriam
3391 4525 3561 4579 expo-

1988 4600 2226 4653 nentes?
2253 4597 2388 4652 Nam
2420 4607 2475 4653 et
2504 4596 2673 4652 David
2710 4599 2786 4651 ait
2813 4615 2825 4651 :
2865 4597 3012 4650 Dixit
3047 4597 3300 4651 Dominus
3335 4598 3562 4652 Domino

1987 4705 2134 4742 meo:
2157 4687 2288 4743 Sede
2305 4707 2336 4742 a
2360 4689 2564 4743 dextris
2587 4691 2711 4744 meis
2737 4691 2814 4742 “z
2845 4697 2899 4744 et
2932 4690 3237 4759 Apostoius
3265 4691 3316 4743 ih
3339 4690 3562 4744 dextera

1985 4780 2107 4834 solii
2142 4778 2233 4833 Dei
2275 4779 2466 4836 sedere
2516 4780 2806 4835 Dominum
2843 4780 2977 4835 dicit
3008 4781 3074 4833 ¹⁶.
3111 4781 3164 4833 Si
3201 4781 3367 4850 igitur
3397 4782 3565 4835 statio

1980 4871 2384 4935 diminutionis,
2416 4873 2592 4928 sessio
2621 4885 2848 4942 prorsus
2876 4870 3120 4939 ejusdem
3156 4873 3342 4933 sortis.
3375 4873 3566 4928 condi-

1981 4964 2148 5017 tionis
2188 4972 2243 5018 et
2286 4965 2511 5018 honoris
2566 4966 2781 5032 signum
2833 4971 2934 5018 est.
2978 4962 3084 5016 Aut
3133 4963 3299 5034 igitur
3336 4974 3565 5036 augusta

1981 5070 2046 5109 ac
2075 5055 2258 5109 divina
2290 5055 2547 5124 rejiciant
2580 5057 2893 5112 testimonia
2915 5098 2928 5119 ,
2967 5072 3063 5126 per
3105 5073 3225 5127 qua:
3256 5059 3567 5113 sublimitas

1987 5145 2194 5200 dextra:
2240 5146 2619 5216 signiﬁcatur:
2657 5154 2749 5200 aut
2791 5148 2952 5201 etiam
3003 5147 3106 5200 hoc
3153 5149 3236 5216 pie
3278 5148 3565 5217 recipiant.

1992 5222 2111 5292 Una
2140 5239 2284 5292 enim
2318 5239 2585 5309 cujusque
2606 5239 2736 5293 dicti
2763 5241 3021 5309 magistra
3059 5255 3121 5293 ac
3155 5239 3364 5293 doctrix
3395 5241 3566 5309 gratia

1991 5333 2168 5387 sancti
2209 5330 2449 5402 Spiritus
2475 5342 2581 5387 est.
2616 5330 2750 5384 Nam
2785 5331 3093 5400 Stephanus
3116 5333 3160 5363 ’⁷
3195 5331 3414 5402 quidem
3443 5347 3566 5385 cum

1993 5422 2185 5492 plenus
2216 5431 2364 5477 esset
2396 5420 2603 5493 Spiritu
2639 5430 2856 5488 sancto,
2883 5432 2937 5476 et
2968 5423 3102 5476 vidit
3133 5438 3216 5488 ea,
3251 5437 3372 5492 qua:
3401 5422 3531 5476 vidit
3555 5462 3568 5482 ,

1500 5563 1544 5592 "
1569 5560 1726 5615 Joan.
1763 5580 1802 5625 ι.
1839 5565 1872 5619 8

1981 5567 1997 5597 ³
2028 5564 2046 5619 ι
2077 5565 2314 5622 Timoth.
2343 5583 2415 5634 γι,
2455 5567 2540 5622 iii.
2603 5569 2646 5600 “
2678 5567 2844 5624 lCor.
2880 5582 2978 5634 xu,
3006 5567 3060 5622 3.
3133 5567 3175 5598 "
3202 5562 3346 5620 Psal.
3369 5579 3484 5631 cu,
3519 5564 3569 5622 ι.
