3918 6204
368 194 490 252 ’319
1615 183 1676 240 S.

1751 177 2080 240 GREGORll
2113 177 2409 239 NYSSENI

3527 175 3632 232 7Ξο

367 317 439 368 -et
473 323 597 382 qua:
622 305 782 373 vidit,
832 305 1049 361 locutus
1088 308 1210 359 est:
1249 300 1419 357 David
1461 307 1640 355 autem
1667 298 1724 354 in
1762 297 1957 369 spiritu

2067 298 2110 367 [ὁ
2128 296 2238 367 γάρ
2261 287 2575 358 διδάσκαλός
2597 291 2712 346 ἐστι
2740 291 2802 347 τὺ
2833 289 3056 363 Πνεῦμα
3080 281 3180 361 τῆς
3203 285 3460 360 ἀληθείας
3486 287 3550 341 τὸ
3571 289 3629 340 ἐν

386 402 672 458 Dominum
699 414 823 454 eum
845 403 1021 460 vocat,
1037 403 1097 450 ut
1117 393 1296 464 inquit
1311 391 1732 463 Evangelium“,
1757 389 1960 447 Paulus

369 509 534 559 'vero,
565 494 710 548 sicut
747 493 836 547 ille
880 491 998 560 ipse
1053 488 1206 553 dicit,
1268 503 1366 558 per
1417 487 1667 557 spiritum
1719 483 1963 554 loquitur

384 586 642 660 mysteria
662 585 730 640 ”.
759 582 819 637 Si
848 581 1015 653 igitur
1040 594 1182 636 unus
1213 579 1473 650 magister
1493 585 1598 643 est,
1627 577 1719 648 qui
1756 577 1960 631 nullam

365 694 571 736 secum
602 676 1034 748 discrepantiam
1070 673 1231 729 habet
1275 672 1558 743 (magister
1597 670 1742 726 enim
1800 669 1963 739 spiri-

384 779 476 827 tus
503 769 756 825 veritatis
786 775 905 834 est,
935 765 1028 835 qui
1061 764 1162 818 fuit
1201 764 1256 818 in
1302 761 1371 817 iis
1405 761 1496 832 qui
1533 763 1757 816 numine
1797 758 1962 815 amati

384 867 550 932 atque
563 859 849 917 divinitate
864 857 1004 928 rapti
1026 853 1293 924 fuerunt),
1306 866 1412 923 qua
1430 853 1641 908 ratione
1653 852 1774 922 quis
1790 852 1964 907 diver-

368 952 608 1006 sitatem
627 957 682 1006 et
699 947 1120 1019 discrepantiam
1153 943 1526 1000 doctrinarum
1545 942 1811 1013 suSpicari
1835 957 1962 1012 pos-

369 1040 490 1098 sit?
511 1043 581 1095 At
597 1042 760 1096 aliam
792 1039 988 1105 sessio,
1015 1036 1213 1107 inquit,
1245 1041 1302 1089 et
1330 1034 1490 1088 aliam
1510 1034 1698 1096 statio,
1723 1041 1884 1104 prout
1905 1033 1961 1087 in

373 1142 724 1204 .promptuac
750 1131 909 1186 facile
923 1135 1006 1186 est
1031 1126 1352 1197 intelligere,
1376 1126 1700 1181 sententiam
1737 1125 1960 1180 indicat.

388 1222 498 1278 Nec
517 1238 619 1294 ego
645 1219 1022 1292 negoﬂerum
1041 1233 1150 1273 non
1176 1217 1231 1272 id
1260 1217 1404 1287 quod
1423 1217 1478 1272 in
1501 1217 1826 1287 corporibus
1841 1230 1962 1271 ver-

391 1315 584 1369 borum
616 1312 943 1383 significatio
960 1311 1221 1377 ostendit,
1237 1310 1343 1365 hoc
1369 1308 1604 1365 etiamin
1638 1310 1962 1378 incorporea

385 1413 582 1460 natura
612 1403 696 1458 fas
721 1411 809 1458 est
841 1403 1177 1459 existimare.
1215 1401 1350 1456 Nam
1391 1402 1446 1456 in
1479 1402 1700 1456 homine
1743 1399 1962 1470 quidem

385 1495 584 1563 sessio,
607 1498 662 1550 in
694 1495 916 1550 natibus
934 1497 1198 1566 .corporis
1223 1495 1552 1567 positionem
1587 1494 1856 1564 designat,
1895 1506 1964 1546 ne

387 1603 606 1659 seraper
638 1587 923 1642 contentio
950 1597 1185 1656 genuum
1227 1601 1290 1641 ac
1320 1587 1588 1656 poplitum
1619 1584 1671 1638 in
1701 1599 1823 1639 sese
1840 1599 1959 1638 cor-

386 1680 537 1751 poris
575 1680 792 1749 pondus
838 1679 1118 1734 sustinens
1151 1678 1362 1732 laboret
1396 1695 1410 1732 :
1455 1685 1511 1731 et
1543 1683 1736 1732 contra
1770 1676 1954 1738 statio,

386 1771 616 1826 arduum
640 1778 694 1825 et
723 1777 964 1825 erectum
1019 1783 1183 1838 super
1215 1783 1392 1839 genua
1425 1767 1698 1822 hominem
1751 1764 1960 1836 signifi-

385 1869 494 1926 cat,
535 1875 646 1916 non
690 1861 746 1916 in
792 1860 1015 1916 natibus
1044 1859 1284 1914 sedendo
1322 1860 1718 1930 quiescentem.
1756 1856 1814 1911 in
1859 1873 1957 1914 su-

388 1967 557 2024 perna
615 1959 799 2007 autem
848 1959 902 2007 et
931 1951 1235 2007 excellente
1270 1958 1466 2005 natura
1519 1951 1588 2006 ab
1642 1950 1958 2022 hujusmodi

389 2043 757 2099 intellectihus
787 2052 841 2097 et
872 2043 1048 2100 sessio
1077 2049 1134 2098 et
1166 2042 1329 2097 statio
1357 2058 1532 2097 vacua
1577 2050 1742 2114 atque
1784 2043 1959 2098 aliena

389 2142 494 2200 cst,
521 2141 754 2204 utraque
782 2135 988 2204 pariter
1016 2133 1084 2189 ab
1107 2147 1191 2198 ea,
1227 2147 1386 2203 quam
1422 2133 1672 2203 expedite
1697 2141 1860 2206 atque
1904 2134 1960 2188 in

389 2233 641 2296 promptu
690 2232 797 2292 est,
858 2225 1187 2296 intelligere,
1245 2223 1652 2295 signiﬁcatione
1684 2234 1957 2296 separata.

381 2317 575 2388 Neque
586 2318 731 2373 enim
749 2319 803 2372 in
820 2318 1120 2389 poplitibus
1137 2319 1429 2375 stationem
1443 2318 1582 2388 ejus,
1611 2319 1755 2390 quod
1780 2321 1962 2375 incor-

382 2425 614 2480 poreum
633 2417 718 2466 est
734 2425 834 2479 neq
844 2426 910 2465 ue
923 2411 978 2465 in
993 2411 1218 2468 natibus
1230 2411 1531 2468 sessionem
1545 2412 1687 2482 ejus,
1706 2412 1853 2484 quod
1869 2429 1961 2469 ex-

392 2513 516 2570 pers
539 2498 723 2568 ﬁgurae
738 2505 844 2562 est,
864 2499 1196 2570 accipiemus
1215 2523 1226 2555 :
1245 2500 1340 2556 sed
1360 2515 1454 2570 per
1471 2509 1760 2573 utramque
1773 2515 1961 2557 vocem

391 2590 442 2645 id
470 2589 616 2661 quod
649 2589 704 2644 in
738 2591 886 2644 omni
924 2593 1067 2645 bono
1096 2593 1311 2658 stabile,
1342 2602 1396 2648 et
1427 2593 1478 2647 in
1513 2595 1658 2648 omni
1686 2594 1829 2648 bono
1863 2594 1964 2656 im-

390 2681 652 2737 mutabile
678 2689 781 2743 est,
809 2680 893 2749 pie
920 2682 1307 2753 intelligemus.
1328 2683 1583 2738 Namtam
1609 2684 1657 2740 is
1677 2685 1770 2754 qui
1794 2693 1960 2751 stare,

390 2787 554 2843 quam
583 2772 678 2841 qui
731 2771 924 2827 sedere
983 2787 1189 2828 numen
1241 2774 1486 2829 divinum
1539 2777 1751 2840 dicunt,
1804 2777 1959 2844 nihil,

396 2863 543 2933 quod
575 2861 642 2916 ad
675 2861 1002 2916 sententiam
1036 2862 1254 2927 attinet,
1299 2863 1621 2921 diversitate
1672 2867 1962 2922 verborum

2059 391 2172 454 τοῖς
2215 387 2664 459 θεοφορουμένοις
2690 385 2996 456 γενόμενον)
3021 400 3035 415 ο
3087 383 3207 446 πῶς
3256 382 3324 436 άν
3365 398 3448 444 τις
3505 381 3630 434 δια-

2061 480 2264 549 φωνίαν
2301 478 2422 532 τινὰ
2451 477 2560 531 τῶν
2603 476 2886 548 δογμάτων
2919 472 3449 536 καθυποπτεύσειενς
3490 470 3630 523 Ἀλλ’

2059 573 2246 644 ἕτερον
2267 574 2301 644 ἡ
2325 571 2583 643 καθέδρα,
2631 571 2788 642 φησί,
2817 569 2912 623 καὶ
2947 569 3130 640 ἕτερον
3163 569 3197 638 ἡ
3239 565 3431 628 στάσις
3469 563 3631 618 ἐνδεί-

2061 681 2252 719 κνυται
2291 663 2435 730 νοῦν,
2483 663 2624 717 κατὰ
2671 662 2732 716 τὸ
2775 661 3082 733 προχείρως
3129 660 3442 730 νοούμενον.
3486 657 3631 728 Φημὶ

2060 754 2234 824 κάγώ·
2266 752 2384 808 ἀλλ’
2421 755 2520 825 οὐχ
2558 755 2694 825 ὅπερ
2732 753 2825 806 ἐπὶ
2878 753 2987 806 τῶν
3039 752 3304 821 σωμάτιον
3336 752 3369 822 ἡ
3403 749 3512 804 τῶν
3539 751 3634 821 ῥη-

2064 850 2248 918 μάτων
2289 848 2526 919 ἐμφασις
2563 847 2837 912 δείκνυσι,
2890 844 3048 898 τοῦτο
3089 845 3183 898 καὶ
3222 843 3314 896 ἐπὶ
3354 842 3456 911 τῆς
3489 841 3634 894 ἀσω-

2065 943 2237 1014 μάτου
2284 941 2500 1013 φύσεως
2562 939 2756 1008 εὐαγές
2806 939 2923 991 ἐστι
2979 935 3306 1004 λογίζεσθαι.
3366 933 3484 987 Ἐπ’
3539 933 3636 986 άνο

2063 1034 2280 1107 θρώπου
2319 1034 2416 1105 μὲν
2457 1031 2565 1103 γὰρ
2597 1032 2630 1102 ἠ
2675 1028 2935 1100 καθέδρα,
2963 1026 3063 1098 τὴν
3087 1027 3177 1079 ἐπὶ
3211 1023 3291 1096 τῷ
3345 1023 3501 1094 ἰσχίῳ
3539 1019 3632 1074 τοῦ

2064 1125 2312 1197 σώματος
2371 1123 2676 1195 ὑπογράφει
2732 1121 2894 1173 θέσιν·
2951 1119 3026 1182 ὼς
3070 1118 3135 1171 ἂν
3185 1117 3260 1186 μὴ
3306 1115 3393 1168 διὰ
3433 1113 3631 1175 παντὸς

2059 1217 2259 1288 κάμνοι
2301 1216 2400 1286 τῆς
2442 1213 2683 1285 ἀγκύλης
2718 1215 2745 1266 6
2789 1213 2978 1273 τόνος,
3027 1208 3111 1278 ἐφ’
3155 1207 3348 1261 ἑαυτοῦ
3379 1206 3437 1258 τὸ
3471 1204 3632 1274 βάρος

2061 1309 2270 1379 άνέχολν
2299 1306 2392 1360 τοῦ
2429 1305 2700 1376 σώματος.
2741 1303 2852 1358 Καὶ
2884 1303 2945 1355 τὸ
2979 1300 3210 1372 ἔμπαλιν
3234 1301 3268 1369 ἡ
3298 1297 3507 1359 στάσις,
3536 1297 3631 1365 δρ-

2064 1401 2177 1455 θιον
2204 1402 2296 1454 ἐπὶ
2325 1399 2564 1470 γονάτων
2600 1395 2887 1469 ἐρμηνεύει
2920 1394 3009 1448 τὸν
3057 1392 3359 1463 ἄνθρωπον,
3396 1390 3498 1442 οῦκ
3542 1389 3629 1440 ἐπ’

2067 1493 2222 1563 ἰσχίῳ
2264 1491 2354 1546 διὰ
2409 1489 2678 1559 καθέδρας
2711 1485 3136 1557 ἀναπαυόμενον.
3181 1482 3306 1535 Ἐπὶ
3360 1481 3416 1534 δὲ
3466 1481 3635 1550 ὑπερ-

2064 1585 2293 1658 εχούσης
2327 1583 2558 1653 φύσεως,
2591 1579 2884 1652 καθαρεύει
2907 1579 3013 1633 τῶν
3055 1576 3308 1629 τοιούτων
3345 1572 3635 1643 νοημάτων

2060 1682 2094 1748 ἡ
2119 1675 2352 1747 καθέδρα
2377 1692 2435 1729 τε
2464 1673 2555 1728 καὶ
2585 1675 2616 1734 ἡ
2642 1672 2850 1737 στάσις,
2885 1669 3078 1740 ἐπίσης
3105 1667 3341 1736 ἑκατέρα
3369 1663 3470 1732 τῆς
3498 1660 3635 1714 κατά

2061 1770 2123 1823 τὸ
2188 1769 2478 1840 πρόχειρον
2530 1765 2827 1836 νοουμένης
2889 1759 3178 1833 ἐμφάσεως
3223 1753 3631 1834 κεχωρισμένη.

2064 1858 2199 1914 Οὔτε
2226 1859 2334 1930 γὰρ
2361 1858 2458 1930 τὴν
2480 1859 2566 1911 ἐπ’
2591 1856 2796 1927 ἀγκύλῃ
2834 1852 3022 1907 στάσιν
3046 1851 3140 1905 τοῦ
3168 1847 3487 1920 ἀσωμάτου,
3513 1846 3633 1898 οὔτε

2063 1951 2160 2024 τὴν
2189 1952 2281 2006 ἐπὶ
2311 1951 2464 2022 ἰσχίῳ
2496 1950 2812 2021 καθίδρυσιν
2840 1945 2934 2001 τοῦ
2957 1942 3360 2016 ἀσχηματίστου
3385 1939 3636 2011 παραλη-

2061 2044 2293 2115 ψόμεθα.
2368 2041 2528 2095 Ἀλλά
2572 2041 2638 2094 δι’
2703 2039 2971 2109 ἑκατέρας
3027 2034 3211 2107 φωνῆς
3254 2033 3314 2085 τὸ
3373 2032 3436 2084 ὲν
3476 2028 3636 2083 παντί

2066 2133 2254 2205 ἀγαθῷ
2284 2133 2566 2203 στάσιμον,
2605 2131 2700 2185 καὶ
2731 2131 2788 2183 ὲν
2830 2127 2994 2184 παντὶ
3019 2124 3370 2198 ἀμετάθετον,
3396 2118 3632 2181 εὒσεὸῶς

2063 2224 2348 2295 νοήσομεν.
2373 2223 2441 2275 Ὅ
2466 2239 2525 2274 τε
2555 2220 2664 2291 γάρ
2697 2219 2915 2273 ἑστάναι
2945 2219 3038 2272 καὶ
3054 2220 3083 2272 6
3105 2214 3376 2286 καθῆσθαι
3401 2213 3463 2264 τὸ
3481 2209 3632 2264 Θεῖον

2064 2315 2256 2385 λέγων,
2295 2314 2446 2368 οὐδὲν
2473 2313 2612 2385 πρὸς
2637 2312 2899 2382 ἀλλήλους
2921 2312 2978 2365 ἐν
3001 2313 3068 2382 τῇ
3099 2308 3208 2363 τῶν
3231 2307 3491 2379 ῥημάτων
3521 2303 3634 2355 ἑτε-

2068 2408 2254 2481 ρότητι
2277 2406 2408 2476 περί
2439 2405 2532 2458 τὸν
2568 2404 2707 2458 ινοῦν
2765 2402 3131 2475 διαφέρονταιο
3159 2402 3186 2454 6
3215 2401 3312 2470 μὲν
3341 2395 3631 2467 βεϐηκέναι

2067 2497 2314 2568 παγίως,
2353 2499 2381 2550 6
2413 2496 2470 2550 δὲ
2510 2494 2862 2567 καθιδρύσθαι
2902 2491 3250 2565 ἀμεταθέτως
3284 2489 3347 2543 τὸ
3384 2488 3537 2541 Θεῖον
3572 2485 3632 2537 ἐν

2065 2589 2145 2661 τῷ
2201 2587 2390 2660 ἀγαθῷ
2441 2584 2873 2658 δογματίζοντες.
2918 2584 3130 2656 ’Ὠσπερ
3161 2582 3234 2661 ’δὲ
3277 2583 3307 2635 6
3354 2580 3633 2652 προφήτης

2067 2659 2250 2744 Δάσιδ,
2275 2681 2369 2734 καὶ
2396 2681 2425 2734 6
2447 2679 2740 2743 ἀπόστολος
2770 2677 3000 2742 Παῦλος,
3039 2675 3138 2747 τὴν
3159 2659 3264 2727 ’τοῦ
3299 2667 3636 2738 Μονογενοῦς

2067 2771 2334 2843 καθέδραν
2371 2772 2430 2824 ὲν
2473 2773 2586 2834 τοῖς
2615 2769 2737 2823 καθ’
2773 2767 2964 2822 ἑαυτὸν
3000 2767 3258 2838 ἑκάτερος
3309 2763 3490 2831 λόγοις
3559 2758 3662 2813 διο.

2067 2861 2361 2933 ηγούμενοι
2385 2863 2484 2915 οὐκ
2510 2861 2717 2915 ἔδωκαν
2739 2861 2899 2924 νοεῖν,
2925 2859 3006 2912 δτι
3029 2857 3122 2912 τοῦ
3149 2852 3638 2937 Πατρὸςοὲστιῖντος,

397 2959 539 3013 inter
566 2969 626 3010 se
643 2952 926 3024 dilierunt:
947 2953 1035 3008 ille
1046 2955 1261 3024 quidem
1283 2954 1512 3011 ﬁrmiter
1539 2965 1707 3023 stare,
1725 2959 1814 3014 hic
1835 2975 1966 3015 vero

2071 2952 2102 3003 6
2129 2950 2256 3014 Υἰδς
2284 2951 2342 3005 ὲν
2369 2950 2606 3022 καθέδρᾳ
2629 2949 2766 3014 ἐστὶ,
2793 2949 2972 3002 καίτοι
2995 2964 3059 3016 γε
3091 2947 3256 3018 μόνης
3312 2942 3642 3015 μνησθέντες

393 3046 810 3102 immutabiliter
829 3045 1188 3100 constitutum
1214 3056 1266 3101 et
1290 3050 1343 3101 in
1368 3047 1511 3103 bono
1529 3049 1812 3105 fundatum
1845 3067 1968 3109 esse

393 3155 598 3194 numen
638 3137 885 3193 divinum
931 3145 1238 3194 censentes.
1276 3137 1742 3205 Quemadmodum
1783 3152 1965 3199 autem

393 3233 661 3301 propheta
689 3229 859 3285 David
873 3230 918 3264 ⁸⁸
935 3240 987 3284 et
1007 3231 1287 3300 apostolus
1304 3229 1506 3286 Paulus
1526 3231 1569 3264 ³¹
1601 3233 1654 3287 in
1686 3234 1802 3289 suis
1818 3241 1964 3289 uter-

392 3338 500 3396 que
516 3320 740 3392 scriptis
759 3319 1034 3392 Unigeniti
1052 3319 1350 3378 sessionem
1369 3331 1752 3388 memorantes,
1772 3339 1876 3379 non
1891 3326 1969 3380 in-

393 3419 668 3484 dicarunt,
687 3416 832 3487 quod
850 3415 1010 3471 Patre
1037 3421 1216 3470 stante
1232 3413 1402 3469 Filius
1424 3415 1618 3471 inscde
1635 3415 1724 3480 sit,
1746 3417 1870 3472 licet
1885 3433 1969 3475 so-

396 3511 502 3565 lius
516 3509 781 3564 sessionis
796 3507 917 3562 Filii
937 3506 1264 3568 mentionem
1289 3506 1542 3562 fecissent
1563 3525 1577 3562 :
1597 3507 1783 3564 eodem
1806 3509 1967 3564 modo

393 3616 518 3656 cum
547 3599 784 3655 etiamin
805 3598 1067 3668 Stephani
1095 3597 1324 3652 historia
1363 3597 1456 3651 lilii
1487 3599 1780 3655 stationem
1815 3601 1968 3656 audi-

396 3690 540 3746 veris
561 3691 629 3754 ",
665 3690 817 3744 nulla
863 3689 931 3744 de
979 3703 1145 3744 causa
1183 3703 1285 3744 nec
1317 3697 1465 3744 recte
1512 3689 1581 3744 de
1636 3688 1813 3746 Patris
1852 3704 1968 3746 ses-

395 3782 554 3836 sione
598 3780 913 3851 suspicatus
959 3779 1149 3836 l'neris.
1201 3778 1670 3845 Quemadmodum
1717 3781 1861 3835 enim
1911 3781 1966 3836 in

395 3873 566 3928 Paulo
594 3883 759 3943 atque
789 3871 994 3927 Davide
1038 3871 1230 3928 sedere
1259 3870 1476 3927 Patrem
1507 3887 1573 3928 ex
1605 3887 1672 3928 eo
1697 3874 1842 3944 quod
1875 3874 1964 3928 Fi-

397 3967 502 4020 lius
528 3965 716 4020 sedeat
739 3977 770 4018 a
799 3963 1005 4018 dextris
1047 3963 1211 4018 simul
1240 3973 1458 4020 constat
1487 3983 1500 4020 :
1531 3967 1755 4021 tametsi
1787 3957 1966 4025 sermo

395 4055 533 4110 nihil
562 4063 690 4112 ante
717 4056 785 4111 de
814 4055 976 4110 Patre
1007 4055 1291 4111 docuisset
1319 4074 1332 4109 :
1371 4056 1439 4110 ad
1464 4056 1715 4113 eumdem
1743 4060 1964 4117 modum

391 4150 562 4203 etiam
593 4148 646 4202 in
683 4147 911 4204 historia
945 4145 1242 4217 Stephani,
1276 4145 1396 4202 Filii
1430 4148 1595 4204 statio
1625 4148 1766 4205 idem
1800 4152 1964 4206 etiam

388 4239 452 4294 in
485 4238 660 4309 gloria
689 4237 870 4293 Patris
913 4237 1079 4293 simul
1126 4238 1353 4294 indicat.
1396 4237 1490 4294 Sic
1518 4240 1667 4294 enim
1709 4242 1965 4313 imaginis

2073 3040 2170 3112 τῆς
2205 3041 2299 3095 τοῦ
2332 3041 2463 3096 Υξοῦ
2492 3042 2857 3114 καθιζήσεως’
2889 3041 2980 3094 τὸν
3016 3041 3176 3094 αὐτὸν
3198 3037 3397 3109 τρόπον
3431 3034 3523 3088 καὶ
3550 3032 3642 3086 ἐπὶ

2072 3131 2167 3186 τοῦ
2211 3133 2502 3202 Στεφάνου,
2533 3134 2628 3187 τοῦ
2655 3134 2788 3188 Υίοῦ
2825 3134 2924 3203 τὴν
2953 3131 3139 3186 στάσιν
3166 3129 3430 3190 ἀκούσας,
3465 3125 3639 3180 οὐκέτ’

2074 3224 2142 3278 ἂν
2178 3224 2412 3293 εὐλόγως
2453 3226 2704 3296 περὶτῆς
2737 3224 2831 3279 τοῦ
2866 3222 3078 3295 Πατρδς
3106 3220 3376 3291 καθέδρας
3415 3218 3644 3286 ὑπονοή-

2074 3333 2242 3380 σειας.
2279 3316 2368 3380 Ὦς
2400 3317 2499 3389 γάρ
2525 3317 2618 3371 ἐπὶ
2646 3317 2738 3371 τοῦ
2764 3317 2977 3370 Παύλου
3006 3317 3097 3369 καλ⁸
3121 3313 3216 3367 τοῦ
3248 3311 3412 3366 Δαὸἶδ
3433 3311 3494 3364 τὸ
3508 3309 3644 3363 καθα

2072 3411 2236 3478 ἧσθαι
2277 3410 2370 3464 τὸν
2406 3410 2645 3481 Πατέρα,
2696 3410 2783 3464 διὰ
2833 3409 2927 3464 τοῦ
2976 3408 3194 3463 καθίσαι
3247 3406 3339 3460 τὸν
3392 3403 3524 3458 Υἰδν
3580 3403 3646 3456 ἑκ

2071 3502 2258 3568 δεξιῶν
2288 3503 2748 3574 συνωμολόγηται.
2781 3501 2956 3556 καίτοι
2986 3500 3080 3554 τοῦ
3131 3499 3288 3567 λόγου
3320 3497 3487 3568 μηδὲν
3515 3495 3649 3567 περὶ

2071 3593 2167 3648 τοῦ
2215 3594 2426 3666 Πατρός
2457 3593 2870 3665 προδιδάξαντος
2889 3610 2902 3624 ο
2931 3592 3073 3648 κατὰ
3105 3593 3195 3646 τὸν
3235 3590 3393 3644 αὑτὸν
3437 3590 3647 3660 τρόπον

2072 3685 2166 3739 καὶ
2205 3684 2296 3738 ἐπὶ
2336 3683 2430 3738 τοῦ
2481 3684 2784 3754 Στεφάνου,
2818 3683 2970 3756 ἡτοῦ
3018 3682 3150 3736 Υἰοῦ
3194 3681 3372 3743 στάσις
3409 3679 3470 3731 τὸ
3518 3675 3646 3731 ἴσον

2072 3777 2168 3832 καὶ
2191 3777 2284 3830 ἐπὶ
2318 3776 2417 3848 τῆς
2443 3776 2598 3848 δόξης
2624 3774 2716 3829 τοῦ
2754 3775 2966 3846 Πατρὸς
3005 3773 3442 3828 ωνενδεὶκνυται.
3478 3767 3648 3822 Οὖτω

2072 3870 2181 3941 γὰρ
2235 3869 2302 3924 ὃν
2338 3869 2366 3920 6
2414 3869 2512 3939 τῆς
2541 3868 2748 3931 εἰκόνος
2775 3866 3062 3936 διασωθείη
3105 3865 3289 3934 λόγος,
3321 3864 3369 3916 εἰ
3400 3863 3508 3916 πᾶν
3534 3862 3566 3914 ὃ
3589 3859 3648 3913 τί

2072 3962 2177 4034 πέρ
2205 3963 2349 4016 ἐστιν
2387 3963 2444 4015 ἐν
2479 3961 2654 4032 τούτῳ
2689 3960 2976 4030 νοούμενόν
3013 3976 3074 4012 τε
3102 3959 3197 4012 καὶ
3238 3954 3646 4027 καθορώμενον,

2071 4055 2132 4108 τὸ
2171 4055 2302 4108 αὐτὸ
2344 4055 2435 4107 καὶ
2469 4054 2527 4105 ὲν
2556 4053 2633 4123 τῷ
2665 4051 2959 4123 ἀρχετύπῳ
2987 4050 3310 4106 πιστεύοιτο.
3345 4049 3455 4102 Καὶ
3482 4047 3559 4112 ὡς
3587 4049 3648 4101 ὲν

2071 4146 2148 4216 τῷ
2188 4145 2377 4215 ἀγαθῷ
2420 4146 2483 4199 τὸ
2506 4145 2729 4214 ἀγαθὸν,
2771 4128 2864 4198 καί⁵
2893 4145 2949 4197 ὲν
2985 4142 3062 4214 τῷ
3095 4143 3236 4212 φωτὶ
3261 4142 3324 4195 τὺ
3352 4142 3506 4210 φῶς,
3552 4141 3648 4193 καὶ

2071 4234 2129 4289 ὲν
2159 4236 2291 4288 πᾶσι
2338 4234 2399 4287 τὸ
2436 4236 2793 4306 πρωτότυπον
2839 4233 3033 4297 κάλλος
3078 4232 3166 4285 διὰ
3191 4233 3298 4285 τῶν
3335 4229 3554 4283 οἰκείων
3588 4229 3648 4280 ἐν

397 4331 540 4384 ratio
595 4329 913 4384 conservari
956 4329 1170 4399 possit,
1208 4337 1270 4384 ut
1311 4330 1576 4403 quidquid
1613 4332 1669 4386 in
1716 4332 1816 4387 hac
1861 4340 1969 4389 tam

2074 4329 2139 4398 τῇ
2181 4327 2348 4379 εἰκόνι
2377 4327 2869 4398 χαρακτηρίζεται·
2902 4323 3043 4378 οὔτω
3070 4324 3164 4378 καὶ
3207 4325 3266 4376 ὲν
3293 4325 3360 4393 τῇ
3404 4321 3648 4392 καθέδρα

397 4420 726 4492 intelligitur
756 4434 922 4490 quam
956 4419 1318 4490 conspicitur,
1350 4420 1494 4476 idem
1519 4420 1682 4475 etiam
1723 4421 1781 4475 in
1809 4421 1973 4492 origi-

397 4509 512 4564 nali
537 4522 601 4562 ac
627 4508 912 4579 principali
939 4506 1116 4562 forma
1137 4523 1260 4565 esse
1281 4510 1560 4575 credatur,
1583 4517 1719 4566 etut
1745 4511 1800 4566 in
1823 4511 1970 4568 bono

395 4601 634 4666 bonum,
664 4607 720 4654 et
749 4598 803 4652 in
840 4597 1049 4652 lumine
1079 4599 1290 4663 lumen,
1322 4607 1377 4654 et
1404 4601 1459 4654 in
1487 4601 1744 4658 omnibus
1787 4603 1973 4673 primi-

389 4691 510 4746 tiva
531 4705 597 4744 ac
623 4688 940 4758 principalis
962 4687 1314 4758 pulchritudo
1339 4705 1432 4760 per
1458 4691 1707 4761 proprias
1732 4699 1892 4748 notas
1915 4695 1969 4750 in

399 4782 634 4852 imagine
675 4780 1032 4850 designatur:
1079 4779 1154 4834 ita
1210 4782 1374 4837 etiam
1418 4782 1474 4836 in
1517 4783 1765 4840 sessione
1807 4783 1968 4853 Filii,

393 4888 783 4944 quemcunque
825 4873 1042 4930 tandem
1087 4874 1192 4930 hoc
1229 4889 1428 4930 nomen
1469 4875 1801 4932 intellectum
1840 4893 1976 4947 pra:-

397 4966 522 5028 bet,
561 4965 746 5019 Patris
777 4980 998 5036 quoque
1045 4966 1221 5021 sessio
1272 4965 1778 5034 comprehenditur,
1825 4968 1977 5023 simi-

399 5056 525 5111 liter
565 5063 621 5112 et
667 5055 721 5111 in
766 5059 1007 5114 statione
1055 5061 1254 5121 statio,
1298 5073 1367 5112 ne
1413 5058 1555 5113 ratio
1596 5059 1848 5130 imaginis
1881 5076 1979 5130 per

399 5147 756 5204 abolitionem
786 5151 1179 5222 proprietatum
1212 5150 1280 5204 ab
1307 5149 1562 5220 originali
1591 5165 1658 5206 ac
1699 5150 1977 5221 primitivo

398 5241 635 5296 alienata
672 5242 964 5299 intercidat
1005 5251 1168 5314 atque
1196 5241 1492 5296 dilabatur.
1534 5240 1660 5298 Hazc
1701 5257 1734 5296 a
1775 5243 1970 5310 nobis,

400 5333 636 5396 fratres,
691 5333 758 5388 ad
809 5337 1146 5406 propositam
1202 5333 1599 5405 quaestionem,
1655 5350 1779 5390 cum
1831 5335 1973 5392 visio

402 5423 666 5498 Stephani
699 5429 860 5484 talem
893 5427 1325 5498 speculationem
1372 5426 1429 5482 in
1473 5428 1776 5482 orationem
1823 5427 1973 5482 intu-

473 5609 518 5643 ³³
551 5610 741 5664 Matth.
778 5627 912 5675 vx",
945 5611 1013 5665 44
1043 5625 1195 5680 seqq.

1275 5611 1318 5642 ’9
1350 5609 1368 5663 l
1405 5609 1530 5665 Cor.
1561 5625 1673 5674 xxv,
1706 5608 1760 5662 ‘2.
1839 5610 1883 5642 ³ο
1920 5607 2065 5665 Psal.
2097 5622 2204 5674 clx,
2240 5604 2291 5660 l.
2370 5603 2411 5639 ⁸⁸
2454 5602 2616 5658 Πρω.
2652 5619 2686 5668 l,
2722 5601 2808 5655 l5.

2069 4417 2162 4471 τοῦ
2189 4416 2343 4480 Υίοῦ,
2373 4419 2403 4471 ὅ
2427 4418 2480 4470 τί
2506 4435 2636 4471 ποτε
2661 4420 2797 4471 νοεῖν
2826 4415 2985 4470 τοῦτο
3009 4416 3070 4468 τὸ
3099 4414 3271 4486 δνομα
3312 4414 3522 4475 δίδωσι,
3553 4412 3651 4466 καὶ

2069 4509 2103 4580 ἡ
2130 4508 2238 4584 ,τοῦ
2270 4508 2484 4580 Πατρδς
2515 4508 2753 4579 καθέδρα
2785 4504 3285 4576 καταλαμϐάνεται,
3320 4501 3524 4574 ὁμοίως
3555 4502 3650 4554 καὶ

2071 4601 2129 4652 ὲν
2153 4601 2219 4670 τῇ
2244 4599 2430 4652 στάσει
2452 4601 2484 4670 ἡ
2519 4600 2726 4662 στάσιςο
2757 4599 2833 4661 ὡς
2856 4598 2921 4651 ἂν
2949 4598 3022 4668 μὴ
3051 4597 3297 4650 διαπέσοι
3319 4596 3418 4665 τῆς
3437 4594 3650 4656 εἰκόνος

2069 4693 2099 4746 6
2126 4693 2305 4762 λόγος,
2331 4694 2390 4745 ὲν
2419 4695 2484 4762 τῇ
2507 4691 2803 4757 ἀπαλλάξει
2831 4691 2936 4744 τῶν
2966 4689 3269 4760 ἰδιωμάτων
3299 4686 3392 4741 τοῦ
3417 4685 3650 4758 άρχετύο

2071 4800 2177 4836 που
2233 4781 2700 4852 ἀλλοτριούμενος.
2767 4781 2952 4836 Ταῦτα
3003 4783 3156 4854 ἡμῖν,
3199 4779 3451 4849 ἀδελφοὶ,
3505 4777 3650 4832 κατὰ

2076 4873 2316 4945 πάροδον
2354 4872 2490 4944 πρὸς
2516 4872 2576 4926 τὺ
2618 4873 2979 4944 προκείμενον
3009 4871 3228 4943 ζήτημα
3253 4870 3643 4941 τεθεωρήσθω,

2073 4965 2170 5034 τῆς
2209 4963 2302 5017 τοῦ
2346 4963 2615 5032 Στεφάνου
2663 4963 2929 5027 ὀπτασίας
2973 4965 3072 5036 τὴν
3110 4961 3364 5034 τοιαύτην
3415 4960 3643 5033 θεωρίαν

2076 5054 2563 5122 ὲπεισενεγκούσης
2613 5053 2690 5126 τῷ
2733 5053 2896 5127 λόγῳ.
2953 5055 3168 5110 Γένοιτο
3216 5053 3272 5107 δὲ
3322 5054 3508 5124 ἡμᾶς,
3575 5050 3641 5122 μὴ

2075 5147 2271 5211 θεατάς
2301 5147 2462 5217 μόνον
2488 5147 2738 5215 γενέσθαι
2761 5149 2857 5219 τῆς
2893 5149 2986 5202 τοῦ
3025 5147 3296 5215 Στεφάνου
3330 5145 3632 5214 ἀθλήσεως.

2077 5237 2214 5292 ἀλλά
2249 5237 2343 5290 καὶ
2387 5237 2645 5308 μετόχους
2691 5238 2790 5308 τῆς
2828 5238 3079 5309 χάριτος,
3121 5234 3512 5307 πληρωθέντας
3554 5228 3632 5285 τοῦ

2079 5331 2232 5399 ἁγίου
2271 5329 2605 5399 Πνεύματος,
2634 5330 2712 5392 εἰς
2741 5329 3055 5399 καθαίρεσιν
3087 5327 3197 5380 τῶν
3229 5327 3538 5391 ἀντιδίκων,
3564 5325 3638 5384 εἰς

2076 5422 2232 5488 δόξαν
2275 5420 2367 5476 τοῦ
2409 5421 2610 5491 Κυρίου
2652 5419 2808 5492 ἡμῶν
2865 5419 3035 5490 Ἰησοῦ
3089 5416 3348 5490 Χριστοῦ,
3384 5410 3430 5484 ᾧ
3462 5418 3497 5489 ἡ
3525 5411 3639 5477 δίξα

2885 5601 2927 5633 ³³
2959 5601 3080 5656 Act.
3113 5617 3206 5666 vtt,
3239 5601 3326 5656 55.
