3918 6204
166 445 179 458 ,
257 381 357 439 79.!

249 505 351 560 καὶ
377 502 438 557 τὺ
465 500 665 573 κράτος
689 499 769 562 είς
791 497 918 564 τοὺς
948 497 1152 562 αίῶνας
1179 497 1288 554 τῶν
1316 499 1547 556 αἰώνων.
1589 502 1780 574 Ἀμήν.

1295 378 1568 436 ALTERA
1618 379 1974 439 LAUDATIO
2019 381 2075 438 S.
2115 380 2476 438 STEPHANI.

3410 381 3531 436 7225

1940 504 2094 559 lisset
2115 543 2132 568 ,
2164 504 2340 560 obiter
2365 504 2713 560 considerata
2735 542 2750 568 ,
2774 502 3025 560 discussa
3060 511 3222 574 atque
3246 502 3532 573 explicata-

247 598 348 653 sit.
380 595 672 665 Contingat
721 603 903 647 autem
938 592 1128 656 nobis,
1159 601 1220 647 ut
1269 608 1378 648 non
1413 595 1593 649 solum
1631 603 1970 666 spectatores
2023 596 2286 670 Stephani
2347 598 2701 663 certaminis,
2742 597 3098 652 verumetiam
3158 594 3344 664 repleti
3389 591 3513 660 Spi-

246 692 372 746 ritu
399 697 588 744 sancto
615 684 805 756 gratiae
839 684 1140 754 participes
1165 683 1359 749 simus,
1390 684 1456 738 ad
1485 685 1827 742 eversionem
1867 687 2333 752 adversariorum,
2365 687 2432 742 ad
2472 687 2703 758 gloriam
2747 685 2958 743 Domini
2982 685 3156 741 nostri
3191 682 3321 739 Jcsu
3355 682 3519 740 Chri-

243 779 325 832 sti
350 818 366 840 .
399 776 489 833 cui
517 775 728 848 gloria,
759 774 1007 845 potentia
1034 782 1200 846 atque
1228 775 1516 846 imperium
1552 776 1605 832 in
1636 779 1839 834 saecula
1876 779 2229 836 saeculorum.
2256 779 2457 835 Amen.

1452 1121 1752 1239 ΤΟΥ
1839 1124 2329 1241 ΑΥΤΟΥ

1552 1315 1824 1370 ΕΤΕΡΟΝ
1863 1317 2222 1372 ΕΓΚΩΜΙΟΝ

414 1475 587 1563 ΕΙΣ
644 1473 914 1562 ’ΤΟΝ
995 1464 1332 1560 APION
1422 1459 1839 1556 ΣΊἙΦΑΝ

1941 1466 2011 1550 Ν
2115 1467 2342 1553 TON
2442 1467 3359 1558 ΠΡΩΤΟΜΑΡΤΥΡΑ.

1611 1773 2156 1868 EJUSDEM

1546 1961 1893 2022 LAUDATIO
1953 1965 2233 2022 ALTERA

676 2140 795 2252 S.
883 2143 1592 2261 STEPHANI
1703 2147 2926 2262 PROTOMARTYBIS
2983 2127 3110 2258 (ί).

1217 2344 1501 2410 lnterprete
1526 2353 1580 2396 et
1600 2348 1866 2398 schohaste
1884 2347 2153 2400 Laurentio
2171 2347 2416 2413 Zacagnio
2433 2349 2494 2399 ν.
2520 2349 2574 2399 C.

337 2643 683 2715 ’Βπεδήμησε
707 2644 938 2716 Χριστὸς
967 2644 1044 2716 τῷ
1081 2644 1270 2717 κόσμῳ
1299 2647 1378 2709 εἰς
1411 2645 1706 2723 σωτηρίαν,
1735 2644 1831 2698 καὶ

2001 2645 2256 2702 Christus
2282 2645 2338 2702 in
2369 2647 2560 2702 mundi
2590 2647 2821 2705 salutem
2861 2645 3098 2715 advenit,
3144 2657 3195 2703 et
3239 2647 3386 2703 illico
3413 2646 3516 2703 Eo-

251 2735 376 2806 μετ’
403 2737 566 2791 αὐτὸν
605 2737 942 2809 ἐϐλάστησαν
987 2739 1037 2791 οι
1092 2739 1294 2810 καρποὶ
1332 2739 1431 2811 τῆς
1489 2737 1835 2808 Ἐκκλησίας.

252 2829 542 2899 Ἐλαμψεν
571 2832 601 2884 ὁ
629 2831 837 2902 μάρτυς
881 2831 981 2901 τῆς
1011 2830 1290 2901 ἀληθείας,
1346 2831 1440 2885 καὶ
1489 2829 1838 2900 συνέλαμψαν

245 2922 303 2974 oi
337 2921 615 2991 μάρτυρες
638 2922 737 2992 τῆς
786 2922 1027 2992 μεγάλης
1059 2921 1390 2994 οἰκονομίας.
1437 2920 1840 2992 Ἠκολούοησαν

249 3013 303 3064 οἱ
357 3011 603 3082 μαθηταὶ
649 3011 727 3083 τῷ
785 3013 1119 3083 Διδασκάλῳ,
1149 3013 1260 3074 τοῖς
1301 3013 1596 3082 Κυριακοϊς
1637 3007 1840 3081 ἴχνεσιν

252 3100 570 3164 ὁδεύοντες·
607 3101 744 3172 μετὰ
787 3101 1019 3173 Χριστὸν
1053 3104 1102 3156 oi
1143 3103 1546 3174 Χριστοερὸροιο
1585 3100 1724 3172 μετὰ
1747 3101 1840 3156 τὸν

253 3193 406 3263 ἣλιον
435 3191 539 3262 τῆς
597 3191 940 3264 δικαιοσύνης
963 3195 1014 3247 oi
1057 3194 1343 3265 φωστῆρες
1365 3194 1466 3264 τῆς
1489 3193 1836 3264 οἰκουμένης·

257 3283 350 3334 καὶ
403 3282 622 3353 πρῶτος
675 3283 772 3352 μὲν
800 3285 932 3354 ἡμῖν
967 3286 998 3337 ὀ
1049 3284 1315 3353 Στέφανος
1355 3284 1609 3354 ἦνοηισεν,
1638 3281 1738 3336 οὐκ
1776 3285 1841 3339 ὲκ

257 3374 365 3427 τῶν
400 3375 710 3428 Ἰουδαϊκῶν
735 3375 986 3430 ἀκανθῶν
1006 3375 1251 3441 πλακεὶς,
1275 3374 1389 3429 ἀλλ’
1419 3377 1485 3428 ἐκ
1509 3374 1610 3443 τῆς
1640 3372 1839 3442 ἐκκλη-

261 3464 546 3534 σιαπικῆς
571 3463 823 3534 εὐθηνίας
859 3464 1075 3534 πρῶτος
1103 3463 1316 3537 καρπὸς
1342 3462 1420 3534 τῷ
1449 3461 1640 3534 Κυρίῳ
1669 3478 1841 3532 προσ-

257 3554 518 3624 ενεχθείς.
561 3553 799 3608 Ἰουδαῖοι
824 3555 922 3625 μὲν
941 3555 1050 3626 γὰρ
1082 3554 1342 3624 στέφανον
1373 3553 1432 3618 ἐξ
1455 3553 1704 3606 ἀκανθῶν
1723 3550 1845 3604 πλέ-

261 3645 472 3712 ξαντες,
516 3650 583 3719 τῇ
626 3648 833 3719 κεφαλῇ
886 3648 980 3703 τοῦ
1037 3649 1286 3720 Σωτῆρος
1323 3647 1618 3717 ἐπέθηκαν,
1659 3646 1844 3711 ἀξίους

260 3737 359 3806 τῆς
387 3740 561 3808 κακῆς
587 3739 861 3809 γεωργίας
909 3737 1090 3792 αὐτῶν
1121 3739 1246 3802 τοὺς
1288 3739 1531 3809 καρποὺς
1575 3735 1846 3802 ἐπιδειξά-

263 3848 426 3902 μενοι
446 3831 523 3900 τῷ
559 3835 802 3907 Δεσπότῃ
838 3833 934 3888 τοῦ
969 3831 1314 3904 ἀμπελῶνος,
1343 3833 1420 3896 ὡς
1463 3831 1553 3886 διὰ
1589 3833 1688 3904 τῆς
1713 3847 1846 3903 προ-

260 3921 501 3991 φητείας
532 3925 910 3994 προανεφώνει,
933 3923 1108 3992 λέγων
1127 3937 1141 3954 ⁸
1178 3923 1480 3994 Ἄμπελὼν
1495 3924 1714 3992 Κυρίου
1742 3926 1844 3976 Σαρ

1936 2739 2118 2796 ειοείαε
2154 2738 2367 2795 fructus
2409 2739 2750 2811 prodierunt.
2796 2739 3029 2797 Refulsit
3062 2743 3217 2796 testis
3248 2739 3518 2806 veritatis,

1938 2831 2211 2902 simulque
2239 2847 2446 2902 magum
2472 2831 2900 2903 dispensationis
2929 2839 3096 2888 testes
3121 2838 3511 2887 coruscarunt.

1941 2922 2124 2979 Secuti
2155 2931 2282 2978 sunt
2311 2922 2631 2993 Magistrum
2679 2923 2957 2994 discipuli,
2999 2923 3212 2979 Domini
3259 2923 3512 2992 vestigiis

1940 3016 2256 3072 insistentes
2281 3033 2296 3082 ;
2322 3023 2447 3086 post
2474 3015 2776 3080 Christum,
2807 3015 3117 3073 Christiferi
3147 3034 3161 3084 ;
3192 3023 3316 3086 post
3343 3015 3516 3070 solem

1936 3107 2183 3178 iustitiae,
2219 3115 2380 3162 terrae
2427 3107 2677 3162 lumina:
2729 3117 2783 3163 et
2821 3107 3032 3177 primus
3085 3107 3301 3176 quidem
3354 3107 3517 3161 nobis

1943 3199 2272 3269 Stephanus,
2312 3215 2507 3254 corona
2539 3199 2767 3262 scilicet,
2791 3199 2994 3265 ﬂoruit,
3022 3214 3129 3252 non
3161 3214 3226 3253 ex
3274 3195 3516 3251 Judaicis

1941 3292 2114 3361 spinis
2157 3298 2430 3352 contexta,
2482 3289 2579 3346 sed
2634 3289 2842 3360 primus
2889 3290 3149 3345 Ecclesiae
3214 3289 3514 3345 fertilitatis

1943 3381 2153 3436 fructus
2187 3379 2295 3434 Deo
2335 3380 2575 3436 oblatus.
2615 3378 2827 3451 Quippe
2862 3377 3034 3434 Judai
3075 3379 3317 3449 spineam
3351 3391 3514 3432 coro-

1942 3487 2067 3527 nam
2106 3471 2404 3527 Salvatoris
2453 3471 2618 3542 capiti
2662 3472 3058 3541 imposuerunt,
3111 3470 3252 3523 mala
3298 3483 3397 3524 sua
3431 3469 3516 3522 di-

1943 3579 2080 3634 gnos
2105 3563 2438 3634 agricultura
2471 3562 2685 3618 fructus
2708 3564 2936 3618 Domino
2957 3563 3126 3618 vinea:
3150 3568 3513 3628 ostentantes,

1943 3653 2397 3724 quemadmodum
2430 3669 2527 3724 per
2555 3653 2849 3724 prophetas
2879 3651 3009 3708 olim
3045 3652 3262 3708 locutus
3291 3660 3396 3718 est,
3426 3651 3512 3706 di-

1943 3759 2074 3800 cens
2101 3763 2114 3798 :
2156 3744 2317 3800 Vinea
2347 3744 2559 3799 Domini
2592 3744 2849 3809 Sabaoth,
2894 3744 3083 3799 domus
3115 3743 3288 3800 Israel
3317 3753 3416 3811 est,
3465 3754 3518 3799 et

1944 3835 2098 3889 homo
2141 3833 2311 3898 Iuda,
2343 3833 2547 3889 novella
2581 3833 2843 3904 plantatio
2871 3834 3084 3891 dilecta.
3114 3833 3427 3904 Exspectari
3458 3844 3520 3888 ut

1945 3925 2139 3997 faceret
2161 3943 2314 3993 uvas,
2346 3926 2468 3995 fecit
2509 3937 2683 3982 autem
2711 3928 2892 3996 spinas
2913 3929 2954 3982 ⁸.
2977 3927 3047 3982 At
3067 3927 3394 3998 evangelicae
3419 3941 3512 3981 ve-

257 4012 444 4078 ὅαὼθ,
461 4007 619 4081 οἶκος
637 4016 742 4070 τοῦ
775 4015 1012 4084 Ἰσραήλ
1029 4015 1182 4079 ἐστι,
1203 4015 1300 4071 καὶ
1322 4018 1356 4070 ό
1375 4016 1686 4084 ἄνθρωπος
1712 4015 1839 4069 Ἰού-

1944 4017 2122 4074 ritatis
2153 4017 2407 4094 operarii,
2435 4016 2668 4086 primum
2711 4017 2930 4087 pietatis
2959 4017 3243 4073 exordium
3277 4023 3333 4070 et
3371 4015 3517 4086 agri-

253 4101 354 4166 ὃα,
391 4103 685 4172 νεόφυτον
725 4105 1134 4175 ἠγαπημένον.
1173 4107 1412 4175 Ἕμεινα
1442 4106 1550 4160 τοῦ
1597 4105 1846 4175 ποιῆσαι

255 4199 501 4264 σταρυλ
513 4195 606 4263 ὴν,
636 4197 887 4265 ἐποίησε
911 4196 980 4250 δὲ
1013 4194 1301 4263 ἀκάνθας.
1328 4197 1390 4249 υἱ
1409 4196 1466 4249 δὲ
1493 4199 1592 4267 τῆς
1616 4196 1847 4264 εὐαγγε-

256 4285 415 4353 λικῆς
447 4286 704 4355 ἀληθείας
732 4287 958 4358 ἐργάται
993 4287 1200 4359 πρῶτον
1227 4286 1506 4357 προοίμιον
1542 4287 1839 4352 εὐσεϐείας,

257 4378 356 4430 καὶ
419 4378 640 4448 πρώτην
692 4379 948 4450 ἀπαρχὴν
996 4379 1094 4449 τῆς
1134 4379 1426 4449 γεωργίας,
1454 4379 1721 4446 Στέφανον
1749 4378 1842 4433 τὸν

253 4468 416 4535 ἅγιον
477 4469 649 4541 ἄνδρα
686 4471 1054 4542 προσφέρουσι
1083 4470 1182 4540 ,τῷ
1219 4471 1484 4544 Δεσπότῃ,
1524 4464 1612 4524 οἷα
1636 4470 1699 4537 δή
1719 4487 1842 4524 τινα

254 4561 529 4626 στέερανον
574 4561 788 4632 ἀληθῶς
837 4563 899 4615 ὲκ
939 4561 1149 4616 πολλῶν
1198 4562 1293 4615 καὶ
1323 4561 1593 4632 διαφόρων
1633 4561 1842 4632 ἀρετῶν

253 4652 730 4722 συνηρμοσμένον.
784 4653 1008 4724 Πρῶτον
1038 4654 1137 4726 μὲν
1173 4652 1282 4725 γὰρ
1311 4656 1339 4707 ὁ
1365 4652 1666 4723 θαυμάσιος
1690 4647 1842 4717 οὗτος

250 4741 404 4813 ἀνὴρ
430 4742 529 4813 τὴν
561 4742 668 4796 τῶν
697 4743 878 4815 χηρῶν
920 4743 1238 4815 ἐπιμέλειαν
1274 4743 1607 4812 ἐπιστεύετο,
1647 4761 1843 4816 μαρτυ-

333 4918 352 4950 ¹
377 4917 487 4974 lsa.
510 4935 560 4985 ν,
597 4921 648 4975 7.

328 5077 672 5161 Ll)_f_‘.alland
704 5118 724 5159 ,
764 5075 877 5161 Vol.
911 5075 1133 5161 Patrum
1186 5075 1458 5161 Bibliothv
1491 5075 1748 5161 tono-AV],
1779 5093 1832 5161 p.

251 5151 383 5205 595.
429 5148 553 5202 llaec
589 5149 766 5202 oratio
803 5149 887 5202 bis
930 5147 1121 5202 eadem
1184 5162 1348 5201 manu
1399 5147 1732 5202 describitur
1779 5147 1837 5202 in

254 5218 537 5273 Vaticano
561 5219 774 5281 codice.
803 5233 953 5272 num.
983 5215 1110 5279 μδ,
1145 5217 1312 5272 semel
1337 5216 1559 5286 quidem
1605 5216 1662 5272 in
1688 5217 1839 5272 calce

254 5290 514 5358 ejusdem
551 5288 778 5350 codicis.
813 5288 1010 5343 iterum
1043 5302 1172 5358 vero
1216 5286 1360 5343 inter
1397 5287 1546 5358 alias
1589 5287 1840 5358 Gregorii

258 5355 832 5432 Nysseniorationes,
858 5357 1227 5432 postcelebre
1255 5355 1499 5426 ejusdem
1530 5355 1840 5432 enconiium

259 5427 446 5486 sancti
493 5427 776 5498 Stephani.
815 5429 960 5498 typis
986 5428 1098 5496 jam
1124 5427 1353 5489 editum,
1385 5428 1616 5498 etquod
1659 5429 1714 5481 in
1767 5427 1844 5482 fc-

261 5510 344 5553 sto
373 5499 561 5555 sancti
598 5495 1118 5568 Stephani'puhlice
1148 5498 1202 5551 in
1233 5498 1474 5568 Ecclesia
1496 5495 1682 5552 Gmca
1709 5498 1845 5568 reci-

261 5571 365 5623 tari
411 5576 656 5624 testatur
700 5566 960 5638 ‘Typicum
1018 5569 1321 5622 monasterii
1367 5567 1428 5621 S.
1475 5568 1652 5622 Salue.
1703 5566 1842 5638 llinc

265 5639 451 5706 itaque
483 5639 684 5693 factum
715 5637 799 5694 cSt
830 5649 889 5691 ut
919 5638 1144 5708 Ἕτερον
1163 5639 1436 5707 ἐγκώμιον
1460 5641 1538 5701 εἰς
1565 5639 1658 5691 τὸν
1683 5637 1842 5708 ἅγιον

268 5709 545 5777 Στέφανον
584 5710 638 5762 in
683 5723 751 5762 eo
787 5708 976 5764 codice
1011 5707 1363 5775 inscribatur,
1413 5710 1540 5762 licet
1585 5707 1839 5777 sequenti

265 5776 356 5835 die
382 5779 530 5835 festo
558 5779 802 5835 habitum
826 5795 856 5834 a
883 5777 1128 5850 Eysseno
1159 5779 1326 5837 fuisse
1362 5795 1425 5835 ex
1453 5779 1574 5848 ejus
1612 5777 1842 5834 lectione

1943 4109 2171 4164 culturae
2217 4123 2329 4164 sua:
2357 4108 2645 4176 primitias,
2675 4105 3012 4178 Stephanum
3043 4108 3222 4162 virum
3260 4113 3513 4162 sanctum

1941 4196 2174 4252 Domino
2227 4195 2501 4260 offerunt,
2572 4195 2741 4250 veluti
2799 4209 3060 4250 coronam
3103 4192 3399 4264 quamdam
3447 4207 3514 4248 ex

1937 4289 2127 4344 multis
2154 4286 2499 4356 diversisque
2525 4285 2828 4341 virtutibus
2851 4300 2982 4340 vere
3020 4291 3361 4340 contextam.
3398 4283 3518 4338 Pri-

1935 4395 2085 4436 mum
2121 4379 2390 4450 siquidem
2418 4376 2545 4432 huic
2570 4376 2879 4432 admirabili
2901 4379 3021 4431 viro
3045 4375 3340 4430 viduarum
3380 4389 3532 4430 cura

1945 4469 2274 4527 demandata
2317 4475 2422 4532 est,
2472 4481 2597 4523 cum
2632 4466 2750 4537 ipse
2799 4475 3058 4537 tanquam
3102 4463 3278 4520 fidelis
3307 4463 3414 4530 vir,
3451 4478 3518 4519 ac

1947 4559 2148 4631 Spiritu
2176 4567 2369 4616 sancto
2395 4559 2611 4630 plenus,
2641 4565 2696 4612 et
2721 4558 3094 4628 apostolorum
3120 4555 3327 4627 judicio
3351 4561 3517 4624 Itque

1946 4652 2184 4715 delectu,
2214 4659 2268 4707 et
2300 4660 2492 4722 postea
2520 4649 2782 4721 spiritalis
2803 4650 3089 4720 sapientiae
3118 4648 3338 4713 virtute,
3365 4661 3519 4702 com-

1947 4742 2210 4814 probatus
2242 4739 2457 4798 fuisset.
2485 4738 2550 4794 Et
2576 4752 2710 4794 sane
2729 4739 2866 4794 tanti
2897 4737 3067 4797 studii
3102 4746 3264 4806 atque
3287 4743 3522 4793 conatus

1944 5077 2151 5151 liquido
2176 5087 2411 5151 constet,
2442 5079 2593 5150 quia,
2617 5093 2833 5151 nempe,
2861 5093 2892 5133 a
2920 5076 2992 5151 S._
3021 5074 3302 5151 Stephani
3341 5077 3517 5132 laudi-

1944 5118 2050 5227 1335
2083 5118 3516 5227 incipiens;[Rosu’adwc'el‘ebr-andutnv'éS."Petruni,

1943 5216 2234 5287 Jacohum,
2281 5225 2337 5272 et
2369 5217 2656 5281 Joannem,
2704 5219 2984 5287 apostolos
3024 5218 3315 5273 transitum
3362 5216 3513 5287 facit.

1938 5286 2060 5359 Eos
2080 5294 2263 5342 autem
2289 5295 2578 5359 utramque
2609 5285 2875 5346 orationis
2899 5288 3413 5359 hujuseditionem,
3458 5285 3514 5359 in

1941 5356 2209 5429 Vaticano
2259 5357 2451 5429 codice
2491 5355 2988 5429 repra-scntatam,
3029 5356 3428 5429 difﬁcilioribus
3462 5355 3517 5408 in

1941 5427 2076 5482 locis
2107 5427 2512 5495 consuluimus,
2548 5425 2602 5483 et
2628 5444 2693 5483 ex
2732 5442 2796 5483 ea
2831 5438 3073 5484 nostram
3122 5425 3518 5496 expressimus,

1940 5497 2080 5552 locis
2111 5506 2315 5561 tamen,
2349 5498 2442 5553 ubi
2491 5493 2722 5568 utraque
2766 5499 2907 5553 inter
2939 5512 3000 5553 se
3043 5493 3339 5568 discrepat,
3375 5493 3517 5568 indi:

1941 5568 2102 5639 catis.
2132 5568 2399 5623 Caeterum
2431 5569 2572 5623 hanc
2600 5563 2903 5639 orationem
2947 5563 3245 5639 genuinum
3255 5635 3265 5639 Α
3288 5563 3520 5639 Nysseni

1945 5636 2114 5692 fetum
2143 5652 2286 5710 esse,
2317 5645 2431 5692 tum
2463 5639 2639 5710 stylus
2669 5638 2806 5710 ipse.
2839 5633 2974 5710 tum'
3021 5635 3271 5692 nonnulli
3300 5633 3517 5710 antiqui

1947 5722 2133 5832 aiore:
2190 5707 2244 5763 in
2294 5723 2359 5766 ea
2406 5705 2716 5774 memorati,
2786 5709 2921 5765 satis
2965 5721 3241 5781 superque
3295 5705 3523 5762 demon-

1954 5793 1980 5832 s
2011 5792 2108 5832 ran
2139 5817 2153 5832 .

1954 5792 2153 5833 ειταηι.
