3918 6204
392 443 493 498 7‘25

1633 441 1690 498 S.
1721 437 2046 497 GREGORII
2104 438 2396 496 NYSSENI

393 557 662 627 specimen
710 557 763 610 in
812 557 1205 628 propugnando
1247 557 1754 628 promulganduque
1788 557 1960 614 Evan-

2078 558 2258 628 σηθεὶς-
2281 558 2458 628 κρίσει
2489 557 2579 610 καὶ
2610 557 2806 628 ἐκλογῇ
2847 554 2954 608 τῶν
3000 549 3316 607 ἀποστόλων
3346 548 3486 620 ἀνὴρ
3515 545 3655 602 εἶναι

394 649 532 718 gelio
558 647 883 718 prmbuerat,
917 659 975 703 ut
996 658 1049 704 et
1081 663 1276 719 magna
1310 648 1508 701 divina:
1552 647 1774 701 virtutis
1804 648 1967 700 mira-

393 740 517 794 cula
557 739 678 808 ejus
722 741 1163 810 prmdicationem
1213 741 1627 794 comitarentur.
1665 738 1965 808 Stephanus

391 831 552 897 enim,
587 831 781 901 inquit,
806 832 987 901 plenus
1011 832 1115 900 ﬁde
1139 841 1187 886 et
1211 831 1525 901 fortitudine
1559 830 1785 900 faciebat
1812 831 1968 900 signa

393 923 646 992 magna”.
698 922 884 992 Neque
933 924 1079 980 enim
1127 925 1415 978 viduarum
1461 938 1650 978 curam
1706 923 1819 977 ullo
1863 922 1966 976 sibi

396 1013 786 1083 impedimento
815 1014 933 1070 fore
969 1016 1199 1086 putavit,
1238 1013 1334 1070 sed
1367 1022 1421 1070 et
1457 1015 1563 1069 hoc
1589 1030 1754 1070 onere
1781 1014 1970 1069 alacri-

397 1113 478 1158 ter
506 1113 786 1175 suscepto,
823 1122 854 1160 a
884 1107 1034 1162 verbi
1061 1107 1367 1162 ministerio
1387 1121 1668 1176 nunquam
1702 1107 1966 1170 cessavit;

393 1206 448 1253 et
482 1199 587 1254 hoc
614 1199 794 1269 ipsum
835 1199 892 1254 in
922 1213 986 1255 eo
1031 1214 1241 1270 magna:
1266 1198 1617 1254 admirationi
1651 1206 1791 1261 erat,
1823 1195 1968 1266 quod

395 1290 560 1344 animi
590 1291 658 1346 ad
712 1291 1027 1347 subeundos
1064 1292 1281 1347 labores
1335 1291 1594 1362 propensi
1639 1289 1969 1361 singularem

397 1381 558 1450 plane
602 1381 996 1438 abundantiam
1031 1382 1371 1456 ostenderet,
1414 1380 1718 1436 Viduarum
1782 1392 1970 1434 curam

393 1474 652 1543 gerebat,
708 1484 762 1530 et
811 1475 1116 1530 animarum
1173 1473 1526 1544 negotiationi
1581 1471 1969 1532 incumbebat,

394 1565 519 1621 illas
559 1566 779 1635 quidem
824 1582 965 1638 pane
1007 1567 1278 1630 nutriens,
1312 1566 1411 1622 has
1461 1578 1592 1620 vero
1629 1561 1972 1618 Sermonibus

396 1659 721 1725 instruens;
785 1659 892 1714 illis
939 1659 1159 1730 quidem
1207 1656 1829 1743 corporalem.mensam
1878 1665 1976 1720 ap-

398 1765 626 1820 ponens,
672 1751 758 1808 his
789 1767 918 1807 vero
975 1750 1261 1821 spirituale
1308 1749 1527 1819 epulum
1568 1761 1791 1816 parans.
1844 1745 1975 1797 Erat

395 1842 538 1895 enim
575 1841 660 1895 vir
693 1841 898 1912 probus
919 1881 934 1906 ,
970 1850 1024 1897 ct
1057 1842 1252 1911 plenus
1282 1828 1508 1911 Spiritu
1544 1843 1761 1902 sancto,
1803 1833 1972 1889 animi

393 1932 616 2001 quidem
653 1933 924 2003 probitate
954 1948 1222 2004 pauperes
1249 1931 1426 1987 alendi
1455 1946 1654 1986 munus
1676 1928 1974 1990 sustinens,

399 2023 649 2092 loquendi
684 2039 814 2078 vero
852 2024 1124 2088 libertate,
1157 2032 1210 2080 et
1255 2023 1496 2095 Spiritus
1544 2022 1718 2078 sancti
1751 2020 1973 2081 virtute,

399 2111 645 2167 veritatis
666 2112 918 2168 hostibus
947 2127 1043 2168 ora
1069 2113 1430 2184 praecludens.
1467 2109 1737 2168 Omnibus
1793 2111 1978 2180 itaque

399 2202 714 2271 resistebat,
742 2215 794 2259 et
816 2203 1082 2261 adversus
1104 2219 1297 2263 omnes
1323 2204 1570 2260 veritatis
1594 2202 1980 2274 praedicatione

399 2295 734 2361 decertabat,
790 2295 1228 2352 adversariorum
1281 2298 1511 2353 consilia
1562 2296 1884 2359 destruens,
1924 2303 1979 2348 et

398 2400 613 2442 omnem
640 2387 985 2442 altitudinem
1015 2389 1364 2444 extollentem
1408 2404 1468 2445 se
1511 2387 1774 2444 adversus
1803 2387 1981 2442 scien-

399 2478 530 2531 tiam
573 2476 665 2532 Dei
685 2478 726 2532 ³.
764 2477 940 2534 Tanta
971 2487 1155 2534 autem
1199 2479 1417 2534 dicendi
1449 2478 1500 2533 vi
1551 2485 1716 2550 atque
1744 2476 1980 2534 elIicacia

400 2569 661 2638 praeditus
685 2578 823 2635 erat,
857 2577 926 2640 _ut
975 2584 1134 2624 sacra
1166 2569 1362 2640 pagina
1395 2576 1652 2633 testante,
1691 2584 1853 2632 nemo
1884 2584 1980 2638 po-

399 2659 566 2714 tuerit
593 2659 853 2714 resistere
887 2660 1169 2730 sapientiaa
1198 2670 1252 2716 et
1293 2659 1534 2732 spiritui,
1574 2675 1683 2730 quo
1722 2660 1979 2731 loqueba-

400 2757 490 2804 tur
515 2749 558 2806 ⁸.
581 2749 688 2806 Sed
718 2750 782 2805 ad
807 2751 1102 2806 concilium
1127 2752 1424 2822 impietatis
1453 2751 1651 2807 ductus
1675 2751 1776 2804 fuit
1803 2767 1979 2821 praeco

399 2840 696 2908 veritatis;
743 2850 959 2911 oportet
1004 2841 1148 2897 enim
1201 2857 1304 2897 nos
1371 2843 1446 2896 ita
1498 2842 1554 2896 in
1610 2849 1932 2898 transcursu
1960 2881 1975 2907 ,

398 2931 612 2988 debitas
645 2931 1035 3004 Protomartyri
1075 2932 1263 2987 laudes
1293 2932 1542 2998 reddere,
1575 2949 1714 3002 quas
1747 2933 1861 2987 heri
1899 2933 1976 3002 (2)

399 3023 698 3091 adimplere
727 3011 952 3094 propter
974 3025 1226 3094 corporis
1255 3025 1625 3079 inlirmitatem
1662 3040 1771 3080 non
1803 3025 1974 3091 licuit,

397 3122 452 3167 ct
481 3112 641 3167 hodie
674 3113 911 3168 debitam
955 3115 1162 3169 sanctis
1198 3115 1462 3183 apostolis
1500 3115 1977 3171 commemoratio-

399 3219 522 3260 nem
572 3218 875 3298 peragere:
908 3203 1154 3260 Primum
1203 3206 1471 3278 siquidem
1514 3220 1691 3276 neque
1740 3205 1934 3260 diebus
1960 3243 1974 3270 ,
2005 3241 2046 3298 ρ

398 3311 580 3366 neque
626 3296 968 3366 temporibus
1020 3305 1337 3353 sanctorum
1392 3298 1582 3353 laudes
1625 3297 1976 3353 circumscri-

398 3387 588 3444 bendte
615 3397 744 3443 sunt
769 3405 784 3454 ;
811 3402 936 3442 nam
967 3386 1034 3442 In
1069 3389 1344 3454 memoria,
1374 3389 1468 3456 ait,
1517 3399 1715 3444 wterna
1740 3389 1841 3442 erit
1880 3389 1977 3458 ju-

399 3491 514 3534 stus
535 3479 578 3535 '.
611 3478 816 3535 Deinde
845 3495 976 3536 vero
1009 3481 1210 3549 quibus
1240 3496 1348 3534 una
1375 3480 1675 3551 eademque
1700 3479 1801 3537 fuit
1825 3495 1978 3535 mens

399 3578 564 3642 atque
615 3572 888 3627 sententia
920 3571 1021 3642 (5),
1065 3571 1102 3625 ii
1139 3572 1327 3642 utique
1365 3571 1588 3626 landum
1619 3587 1839 3642 quoque
1883 3571 1979 3626 de~

397 3662 530 3718 bent
559 3677 682 3719 esse
705 3670 1011 3718 consortes.
1039 3661 1160 3718 Non
1188 3663 1370 3733 itaque
1405 3662 1659 3717 laudandi
1693 3672 1820 3718 sunt
1859 3662 1978 3718 sine

398 3753 664 3822 apostolis
685 3760 974 3825 martyres,
1008 3767 1108 3807 nec
1137 3753 1256 3808 sine
1289 3753 1408 3808 istis
1437 3754 1693 3824 apostoli.
1725 3753 1975 3823 Magistri

398 3843 545 3898 enim
584 3852 883 3914 martyrum
921 3846 1177 3915 apostoli,
1215 3846 1482 3916 imagines
1525 3862 1655 3902 vero
1695 3846 1975 3916 apostolo-

398 3947 520 3986 rum
545 3943 673 3988 sunt
704 3941 994 4004 martyres.
1027 3932 1249 3988 lllorum
1274 3936 1458 4004 itaque
1483 3936 1778 4007 imaginem
1814 3944 1978 4006 atque

399 4024 635 4096 insigne,
692 4041 912 4082 crucem
963 4025 1231 4093 videlicet,
1285 4027 1479 4082 beatus
1527 4043 1636 4097 prae
1679 4044 1738 4084 se
1793 4028 1976 4085 ferens

401 4115 733 4187 Stephanus,
790 4118 1000 4186 primus
1048 4131 1268 4187 quoque
1319 4132 1413 4189 per
1454 4128 1682 4174 mortem
1729 4121 1975 4191 martyrii

399 4223 604 4265 corona
627 4208 916 4266 redimitus
950 4208 1074 4266 fuit.
1123 4207 1268 4278 Quin
1304 4219 1358 4265 et
1389 4211 1640 4283 martyrii
1690 4211 1977 4268 tolerantia

399 4301 678 4372 magistris
707 4302 936 4372 gloriam
978 4301 1343 4373 decoremque
1376 4303 1755 4374 comparavit;
1791 4312 1846 4358 et
1892 4302 1975 4357 fa-

399 4400 522 4448 ctus
563 4403 649 4450 est
695 4409 822 4450 vere
869 4392 1201 4463 Stephanus,
1257 4397 1359 4448 hoc
1403 4405 1507 4461 est,
1557 4411 1797 4457 corona;
1849 4410 1974 4448 nam

399 4483 787 4553 magistrorum
819 4482 1165 4551 egregiorum
1215 4496 1440 4547 corona,
1490 4497 1598 4536 non
1628 4497 1695 4536 ex
1743 4481 1975 4536 celebri-

2073 651 2284 716 πιστὸς,
2310 651 2404 703 καὶ
2430 650 2642 721 πλήρης
2666 649 2804 702 Πνεύ
2815 665 2982 719 ματος
3010 647 3188 713 ἁγίου,
3210 643 3400 696 ἔπειτα
3426 640 3655 709 δυνάμει

2073 742 2444 812 πνευματικῆς
2469 740 2677 809 σοφίας.
2704 740 2815 794 Καὶ
2847 739 2956 810 γὰρ
2971 738 3048 809 τῷ
3061 736 3188 807 θείῳ
3214 734 3357 804 λόγῳ
3385 730 3658 799 τοσαύτην

2073 834 2213 906 ὑπὲρ
2243 832 2338 886 τοῦ
2397 833 2752 904 κηρύγματος
2809 829 3134 901 συνηγορίαν
3179 826 3548 886 ἐπεδείκνυτο,
3585 822 3658 885 ὡς

2072 927 2168 981 καὶ
2222 925 2434 997 μεγάλα
2461 925 2529 979 τὰ
2559 925 2816 995 θαύματα
2858 923 2959 994 τῆς
3007 921 3157 985 θείας
3208 917 3488 989 ἐνεργείας
3535 933 3660 968 συν-

2072 1018 2284 1088 τρέχειν
2303 1015 2468 1071 αὑτοῦ
2485 1018 2604 1079 ταῖς
2614 1014 3005 1077 διδασκαλίαις.
3027 1011 3331 1080 Στέφανος
3348 1009 3477 1080 γὰρ,
3500 1009 3656 1076 φησὶ.

2073 1110 2310 1177 πλήρης
2365 1110 2622 1174 πίστεως
2663 1107 2760 1160 καὶ
2816 1104 3148 1175 δυνάμεως,
3195 1103 3384 1158 ἐποίει
3436 1099 3656 1168 σημεῖα

2069 1201 2324 1275 μεγάλα·
2385 1201 2460 1254 Ui)
2497 1200 2606 1272 γὰρ
2629 1200 2944 1254 ἐδικαίωσεν
2964 1197 3221 1269 ἐμπόδιον
3243 1193 3392 1265 αὐτῷ
3415 1211 3470 1245 τι
3507 1191 3658 1260 γενέ-

2077 1291 2200 1346 σθαι
2232 1294 2298 1363 τῇ
2337 1292 2467 1362 περὶ
2497 1289 2595 1354 τὰς
2634 1291 2810 1360 χήρας
2832 1288 3056 1358 σπουδῇ,
3083 1285 3216 1340 ἀλλά
3238 1285 3333 1339 καὶ
3351 1282 3554 1352 ταύτης
3579 1283 3656 1333 εί-

2076 1403 2200 1455 χετο
2229 1384 2544 1457 προθύμως,
2569 1382 2829 1452 κάκείνης
2855 1381 2956 1434 οὐκ
2983 1377 3392 1450 ἀπελιμπάνετο
3410 1393 3425 1407 ’
3458 1376 3552 1429 καὶ
3591 1369 3659 1442 ἦν

2077 1478 2163 1530 ἐπ’
2186 1476 2336 1547 αὐτῷ
2354 1475 2495 1546 μέγα
2508 1475 2569 1528 τὸ
2588 1473 2792 1545 θαῦμα,
2806 1473 2902 1528 καὶ
2918 1471 3203 1541 φιλοπόνου
3217 1469 3452 1532 διανοίας
3471 1466 3662 1519 πλεο-ιο

2081 1569 2317 1638 έκτημα.
2367 1567 2559 1638 Χήρας
2589 1564 2922 1626 ἐπιστεύετο,
2956 1563 3047 1616 καλ⁵
3076 1561 3253 1633 ψυχὰς
3283 1558 3658 1630 ἐνεπορεύετο,

2078 1659 2179 1722 τὰς
2231 1659 2328 1728 μὲν
2371 1657 2520 1728 ἄρτῳ
2558 1655 2795 1725 τρέφων,
2823 1655 2920 1718 τὰς
2956 1654 3012 1708 δὲ
3050 1654 3194 1722 λόγῳ
3243 1651 3527 1712 παιδεύων,
3560 1650 3659 1702 καὶ

2080 1752 2198 1814 ταῖς
2222 1749 2318 1822 μὲν
2340 1749 2654 1820 σωματικὴν
2672 1747 2949 1819 τράπεζαν
2971 1745 3265 1818 προτιθεὶς,
3286 1748 3402 1808 ταῖς
3415 1744 3473 1797 δὲ
3491 1760 3659 1796 πνευ-

2085 1843 2318 1914 ματικὴν
2339 1843 2523 1896 ἑστίαν
2549 1839 3000 1912 προϐαλλόμενος.
3019 1835 3127 1893 Ἦν
3146 1839 3256 1908 γὰρ
3277 1836 3410 1908 ἀνὴρ
3429 1834 3656 1904 ἀγαθὸς,

2079 1936 2174 1988 καὶ
2211 1935 2424 2007 πλήρης
2477 1933 2793 2004 Πνεύματος
2844 1932 3028 2001 ἀγίου’
3078 1929 3370 2001 ἀγαοότητι
3415 1928 3516 1998 μὲν
3560 1927 3659 1996 τῆς

2077 2025 2322 2096 γνώμης,
2351 2025 2458 2078 τῶν
2507 2026 2754 2095 πενήτων
2776 2025 2875 2095 τὴν
2913 2021 3252 2092 λειτουργίαν
3273 2019 3656 2090 ὑφιστάμενος·

2079 2117 2362 2190 παρρησίᾳ
2380 2117 2437 2170 δὲ
2457 2117 2550 2170 καὶ
2573 2116 2798 2188 δυνάμει
2815 2115 2910 2169 τοῦ
2934 2114 3073 2168 Πνεύ
3082 2131 3270 2185 ματος,
3292 2112 3412 2174 τοὺς
3427 2109 3655 2180 ἐχθροὺς

2077 2209 2176 2280 τῆς
2212 2208 2470 2280 ἀληθείας
2500 2207 2887 2280 ἐπιστομίζων.
2908 2208 3050 2261 Πᾶσι
3071 2204 3200 2274 γοῦν
3225 2203 3530 2274 ἀντέκρουε,
3565 2201 3657 2254 καὶ

2080 2300 2285 2363 πάντας
2307 2299 2385 2370 τῷ
2409 2300 2551 2371 λόγῳ
2595 2301 2691 2370 τῆς
2731 2297 2990 2369 ἀληθείας
3057 2295 3475 2365 κατηγωνίζετο,
3508 2292 3659 2360 λογιο

2079 2391 2249 2462 σμοὺς
2281 2390 2581 2464 καθαιρῶν.
2634 2397 2728 2446 καὶ
2755 2391 2863 2444 πᾶν
2907 2388 3108 2459 ὕψωμα
3139 2386 3491 2457 ἐπαιρόμενον
3513 2383 3659 2437 κατά

2077 2482 2175 2553 τῆς
2205 2482 2460 2551 γνώσεως
2517 2481 2612 2535 τοῦ
2646 2481 2802 2534 Θεοῦ.
2828 2478 3077 2550 Τοσαύτη
3125 2477 3182 2531 δὲ
3208 2475 3354 2546 αὐτῷ
3389 2476 3536 2543 ἰσχὺς
3559 2472 3656 2525 τοῦ

2077 2571 2234 2640 λόγου
2268 2572 2471 2642 παρῆν,
2498 2571 2572 2632 ὡς
2594 2569 2738 2624 κατά
2763 2568 2860 2640 τὴν
2888 2567 3195 2638 μαρτυρίαν
3218 2566 3316 2635 τῆς
3341 2564 3497 2632 ἁγίας
3511 2563 3657 2632 Γρα-

2078 2663 2204 2734 φῆς,
2243 2663 2447 2736 μηδένα
2483 2662 2744 2719 δύνασθαι
2778 2663 3091 2732 ἀντιστῆναι
3145 2663 3211 2730 τῇ
3251 2657 3409 2727 σοφίᾳ
3447 2657 3544 2710 καὶ
3586 2654 3662 2722 τῷ

2078 2755 2370 2823 πνεύματι,
2402 2749 2446 2823 ᾧ
2476 2755 2674 2810 ἐλάλει.
2711 2754 2850 2807 Ἀλλ’
2869 2754 2963 2806 ἐπὶ
2990 2751 3048 2806 τὸ
3079 2751 3351 2822 συνέδριον
3377 2751 3544 2820 ῆγετο
3559 2748 3658 2818 τῆς

2077 2846 2356 2911 ἀπιστίας,
2389 2847 2417 2899 ὁ
2446 2845 2621 2916 κήρυξ
2647 2847 2748 2916 τῆς
2768 2843 3026 2915 ἀληθείας
3048 2861 3062 2875 ο
3088 2843 3167 2896 δεῖ
3198 2841 3308 2912 γὰρ
3345 2842 3494 2911 ἡμᾶς
3521 2839 3666 2893 οὕτω

2078 2935 2532 3006 παραδραμόντας
2581 2933 2660 3005 τῷ
2700 2933 3132 3005 Πρωτομάρτυρι
3165 2933 3264 3004 τὴν
3305 2930 3667 3000 ὀφειλομένην

2076 3025 2388 3090 ἀποδοῦναι,
2424 3026 2490 3097 ἢν
2515 3025 2640 3096 χθὲς
2672 3024 3068 3095 ἀποπληρῶσαι
3091 3023 3152 3077 τὸ
3179 3022 3402 3086 ἀσθενὲς
3428 3022 3525 3075 τοῦ
3561 3022 3668 3074 σώ-

2081 3135 2246 3190 ματος
2276 3118 2375 3171 οὐκ
2397 3117 2688 3187 ἐπέτρεψε,
2715 3117 2808 3170 καὶ
2833 3117 3070 3186 σήμερον
3091 3117 3204 3178 τοῖς
3236 3114 3411 3183 ἁγίοις
3433 3112 3668 3167 ἀποστ-ό·

2079 3211 2192 3274 λοις
2217 3211 2316 3281 τὴν
2343 3209 2554 3264 οἰκείαν
2591 3210 2814 3281 μνήμην
2854 3206 3272 3278 ἀποπληρῶσαι.
3309 3205 3535 3276 Πρῶτον
3568 3208 3670 3274 μὲν

2079 3302 2186 3374 γὰρ
2201 3302 2299 3372 οὐχ
2327 3301 2582 3372 ἡμέραις,
2608 3299 2728 3352 οὐδὲ
2759 3297 3064 3370 χρόνοις,τά
3089 3297 3195 3348 τῶν
3217 3296 3386 3376 ἁγίων
3410 3291 3674 3364 ἐγκώμια

2077 3391 2446 3465 περιορίζεται
2469 3408 2482 3422 ·
2509 3394 2613 3458 Εἰς
2630 3391 3031 3460 μνημόσυνον
3045 3387 3173 3457 γὰρ,
3202 3387 3385 3457 φησὶν,
3417 3385 3674 3437 αἰώνιον

2077 3484 2248 3539 ἔσται
2290 3483 2520 3548 δίκαιος
2540 3498 2553 3512 ·
2597 3483 2788 3536 ἔπειτα
2833 3480 2910 3543 δὲ,
2941 3472 3024 3542 οἷς
3055 3479 3115 3531 ού
3154 3477 3441 3547 διαιρεῖται
3465 3475 3537 3527 τά
3571 3476 3680 3544 τῆς

2078 3576 2322 3647 γνώμης.
2351 3575 2489 3628 Οὔτε
2515 3574 2692 3628 τοίνυν
2726 3572 3005 3644 μάρτυρες
3026 3571 3152 3625 ἄνευ
3175 3567 3502 3631 ἀποστόλων,
3537 3566 3681 3619 οὔτε

2077 3667 2239 3721 πάλιν
2267 3666 2556 3721 ἀπόστολοι
2585 3666 2758 3736 χωρὶς
2793 3665 3038 3718 ἐκείνων.
3073 3659 3380 3715 Διδάσκαλοι
3406 3658 3511 3726 μὲν
3550 3659 3684 3726 γὰρ

2081 3759 2393 3831 μαρτύρων,
2426 3758 2732 3812 ἀπόστολοι·
2783 3758 2989 3820 εἰκόνες
3023 3756 3079 3808 δὲ
3116 3753 3222 3808 τῶν
3248 3749 3598 3815 ἀποστόλων,
3629 3753 3684 3803 οἱ

2079 3851 2373 3931 μάρτυρες.
2396 3850 2591 3904 Εἰκόνα
2612 3849 2741 3920 γοῦν
2757 3850 2854 3920 τὴν
2871 3849 3092 3902 ἐκείνων
3112 3847 3204 3901 καὶ
3226 3845 3313 3898 τὸν
3333 3842 3601 3913 χαρακτῆ
3613 3861 3686 3912 ρα

2077 3943 2255 4013 φέρων
2279 3943 2306 3994 ὁ
2330 3942 2594 4012 μακάριος
2627 3940 2915 4010 Στέφανος,
2945 3937 3176 4009 σταυρὸν
3203 3937 3299 4006 (5),
3332 3934 3426 3988 καλ⁵
3458 3935 3560 3986 διὰ
3583 3933 3683 3986 τοῦ

2077 4030 2307 4084 θανάτου
2345 4029 2558 4101 πρῶτος
2587 4029 2678 4082 τοῦ
2717 4028 3017 4099 μαρτυρίου
3051 4029 3142 4081 τὸν
3179 4026 3440 4094 στέφανον
3468 4026 3684 4096 ἀνεδή-

2077 4137 2227 4173 σατο.
2269 4118 2407 4172 Ἀλλ’
2452 4119 2599 4190 ὅμως
2641 4118 2730 4172 διὰ
2776 4118 2874 4186 τῆς
2915 4117 3191 4188 ὑπομονῆς
3231 4115 3325 4169 τοῦ
3359 4118 3681 4187 μαρτυρίου

2076 4213 2199 4274 τοὺς
2228 4210 2579 4274 διδασκάλους
2639 4210 3000 4279 ἀπεσέμνυνε,
3047 4209 3140 4261 καὶ
3186 4208 3406 4276 γέγονεν
3449 4207 3686 4279 ἀληθῶς

2078 4299 2368 4366 στέφανος·
2407 4299 2668 4366 στέφανος
2696 4298 2802 4367 γὰρ
2831 4296 2938 4350 τῶν
2970 4295 3147 4349 καλῶν
3191 4293 3538 4348 διδασκάλων
3583 4296 3688 4346 ei):

2074 4386 2142 4460 ἦν
2165 4389 2300 4458 τιμὴ
2326 4389 2422 4458 τῆς
2452 4388 2746 4459 εὐφημίας,
2780 4388 2890 4440 ἀλλ’
2925 4383 2993 4458 ἦν
3022 4384 3270 4458 προκοπὴ
3298 4385 3394 4454 τῆς
3437 4385 3688 4454 Ἐκκλη-

2079 4482 2217 4545 σίας,
2242 4479 2430 4550 ὥσπερ
2447 4481 2576 4550 γοῦν
2601 4479 2903 4551 Κορινθίοις
2923 4479 3150 4550 γράφων
3179 4480 3207 4531 ό
3234 4478 3373 4539 θεῖος
3400 4476 3687 4530 Ἀπόστοο

401 4583 509 4628 tate
547 4573 785 4628 nominis
817 4582 969 4626 ortus
1019 4571 1214 4639 honor,
1247 4572 1343 4628 sed
1374 4571 1630 4627 Ecclesia:
1667 4572 1974 4626 incremen-

2078 4571 2166 4634 λός
2199 4587 2382 4640 φησιν·
2428 4570 2693 4640 Ἀδελφοί
2715 4589 2835 4641 μου
2857 4570 3149 4640 ἀγαπητοὶ
3173 4569 3269 4622 καὶ
3289 4569 3685 4636 ἐπιπόθητοι.

401 4675 513 4719 tum
539 4671 682 4727 crat,
719 4663 1186 4733 quemadmodum
1220 4665 1385 4718 etiam
1417 4665 1485 4719 ad
1549 4663 1865 4719 Corinthios
1895 4663 1972 4733 (4)

400 4756 649 4812 scribens
701 4754 920 4812 divinus
965 4755 1265 4826 Apostolus
1315 4756 1526 4826 inquit:
1598 4754 1824 4808 Fratres
1877 4756 1978 4809 mei

401 4847 736 4913 charissimi,
790 4848 1050 4918 gaudium
1100 4865 1313 4914 meum,
1364 4858 1412 4902 et
1451 4863 1648 4902 corona
1705 4862 1841 4911 mea,
1901 4847 1978 4900 sic

401 4946 538 4991 state
559 4937 600 4992 °.
626 4939 733 4994 Sed
764 4939 830 4994 ad
867 4939 1211 5011 pr0positum
1232 4939 1544 4995 redeamus.

473 5051 757 5122 Ingressus
807 5063 892 5111 est
941 5055 996 5110 in
1057 5052 1261 5109 Christi
1311 5051 1623 5106 occisorum
1678 5048 1970 5104 concilium

400 5144 484 5199 vir
522 5143 801 5202 Christum
850 5145 1053 5210 ferens,
1099 5145 1217 5200 ovis
1259 5143 1314 5197 in
1350 5143 1604 5213 luporum
1647 5156 1976 5213 synagogam

478 5333 744 5402 'Act.vt,
778 5335 811 5390 8
866 5348 988 5405 sqq.
1103 5335 1123 5365 ³
1175 5333 1365 5390 llCor.
1401 5350 1454 5398 x,
1483 5335 1568 5389 15.

402 5585 442 5640 S
470 5518 777 5641 (Q‘llabila
807 5527 889 5574 est
921 5517 1086 5590 igitur
1129 5521 1241 5576 haec
1301 5521 1479 5576 oratio
1532 5523 1799 5594 postridie
1854 5521 1976 5576 festi

450 5628 462 5640 .
570 5604 789 5641 eniam.

450 5604 978 5725 ’(ῖῗίθιςίξιζζιιιιυΙΙιι
1005 5660 1198 5716 deesse
1221 5659 1472 5715 videntur
1504 5660 1558 5714 in
1585 5668 1735 5715 textu
1761 5659 1974 5725 Grmco,

400 5742 520 5794 quae
561 5729 630 5780 ad
661 5730 1093 5798 antecedentium
1129 5741 1180 5784 et
1211 5731 1657 5798 subscquentium
1686 5731 1973 5785 verborum

401 5810 630 5868 sensum
661 5795 712 5848 in
747 5798 998 5868 versione
1034 5808 1219 5852 nostra
1251 5795 1647 5868 supplevimus.

475 5865 551 5935 (4)
585 5863 841 5920 Memoria
875 5867 1075 5923 labitur
1093 5863 1397 5936 Nysscnus,
1423 5869 1529 5924 nisi
1560 5874 1759 5925 veteris
1806 5869 1970 5924 libra-

2077 4663 2230 4731 χαρὰ
2258 4661 2354 4715 καὶ
2385 4660 2688 4730 στέφανός
2723 4679 2862 4730 ⁶ιιου.
2892 4661 3044 4714 οὕτω
3068 4659 3340 4728 στήκετε.
3387 4657 3551 4711 Ἀλλ’
3592 4658 3687 4710 ἐπὶ

2076 4753 2137 4807 τὸ
2177 4753 2538 4824 προκείμενον
2568 4751 2972 4823 ἐπανέλθωμεν.

2135 5044 2397 5114 Εἰσῆλθεν
2431 5046 2509 5106 εἰς
2545 5043 2603 5096 τὸ
2626 5042 2898 5114 συνέδριον
2927 5041 3036 5097 τῶν
3054 5038 3440 5112 Χριστοφόνων
3467 5042 3503 5093 ὁ
3541 5041 3679 5112 Χρι-

2072 5138 2331 5210 στοφόρος
2349 5149 2363 5166 ·
2383 5134 2736 5206 εἰσεπήδησεν
2760 5135 2840 5198 είς
2870 5133 2968 5206 τὴν
2996 5131 3318 5202 συναγωγὴν
3343 5131 3458 5185 τῶν
3485 5132 3681 5186 λύκων

1648 5335 1669 5367 ⁸
1701 5333 1819 5389 Act.
1854 5350 1928 5398 Vl,
1959 5333 2046 5389 lO.
2123 5334 2144 5365 '
2173 5333 2316 5390 Psal.
2353 5349 2466 5397 CXl,
2511 5332 2559 5386 7.
2601 5332 2622 5364 ⁸
2649 5330 2883 5402 Philipp.
2920 5344 2993 5396 tv,
3032 5327 3082 5380 l.

2087 5521 2152 5574 rii
2177 5531 2331 5574 error
2359 5518 2471 5584 sit;
2511 5531 2637 5571 nam
2683 5517 2798 5572 haec
2831 5517 2997 5572 verba
3032 5532 3139 5571 non
3185 5516 3240 5569 in
3281 5513 3548 5584 Epistolis
3606 5515 3690 5570 ad

2083 5587 2434 5652 Corinthios,
2484 5587 2579 5644 sed
2628 5589 2682 5641 in
2736 5587 2979 5659 Epistola
3039 5587 3107 5640 ad
3157 5586 3544 5657 Pliilippenses
3603 5586 3695 5642 le-

2083 5669 2399 5800 8“:‘Stlmiiide
2432 5751 2498 5788 an
2537 5731 2758 5786 verbum
2795 5727 3027 5798 σταυρόν
3057 5740 3536 5796 supervacaneum
3569 5727 3701 5798 sit;

2083 5799 2228 5859 certe
2258 5801 2376 5862 sine
2405 5806 2495 5861 illo
2529 5816 2723 5860 sensus
2753 5807 3005 5855 constare
3031 5805 3229 5868 potest.

3542 433 3855 487 795.1
