3918 6204
249 264 354 331 125

1272 285 1549 343 Αιτειιιι
1593 287 1952 347 LAUDATIO
2008 289 2063 350 S.
2110 291 2475 354 STEPHANI.

3409 304 3512 361 7&5

686 396 817 495 ﬁli:
846 395 914 472 ἦν
943 402 1150 495 061th;
1170 405 1359 472 ἁπλῶς
1388 409 1660 481 πρόὸατον
1687 410 1833 484 θηρι-

1946 415 2174 481 insiluit,
2211 432 2318 473 non
2351 426 2611 488 tanquam
2646 418 2873 474 omnino
2923 421 3043 478 ovis
3078 437 3107 476 a
3155 422 3299 493 lupo.
3337 433 3515 495 rapta,

249 487 474 552 ἁλωτον,
501 488 639 543 ἀλλά
674 491 949 562 πρόσατον
987 494 1091 548 ὑπὸ
1124 496 1360 569 Χριστοῦ
1392 501 1833 572 ποιμαινόμενον,

246 578 344 633 καὶ
362 579 500 651 πρὸς
518 582 648 645 τοὺς
675 582 875 649 λύκους
894 587 1314 660 ἀγωνιζόμενον.
1346 593 1411 647 01
1433 594 1533 663 μὲν
1548 594 1657 666 γάρ
1685 595 1842 650 elde-

246 686 363 723 σων
415 670 507 724 καὶ
532 671 863 745 διεπρίοντο,
890 678 1010 741 ταῖς
1030 681 1388 753 κατηγορίαις
1417 685 1513 737 καὶ
1541 686 1664 749 ταῖς
1684 686 1845 739 ἀπει-

242 760 368 826 λαῖς
403 763 464 814 τὸ
495 763 750 835 ποίμνιον
789 769 1215 836 καταδάκνοντες
1237 788 1251 803 ·
1284 774 1313 826 ὁ
1340 772 1397 827 δὲ
1426 774 1626 845 μᾶλλον
1644 777 1844 843 αὐτοὺς

244 855 357 916 τοῖς
385 853 627 927 ἐλέγχοις
649 855 1066 929 διεσπάραττεν.
1099 862 1133 933 ἢ
1160 866 1281 928 ταῖς
1305 865 1557 932 ἀπειλαῖς
1608 870 1703 924 καὶ
1721 872 1843 934 ταῖς

241 947 623 1018 κατηγορίαις,
642 947 720 1014 ὡς
741 951 960 1007 ἐκεῖνοι.
994 953 1087 1026 Μὴ
1113 955 1310 1025 ψιλῶς,
1346 958 1470 1029 μηδ’
1505 960 1843 1026 ἐπιπολαίως

242 1037 698 1110 παραδράμωμεν
721 1041 794 1096 τὰ
826 1042 1116 1116 λεγόμενα.
1154 1042 1324 1114 οὗτος
1350 1050 1461 1122 γάρ
1481 1051 1615 1123 πρὸς
1644 1053 1841 1107 τοσαύ-

241 1145 342 1199 την
387 1132 714 1205 συναγωγὴν
747 1138 1222 1209 πονηρευομένων,
1253 1141 1352 1196 καὶ
1391 1143 1530 1208 πρὸς
1573 1145 1842 1217 τοσαύτην

243 1221 426 1277 λύκων
452 1223 642 1294 ἔφοδον
666 1228 808 1281 κατά
845 1229 949 1300 τῆς
978 1231 1192 1298 ἀδικίας
1229 1232 1501 1308 ἐθάρσησε
1528 1237 1838 1310 παρρησιά-

243 1313 467 1379 σασθαι,
503 1316 596 1370 καὶ
615 1311 793 1374 είπεϊν
821 1322 961 1393 μετά
990 1323 1091 1395 τὴν
1120 1325 1322 1398 πολλὴν
1343 1327 1560 1401 ἐκείνην
1583 1329 1842 1383 διδασκα-

242 1404 366 1460 λίαν
383 1420 399 1436 ⁶
416 1409 968 1482 Σκληροτράχηλοι,
990 1415 1089 1470 καὶ
1120 1416 1505 1489 ἀπερίτμητοι
1526 1420 1602 1491 τῇ
1628 1421 1843 1491 καρδίᾳ

241 1497 345 1551 και
396 1499 524 1566 τοῖς
565 1500 737 1567 ὠσίν,
779 1504 952 1574 ὑμεῖς
1012 1508 1107 1563 ἀεὶ
1141 1509 1224 1577 τῷ
1245 1512 1552 1582 Πνεύματι
1595 1512 1677 1579 τῷ
1696 1514 1844 1583 ἁγίῳ

240 1587 646 1657 ἀντιπίπτετε,
683 1593 879 1661 καθὼς
903 1598 959 1651 οἱ
985 1598 1241 1669 πατέρες
1261 1600 1450 1671 ὑμῶν,
1471 1602 1567 1657 καὶ
1593 1602 1662 1657 τὰ
1690 1602 1838 1673 ἑξῆς.

243 1680 435 1746 Οὕτως
467 1684 497 1737 ό
522 1684 616 1737 ἐπὶ
658 1685 756 1756 μὲν
779 1688 886 1759 γῆς
922 1691 1269 1762 φαινόμενος,
1317 1693 1389 1748 τά
1442 1694 1501 1748 δὲ
1536 1697 1594 1749 ἐν
1626 1693 1841 1767 οὐρανῷ

246 1776 763 1847 κατόπτριζόμενοςι
817 1781 914 1835 καὶ
964 1782 1254 1855 ἀνθρώπου
1311 1784 1411 1857 μὲν
1435 1786 1599 1856 φύσιν
1631 1789 1839 1845 ἐνδεδυ·
1867 1835 1906 1857 μ

249 1865 427 1936 μένος,
461 1868 696 1937 ἀγγέλου
727 1870 784 1924 δὲ
806 1869 930 1941 ὄψιν
982 1875 1080 1928 κα1⁵
1120 1876 1305 1948 σχῆμα
1332 1881 1839 1952 μεταμορφωσάμε-

243 1972 335 2020 νος
382 1957 496 2028 (καὶ
522 1958 732 2015 τούτων
770 1961 929 2017 οὐδὲν
957 1964 1190 2032 ἀπεικός
1214 1987 1227 2001 -
1258 1968 1469 2041 ἔπρεπε
1491 1971 1602 2044 γὰρ
1622 1972 1840 2046 ἀληθῶς

242 2049 303 2102 ἐν
353 2047 435 2120 τῷ
482 2051 920 2127 Πρωτομάρτυρι
970 2055 1254 2129 δειχθῆναι
1297 2060 1408 2116 τῶν
1459 2064 1754 2136 μαρτύρων
1779 2065 1840 2120 τὸ

239 2138 485 2211 ἀξίωμα,
519 2142 615 2196 καὶ
641 2142 847 2212 γνῶναι
875 2145 1067 2202 λοιπὸν
1104 2149 1354 2216 ἅπαντας
1392 2152 1493 2223 τῆς
1522 2154 1717 2226 καινῆς
1740 2156 1840 2226 χά-

241 2248 396 2301 ριτος
451 2234 523 2288 τά
571 2233 771 2307 ἔργα)’
805 2237 836 2290 ὁ
880 2236 979 2291 τοῦ
1034 2240 1337 2313 μαρτυρίου
1382 2243 1545 2307 πόθος
1582 2245 1645 2299 οὐ
1676 2245 1840 2316 μόνον

237 2321 547 2395 ἀγγελικὴν
572 2323 727 2391 ἀξίαν
755 2326 1063 2399 χαρίζεται,
1089 2328 1227 2383 ἀλλά
1242 2330 1336 2384 καὶ
1360 2331 1606 2401 οὐρανῶν
1632 2334 1838 2403 ἀνοίγει

237 2415 456 2480 πύλαςο
483 2418 664 2473 οὐκέτι
702 2419 920 2492 θανάτῳ
949 2422 1051 2487 τὰς
1071 2423 1251 2494 ψυχάς
1283 2426 1690 2497 παραπέμπων,
1721 2430 1836 2483 ἀλλ’

236 2509 318 2571 είς
362 2511 814 2583 χείρας’Χριστοῦ
835 2513 897 2568 τὺ
927 2514 1147 2586 πνεῦμα
1166 2517 1616 2587 παρατιθέμενος.
1661 2519 1718 2573 Ὁ
1737 2520 1837 2591 μὲν

237 2598 349 2667 γὰρ
382 2598 666 2670 Κυριακὺς
691 2600 979 2674 ἄνθρωπος
1001 2606 1099 2660 τοῦ
1116 2607 1370 2679 Σωτῆρος
1401 2608 1481 2679 τῷ
1506 2609 1687 2681 ἑαυτῷ
1722 2614 1836 2666 Πα-

236 2691 328 2762 τρὶ
361 2692 423 2747 ἐν
472 2691 554 2764 τῷ
596 2695 817 2768 σταυρῷ
852 2698 1215 2769 προσεφώνει,
1257 2700 1467 2771 λέγων·
1496 2691 1709 2773 Πάτερ,
1749 2706 1837 2772 είς

241 2784 445 2855 χεῷάς
476 2802 595 2843 σου
637 2791 996 2862 παρατίθημι
1027 2791 1095 2847 τὸ
1136 2793 1372 2865 πνεῦμά
1397 2812 1519 2864 μου
1542 2814 1555 2826 ·
1606 2797 1636 2849 ὁ
1665 2796 1721 2850 δὲ
1741 2797 1836 2850 τοῦ

239 2875 482 2944 Χριστοῦ
495 2876 685 2943 δοῦλος
698 2879 995 2950 Στέφανος,
1015 2880 1308 2946 ἀνατείνας
1327 2884 1408 2946 είς
1427 2880 1520 2937 τδν
1535 2881 1833 2953 Δεσπότην,

238 2968 440 3036 Κύριε,
467 2969 655 3039 φησιν,
690 2969 907 3038 Ἰησοῦ,
925 2969 1096 3037 δέξαι
1128 2971 1194 3027 τὸ
1220 2971 1458 3042 πνεῦμά
1477 2990 1597 3044 μου
1618 2989 1634 3007 ·
1664 2973 1838 3047 ταύτῃ

237 3058 301 3128 τῇ
324 3060 485 3128 φωνῇ
520 3057 623 3130 τὴν
647 3058 826 3131 ψυχὴν
851 3059 1213 3133 ἀποθέμενος.
1236 3062 1492 3132 Ἄγγελοι
1516 3063 1609 3117 τὸν
1628 3063 1838 3118 ἑαυτῶν

1943 508 2039 563 sed
2080 516 2337 579 tanquam
2369 510 2489 566 ovis
2524 527 2555 566 e
2583 510 2786 567 Christi
2820 527 2982 584 grege
3016 529 3140 567 cum
3183 514 3327 585 lupis
3355 514 3518 569 dimi!

1942 614 2097 657 cans.
2131 600 2264 655 Nam
2290 601 2366 656 illi
2403 600 2654 657 furebant
2716 612 2879 672 atque
2923 603 3370 671 disseeabantur,
3425 620 3516 659 ae-

1941 689 2291 746 eusalionum
2323 700 2489 761 atque
2550 692 2823 746 minarum
2864 692 3139 749 morsibus
3169 709 3383 765 gregem
3429 693 3514 747 di-

1942 780 2282 851 lacerantes;
2318 789 2375 836 at
2397 781 2487 837 hic
2518 782 2739 839 diverso
2785 797 3011 854 prorsus
3047 799 3197 839 more
3225 799 3321 839 eos
3350 798 3516 856 argu-

1942 874 2375 931 mentationibus
2429 875 2614 945 potius
2645 877 2780 941 suis,
2813 891 2977 947 quam
3012 876 3174 932 minis
3202 886 3257 932 et
3284 892 3514 933 accusa-

1942 965 2186 1023 tionibus
2219 967 2583 1038 discerpebat.
2624 967 2694 1022 At
2718 984 2829 1023 non
2862 968 3056 1024 leviter
3080 979 3244 1040 atque
3275 984 3518 1024 summa-

1942 1059 2062 1125 tim,
2102 1075 2224 1132 qure
2271 1060 2339 1116 de
2392 1060 2513 1131 ipso
2550 1068 2893 1128 narrantur,
2947 1075 3360 1132 percurramus.
3419 1058 3519 1116 Hic

1940 1149 2085 1205 enim
2121 1149 2177 1205 in
2214 1157 2368 1205 tanto
2403 1149 2819 1220 malignantium
2877 1150 3113 1206 concilio
3152 1158 3206 1206 et
3239 1159 3320 1205 tot
3356 1149 3517 1218 lupo-

1942 1255 2063 1295 rum
2095 1240 2324 1297 incursu
2355 1238 2616 1298 audacter
2645 1241 2909 1297 adversus
2955 1241 3291 1312 impietatem
3340 1241 3516 1311 loqui,

1940 1340 1996 1387 et
2021 1340 2145 1403 post
2173 1333 2448 1404 egregiam
2493 1333 2641 1387 illam
2682 1331 2805 1387 lidei
2854 1333 3299 1405 praedicationem
3333 1333 3517 1389 dicere

1942 1440 2051 1482 non
2082 1424 2297 1482 timuit:
2332 1424 2485 1479 Dura
2517 1425 2734 1492 cervice,
2753 1433 2803 1480 et
2835 1425 3219 1479 incircumcisis
3247 1423 3515 1483 cordibus,

1940 1528 1990 1574 et
2038 1518 2279 1581 auribus,
2330 1534 2419 1573 vos
2461 1532 2666 1586 semper
2730 1514 2954 1586 Spiritui
3005 1524 3190 1571 sancto
3246 1514 3515 1577 resistitis,

1940 1614 2076 1667 sicut
2104 1621 2281 1681 patres
2330 1610 2551 1675 vestri’,
2586 1617 2641 1665 et
2674 1624 2797 1681 quae
2848 1615 3173 1679 sequuntur.
3228 1605 3354 1663 llaec
3405 1606 3514 1670 ille,

1941 1706 2034 1775 qui
2077 1705 2131 1760 in
2165 1713 2313 1759 terra
2348 1700 2568 1774 quidem
2602 1716 2726 1758 esse
2762 1700 3077 1768 videbatur,
3117 1699 3364 1756 coelestia
3390 1713 3519 1753 vero

1942 1796 2354 1867 speculabatur,
2385 1810 2495 1850 non
2518 1790 2683 1849 exuta
2707 1793 2951 1849 hominis
2981 1799 3199 1856 natura,
3247 1792 3302 1845 in
3339 1790 3517 1860 angeli

1943 1889 2160 1955 faciem,
2196 1887 2547 1958 speciemque
2574 1884 3044 1951 transformatus;
3079 1883 3242 1954 idque
3270 1897 3378 1937 non
3413 1882 3519 1935 im-

1941 1985 2181 2039 merito;
2213 1980 2445 2036 decebat
2473 1978 2645 2043 enim,
2684 1984 2746 2032 ut
2793 1975 2850 2031 in
2883 1974 3319 2047 Protomartyre,
3372 1989 3520 2027 mar-

1940 2083 2121 2147 tyrum
2148 2073 2389 2144 dignitas
2420 2087 2545 2133 vere
2590 2077 2900 2142 appareret,
2928 2082 3229 2138 omnesque
3260 2066 3520 2135 deinceps

1941 2180 2096 2221 novae
2146 2164 2335 2236 gratia?
2380 2178 2548 2234 opera
2601 2162 2658 2216 in
2701 2175 2769 2217 eo
2816 2159 3224 2230 dignoscerent.
3267 2155 3520 2227 Martyrii

1939 2258 2144 2329 quippe
2172 2256 2506 2313 desiderium
2542 2270 2651 2309 non
2682 2254 2983 2324 angelicam
3013 2251 3176 2307 modo
3199 2250 3519 2321 dignitatem

1946 2349 2211 2420 impertit,
2252 2347 2350 2403 sed
2388 2354 2444 2402 et
2471 2346 2735 2402 cwlorum
2769 2345 2945 2414 aperit
2985 2330 3212 2412 portas;
3248 2358 3355 2395 non
3403 2348 3519 2396 tra-

1940 2441 2079 2497 dens
2107 2441 2319 2496 animas
2357 2438 2540 2502 morti,
2572 2436 2669 2493 sed
2699 2436 2756 2491 in
2785 2435 2993 2491 Christi
3029 2449 3237 2505 manus
3263 2433 3517 2504 spiritum

1939 2531 2355 2587 commendans.
2398 2529 2535 2585 Nam
2582 2527 2899 2584 Dominicus
2931 2528 3150 2598 quidem
3187 2526 3352 2580 homo
3396 2525 3516 2579 Sal.

1942 2630 2099 2676 vator
2130 2629 2320 2678 noster
2351 2621 2420 2677 ad
2453 2620 2670 2677 Patrem
2716 2635 2877 2676 suum
2926 2620 2980 2673 in
3021 2634 3188 2673 cruce
3228 2617 3519 2679 clamabat,

1938 2715 2126 2770 dicens
2155 2733 2170 2768 :
2206 2713 2268 2770 In
2296 2729 2488 2768 manus
2521 2721 2639 2767 tuas
2667 2711 2973 2767 commendo
3005 2711 3251 2781 spiritum
3285 2694 3455 2763 meum
3473 2710 3517 2763 ⁸.

1941 2805 2253 2878 Stephanus
2279 2820 2410 2861 vero
2444 2803 2653 2861 Christi
2709 2819 2904 2859 servus
2934 2804 3180 2858 extensis
3211 2802 3277 2856 ad
3334 2800 3518 2854 Domi-

1938 2913 2068 2953 num
2101 2896 2359 2953 manibus
2392 2895 2490 2962 ait,
2539 2894 2766 2951 Domine
2806 2893 2962 2960 Jesu,
3013 2893 3219 2962 suscipe
3267 2893 3516 2961 spiritum

1939 3006 2113 3044 meum
2132 2991 2174 3044 '.
2202 2970 2271 3043 Et
2295 2988 2411 3043 haec
2429 2987 2595 3043 verba
2620 2985 2929 3073 profercps,
2959 2987 3195 3040 animam
3220 2984 3513 3038 exhalavit.

1939 3080 2129 3151 Angeli
2159 3089 2339 3136 autem
2372 3080 2612 3135 cmlestis
2651 3077 2810 3132 chori
2861 3077 3073 3133 socium
3123 3085 3509 3146 susceperunt";

239 3150 509 3222 χορευτὴν
533 3150 940 3222 ἀπελάμδανον,
970 3153 1172 3224 μᾶλλον
1193 3154 1356 3208 αὐτὸν
1388 3154 1594 3210 ἀνωθεν
1614 3155 1833 3227 βάλλον-

1941 3150 2194 3245 pluribus
2225 3187 2258 3228 e
2290 3171 2430 3226 coelo
2460 3170 2715 3225 laudibus
2747 3168 2929 3239 ipsum
2962 3168 3327 3227 cumulantes,
3351 3180 3515 3235 quam

240 3258 329 3306 τες
377 3244 503 3306 ταῖς
560 3243 940 3316 εὐφημίαις,ῆ
978 3247 1037 3300 ὲν
1069 3248 1185 3310 τοῖς
1220 3245 1390 3311 λίθοις
1417 3245 1662 3301 κάτωθεν
1705 3249 1834 3304 ’ῐουο

240 3331 396 3386 Baias.
438 3331 581 3385 Ἀλλ’
606 3333 636 3385 ό
672 3331 775 3403 μὲν
819 3332 1090 3403 Στέφανος
1132 3334 1277 3389 οὕτω
1305 3335 1398 3389 τὸν
1434 3339 1601 3393 καλὸν
1632 3341 1832 3409 ἀγωνι-

245 3421 478 3493 σάμενος
503 3421 714 3490 ἀγῶνα,
744 3421 836 3477 τὸν
880 3424 940 3477 ὲν
969 3421 1239 3496 οὐρανοῖς’
1255 3424 1457 3498 κλῆρον
1480 3428 1717 3494 ἐδέξατο.
1744 3430 1835 3502 Τῷ

246 3510 503 3582 Στεφάνῳ
553 3511 612 3566 δὲ
647 3511 824 3584 τούτῳ
874 3512 1077 3577 πάντες
1116 3515 1378 3587 ἐξαίφνης
1405 3518 1457 3572 οἱ
1498 3519 1669 3590 τίμιοι
1696 3520 1833 3575 λίθοι

247 3604 686 3675 συνεπλάκησαν,
708 3606 759 3659 ol
788 3604 1057 3661 θειότατοι
1070 3607 1179 3662 τῶν
1194 3608 1546 3680 Εὐαγγελίων
1572 3612 1830 3685 κήρυκες,

252 3695 366 3765 μεθ’
394 3695 489 3760 οὓς
514 3698 568 3750 οἱ
594 3697 892 3769 μάρτυρες,
944 3699 1041 3753 καὶ
1084 3703 1199 3772 μετ’
1230 3702 1427 3767 αὐτοὺς
1456 3703 1620 3760 πάλιν
1656 3706 1706 3759 oi
1729 3723 1835 3761 ow-

249 3790 422 3859 τηρίῳ
478 3791 645 3862 ἀρετῇ
697 3790 1103 3862 διαλάμψαντες
1141 3811 1155 3825 ·
1192 3796 1625 3867 προηγουμένως
1671 3798 1728 3854 δὲ
1781 3801 1833 3853 el.

251 3881 345 3933 ἐπὶ
371 3880 464 3934 τοῦ
481 3883 741 3955 παρόντος
770 3887 1258 3959 μνημονευόμενοι,
1296 3889 1430 3943 πολὺ
1463 3890 1556 3943 καὶ
1579 3890 1832 3967 λαμπρὸν

248 3975 728 4047 ἀπαστράπτοντες
772 3977 835 4032 τὸ
863 3978 1061 4043 κάλλος
1108 3981 1208 4051 τῆς
1242 3982 1547 4047 εὐσεϐείας,
1592 3982 1737 4053 λέγω
1765 3985 1831 4058 δὴ

246 4070 468 4142 Πέτρος,
502 4073 597 4126 καὶ
634 4072 912 4139 Ἱάκωὸος,
940 4074 1036 4129 καὶ
1077 4075 1349 4147 Ἰωάννης,
1373 4077 1423 4131 οί
1457 4078 1674 4150 καὶτῆς
1700 4079 1833 4132 ἀπο-

241 4163 495 4237 στολικῆς
532 4164 797 4235 ἁρμονίας
817 4165 1057 4237 ἔξαρχοι,
1089 4168 1184 4222 καὶ
1223 4168 1323 4240 τῆς
1369 4169 1831 4243 ὲκκλησιαστικῆς

241 4254 483 4322 εὐδοξίας
516 4257 790 4327 στέφανοι.
838 4260 957 4314 Οὐκ
991 4260 1295 4331 ἀφίσταμαι
1322 4261 1431 4334 γάρ
1462 4262 1566 4334 τῆς
1584 4262 1679 4318 τοῦ
1702 4264 1831 4318 Στε·

239 4350 408 4416 φᾶνου
472 4351 880 4423 προσηγορίας·
938 4351 1075 4405 ἀλλά
1134 4352 1392 4418 πολλάκις
1443 4354 1538 4409 καὶ
1568 4354 1829 4426 μυριάκις

237 4439 432 4510 λέγων,
458 4441 540 4495 ἔτι
569 4442 737 4511 διψῶν
784 4443 1254 4514 ὲπαναλαμϐἀνω’
1288 4446 1565 4516 Στεφάνου
1605 4447 1712 4519 γάρ
1746 4446 1829 4501 x6-

1936 3264 2142 3336 quibus
2172 3263 2226 3317 in
2254 3270 2400 3317 terra
2421 3275 2546 3316 eum
2570 3257 2742 3315 Judaei
2774 3259 3048 3329 lapidibus
3076 3258 3382 3313 obruerint.
3408 3256 3515 3312 Sed

1938 3355 2252 3427 Stephanus
2284 3354 2505 3425 quidem
2550 3353 2759 3408 bonum
2793 3351 2898 3407 hoc
2931 3358 3092 3421 pacto
3124 3357 3346 3405 certans
3389 3363 3519 3405 cer-

1935 3452 2120 3499 tamen
2147 3484 2162 3510 ,
2213 3443 2461 3499 caelestis
2510 3442 2715 3513 gloriae
2741 3455 2974 3497 consors
3028 3446 3115 3495 est
3146 3437 3343 3493 factus.
3378 3437 3517 3492 lluic

1934 3544 2118 3589 autem
2151 3532 2454 3605 Stephano,
2506 3536 2612 3590 hoc
2650 3544 2758 3603 est,
2806 3552 3035 3603 ceroma,
3093 3535 3240 3590 illico
3292 3536 3515 3606 pretiosi

1934 3625 2142 3697 lapides
2170 3626 2492 3697 agglutinati
2519 3634 2671 3693 sunt,
2713 3626 2885 3683 divini
2922 3624 3514 3697 videlieetEvangelio-

1935 3734 2057 3773 rum
2092 3732 2395 3790 praecones,
2437 3735 2579 3791 quos
2621 3719 2903 3777 subsecuti
2950 3728 3082 3776 sunt
3139 3726 3428 3792 martyres,
3462 3731 3515 3777 et

1935 3827 2150 3881 rursus,
2183 3813 2279 3884 qui
2310 3812 2543 3869 salutari
2583 3812 3087 3884 deincepsvirtute
3108 3822 3514 3878 coruscarum;

1933 3917 2046 3972 pra:
2072 3904 2286 3959 ueteris
2322 3920 2452 3960 vero
2477 3904 2739 3959 omnibus
2769 3904 2837 3969 ii,
2889 3919 3124 3975 quorum
3165 3905 3219 3960 in
3259 3907 3513 3977 pmsenti

1934 3993 2251 4049 memoriam
2322 3995 2561 4065 agimus,
2629 3996 2723 4067 qui
2799 3996 2962 4068 longe
3030 3997 3248 4068 lateque
3294 3996 3515 4066 pietatis

1936 4081 2232 4152 splendore
2283 4081 2654 4149 effulserunt,
2700 4083 2925 4139 Petrum
2982 4086 3094 4153 aio,
3128 4084 3418 4148 Iacobum,
3461 4098 3513 4140 et

1930 4169 2197 4227 Joannem
2248 4174 2533 4243 apostolici
2578 4175 2789 4230 ordinis
2832 4175 3128 4245 principes,
3161 4183 3218 4231 et
3252 4177 3511 4232 ecclesia-

1931 4265 2081 4321 stica
2108 4264 2549 4334 gloriarcoronas
2581 4265 2682 4335 (Ἰ).
2711 4267 2932 4337 Nequeo
2962 4268 3108 4322 enim
3142 4268 3272 4326 mihi
3302 4278 3508 4341 tempe-

1931 4370 2075 4421 rare,
2104 4356 2401 4427 quominus
2426 4355 2689 4428 Stephani
2710 4357 2788 4431 (8)
2827 4375 3028 4416 nomen
3077 4375 3336 4432 usurpem
3364 4404 3380 4428 ,
3412 4363 3509 4417 sed

1934 4449 2187 4520 quamvis
2218 4447 2566 4520 frequentius
2592 4465 2657 4507 ac
2678 4451 2880 4508 millies
2893 4450 3156 4522 Stephani
3179 4453 3508 4510 mentionem

238 4550 329 4604 ρος
377 4534 482 4587 οὐκ
522 4533 640 4588 ἔστι
670 4537 783 4599 τοῖς
819 4534 877 4588 τὸ
921 4535 1191 4607 μακάριον
1217 4537 1372 4601 τέλος
1414 4537 1522 4592 τῶν
1553 4538 1833 4607 στεφάνων

1938 4537 2184 4602 fecerim,
2217 4546 2460 4593 attamen
2495 4552 2719 4611 propter
2745 4541 3127 4597 ineshaustam
3159 4541 3325 4610 hujus
3356 4540 3510 4597 vocis

236 4625 634 4697 ἐκδεχομένοις.
668 4626 900 4689 Οὐκοῦν,
930 4629 980 4682 εί
1032 4628 1112 4682 δεῖ
1155 4627 1463 4701 φιλαλήθως
1503 4630 1697 4694 εἰπεῖν,
1724 4630 1833 4685 ἀπὸ

237 4715 510 4785 Στεφάνου
548 4717 709 4772 πάλιν
742 4718 1023 4787 στεφάνοις
1053 4719 1387 4791 εὐωχοῦμεν,
1415 4721 1510 4775 καὶ
1548 4721 1834 4775 κοινωνοῦ-

237 4823 340 4875 μεν
362 4807 542 4860 αὐτῶν
577 4810 699 4873 ταῖς
755 4802 1019 4880 μνήμαις,
1070 4811 1370 4883 ἐπειδήπερ
1406 4811 1696 4883 ἐλπίζομεν
1720 4832 1832 4869 κοι-

230 4900 445 4963 νωνεῖν,
476 4899 570 4954 καὶ
607 4900 809 4970 μένειν,
836 4903 929 4957 καὶ
963 4902 1448 4976 συνδοξάσομεν(6)
1470 4923 1484 4937 ·
1508 4904 1830 4979 βεϐαιούσης

307 5102 331 5134 ¹
360 5104 483 5159 Act.
517 5104 728 5171 vn,5l.
804 5105 825 5136 '
851 5102 987 5159 Luc.
1016 5119 1173 5172 mn,
1200 5104 1297 5160 46.
1367 5107 1392 5138 ’
1424 5105 1550 5163 Aet.
1586 5123 1685 5171 vit,
1721 5107 1812 5163 59.

299 5301 388 5374 (6)
415 5299 474 5355 ln
499 5298 628 5374 alia__
637 5298 878 5374 editione
920 5299 1086 5374 hujus
1131 5302 1397 5374 orationis
1443 5319 1565 5374 quae
1610 5306 1665 5362 in
1708 5321 1819 5362 uno

235 5368 555 5441 eodemque
583 5368 1097 5441 Vaticanoicodi'ce,
1117 5387 1269 5428 num.
1297 5373 1406 5432 446
1432 5368 1685 5440 habetur.
1722 5376 1799 5434 le-

227 5445 390 5514 gitur
545 5439 728 5513 μένειν
744 5440 1189 5514 συνδοξάζεσθαι.

299 5512 392 5583 (7)
432 5509 713 5586 Nyssen:e_
743 5509 1003 5586 Ecclesia:
1030 5522 1083 5567 et
1112 5513 1305 5586 totius,
1327 5513 1558 5572 fortasse
1605 5515 1818 5586 Cappa-

224 5580 663 5657 ι1οὸιιιιι-ζειιιίε
701 5580 986 5657 instituto,
1046 5599 1153 5638 una
1211 5585 1531 5657 eademque
1556 5586 1645 5641 die
1686 5580 1819 5657 post

227 5654 288 5706 S.
320 5651 593 5723 Stephani
638 5652 1065 5715 solemnitatem,
1100 5651 1474 5723 apostolorum
1514 5651 1815 5722 I’etrifJa-

224 5723 382 5793 oobi,
405 5728 464 5781 et
490 5720 718 5780 Joannis
753 5725 955 5780 festum
988 5720 1381 5783 celebrabatur.
1413 5720 1818 5784 Metuinitenim

1928 4628 2274 4701 proferenda
2295 4630 2630 4698 aviditatem,
2658 4632 2926 4703 Stephani
2954 4649 3153 4689 nomen
3183 4648 3376 4688 rursus
3414 4634 3508 4687 τια-

1930 4721 2038 4776 huc
2066 4728 2255 4794 repeto
2286 4741 2300 4790 ;
2329 4723 2609 4793 Stephano
2638 4725 2783 4781 enim
2811 4724 3295 4781 commemorando
3319 4725 3507 4780 satiari

1930 4831 2277 4886 nequaquam
2309 4826 2564 4886 possunt,
2608 4817 2703 4887 qui
2752 4819 2998 4872 virorum
3041 4816 3322 4887 Stephano
3353 4819 3508 4873 sinti-

1931 4910 2063 4963 lium
2097 4909 2309 4965 felicem
2344 4909 2549 4965 exitum
2592 4917 2930 4980 exspectant.
2967 4908 3137 4982 igitur
3181 4910 3228 4966 si
3265 4925 3393 4966 vera
3429 4911 3507 4964 lo-

1926 5308 2093 5378 bujus
2127 5308 2301 5380 moris
2343 5307 2666 5380 nonimodo
2712 5306 2817 5363 hoc
2846 5306 2901 5363 in
2934 5305 3374 5380 locoNyssenus
3402 5323 3503 5362 no~

1923 5376 2075 5442 ster;
2127 5379 2225 5435 sed
2259 5387 2315 5434 et
2367 5378 2525 5433 initio
2577 5378 2806 5435 alterius
2852 5376 3410 5435 orationis'funebris
3446 5380 3501 5433 in

1927 5449 1988 5505 D.
2023 5448 2285 5506 Basilium
2319 5448 2563 5504 fratrem.

2001 5585 2079 5657 (8)
2109 5584 2392 5658 Nyssenus
2421 5587 2626 5656 pluries
2656 5602 2751 5657 per
2774 5587 2917 5643 hanc
2948 5593 3251 5643 orationem
3281 5589 3336 5643 in
3369 5605 3502 5644 voce

1926 5656 2136 5722 Graeca,
2161 5656 2439 5727 ’στέφανος
2492 5656 2801 5728 1ιιι11ι,ίιιιι;ε
2832 5658 3166 5729 Stephanum
3198 5670 3503 5729 protomar-

1928 5738 2116 5800 tyrcm,
2154 5737 2207 5786 ct
2238 5744 2489 5786 coronam
2525 5744 2678 5801 teque
2705 5728 3000 5801 significat,
3029 5729 3129 5790 itus
3160 5736 3341 5786 autem
3381 5728 3504 5783 Ste-
