3918 6204
245 343 355 402 7‘29

229 549 263 617 ὴ
293 547 450 620 πηγὴ
479 546 577 619 τῆς
599 549 938 624 ἀγαθότητος
962 553 1020 621 ἐξ
1051 556 1256 624 ἀγαθοῦ
1291 559 1504 629 Πατρὸς
1527 563 1827 634 προελθὼν,

227 642 349 704 τοῖς
401 641 551 712 αύτῷ
581 641 894 699 δουλεύουσι
930 648 1256 717 μεταδοῦναι
1291 652 1390 724 τῆς
1433 654 1630 709 ἑαυτοῦ
1661 676 1830 730 προσ-

224 733 493 822 ηγορίας·
551 734 694 789 ἀλλά
742 755 877 808 φησι
936 742 1076 812 πρὸς
1125 743 1252 808 τοὺς
1303 745 1501 800 ἑαυτοῦ
1536 749 1825 822 μαθητάς·

235 821 437 890 Ὑμεῖς
465 823 606 880 ἐστε
635 825 702 880 τὸ
742 825 871 897 φῶς
906 829 1014 884 τοῦ
1059 832 1293 903 κόσμου
1316 852 1328 864 '
1363 838 1477 904 καὶ,
1526 821 1829 911 Auni-dtu

221 915 299 969 τὰ
346 915 497 986 ἔργα
536 915 706 988 ὑμῶν
756 920 1102 991 ἔμπροσθεν
1140 925 1261 981 τῶν
1292 929 1638 1000 ἀνθρώπων.
1676 938 1741 992 ’0
1771 939 1828 993 δὲ

225 1007 424 1076 μεῖζον
454 1015 800 1080 παραγαγεῖν
853 1013 1053 1087 ἔχομεν
1088 1019 1170 1083 εἰς
1197 1019 1505 1094 ὑπόμνησιν
1537 1027 1644 1080 τῶν
1678 1031 1828 1102 εἰρη-

224 1097 432 1167 μένων,
469 1103 649 1166 τοῦτο,
674 1105 859 1174 χάριτι
884 1107 1042 1170 Θεοῦ.
1065 1111 1226 1166 πάλιν
1246 1113 1610 1188 ἐκθησόμεθα·
1653 1097 1827 1177 Ἰωάν-

221 1205 326 1258 νης
361 1191 699 1266 Βαπτιστὴς,
724 1197 918 1268 λύχνος
956 1202 1300 1272 όνομασθεὶς,
1334 1209 1426 1262 καὶ
1445 1209 1504 1263 ὲν
1530 1213 1642 1274 τοῖς
1673 1213 1825 1269 Ψαλ-

225 1285 1009 1376 μοῖς-προαναπεφωνημένος,
1047 1296 1141 1348 καὶ
1173 1296 1279 1350 ὑπὸ
1308 1300 1516 1372 Κυρίου
1543 1320 1824 1376 μεμαρτυ-

224 1374 490 1465 ρημένος.
539 1379 599 1432 Ὀ
652 1380 752 1450 μὲν
779 1382 889 1453 γάρ
930 1385 1239 1458 Προφήτης,
1281 1391 1346 1444 ἐκ
1400 1374 1820 1465 προσώπου-τοῦ

221 1462 462 1535 Πατρὸς,
494 1467 630 1538 φησὶ
676 1471 803 1540 περὶ
836 1472 1000 1526 αὐτοῦ
1039 1475 1128 1530 διὰ
1163 1479 1265 1548 τῆς
1308 1462 1604 1555 ὑμνῴδίας·
1642 1487 1822 1543 Ἠτοι-

215 1569 391 1621 parra
416 1556 652 1622 λύχνον
675 1558 755 1625 τῷ
774 1563 1004 1631 Χριστῷ
1018 1584 1160 1636 μου,
1191 1571 1490 1641 τουτέστιν,
1507 1577 1647 1651 ’Υπη

219 1646 318 1698 καὶ
371 1649 684 1720 πρόδρομον
734 1655 1008 1725 ἡτοίμασα
1048 1661 1142 1714 τοῦ
1193 1665 1372 1732 φωτός
1396 1681 1410 1696 ⁶
1449 1669 1478 1722 6
1513 1669 1571 1724 δὲ

216 1738 322 1809 τὴν
362 1741 640 1815 Πατρικὴν
674 1745 908 1816 βεϐαιῶν
950 1752 1153 1825 φωνὴν,
1196 1757 1453 1827 Ἐκεῖνος
1493 1757 1592 1833 ἦν,
1627 1738 1812 1840 φησὶν,

216 1833 254 1884 ό
311 1834 548 1935 λύχνος
601 1839 634 1890 ό
691 1841 1024 1910 καιόμενος.
1069 1847 1207 1900 Ἀλλ’
1247 1850 1398 1920 ὅμως
1427 1853 1456 1905 6
1487 1830 1810 1928 ldxvog't'bv,
1843 1830 1888 1888 Β

217 2019 518 2092 παρουσίᾳ,
547 2019 608 2084 ὅς
629 2017 698 2092 ἦν
725 2024 878 2094 ἥλιος

213 2108 504 2211 διέλαμὶιιε,
528 2113 705 2211 κήρυξ
746 2119 880 2188 ὁμοῦ
914 2124 1008 2175 καί⁸
1044 2123 1290 2196 θεολόγος
1320 2132 1486 2187 αὐτοῦ
1513 2108 1811 2211 τοῦτΣωτῆ-

212 2220 310 2274 ρος
331 2205 362 2256 6
404 2205 708 2282 Βαπτιστης
747 2212 1056 2282 γενόμενος.
1099 2217 1351 2294 Ἰωάννης
1380 2225 1481 2296 μὲν
1511 2225 1604 2284 οῦν
1624 2231 1713 2285 διὰ
1750 2205 1811 2286 τὸ

210 2295 308 2397 ενα
337 2297 506 2397 μόνον
534 2302 786 2369 φωτίζειν
810 2299 959 2360 οἰκον
984 2307 1076 2362 τὸν
1096 2311 1191 2366 τοῦ
1217 2295 1454 2388 Ἰσραὴλ,
1482 2318 1674 2392 λύχνος
1697 2324 1808 2397 (l3)

208 2387 536 2485 ωνομάσθη.
574 2394 634 2447 Ol
665 2393 719 2485 δὲ
753 2395 847 2450 τοῦ
877 2398 1128 2472 Σωτῆρος
1153 2387 1459 2474 ἀπόστολοι,
1494 2387 1806 2485 ούἸλύχνοι,

206 2479 330 2572 οὐδὲ
358 2481 616 2572 ἀστέρες,
640 2484 772 2540 ἀλλά
805 2489 1093 2563 φωστῆρες
1122 2493 1588 2572 ἀνηγορεύθησαν,
1618 2479 1718 2560 ούδι
1749 2479 1806 2562 ἐν

208 2571 287 2624 ἑνὶ
323 2571 578 2643 κλίματι,
602 2575 721 2632 οὐδὲ
752 2581 851 2652 μιᾷ
875 2583 1048 2656 γωνίᾳ
1083 2585 1411 2658 λάμποντες,
1442 2571 1560 2648 ἀλλ’
1585 2595 1806 2655 ἃπασαν

329 2664 440 2717 ὑπὸ
460 2663 687 2733 οὐρανὸν
726 2674 1184 2742 καταυγάζοντες.
1216 2681 1473 2756 Ἔξαρχοι
1499 2686 1557 2740 δὲ
1597 2691 1803 2746 τούτων

208 2754 306 2807 καὶ»
323 2766 610 2828 κορυφαῖοι
646 2761 676 2814 6
707 2762 934 2836 Πέτρος,
966 2769 1061 2822 καὶ
1088 2771 1116 2823 6
1155 2754 1427 2841 Ἰάκωϐος,
1454 2778 1548 2833 καὶ
1573 2782 1602 2834 6
1629 2763 1806 2839 Ἰωάνο

207 2863 323 2916 νης,
350 2851 410 2902 οἰ
433 2853 672 2922 σήμερον
697 2858 820 2921 ταῖς
853 2858 995 2932 ὑπὲρ
1027 2862 1271 2933 Χριστοῦ
1309 2871 1640 2943 μαρτυρίαις
1709 2893 1802 2930 σε-

211 2943 573 3040 μνυνόμενοι,
602 2947 912 3040 συμφώνως
948 2954 1046 3023 μὲν
1078 2957 1216 3027 πρὸς
1271 2961 1332 3014 τὸ
1360 2963 1516 3030 τέλος
1541 2967 1636 3022 τοῦ
1681 2968 1798 3040 βίου

205 3033 526 3128 δραμόντες,
550 3036 829 3112 διαφόροις
868 3041 927 3097 δὲ
963 3045 1057 3100 τοῦ
1088 3052 1392 3124 μαρτυρίου
1449 3033 1798 3128 τρόποιςτέν-

1293 352 1576 411 ALTERA
1611 355 1972 420 LAUDATIO
2013 367 2072 426 S.
2112 370 2478 438 STEPHANI.

245 456 397 527 Ἐγώ
417 458 536 526 εἰμι
563 458 627 512 τὸ
646 459 773 529 φῶς
792 461 899 516 τοῦ
919 463 1154 534 κόσμου
1168 466 1382 532 τούτου,
1399 470 1499 524 οὐκ
1520 472 1798 544 ἀπηξίωσε

1904 527 1907 535 .
1935 479 2120 554 Neque
2144 491 2290 546 enim
2323 496 2471 550 venit

3410 407 3514 467 730

2501 497 2713 556 solvere
2748 502 2918 576 legem
2949 519 3045 565 aut
3072 516 3384 586 prophetas,
3415 525 3512 581 sed

1933 577 2232 649 adimplere
2265 585 2328 638 “.
2362 587 2432 642 At
2471 605 2604 646 vero
2633 607 2788 650 nova:
2815 598 2950 669 legis
2991 577 3259 675 tempore,
3289 577 3412 666 cum
3443 616 3514 671 de

1861 718 1882 761 ε
1931 684 1992 724 se
2023 671 2143 742 ipso
2167 674 2412 736 Salvator
2437 681 2620 739 dicat:
2647 686 2759 758 Ego
2787 707 2902 744 sum
2932 693 3024 747 tua:
3051 671 3237 755 mundi
3248 671 3422 773 hujus
3447 708 3513 774 η,

1928 778 2042 818 non
2077 766 2401 840 dedignatus
2425 780 2510 829 est
2538 774 2662 833 fons
2687 779 2774 835 ille
2811 781 3091 854 bonitatis,
3119 805 3148 845 c
3178 766 3514 856 bono'l’atre

1927 868 2216 959 enianans,
2253 875 2444 959 servos
2471 880 2603 923 suos
2637 872 2878 928 nominis
2901 877 3064 946 hujus
3101 882 3185 936 sui
3213 887 3512 959 participes

1928 944 2130 1003 facere.
2161 947 2266 1005 Sed
2299 952 2366 1006 ad
2393 955 2693 1029 discipulos
2717 979 2848 1021 suos
2877 944 3054 1039 inquit
3080 990 3094 1027 :
3134 944 3235 1028 v0;
3265 944 3511 1034 estis

1927 1042 2154 1110 mundi;
2191 1054 2277 1112 et,
2329 1049 2564 1106 Lureant
2621 1071 2780 1125 opera
2839 1072 3014 1117 vestra
3053 1081 3234 1120 coram
3275 1071 3510 1126 homini-

1925 1132 2022 1224 bus
2056 1136 2120 1192 ¹³.
2151 1137 2258 1195 Sed
2309 1143 2456 1212 quod
2483 1146 2550 1199 ad
2581 1163 2640 1202 ea
2665 1166 2787 1220 qua:
2839 1153 3098 1224 diximus,
3132 1163 3508 1222 confirmanda

1923 1223 2121 1317 adduci
2147 1236 2349 1298 potest,
2381 1231 2454 1296 id,
2477 1233 2703 1303 juvante
2731 1238 2860 1306 Deo,
2897 1223 3092 1301 rursus
3121 1249 3504 1317 proferamus:

1920 1314 2117 1373 Joanni
2167 1319 2422 1392 Baptistae
2467 1326 2786 1398 impositum
2842 1334 2943 1389 fuit
2998 1314 3233 1396 lucerna:
3279 1359 3502 1413 nomen,

1915 1409 2070 1479 juxta
2100 1412 2152 1468 id
2177 1416 2322 1485 quod
2353 1419 2408 1473 in
2433 1418 2666 1479 Psalmis
2688 1425 2756 1480 dc
2777 1440 2844 1482 eo
2865 1437 3022 1483 antea
3052 1409 3502 1505 praenuntiatum,

1919 1512 1972 1556 et
2000 1503 2208 1562 Christi
2236 1509 2494 1581 deinceps
2538 1516 2854 1573 testimonio
2906 1526 3322 1593 comprobatum
3375 1503 3500 1583 fuit.

1658 1583 1819 1688 ξέτην
1918 1594 2187 1669 Propheta
2216 1603 2386 1667 enim,
2412 1603 2592 1662 Patris
2620 1623 2908 1678 personam
2946 1583 3251 1682 sustinens,
3279 1618 3347 1675 de
3379 1620 3502 1690 ipso

1613 1672 1819 1776 Κύρξος
1916 1689 2059 1744 inter
2078 1694 2382 1750 canendum
2406 1698 2501 1764 ait,
2533 1697 2731 1755 Paravi
2756 1702 3023 1759 lucernam
3052 1707 3263 1764 Christo
3283 1727 3396 1765 meo
3430 1711 3501 1776 “,

1917 1781 2022 1840 hoc
2051 1793 2156 1852 est,
2184 1787 2322 1845 lucis
2355 1789 2671 1847 ministrum
2704 1803 2760 1849 et
2814 1811 3232 1866 praecursorem.
3274 1801 3344 1856 At
3389 1803 3498 1857 Do-

1911 2153 2004 2223 qui
2037 2153 2119 2210 sol
2164 2162 2283 2210 erat
2310 2157 2562 2226 justitiaz,
2597 2160 3021 2230 obscuraretur,
3064 2166 3362 2221 utclariori
3396 2184 3495 2239 po—

1911 2245 2022 2301 tius
2048 2246 2254 2302 lumine
2290 2248 2586 2318 rel'ulserit,
2639 2251 2814 2323 ipsius
2843 2253 3167 2322 Salvatoris,
3219 2259 3496 2327 ejusdem-

1910 2354 2019 2409 que
2074 2340 2381 2397 divinitatis
2437 2359 2618 2413 praeco
2673 2345 2856 2411 simul,
2911 2361 2977 2401 ac
3032 2349 3190 2404 testis
3239 2350 3490 2407 elfectus.

1905 2427 2147 2486 Joannes
2177 2433 2347 2502 igitur
2371 2443 2658 2504 propterea
2691 2436 2835 2505 quod
2875 2452 3037 2490 unam
3069 2439 3242 2493 solam
3272 2439 3493 2498 lsraelis

1907 2520 2129 2577 domum
2190 2524 2539 2587 illuminavit,
2596 2527 2834 2582 lucernae
2871 2542 3072 2584 nomen
3143 2533 3378 2602 accepit.
3420 2531 3492 2587 At

1904 2613 2080 2669 nostri
2099 2612 2398 2672 Salvatoris
2411 2618 2661 2686 apostoli,
2678 2634 2786 2672 non
2799 2619 3042 2688 lucerna,
3065 2635 3168 2675 non
3187 2622 3486 2693 lampades,

1904 2721 2008 2762 nec
2037 2706 2244 2772 sidera,
2284 2707 2378 2764 sed
2419 2707 2712 2764 luminaria
2759 2712 3057 2778 nuncupati
3091 2711 3266 2775 fuere,
3302 2724 3492 2784 utpote

1903 2797 1999 2867 qui
2024 2813 2132 2854 non
2160 2798 2213 2852 in
2239 2813 2346 2854 una
2365 2799 2608 2870 regione,
2645 2816 2747 2856 nec
2776 2801 2830 2855 in
2851 2816 2960 2856 uno
2983 2808 3255 2856 terrarum
3290 2802 3491 2872 angulo

1903 2888 2127 2952 fulsere,
2161 2890 2256 2946 sed
2285 2889 2553 2961 quidquid
2608 2891 2715 2946 sub
2741 2892 2884 2947 coelo
2937 2899 3024 2948 est
3075 2892 3486 2950 illuminarunt.

1902 2981 2108 3040 llurum
2137 2999 2265 3040 vero
2301 2983 2471 3041 duces
2495 2999 2558 3038 ac
2591 2985 2868 3056 principes
2911 2992 3043 3040 sunt
3074 2985 3290 3051 Petrus,
3320 2984 3489 3040 Jaco-

1900 3075 2026 3143 bus,
2080 3085 2138 3132 et
2193 3075 2453 3140 Joannes,
2516 3076 2588 3131 ob
2621 3077 2911 3132 toleratum
2960 3093 3058 3147 pro
3113 3077 3320 3134 Christi
3381 3078 3490 3134 ﬁde

206 3125 572 3238 ἀθλήσαντεςέ
601 3129 661 3188 ’0
693 3133 792 3203 μὲν
821 3134 930 3208 γὰρ
971 3143 1363 3217 πρωτοστάτης
1391 3125 1800 3224 ιιαίαορυφαῖος

1904 3125 2026 3143 __-,
2086 3125 2136 3132 --
2195 3125 2453 3140 ---η---η
2521 3125 2584 3131 η
2961 3125 3055 3147 ν--
3121 3125 3320 3134 πη--.
3382 3125 3484 3134 ---ν

1904 3166 2224 3238 martyrium
2244 3167 2524 3224 hodierna:
2545 3166 2857 3224 festivitatis
2881 3169 3143 3224 honorem
3169 3169 3484 3231 consecuti,

206 3219 741 3318 s'qurcoctoltxﬁi
762 3229 983 3299 χορείας
1045 3233 1382 3308 ἀναδειχθεὶς
1407 3282 1422 3306 ,
1462 3219 1669 3298 οἰκείαν
1715 3247 1796 3318 τῷ

208 3305 606 3403 ἀξιώματι
663 3313 822 3382 δόξαν
876 3305 1264 3392 ἀπηνέγκατο,
1293 3328 1358 3397 τῇ
1408 3305 1503 3382 τοῦ
1541 3305 1796 3403 Σωτῆρος

209 3397 566 3494 όμοιοπαθείᾳ
589 3407 953 3494 τετιμημένος
981 3426 995 3438 ·
1030 3413 1059 3466 6
1086 3416 1306 3488 σταυρῷ
1333 3418 1446 3489 (14)
1479 3421 1588 3494 γὰρ
1627 3397 1795 3494 προσ-

207 3491 453 3561 ηλωθεὶς,
485 3495 588 3568 τὴν
617 3493 953 3574 Δεσποτικὴν
985 3503 1169 3560 εἰκό⁹να
1196 3509 1290 3563 τοῦ
1321 3491 1587 3581 βασιλέως
1609 3491 1793 3582 ἐξετύ-

212 3601 386 3638 πωσεν
407 3587 620 3658 (εἰκόνα
661 3589 728 3670 ’δὲ
773 3591 916 3662 λέγω
951 3593 1235 3668 βασιλικὴν
1262 3599 1354 3653 τὸν
1382 3605 1659 3678 σταυρόν)⁸
1691 3608 1793 3663 οὐκ

207 3677 593 3770 αἰσχυνόμενος
628 3682 723 3738 ἐπὶ
757 3684 834 3756 τῷ
872 3687 1055 3754 πάθει,
1102 3691 1240 3746 ἀλλά
1274 3677 1672 3770 σεμνυνόμενος
1699 3701 1792 3756 ἐπὶ

208 3768 286 3840 τῷ
340 3773 557 3845 μεγάλῳ
589 3776 852 3848 τροπαίῳ.
883 3780 1036 3851 Μήτε
1080 3784 1190 3856 γὰρ
1213 3786 1418 3854 αὐτοῖς,
1462 3768 1600 3862 μήτε
1636 3794 1790 3864 ἡμῖν,

209 3863 352 3957 μήτε
402 3868 514 3930 τοῖς
549 3869 666 3937 μεθ’
695 3871 866 3940 ἡμᾶς,
914 3874 1055 3945 μήτε
1085 3877 1192 3932 τινὶ
1235 3878 1428 3952 ἑτέρῳ,
1461 3881 1556 3936 τοῦ
1581 3863 1789 3957 Κυρίου

205 3959 239 4027 ἡ
248 3955 371 4026 μῶν
386 3958 556 4027 Ἰησοῦ
568 3961 826 4033 Χριστοῦ,
844 3965 1026 4031 καθὼς
1044 3969 1140 4022 καὶ
1155 3971 1184 4024 6
1198 3970 1412 4038 Παῦλος
1427 3992 1591 4045 φησιν
1603 3978 1648 4048 (1
1773 4016 1787 4032 .

201 4051 352 4108 οὕτω
409 4054 518 4126 γὰρ
548 4059 642 4111 καὶ
668 4058 874 4131 Πέτρος
925 4061 1178 4130 φαίνεται
1215 4064 1305 4119 διὰ
1333 4068 1501 4140 τιμῆς
1529 4069 1668 4141 ἔχων
1693 4071 1790 4143 τὴν

210 4144 511 4219 σεϐάσμιον
546 4149 732 4214 (16)...
777 4151 960 4216 Ἠξὶου
993 4152 1104 4226 γὰρ
1136 4156 1279 4211 κατά
1307 4159 1550 4231 κεφαλῆς
1585 4180 1794 4234 κρεμαο

202 4236 395 4307 σθῆναι
422 4239 530 4294 ὑπὸ
570 4243 680 4299 τῶν
727 4247 1103 4319 σταυρούντων
1129 4250 1218 4306 διὰ
1248 4253 1450 4326 πολλὴν
1481 4257 1792 4325 εὐλάϐειαν,

202 4329 289 4424 ἵνα
313 4330 401 4424 μη
428 4327 551 4398 ἶσος
605 4330 748 4390 εἶναι
776 4338 852 4410 τῷ
875 4341 1092 4414 Σωτῆρι
1134 4343 1282 4418 δόξῃ,
1314 4345 1394 4418 τῷ
1426 4348 1569 4423 ὑπὲρ
1611 4352 1794 4424 πάσης

195 4419 300 4490 τῆς
313 4422 735 4516 ἀνθρωπότητος
757 4431 1147 4503 σταυρωθέντι,
1165 4435 1260 4490 καὶ
1275 4419 1581 4506 πλατείαις,
1602 4419 1791 4516 ὥσπερ

1901 3259 1996 3328 qui
2025 3270 2137 3314 uno
2175 3256 2392 3327 quidem
2446 3256 2751 3326 eodemque
2799 3257 3086 3328 proposito
3137 3257 3204 3311 ad
3254 3263 3484 3310 mortem

1901 3358 2293 3421 prOperarunt,
2329 3349 2551 3404 diverso
2583 3355 2764 3405 autem
2796 3348 3043 3420 martyrii
3075 3364 3273 3420 genere
3295 3349 3487 3403 decer-

1899 3449 2110 3498 tarunt.
2139 3441 2274 3498 Nam
2322 3442 2435 3508 ille,
2475 3457 2638 3512 quem
2685 3441 2953 3498 Dominus
2991 3442 3278 3514 apostolici
3327 3441 3484 3496 chori

1853 3552 1874 3564 ι’
1900 3534 2203 3606 principem
2229 3541 2284 3589 et
2309 3533 2664 3604 coryphaeum
2711 3531 3043 3602 designavit,
3067 3532 3482 3588 convenientem

1898 3622 2149 3694 dignitati
2201 3638 2316 3678 suae
2371 3621 2600 3693 gloriam
2645 3621 2922 3688 obtinuit,
2972 3621 3223 3692 martyrii
3258 3635 3480 3691 genere,

1899 3715 2198 3771 Dominica:
2222 3715 2468 3786 passioni
2496 3714 2640 3769 haud
2666 3715 2928 3778 absimili,
2946 3714 3262 3778 decoratus,
3280 3715 3482 3784 quippe

1897 3807 1992 3879 qui
2025 3809 2179 3862 cruci
2218 3807 2453 3863 sufﬁxus
2486 3808 2690 3875 regiam
2720 3805 2937 3862 Domini
2970 3807 3146 3863 nostri
3183 3806 3480 3877 imaginem

1895 3899 2191 3970 expressit.
2217 3897 2446 3970 Regiam
2485 3904 2668 3954 autem
2719 3897 3015 3970 imaginem
3065 3913 3287 3953 crucem
3320 3912 3478 3960 voco,

1896 4007 2007 4046 non
2035 3990 2179 4062 quod
2207 3991 2520 4062 passionem
2566 3989 2916 4057 erubescam,
2943 3989 3038 4047 sed
3087 3989 3218 4062 quia
3247 3990 3316 4045 de
3361 4005 3481 4044 ma-

1895 4098 2026 4156 gno,
2054 4082 2199 4153 quod
2232 4082 2302 4138 ab
2353 4083 2473 4154 ipsa
2508 4081 2796 4153 pependit,
2848 4081 3097 4153 trophaeo
3125 4081 3310 4152 potius
3362 4081 3480 4150 glo-

1892 4177 2026 4232 rier.
2044 4173 2178 4230 Nam
2199 4191 2301 4231 nec
2322 4175 2481 4246 ipsis,
2504 4189 2609 4229 nec
2634 4173 2816 4236 nobis,
2841 4188 2942 4228 nec
2972 4175 3211 4243 posteris
3243 4171 3476 4233 nostris,

1891 4282 1996 4323 nec
2025 4267 2119 4321 alii
2149 4267 2388 4338 cuipiam
2419 4264 2636 4320 Domini
2665 4264 2846 4320 nostri
2873 4262 3002 4319 Jesu
3029 4263 3260 4328 Christi,
3293 4279 3482 4332 quem-

1891 4359 2188 4416 admodum
2242 4357 2447 4413 Paulus
2498 4357 2676 4412 ait...
2725 4356 2801 4410 ita
2843 4355 2990 4410 enim
3040 4362 3096 4410 et
3147 4353 3374 4411 Petrum
3419 4355 3476 4410 in

1891 4450 2104 4505 honore
2147 4448 2410 4504 habuisse
2440 4453 2668 4518 apparet
2700 4444 3166 4500 venerandam....
3201 4443 3475 4514 siquidem

192 4515 314 4614 ταῖς
340 4515 432 4614 διά
467 4517 566 4572 τοῦ
607 4522 866 4594 σταυροῦ,
888 4525 1047 4596 χερσί⁵
1075 4525 1173 4599 τὴν
1201 4530 1528 4604 οἰκουμένην
1551 4515 1786 4606 περιδαέ

1904 4550 2118 4614 propter
2153 4554 2425 4597 summam
2464 4515 2875 4594 venerationem
2920 4534 3156 4606 rogavit,
3189 4541 3248 4588 ut
3278 4549 3308 4587 a
3342 4548 3476 4588 cru-

190 4605 359 4662 λόντι.
386 4605 644 4677 ἰἀκωῆος
662 4613 719 4667 δὲ
740 4616 836 4687 τὴν
851 4618 1094 4692 κεφαλὴν
1116 4623 1472 4696 ἀπετέμνετο,
1498 4627 1595 4701 τὴν
1619 4605 1786 4696 δντως

189 4700 362 4754 αὐτοῦ
385 4704 652 4776 κεφαλὴν,
683 4708 774 4761 τὸν
802 4710 1059 4780 Χριστὸν,
1090 4715 1382 4772 ἀπολαϐεῖν
1404 4700 1781 4793 ἐπειγόμενος.

186 4793 424 4865 Κιφαλὴ
453 4795 564 4867 γὰρ
591 4797 785 4870 ἀνδρὸς
811 4800 840 4853 6
870 4803 1126 4875 Χριστὸς,
1145 4807 1286 4861 κατά
1309 4808 1399 4863 τὸν
1441 4811 1784 4878 ’Δπόστολον,

186 4884 288 4936 καὶ
319 4885 501 4958 πάσης
536 4889 675 4958 όμοῦ
715 4892 923 4965 κεφαλὴ
957 4896 1057 4968 τῆς
1101 4898 1447 4971 Ἐκκλησίας.
1499 4903 1558 4958 '0
1594 4904 1652 4958 δὲ
1683 4923 1784 4976 μα·

183 4979 388 5051 κάρτος
427 4980 680 5055 Ἰωάννης
722 4987 780 5040 ὲν
808 4987 1028 5054 πολλαῖς
1075 4991 1170 5045 καὶ
1207 4991 1484 5066 διαφόροις
1515 4995 1659 5051 κατά
1692 4998 1786 5053 τὸν

184 5069 304 5139 βίον
353 5071 598 5146 ἀθλήσας
642 5077 865 5160 ἀγῶσι,
897 5082 991 5136 καὶ
1047 5084 1106 5136 ὲν
1157 5087 1290 5140 πᾶσι
1337 5087 1643 5160 διαπρέψας
1671 5095 1782 5158 τοῖς

181 5162 581 5237 κατορθώμασι
601 5168 705 5240 τῆς
735 5158 1036 5240 εὐσεϐείας,
1054 5175 1212 5230 κενὸν
1233 5177 1334 5249 μὲν
1357 5180 1437 5244 εἰς
1461 5158 1608 5255 ὕδωρ
1625 5181 1783 5239 τοῦτο

249 5342 292 5375 ’ί
330 5341 532 5403 Matth.
559 5363 616 5417 ν,
644 5348 730 5408 18.
807 5353 851 5391 σί
881 5350 1040 5411 Joan.
1067 5372 1188 5424 vui,
1222 5357 1310 5416 19..
1339 5357 1384 5391 ⁸³
1412 5358 1609 5421 Matth.
1636 5381 1690 5430 v,
1720 5365 1809 5423 15.

251 5530 370 5601 (1'5)
413 5529 529 5588 Vox
553 5534 748 5609 λύχνος
769 5538 833 5613 in
869 5539 1134 5597 Vaticano
1164 5544 1354 5600 codice
1396 5545 1627 5613 deerat;
1672 5550 1770 5607 sed

191 5613 467 5685 noscam.
497 5620 662 5664 sensu
697 5610 887 5685 palam
907 5621 1186 5685 poscente,
1234 5610 1635 5685 supplevimus.

253 5674 374 5758 ς
404 5673 665 5758 ξδ’-(ρτιεξεεο
699 5673 1008 5758 legendum,
1041 5683 1119 5758 τῷ
1154 5673 1394 5758 σταυρῷ.

1894 4634 2242 4706 cingentibus
2277 4634 2499 4688 inverso
2532 4630 2712 4702 capite
2737 4627 3170 4700 suspenderetur
3200 4627 3255 4681 in
3285 4640 3472 4686 cruce.

1892 4743 1963 4783 ne
1997 4725 2268 4781 Salvatori
2306 4739 2407 4795 pro
2445 4724 2703 4780 universo
2736 4721 3018 4777 hominum
3061 4728 3261 4790 genere
3291 4714 3477 4772 cruci-

1892 4817 2023 4883 ﬁxo,
2054 4824 2109 4872 et
2137 4815 2418 4887 expansis,
2454 4825 2516 4870 ut
2541 4821 2660 4871 erat
2695 4814 2749 4867 in
2784 4827 2950 4868 cruce
2981 4811 3260 4874 manibus,
3296 4817 3470 4863 totum

1894 4915 2169 4963 terrarum
2208 4907 2399 4962 orbem
2427 4903 2811 4975 complectenti
2837 4903 3066 4973 aequalis
3091 4916 3215 4957 esse
3259 4900 3474 4956 videre-

1893 5009 2009 5055 tur.
2051 4997 2292 5056 Jacobus
2325 5013 2458 5055 vero
2503 4985 2684 5068 capite
2733 5004 3024 5051 truncatus
3057 4991 3190 5056 fuit,
3225 4991 3469 5055 Christo,

1887 5092 1983 5163 qui
2062 5106 2191 5148 vere
2259 5097 2427 5162 caput
2511 5089 2630 5159 eius
2696 5095 2839 5154 erat,
2893 5086 3137 5158 potiendi
3207 5085 3467 5156 cupidus.

1887 5184 2062 5258 Caput
2092 5183 2244 5241 enim
2279 5182 2386 5239 viri
2414 5180 2673 5239 Christus
2703 5179 3007 5238 secundum
3051 5177 3372 5249 Apostolum
3399 5175 3467 5239 “,

1893 5365 1937 5402 “
1965 5365 2112 5423 Psal.
2135 5380 2324 5432 cxxxt,
2347 5362 2436 5421 l7.
2517 5361 2560 5395 ¹⁸
2584 5359 2744 5420 Joan.
2774 5375 2828 5424 ν,
2861 5358 2950 5415 54.
3028 5357 3073 5392 ⁸⁸
3103 5359 3120 5414 l
3145 5357 3273 5416 Cor.
3304 5374 3382 5422 ιι,
3411 5357 3466 5412 3.

1956 5551 2070 5623 (l6)
2097 5550 2164 5606 Et
2189 5551 2278 5623 hic
2311 5551 2366 5607 in
2395 5549 2663 5623 Vaticano
2711 5550 2904 5606 codice
2953 5551 3148 5608 lacuna
3197 5561 3306 5612 est,
3345 5566 3468 5622 qua».

1882 5621 2122 5694 for'taSSe
2154 5622 2366 5694 impleri
2417 5629 2602 5694 posset
2649 5621 2734 5676 his
2778 5623 2993 5694 verbis,
3033 5623 3133 5694 τὴν
3172 5621 3468 5692 σεϐάσμιον

1880 5692 2098 5764 ἐκείνην
2125 5692 2458 5766 σταύρωσιν,
2516 5692 2880 5750 l'encruudttm
2922 5694 3057 5750 illud
3091 5692 3468 5765 ‘rruciﬁxiauis

256 5744 514 5837 (1-5)’l’lric
555 5744 863 5837 l:ttttui:t'est
891 5755 943 5834 in
977 5744 1489 5837 ('OtlifchVat'icauo.
1519 5757 1778 5837 l’jurtassc

189 5810 362 5876 deest,
387 5815 514 5880 ὤεα
538 5822 756 5885 συνέϐη,
779 5819 961 5877 Gloria
980 5826 1219 5894 contigit,
1247 5828 1328 5884 vel
1347 5810 1488 5900 quid-
1504 5810 1704 5887 simile.
