3918 6204
443 369 548 432 751

1724 381 1785 437 S.
1828 379 2158 439 GREGORII
2197 372 2484 440 NYSSENI
2576 372 2579 375 ’

3582 384 3695 441 752

447 499 607 562 atque
624 491 831 557 itidem,
845 493 1013 551 totius
1032 492 1289 553 Ecclesiae
1302 504 1464 568 caput
1480 498 1542 552 ιτ.
1561 497 1756 554 Beatus
1775 498 2008 568 denique

2133 501 2344 572 τέρας...
2368 497 2688 572 κεκριμένος
2704 495 2838 567 (l7),
2868 494 2944 567 τῷ
2958 495 3101 569 χορῷ
3124 495 3232 549 τῶν
3254 495 3542 569 μαρτύρων
3562 514 3690 551 συν-

444 578 689 639 Joannes
715 586 883 639 multa
925 595 1088 657 atque
1121 589 1334 645 diversa
1376 606 1469 659 per
1497 598 1667 645 totam
1698 590 1866 645 vitam
1896 597 2015 644 cel-

447 679 571 728 tans
632 676 973 743 certamina,
1029 687 1084 736 et
1144 680 1200 735 in
1247 681 1502 737 omnibus
1558 680 1772 751 pietatis
1820 681 2017 738 officiis

447 764 714 831 emicans,
749 767 980 825 ferventi
1039 772 1258 843 quidem
1310 773 1363 828 in
1394 788 1533 840 aqua
1567 774 1715 828 hunc
1753 773 2006 829 finem....

446 853 744 923 judicatus,
778 860 832 914 in
869 871 1167 934 martyrum
1200 865 1384 921 choris
1415 874 1807 922 annumeratur
1834 868 2014 938 (apud

448 960 636 1016 aequos
670 951 812 1004 enim
845 968 1029 1008 rerum
1072 955 1434 1011 aestimatores
1466 972 1576 1012 non
1624 973 1690 1012 ex
1744 957 2016 1027 passionis

448 1048 667 1105 eventu,
697 1041 791 1096 sed
825 1058 891 1097 ex
927 1045 1196 1100 desiderio
1235 1046 1403 1101 libere
1439 1048 1694 1118 eligentis
1724 1048 2019 1104 voluntatis

450 1126 518 1183 de
555 1134 814 1202 martyrio
868 1135 1301 1209 existimatur);
1352 1146 1404 1193 et
1439 1139 1656 1210 quidem
1705 1139 2018 1210 hujusmodi

451 1218 555 1274 fuit
603 1223 820 1278 illorum
864 1228 1059 1281 mortis
1091 1244 1284 1299 genus,
1328 1230 1421 1300 qui
1457 1246 1552 1300 per
1598 1238 1827 1285 mortem
1877 1230 2020 1301 apud

455 1310 726 1369 Ecclesias
755 1332 969 1386 quoque
1003 1318 1360 1375 immortalem
1389 1321 1473 1377 sui
1529 1321 1845 1376 memoriam
1901 1320 2023 1376 reli-

451 1412 706 1468 querunt.
741 1405 1026 1464 Enimvero
1050 1410 1286 1466 maxime
1318 1410 1544 1467 decebat
1585 1426 1694 1466 uno
1722 1412 2026 1478 eodemque

454 1502 701 1565 tempore
749 1499 981 1554 istorum
1043 1501 1289 1556 virorum
1352 1502 1670 1558 memoriam
1723 1502 2023 1566 celebrari,

2118 592 2417 663 ηρίθμηται
2435 608 2449 622 ο
2485 592 2504 657 (
2527 588 2640 661 [18]
2670 587 2821 660 παρά
2839 587 2946 659 γὰρ
2970 585 3298 651 δικάζουσιν,
3334 587 3435 640 οὐκ
3463 588 3568 640 ἀπὺ
3590 588 3693 657 τῆς

2118 681 2395 744 ἐκϐάσεως
2424 679 2535 751 (l9)
2566 676 2661 731 τοῦ
2701 676 2926 740 πάθους,
2963 675 3096 729 ἀλλά
3127 677 3257 748 παρ’
3294 676 3557 747 αἱρέσεως
3596 676 3693 729 τοῦ

2118 774 2284 827 πόθου
2323 772 2565 843 κρίνεται
2596 770 2656 824 τὸ
2687 768 3026 842 μαρτύριον)·
3071 767 3208 820 Ἀλλ’
3240 769 3270 821 ὁ
3303 768 3402 839 μὲν
3423 767 3519 820 τοῦ
3540 768 3696 821 θανά-

2117 882 2214 918 του
2241 863 2437 936 τρόπος
2456 860 2692 923 τοιοῦτος
2706 856 2795 932 ἦν,
2811 862 2924 923 τοῖς
2946 858 3033 912 διὰ
3055 858 3284 913 θανάτου
3314 858 3412 929 τὴν
3427 858 3695 912 ἀθάνατσν

2123 954 2343 1024 μνήμην
2370 950 2464 1003 καὶ
2486 952 2606 1012 ταῖς
2637 947 2985 1018 Ἐκκλησίαις
3008 946 3412 1019 χαρισαμένοις.
3443 948 3692 1018 Ἔπρεπε

2119 1042 2177 1095 δὲ
2202 1042 2278 1105 ὼς
2305 1039 2519 1111 ἀληθῶς
2547 1038 2639 1093 ἐπὶ
2667 1037 2727 1091 τὸ
2759 1038 2891 1092 αὐτὸ
2915 1037 3025 1092 τῶν
3047 1024 3456 1109 προειρημένων
3482 1038 3693 1111 ἀνδρῶν

2120 1131 2220 1194 τὰς
2250 1132 2469 1202 μνήμας
2499 1127 2879 1191 ἐπιτελεῖσθαι,
2902 1128 2962 1181 οὐ
2994 1128 3151 1198 μόνον
3179 1126 3269 1181 διὰ
3302 1127 3366 1180 τὺ
3405 1126 3694 1198 σύμφωνον

2119 1221 2221 1290 τῆς
2272 1218 2569 1282 εὐσεϐείας,
2601 1217 2737 1272 ἀλλὰ
2762 1218 2857 1271 καὶ
2891 1216 2980 1270 διὰ
3004 1217 3066 1271 τὸ
3101 1216 3357 1287 ὁμότιμον
3380 1215 3479 1285 τῆς
3520 1215 3689 1281 ἀξίας.

2124 1306 2283 1368 Οὗτοι
2309 1312 2418 1383 γὰρ
2459 1312 2608 1383 μόνοι
2638 1309 2715 1381 τῷ
2750 1310 2940 1380 Κυρίῳ
2988 1310 3217 1362 πάντοτε
3257 1304 3692 1377 συσχολάζοντες,

2120 1405 2219 1459 καὶ
2247 1403 2519 1475 ἐξαίρετον
2542 1401 2730 1473 ὥσπερ
2754 1401 2905 1473 παρὰ
2937 1401 3065 1464 τοὺς
3089 1401 3310 1463 λοιποὺς
3331 1398 3439 1451 τῶν
3467 1398 3697 1451 ἀποσώ-

2124 1497 2231 1552 λων
2259 1495 2442 1568 χώραν
2474 1494 2708 1566 ἔχοντες,
2747 1496 2842 1548 καὶ
2867 1493 3197 1564 παρρησίαν,
3222 1491 3284 1545 οὐ
3314 1491 3456 1545 κατά
3472 1489 3580 1560 τὴν
3600 1491 3695 1569 1:7,;

454 1599 562 1640 non
593 1600 659 1641 ea
686 1595 895 1644 tantum
925 1590 993 1646 de
1027 1590 1380 1663 causa,‘quod
1414 1593 1467 1647 in
1493 1593 1796 1664 profitenda
1828 1594 2025 1663 pietate

2133 1588 2473 1662 ἀνθρωπίνης
2499 1585 2680 1655 φιλίας
2707 1583 3030 1658 πρόσληψιν,
3054 1584 3192 1638 ἀλλά
3208 1582 3353 1638 κατά
3366 1581 3560 1652 θεῖκὴν
3579 1580 3698 1650 άλη-

453 1693 558 1732 una
593 1688 648 1735 et
678 1689 879 1746 mente,
927 1693 981 1738 et
1017 1700 1152 1740 voce
1186 1683 1587 1749 consenserint,
1631 1699 1821 1739 verum
1860 1684 2024 1738 etiam

2133 1681 2278 1745 θείας
2310 1679 2606 1752 ἐπίκρισιν.

452 1775 597 1844 quod
620 1779 818 1847 atquali
845 1779 898 1834 in
935 1779 1140 1834 honore
1170 1794 1200 1833 a
1231 1780 1456 1836 Christo
1487 1780 1656 1835 habiti
1697 1780 1917 1836 fuerint.
2000 1778 2063 1834 lii
2102 1778 2302 1835 etenim
2335 1776 2436 1832 soli
2472 1791 2597 1830 cum
2649 1773 2869 1830 Christo
2930 1772 3133 1842 ubique
3170 1770 3373 1826 versati
3419 1776 3574 1833 sunt,
3636 1780 3697 1820 ac

452 1876 710 1937 prmterea
746 1880 858 1925 tum
915 1872 1109 1942 agendi
1156 1873 1522 1943 loquendique
1552 1873 1883 1937 libertatem,
1912 1880 2026 1928 tum
2064 1870 2475 1926 eminentiorem
2520 1865 2925 1938 quodammodo
2969 1878 3081 1935 pm
3155 1862 3369 1918 exteris
3432 1861 3693 1933 apostolis

454 1964 633 2017 locum
679 1965 987 2027 obtinuere.
1032 1983 1143 2022 non
1177 1967 1426 2022 humanae
1468 1967 1721 2022 amicitia:
1769 1967 2004 2035 ratione,
2041 1966 2137 2022 sed
2181 1965 2369 2020 divino
2395 1963 2604 2035 judicio
2631 1962 2697 2016 ad
2722 1961 2777 2016 id
2811 1958 3095 2031 dignitatis
3128 1958 3320 2015 evecti.

522 2079 677 2149 Ipsos
710 2079 893 2149 itaque
924 2080 1074 2135 solos
1104 2095 1134 2134 a
1175 2080 1426 2145 Domino,
1458 2081 1587 2137 dum
1622 2085 1896 2154 praecipua
1928 2085 2024 2139 mi-

2194 2084 2351 2137 Ἐστι
2376 2081 2719 2152 γοῦν-εὑρεῖν
2744 2081 2801 2133 ὲν
2827 2081 2939 2143 τοῖς
2963 2078 3237 2149 μεγίστοις
3261 2076 3369 2131 τῶν
3399 2076 3688 2149 θαυμάτων

453 2174 637 2227 racula
693 2173 959 2243 patravit,
1008 2180 1267 2244 tanquam
1311 2173 1659 2232 fidelissimos
1698 2184 1752 2231 et
1784 2177 2025 2233 veracis-

2133 2174 2325 2247 μόνους
2350 2174 2546 2237 αὐτοὺς
2575 2169 2723 2245 παρά
2752 2170 2838 2224 τοῦ
2865 2170 3073 2241 Κυρίου
3109 2169 3559 2241 παραληφθέντας
3578 2211 3592 2233 ,
3615 2170 3688 2233 ὥς

453 2266 625 2320 simos
680 2272 960 2334 gestorum
1014 2272 1183 2319 testes
1244 2281 1432 2320 secum
1498 2276 1812 2336 assumptus
1854 2266 2028 2323 fuisse

452 2350 839 2419 comperimus.
876 2350 988 2405 lloc
1017 2367 1151 2407 sane
1171 2352 1372 2406 factum
1409 2353 1509 2407 fuit
1541 2355 1595 2409 in
1633 2355 1844 2411 visione
1874 2371 2028 2410 mou-

452 2436 526 2490 tis
546 2435 609 2488 ".
653 2434 766 2489 Soli
812 2436 959 2490 enim
1006 2435 1083 2490 ibi
1132 2435 1350 2503 Petrus,
1392 2436 1655 2503 Iacobus,
1698 2449 1752 2496 et
1786 2439 2027 2497 Joannes

452 2524 705 2590 aderant,
753 2540 879 2581 cum
932 2540 1135 2596 corpus
1182 2541 1340 2581 sumo
1402 2528 1809 2586 transformans
1852 2530 2029 2586 Domi-

454 2631 579 2682 nus,
624 2615 681 2670 in
729 2616 1025 2686 gloriosam
1074 2632 1140 2672 ac
1190 2616 1613 2687 splendidiorem
1684 2620 2027 2678 divinitatem

453 2709 863 2771 transmutavit,
893 2715 948 2764 et
977 2708 1181 2778 Moyse,
1201 2716 1365 2779 atque
1388 2709 1505 2766 Elia
1526 2711 1632 2767 sibi
1657 2711 2025 2777 adstantibus,

454 2798 705 2869 lucisque
735 2799 931 2854 nebula
960 2798 1343 2863 obumbrante,
1374 2800 1632 2856 eximiam
1664 2796 1809 2857 Mam
1837 2805 2028 2860 aeterni

456 2890 607 2959 regni
662 2889 953 2957 imaginem
1000 2889 1262 2945 ostendit.
1304 2889 1419 2945 Hoc
1462 2892 1626 2946 etiam
1672 2892 1876 2949 factum
1920 2903 2025 2961 est,

453 2986 585 3041 dum
644 2985 779 3042 Jairi
848 2986 1013 3041 filiam
1077 3004 1107 3041 a
1165 2989 1399 3043 mortuis
1455 2989 1743 3045 suscitavit
1767 2991 1844 3058 ης
1897 2999 2030 3049 tunc

451 3079 602 3134 enim
643 3078 745 3134 bos
795 3084 1010 3133 tantum
1055 3078 1307 3133 miraculi
1359 3079 1507 3135 illius
1552 3088 1889 3149 spectatores
1932 3082 2031 3136 ha-

459 3170 595 3225 buit.
632 3169 777 3236 Quin
826 3177 882 3225 et
925 3169 1029 3227 sub
1071 3160 1249 3239 ipsum
1284 3169 1557 3240 passionis
1589 3179 1825 3241 tempus,
1870 3187 1940 3229 ne
1973 3173 2029 3228 in

455 3263 692 3334 singulis
739 3261 1048 3333 quibusque
1084 3265 1376 3319 narrandis
1415 3263 1623 3318 diutius
1668 3279 1870 3329 morer,
1905 3280 2030 3321 eos-

455 3355 580 3410 dem
616 3354 767 3409 viros
795 3369 981 3409 secum
1024 3356 1345 3424 assumpsit,
1393 3356 1584 3424 eisque
1608 3342 1866 3424 tanquam
1903 3355 2031 3411 fide-

2128 2265 2480 2328 πιστοτάτους
2516 2263 2611 2317 καὶ
2653 2259 3049 2332 ἀληθεστάτους
3073 2260 3179 2314 τῶν
3204 2260 3544 2331 γιγνομένων
3568 2262 3697 2330 μέρ-

2125 2371 2314 2427 τυραςσ
2348 2354 2505 2408 τοῦτο
2573 2352 2672 2424 μὲν
2707 2352 2797 2404 ἐπὶ
2827 2350 2926 2421 τῆς
2957 2351 3014 2402 ἐν
3041 2348 3117 2420 τῷ
3162 2349 3278 2421 δρει
3310 2349 3544 2422 θεωρίας
3578 2351 3695 2421 (μό.

2126 2461 2217 2508 νος
2255 2444 2363 2516 γὰρ
2387 2441 2457 2516 ἦν
2502 2444 2619 2496 ἐκεῖ
2659 2440 2894 2511 Πέτρος,
2930 2438 3024 2493 καὶ
3070 2437 3359 2505 Ἰάκωϐος,
3392 2439 3485 2492 καὶ
3526 2438 3695 2492 Ἰωάν-

2127 2553 2226 2608 νης
2243 2576 2258 2601 ,
2281 2537 2370 2590 ὅτε
2390 2534 2452 2588 τδ
2474 2532 2631 2604 σῶμα
2662 2531 2722 2586 τὸ
2754 2528 2946 2585 ἑαυτοῦ
2973 2528 3411 2601 μεταμορφώσας
3430 2531 3456 2583 ὁ
3472 2529 3692 2599 Κύριος,

2128 2629 2209 2692 είς
2259 2625 2464 2691 ἔνδοξον
2519 2624 2613 2679 καὶ
2662 2621 3044 2693 λαμπροτέραν
3117 2619 3347 2691 θεότητα
3420 2618 3700 2690 μετέϐαλε,

2127 2718 2365 2774 Μωῦσέα
2415 2715 2512 2771 καὶ
2542 2713 2728 2769 Ἠλίαν
2752 2715 2809 2767 ὲν
2841 2710 3016 2782 ἑαυτῷ
3044 2710 3156 2781 (20)
3190 2710 3703 2783 παραστησάμενος,

2128 2809 2224 2864 καὶ
2248 2810 2314 2880 τῇ
2351 2806 2546 2878 νεφέλῃ
2579 2804 2675 2860 τοῦ
2714 2804 2891 2874 φωτὸς
2937 2803 3293 2866 ὲπισκιάσας,
3330 2801 3430 2872 τὴν
3466 2801 3708 2872 μεγάλην

2127 2899 2342 2970 ἐκείνην
2368 2898 2553 2953 είκόνα
2594 2898 2693 2969 τῆς
2723 2895 2998 2967 βασιλείας
3028 2894 3319 2964 ὑπέδειξεν
3341 2894 3501 2949 τοῦτο
3529 2894 3587 2949 δὲ
3614 2892 3711 2947 ἐπὶ

2127 2992 2227 3064 τῆς
2271 2990 2498 3062 Ἰαείρου
2542 2988 2811 3061 θυγατρὸς
2837 3027 2853 3053 ,
2887 2986 2956 3056 ἢν
2997 2985 3264 3041 θανοῦσαν
3296 2984 3541 3056 διήγειρε
3564 3001 3580 3017 ’
3612 2985 3711 3038 καὶ

2129 3084 2237 3156 γὰρ
2266 3084 2384 3137 ἐκεῖ
2427 3081 2649 3143 τούτους
2676 3075 2822 3150 εἶχεν
2854 3077 3094 3142 ἐπόπτας
3121 3077 3220 3148 τῆς
3249 3076 3551 3148 γενομένης
3585 3075 3713 3128 θαυ-

2134 3174 2488 3246 ματουργίας.
2527 3173 2649 3225 Ἔτι
2689 3188 2755 3239 γε
2797 3170 2934 3241 μὴν,
2970 3169 3058 3223 ἵνα
3105 3168 3178 3240 μὴ
3210 3168 3280 3223 τὰ
3328 3168 3450 3223 καθ’
3477 3169 3713 3221 ἕκαστον

2130 3264 2303 3333 λέγων
2331 3261 2590 3334 διατρίϐω
2614 3300 2629 3324 ,
2659 3260 2755 3313 καὶ
2793 3262 2917 3314 κατ’
2946 3261 3109 3314 αὑτὸν
3138 3260 3230 3314 τὸν
3258 3260 3451 3331 καιρὸν
3476 3258 3572 3313 τοῦ
3603 3276 3717 3312 σω-

2131 3353 2322 3424 τηρίου
2353 3351 2554 3415 πάθους
2575 3352 2699 3414 τοὺς
2724 3350 2919 3415 αὐτοὺς
2951 3350 3148 3422 ἄνδρας
3168 3348 3522 3421 παραλαϐὼν,
3556 3348 3721 3421 sosp-

456 3448 599 3502 libus
628 3446 1199 3516 constantissimisque
1219 3421 1513 3517 discipulis
1542 3463 1650 3502 nou
1680 3421 1767 3503 est
1821 3448 2025 3503 veritus

2136 3421 2300 3519 ῥησεν
2334 3445 2507 3497 είπεῖν
2528 3482 2544 3507 ,
2586 3441 2662 3505 ὡς
2692 3443 2902 3505 πιστοῖς
2931 3440 3161 3512 ἀνδράσι
3193 3442 3287 3495 καὶ
3317 3441 3721 3511 βεϐαιοτάτοις·

455 3538 661 3602 dicere,
700 3537 857 3592 Nunc
892 3539 1073 3593 anima
1098 3554 1211 3592 mea
1243 3540 1453 3593 turbata
1486 3540 1648 3594 est“.
1677 3538 1814 3594 Haec
1847 3547 2029 3594 autem

457 3645 488 3684 a
518 3631 678 3685 nobis
700 3630 847 3685 dicta
877 3639 1028 3694 sunt,
1062 3648 1170 3685 nou
1206 3640 1267 3685 ut
1307 3633 1524 3688 cwtcris
1556 3633 1823 3702 apostolis
1851 3633 2032 3687 detra-

458 3719 673 3784 hamus,
726 3720 823 3776 sed
869 3721 923 3775 in
965 3737 1154 3776 eorum
1196 3722 1416 3778 virtutis
1456 3723 1850 3786 testimonium,
1893 3737 2031 3793 quo-

458 3828 577 3866 rum
620 3813 782 3868 hodie
836 3815 1156 3869 memoriam
1201 3816 1588 3881 celebramus;
1636 3822 1690 3870 et
1746 3823 1805 3870 ut
1846 3815 2028 3871 verius

458 3902 636 3958 dicam
667 3904 722 3958 in
753 3919 1096 3961 communem
1127 3922 1348 3976 quoque
1383 3909 1759 3977 apostolorum
1784 3907 2028 3962 omnium

426 3996 671 4051 laudem
715 4010 888 4049 :nam
947 3995 1017 4053 de
1069 4006 1385 4052 sanctorum
1447 3999 1805 4064 excellentia,
1854 3998 2033 4070 deque

458 4103 647 4144 eorum
697 4087 1073 4145 sanctimonize
1117 4090 1379 4162 gradibus
1428 4092 1708 4161 quidpiam
1763 4100 2029 4159 statuere,

458 4180 711 4234 humanae
736 4178 1067 4250 cognitionis
1099 4196 1203 4234 non
1227 4189 1332 4246 est,
1359 4181 1454 4237 sed
1478 4183 1671 4252 judicii
1700 4183 1892 4239 divini.
1922 4184 2032 4241 Nos

456 4280 638 4327 autem
673 4271 766 4341 qui
803 4271 954 4341 digni
990 4270 1119 4327 facti
1168 4289 1383 4338 sumus,
1416 4282 1477 4329 ut
1520 4282 1600 4331 tot
1642 4282 2049 4355 tantorumque

459 4363 699 4418 virorum
752 4365 1027 4420 memoria:
1079 4368 1581 4431 communicemus,
1643 4367 1851 4438 gratias
1900 4366 2035 4436 ipsis

458 4468 619 4523 agere
654 4469 881 4510 necesse
909 4466 1014 4520 est,
1047 4472 1156 4512 non
1182 4466 1419 4527 quantas
1444 4458 1729 4520 debemus,
1758 4458 1862 4513 hoc
1888 4458 2031 4513 enim

457 4548 572 4603 fieri
619 4547 828 4617 nequit,
865 4548 959 4602 sed
1005 4558 1239 4617 quantas
1286 4565 1613 4619 possumus;
1664 4565 1790 4604 nam
1836 4559 1889 4604 et
1929 4549 2034 4603 hoc

460 4648 744 4709 acceptum
784 4649 888 4694 est.
926 4637 1205 4708 Siquidem
1241 4643 1419 4697 sancti
1470 4643 1570 4697 hos
1601 4658 1631 4696 a
1668 4642 1825 4697 nobis
1862 4642 2032 4697 hono-

2133 3538 2264 3593 Νῦν
2292 3538 2331 3605 ἡ
2369 3535 2538 3605 ψυχή
2580 3552 2702 3603 μου
2745 3533 3110 3601 τετάρακται.
3148 3532 3329 3586 Ταῦτα
3363 3532 3421 3585 δὲ
3457 3533 3597 3601 ἡμῖν
3635 3536 3725 3588 εἷο

2110 3619 2320 3699 ’ρηται,
2354 3628 2454 3681 οὐκ
2497 3626 2577 3689 εἰς
2628 3624 2947 3696 καθαίρεσιν
2993 3622 3103 3676 τῶν
3143 3621 3337 3676 λοιπῶν
3364 3621 3724 3690 ἀποστόλων,

2133 3718 2248 3773 ἀλλ’
2274 3719 2354 3781 είς
2383 3716 2678 3790 μαρτύριον
2704 3716 2803 3786 τῆς
2827 3713 2935 3769 τῶν
2969 3710 3440 3784 μνημονευομένων
3472 3711 3722 3781 ἀρετῆς·

2133 3809 2182 3863 εί
2216 3809 2274 3864 δὲ
2307 3809 2387 3864 δεῖ
2413 3808 2720 3880 φιλαλήθως
2748 3809 2943 3871 εἰπεῖν,
2977 3807 3072 3860 καὶ
3104 3806 3186 3869 είς
3233 3803 3405 3859 κοινὸν
3429 3803 3540 3857 τῶν
3572 3806 3727 3859 ἁπο-

2133 3903 2336 3957 στόλων
2370 3902 2642 3972 ἐγκώμιον
2663 3917 2677 3933 ⁸
2708 3901 2769 3954 τὸ
2793 3900 2902 3970 γὰρ
2928 3899 3201 3971 ὑπεροχὰς
3228 3899 3323 3952 καὶ
3342 3897 3631 3962 ἐπιϐάσεις
3667 3902 3726 3952 ὲν

2131 3998 2246 4061 τοῖς
2272 3996 2448 4065 ἁγίοις
2475 3991 2751 4064 ὁρίζεσθαι
2776 4034 2790 4057 ,
2817 3993 2917 4046 οὐκ
2947 3992 3294 4062 ἀνθρωπίνης
3333 3988 3401 4044 ἂν
3489 3989 3723 4061 δοκιμα-

2134 4089 2258 4153 σίας
2277 4129 2291 4151 ,
2322 4086 2438 4142 ἀλλ’
2463 4084 2790 4157 ἐπικρίσεως
2818 4085 2911 4138 καὶ
2962 4082 3222 4154 ἀληθείας
3251 4080 3407 4136 Θεοῦ.
3452 4081 3641 4151 Ἡμεῖς
3668 4081 3724 4135 δὲ

2138 4182 2379 4253 μνήμαις
2410 4177 2667 4233 τοιούτων
2704 4176 2800 4231 καὶ
2831 4172 3162 4245 τηλικούτων
3195 4172 3407 4243 ἀνδρῶν
3435 4175 3721 4226 κοινωνεῖν

2141 4276 2472 4341 ἀξιωθέντας
2492 4315 2507 4340 ,
2548 4271 2887 4342 εὐχαριστεῖν
2919 4269 3213 4336 ἀναγκαῖον
3235 4307 3251 4332 ,
3279 4267 3380 4335 οὐχ
3415 4266 3546 4319 ὅσον
3573 4267 3726 4334 ὀφεί-

2138 4366 2336 4435 λομεν,
2386 4364 2543 4418 τοῦτο
2593 4362 2699 4432 γὰρ
2748 4360 3041 4422 ἀδύνατον,
3092 4357 3207 4412 ἀλλ’
3256 4358 3379 4410 ὅσον
3436 4355 3723 4426 ίσχύομεν.

2136 4455 2297 4509 τοῦτο
2342 4456 2453 4526 γὰρ
2499 4453 2878 4510 εὐαπόδεκτον.
2927 4449 3242 4505 ’Δπαιτοῦσι
3295 4448 3353 4502 δὲ
3406 4446 3625 4511 ταύτας
3676 4450 3725 4500 οι

2139 4547 2282 4614 ἀγιοι
2314 4546 2444 4617 παρ’
2483 4544 2639 4614 ἡμῶν
2666 4543 2766 4608 τὰς
2800 4542 2967 4613 τιμὰς
2991 4582 3006 4606 ,
3038 4541 3137 4610 οὐχ
3166 4541 3253 4593 ἴνα
3283 4556 3338 4592 τι
3383 4538 3725 4609 κερδάνωσιν

2137 4638 2569 4707 εὐφημούμενοι,
2609 4635 2720 4688 ἀλλ’
2768 4635 2855 4688 ἵνα
2903 4634 3060 4703 ἡμεῖς
3105 4630 3527 4700 κοινωνήσωμεν
3575 4630 3729 4697 εὐερ-

459 4747 546 4787 res
593 4738 923 4799 exposcunt,
976 4745 1083 4786 non
1135 4740 1191 4784 ut
1244 4732 1376 4801 quid
1431 4735 1705 4789 commodi
1756 4733 1960 4790 nostris
1998 4749 2025 4788 e

2133 4729 2465 4799 γετούμενοι.
2514 4729 2720 4781 Ἐκεῖνο
2771 4726 2827 4780 δὲ
2872 4723 3033 4779 πάλιν
3084 4722 3275 4775 οὐδένα
3323 4718 3435 4772 τῶν
3475 4718 3726 4772 εὐσεϐῶν

458 4820 712 4876 laudibus
752 4820 853 4875 sibi
896 4821 1143 4883 accedat,
1177 4821 1270 4876 sed
1309 4830 1368 4875 ut
1408 4837 1510 4879 nos
1547 4839 1611 4878 ex
1647 4823 1749 4877 hac
1782 4837 2028 4878 commu-

530 4995 570 5026 "
599 4994 801 5064 Ephes.
834 5012 888 5064 ν,
912 4995 1004 5052 25.
1079 4996 1123 5031 ¹⁸
1159 4997 1351 5053 Matth.
1392 5014 1529 5063 xvu,
1570 4999 1593 5052 l
1637 5015 1759 5070 sqq.

531 5170 644 5243 (l7)
675 5169 818 5248 Etsi_
838 5174 1047 5248 nullum
1070 5175 1402 5248 scriptorem
1434 5176 1678 5248 legerim,
1711 5177 1807 5248 qui
1852 5175 2023 5248 Joan-

460 5242 580 5297 nem
612 5242 915 5316 apostolum
975 5244 1030 5298 in
1062 5242 1513 5316 ferventisaquai
1546 5242 1751 5301 dolium
1809 5247 2023 5301 immis-

458 5327 576 5385 sum
617 5310 793 5385 fuisse
827 5317 1158 5385 narraverit;
1204 5310 1566 5373 nihilominus
1621 5317 1673 5372 id
1726 5324 1934 5385 aperte.
1967 5317 2023 5372 ui

460 5383 639 5455 fallor,
673 5383 947 5455 colligitur
979 5401 1044 5439 ex
1079 5393 1339 5455 corrupto
1369 5386 1477 5441 isto
1514 5383 1774 5441 Vaticani
1815 5385 2022 5443 codicis

461 5453 600 5515 loco,
637 5452 744 5526 qui
787 5452 1212 5526 commodiorem
1250 5452 1472 5510 'nullum
1507 5472 1729 5512 sensum
1779 5457 2023 5526 recipere

460 5534 621 5587 posse
656 5522 892 5584 videtur,
928 5532 982 5578 et
1020 5525 1253 5582 fortasse
1291 5526 1367 5579 ita
1416 5527 1788 5583 restituendus
1821 5522 1927 5588 est,
1962 5532 2023 5580 ut

459 5589 722 5666 legamus,
769 5591 1044 5666 ζεόμενον,
1097 5597 1176 5650 vel
1211 5595 1499 5665 καιόμενον
1545 5597 1625 5658 εἰς
1656 5596 1800 5666 ὕδωρ
1833 5596 2023 5649 τούτου

458 5658 632 5737 Ξέρίις
667 5660 783 5737 βίου
817 5658 989 5737 Δἔχειν·
1027 5658 1104 5719 vel
1141 5658 1357 5737 λαϐεῖν,
1393 5666 1737 5737 κεκριμένος,
1768 5658 1878 5719 hoc
1918 5674 2022 5729 est,

463 5723 774 5794 Et'fervcnti
810 5723 1046 5801 iri‘aqna,
1076 5746 1130 5787 ut
1163 5723 1441 5788 mortalem
1475 5723 1607 5788 lianc
1644 5723 1803 5789 vitam
1841 5723 2021 5790 terrui;

458 5806 607 5852 nam
632 5834 648 5861 ,
690 5802 905 5864 tyranni
943 5804 1147 5857 decreto
1188 5804 1398 5870 jussus,
1430 5807 1483 5860 in
1526 5816 1816 5873 martyrum
1851 5807 2022 5863 choris

2135 4824 2347 4891 ἀγνοεῖν
2388 4821 2589 4889 οἴομαι,
2623 4820 2698 4883 ὡς
2725 4819 2784 4871 οὐ
2822 4816 2982 4889 μόνον
3014 4814 3222 4883 Πέτρου
3245 4853 3260 4879 ,
3295 4813 3389 4865 καὶ
3433 4810 3722 4873 Ἰακώϐου,

1838 4999 1880 5031 ⁸⁸
1917 4997 2084 5053 Marc.
2118 5014 2170 5062 v,
2205 4996 2294 5053 37.
2369 4996 2415 5030 ¹⁰
2442 4994 2601 5051 Joan.
2637 5011 2736 5061 xu,
2759 4995 2851 5049 27.

2132 5185 2540 5231 annumeratur.
2571 5172 2678 5231 Sed
2705 5174 2775 5231 de
2815 5174 2919 5230 hac
2952 5173 3268 5244 conjectura
3304 5181 3499 5229 nostra
3536 5172 3722 5230 erudi-

2130 5257 2310 5302 torum
2352 5245 2620 5315 judicium
2654 5253 2793 5301 esto.

2200 5315 2314 5387 (18)
2353 5312 2486 5387 Quae
2513 5314 2878 5387 semicirculis
2911 5312 3480 5387 comprehenduntur,
3514 5314 3729 5368 desunt

2128 5386 2185 5442 iu
2211 5385 2515 5457 posteriori
2554 5385 2721 5455 hujus
2756 5385 3028 5457 orationis
3062 5385 3329 5457 editione,
3366 5400 3531 5455 quam
3565 5397 3729 5437 unus

2129 5455 2386 5525 idemque
2415 5455 2716 5511 Vaticanus
2744 5455 2917 5525 codex
2946 5455 3189 5525 exhibet.

2203 5521 2432 5598 (l9)7lta
2480 5524 2865 5598 corrigendum
2917 5540 3123 5598 censeo
3136 5595 3145 5598 _
3179 5521 3506 5579 Vaticanum
3548 5521 3732 5575 codi—

2132 5594 2382 5659 rent,'in
2417 5611 2552 5667 quo,
2602 5594 2897 5667 manifesto
2938 5595 3149 5667 librarii
3181 5609 3396 5660 errore,
3426 5606 3739 5664 perperam

2133 5667 2414 5729 scribitur,
2439 5664 2545 5719 οὐκ
2579 5665 2825 5719 ἀποτίσει
2851 5667 2915 5717 ἐκ
2944 5664 3173 5733 βάσεως.

2204 5738 2318 5812 (29)
2357 5738 2471 5812 Alia
2497 5737 2679 5812 hujus
2714 5729 2984 5812 orationis
3007 5735 3357 5812 editiouqum
3388 5734 3446 5789 in
3472 5732 3578 5788 ﬁne
3604 5729 3743 5788 Va-

2132 5807 2296 5865 ticani
2333 5806 2542 5865 codicis
2575 5813 2774 5873 exstat,
2817 5805 2980 5861 habet
3012 5806 3070 5858 tv
3098 5805 3265 5871 αὐτῷ.
