3918 6204
230 332 338 390 733

1257 343 1538 401 ALTERA
1595 337 1949 409 LAUDA'l'lO
2002 355 2063 412 s.
2102 354 2470 418 STEPHANI.

3381 369 3487 428 754

219 445 312 499 καὶ
349 445 618 510 Ἰωάννου,
649 447 787 502 ἀλλά
821 447 916 503 καὶ
939 451 1122 524 πάσης
1149 456 1283 526 ὁμοῦ
1316 459 1416 529 τῆς
1436 462 1802 536 ἀποπολικῆς

1916 470 2069 527 nione
2082 472 2366 532 beneﬁciis
2383 488 2808 550 prosequantur.
2843 481 3016 539 Porro
3044 485 3316 540 neminem
3335 487 3486 556 pium

217 537 487 608 ἁρμονίας
517 539 617 602 τάς
653 541 843 610 μνείας
883 545 1256 617 ἐπιτελοῦμεν.
1293 552 1354 604 El
1393 551 1502 625 γὰρ
1535 556 1678 608 κατὰ
1704 557 1802 628 τὴν

1916 565 2156 634 ignorare
2205 568 2462 636 arbitror,
2508 586 2611 628 nos
2658 572 2762 630 hac
2805 575 2895 628 die
2933 591 3040 629 non
3095 578 3272 631 solum
3314 577 3486 644 Petri,

217 628 326 683 τῶν
345 631 629 701 δογμάτων
653 632 937 703 ἀλήθειαν,
956 637 1131 706 μελῶν
1153 640 1305 707 τάξιν
1333 643 1623 714 ἐπέχοντες
1639 689 1654 713 ,
1686 647 1804 712 ἑνὸς

216 717 474 790 σώματος
504 721 880 794 ἀποπληροῢσι
916 728 1098 797 σχῆμα
1123 769 1139 793 ,
1174 729 1417 802 δηλονότι
1450 735 1804 810 δοξαζομένου

217 827 324 880 μου
351 811 468 882 (21)
497 812 696 884 μέρους
726 817 843 881 ἐνὸς
861 857 877 882 ,
912 818 988 883 ὦς
1011 837 1173 892 φησιν
1201 825 1230 877 ὁ
1267 825 1584 893 Ἀπόστολος
1604 872 1620 895 ,
1653 835 1806 886 Συν-

215 897 524 966 deicite-tat
562 905 759 961 πάντα
788 909 860 964 τὰ
887 909 1045 980 μέλη
1069 952 1083 976 ,
1130 915 1226 967 καὶ
1272 916 1504 986 μάλιστα
1539 921 1627 973 ἐπ’
1661 921 1806 974 ὲκεί-

214 1012 324 1047 νων
385 997 495 1049 τῶν
551 1000 836 1071 μακαρίων
890 1003 984 1056 καὶ
1037 1005 1387 1063 τελειοτάτων
1429 1011 1638 1081 ἀνδρῶν
1658 1051 1672 1077 ,
1725 1008 1806 1077 οἷς

216 1085 403 1140 πάντα
433 1094 716 1159 συμφωνεί
744 1093 880 1163 πρὸς
912 1096 1169 1166 ἀλήθειαν
1189 1137 1204 1164 ,
1235 1101 1329 1153 καὶ
1362 1103 1390 1155 ό
1431 1103 1631 1174 τρόπος
1677 1107 1806 1176 ὁμό-

215 1195 473 1250 γνωμος,
510 1183 604 1236 καὶ
658 1186 690 1253 ἡ
737 1186 918 1251 πίστις
964 1190 1252 1259 όμόδοξος,
1290 1194 1381 1247 καὶ
1420 1195 1495 1258 ὠς
1546 1198 1706 1251 κοινά
1735 1199 1803 1253 τά

215 1272 320 1342 τῆς
348 1273 631 1340 εὐσεϐείας
663 1277 1112 1351 πλεονεκτήματα
1143 1285 1347 1338 τούτων
1371 1325 1385 1350 ,
1415 1288 1571 1342 κοινά
1598 1292 1691 1342 καί
1739 1291 1806 1345 τά

216 1365 376 1436 παρὰ
405 1365 506 1436 τῆς
542 1368 797 1437 ἀληθείας
848 1373 1318 1447 σεμνολογήματα.
1351 1378 1446 1443 Τίς
1492 1380 1547 1434 δὲ
1593 1383 1692 1436 οὐκ
1740 1384 1805 1439 ἂν

216 1457 459 1525 εὐλόγως
518 1459 742 1531 ἡσθείη,
777 1464 871 1516 καὶ
925 1466 1089 1520 αὐτοῦ
1143 1469 1238 1522 τοῦ
1284 1470 1437 1539 ἁγίου
1489 1474 1805 1543 Πνεύματος

217 1549 538 1622 πληρωθείη
567 1593 582 1618 ,
617 1553 957 1627 ἀποστολικῷ
985 1558 1130 1629 χορῷ
1175 1566 1451 1617 κοινωνεῖν
1481 1565 1804 1637 ἠξιωμένος,

216 1639 300 1710 τῷ
325 1641 510 1696 πᾶσαν
555 1643 655 1714 τὴν
683 1647 1007 1719 οἰκουμένην
1058 1651 1195 1722 πρὸς
1243 1653 1340 1723 τὴν
1369 1654 1664 1723 ἐπίγνωσιν
1707 1659 1806 1727 τῆς

219 1731 485 1802 ἀληθείας
519 1735 871 1806 ὁδηγήσαντι,
915 1739 993 1811 τῷ
1031 1742 1174 1796 κατὰ
1217 1743 1396 1814 πάσης
1424 1750 1524 1817 τῆς
1555 1749 1805 1819 οἰκουμέ-

1901 654 2089 712 Jacobi
2133 666 2184 714 et
2215 657 2466 729 Joannis,
2501 664 2596 719 sed
2631 672 2686 720 et
2735 667 2985 721 omnium
3018 667 3180 722 simul
3213 671 3490 739 apostolo-

1905 764 2026 802 rum
2077 753 2395 806 memoriam
2440 755 2742 812 celebrare.
2780 757 2838 811 Si
2889 758 3034 812 enim
3070 761 3216 828 quod
3271 762 3339 816 ad
3385 761 3488 814 do-

1905 849 2146 909 gmatum
2189 844 2475 899 veritatem
2507 847 2723 914 attinet,
2770 850 3140 904 membrorum
3175 850 3349 905 instar
3377 851 3489 908 dis-

1905 930 2092 997 positi,
2139 932 2303 987 unius
2349 936 2601 1004 corporis
2644 935 2876 990 fortnam
2925 939 3264 1009 exprimunt,
3323 949 3398 1006 et,
3443 944 3490 994 si

1905 1035 2066 1073 unum
2088 1024 2375 1077 membrum
2413 1026 2696 1095 gloriatur,
2729 1036 2785 1082 ut
2810 1031 2884 1084 ait
2907 1031 3202 1100 Apostolus
3219 1032 3285 1094 ¹¹,
3312 1034 3490 1085 omnia

1903 1111 2068 1164 simul
2096 1115 2326 1168 membra
2364 1118 2687 1186 gloriantur,
2725 1119 2778 1173 id
2815 1122 3001 1190 utique
3040 1122 3094 1174 in
3141 1123 3318 1178 beatis
3355 1140 3492 1193 quo-

1905 1219 2012 1273 que
2055 1204 2162 1259 illis
2206 1215 2373 1275 atque
2422 1209 2791 1264 sanctissimis
2831 1211 2966 1264 viris
3000 1213 3276 1281 praecipue
3306 1213 3488 1267 locum

1906 1295 2089 1361 habet,
2121 1297 2175 1350 in
2221 1297 2419 1366 quibus
2449 1309 2647 1353 cuncta
2699 1315 2824 1354 cum
2864 1302 3095 1356 veritate
3128 1305 3489 1366 concordant,

1907 1401 2123 1440 morum
2164 1403 2357 1457 nempe
2385 1389 2713 1455 similitudo,
2746 1399 2800 1446 et
2829 1392 2883 1445 in
2912 1408 3021 1446 una
3054 1393 3355 1463 eademun
3386 1393 3490 1449 ﬁde

1909 1475 2048 1528 mira
2081 1477 2415 1544 consensio;
2445 1487 2496 1532 et
2527 1480 2990 1547 quemadmodum
3019 1483 3330 1537 communia
3359 1492 3492 1537 sunt

1906 1579 2096 1621 eorum
2129 1570 2346 1636 egregia
2385 1583 2482 1637 pro
2509 1570 2710 1638 pietate
2750 1579 2923 1640 gesta,
2961 1573 3034 1626 ita
3068 1581 3122 1627 et
3169 1588 3490 1629 communes

1907 1663 2055 1718 sunt,
2085 1657 2177 1725 qui
2220 1655 2354 1726 ipsis
2384 1659 2454 1712 ob
2483 1674 2624 1713 verm
2656 1659 2777 1716 ﬁdei
2806 1662 3244 1731 pratdicationem
3287 1663 3492 1734 imper-

1909 1747 2122 1800 tiuntur
2161 1747 2420 1804 honores.
2473 1749 2675 1822 Ecquis
2728 1753 2913 1807 lzetitia
2964 1769 3072 1808 non
3121 1755 3316 1810 merito
3360 1772 3486 1826 per-

221 1839 329 1893 νης
357 1824 665 1880 ἀπλώσαντι
697 1827 766 1882 τὰ
799 1828 901 1899 τῆς
931 1831 1208 1896 εὐσεϐείας
1242 1833 1454 1899 δίκτυα,
1479 1815 1577 1890 καὶ
1607 1815 1810 1890 παντα-

1916 1837 2176 1892 l'undctur
2230 1847 2283 1894 et
2339 1815 2584 1910 Spiritus
2639 1845 2818 1898 sancti
2867 1845 3068 1916 gaudio
3127 1845 3322 1914 plenus
3360 1815 3490 1901 ἰιοιι

223 1912 327 1985 χοῦ
357 1914 581 1984 πήξαντι
611 1918 680 1971 τά
718 1919 821 1990 τῆς
846 1921 1104 1993 ἀληθείας
1125 1923 1389 1997 θήρατρα,
1424 1928 1508 1980 ἵνα
1546 1928 1806 1983 συλλαϐό-

224 2023 385 2076 μενοι
431 2010 612 2062 πᾶσαν
653 2010 789 2080 ὁμοῦ
821 2011 918 2082 τὴν
965 2013 1393 2086 ἀνθρωπότητα,
1439 2017 1537 2088 τὴν
1579 2018 1682 2071 ὑπὸ
1710 2019 1810 2084 τῆς

222 2097 430 2163 κακίας
491 2101 840 2174 ἡγριωμένην
896 2106 1283 2175 προσαγάγωσι
1334 2107 1412 2178 τῷ
1462 2109 1814 2181 ὲξημεροῦντι

221 2189 323 2242 καὶ
351 2189 614 2257 «Movet;
643 2196 749 2260 Είς
782 2193 990 2249 πᾶσαν
1023 2197 1172 2266 γοῦν
1208 2197 1324 2266 τὴν
1357 2199 1472 2268 γῆν
1501 2199 1759 2267 ἐξῆλθεν
1783 2203 1816 2256 ὁ

220 2283 496 2353 φθόγγος
550 2287 762 2341 αὐτῶν.
807 2285 872 2342 Οἱ
925 2288 1164 2358 θεμέλιοι
1215 2292 1314 2360 τῆς
1356 2286 1718 2362 Ἐκκλησίας,
1765 2295 1814 2346 οἱ

222 2373 418 2427 στύλοι
451 2375 544 2428 καὶ
563 2377 629 2430 τὰ
657 2378 1002 2450 έδραιώματα
1018 2381 1114 2452 τῆς
1131 2381 1405 2452 ἀληθείας,
1433 2375 1578 2435 οὗτοί
1596 2385 1731 2435 εἰσιν
1759 2386 1815 2438 αξ

222 2464 446 2521 άένναοι
478 2470 647 2540 πηγαὶ
667 2471 760 2525 τοῦ
791 2473 1059 2544 σωτηρίου
1081 2516 1094 2541 ,
1129 2475 1185 2528 αἳ
1217 2474 1350 2528 πολὺ
1370 2515 1386 2540 ,
1417 2477 1512 2528 καὶ
1541 2475 1814 2542 πλούσιον,

222 2559 322 2611 καὶ
360 2558 594 2626 θεοειδὲς
640 2565 787 2634 νᾶμα
824 2565 885 2618 τὸ
931 2565 1030 2636 τῆς
1083 2565 1425 2630 διδασκαλίας
1468 2567 1806 2637 προχέουσιν.

236 2648 370 2704 Ἐπὶ
416 2652 636 2718 τούτους
688 2656 834 2727 ἡμᾶς
873 2658 964 2711 καὶ
999 2660 1032 2728 ἡ
1091 2659 1400 2730 προφητικὴ
1451 2660 1813 2732 παραπέμπει

225 2741 387 2813 φωνὴ
412 2782 428 2808 ,
457 2743 688 2812 λέγουσα
711 2763 725 2777 ·
781 2741 1137 2814 Ἀντλήσατε
1167 2749 1324 2820 ὕδωρ
1355 2750 1482 2820 μετ’
1516 2751 1812 2820 εὐφροσύ-

223 2848 343 2900 νης
382 2834 450 2887 ἐκ
479 2834 597 2889 τῶν
624 2837 832 2907 πηγῶν
858 2839 965 2892 τοῦ
994 2841 1314 2908 Σωτηρίου.

1916 1929 2234 1994 exsultabit,
2277 1930 2408 1984 dum
2451 1947 2510 1986 se
2547 1931 2830 2003 dignatum
2873 1935 3077 2004 cogitat
3120 1936 3490 2004 apostolorum

1917 2021 2087 2075 choro
2115 2022 2547 2087 communicare,
2589 2025 2683 2094 qui
2716 2025 2904 2080 orbem
2933 2034 3106 2079 totum
3148 2026 3214 2080 ad
3247 2027 3493 2082 veritatis

1918 2113 2288 2181 cognitionem
2338 2113 2662 2183 perduxere,
2710 2117 2803 2185 qui
2853 2131 2950 2186 per
2997 2125 3170 2172 totum
3223 2127 3494 2173 terrarum

1912 2204 2099 2258 orbem
2131 2204 2351 2272 pietatis
2396 2206 2531 2259 retia
2570 2207 2936 2276 explicarunt,
2972 2216 3026 2262 et
3057 2210 3372 2280 ubicunque
3409 2213 3492 2264 ιο-

1912 2307 2101 2346 eorum
2153 2295 2403 2349 veritatis
2454 2295 2622 2351 ﬁxere
2670 2299 2964 2365 venabula,
3011 2305 3070 2352 ut
3119 2314 3281 2355 omne
3331 2301 3494 2354 simul

1913 2381 2211 2436 humanum
2281 2399 2452 2454 genus
2508 2386 2718 2440 malitia
2765 2386 3074 2452 eﬂ‘eratum,
3115 2388 3182 2442 ad
3235 2404 3358 2443 eum
3401 2391 3492 2457 qui

1913 2477 2285 2531 mansuefacit
2346 2477 2482 2531 illud
2532 2486 2696 2549 atque
2752 2479 2947 2544 salvat,
3007 2480 3391 2535 adducerent:
3429 2479 3496 2533 In

1917 2582 2122 2620 omnem
2153 2568 2334 2638 itaque
2367 2577 2561 2622 terram
2590 2571 2749 2624 exivit
2779 2588 2938 2625 sonus
2964 2587 3145 2624 eorum
3170 2575 3237 2624 ”.
3275 2571 3338 2625 lli
3367 2580 3497 2626 sunt

1917 2653 2179 2710 Ecclesiae
2221 2655 2612 2724 fundamenta,
2656 2667 2712 2715 et
2742 2659 2990 2715 veritatis
3024 2659 3293 2714 columna:
3331 2669 3498 2728 atque

1918 2747 2259 2805 fulcimenta.
2323 2749 2389 2803 lli
2436 2760 2566 2806 sunt
2609 2766 2882 2822 perennes
2936 2751 3132 2805 salutis
3199 2749 3401 2814 fontes,
3467 2765 3499 2804 e

1916 2840 2121 2910 quibus
2151 2840 2610 2898 abundantissimi
2638 2841 2840 2896 divina:
2867 2842 3134 2897 doctrina:
3163 2841 3351 2895 latices
3374 2855 3499 2910 pro-

223 2925 433 2981 ﬂuunt.
488 2927 570 2982 Ad
629 2929 797 2986 bosce
844 2945 946 2988 nos
995 2931 1074 2986 ire
1133 2932 1290 3003 jubet
1345 2932 1610 3004 propheta
1676 2947 1806 2989 cum
1880 2933 2089 3004 inquit,
2143 2921 2418 2988 Haurietis
2471 2950 2665 3003 aquam
2752 2949 2871 2987 cum
2914 2933 3109 3003 gaudio
3156 2938 3221 2985 de
3265 2932 3498 3000 fontibus

225 3018 532 3076 Saluatoris
554 3023 625 3078 ”.

297 3113 720 3185 Μνημονεύεται
754 3117 957 3190 Πέτρος
987 3119 1022 3189 ἡ
1074 3119 1282 3190 κεφαλὴ
1319 3120 1427 3174 τῶν
1473 3121 1804 3187 ἀποστόλων,

1985 3120 2310 3177 Celebratur
2343 3118 2492 3174 Petri
2535 3118 2823 3182 memoria,
2860 3117 2953 3188 qui
3001 3115 3377 3186 apostolorum
3413 3123 3501 3170 est

229 3208 326 3261 καὶ
358 3207 735 3272 συνδοξάζεται
770 3210 869 3279 μὲν
911 3211 1058 3281 αὐτῷ
1089 3213 1156 3267 τὰ
1187 3212 1348 3266 λοιπά
1381 3212 1515 3284 μέλη
1548 3216 1650 3285 τῆς
1691 3214 1813 3266 Ἐκ-

231 3299 464 3370 κλησίας
492 3317 508 3332 ’
557 3301 965 3372 ὲπιστηρίζεται
1011 3302 1068 3356 δὲ
1112 3306 1144 3373 ἡ
1186 3303 1481 3374 Ἐκκλησία
1529 3303 1619 3357 τοῦ
1651 3303 1810 3359 Θεοῦ.

233 3387 402 3456 Οὗτος
451 3393 559 3464 γάρ
601 3394 717 3446 ἐστι
748 3394 890 3448 κατὰ
917 3395 1013 3465 τὴν
1042 3395 1287 3449 δοθεῖσαν
1325 3396 1475 3466 αὐτῷ
1520 3396 1674 3469 παρά
1719 3394 1812 3449 τοῦ

234 3481 442 3553 Κυρίου
475 3482 747 3553 δωρεάνή
799 3484 1050 3556 ἀρραγὴς
1104 3485 1198 3538 καὶ
1247 3485 1566 3556 ὀχυρωτάτη
1618 3486 1812 3557 πέτρα,

237 3574 322 3642 ἐφ’
357 3575 424 3646 ἢν
462 3574 562 3646 τὴν
597 3575 920 3646 Ἐκκλησίαν
957 3579 985 3631 ὁ
1015 3578 1204 3647 Σωτὴρ
1227 3578 1566 3648 ᾠκοδόμησε.
1591 3579 1818 3648 Μνημο-

240 3665 455 3719 νεύεται
503 3668 663 3721 πάλιν
719 3669 973 3733 Ἰάκωϐος
1019 3671 1110 3723 καὶ
1147 3671 1432 3740 Ἰωάννης,
1462 3670 1556 3724 καὶ
1602 3671 1678 3733 ὡς
1711 3671 1818 3722 υἱοὶ

245 3756 473 3826 βροντῆς
499 3759 601 3812 ὐπὸ
633 3760 726 3813 τοῦ
759 3761 1011 3833 Σωτῆρος
1049 3762 1596 3833 προσαγορευόμενοι,
1641 3762 1820 3824 πάσας

245 3847 462 3907 ἑαυτοῖς
505 3848 598 3912 τὰς
644 3849 1011 3922 ὀμϐροτόκους
1063 3853 1293 3921 νεφέλας
1333 3837 1816 3924 συνέπιφέρονται·

247 3937 588 4012 ῥηγνυμένης
625 3943 734 4014 γὰρ
784 3944 882 4014 τῆς
923 3943 1181 4016 βροντῆς,
1212 3945 1423 4015 ἀνάγκη
1461 3946 1556 3998 καὶ
1587 3946 1684 4010 τὰς
1733 3962 1822 3998 νε-

243 4030 418 4097 φέλας
467 4034 927 4106 συναθροίζεσθαι.
957 4036 1204 4104 Νεφέλας
1239 4036 1336 4106 μὲν
1386 4032 1479 4090 οὐν
1527 4039 1653 4101 τοὺς
1686 4038 1822 4091 ἀπο-

240 4125 522 4189 πολικοῦς
568 4127 660 4179 καὶ
720 4127 1089 4198 προφητικῶς
1129 4127 1320 4194 λόγους
1354 4127 1713 4197 ὑποληπτέον,
1747 4121 1823 4181 ὧν

239 4217 292 4271 εί
326 4219 423 4272 καὶ
450 4218 696 4288 διάφοροι
725 4219 817 4271 τοῦ
844 4219 1200 4290 κηρύγματος
1222 4219 1271 4271 οἱ
1299 4219 1501 4290 χρόνοι,
1535 4219 1670 4273 ἀλλά
1697 4219 1834 4292 σύμ-

240 4328 411 4379 φωνοι
466 4311 569 4381 τῆς
607 4311 881 4375 εὐσεϐείας
915 4313 964 4365 οἱ
995 4312 1182 4382 νόμοι·
1213 4311 1270 4377 ἐξ
1305 4312 1423 4375 ἑνὸς
1475 4311 1584 4382 γὰρ
1642 4312 1823 4375 αὐτοῖς

239 4403 341 4456 καὶ
371 4400 465 4455 τοῦ
507 4400 671 4455 αὐτοῦ
720 4402 1027 4472 πνεύματος
1073 4403 1327 4474 ὥρμηται
1369 4402 1438 4455 τὰ
1490 4401 1822 4471 χαρίσματα.

1913 3220 2099 3282 caput,
2144 3219 2198 3266 et
2249 3226 2357 3264 una
2400 3211 2624 3280 quidem
2667 3224 2791 3263 cum
2829 3208 2948 3278 ipso
2989 3216 3187 3262 caetera
3240 3208 3501 3262 Ecclesia:

1914 3303 2157 3359 membra
2211 3302 2623 3372 gloriﬁcantur;
2661 3299 2756 3355 Dei
2808 3315 2939 3354 vero
2972 3298 3216 3354 Ecclesia
3269 3300 3323 3353 in
3379 3300 3500 3368 ipso

1915 3385 2210 3451 soiidatur.
2267 3394 2366 3450 llic
2422 3395 2592 3459 enim,
2643 3393 2798 3463 juxta
2850 3393 3265 3464 prazrogativam
3317 3391 3420 3446 sibi
3468 3407 3500 3445 a

1922 3489 2154 3542 Domino
2179 3502 2525 3554 concessam,
2567 3487 2719 3540 ﬁrma
2748 3494 2801 3541 ct
2835 3484 3168 3539 solidissima
3201 3493 3355 3553 petra
3391 3493 3499 3545 est,

1919 3593 2089 3646 super
2120 3593 2283 3647 quam
2324 3577 2578 3631 Salvator
2609 3574 2911 3628 Ecclesiam
2941 3571 3252 3626 :ediﬁcavit.
3295 3569 3499 3622 Memo-

1918 3669 2003 3722 ria
2039 3668 2280 3737 denique
2324 3667 2642 3721 celebratur
2682 3663 2897 3726 Jacobi,
2947 3670 3001 3716 et
3045 3659 3293 3724 Joannis,
3343 3666 3396 3712 et
3444 3667 3502 3711 ut

1919 3761 2016 3815 ﬁlii
2063 3759 2314 3821 tonitrui,
2364 3755 2825 3828 quemadmodum
2870 3768 2965 3810 cos
3011 3753 3274 3806 Dominus
3316 3752 3503 3821 appel-

1920 3852 2075 3916 lavit,
2134 3864 2327 3904 omnes
2390 3861 2578 3904 secum
2636 3845 2948 3901 imbriferas
3008 3845 3184 3899 nubes
3240 3843 3499 3910 trahunt;

1920 3945 2132 4000 tonitru
2171 3942 2316 3997 enim
2354 3955 2537 3996 aerem
2588 3947 2901 4009 rumpente,
2936 3953 3161 3993 necesse
3203 3943 3286 3991 est
3329 3937 3503 3992 nubes

1922 4033 2268 4104 congregari.
2322 4030 2506 4086 Nubes
2537 4031 2723 4099 itaque
2771 4030 3128 4098 apostolicos,
3181 4036 3236 4082 et
3271 4028 3504 4096 prophe-

1923 4127 2064 4182 ticos
2102 4140 2383 4182 sermones
2417 4123 2731 4191 signiﬁcare
2770 4122 3106 4176 censendum
3136 4129 3238 4185 est,
3273 4135 3503 4188 quorum

1925 4218 2028 4275 etsi
2065 4215 2322 4288 praeconii
2351 4215 2570 4268 diversa
2620 4219 2748 4267 sunt
2781 4220 3049 4282 tempora,
3084 4210 3390 4265 concordes
3424 4217 3506 4262 ta-

1927 4325 2074 4372 men,
2109 4325 2174 4362 ac
2206 4308 2366 4378 plane
2399 4305 2610 4360 similes
2644 4304 2862 4376 pictatis
2893 4310 3022 4358 sunt
3055 4303 3220 4373 leges,
3273 4317 3398 4357 cum
3438 4315 3502 4354 ex

1927 4416 2040 4454 uno
2064 4399 2368 4469 eodemque
2414 4398 2614 4468 spiritu
2662 4397 2799 4466 ipsis
2841 4395 3173 4450 charismata
3217 4409 3504 4465 promana-

253 4493 421 4546 ’Δλλά
463 4493 515 4546 τί
549 4496 660 4556 τοῖς
697 4493 976 4556 ἀδυνάτοις
1019 4493 1288 4559 ἐπεξιέναι
1327 4492 1562 4563 τολμᾷν,
1602 4493 1695 4546 καὶ
1726 4492 1817 4561 τῆς

1933 4493 2061 4546 rint.
2120 4491 2226 4547 Sed
2259 4489 2391 4562 quid
2423 4505 2562 4560 opus
2614 4489 2776 4544 nobis
2809 4497 2894 4544 est
2942 4505 3027 4553 ea,
3079 4503 3198 4556 quae
3247 4484 3504 4554 explicari

239 4584 610 4654 ἀωστολικῆς
638 4585 836 4656 ἀρετῆς
865 4584 1099 4651 ἐπαξίως
1126 4584 1412 4654 πειρᾶσθαι
1449 4582 1826 4654 μνημονεύειν;

242 4675 327 4728 υύ
358 4675 491 4746 πρὸς
520 4676 738 4745 Σίμωνα
777 4678 907 4746 ἡμῖν
929 4714 943 4739 ,
974 4676 1062 4728 τὸν
1087 4676 1194 4728 ἀπὸ
1221 4677 1319 4743 τῆς
1358 4675 1542 4736 ἀλείας
1570 4673 1830 4744 γνωριζό-

246 4781 436 4833 μενον,
464 4766 497 4834 ἠ
523 4765 632 4818 τῶν
659 4765 893 4818 ἐπαίνων
921 4764 1214 4834 φιλοτιμία,
1238 4763 1374 4817 ἀλλὰ
1401 4763 1537 4833 πρὸς
1557 4763 1652 4832 τὴν
1686 4763 1830 4815 ὲκεί-

243 4871 350 4908 νου
384 4855 562 4908 πίστιν
586 4855 684 4926 τὴν
713 4855 962 4925 στερεὰν,
991 4855 1084 4908 καὶ
1114 4856 1292 4923 πάσης
1318 4852 1454 4923 ὁμοῦ
1483 4853 1581 4922 τῆς
1612 4852 1834 4922 Ἐκκληο

243 4946 379 5007 σίας
426 4947 487 4999 τὸ
520 4949 818 5018 στήριγμα.
848 4946 982 5000 Οὐδὲ
1013 4945 1173 4998 πάλιν
1207 4947 1342 5015 πρὸς
1391 4944 1515 5006 τοὺς
1555 4944 1704 5006 υἱοὺς
1741 4945 1834 4996 Ζε-

239 5037 470 5092 6εδαίου
521 5038 611 5092 τὸν
648 5039 804 5106 λόγον
849 5037 1046 5108 ἔχομεν
1069 5078 1084 5103 ,
1115 5036 1250 5090 ἀλλὰ
1289 5035 1424 5106 πρὸς
1452 5036 1576 5099 τούς
1603 5037 1833 5106 Βοανερ-

235 5133 396 5201 γεῖς,
426 5131 551 5193 τοὺς
583 5131 1068 5202 ἐρμηνευομένους,
1105 5129 1273 5194 υἱοὺς
1289 5126 1577 5196 βροντῆς.
1613 5129 1722 5181 Ποῦ
1739 5128 1834 5182 νῦν

237 5221 556 5290 φανήσεται
587 5223 620 5290 ἡ
669 5222 976 5292 βραχυτάτη
1011 5220 1103 5274 τοῦ
1145 5220 1306 5288 λόγου
1335 5220 1488 5291 φωνὴ
1517 5259 1530 5283 ,
1567 5220 1836 5288 τοσαύτης

1885 4589 2239 4654 'ncqucunt,
2288 4582 2552 4636 audacter
2599 4580 2895 4650 prosequi,
2949 4586 3111 4648 atque
3149 4576 3278 4631 eniti
3322 4582 3380 4626 ut
3418 4573 3507 4625 di-

1924 4688 2084 4742 gnam
2136 4672 2440 4742 apostolica
2468 4671 2671 4724 virtute
2715 4667 3293 4723 commemorationem
3341 4662 3509 4716 iacia-

1925 4765 2087 4820 mus?
2132 4762 2251 4818 Non
2289 4764 2356 4818 ad
2393 4763 2675 4816 Simonem
2715 4759 3020 4829 piscatione
3067 4765 3255 4809 notum
3293 4761 3509 4810 nostra—

1926 4869 2049 4909 rum
2115 4856 2339 4908 laudum
2411 4853 2595 4908 studia
2644 4851 2955 4920 pertinent;
3007 4845 3102 4902 sed
3167 4846 3232 4900 ad
3301 4846 3509 4900 ﬁrmant

1933 4945 2184 5015 ejusdem
2222 4945 2405 5010 ﬁdem,
2438 4952 2491 4999 et
2519 4943 2689 4996 totius
2721 4941 2884 4996 simul
2918 4938 3176 4994 Ecclesia:
3205 4938 3509 4992 ﬁrmamen-

1933 5046 2072 5091 tum.
2105 5035 2215 5092 Nec
2262 5051 2458 5090 rursus
2509 5033 2756 5090 Zebcdael
2801 5031 2945 5087 ﬁlios
2994 5032 3359 5102 alloquimur;
3415 5029 3509 5084 sed

1935 5126 2267 5196 Boanerges,
2303 5125 2448 5196 quod
2481 5125 2902 5194 interpretatum
2953 5130 3141 5186 sonat,
3179 5119 3398 5175 tom’trui
3447 5119 3511 5186 [i-

1934 5216 2058 5272 lios.
2080 5218 2307 5284 Qualem
2350 5234 2475 5273 nam
2511 5217 2669 5273 exilis
2705 5226 2891 5272 noster
2921 5229 3099 5270 sermo
3137 5227 3333 5267 sonum
3368 5208 3510 5273 edet,

239 5311 355 5367 και
387 5311 715 5382 τηλικαύτης
767 5313 994 5384 βροντῆς
1045 5312 1145 5376 τὰς
1209 5313 1429 5364 πάντων
1462 5311 1631 5374 ἀκοὰς
1674 5328 1834 5379 περι·

239 5403 548 5475 ηχούσης;
577 5404 789 5457 οὐκοῦν
841 5405 974 5458 αὐτὸ
1018 5403 1176 5456 τοῦτο
1213 5403 1370 5473 μόνον
1400 5401 1496 5473 τὴν
1528 5403 1664 5473 πρὸς
1715 5405 1842 5468 τοὺς
1879 5411 1898 5425 ⁵

244 5497 453 5563 ἁγίους
488 5495 903 5566 εὐγνωμοσύνην
924 5495 1319 5565 ἀποπληρῶσαι
1352 5494 1687 5558 σπεύσαντες
1705 5536 1720 5561 ,
1746 5496 1839 5549 ἐπὶ

1935 5309 2065 5363 dum
2116 5311 2221 5366 tale
2271 5319 2596 5380 tantumque
2645 5311 2854 5364 tonitru
2907 5307 3152 5362 omnium
3194 5319 3355 5358 aures
3399 5302 3508 5356 cir-

1935 5404 2261 5458 cumsonat?
2298 5404 2642 5474 Quapropter
2684 5399 3039 5472 quantumvis
3091 5406 3339 5452 nostrum
3382 5409 3507 5462 erga

1936 5505 2153 5552 sanctos
2183 5496 2426 5552 studium
2459 5511 2522 5551 ac
2559 5498 2756 5552 bonam
2795 5501 3039 5550 nostram
3084 5504 3214 5562 erga
3256 5489 3380 5543 illos
3413 5499 3508 5539 vo-

331 5640 375 5671 "
412 5635 432 5690 Ι
464 5639 590 5694 Cor.
623 5655 715 5705 xu,
745 5639 831 5694 ‘26.
941 5640 986 5668 "
1015 5636 1159 5691 Psal.
1185 5653 1334 5703 ιιίιι,
1364 5637 1415 5690 5.
1494 5637 1538 5667 ³³
1567 5635 1671 5692 lsa.
1706 5653 1802 5706 xu,
1833 5638 1884 5692 5.

342 5770 457 5838 (τι)
499 5770 797 5829 Delendum
825 5772 914 5826 hic
942 5772 1155 5829 videtur
1186 5785 1481 5842 pronomen
1512 5784 1634 5840 μου.
