3918 6204
315 334 344 344 ”
402 356 508 412 735
1638 352 1697 410 Β.
1731 351 1862 410 cna

2150 350 2386 412 YSSEM
3561 353 3644 414 Ἰἷ
3653 359 3697 413 6

401 465 661 517 lautatein
715 463 957 534 explere,
1012 479 1077 520 ea
1128 465 1322 521 saltem
1375 464 1586 524 ratione
1636 480 1948 538 magnopen

2146 478 2183 518 ν’
2198 463 2474 519 ἀκίνδυνον
2503 461 2717 535 σιωπὴν
2750 460 3172 534 καταφεύγομεν
3192 498 3211 528 ,
3260 463 3441 517 ἐκεῖνο
3482 463 3693 526 καλῶς

398 568 744 622 cuperemns,
774 555 836 608 ad
863 555 1142 611 silentium
1167 567 1348 614 tamen
1374 557 1600 628 periculi
1625 573 1822 628 expers
1847 573 1945 614 con

2146 556 2280 619 Ξότες
2301 595 2316 620 ,
2343 556 2420 620 ὼς
2462 554 2544 608 ἑνὶ
2589 553 2766 625 τούτῳ
2799 552 2913 624 (22)
2946 555 3066 618 ταῖς
3117 552 3328 624 μνείαις
3355 553 3466 607 τῶν
3490 555 3693 622 ἁγίων

399 642 661 714 fugimus,
695 645 896 714 quippe
925 647 1017 716 qui
1051 648 1258 718 optime
1291 651 1569 712 novimus,
1613 663 1714 703 nos
1743 656 1856 704 tuin
1883 649 1946 704 de

2142 642 2354 694 ιινωνεϊν
2385 639 2707 710 ἀξιούμεθα,
2734 640 2794 694 ὲν
2826 639 2905 712 τῷ
2935 639 3033 704 τὰς
3069 641 3295 694 ἐκείνων
3319 641 3522 712 ἀρετὰς
3580 659 3689 711 μισ

401 750 548 788 mum
591 736 786 805 dignos
820 736 958 800 fore,
1010 739 1103 809 qui
1144 747 1459 796 sanctorum
1509 740 1783 796 memoriae
1827 756 1948 795 corn

2142 729 2298 784 :IoGat
2329 731 2423 784 ml
2451 729 2670 802 ζηλοῦν·
2725 731 2828 785 οὐκ
2880 733 2940 784 ὲν
2969 730 3051 802 τῷ
3087 730 3232 802 λόγῳ
3275 731 3689 804 περιφέροντες

401 827 782 894 municemus,
841 830 886 885 si
937 845 1128 886 eorum
1185 831 1417 888 virtutes
1477 831 1756 888 imitemur
1813 838 1948 901 atqu

2144 822 2256 877 τῶν
2278 823 2368 878 τὸν
2397 821 2530 894 βίον,
2557 822 2672 877 ἀλλ’
2701 823 2758 876 ὲν
2789 825 2856 897 τῇ
2886 821 3079 894 γνώμῃ
3107 822 3459 888 διασώζοντες
3483 825 3691 878 αὐτῶν

401 918 764 988 azmulcmur;
809 937 916 976 non
955 922 1197 991 ipsorum
1230 933 1381 992 gesta
1435 925 1786 980 sermonibus
1829 923 1948 978 celo

2144 934 2168 969 ν
2197 914 2417 987 τρόπον.
2462 913 2758 982 Ἀποδείξει
2808 913 2920 986 γὰρ
2948 915 3096 986 ἡμᾶς
3142 913 3366 968 ἐκείνων
3408 915 3691 984 γνησίους

401 1008 654 1073 brantes,
695 1011 787 1065 scd
823 1027 1011 1067 eorum
1049 1028 1228 1068 mores
1261 1013 1335 1067 ita
1387 1014 1572 1070 animo
1603 1015 1942 1086 complecten

2140 1007 2328 1078 ιθητὰς
2349 1046 2364 1070 ,
2399 1006 2460 1060 οὐ
2503 1005 2758 1077 συνήθεια
2804 1004 2942 1076 μετά
2973 1004 3227 1074 ἁλοῒίας,
3265 1003 3377 1058 ἀλλ’
3412 1003 3687 1057 εὐσέϐεια

404 1107 506 1164 tcs,
539 1110 598 1154 ut
640 1118 736 1158 eos
777 1103 917 1158 elabi
959 1120 1264 1175 nunquam,
1298 1121 1360 1161 ac
1397 1107 1650 1163 excidere
1682 1108 1951 1178 patiamur

2136 1098 2220 1153 ετὰ
2254 1097 2570 1163 εὐλαϐείας,
2606 1099 2700 1152 καὶ
2745 1100 2774 1153 6
2816 1097 2930 1168 βίος
2967 1096 3250 1168 ὀμόδοξος,
3285 1097 3380 1151 καὶ
3408 1097 3437 1149 6
3462 1097 3683 1167 τρόπος

401 1191 513 1248 Nos
547 1193 696 1247 enim
739 1210 902 1249 veros
943 1210 1132 1250 eorum
1175 1196 1484 1269 discipulos
1530 1214 1652 1254 esse
1695 1214 1804 1256 non
1837 1198 1948 1254 (est:

2132 1188 2358 1260 ιὸζηλος.
2399 1191 2577 1261 Τιμᾷς
2627 1188 2919 1261 μαρτύρων
2967 1189 3068 1260 τὴν
3125 1189 3387 1260 μνήμηνς
3432 1188 3679 1258 τίμησαι

405 1281 806 1339 inconsiderate
851 1293 906 1340 et
957 1303 1054 1357 pro
1089 1290 1488 1345 consuetudine
1527 1289 1833 1358 celebrata;
1880 1305 1952 1346 se:

2132 1280 2173 1334 ti.
2214 1280 2311 1352 τὴν
2338 1279 2564 1351 γνώμην
2584 1296 2597 1310 ·
2626 1279 2879 1334 κοινωνία
2927 1278 3036 1351 γὰρ
3076 1279 3175 1349 τῆς
3203 1279 3428 1348 μνήμης
3460 1279 3492 1347 ἡ
3520 1295 3679 1347 συμ-

401 1372 653 1442 religiosa
685 1375 881 1445 pietas,
915 1378 1214 1449 eademque
1239 1380 1454 1436 vivendi
1490 1383 1650 1448 ratio,
1683 1389 1737 1437 et
1761 1397 1948 1437 mornn

2129 1373 2253 1426 ιονία
2285 1373 2384 1447 τῆς
2415 1373 2657 1443 γνώμης.
2691 1372 2784 1440 Μὴ
2813 1369 2921 1442 γὰρ
2957 1371 3186 1434 ἐκείνοις
3214 1369 3394 1442 μόνοις
3422 1369 3676 1437 ἐπέλαμ-

407 1464 709 1518 similitudo
744 1466 1163 1525 demonstrabit.
1200 1471 1488 1528 Veneraris
1528 1480 1829 1544 martyrum
1862 1487 1954 1526 me

2130 1483 2176 1520 εν
2198 1468 2227 1520 6
2249 1465 2525 1536 φωτισμδς
2557 1467 2656 1536 τῆς
2685 1463 2937 1534 γνώσεως
2963 1463 3060 1534 τῆς
3091 1463 3248 1533 δόξης
3285 1461 3380 1516 τοῦ
3417 1462 3677 1529 Εὑαγγε-

402 1557 622 1619 morias,
658 1559 975 1615 eorumdem
1018 1577 1238 1632 quoque
1285 1564 1624 1632 propositum
1662 1579 1925 1618 venerare

2127 1560 2191 1611 ἴου
2219 1554 2310 1610 τοῦ
2341 1554 2614 1627 Χριστοῦς
2652 1554 2726 1625 μὴ
2769 1553 2878 1625 γὰρ
2927 1553 3152 1617 ἐκείνοις
3205 1552 3385 1622 μόνοις
3431 1553 3463 1621 ἡ
3501 1552 3674 1620 χάρις

401 1653 533 1698 tunc
587 1663 822 1718 namque
861 1657 1179 1705 sanctorum
1236 1652 1513 1708 memoriis
1558 1667 1686 1708 vere
1725 1667 1941 1707 comma

2125 1651 2453 1722 Ξαπεστὰλη;
2482 1651 2547 1704 Δί
2573 1648 2780 1704 ἐντολαὶ
2812 1648 2990 1702 κοιναίΙ
3009 1690 3023 1710 .
3053 1649 3082 1701 6
3107 1645 3302 1716 τρόπος
3335 1644 3550 1707 κοινὸς,
3579 1639 3672 1706 εἷς

403 1737 671 1801 nicamus,
701 1754 825 1792 cum
870 1754 1060 1794 eorum
1099 1742 1224 1795 vitae
1255 1742 1502 1797 instituta
1529 1752 1824 1798 sectamur.
1859 1741 1950 1796 Nm

2131 1743 2238 1798 τῶν
2286 1743 2461 1796 πόνων
2493 1739 2835 1810 ἀγωνοθέτης
2856 1779 2871 1803 ,
2922 1738 2982 1793 ἓν
3009 1738 3069 1792 τὺ
3097 1736 3346 1809 βραϐεῖον
3383 1737 3480 1807 τῆς
3527 1735 3638 1803 ἀλη
3657 1767 3669 1779 ο

401 1827 545 1881 cnim
572 1829 682 1883 illis
711 1831 844 1885 solis
877 1831 1202 1888 illuminatio
1236 1835 1478 1889 scicntia:
1501 1835 1773 1891 claritatis
1800 1834 1946 1890 Evan

2119 1834 2264 1900 είας,
2303 1827 2364 1887 οὗ
2390 1807 2596 1901 γένοιτο
2629 1807 2839 1895 πάντας
2881 1831 3030 1902 ἡμᾶς
3074 1807 3365 1899 ἀξιωθῆναι
3393 1870 3410 1891 ,
3473 1829 3666 1896 εὐχαῖς

403 1917 524 1986 gelii
552 1915 681 1973 Jcsu
722 1919 925 1976 Christi
960 1922 1174 1977 refulsit
1194 1923 1262 1977 “.
1302 1923 1421 1978 Non
1456 1925 1563 1981 illis
1593 1927 1950 1980 tantummodi

2113 1925 2176 1978 al.
2205 1923 2523 1996 πρεσϐείαις
2570 1924 2680 1977 τῶν
2720 1921 3194 1995 μνημονευθέντων
3222 1921 3392 1989 ἁγίων
3417 1960 3435 1984 ,
3473 1921 3660 1990 χάριτι

402 2009 629 2076 gratiam
693 2011 919 2080 largitus
973 2023 1057 2068 est
1105 2012 1246 2072 Deus
1287 2034 1300 2071 :
1340 2025 1612 2088 pracepta
1659 2017 1949 2072 communi:

2111 2016 2172 2070 οὗ
2203 2017 2407 2087 Κυρίου
2440 2016 2596 2086 ἡμῶν
2636 2013 2810 2086 ’ῐησοῦ
2843 2011 3078 2085 Χριστοῦ
3102 2052 3118 2077 ,
3141 2006 3186 2081 ᾧ
3213 2014 3246 2081 ἡ
3275 2012 3403 2078 δόξα
3452 2010 3547 2064 καὶ
3591 2010 3657 2062 τὸ

403 2106 552 2162 sunt,
608 2103 920 2158 communis
968 2119 1188 2176 quoque
1229 2107 1314 2163 lex
1361 2123 1612 2175 morum;
1672 2125 1815 2164 unus
1867 2115 1950 2163 est

1867 2115 1970 2173 est,
2081 2107 2279 2178 κράτος
2311 2107 2390 2172 εἰς
2416 2107 2540 2169 τοὺς
2566 2105 2769 2169 αίῶνας
2792 2103 2900 2160 τῶν
2934 2104 3166 2183 αιὼνων.
3211 2103 3403 2187 Ἄρην.

402 2189 496 2257 qui
563 2192 900 2247 certantibus
964 2194 1212 2251 laborum
1261 2199 1482 2268 prazmia
1525 2199 1828 2266 distribuit,
1871 2214 2037 2252 unum
2077 2198 2325 2252 veritatis
2368 2197 2676 2266 prannium,
2720 2194 2882 2265 cujus
2917 2195 3051 2251 faxit
3090 2194 3254 2260 Dens.
3297 2203 3354 2251 ut
3394 2209 3501 2250 nos
3536 2209 3658 2248 om-

403 2294 502 2333 nes
541 2279 688 2347 digni
737 2281 1058 2350 eﬂiciamur,
1093 2287 1351 2356 precibus
1414 2300 1467 2344 et
1515 2290 2010 2346 intercessionibus
2085 2297 2427 2352 sanctorum,
2496 2302 2732 2358 quorum
2794 2287 3111 2342 memoriam
3171 2287 3546 2354 celebramus,
3601 2294 3659 2341 et

402 2372 574 2442 gratia
625 2372 838 2427 Domini
890 2377 1065 2432 nostri
1099 2377 1230 2435 Jesu
1283 2378 1512 2446 Christi,
1564 2382 1654 2437 cui
1699 2382 1872 2453 gloria
1918 2389 1972 2437 et
2008 2381 2253 2452 potentia
2291 2380 2347 2435 in
2387 2379 2591 2436 saecula
2623 2379 2973 2436 seculorum.
3015 2379 3212 2434 Amen.

472 2549 519 2581 “
549 2549 588 2602 ll
619 2551 744 2604 Cor.
772 2567 844 2616 Iv,
870 2552 926 2616 4,
959 2551 1012 2608 6.

475 2705 587 2775 (29)
627 2703 683 2759 lu
730 2706 834 2760 alia
877 2707 1038 2777 hujus
1085 2708 1352 2763 orationis
1384 2708 1640 2773 editione,
1673 2724 1796 2778 quae
1848 2709 2078 2763 habetur
2109 2708 2162 2763 in
2203 2707 2311 2764 nne
2342 2707 2592 2764 Vaticani
2639 2708 2850 2764 codicis
2883 2685 3100 2778 legitur,
3161 2706 3238 2772 ὡς
3283 2707 3366 2760 ἑνὶ
3425 2705 3652 2758 τούτων.

539 2899 834 2911 Ἥ

419 2895 2242 2929 W

1678 3057 1906 3143 ΤΟΥ
2003 3058 2378 3145 ΑΥΤΟΥ

1840 3237 2205 3293 ΕΓΚΩΜΙΟΝ

581 3405 820 3517 ΕΙΣ
885 3402 1185 3518 TON
1262 3406 1789 3522 ΜΕΓΑΝ
1846 3409 2544 3539 ΜΑΡΤΥΡΑ
2619 3407 3469 3526 ΘΕΟΔΩΡΟΝ.

1729 3793 2359 3886 EJUSDEM

1652 3981 1916 4042 ORATIO
1959 3985 2396 4044 LAUDATORIA

487 4164 1014 4282 SANCTI
1087 4162 1261 4282 AC
1367 4164 1820 4284 MAGNI
1929 4168 2686 4284 MARTYRIS
2789 4165 3553 4290 THEODORI-

1685 4389 1872 4440 Eodem
1896 4389 2061 4444 Silano
2086 4387 2384 4454 interprete.

805 2901 3637 2930 m—W
1211 2918 1220 2928 .
1233 2918 1285 2928 __
1298 2917 3282 2930 _________________..._._____.____

480 4678 606 4744 Vos,
666 4679 763 4749 Qui
792 4677 1027 4748 populus
1058 4675 1291 4745 Christi,
1343 4679 1439 4750 qui
1478 4696 1608 4752 grex
1643 4689 1867 4739 sanctus
1915 4690 2027 4747 act

2162 4685 2352 4757 Ὑμεῖς
2395 4687 2424 4741 6
2459 4683 2554 4740 τοῦ
2597 4687 2835 4759 Χριστοῦ
2873 4688 3019 4753 λαὸς,
3069 4689 3102 4760 ἡ
3153 4689 3283 4758 ἁγία
3324 4689 3567 4760 ποίμνη,
3599 4690 3665 4743 τὸ

405 4779 584 4841 regale
611 4770 746 4826 estis
766 4769 1157 4837 sacerdotium,
1187 4771 1280 4840 qui
1313 4773 1553 4843 undique
1575 4782 1630 4829 et
1659 4789 1727 4830 ex
1748 4773 1952 4830 urbibu;

2114 4776 2352 4830 ιασίλειον
2385 4777 2682 4848 ἱεράτευμα
2705 4817 2722 4842 ,
2747 4779 2799 4831 οἱ
2829 4777 3161 4848 πανταχόθεν
3200 4777 3411 4831 ἀστικοί
3458 4795 3518 4830 τε
3563 4778 3661 4830 καὶ

403 4869 458 4914 ct
485 4875 551 4914 ex
583 4863 731 4930 agris
753 4863 1072 4918 catervatim
1106 4861 1474 4929 conﬂuxistis,
1510 4865 1656 4920 unde
1691 4863 1847 4934 signo
1885 4865 1946 4921 iti

2112 4868 2362 4936 ;ωριτικοὶ
2412 4868 2807 4939 συρρεύσαντες
2864 4867 3056 4939 δῆμοι,
3093 4866 3256 4920 πόθεν
3297 4866 3557 4930 λαόόντες
3598 4865 3659 4920 τὸ

407 4951 554 5006 ueris
584 4960 807 5023 accepto
834 4953 898 5008 ad
934 4953 1080 5009 hunc
1114 4968 1332 5009 sacrum
1351 4956 1531 5010 locum
1560 4955 1824 5012 venistis?
1845 4954 1954 5023 Qui:

2107 4957 2248 5030 ῖύνθη
2257 4976 2332 5028 μα
2357 4960 2455 5030 τῆς
2479 4959 2620 5024 ὁδοῦ,
2636 4960 2771 5031 πρὸς
2796 4959 2887 5012 τὸν
2916 4960 3058 5030 ἱερὸν
3080 4959 3264 5013 τοῦτον
3291 4959 3654 5028 ὲδημαγωγή-

405 5044 560 5100 vobis
584 5044 690 5100 huc
719 5045 969 5102 veniendi
1003 5046 1140 5102 adeo
1165 5048 1364 5104 seriam
1399 5063 1466 5103 ac
1493 5049 1653 5119 quasi
1706 5051 1948 5120 praestitu

2102 5050 2209 5120 Ιητε
2236 5051 2430 5117 τόπον;
2455 5051 2552 5114 Τίς
2583 5052 2712 5121 ὑμῖν
2740 5051 2837 5121 τῆς
2865 5049 3051 5106 ἐνθάδε
3081 5050 3370 5104 σπουδαίαν
3395 5048 3545 5103 οὕτω
3565 5049 3649 5102 καὶ

405 5145 515 5190 tam
551 5136 934 5193 necessitatem
965 5137 1266 5208 imposuit?
1315 5139 1538 5210 Hocque
1565 5147 1808 5212 tempore
1861 5141 1952 5198 bie

2097 5139 2462 5212 ιμπρόθεσμον
2522 5141 2766 5212 ἀνάγκην
2820 5141 3124 5214 ὲπὲθηκενς
3168 5142 3263 5196 καὶ
3309 5139 3488 5194 ταῦτα
3537 5138 3644 5210 ὥρᾳ

407 5227 533 5293 mis,
567 5243 678 5298 quo
710 5234 764 5283 et
791 5242 822 5282 a
852 5228 993 5284 bello
1025 5229 1182 5299 quies
1207 5237 1313 5296 est,
1343 5239 1398 5286 et
1451 5231 1610 5287 miles
1639 5243 1954 5288 armaturan

2093 5232 2373 5304 [ειμῶνος,
2405 5233 2568 5304 ἡνίκα
2597 5233 2688 5287 καὶ
2721 5233 2954 5304 πόλεμος
2998 5235 3232 5306 ἠρεμεῖ,
3262 5233 3358 5288 καὶ
3389 5227 3640 5302 στρατιώ-

405 5325 641 5384 amovet,
669 5325 726 5376 et
741 5327 902 5375 nauta
929 5321 1360 5391 gubernaculum
1379 5337 1544 5393 supra
1569 5322 1778 5378 fumum
1805 5324 1952 5394 ponit

2095 5341 2178 5394 της
2211 5325 2310 5397 τὴν
2337 5325 2634 5380 πανοπλίαν
2660 5324 3114 5390 ἀποσκευάζεται,
3144 5324 3238 5377 καὶ
3265 5322 3492 5394 πλωτὴρ
3516 5319 3642 5387 ὑπὲρ

404 5419 460 5465 et
486 5412 722 5481 agricola
752 5421 994 5471 aratores
1020 5413 1187 5471 boves
1209 5415 1264 5470 in
1293 5415 1562 5488 praesepio
1587 5431 1794 5474 curans
1821 5416 1951 5487 quie

2094 5415 2288 5472 καπνοῦ
2331 5415 2510 5488 τίθησι
2539 5416 2599 5470 τὸ
2635 5416 2891 5486 πηδάλιον
2913 5458 2928 5482 ,
2972 5415 3068 5468 καὶ
3117 5414 3362 5486 γεωγρδς
3389 5409 3641 5484 ἡσυχάζει

405 5501 549 5555 scit?
578 5504 662 5557 An
698 5505 874 5574 palam
900 5512 1002 5570 est,
1033 5503 1179 5575 quod
1211 5513 1436 5564 sanctus
1465 5514 1673 5577 martyr
1714 5523 1782 5564 ex
1832 5505 1944 5562 mili

2097 5507 2203 5569 τοὺς
2229 5505 2503 5578 ἀροτῆρας
2536 5505 2662 5576 βοῦς
2689 5505 3002 5576 θεραπεύων
3041 5504 3136 5556 ἐπὶ
3163 5505 3260 5573 τῆς
3297 5502 3541 5572 φάτνηςς
3574 5495 3644 5548 Ἦ

408 5591 619 5647 taribus
643 5595 926 5652 ordinibus
949 5595 1077 5651 tuba
1100 5595 1318 5661 cecinit,
1341 5605 1396 5653 et
1432 5597 1632 5652 multos
1653 5611 1718 5652 ex
1747 5597 1955 5652 diversi:

2099 5597 2381 5668 τρόδηλον,
2417 5596 2491 5658 ὡς
2524 5596 2780 5650 ἐσάλπισε
2828 5595 2926 5666 μὲν
2974 5595 3038 5648 ἐκ
3079 5594 3188 5647 τῶν
3245 5586 3646 5664 στρατιωτικῶν

405 5683 718 5752 regionibus
741 5689 1006 5744 excitatos
1029 5689 1092 5742 ad
1121 5705 1233 5744 sua:
1271 5689 1528 5760 requietis
1573 5689 1752 5742 locum
1784 5703 1847 5744 ac
1885 5703 1952 5744 scr

2101 5688 2394 5756 ιαταλὸγων
2439 5689 2467 5740 6
2507 5686 2658 5755 ἅγιος
2693 5687 2932 5758 μάρτυς*
2969 5685 3191 5756 κινήσας
3221 5683 3275 5736 δὲ
3326 5681 3551 5742 πολλοὺς
3585 5679 3648 5730 ὲκ

409 5773 533 5836 dem
562 5777 795 5842 vocavit,
818 5794 925 5832 non
949 5781 1013 5834 ad
1041 5779 1293 5836 bellicum
1329 5783 1604 5837 instruens
1626 5789 1946 5850 apparatum

2117 5779 2352 5851 ιαφόρων
2378 5778 2646 5849 πατρίδων
2683 5777 2817 5849 πρὸς
2844 5776 2939 5848 τὴν
2970 5775 3174 5830 οἰκείαν
3201 5775 3507 5829 ἀνάπαυσιν
3560 5769 3659 5824 καὶ
