3918 6204
154 94 264 152 737

1283 87 1373 144 DE
1401 85 1460 144 S.
1489 81 1864 144 THEODORO
1899 82 2264 142 MARTYRE.

3310 92 3418 155 758

151 213 342 267 ἐπίαν
371 207 662 276 ἐκάλεσεν,
690 208 791 263 ούκ
835 210 917 272 είς
949 207 1250 280 πολεμικὴν
1271 205 1604 278 εὐτρεπίζων
1630 221 1734 260 πα-

1851 204 1929 260 sed
1953 204 2020 259 ad
2045 203 2263 260 dulcem
2309 215 2374 256 ac
2409 203 2646 259 maxime
2696 202 3040 260 Christianos
3091 205 3279 277 utique
3325 207 3424 262 de-

153 301 450 374 ρασκευὴν,
495 299 631 354 ἀλλά
680 299 816 370 πρὸς
847 302 945 369 τὴν
989 299 1245 368 γλυκεῖαν
1276 299 1372 351 καὶ
1413 297 1646 367 μάλιστα
1674 295 1738 368 δὴ

151 394 493 463 Χριπιανιοῖς
524 391 838 462 πρέπουσαν
864 391 1111 459 συνάγων
1142 391 1365 461 εἰρήνην
1382 405 1398 455 ;
1416 380 1585 451 Οὗτος
1606 386 1736 457 γὰρ,

149 483 228 546 ὼς
253 480 585 552 πιστεύομεν
607 519 622 544 ,
657 480 753 533 καὶ
801 477 898 532 τοῦ
955 479 1314 550 παρελθόντος
1354 477 1602 531 ἐνιαυτοῦ
1640 475 1740 547 τὴν

151 571 499 644 βαρϐαρικὴν
531 571 702 642 ζάλην
731 571 979 642 ἐκοίμισε
1003 609 1019 634 ,
1063 571 1158 624 καὶ
1196 571 1288 625 τὸν
1336 570 1584 642 φρικώδη
1627 568 1739 624 τῶν

147 667 367 738 ἀγρίων
396 662 615 718 Σκυθῶν
640 662 834 732 ἔστησε
861 662 1301 730 πόλεμον,δεινδν
1327 663 1508 726 αὐτοῖς
1535 661 1742 716 ἐπισεί-

149 776 254 823 σας
293 759 390 810 καὶ
432 754 660 826 φοϐερὸν
707 755 810 825 ήδη
845 754 1197 824 βλεπομένοις
1225 754 1322 808 καὶ
1354 753 1738 824 πλησιάσασιν,

146 851 210 904 οὐ
240 850 444 920 κράνος
466 845 747 918 τρίλοφον,
779 845 900 898 οὐδὲ
945 843 1097 912 ξίφος
1143 839 1202 898 εὖ
1237 843 1597 914 τεθηγμένον,
1646 842 1740 896 καὶ

150 940 288 1012 πρὸς
313 939 407 992 τὸν
440 938 589 1008 ἣλιον
618 935 942 989 ἀποστίλϐον
963 973 978 997 ,
1009 934 1146 988 ἀλλὰ
1180 935 1270 987 τὸν
1295 935 1618 1001 ἀλεξίκακον
1646 933 1740 988 καὶ

150 1029 564 1098 παντοδύναμον
597 1026 830 1098 σταυρὸν
859 1024 952 1078 τοῦ
984 1024 1242 1096 Χριστοῦ,
1268 1024 1410 1096 ὑπὲρ
1436 1018 1496 1079 οὗ
1526 1025 1620 1078 καὶ
1648 1024 1741 1077 αὑ-

149 1123 240 1185 τὸς
267 1120 475 1185 παθὼν,
505 1119 604 1191 τὴν
633 1118 792 1182 δόξαν
821 1116 1024 1187 ταύτην
1051 1118 1339 1188 ἐκτήσατο.
1381 1117 1490 1170 Καί
1524 1135 1614 1188 μοι
1637 1118 1740 1172 λοι-

149 1214 254 1266 πον
286 1212 380 1265 τὸν
407 1209 534 1264 νοῦν
574 1211 966 1280 ἐπιστήσαντες
989 1209 1351 1279 διασκίψασθε
1376 1250 1392 1275 ,
1423 1213 1473 1265 of
1508 1212 1607 1282 τῆς
1635 1229 1738 1267 κα-

149 1303 325 1373 θαρᾶς
342 1301 549 1370 ταύτης
577 1298 874 1372 θρησκείας
900 1300 1169 1370 ὑπηρέται
1195 1302 1288 1354 καὶ
1315 1301 1735 1374 φιλομάρτυρές,

146 1395 338 1464 ήλίκον
366 1394 558 1464 χρῆμα
583 1392 822 1456 δίκαιος,
855 1392 951 1446 καὶ
988 1393 1128 1447 ὅσων
1161 1393 1406 1460 ἀξιοῦται
1439 1395 1546 1448 τῶν
1580 1397 1734 1466 ἀμοιι

151 1485 272 1536 ϐῶν
299 1483 451 1551 (τῶν
489 1482 799 1553 ἐγκοσμίων
834 1498 914 1547 τε,
943 1481 1106 1551 λέγω,
1135 1485 1229 1538 καὶ
1255 1484 1364 1537 τῶν
1395 1487 1525 1557 παρ’
1565 1488 1697 1557 ἡμῖν
1719 1503 1734 1518 ·

1847 305 2058 352 centem
2102 309 2291 365 pacem
2334 295 2581 365 cogens?
2611 295 2718 350 liic
2773 297 2942 361 enim,
2997 304 3059 351 ut
3119 298 3421 363 credimus,

1845 388 2008 444 etiam
2040 401 2187 441 anno
2229 386 2504 456 praeterito
2529 387 2872 443 barbaricam
2912 398 3287 460 tempestatem
3336 405 3426 446 se-

1845 479 2086 544 davit,et
2109 477 2442 534 horrendum
2459 478 2701 534 ferorum
2729 487 2785 534 et
2823 481 3137 536 immanium
3187 481 3422 553 Scytha-

1845 587 1967 626 rum
2022 571 2227 626 bellum
2289 570 2526 626 inhibuit
2563 580 2730 642 atque
2780 574 3062 641 repressit,
3122 575 3421 631 terribilem

1845 673 2012 734 atque
2046 662 2445 718 formidabilem
2513 662 2621 718 illis
2675 663 2788 732 jam
2826 663 2962 719 visis
3015 673 3068 719 et
3125 666 3422 736 appropin-

1846 753 2144 824 quantibus
2172 751 2472 809 obvibrans
2505 767 2612 806 non
2663 754 2872 823 galeam
2915 753 3078 807 trinis
3116 755 3303 810 cristis
3369 763 3424 810 ct

1845 846 2002 902 conis
2030 843 2322 910 insignem,
2361 857 2539 912 neque
2569 842 2808 913 gladium
2839 843 2975 898 bene
3003 852 3222 899 acutum
3254 852 3309 899 et
3355 846 3421 898 ad
3525 878 3530 884 ι

1845 937 2016 991 solem
2046 934 2510 1004 resplendentem,
2541 935 2635 988 sed
2673 935 2942 988 malorum
2968 935 3422 1007 propulsatricem

1844 1037 1898 1084 et
1925 1028 2357 1096 omnipotentem
2388 1040 2608 1080 crucem
2639 1025 2865 1088 Christi.
2896 1043 2996 1098 pro
3043 1043 3149 1097 qua
3195 1039 3249 1082 et
3311 1033 3427 1096 ipse

1847 1127 2076 1172 mortem
2143 1132 2440 1186 perpessus
2495 1117 2635 1171 hanc
2688 1117 2918 1186 gloriam
2969 1119 3280 1188 acquisivit.
3346 1121 3426 1171 Ac

1845 1209 1978 1264 mihi
2000 1209 2261 1279 deinceps
2293 1209 2537 1262 animum
2569 1209 2914 1264 attendentes
2946 1210 3424 1280 considerate,qui

1845 1300 2012 1370 hujus
2042 1300 2168 1370 puri
2229 1299 2412 1355 cultus
2443 1299 2678 1354 ministri
2715 1314 2780 1354 ac
2825 1307 3132 1370 martyrum
3192 1301 3425 1355 studiosi

1845 1392 2002 1454 estis,
2036 1401 2238 1463 quanta
2277 1407 2364 1446 res
2393 1391 2466 1445 sit
2488 1391 2692 1459 justus,
2725 1406 3001 1462 quamque
3051 1391 3251 1446 multas
3291 1407 3423 1446 con-

1847 1491 2107 1554 sequatur
2143 1483 2613 1537 remunerationes
2658 1481 2748 1551 (de
2789 1483 2858 1537 iis
2889 1484 3082 1553 loquor
3105 1497 3426 1538 remunera-

144 1575 262 1627 τῶν
289 1573 402 1644 γάρ
433 1573 682 1642 ἀοράτων
720 1574 895 1638 οὐδεὶς
952 1575 1133 1638 ίκανὺς
1167 1575 1481 1644 λογίσασθαι
1520 1578 1619 1648 τὴν
1650 1595 1746 1649 με-

1851 1576 2110 1638 tionibus,
2140 1589 2263 1644 qua:
2295 1574 2350 1627 in
2376 1573 2603 1637 mundo,
2632 1580 2686 1627 et
2714 1573 2856 1642 apud
2909 1589 3010 1628 nos
3055 1581 3420 1643 prmstantur:

143 1662 595 1735 γαλοπρέπειαν)
623 1679 637 1693 ·
674 1663 770 1717 καὶ
811 1663 1142 1735 διορίσαντες
1181 1665 1272 1718 τὸν
1313 1666 1414 1736 τῆς
1461 1667 1740 1732 εὐσεϐείας

144 1756 392 1827 καρπὸν,
417 1754 694 1824 ζηλώσατε
719 1755 828 1807 τῶν
857 1753 1002 1808 οὕτω
1030 1755 1459 1826 προτιμωμένων
1481 1757 1580 1828 τὴν
1603 1759 1744 1826 γνὼ-

149 1866 292 1918 μην.
335 1847 738 1919 Ἐπιθυμήσατε
786 1845 843 1900 δὲ
879 1845 989 1900 τῶν
1033 1846 1210 1916 γερῶν
1244 1846 1281 1900 ἃ
1325 1848 1555 1918 Χριστὸς
1606 1848 1743 1920 πρὸς

147 1939 318 2004 ἀξίαν
336 1938 576 2008 διανέμει
595 1940 707 2001 τοῖς
737 1937 1017 2007 ἀθληταῖς.
1053 1938 1161 1990 Καὶ
1179 1938 1338 2003 τέως,
1372 1939 1420 1991 εί
1443 1938 1609 2006 δοκεῖ,
1641 1940 1743 2010 τῆς

145 2029 510 2092 ἀπολαύσεως
531 2028 641 2082 τῶν
662 2027 962 2099 μελλόντων
989 2027 1210 2096 ἀγαθῶν
1246 2029 1612 2101 σχολαζούσης
1629 2070 1644 2095 ,
1677 2031 1744 2102 ἢν

146 2123 315 2186 ἐλπὶς
353 2122 532 2193 ἀγαθή
579 2120 904 2191 ταμιεύεται
949 2123 1064 2184 τοῖς
1114 2121 1382 2190 δικαίοις,
1422 2123 1582 2193 ήνίκα
1614 2124 1682 2176 ἀν
1715 2124 1745 2175 ό

146 2213 267 2265 τῶν
302 2210 592 2282 ἡμετέρων
634 2210 762 2281 βίων
789 2209 1048 2281 δικαστὴς
1078 2211 1404 2283 ἐπιφοιτήσῃ
1429 2251 1444 2276 ,
1475 2213 1573 2284 τὴν
1602 2229 1744 2275 παρ-

148 2303 323 2357 οῦσαν
365 2303 564 2374 ἴδωμεν
586 2303 694 2356 τῶν
721 2302 892 2371 ἁγίων
917 2303 1269 2366 κατάστασιν,
1303 2304 1452 2367 ὅπως
1483 2303 1744 2374 καλλίστη

152 2394 273 2445 ἐστὶ
307 2392 411 2444 καὶ
469 2390 906 2460 μεγαλοπρεπής.
931 2389 1094 2459 Ψυχὴ
1148 2390 1246 2460 μὲν
1301 2391 1405 2461 γὰρ
1449 2390 1746 2444 ἀνελθοῦσα

155 2483 289 2554 περὶ
324 2483 424 2534 τὸν
479 2481 608 2534 ῑδιον
647 2480 846 2553 κλῆρον
879 2481 1246 2553 ἐμφιλοχωρεῖ
1269 2523 1286 2548 ,
1321 2483 1416 2536 καὶ
1440 2483 1746 2552 ἀσωμάτως

155 2578 268 2638 τοῖς
295 2574 508 2646 ὁμοίοις
566 2573 964 2626 συνδιαιτᾶταιο
998 2573 1158 2644 σῶμα
1191 2573 1248 2627 δὲ
1301 2574 1363 2642 τὸ
1406 2575 1602 2645 σεμνὸν
1651 2575 1746 2627 κα)⁸

155 2665 493 2737 ἀκηλίδωτον
515 2664 730 2736 ἐκείνης
755 2665 986 2736 ὄργανον
1005 2705 1020 2728 ,
1053 2665 1289 2736 οὐδαμοῦ
1313 2668 1424 2728 τοῖς
1458 2666 1608 2729 ίδίοις
1640 2665 1746 2718 πά-

159 2757 277 2808 θεσι
320 2753 532 2826 βλάψαν
563 2755 663 2824 τῆς
697 2755 1058 2826 ἐνοικησάσης
1091 2755 1190 2826 τὴν
1225 2755 1565 2828 ἀφθαρσίαν,
1605 2756 1745 2827 μετά

158 2847 365 2917 πολλῆς
403 2846 573 2917 τιμῆς
617 2847 714 2901 καὶ
754 2846 1047 2919 θεραπείας
1075 2849 1416 2918 περισταλέν,
1443 2850 1656 2919 σεμνῶς
1685 2850 1744 2904 ὲν

1845 1681 1970 1722 nam
2005 1681 2216 1730 earum,
2260 1681 2382 1735 qua:
2433 1666 2612 1719 visum
2663 1663 2955 1733 effugiunt,
3007 1665 3427 1735 magnificentiae

1845 1773 2005 1815 nemo
2035 1758 2170 1814 satis
2202 1756 2433 1812 idoneus
2467 1755 2771 1810 :estimator
2792 1765 2921 1824 est),
2957 1764 3012 1810 et
3032 1756 3254 1825 cognito
3307 1757 3426 1824 pie-

1845 1853 1974 1908 tatis
2009 1852 2213 1913 fructu,
2245 1848 2542 1904 imitamini
2589 1847 2910 1911 consilium,
2967 1858 3022 1901 et
3065 1849 3302 1917 aspirate
3353 1847 3424 1902 ad

1843 1945 2089 1998 animum
2123 1951 2179 1998 et
2209 1941 2550 1996 voluntatem
2585 1954 2802 2003 eorum,
2837 1940 2932 2009 qui
2959 1940 3034 1994 ita
3060 1955 3170 2010 prae
3212 1939 3428 1997 castoris

1845 2035 2212 2095 honorantur,
2244 2041 2409 2102 atque
2435 2031 2816 2100 concupiscite
2843 2038 2898 2085 et
2923 2029 3176 2086 affectate
3208 2046 3271 2086 ea
3290 2046 3429 2102 prm—

1844 2131 1974 2190 mia,
2009 2146 2132 2199 qua:
2171 2127 2429 2182 Christus
2490 2125 2715 2180 athletis
2746 2139 2848 2194 pro
2901 2125 3102 2179 merito
3158 2125 3430 2194 cujusque

1843 2221 2148 2278 distribuit.
2181 2222 2357 2290 Atque
2391 2220 2446 2272 in
2480 2216 2770 2286 prasentia
2820 2216 2866 2270 si
2917 2216 3114 2285 placet,
3176 2224 3430 2271 cessante

1849 2311 2163 2366 futurorum
2191 2310 2460 2364 bonorum
2494 2306 2698 2373 fructu,
2731 2321 2892 2376 quem
2930 2307 3072 2360 bona
3104 2321 3231 2376 spes
3259 2306 3430 2375 justis

1844 2402 1900 2456 in
1931 2401 2066 2455 illud
2099 2399 2277 2470 rejicit
2307 2406 2553 2468 tempus,
2583 2412 2694 2466 quo
2747 2411 2931 2451 rerum
2968 2397 3025 2451 in
3059 2398 3169 2451 vita
3234 2407 3426 2452 nostra

1845 2500 2090 2548 actarum
2127 2491 2296 2560 judex
2357 2487 2673 2543 advenerit:
2735 2497 3058 2558 praesentem
3108 2497 3426 2544 sanctorum

1844 2587 2046 2636 statum
2105 2578 2485 2649 inspiciamus,
2536 2591 2699 2647 quam
2742 2576 3038 2646 praeclarus
3076 2577 3429 2648 magnificus-

1843 2686 1952 2741 que
1985 2670 2076 2726 sit.
2107 2668 2242 2723 Nam
2275 2668 2455 2722 anima
2485 2667 2706 2737 quidem
2743 2682 2811 2721 ex
2837 2681 2949 2736 quo
2974 2667 3230 2722 sublimis
3269 2669 3427 2733 abiit,

1844 2763 1898 2816 in
1939 2774 2042 2817 suo
2067 2763 2188 2816 loco
2216 2759 2544 2830 acquiescit,
2578 2766 2634 2813 et
2661 2773 2892 2827 corpore
2947 2760 3128 2813 soluta
3183 2774 3308 2813 cum
3342 2762 3428 2815 sui

1844 2850 2118 2906 similibus
2162 2865 2268 2904 una
2297 2849 2465 2914 vivit;
2525 2863 2728 2918 corpus
2774 2863 2907 2901 vero
2952 2849 3322 2903 venerandum
3374 2858 3432 2904 ct

162 2942 291 3014 ίερῴ
338 2942 492 3012 τόπῳ
521 2941 865 3009 κατάκειται,
896 2941 1086 3013 ὥσπερ
1125 2958 1178 2996 τι
1211 2941 1491 3013 κειμήλιον
1524 2942 1744 2997 πολυτί-

1851 2943 2256 2997 immaculatum
2289 2941 2439 2996 illius
2465 2941 2916 3002 instrumentum,
2949 2939 3094 3009 quod
3132 2941 3250 2996 suis
3282 2942 3434 2998 vitiis

165 3050 335 3105 μητον
367 3033 446 3104 τῷ
473 3033 650 3105 καιρῷ
671 3034 767 3105 τῆς
789 3033 1206 3103 παλιγγενεσίας
1231 3033 1585 3105 τηρούμενον,
1611 3035 1745 3090 πολὺ

164 3129 219 3179 τὸ
257 3125 597 3198 ἀσύγκριτον
625 3126 747 3197 ἔχον
779 3127 914 3197 πρὸς
953 3127 1022 3180 τὰ
1056 3127 1194 3182 ἀλλα
1231 3127 1339 3181 τῶν
1369 3127 1637 3197 σωμάτων
1667 3165 1684 3190 ,
1711 3127 1749 3182 ἀ

374 3220 470 3273 καὶ
497 3217 576 3288 τῷ
607 3219 823 3289 τυχόντι
846 3217 1062 3290 διελύθη
1101 3217 1346 3290 θανάτῳ,
1377 3219 1471 3283 καὶ
1497 3217 1668 3273 ταῦτα
1691 3221 1749 3272 ἐν

167 3313 326 3381 ὁμοία
365 3310 468 3382 ῦλῃ
499 3309 600 3378 τῆς
635 3309 867 3379 φύσεως.
899 3308 980 3363 Τά
1012 3311 1109 3380 μὲν
1137 3308 1247 3381 γάρ
1272 3310 1406 3363 ἀλλα
1433 3309 1540 3364 τῶν
1565 3309 1752 3380 λειψά-

170 3420 293 3465 νων,
317 3401 413 3454 καὶ
436 3400 700 3472 βδελυκτά
719 3403 831 3464 τοῖς
864 3399 1076 3463 πολλοῖς
1103 3401 1238 3465 ἐστι,
1261 3400 1353 3453 καὶ
1382 3400 1556 3463 οὐδεὶς
1580 3400 1751 3472 ἡδέως

172 3493 506 3564 παρέρχεται
540 3491 726 3558 τάφον,
760 3491 794 3561 ἢ
821 3492 916 3545 καὶ
947 3491 1209 3562 ἀνεῳγότι
1236 3489 1416 3560 τυχὼν
1440 3491 1503 3543 ἐκ
1524 3491 1616 3544 τοῦ
1643 3508 1748 3544 παο

174 3585 394 3656 ραδόξου
418 3624 435 3649 ,
468 3583 740 3636 ἐπιϐαλὼν
771 3582 828 3636 δὲ
860 3583 959 3654 τὴν
982 3581 1106 3652 ὄψιν
1135 3584 1202 3653 τῇ
1237 3580 1485 3653 ἀμορφία
1527 3581 1633 3634 τῶν
1661 3583 1749 3650 ἐγ.

170 3680 465 3748 κειμένων,
490 3677 670 3747 πάσης
697 3676 888 3746 ἀηδίας
917 3675 1246 3748 πληρωθεὶς,
1271 3675 1369 3730 καὶ
1395 3674 1566 3747 βαρέα
1583 3692 1753 3728 κατα-

171 3767 436 3831 στενάξας
464 3770 560 3838 τῆς
605 3767 1023 3838 ἀνθρωπὸτητος
1077 3765 1431 3838 παρατρέχει.
1475 3765 1673 3820 Ἐλθὼν
1697 3765 1754 3818 δὲ

167 3857 253 3920 εἷς
284 3874 342 3910 τι
372 3857 564 3926 χωρίον
587 3859 772 3929 ὅμοιον
802 3856 998 3927 τούτῳ,
1026 3856 1152 3911 ἔνθα
1180 3857 1420 3929 σήμερον
1439 3857 1469 3909 ό
1493 3855 1756 3927 ἡμέτερος

167 3946 468 4012 σύλλογος,
499 3945 626 3998 ὅπου
683 3945 874 4016 μνήμη
919 3943 1127 3997 δικαίου
1163 3943 1258 3996 καὶ
1290 3941 1446 4012 ἆγιον
1486 3941 1754 4011 λείψανονο

169 4035 395 4108 πρῶτον
417 4035 520 4106 μὲν
556 4038 622 4106 τῇ
655 4032 1102 4106 μεγαλοπρεπείᾳ
1140 4032 1250 4088 τῶν
1297 4031 1590 4104 δρωμένων
1621 4029 1758 4101 ψυχ-

167 4131 471 4197 αγωγεῖται
489 4169 506 4195 ,
529 4123 678 4181 οἷκον
712 4127 924 4197 βλέπων
947 4125 1021 4190 ὡς
1049 4123 1184 4178 Θεοῦ
1212 4124 1359 4190 ναὸν,
1392 4123 1758 4194 ἐξησκημένον

168 4221 442 4293 λαμπρῶς
489 4221 569 4292 τῷ
617 4220 836 4292 μεγέθει
878 4222 977 4292 τῆς
1025 4219 1350 4290 οἰκοδομῆς,
1390 4219 1485 4272 καὶ
1536 4218 1614 4288 τῷ
1659 4218 1759 4288 τῆς

1847 3043 1901 3090 et
1929 3033 2216 3089 affectibus
2246 3032 2396 3088 illius
2440 3031 2802 3087 inhabitantis
2857 3031 3430 3102 incorruptibilitatem

1851 3141 1956 3181 non
1989 3126 2149 3190 laesit,
2188 3141 2315 3180 cum
2348 3125 2526 3180 multo
2551 3124 2763 3180 honore
2788 3129 2844 3178 et
2880 3124 3034 3178 cultu
3066 3125 3431 3194 compositum

1850 3226 2015 3287 atque
2049 3223 2304 3270 ornatum
2335 3215 2389 3269 in
2422 3223 2657 3286 augusto
2686 3229 2954 3284 sacroque
2982 3215 3102 3269 loco
3129 3217 3292 3271 sitmn
3315 3226 3430 3273 est:

1850 3306 1996 3377 quod
2034 3306 2200 3360 veluti
2252 3321 2345 3360 res
2394 3305 2562 3360 chara
2609 3306 2902 3376 magnique
2939 3305 3208 3361 mstimata
3268 3314 3434 3376 atque

1852 3399 2135 3456 recondita
2162 3399 2214 3453 in
2237 3406 2453 3470 tempus
2482 3400 2914 3470 regenerationis
2932 3406 3266 3462 reservatur,
3290 3399 3434 3453 mul-

1852 3492 1926 3547 tis
1958 3489 2332 3561 singularibus
2363 3498 2416 3544 et
2451 3491 2672 3544 eximiis
2698 3492 2861 3546 rebus
2885 3491 3188 3560 praeditum,
3212 3499 3436 3562 propter

1853 3598 1994 3653 quas
2025 3583 2091 3634 ad
2136 3581 2243 3635 alia
2294 3596 2549 3651 corpora,
2592 3596 2714 3650 quae
2771 3581 3046 3636 communi
3102 3597 3165 3636 ac
3223 3581 3434 3653 vulgari

1855 3681 2032 3728 morte
2069 3673 2342 3729 dissoluta
2369 3683 2520 3735 sunt,
2548 3688 2617 3728 ne
2642 3672 3068 3742 comparandum
3093 3673 3311 3742 quidem
3328 3681 3434 3737 est,

1856 3765 2021 3835 idque
2040 3765 2096 3818 in
2132 3764 2298 3820 simili
2321 3763 2550 3819 materia
2577 3771 2808 3818 naturm.
2834 3761 2970 3818 Nam
2988 3771 3198 3818 extera:
3215 3763 3436 3833 quidem

1856 3856 2104 3926 reliquiae
2162 3855 2328 3912 etiam
2383 3855 2788 3911 abominabiles
2819 3857 3096 3927 plerisque
3143 3867 3309 3922 sunt;
3373 3871 3439 3910 ac

1856 3963 2018 4004 nemo
2050 3947 2305 4002 lubenter
2349 3948 2664 4016 sepulcrum
2716 3949 2984 4018 praeterit,
3016 3956 3112 4002 aut
3161 3948 3208 4003 si
3247 3964 3311 4002 ex
3356 3947 3438 4000 in-

1858 4039 2082 4110 opinato
2142 4045 2391 4108 apertum
2451 4039 2713 4102 ostendit,
2777 4038 3126 4094 deformitate
3177 4039 3440 4092 nimirum

1859 4145 2046 4184 earum
2083 4142 2266 4182 rerum
2325 4142 2448 4197 quae
2498 4127 2634 4182 inibi
2685 4127 2895 4196 jacent,
2950 4127 3140 4181 faciem
3185 4128 3440 4196 operiens

1859 4217 2010 4272 omni
2068 4216 2471 4286 injucunditate
2508 4217 2775 4286 repletus,
2820 4223 2876 4269 et
2923 4215 3178 4268 humana:
3231 4223 3440 4268 naturae

168 4281 873 4384 Extmepnesmc'mt,
925 4281 1054 4365 ἔνθα
1107 4281 1446 4365 καὶ-τέκτων
1493 4281 1748 4374 είς-ζώων

1859 4281 2160 4366 conditioni
2190 4308 2428 4380 graviter
2462 4281 2830 4377 ingemiscens
2862 4307 3257 4376 praetercurrit.
3285 4306 3440 4373 Quod

163 4403 475 4474 φαντασίαν
519 4403 583 4457 τὸ
613 4403 768 4468 ξύλον
807 4402 1118 4474 ἐμόρφωσε,
1157 4402 1251 4455 καὶ
1289 4401 1523 4466 λιθοξόος
1553 4402 1632 4464 εἰς
1660 4401 1761 4470 ἁρ-

161 4497 343 4569 γύρου
366 4494 619 4567 λειότητα
653 4494 753 4558 τάς
781 4493 997 4558 πλάκας
1043 4492 1324 4560 ἀπέξεσεν.
1358 4491 1666 4562 Ἐπέχρωσε
1705 4489 1760 4542 δὲ

158 4590 267 4644 καὶ
294 4587 586 4659 ζωγράφος
613 4586 684 4641 τά
710 4586 847 4659 ἄνθη
878 4587 980 4658 τῆς
1014 4585 1209 4656 τέχνης
1240 4586 1301 4640 ἐν
1334 4585 1504 4638 εἰκόνι
1537 4583 1761 4653 διαγρα·

156 4682 416 4751 ψάμενος
440 4718 456 4742 ,
482 4678 581 4740 τὰς
615 4676 896 4750 ἀριστείας
939 4676 1034 4730 τοῦ
1070 4676 1379 4748 μάρτυρος,
1422 4675 1518 4737 τάς
1570 4672 1760 4726 ἐνστά-

157 4790 325 4837 σεις,
376 4771 477 4835 τάς
509 4770 810 4842 ἀλγηδόνας
831 4808 848 4834 ,
881 4769 980 4833 τάς
1012 4767 1296 4840 θηριώδεις
1335 4767 1444 4820 τῶν
1487 4765 1763 4836 τυράννων

159 4863 397 4935 μορφὰς
421 4901 438 4926 ,
465 4861 562 4926 τὰς
588 4861 851 4934 ἐπηρείας
870 4899 888 4928 ,
923 4860 1023 4933 τὴν
1045 4858 1408 4930 φλογοτρόφον
1433 4859 1646 4929 ἐκείνην
1671 4858 1759 4912 κά·

163 4973 334 5026 μινον
363 4994 379 5018 ,
431 4954 531 5026 τὴν
584 4953 1013 5025 μακαριωτάτην
1061 4950 1338 5004 τελείωσιν
1375 4950 1468 5003 τοῦ
1503 4949 1760 5022 ἀθλητοῦ,

158 5048 262 5103 τοῦ
292 5046 635 5115 ἀγωνοθέτου
658 5046 895 5118 Χριστοῦ
922 5045 1023 5116 τῆς
1057 5042 1402 5114 ἀνθρωπίνης
1445 5042 1661 5114 μορφῆς
1699 5043 1759 5096 τὸ

161 5141 484 5210 ἐκτύπωμα
507 5178 523 5204 ,
558 5139 735 5194 πάντα
766 5136 924 5210 ἡμῶν
955 5136 1028 5200 ὡς
1062 5136 1119 5188 ἐν
1166 5133 1356 5205 βιϐλίῳ
1394 5133 1498 5186 τινὶ
1524 5133 1758 5202 γλωττο-

163 5233 323 5304 φόρῳ
356 5231 449 5284 διά
477 5231 783 5302 χρωμάτων
815 5228 1358 5300 τεχνουργησάμενος
1385 5263 1400 5287 ,
1436 5225 1622 5294 σαφῶς
1675 5227 1753 5279 διο

157 5324 447 5396 ηγόρευσε
471 5323 593 5385 τοὺς
619 5321 833 5392 ἀγῶνας
853 5319 947 5372 τοῦ
977 5319 1272 5390 μάρτυρος,
1297 5317 1390 5369 καὶ
1418 5316 1493 5380 ὡς
1516 5316 1756 5388 λειμῶνα

164 5413 430 5488 λαμπρὸν
455 5414 545 5466 τον
573 5413 707 5467 νεὼν
740 5411 1102 5483 κατηγλάῖσεν
1125 5426 1140 5440 ·
1181 5403 1287 5461 οἶδε
1316 5409 1425 5478 γάρ
1461 5409 1552 5462 καὶ
1573 5410 1760 5482 γραφὴ

171 5508 441 5561 σιωπῶσα
475 5505 534 5560 ἐν
560 5505 724 5577 τοίχῳ
748 5504 928 5559 λαλεῖν
953 5544 970 5573 ,
1003 5502 1097 5559 καὶ
1131 5502 1200 5556 τά
1233 5499 1466 5574 μέγιστα
1495 5500 1754 5573 ὠφελεῖν·

1860 4405 1908 4459 si
1945 4401 2153 4458 venerit
2178 4400 2246 4456 ad
2275 4401 2515 4470 aliquem
2549 4399 2729 4453 locum
2760 4398 2992 4454 similem
3021 4397 3169 4463 huic,
3197 4397 3291 4454 ubi
3342 4399 3441 4454 ho-

1862 4495 1950 4550 die
1981 4500 2170 4548 noster
2198 4498 2501 4546 conventus
2537 4488 2794 4546 habetur.
2820 4488 2913 4543 ubi
2961 4487 3226 4544 memoria
3276 4488 3441 4556 justi,

1861 4596 2174 4655 sanctaque
2205 4583 2448 4654 reliquim
2478 4592 2608 4640 sunt
2652 4599 2666 4637 :
2705 4582 2946 4651 primum
2984 4581 3206 4651 quidem
3251 4594 3441 4635 earum

1863 4694 2044 4733 rerum
2077 4675 2504 4748 magnificentia,
2553 4689 2695 4745 quas
2726 4674 2894 4738 videt,
2931 4675 3260 4738 oblectatur,
3313 4675 3441 4727 dum

1859 4769 2028 4824 aedem
2069 4774 2128 4821 ut
2171 4767 2434 4837 templum
2473 4765 2567 4821 Dei
2612 4773 2666 4820 et
2700 4765 3078 4834 magnitudine
3129 4773 3442 4826 structurae,

1860 4867 1915 4914 et
1965 4858 2167 4928 adjecti
2228 4869 2456 4912 ornatus
2507 4857 2705 4911 decore
2765 4854 3048 4925 splendide
3105 4854 3444 4909 elaboratum

1862 4949 2125 5015 intuetur,
2159 4947 2250 5002 ubi
2286 4955 2342 5001 et
2375 4946 2528 5002 faber
2555 4947 2610 5000 in
2639 4945 2959 5000 animalium
2986 4945 3214 5015 figuram
3241 4944 3444 5015 lignum

1868 5041 2143 5103 formavit,
2167 5047 2221 5093 et
2250 5039 2488 5094 latomus
2520 5037 2588 5092 ad
2633 5038 2843 5109 argenti
2895 5036 3170 5092 levitatem
3229 5044 3446 5090 crustas

1863 5131 2105 5201 lapideas
2161 5127 2448 5199 expolivit.
2502 5128 2724 5182 lnduxit
2797 5135 2976 5181 autem
3033 5125 3198 5179 etiam
3274 5123 3444 5193 pictor

1863 5226 2028 5278 flores
2061 5221 2198 5276 artis
2245 5222 2299 5275 in
2350 5221 2586 5293 imagine
2615 5222 2884 5291 depictos,
2919 5218 3080 5272 fortia
3131 5217 3271 5272 facta
3306 5231 3444 5270 mar-

1865 5317 2024 5388 tyris,
2061 5315 2480 5385 repugnantias,
2534 5315 2836 5375 cruciatus,
2872 5310 3127 5366 efferatas
3152 5317 3206 5362 ct
3253 5307 3446 5362 imma-

1868 5424 1964 5464 nes
2009 5401 2374 5479 tyrannorum
2410 5405 2638 5472 formas,
2679 5407 2914 5474 impetus
2964 5403 3258 5467 violentos,
3295 5397 3440 5452 flam-

1868 5511 2049 5551 meum
2094 5493 2247 5548 illum
2308 5493 2610 5560 fornacem,
2667 5493 3042 5550 beatissimam
3101 5503 3448 5546 consumma-
