3918 6204
489 163 596 221 739
1760 156 1813 211 S.
1853 152 2096 211 GREGO]

2220 152 2515 213 NYSSENI
3648 162 3755 219 760

494 283 698 339 tionem
724 281 958 344 athletm,
992 279 1353 336 certaminum
1405 277 1657 348 praesidis
1700 277 1905 333 Christi
1967 278 2074 332 hu-

2202 279 2273 333 :a‘t
2293 279 2321 331 6
2355 279 2468 334 τῶν
2491 279 2741 352 ψηφίδων
2776 282 3039 353 συνθέτης
3060 324 3077 350 ,
3108 283 3347 356 ἱστορίας
3368 283 3513 350 ἄξιον
3531 284 3759 357 ἐποίησε

495 390 673 430 mante
704 375 893 430 formae
918 373 1174 444 elligiem,
1206 373 1391 427 omnia
1421 372 1583 426 nobis
1613 380 1873 440 tanquam
1898 370 1954 427 in
2009 370 2076 424 li-

2202 370 2243 424 εδ
2275 372 2616 442 πατούμενον
2649 374 2862 443 ἔδαφος.

494 470 597 525 bro
619 469 876 538 quodam,
933 466 1026 537 qui
1087 467 1398 538 linguarum
1462 465 1948 553 interpretationes
1996 462 2300 527 contineat,
2381 465 2662 521 coloribus
2712 467 3013 524 artiﬁciose
3061 467 3386 540 depingens,
3457 470 3761 523 certamina

496 569 659 629 atque
709 558 924 612 labores
952 559 1210 628 martyris
1255 556 1416 613 nobis
1442 556 1738 627 expressit,
1767 570 1832 610 ac
1859 563 2118 625 tanquam
2158 566 2374 624 pratum
2423 570 2704 612 amoenum
2759 566 2814 613 et
2845 558 3098 614 ﬂoridum
3140 560 3403 630 templum
3441 561 3759 625 exornavit;

496 656 635 709 solet
658 653 804 707 enim
843 653 1005 707 etiam
1047 653 1259 722 pictura
1291 660 1479 707 tacens
1528 651 1583 706 in
1630 650 1840 720 pariete
1892 650 2066 719 loqui,
2106 649 2454 721 maximeque
2473 652 2775 722 prodesse;
2839 654 3154 725 lapillorum
3200 655 3331 711 item
3398 655 3764 711 concinnator

497 745 742 800 historiae
771 760 869 815 par
895 759 1035 814 Opus
1060 744 1115 798 in
1145 744 1476 814 pavimento,
1512 742 1658 812 quod
1684 741 1914 812 pedibus
1954 740 2219 805 calcatur,
2247 740 2446 797 ell'ecit.

571 836 666 893 llis
700 838 865 907 igitur
904 845 1021 891 arte
1053 836 1348 891 elaboratis
1405 835 1666 903 operibus
1720 848 1843 904 quae
1891 831 2081 887 sensui

498 929 743 999 exposita
775 936 924 991 sunt,
956 926 1048 980 ubi
1076 926 1267 979 oculos
1297 923 1612 983 oblectavit,
1641 923 1793 992 cupit
1821 922 2082 989 deinceps

500 1022 664 1077 etiam
695 1018 798 1088 ipsi
835 1015 1142 1072 conditorio
1176 1013 1632 1083 appropinquare,
1684 1010 2081 1066 sanctiﬁcatio-

504 1130 626 1169 nem
708 1127 773 1167 ac
860 1108 1326 1169 benedictionem,
1406 1104 1894 1159 contrectationem
1960 1101 2081 1171 ejus

500 1220 626 1261 esse
695 1201 945 1257 credens.
1008 1198 1163 1265 Quod
1225 1196 1271 1253 si
1336 1196 1461 1267 quis
1536 1195 1698 1249 etiam
1776 1193 2079 1264 pulverem,

503 1312 611 1367 quo
688 1293 1080 1355 conditorium,
1153 1290 1244 1344 ubi
1325 1287 1585 1359 martyris
1653 1300 1852 1357 corpus
1922 1284 2080 1355 quie-

503 1389 629 1451 scit,
664 1388 901 1440 obsitum
935 1392 1040 1450 est,
1083 1382 1301 1437 auferre
1357 1381 1652 1449 permittat,
1699 1392 1800 1447 pro
1857 1390 2085 1431 munere

467 1530 473 1536 .
502 1479 683 1551 pulvis
712 1468 1002 1547 accipitur,
1027 1490 1093 1530 ac
1124 1483 1380 1543 tanquam
1416 1488 1501 1525 res
1532 1471 1714 1540 magni
1744 1470 1903 1540 pretii
1952 1484 2085 1524 con-

503 1570 680 1625 denda
708 1578 855 1623 terra
903 1566 1196 1635 colligitur.
1253 1560 1387 1614 Nam
1450 1560 1599 1631 ipsas
1639 1559 1905 1628 attingere
1959 1558 2086 1612 reli-

2258 835 2367 888 Kal
2399 838 2514 900 τοῖς
2549 837 2827 907 αἰσθητοῖς
2855 836 3003 891 οὔτω
3045 838 3496 909 φιλοτεχνήμασιν
3534 839 3765 893 ὲνευπα-

2187 925 2357 998 θήσας
2385 929 2484 998 τὴν
2511 927 2654 998 ὄψιν,
2686 929 2942 1001 ἐπιθυμεῖ
2967 929 3152 984 λοιπὸν
3178 932 3271 984 καὶ
3302 931 3438 1001 αὐτῇ
3467 931 3764 1002 πλησιάσαι

2185 1022 2250 1089 τῇ
2301 1018 2443 1092 θήκῃ
2464 1037 2477 1050 ’
2519 1020 2786 1090 άγιασμὸν
2819 1021 2912 1074 καὶ
2957 1021 3207 1087 εὐλογίαν
3241 1021 3339 1093 τὴν
3377 1021 3596 1092 ἐπαφὴν
3627 1018 3765 1076 εἶναι

2187 1110 2480 1165 πιστεύων.
2509 1111 2572 1163 ΕΞ
2612 1111 2670 1163 δὲ
2703 1113 2799 1165 καὶ
2845 1113 2993 1166 κόνιν
3028 1130 3112 1176 τις
3138 1113 3255 1184 δοίη
3300 1113 3483 1185 φέρειν
3518 1114 3619 1183 τὴν
3643 1115 3762 1167 ἑπιο

2186 1200 2445 1271 κειμένην
2485 1204 2552 1274 τῇ
2603 1203 2894 1275 ἐπιφανείᾳ
2925 1201 3027 1275 τῆς
3076 1204 3468 1269 ἀναπαύσεως,
3517 1205 3689 1277 δῶρον
3734 1207 3764 1258 6

2187 1291 2315 1363 χοῦς
2344 1291 2720 1362 λαμϐάνεται,
2761 1294 2855 1347 καὶ
2898 1294 2974 1358 ὡς
3011 1294 3294 1364 κειμήλιον
3339 1296 3373 1365 ἡ
3403 1295 3473 1364 γῆ
3502 1295 3761 1366 θησαυρί-

2190 1384 2359 1449 ζεται.
2397 1384 2472 1438 Τὸ
2513 1382 2623 1455 γὰρ
2650 1385 2813 1437 αὐτοῦ
2839 1386 2931 1440 τοῦ
2970 1386 3223 1455 λειψάνου
3269 1386 3651 1458 προσάψασθαι
3674 1426 3690 1449 ,
3714 1386 3765 1439 ετ

2192 1476 2323 1529 ποτέ
2363 1493 2448 1539 τις
2484 1476 2741 1545 ὲπιτυχία
2777 1476 3002 1547 τοιαύτη
3036 1478 3313 1547 παράσχοι
3354 1477 3453 1547 τὴν
3497 1476 3758 1541 ἐξουσίαν,

2190 1566 2335 1630 ὅπως
2366 1567 2484 1619 ἐστι
2516 1566 2917 1637 πολυπόθητον,
2958 1568 3051 1621 καὶ
3091 1567 3255 1638 εὐχῆς
3283 1568 3381 1639 τῆς
3409 1568 3671 1621 ἀνωτάτω
3707 1566 3762 1618 τὸ

503 1662 685 1730 quias,
713 1659 757 1714 si
797 1660 1017 1727 quando
1042 1634 1226 1723 aliqua
1259 1650 1534 1720 ejusmodi
1571 1663 1834 1720 prospera
1862 1647 2082 1702 fortuna

2202 1657 2356 1726 Βῶρον
2383 1697 2396 1721 ,
2433 1657 2611 1711 ἴσασιν
2642 1660 2691 1710 οί
2739 1657 3175 1728 πεπειραμένοι,
3227 1658 3322 1710 καὶ
3371 1657 3472 1727 τῆς
3513 1658 3759 1727 τοιαύτης

503 1753 807 1822 contingat,
838 1758 896 1803 ut
925 1749 975 1803 id
1006 1745 1191 1800 facere
1228 1744 1411 1807 liceat,
1443 1757 1604 1813 quam
1645 1740 1695 1795 id
1735 1740 1807 1795 sit
1855 1738 2086 1792 multum

505 1842 926 1901 desiderandum
959 1847 1013 1894 et
1039 1836 1358 1908 optandum,
1390 1846 1454 1887 ac
1495 1844 1827 1886 summarum
1862 1842 2085 1899 precum

505 1937 728 1999 donum,
749 1934 932 1989 sciunt
949 1930 1180 1999 experti,
1208 1935 1262 1982 et
1278 1927 1399 1996 ejus
1415 1923 1673 1980 desiderii
1702 1929 1981 1991 compotes
2008 1918 2089 1973 l'a—

506 2031 603 2085 cti.
633 2026 801 2093 Quasi
819 2039 1019 2093 corpus
1041 2020 1187 2076 enim
1219 2033 1316 2089 per
1344 2032 1404 2073 se
1432 2017 1621 2070 vivens
1658 2022 1714 2070 et
1754 2012 1977 2077 ﬂorens,
1994 2011 2086 2082 qui

509 2122 812 2177 intuentur,
833 2115 1260 2185 amplectuntur,
1281 2108 1484 2171 oculis,
1511 2108 1617 2170 ori,
1637 2106 1887 2167 auribus.
1911 2104 2092 2158 omnia

507 2213 614 2268 bus
630 2222 892 2266 sensuum
913 2204 1294 2260 instrumentis
1331 2200 1676 2258 adhibentes.
1713 2196 1913 2253 deinde
1929 2194 2090 2250 ollicii

509 2313 565 2358 et
598 2299 908 2355 aﬂ‘ectiouis
933 2297 1202 2366 larrymas
1230 2292 1475 2362 martyri,
1503 2289 1661 2360 quasi
1702 2289 1911 2357 integer
1946 2292 2093 2342 esset

511 2400 565 2450 et
591 2398 897 2462 appareret,
946 2384 1426 2457 superfundentes,
1485 2390 1544 2435 ut
1582 2396 1681 2450 pro
1734 2379 1867 2448 ipsis
1899 2378 2095 2447 depre-

512 2492 665 2538 cator
696 2479 1018 2541 intercedat,
1060 2476 1334 2546 supplices
1362 2486 1554 2544 preces
1575 2468 1812 2525 ollerunt
1834 2476 2092 2538 tauquam

515 2574 804 2631 satellitem
837 2570 933 2625 Dei
961 2580 1203 2634 orantes,
1236 2566 1396 2637 quasi
1422 2564 1782 2634 accipientem
1813 2560 2093 2616 donacum

517 2667 669 2729 velit,
724 2665 1071 2719 invocantes.
1134 2659 1213 2714 Ex
1269 2658 1355 2714 his
1381 2657 1661 2719 omnibus,
1690 2669 1724 2709 ο
1757 2652 1952 2724 popule
1987 2652 2093 2722 pie,

518 2758 744 2822 discite,
790 2755 935 2826 quod
973 2755 1206 2823 pretiosa
1249 2766 1315 2805 ac
1350 2750 1611 2804 honorata
1647 2763 1827 2801 coram
1870 2744 2096 2801 Domino

518 2852 587 2904 sit
619 2865 759 2902 mors
791 2857 1095 2902 sanctorum
1124 2845 1256 2913 ejus.
1278 2841 1413 2896 Nam
1434 2856 1601 2895 unum
1631 2839 1848 2909 quidem
1875 2845 1930 2892 ct
1952 2835 2096 2892 idem

520 2955 724 3010 corpus
751 2937 995 2992 onmium
1042 2935 1324 2991 hominum
1356 2940 1461 2997 est,
1489 2947 1555 2987 ex
1586 2945 1696 2985 una
1738 2944 1923 2985 massa
1960 2943 2097 2983 con-
2124 2969 2151 3010 ἱ

2188 1749 2481 1820 ἐπιθυμίας
2530 1748 2951 1821 ὲμφορηθὲντες.
2997 1749 3086 1813 Ὠς
3128 1748 3286 1819 σῶμα
3324 1749 3433 1819 γὰρ
3482 1749 3621 1803 αὐτὸ
3662 1749 3756 1811 ζῶν

2191 1843 2283 1897 καὶ
2315 1843 2508 1898 ἀνθοῦν
2553 1844 2605 1896 οἱ
2653 1841 2939 1912 βλέποντες
2988 1837 3427 1904 κατασπάζονται
3450 1880 3465 1905 ,
3510 1844 3631 1904 τοῖς
3670 1839 3756 1909 ὀφ-

2191 1934 2444 2005 θαλμοῖς,
2484 1933 2562 2004 τῷ
2601 1933 2857 2006 στόματι,
2896 1935 3017 1997 ταῖς
3076 1932 3301 1996 ἀκοαῖς,
3354 1932 3562 1995 πάσαις
3608 1949 3755 2000 προσ-

2191 2027 2415 2095 άγοντες
2441 2029 2560 2091 ταῖς
2593 2026 2935 2098 αἰσθήσεσιν,
2972 2020 3090 2077 εἶτα
3118 2023 3178 2077 τὸ
3208 2023 3309 2094 τῆς
3354 2022 3644 2086 εὐλαϐείας
3677 2024 3761 2076 καὶ

2188 2121 2250 2174 τὸ
2277 2120 2372 2174 τοῦ
2403 2121 2609 2185 πάθους
2648 2120 2960 2191 ἐπιχέοντες
2984 2118 3218 2189 δάκρυον
3238 2159 3252 2181 ,
3276 2118 3351 2181 ὡς
3372 2118 3647 2189 ὁλοκλήρῳ
3671 2117 3760 2170 καὶ

2192 2214 2502 2285 φαινομένῳ
2549 2211 2627 2284 τῷ
2656 2213 2894 2283 μάρτυρι
2941 2209 3042 2280 τὴν
3083 2209 3177 2264 τοῦ
3204 2208 3529 2281 πρεσϐεύειν
3566 2210 3761 2263 ἱκεσίαν

2193 2305 2579 2379 προσάγουσιν,
2609 2303 2687 2368 ὡς
2710 2303 3007 2376 δορυφόρον
3032 2302 3127 2355 τοῦ
3150 2301 3285 2355 Θεοῦ
3309 2300 3761 2371 παρακαλοῦντες,

2192 2397 2267 2461 ὡς
2303 2395 2651 2466 λαμϐάνοντα
2679 2393 2775 2457 τὰς
2824 2393 3029 2464 δωρεὰς
3061 2392 3188 2446 ὅταν
3218 2392 3378 2465 ἐθέλῃ
3410 2391 3763 2462 ἐπικαλούμε-

2192 2505 2294 2541 νοι.
2333 2488 2429 2540 Ἐκ
2455 2485 2658 2539 τούτων
2682 2485 2916 2550 πάντων,
2938 2485 2967 2537 6
2991 2483 3220 2553 εὐσεϐὴς
3246 2481 3763 2553 λαὸς,κατσμάθετε.

2192 2580 2274 2633 ὅτι
2302 2579 2497 2648 Τίμιος
2534 2577 2813 2631 ἐναντίον
2846 2576 3067 2643 Kvplov
3096 2577 3129 2628 ό
3164 2573 3423 2640 θάνατος
3453 2571 3566 2626 τῶν
3590 2573 3771 2627 ὁσίων

2193 2669 2398 2725 αὑτοῦ.
2434 2670 2529 2722 Ἐν
2558 2668 2655 2739 μὲν
2672 2668 2779 2739 γὰρ
2803 2666 2972 2721 καὶτὸ
2992 2665 3121 2719 αὐτὸ
3146 2666 3301 2736 σῶμα
3328 2665 3546 2720 πάντων
3573 2663 3774 2736 ἀνθρώ-

2198 2779 2315 2816 πων
2338 2802 2354 2827 ,
2390 2761 2449 2826 ἐξ
2478 2759 2595 2822 ἑνὸς
2626 2759 2947 2830 φυράματος
2983 2756 3104 2829 ἕχον
3139 2757 3241 2828 τὴν
3291 2756 3555 2811 σύστασιν
3584 2775 3598 2789 ·
3643 2755 3776 2810 ἀλλὰ

2194 2856 2255 2909 τὸ
2291 2855 2389 2926 μὲν
2423 2851 2607 2916 ἁπλῶς
2656 2850 2928 2905 ἁποθανὸν
2952 2890 2968 2913 ,
2998 2850 3248 2921 ρίπτεται
3285 2849 3364 2912 ὼς
3403 2850 3467 2902 τδ
3494 2849 3689 2919 τυχόν
3719 2848 3779 2902 τὺ

2196 2948 2253 3002 δὲ
2277 2946 2356 3018 τῷ
2401 2944 2564 2998 πάθει
2590 2941 2685 2998 τοῦ
2735 2941 3036 3014 μαρτυρίου
3066 2941 3366 3013 χαριτωθὲν
3391 2981 3410 3009 ,
3440 2940 3614 3004 οὕτως
3640 2941 3781 2994 ἐστὶν

522 3031 711 3087 [latum
748 3049 762 3085 :
792 3045 980 3084 verum
1016 3027 1093 3090 id,
1123 3025 1271 3097 quod
1300 3021 1538 3093 simplici
1568 3031 1745 3077 morte
1767 3020 2094 3076 dissolutum

2202 3040 2460 3112 ἐράσμιον
2482 3037 2577 3089 καὶ
2606 3034 3121 3107 ἀμφισϐητήσιμον,
3149 3033 3225 3096 ὼς
3250 3034 3279 3086 6
3302 3030 3594 3104 προλαϐὼν
3628 3031 3781 3100 λόγος

522 3130 630 3187 est,
661 3128 721 3175 ut
750 3135 840 3175 res
869 3117 1122 3188 qumlibet
1147 3115 1273 3171 vilis
1305 3112 1620 3184 projicitur.
1660 3110 1729 3165 At
1755 3110 1903 3181 quod
1949 3123 2101 3164 mar-

524 3213 652 3285 tyrii
686 3210 973 3267 affectione
995 3209 1296 3280 gratiosum
1325 3203 1578 3260 elIectum
1614 3209 1719 3264 est,
1752 3203 1826 3256 ita
1851 3212 1936 3258 est
1958 3217 2103 3256 ama-

524 3306 654 3370 bile,
684 3302 1013 3374 jucundum,
1061 3306 1116 3355 et
1154 3313 1186 3352 a
1234 3296 1419 3351 multis
1449 3295 1814 3350 desideratum
1844 3301 1899 3349 et
1939 3309 2103 3364 expe-

527 3398 708 3458 titum,
744 3404 806 3449 ut
857 3393 1112 3464 superior
1167 3390 1345 3445 oratio
1375 3388 1794 3443 demonstravit.
1835 3386 2103 3452 Quocirca

526 3496 750 3560 prepter
774 3502 859 3549 ea,
883 3500 1007 3555 qua:
1032 3491 1320 3552 apparent,
1355 3481 1444 3542 iis,
1478 3496 1597 3550 quae
1615 3480 1791 3535 visum
1818 3478 2102 3549 ell'ugiunt,

528 3588 748 3650 prepter
774 3574 1208 3646 experimentum
1227 3586 1417 3627 earum
1450 3584 1657 3633 rerum,
1681 3584 1802 3639 quae
1822 3568 1876 3622 in
1900 3567 2105 3623 mundo

525 3674 804 3735 visuntur,
840 3668 1150 3723 futurarum
1185 3678 1364 3720 rerum
1398 3661 1747 3733 promissioni
1791 3661 2100 3718 credamus.

525 3764 660 3819 Nam
692 3762 851 3817 multi
881 3760 974 3831 qui
1005 3767 1247 3813 ventrem
1278 3763 1332 3811 et
1365 3768 1561 3809 vanam
1594 3752 1851 3825 gloriam,
1893 3761 1949 3808 et
2007 3752 2105 3807 has

535 3854 847 3910 mundanas
887 3853 1074 3923 paleas
1103 3847 1361 3904 omnibus
1390 3844 1555 3900 rebus
1582 3843 1918 3908 anteferuut,
1969 3843 2105 3898 nihil

527 3952 720 4016 putant
746 3957 869 3998 esse
898 3939 1145 3994 futurum
1172 3956 1188 3992 :
1218 3935 1315 3992 sed
1363 3949 1488 3988 cum
1528 3935 1655 3989 vita:
1688 3934 1795 3988 line
1825 3933 2106 3988 terminari

525 4036 711 4090 omnia
742 4033 1099 4088 arbitrantur.
1130 4026 1330 4083 Verum
1364 4027 1459 4097 qui
1508 4026 1585 4080 ita
1626 4025 1820 4091 sentis,
1855 4040 1922 4081 ex
1982 4041 2109 4096 par-

526 4130 610 4185 vis
655 4140 851 4198 magna
883 4124 1037 4179 disce
1069 4140 1084 4177 :
1115 4138 1183 4177 ex
1219 4119 1429 4175 umbris
1480 4119 1813 4190 principales
1877 4117 2106 4184 formas,

414 4286 419 4291 ί
525 4220 824 4293 qualeseae
857 4217 971 4273 sint
1028 4214 1293 4285 intelligo.
1346 4211 1448 4267 Cui
1501 4226 1688 4282 regum
1748 4211 1876 4268 talis
1931 4211 2110 4267 honor

2203 3129 2459 3195 ἐδίδαξεν.
2489 3125 2589 3179 Διά
2612 3124 2772 3178 τοῦτο
2800 3125 3179 3195 πιστεύσωμεν
3207 3124 3271 3176 ὲκ
3298 3123 3409 3177 τῶν
3444 3122 3781 3194 φαινομένων

2201 3223 2314 3284 τοῖς
2342 3220 2593 3291 ἀοράτοις
2615 3259 2633 3284 ,
2659 3217 2768 3272 ἀπὸ
2808 3218 2907 3289 τῆς
2940 3217 2997 3270 ὲν
3036 3215 3114 3287 τῷ
3138 3215 3327 3286 κόσμῳ
3354 3214 3555 3287 πείρας
3580 3218 3648 3287 τῇ
3676 3215 3785 3267 τῶν

2207 3311 2505 3384 μελλόντων
2557 3307 2880 3379 ἐπαγγελίᾳ.
2913 3306 3104 3362 Πολλοὶ
3149 3307 3260 3377 γὰρ
3312 3307 3363 3359 οἱ
3393 3306 3497 3377 τὴν
3517 3307 3784 3376 γαστέρα,

2204 3403 2299 3457 καὶ
2319 3402 2418 3474 τὴν
2450 3399 2754 3465 κενοδοξίαν
2777 3439 2793 3465 ,
2823 3399 2915 3453 καὶ
2945 3400 3034 3453 τὸν
3059 3398 3245 3452 ἐνθάδε
3273 3399 3540 3468 συρφετὸν
3575 3400 3790 3454 πάντων

2204 3493 2533 3567 ἐπίπροσθεν
2565 3493 2788 3561 ἄγοντες
2809 3529 2825 3556 ,
2863 3490 3015 3544 οὐδὲν
3070 3490 3328 3561 ἡγοῦνται
3361 3489 3422 3543 τὸ
3454 3490 3652 3559 μέλλον
3676 3506 3692 3521 ⁸
3718 3490 3791 3560 τῷ

2203 3587 2345 3642 τέλει
2373 3587 2429 3639 δὲ
2453 3584 2545 3639 τοῦ
2574 3585 2689 3656 βίου
2730 3580 3198 3656 συμπεραιοῦσθαι
3227 3581 3297 3635 τὰ
3329 3582 3504 3635 πάντα
3542 3580 3791 3653 νομίζουο

2206 3695 2309 3733 σιν,
2358 3678 2497 3731 Ἀλλ’
2537 3678 2566 3730 6
2599 3676 2812 3748 φρονῶν
2839 3673 3043 3737 οὕτως,
3076 3675 3141 3727 ἐκ
3187 3673 3293 3726 τῶν
3339 3671 3550 3744 μικρῶν
3590 3673 3669 3726 τὰ
3703 3691 3792 3745 μεο

2205 3770 2350 3840 γάλα
2376 3769 2664 3840 κατάμαθε
2682 3808 2699 3835 ,
2728 3768 2793 3821 ὲκ
2826 3766 2933 3822 τῶν
2961 3764 3128 3819 σκιῶν
3160 3764 3231 3818 τά
3257 3764 3536 3836 ἀρχέτυπα
3569 3765 3789 3834 νόησον.

2204 3861 2303 3925 Τίς
2330 3860 2440 3914 τῶν
2471 3858 2736 3931 βασιλέων
2775 3857 3032 3928 τοιαύτην
3057 3858 3286 3927 τιμᾶται
3317 3863 3520 3927 τιμην;
3559 3856 3653 3920 τίς
3692 3858 3793 3910 eth

2207 3952 2329 4006 καθ’
2403 3949 2710 4023 ὑπερϐολὴν
2762 3952 2818 4002 ὲν
2867 3946 3174 4019 ἀνθρώποις
3228 3947 3504 4017 φανέντων
3570 3947 3786 4018 τοιαύτῃ

2211 4043 2399 4116 μνήμῃ
2431 4040 2742 4109 δοξάζεταις
2790 4040 2875 4104 τίς
2919 4039 3029 4093 τῶν
3077 4039 3398 4111 στρατηγῶν
3449 4038 3563 4092 τῶν
3617 4040 3786 4102 πόλεις

2207 4137 2479 4207 τειχήρεις
2507 4132 2735 4186 ἑλόντων
2757 4171 2773 4197 ,
2806 4132 2901 4186 καὶ
2946 4130 3073 4201 εθνη
3120 4129 3554 4200 δουλωσαμένων
3609 4132 3785 4202 μυρία,

2208 4226 2381 4290 οὕτως
2407 4224 2555 4279 ἐστὶν
2589 4223 2864 4294 ἀοίδιμος,
2904 4221 2979 4287 ὡς
3006 4223 3035 4274 6
3059 4220 3397 4292 στρατιώτης
3435 4215 3629 4289 οὗτος,
3658 4225 3688 4276 6
3713 4221 3790 4274 τέ-

528 4311 799 4366 habetur?
826 4308 963 4375 Quis
988 4322 1055 4362 ex
1085 4307 1172 4369 iis,
1203 4304 1296 4375 qui
1325 4319 1491 4374 supra
1540 4303 1762 4358 modum
1819 4304 1965 4358 inter
2008 4304 2096 4356 ho-

2208 4334 2342 4385 νης,
2381 4318 2410 4370 6
2453 4315 2750 4379 νεόλεκτος,
2792 4313 2852 4367 ὃν
2888 4312 3097 4376 Παῦλος
3155 4311 3430 4378 ὥπλισεν,
3473 4312 3536 4365 ὃν
3582 4312 3788 4382 ἄγγελοι

529 4403 707 4458 mines
726 4401 995 4455 excellere
1029 4397 1132 4453 visi
1166 4406 1317 4460 sunt,
1345 4396 1439 4449 tali
1464 4396 1725 4450 memoria
1753 4394 2096 4450 celebraturi

2210 4408 2346 4478 πρὸς
2382 4408 2474 4461 τὸν
2526 4407 2711 4477 ἀγῶνα
2758 4404 2985 4477 ἤλειψαν
3010 4444 3025 4471 ,
3077 4404 3171 4458 καί
3217 4405 3517 4475 νικήσαντα
3566 4404 3789 4474 Χριστὸς

527 4489 667 4557 Quis
716 4488 1111 4558 imperatorum
1164 4484 1259 4554 qui
1294 4484 1460 4538 urbes
1525 4483 1765 4537 munitas
1815 4493 2104 4552 ceperunt,

529 4582 781 4637 nationes
807 4582 1129 4633 innumeras
1157 4575 1512 4645 subegerunt,
1540 4575 1677 4630 adeo
1694 4573 2019 4630 decantatus
2052 4582 2107 4630 et

530 4675 676 4730 fama
709 4671 1020 4728 celebratus
1052 4677 1159 4734 est,
1201 4673 1261 4721 ut
1292 4667 1384 4721 hic
1436 4665 1597 4722 miles
1653 4681 1884 4737 pauper,
1945 4666 2109 4722 modo

528 4768 875 4837 conscriptus
902 4770 956 4818 et
987 4773 1135 4833 tyro:
1168 4774 1330 4832 quem
1382 4758 1588 4815 Paulus
1637 4760 1891 4825 armavit,
1946 4776 2109 4831 quem

2211 4498 2587 4567 ἐστεφάνωσεν
2611 4518 2625 4563 ;
2651 4497 2861 4553 Μᾶλλον
2904 4497 2960 4550 δὲ
2994 4495 3179 4565 ἐπειδὴ
3229 4494 3397 4563 ἐγγὺς
3422 4493 3790 4567 ἐγενόμηντῷ

2208 4589 2352 4659 λόγῳ
2377 4589 2484 4644 τῶν
2514 4589 2740 4660 ἀγώνων
2773 4588 2869 4643 τοῦ
2902 4588 3176 4659 μάρτυρος
3199 4625 3215 4651 ,
3249 4587 3406 4659 φέρε,
3437 4587 3504 4640 τὰ
3532 4587 3700 4642 κοινὰ
3717 4604 3793 4638 καθ

2214 4677 2647 4744 ταλιπόντες,τὸν
2669 4678 2945 4749 ἐξαίρετον
2972 4677 3066 4729 τοῦ
3096 4675 3251 4745 ἁγίου
3277 4675 3436 4744 λόγον
3456 4677 3787 4748 ποιήσωμεν·

2218 4769 2369 4839 φίλον
2398 4770 2507 4842 γάρ
2536 4770 2752 4842 ἑκάστῳ
2779 4770 2841 4823 τὸ
2888 4768 3036 4822 ἴδιον.

531 4865 708 4935 angeli
781 4862 849 4917 ad
925 4869 1205 4917 certamen
1271 4867 1569 4922 unxerunt,
1641 4873 1801 4928 quem
1876 4859 2144 4916 victorem
2183 4864 2440 4923 Christus
2493 4866 2817 4922 coronavit?
2872 4865 3163 4921 Enimvero
3235 4864 3498 4935 quoniam
3549 4866 3792 4921 oratione

531 4975 699 5030 prope
728 4959 796 5014 ad
824 4959 1124 5015 certamina
1139 4968 1304 5027 atque
1344 4957 1560 5012 labores
1588 4955 1846 5026 martyris
1869 4958 2099 5024 accessi,
2143 4974 2240 5032 age
2269 4964 2656 5019 communibus
2687 4961 2895 5018 relictis
2934 4961 3265 5033 peculiare...
3335 4960 3518 5015 sancti
3593 4973 3794 5018 semo—

533 5069 655 5109 nem
688 5054 1076 5120 instituamus;
1107 5062 1192 5109 cst
1242 5054 1387 5109 enim
1438 5067 1599 5107 suum
1651 5052 1849 5123 cuique
1903 5063 2119 5124 gratum
2157 5066 2211 5113 et
2245 5068 2553 5130 acceptum.

602 5145 785 5200 Patria
816 5146 982 5218 igitur
1024 5145 1288 5217 prmclaro
1332 5158 1397 5199 ac
1432 5152 1662 5200 strenuo
1704 5144 1833 5199 huic
1864 5145 1987 5201 viro
2024 5155 2110 5202 est

531 5254 595 5294 ea
630 5239 811 5310 regio,
862 5254 984 5308 quae
1034 5236 1101 5292 ad
1140 5237 1309 5292 solem
1346 5243 1561 5306 spectat
1606 5237 1876 5292 orientem
1924 5255 1939 5292 :
1979 5252 2103 5291 nam

531 5327 696 5382 etiam
729 5326 837 5392 hic,
871 5326 1036 5382 sicuti
1068 5324 1201 5390 Job,
1232 5340 1299 5380 ex
1332 5325 1583 5397 partibus
1616 5325 1983 5383 orientalibus
2007 5342 2109 5382 no-

534 5417 662 5472 bilis
691 5424 795 5484 est,
826 5433 1064 5489 eumque
1093 5418 1323 5488 patriam
1356 5432 1482 5471 eum
1516 5417 1612 5472 illo
1643 5432 1990 5474 communem
2020 5418 2111 5473 ha-

536 5509 687 5564 beret
710 5549 727 5574 ,
761 5509 1009 5579 ejusdem
1046 5508 1281 5564 imitatio
1333 5524 1545 5563 morum
1579 5508 1892 5579 ingeniique
1920 5508 1970 5564 ei
1996 5524 2106 5564 non

539 5595 726 5656 defuit.
763 5600 920 5657 Nunc
955 5616 1086 5658 vero
1126 5601 1358 5673 quilibet
1397 5610 1607 5671 martyr
1633 5600 1804 5657 totius
1838 5599 1939 5656 soli
1973 5600 2108 5657 sub-

2286 5152 2491 5223 Πατρὶς
2509 5151 2687 5205 τοίνυν
2714 5149 2791 5221 τῷ
2818 5149 3074 5219 γενναίῳ,
3104 5150 3136 5219 ὴ
3174 5147 3310 5217 πρὸς
3329 5147 3485 5218 ἣλιον
3511 5148 3798 5218 ἀνίσχουσα

2217 5241 2398 5313 χώρα⁸
2430 5242 2653 5312 εὐγενὴς
2679 5242 2788 5312 γὰρ
2820 5241 2914 5295 καὶ
2944 5233 3099 5302 οὗτος
3130 5239 3270 5293 κατά
3287 5237 3378 5290 τὸν
3407 5239 3534 5292 Ἰὼϐ
3562 5239 3668 5292 τῶν
3698 5238 3795 5306 ἀφ’

2215 5331 2369 5402 ἡλίου
2405 5331 2695 5397 ἀνατολῶν,
2731 5332 2826 5385 καὶ.
2861 5330 2963 5400 τῆς
2992 5329 3248 5401 πατρίδος
3273 5327 3474 5400 ἐκείνῳ
3505 5329 3803 5395 κοινωνῶν,

2217 5423 2318 5475 οὐκ
2359 5422 2659 5493 ἀπελείφθη
2713 5422 2812 5494 τῆς
2864 5420 2958 5474 τοῦ
2992 5419 3157 5490 ἤθους
3211 5421 3517 5491 μιμήσεως.
3575 5418 3688 5473 Νῦν
3745 5421 3803 5473 δὲ

2217 5512 2365 5583 πάσῃ
2393 5515 2459 5584 τῇ
2501 5512 2789 5584 οἰκουμένῃ
2822 5512 2939 5564 ἐστὶ
2967 5512 3175 5581 μάρτυς
3202 5509 3382 5574 κοινὸς
3410 5512 3511 5581 τῆς
3536 5509 3624 5579 ὑφ’
3659 5511 3805 5581 ἡλίῳ

2218 5602 2438 5675 πολίτης
2462 5621 2475 5633 ο
2526 5604 2751 5675 ληφθεὶς
2782 5604 2832 5657 δὲ
2864 5603 3073 5658 ἐκεῖθεν
3111 5602 3244 5674 πρὸς
3283 5602 3589 5667 ὀπλιτικοὺς
3617 5618 3803 5659 κατα-
