  <div class='ocr_page' id='page_1' title='image "/cluster/home/n/w/nwhite01/storage/ocr_20150623/46/hvd.32044054112198/386.png"; bbox 0 0 3918 6204; ppageno 0'>
   <div class='ocr_carea' id='block_1_1' title="bbox 183 111 278 168">
    <p class='ocr_par' dir='ltr' id='par_1_1' title="bbox 183 111 278 168">
     <span class='ocr_line' id='line_1_1' title="bbox 183 111 278 168; baseline -0.021 0"><span class='ocrx_word' id='word_1_1' title='bbox 183 111 278 168; x_wconf 71' lang='grc'><strong>’111</strong></span> 
     </span>
    </p>
   </div>
   <div class='ocr_carea' id='block_1_2' title="bbox 1319 86 2325 155">
    <p class='ocr_par' dir='ltr' id='par_1_2' title="bbox 1319 86 2325 155">
     <span class='ocr_line' id='line_1_2' title="bbox 1319 86 2325 155; baseline -0.003 -1"><span class='ocrx_word' id='word_1_2' title='bbox 1319 98 1406 154; x_wconf 89' lang='lat' dir='ltr'><strong>DE</strong></span> <span class='ocrx_word' id='word_1_3' title='bbox 1447 99 1503 155; x_wconf 88' lang='lat' dir='ltr'><strong>S.</strong></span> <span class='ocrx_word' id='word_1_4' title='bbox 1543 86 1923 154; x_wconf 73' lang='lat' dir='ltr'><strong>THEODORO</strong></span> <span class='ocrx_word' id='word_1_5' title='bbox 1969 93 2325 151; x_wconf 75' lang='lat' dir='ltr'><strong>MARTYBE.</strong></span> 
     </span>
    </p>
   </div>
   <div class='ocr_carea' id='block_1_3' title="bbox 3350 102 3454 161">
    <p class='ocr_par' dir='ltr' id='par_1_3' title="bbox 3350 102 3454 161">
     <span class='ocr_line' id='line_1_3' title="bbox 3350 102 3454 161; baseline 0.048 -4"><span class='ocrx_word' id='word_1_6' title='bbox 3350 102 3454 161; x_wconf 71' lang='grc'><strong>762</strong></span> 
     </span>
    </p>
   </div>
   <div class='ocr_carea' id='block_1_4' title="bbox 186 208 1775 293">
    <p class='ocr_par' dir='ltr' id='par_1_4' title="bbox 186 211 1774 293">
     <span class='ocr_line' id='line_1_4' title="bbox 186 211 1774 293; baseline -0.006 -18"><span class='ocrx_word' id='word_1_7' title='bbox 186 224 392 293; x_wconf 76' lang='grc' dir='ltr'><strong>λόγους,</strong></span> <span class='ocrx_word' id='word_1_8' title='bbox 450 218 596 272; x_wconf 73' lang='grc' dir='ltr'><strong>οὕτω</strong></span> <span class='ocrx_word' id='word_1_9' title='bbox 656 215 796 288; x_wconf 71' lang='grc' dir='ltr'><strong>μετὰ</strong></span> <span class='ocrx_word' id='word_1_10' title='bbox 832 213 929 269; x_wconf 86' lang='grc' dir='ltr'><strong>τοῦ</strong></span> <span class='ocrx_word' id='word_1_11' title='bbox 979 213 1108 268; x_wconf 78' lang='grc' dir='ltr'><strong>ἰδίου</strong></span> <span class='ocrx_word' id='word_1_12' title='bbox 1163 214 1439 285; x_wconf 80' lang='grc' dir='ltr'><strong>τάγματος</strong></span> <span class='ocrx_word' id='word_1_13' title='bbox 1490 213 1627 286; x_wconf 85' lang='grc' dir='ltr'><strong>πρὸς</strong></span> <span class='ocrx_word' id='word_1_14' title='bbox 1674 211 1774 284; x_wconf 77' lang='grc' dir='ltr'><strong>τὴν</strong></span> 
     </span>
    </p>
   </div>
   <div class='ocr_carea' id='block_1_5' title="bbox 1879 208 3445 293">
    <p class='ocr_par' dir='ltr' id='par_1_5' title="bbox 1879 208 3445 283">
     <span class='ocr_line' id='line_1_5' title="bbox 1879 208 3445 283; baseline 0.004 -19"><span class='ocrx_word' id='word_1_15' title='bbox 1879 208 2031 280; x_wconf 60' lang='lat' dir='ltr'><strong>iectas</strong></span> <span class='ocrx_word' id='word_1_16' title='bbox 2065 211 2308 283; x_wconf 77' lang='lat' dir='ltr'><strong>regionis</strong></span> <span class='ocrx_word' id='word_1_17' title='bbox 2337 210 2477 266; x_wconf 83' lang='lat' dir='ltr'><strong>civis</strong></span> <span class='ocrx_word' id='word_1_18' title='bbox 2511 212 2772 269; x_wconf 85' lang='lat' dir='ltr'><strong>universo</strong></span> <span class='ocrx_word' id='word_1_19' title='bbox 2817 221 3093 269; x_wconf 88' lang='lat' dir='ltr'><strong>terrarum</strong></span> <span class='ocrx_word' id='word_1_20' title='bbox 3129 213 3248 269; x_wconf 83' lang='lat' dir='ltr'><strong>orbi</strong></span> <span class='ocrx_word' id='word_1_21' title='bbox 3293 229 3445 270; x_wconf 60' lang='lat' dir='ltr'><strong>com.</strong></span> 
     </span>
    </p>
   </div>
   <div class='ocr_carea' id='block_1_6' title="bbox 185 304 1766 384">
    <p class='ocr_par' dir='ltr' id='par_1_6' title="bbox 185 304 1766 384">
     <span class='ocr_line' id='line_1_6' title="bbox 185 304 1766 384; baseline -0.007 -17"><span class='ocrx_word' id='word_1_22' title='bbox 185 313 459 384; x_wconf 80' lang='grc' dir='ltr'><strong>ἡμετέραν</strong></span> <span class='ocrx_word' id='word_1_23' title='bbox 486 307 640 379; x_wconf 77' lang='grc' dir='ltr'><strong>διέϐη</strong></span> <span class='ocrx_word' id='word_1_24' title='bbox 682 306 888 379; x_wconf 86' lang='grc' dir='ltr'><strong>χώραν,</strong></span> <span class='ocrx_word' id='word_1_25' title='bbox 930 306 1030 377; x_wconf 84' lang='grc' dir='ltr'><strong>τῆς</strong></span> <span class='ocrx_word' id='word_1_26' title='bbox 1062 305 1378 377; x_wconf 81' lang='grc' dir='ltr'><strong>χειμερινῆς</strong></span> <span class='ocrx_word' id='word_1_27' title='bbox 1407 304 1766 367; x_wconf 86' lang='grc' dir='ltr'><strong>ἀναπαύσεως</strong></span> 
     </span>
    </p>
   </div>
   <div class='ocr_carea' id='block_1_7' title="bbox 182 394 1766 475">
    <p class='ocr_par' dir='ltr' id='par_1_7' title="bbox 182 394 1766 475">
     <span class='ocr_line' id='line_1_7' title="bbox 182 394 1766 475; baseline -0.006 -16"><span class='ocrx_word' id='word_1_28' title='bbox 182 407 293 469; x_wconf 79' lang='grc' dir='ltr'><strong>τοῖς</strong></span> <span class='ocrx_word' id='word_1_29' title='bbox 318 400 680 475; x_wconf 77' lang='grc' dir='ltr'><strong>στρατιώταις</strong></span> <span class='ocrx_word' id='word_1_30' title='bbox 721 397 911 453; x_wconf 79' lang='grc' dir='ltr'><strong>ἐνθάδε</strong></span> <span class='ocrx_word' id='word_1_31' title='bbox 959 396 1110 469; x_wconf 77' lang='grc' dir='ltr'><strong>παρὰ</strong></span> <span class='ocrx_word' id='word_1_32' title='bbox 1136 396 1243 450; x_wconf 90' lang='grc' dir='ltr'><strong>τῶν</strong></span> <span class='ocrx_word' id='word_1_33' title='bbox 1281 396 1622 462; x_wconf 80' lang='grc' dir='ltr'><strong>κρατούντων</strong></span> <span class='ocrx_word' id='word_1_34' title='bbox 1649 394 1766 449; x_wconf 86' lang='grc' dir='ltr'><strong>δια-</strong></span> 
     </span>
    </p>
   </div>
   <div class='ocr_carea' id='block_1_8' title="bbox 182 484 1766 567">
    <p class='ocr_par' dir='ltr' id='par_1_8' title="bbox 182 484 1766 567">
     <span class='ocr_line' id='line_1_8' title="bbox 182 484 1766 567; baseline -0.008 -17"><span class='ocrx_word' id='word_1_35' title='bbox 182 494 490 567; x_wconf 77' lang='grc' dir='ltr'><strong>ταχθείσης.</strong></span> <span class='ocrx_word' id='word_1_36' title='bbox 550 489 797 560; x_wconf 77' lang='grc' dir='ltr'><strong>Πολέμου</strong></span> <span class='ocrx_word' id='word_1_37' title='bbox 851 487 910 542; x_wconf 82' lang='grc' dir='ltr'><strong>δὲ</strong></span> <span class='ocrx_word' id='word_1_38' title='bbox 956 487 1269 558; x_wconf 78' lang='grc' dir='ltr'><strong>κινηθέντος</strong></span> <span class='ocrx_word' id='word_1_39' title='bbox 1321 485 1539 558; x_wconf 85' lang='grc' dir='ltr'><strong>ἁθρόον,</strong></span> <span class='ocrx_word' id='word_1_40' title='bbox 1569 486 1669 539; x_wconf 87' lang='grc' dir='ltr'><strong>ούκ</strong></span> <span class='ocrx_word' id='word_1_41' title='bbox 1707 484 1766 552; x_wconf 76' lang='grc' dir='ltr'>ἐξ</span> 
     </span>
    </p>
   </div>
   <div class='ocr_carea' id='block_1_9' title="bbox 184 575 1767 656">
    <p class='ocr_par' dir='ltr' id='par_1_9' title="bbox 184 575 1767 656">
     <span class='ocr_line' id='line_1_9' title="bbox 184 575 1767 656; baseline -0.007 -16"><span class='ocrx_word' id='word_1_42' title='bbox 184 587 375 656; x_wconf 75' lang='grc' dir='ltr'><strong>ἐφόδου</strong></span> <span class='ocrx_word' id='word_1_43' title='bbox 410 582 783 655; x_wconf 74' lang='grc' dir='ltr'><strong>βαρὸαρικῆς,</strong></span> <span class='ocrx_word' id='word_1_44' title='bbox 823 579 937 635; x_wconf 87' lang='grc' dir='ltr'><strong>ἀλλ’</strong></span> <span class='ocrx_word' id='word_1_45' title='bbox 975 582 1040 634; x_wconf 85' lang='grc' dir='ltr'><strong>ὲκ</strong></span> <span class='ocrx_word' id='word_1_46' title='bbox 1092 579 1257 648; x_wconf 90' lang='grc' dir='ltr'><strong>νόμου</strong></span> <span class='ocrx_word' id='word_1_47' title='bbox 1285 575 1613 640; x_wconf 81' lang='grc' dir='ltr'><strong>Σατανικοῦ,</strong></span> <span class='ocrx_word' id='word_1_48' title='bbox 1672 577 1767 631; x_wconf 72' lang='grc' dir='ltr'><strong>καὶ</strong></span> 
     </span>
    </p>
   </div>
   <div class='ocr_carea' id='block_1_10' title="bbox 179 665 1769 748">
    <p class='ocr_par' dir='ltr' id='par_1_10' title="bbox 179 665 1769 748">
     <span class='ocr_line' id='line_1_10' title="bbox 179 665 1769 748; baseline -0.007 -17"><span class='ocrx_word' id='word_1_49' title='bbox 179 678 456 748; x_wconf 80' lang='grc' dir='ltr'><strong>δόγματος</strong></span> <span class='ocrx_word' id='word_1_50' title='bbox 503 674 779 745; x_wconf 86' lang='grc' dir='ltr'><strong>θεομάχου</strong></span> <span class='ocrx_word' id='word_1_51' title='bbox 823 672 954 740; x_wconf 74' lang='grc' dir='ltr'><strong>(πᾶς</strong></span> <span class='ocrx_word' id='word_1_52' title='bbox 990 669 1100 742; x_wconf 81' lang='grc' dir='ltr'><strong>γὰρ</strong></span> <span class='ocrx_word' id='word_1_53' title='bbox 1143 666 1469 741; x_wconf 83' lang='grc' dir='ltr'><strong>Χριστιανὸς</strong></span> <span class='ocrx_word' id='word_1_54' title='bbox 1508 665 1769 737; x_wconf 80' lang='grc' dir='ltr'><strong>ἠλαύνετο</strong></span> 
     </span>
    </p>
   </div>
   <div class='ocr_carea' id='block_1_11' title="bbox 181 757 1767 841">
    <p class='ocr_par' dir='ltr' id='par_1_11' title="bbox 181 757 1767 841">
     <span class='ocr_line' id='line_1_11' title="bbox 181 757 1767 841; baseline -0.008 -18"><span class='ocrx_word' id='word_1_55' title='bbox 181 769 259 841; x_wconf 79' lang='grc' dir='ltr'><strong>τῷ</strong></span> <span class='ocrx_word' id='word_1_56' title='bbox 282 767 537 823; x_wconf 77' lang='grc' dir='ltr'><strong>δυσσεϐεῖ</strong></span> <span class='ocrx_word' id='word_1_57' title='bbox 561 766 875 838; x_wconf 81' lang='grc' dir='ltr'><strong>γράμματι,</strong></span> <span class='ocrx_word' id='word_1_58' title='bbox 896 763 990 816; x_wconf 88' lang='grc' dir='ltr'><strong>καί</strong></span> <span class='ocrx_word' id='word_1_59' title='bbox 1015 762 1153 834; x_wconf 78' lang='grc' dir='ltr'><strong>πρὸς</strong></span> <span class='ocrx_word' id='word_1_60' title='bbox 1172 761 1399 816; x_wconf 87' lang='grc' dir='ltr'><strong>θάνατον</strong></span> <span class='ocrx_word' id='word_1_61' title='bbox 1424 758 1629 829; x_wconf 77' lang='grc' dir='ltr'><strong>ἦγετο)’</strong></span> <span class='ocrx_word' id='word_1_62' title='bbox 1647 757 1767 811; x_wconf 85' lang='grc' dir='ltr'><strong>τότε</strong></span> 
     </span>
    </p>
   </div>
   <div class='ocr_carea' id='block_1_12' title="bbox 180 844 1770 929">
    <p class='ocr_par' dir='ltr' id='par_1_12' title="bbox 180 844 1770 929">
     <span class='ocr_line' id='line_1_12' title="bbox 180 844 1770 929; baseline -0.006 -18"><span class='ocrx_word' id='word_1_63' title='bbox 180 858 266 929; x_wconf 80' lang='grc' dir='ltr'><strong>δὴ,</strong></span> <span class='ocrx_word' id='word_1_64' title='bbox 302 857 431 910; x_wconf 85' lang='grc' dir='ltr'><strong>τότε</strong></span> <span class='ocrx_word' id='word_1_65' title='bbox 458 859 486 910; x_wconf 99' lang='lat'><strong>6</strong></span> <span class='ocrx_word' id='word_1_66' title='bbox 508 853 909 928; x_wconf 77' lang='grc' dir='ltr'><strong>τρισμακάριος</strong></span> <span class='ocrx_word' id='word_1_67' title='bbox 939 844 1117 919; x_wconf 75' lang='grc' dir='ltr'><strong>οὗτος,</strong></span> <span class='ocrx_word' id='word_1_68' title='bbox 1159 851 1434 924; x_wconf 88' lang='grc' dir='ltr'><strong>γνώριμος</strong></span> <span class='ocrx_word' id='word_1_69' title='bbox 1466 847 1541 903; x_wconf 79' lang='grc' dir='ltr'><strong>ὢν</strong></span> <span class='ocrx_word' id='word_1_70' title='bbox 1569 849 1655 902; x_wconf 78' lang='grc' dir='ltr'><strong>ἐπ’</strong></span> <span class='ocrx_word' id='word_1_71' title='bbox 1680 848 1770 901; x_wconf 83' lang='grc' dir='ltr'><strong>εύ-</strong></span> 
     </span>
    </p>
   </div>
   <div class='ocr_carea' id='block_1_13' title="bbox 183 940 1767 1022">
    <p class='ocr_par' dir='ltr' id='par_1_13' title="bbox 183 940 1767 1022">
     <span class='ocr_line' id='line_1_13' title="bbox 183 940 1767 1022; baseline -0.005 -19"><span class='ocrx_word' id='word_1_72' title='bbox 183 950 392 1022; x_wconf 77' lang='grc' dir='ltr'><strong>σεϐείᾳ,</strong></span> <span class='ocrx_word' id='word_1_73' title='bbox 444 949 539 1003; x_wconf 78' lang='grc' dir='ltr'><strong>καὶ</strong></span> <span class='ocrx_word' id='word_1_74' title='bbox 574 947 676 1017; x_wconf 79' lang='grc' dir='ltr'><strong>τὴν</strong></span> <span class='ocrx_word' id='word_1_75' title='bbox 722 945 904 1001; x_wconf 88' lang='grc' dir='ltr'><strong>πίστιν</strong></span> <span class='ocrx_word' id='word_1_76' title='bbox 952 946 1051 1018; x_wconf 79' lang='grc' dir='ltr'><strong>τὴν</strong></span> <span class='ocrx_word' id='word_1_77' title='bbox 1099 947 1179 1010; x_wconf 85' lang='grc' dir='ltr'><strong>είς</strong></span> <span class='ocrx_word' id='word_1_78' title='bbox 1211 943 1447 1017; x_wconf 83' lang='grc' dir='ltr'><strong>Χριστὸν</strong></span> <span class='ocrx_word' id='word_1_79' title='bbox 1492 940 1767 1012; x_wconf 83' lang='grc' dir='ltr'><strong>πανταχοῦ</strong></span> 
     </span>
    </p>
   </div>
   <div class='ocr_carea' id='block_1_14' title="bbox 183 1034 1767 1113">
    <p class='ocr_par' dir='ltr' id='par_1_14' title="bbox 183 1034 1767 1113">
     <span class='ocr_line' id='line_1_14' title="bbox 183 1034 1767 1113; baseline -0.006 -17"><span class='ocrx_word' id='word_1_80' title='bbox 183 1042 519 1113; x_wconf 81' lang='grc' dir='ltr'><strong>περιφέρων,</strong></span> <span class='ocrx_word' id='word_1_81' title='bbox 561 1040 720 1111; x_wconf 89' lang='grc' dir='ltr'><strong>μόνον</strong></span> <span class='ocrx_word' id='word_1_82' title='bbox 761 1039 863 1093; x_wconf 85' lang='grc' dir='ltr'><strong>ούκ</strong></span> <span class='ocrx_word' id='word_1_83' title='bbox 892 1038 987 1091; x_wconf 73' lang='grc' dir='ltr'><strong>ἐπὶ</strong></span> <span class='ocrx_word' id='word_1_84' title='bbox 1024 1037 1118 1091; x_wconf 90' lang='grc' dir='ltr'><strong>τοῦ</strong></span> <span class='ocrx_word' id='word_1_85' title='bbox 1164 1035 1418 1108; x_wconf 87' lang='grc' dir='ltr'><strong>μετώπου</strong></span> <span class='ocrx_word' id='word_1_86' title='bbox 1459 1034 1556 1107; x_wconf 87' lang='grc' dir='ltr'><strong>τὴν</strong></span> <span class='ocrx_word' id='word_1_87' title='bbox 1581 1035 1767 1105; x_wconf 86' lang='grc' dir='ltr'><strong>ὁμολο-</strong></span> 
     </span>
    </p>
   </div>
   <div class='ocr_carea' id='block_1_15' title="bbox 183 1121 1766 1205">
    <p class='ocr_par' dir='ltr' id='par_1_15' title="bbox 183 1121 1766 1205">
     <span class='ocr_line' id='line_1_15' title="bbox 183 1121 1766 1205; baseline -0.006 -20"><span class='ocrx_word' id='word_1_88' title='bbox 183 1133 306 1202; x_wconf 84' lang='grc' dir='ltr'><strong>γίαν</strong></span> <span class='ocrx_word' id='word_1_89' title='bbox 346 1131 719 1205; x_wconf 75' lang='grc' dir='ltr'><strong>γραψάμενος,</strong></span> <span class='ocrx_word' id='word_1_90' title='bbox 753 1128 937 1182; x_wconf 75' lang='grc' dir='ltr'><strong>οὐκέτι</strong></span> <span class='ocrx_word' id='word_1_91' title='bbox 970 1127 1250 1190; x_wconf 83' lang='grc' dir='ltr'><strong>νεόλεκτος</strong></span> <span class='ocrx_word' id='word_1_92' title='bbox 1276 1121 1346 1197; x_wconf 77' lang='grc' dir='ltr'><strong>ἦν</strong></span> <span class='ocrx_word' id='word_1_93' title='bbox 1371 1125 1469 1196; x_wconf 81' lang='grc' dir='ltr'><strong>τὴν</strong></span> <span class='ocrx_word' id='word_1_94' title='bbox 1496 1122 1766 1195; x_wconf 83' lang='grc' dir='ltr'>ἀνδρείαν,</span> 
     </span>
    </p>
   </div>
   <div class='ocr_carea' id='block_1_16' title="bbox 183 1216 1768 1295">
    <p class='ocr_par' dir='ltr' id='par_1_16' title="bbox 183 1216 1768 1295">
     <span class='ocr_line' id='line_1_16' title="bbox 183 1216 1768 1295; baseline -0.006 -16"><span class='ocrx_word' id='word_1_95' title='bbox 183 1225 303 1279; x_wconf 70' lang='grc' dir='ltr'><strong>οὐδὲ</strong></span> <span class='ocrx_word' id='word_1_96' title='bbox 333 1225 562 1295; x_wconf 77' lang='grc' dir='ltr'><strong>ἄπειρος</strong></span> <span class='ocrx_word' id='word_1_97' title='bbox 585 1221 825 1293; x_wconf 84' lang='grc' dir='ltr'><strong>πολέμου</strong></span> <span class='ocrx_word' id='word_1_98' title='bbox 854 1220 947 1273; x_wconf 79' lang='grc' dir='ltr'><strong>καὶ</strong></span> <span class='ocrx_word' id='word_1_99' title='bbox 981 1219 1161 1290; x_wconf 83' lang='grc' dir='ltr'><strong>μάχης</strong></span> <span class='ocrx_word' id='word_1_100' title='bbox 1183 1234 1199 1249; x_wconf 68' lang='grc' dir='ltr'>θ</span> <span class='ocrx_word' id='word_1_101' title='bbox 1245 1216 1382 1270; x_wconf 83' lang='grc' dir='ltr'><strong>ἀλλὰ</strong></span> <span class='ocrx_word' id='word_1_102' title='bbox 1405 1217 1648 1285; x_wconf 83' lang='grc' dir='ltr'>γενναῖος</span> <span class='ocrx_word' id='word_1_103' title='bbox 1669 1216 1768 1286; x_wconf 82' lang='grc' dir='ltr'><strong>τὴν</strong></span> 
     </span>
    </p>
   </div>
   <div class='ocr_carea' id='block_1_17' title="bbox 182 1304 1769 1386">
    <p class='ocr_par' dir='ltr' id='par_1_17' title="bbox 182 1304 1769 1386">
     <span class='ocr_line' id='line_1_17' title="bbox 182 1304 1769 1386; baseline -0.008 -18"><span class='ocrx_word' id='word_1_104' title='bbox 182 1313 384 1386; x_wconf 71' lang='grc' dir='ltr'><strong>ψυχὴν,</strong></span> <span class='ocrx_word' id='word_1_105' title='bbox 434 1312 665 1383; x_wconf 74' lang='grc' dir='ltr'><strong>ἰσχυρὰν</strong></span> <span class='ocrx_word' id='word_1_106' title='bbox 717 1309 1087 1381; x_wconf 82' lang='grc' dir='ltr'><strong>ποιησάμενος</strong></span> <span class='ocrx_word' id='word_1_107' title='bbox 1138 1306 1275 1378; x_wconf 78' lang='grc' dir='ltr'><strong>πρὸς</strong></span> <span class='ocrx_word' id='word_1_108' title='bbox 1314 1306 1444 1369; x_wconf 83' lang='grc' dir='ltr'><strong>τοὺς</strong></span> <span class='ocrx_word' id='word_1_109' title='bbox 1493 1304 1769 1368; x_wconf 85' lang='grc' dir='ltr'><strong>κινδύνους</strong></span> 
     </span>
    </p>
   </div>
   <div class='ocr_carea' id='block_1_18' title="bbox 180 1396 1769 1477">
    <p class='ocr_par' dir='ltr' id='par_1_18' title="bbox 180 1396 1769 1477">
     <span class='ocr_line' id='line_1_18' title="bbox 180 1396 1769 1477; baseline -0.005 -20"><span class='ocrx_word' id='word_1_110' title='bbox 180 1406 278 1477; x_wconf 73' lang='grc' dir='ltr'><strong>τὴν</strong></span> <span class='ocrx_word' id='word_1_111' title='bbox 310 1405 585 1468; x_wconf 74' lang='grc' dir='ltr'><strong>ἔνστασιν,</strong></span> <span class='ocrx_word' id='word_1_112' title='bbox 639 1403 739 1473; x_wconf 78' lang='grc' dir='ltr'><strong>οὐχ</strong></span> <span class='ocrx_word' id='word_1_113' title='bbox 788 1400 1100 1472; x_wconf 78' lang='grc' dir='ltr'><strong>ὑφειμένος,</strong></span> <span class='ocrx_word' id='word_1_114' title='bbox 1155 1399 1215 1452; x_wconf 87' lang='grc' dir='ltr'><strong>ού</strong></span> <span class='ocrx_word' id='word_1_115' title='bbox 1255 1396 1483 1463; x_wconf 87' lang='grc' dir='ltr'><strong>δειλιῶν,</strong></span> <span class='ocrx_word' id='word_1_116' title='bbox 1518 1398 1578 1450; x_wconf 89' lang='grc' dir='ltr'><strong>ού</strong></span> <span class='ocrx_word' id='word_1_117' title='bbox 1612 1396 1769 1465; x_wconf 90' lang='grc' dir='ltr'><strong>λόγον</strong></span> 
     </span>
    </p>
   </div>
   <div class='ocr_carea' id='block_1_19' title="bbox 184 1487 1770 1567">
    <p class='ocr_par' dir='ltr' id='par_1_19' title="bbox 184 1487 1770 1567">
     <span class='ocr_line' id='line_1_19' title="bbox 184 1487 1770 1567; baseline -0.006 -17"><span class='ocrx_word' id='word_1_118' title='bbox 184 1496 637 1567; x_wconf 73' lang='grc' dir='ltr'><strong>ἀπαρρησίαστον</strong></span> <span class='ocrx_word' id='word_1_119' title='bbox 681 1492 1135 1565; x_wconf 78' lang='grc' dir='ltr'><strong>προϐαλλόμενος.</strong></span> <span class='ocrx_word' id='word_1_120' title='bbox 1214 1491 1301 1554; x_wconf 80' lang='grc' dir='ltr'><strong>Ὠς</strong></span> <span class='ocrx_word' id='word_1_121' title='bbox 1329 1490 1437 1563; x_wconf 82' lang='grc' dir='ltr'><strong>γὰρ</strong></span> <span class='ocrx_word' id='word_1_122' title='bbox 1465 1489 1685 1544; x_wconf 79' lang='grc' dir='ltr'><strong>ἐκάθισε</strong></span> <span class='ocrx_word' id='word_1_123' title='bbox 1710 1487 1770 1541; x_wconf 82' lang='grc' dir='ltr'><strong>τὸ</strong></span> 
     </span>
    </p>
   </div>
   <div class='ocr_carea' id='block_1_20' title="bbox 1874 304 3448 373">
    <p class='ocr_par' dir='ltr' id='par_1_20' title="bbox 1874 304 3448 373">
     <span class='ocr_line' id='line_1_20' title="bbox 1874 304 3448 373; baseline 0.003 -18"><span class='ocrx_word' id='word_1_124' title='bbox 1874 305 2057 357; x_wconf 90' lang='lat' dir='ltr'><strong>munis</strong></span> <span class='ocrx_word' id='word_1_125' title='bbox 2087 311 2206 369; x_wconf 88' lang='lat' dir='ltr'><strong>est;</strong></span> <span class='ocrx_word' id='word_1_126' title='bbox 2239 311 2497 373; x_wconf 87' lang='lat' dir='ltr'><strong>sumptus</strong></span> <span class='ocrx_word' id='word_1_127' title='bbox 2521 312 2704 358; x_wconf 87' lang='lat' dir='ltr'><strong>autem</strong></span> <span class='ocrx_word' id='word_1_128' title='bbox 2736 305 2888 360; x_wconf 88' lang='lat' dir='ltr'><strong>illinc</strong></span> <span class='ocrx_word' id='word_1_129' title='bbox 2916 304 2985 360; x_wconf 91' lang='lat' dir='ltr'><strong>ad</strong></span> <span class='ocrx_word' id='word_1_130' title='bbox 3019 317 3262 361; x_wconf 86' lang='lat' dir='ltr'><strong>armatos</strong></span> <span class='ocrx_word' id='word_1_131' title='bbox 3294 306 3448 360; x_wconf 74' lang='lat' dir='ltr'><strong>ordi-</strong></span> 
     </span>
    </p>
   </div>
   <div class='ocr_carea' id='block_1_21' title="bbox 1874 393 3448 459">
    <p class='ocr_par' dir='ltr' id='par_1_21' title="bbox 1874 393 3448 459">
     <span class='ocr_line' id='line_1_21' title="bbox 1874 393 3448 459; baseline 0.002 -12"><span class='ocrx_word' id='word_1_132' title='bbox 1874 408 1973 448; x_wconf 91' lang='lat' dir='ltr'><strong>ncs</strong></span> <span class='ocrx_word' id='word_1_133' title='bbox 2003 393 2288 459; x_wconf 74' lang='lat' dir='ltr'><strong>militares,</strong></span> <span class='ocrx_word' id='word_1_134' title='bbox 2317 409 2440 449; x_wconf 91' lang='lat' dir='ltr'><strong>cum</strong></span> <span class='ocrx_word' id='word_1_135' title='bbox 2471 395 2642 450; x_wconf 92' lang='lat' dir='ltr'><strong>duces</strong></span> <span class='ocrx_word' id='word_1_136' title='bbox 2671 396 2904 451; x_wconf 92' lang='lat' dir='ltr'><strong>militum</strong></span> <span class='ocrx_word' id='word_1_137' title='bbox 2930 412 3027 452; x_wconf 92' lang='lat' dir='ltr'><strong>eos</strong></span> <span class='ocrx_word' id='word_1_138' title='bbox 3062 397 3151 452; x_wconf 92' lang='lat' dir='ltr'><strong>hic</strong></span> <span class='ocrx_word' id='word_1_139' title='bbox 3183 397 3240 452; x_wconf 88' lang='lat' dir='ltr'><strong>in</strong></span> <span class='ocrx_word' id='word_1_140' title='bbox 3268 397 3448 452; x_wconf 61' lang='lat' dir='ltr'><strong>hibero</strong></span> 
     </span>
    </p>
   </div>
   <div class='ocr_carea' id='block_1_22' title="bbox 1874 484 3446 560">
    <p class='ocr_par' dir='ltr' id='par_1_22' title="bbox 1874 484 3446 560">
     <span class='ocr_line' id='line_1_22' title="bbox 1874 484 3446 560; baseline 0.002 -20"><span class='ocrx_word' id='word_1_141' title='bbox 1874 484 1961 541; x_wconf 88' lang='lat' dir='ltr'><strong>nis</strong></span> <span class='ocrx_word' id='word_1_142' title='bbox 1988 487 2374 552; x_wconf 88' lang='lat' dir='ltr'><strong>collocassent,</strong></span> <span class='ocrx_word' id='word_1_143' title='bbox 2404 487 2477 541; x_wconf 89' lang='lat' dir='ltr'><strong>ita</strong></span> <span class='ocrx_word' id='word_1_144' title='bbox 2504 503 2629 542; x_wconf 89' lang='lat' dir='ltr'><strong>cum</strong></span> <span class='ocrx_word' id='word_1_145' title='bbox 2658 503 2723 543; x_wconf 90' lang='lat' dir='ltr'><strong>ea</strong></span> <span class='ocrx_word' id='word_1_146' title='bbox 2751 488 2983 559; x_wconf 78' lang='lat' dir='ltr'><strong>legione,</strong></span> <span class='ocrx_word' id='word_1_147' title='bbox 3016 489 3071 544; x_wconf 92' lang='lat' dir='ltr'><strong>in</strong></span> <span class='ocrx_word' id='word_1_148' title='bbox 3094 504 3260 560; x_wconf 90' lang='lat' dir='ltr'><strong>quam</strong></span> <span class='ocrx_word' id='word_1_149' title='bbox 3305 504 3446 544; x_wconf 65' lang='lat' dir='ltr'><strong>cono</strong></span> 
     </span>
    </p>
   </div>
   <div class='ocr_carea' id='block_1_23' title="bbox 1875 577 3452 651">
    <p class='ocr_par' dir='ltr' id='par_1_23' title="bbox 1875 577 3452 651">
     <span class='ocr_line' id='line_1_23' title="bbox 1875 577 3452 651; baseline 0 -17"><span class='ocrx_word' id='word_1_150' title='bbox 1875 577 2119 649; x_wconf 86' lang='lat' dir='ltr'><strong>scriptus</strong></span> <span class='ocrx_word' id='word_1_151' title='bbox 2147 586 2289 644; x_wconf 87' lang='lat' dir='ltr'><strong>erat,</strong></span> <span class='ocrx_word' id='word_1_152' title='bbox 2318 579 2386 634; x_wconf 92' lang='lat' dir='ltr'><strong>ad</strong></span> <span class='ocrx_word' id='word_1_153' title='bbox 2409 589 2655 634; x_wconf 87' lang='lat' dir='ltr'><strong>nostram</strong></span> <span class='ocrx_word' id='word_1_154' title='bbox 2690 581 2965 651; x_wconf 74' lang='lat' dir='ltr'><strong>regionem</strong></span> <span class='ocrx_word' id='word_1_155' title='bbox 2995 581 3267 639; x_wconf 91' lang='lat' dir='ltr'><strong>transivit.</strong></span> <span class='ocrx_word' id='word_1_156' title='bbox 3299 580 3452 636; x_wconf 88' lang='lat' dir='ltr'><strong>Bello</strong></span> 
     </span>
    </p>
   </div>
   <div class='ocr_carea' id='block_1_24' title="bbox 1874 672 3450 740">
    <p class='ocr_par' dir='ltr' id='par_1_24' title="bbox 1874 672 3450 740">
     <span class='ocr_line' id='line_1_24' title="bbox 1874 672 3450 740; baseline 0.001 -16"><span class='ocrx_word' id='word_1_157' title='bbox 1874 681 2055 726; x_wconf 88' lang='lat' dir='ltr'><strong>autem</strong></span> <span class='ocrx_word' id='word_1_158' title='bbox 2078 678 2300 740; x_wconf 90' lang='lat' dir='ltr'><strong>repente</strong></span> <span class='ocrx_word' id='word_1_159' title='bbox 2322 680 2473 726; x_wconf 92' lang='lat' dir='ltr'><strong>moto</strong></span> <span class='ocrx_word' id='word_1_160' title='bbox 2490 685 2599 726; x_wconf 90' lang='lat' dir='ltr'><strong>non</strong></span> <span class='ocrx_word' id='word_1_161' title='bbox 2626 685 2693 726; x_wconf 80' lang='lat' dir='ltr'><strong>ex</strong></span> <span class='ocrx_word' id='word_1_162' title='bbox 2719 672 3036 728; x_wconf 86' lang='lat' dir='ltr'><strong>incursione</strong></span> <span class='ocrx_word' id='word_1_163' title='bbox 3064 672 3450 734; x_wconf 88' lang='lat' dir='ltr'><strong>barbarorum,</strong></span> 
     </span>
    </p>
   </div>
   <div class='ocr_carea' id='block_1_25' title="bbox 1877 759 3450 832">
    <p class='ocr_par' dir='ltr' id='par_1_25' title="bbox 1877 759 3450 832">
     <span class='ocr_line' id='line_1_25' title="bbox 1877 759 3450 832; baseline 0 -17"><span class='ocrx_word' id='word_1_164' title='bbox 1877 760 1975 815; x_wconf 90' lang='lat' dir='ltr'><strong>sed</strong></span> <span class='ocrx_word' id='word_1_165' title='bbox 2004 775 2070 815; x_wconf 79' lang='lat' dir='ltr'><strong>ex</strong></span> <span class='ocrx_word' id='word_1_166' title='bbox 2102 760 2219 828; x_wconf 77' lang='lat' dir='ltr'><strong>lege</strong></span> <span class='ocrx_word' id='word_1_167' title='bbox 2254 759 2518 815; x_wconf 88' lang='lat' dir='ltr'><strong>Satanica</strong></span> <span class='ocrx_word' id='word_1_168' title='bbox 2566 760 2922 832; x_wconf 88' lang='lat' dir='ltr'><strong>decretoque,</strong></span> <span class='ocrx_word' id='word_1_169' title='bbox 2959 776 3070 831; x_wconf 90' lang='lat' dir='ltr'><strong>quo</strong></span> <span class='ocrx_word' id='word_1_170' title='bbox 3099 762 3242 816; x_wconf 88' lang='lat' dir='ltr'><strong>Deus</strong></span> <span class='ocrx_word' id='word_1_171' title='bbox 3273 777 3450 832; x_wconf 82' lang='lat' dir='ltr'><strong>oppu-</strong></span> 
     </span>
    </p>
   </div>
   <div class='ocr_carea' id='block_1_26' title="bbox 1874 851 3452 923">
    <p class='ocr_par' dir='ltr' id='par_1_26' title="bbox 1874 851 3452 923">
     <span class='ocr_line' id='line_1_26' title="bbox 1874 851 3452 923; baseline 0.001 -19"><span class='ocrx_word' id='word_1_172' title='bbox 1874 860 2136 923; x_wconf 80' lang='lat' dir='ltr'><strong>gnaretur</strong></span> <span class='ocrx_word' id='word_1_173' title='bbox 2170 852 2511 922; x_wconf 88' lang='lat' dir='ltr'><strong>(quicunque</strong></span> <span class='ocrx_word' id='word_1_174' title='bbox 2542 852 2687 906; x_wconf 89' lang='lat' dir='ltr'><strong>enim</strong></span> <span class='ocrx_word' id='word_1_175' title='bbox 2707 851 3056 909; x_wconf 88' lang='lat' dir='ltr'><strong>Christianus</strong></span> <span class='ocrx_word' id='word_1_176' title='bbox 3086 860 3253 916; x_wconf 86' lang='lat' dir='ltr'><strong>esset,</strong></span> <span class='ocrx_word' id='word_1_177' title='bbox 3284 852 3452 922; x_wconf 89' lang='lat' dir='ltr'><strong>impio</strong></span> 
     </span>
    </p>
   </div>
   <div class='ocr_carea' id='block_1_27' title="bbox 1875 943 3451 1014">
    <p class='ocr_par' dir='ltr' id='par_1_27' title="bbox 1875 943 3451 1014">
     <span class='ocr_line' id='line_1_27' title="bbox 1875 943 3451 1014; baseline 0 -16"><span class='ocrx_word' id='word_1_178' title='bbox 1875 944 2081 1013; x_wconf 89' lang='lat' dir='ltr'><strong>scripto</strong></span> <span class='ocrx_word' id='word_1_179' title='bbox 2127 943 2527 1014; x_wconf 76' lang='lat' dir='ltr'><strong>exagitabatur,</strong></span> <span class='ocrx_word' id='word_1_180' title='bbox 2576 950 2632 1000; x_wconf 89' lang='lat' dir='ltr'><strong>et</strong></span> <span class='ocrx_word' id='word_1_181' title='bbox 2684 944 2749 999; x_wconf 89' lang='lat' dir='ltr'><strong>ad</strong></span> <span class='ocrx_word' id='word_1_182' title='bbox 2810 953 3039 1001; x_wconf 90' lang='lat' dir='ltr'><strong>mortem</strong></span> <span class='ocrx_word' id='word_1_183' title='bbox 3087 944 3451 1014; x_wconf 80' lang='lat' dir='ltr'><strong>ducebatur),</strong></span> 
     </span>
    </p>
   </div>
   <div class='ocr_carea' id='block_1_28' title="bbox 1874 1034 3455 1106">
    <p class='ocr_par' dir='ltr' id='par_1_28' title="bbox 1874 1034 3455 1106">
     <span class='ocr_line' id='line_1_28' title="bbox 1874 1034 3455 1106; baseline 0 -16"><span class='ocrx_word' id='word_1_184' title='bbox 1874 1046 2009 1090; x_wconf 89' lang='lat' dir='ltr'><strong>tunc</strong></span> <span class='ocrx_word' id='word_1_185' title='bbox 2038 1035 2321 1100; x_wconf 86' lang='lat' dir='ltr'><strong>nimirum,</strong></span> <span class='ocrx_word' id='word_1_186' title='bbox 2347 1042 2479 1092; x_wconf 92' lang='lat' dir='ltr'><strong>tunc</strong></span> <span class='ocrx_word' id='word_1_187' title='bbox 2497 1036 2587 1092; x_wconf 91' lang='lat' dir='ltr'><strong>hic</strong></span> <span class='ocrx_word' id='word_1_188' title='bbox 2614 1044 2697 1091; x_wconf 91' lang='lat' dir='ltr'><strong>ter</strong></span> <span class='ocrx_word' id='word_1_189' title='bbox 2722 1044 3029 1106; x_wconf 84' lang='lat' dir='ltr'><strong>quaterque</strong></span> <span class='ocrx_word' id='word_1_190' title='bbox 3048 1037 3244 1092; x_wconf 88' lang='lat' dir='ltr'><strong>beatus</strong></span> <span class='ocrx_word' id='word_1_191' title='bbox 3273 1034 3455 1090; x_wconf 81' lang='lat' dir='ltr'><strong>Theo-</strong></span> 
     </span>
    </p>
   </div>
   <div class='ocr_carea' id='block_1_29' title="bbox 1876 1126 3452 1197">
    <p class='ocr_par' dir='ltr' id='par_1_29' title="bbox 1876 1126 3452 1197">
     <span class='ocr_line' id='line_1_29' title="bbox 1876 1126 3452 1197; baseline 0 -17"><span class='ocrx_word' id='word_1_192' title='bbox 1876 1127 2070 1193; x_wconf 88' lang='lat' dir='ltr'><strong>dorus,</strong></span> <span class='ocrx_word' id='word_1_193' title='bbox 2106 1126 2252 1196; x_wconf 86' lang='lat' dir='ltr'><strong>quod</strong></span> <span class='ocrx_word' id='word_1_194' title='bbox 2290 1126 2493 1196; x_wconf 82' lang='lat' dir='ltr'><strong>insigni</strong></span> <span class='ocrx_word' id='word_1_195' title='bbox 2527 1128 2729 1197; x_wconf 80' lang='lat' dir='ltr'><strong>pietate</strong></span> <span class='ocrx_word' id='word_1_196' title='bbox 2764 1129 3028 1197; x_wconf 64' lang='lat' dir='ltr'><strong>praeditus</strong></span> <span class='ocrx_word' id='word_1_197' title='bbox 3059 1136 3230 1192; x_wconf 84' lang='lat' dir='ltr'><strong>esset,</strong></span> <span class='ocrx_word' id='word_1_198' title='bbox 3265 1127 3452 1183; x_wconf 82' lang='lat' dir='ltr'><strong>fidem-</strong></span> 
     </span>
    </p>
   </div>
   <div class='ocr_carea' id='block_1_30' title="bbox 1874 1214 3452 1286">
    <p class='ocr_par' dir='ltr' id='par_1_30' title="bbox 1874 1214 3452 1286">
     <span class='ocr_line' id='line_1_30' title="bbox 1874 1214 3452 1286; baseline 0 -18"><span class='ocrx_word' id='word_1_199' title='bbox 1874 1230 1982 1286; x_wconf 89' lang='lat' dir='ltr'><strong>que</strong></span> <span class='ocrx_word' id='word_1_200' title='bbox 2009 1214 2064 1268; x_wconf 91' lang='lat' dir='ltr'><strong>in</strong></span> <span class='ocrx_word' id='word_1_201' title='bbox 2085 1214 2366 1269; x_wconf 84' lang='lat' dir='ltr'><strong>Christum</strong></span> <span class='ocrx_word' id='word_1_202' title='bbox 2398 1214 2600 1285; x_wconf 82' lang='lat' dir='ltr'><strong>ubique</strong></span> <span class='ocrx_word' id='word_1_203' title='bbox 2630 1214 3035 1280; x_wconf 82' lang='lat' dir='ltr'><strong>circumferret,</strong></span> <span class='ocrx_word' id='word_1_204' title='bbox 3054 1215 3452 1285; x_wconf 82' lang='lat' dir='ltr'><strong>propemodum</strong></span> 
     </span>
    </p>
   </div>
   <div class='ocr_carea' id='block_1_31' title="bbox 1876 1308 3452 1380">
    <p class='ocr_par' dir='ltr' id='par_1_31' title="bbox 1876 1308 3452 1380">
     <span class='ocr_line' id='line_1_31' title="bbox 1876 1308 3452 1380; baseline -0.003 -15"><span class='ocrx_word' id='word_1_205' title='bbox 1876 1310 1929 1365; x_wconf 88' lang='lat' dir='ltr'><strong>in</strong></span> <span class='ocrx_word' id='word_1_206' title='bbox 1959 1308 2137 1365; x_wconf 87' lang='lat' dir='ltr'><strong>fronte</strong></span> <span class='ocrx_word' id='word_1_207' title='bbox 2170 1309 2575 1365; x_wconf 77' lang='lat' dir='ltr'><strong>confessionem</strong></span> <span class='ocrx_word' id='word_1_208' title='bbox 2607 1309 2921 1379; x_wconf 83' lang='lat' dir='ltr'><strong>inscriptam</strong></span> <span class='ocrx_word' id='word_1_209' title='bbox 2953 1324 3176 1380; x_wconf 73' lang='lat' dir='ltr'><strong>gerens,</strong></span> <span class='ocrx_word' id='word_1_210' title='bbox 3205 1325 3314 1363; x_wconf 91' lang='lat' dir='ltr'><strong>non</strong></span> <span class='ocrx_word' id='word_1_211' title='bbox 3338 1308 3452 1378; x_wconf 86' lang='lat' dir='ltr'><strong>jam</strong></span> 
     </span>
    </p>
   </div>
   <div class='ocr_carea' id='block_1_32' title="bbox 1876 1398 3453 1471">
    <p class='ocr_par' dir='ltr' id='par_1_32' title="bbox 1876 1398 3453 1471">
     <span class='ocr_line' id='line_1_32' title="bbox 1876 1398 3453 1471; baseline -0.001 -17"><span class='ocrx_word' id='word_1_212' title='bbox 1876 1400 2115 1470; x_wconf 88' lang='lat' dir='ltr'><strong>amplius</strong></span> <span class='ocrx_word' id='word_1_213' title='bbox 2149 1400 2350 1455; x_wconf 91' lang='lat' dir='ltr'><strong>virtute</strong></span> <span class='ocrx_word' id='word_1_214' title='bbox 2383 1410 2502 1471; x_wconf 84' lang='lat' dir='ltr'><strong>tyro</strong></span> <span class='ocrx_word' id='word_1_215' title='bbox 2532 1400 2692 1454; x_wconf 88' lang='lat' dir='ltr'><strong>modo</strong></span> <span class='ocrx_word' id='word_1_216' title='bbox 2719 1398 3068 1468; x_wconf 78' lang='lat' dir='ltr'><strong>conscriptus</strong></span> <span class='ocrx_word' id='word_1_217' title='bbox 3106 1405 3246 1460; x_wconf 89' lang='lat' dir='ltr'><strong>erat,</strong></span> <span class='ocrx_word' id='word_1_218' title='bbox 3275 1413 3453 1467; x_wconf 81' lang='lat' dir='ltr'><strong>neque</strong></span> 
     </span>
    </p>
   </div>
   <div class='ocr_carea' id='block_1_33' title="bbox 1876 1490 3451 1563">
    <p class='ocr_par' dir='ltr' id='par_1_33' title="bbox 1876 1490 3451 1563">
     <span class='ocr_line' id='line_1_33' title="bbox 1876 1490 3451 1563; baseline -0.001 -16"><span class='ocrx_word' id='word_1_219' title='bbox 1876 1494 1954 1549; x_wconf 87' lang='lat' dir='ltr'><strong>rei</strong></span> <span class='ocrx_word' id='word_1_220' title='bbox 2012 1494 2220 1549; x_wconf 75' lang='lat' dir='ltr'><strong>bellicae</strong></span> <span class='ocrx_word' id='word_1_221' title='bbox 2261 1500 2316 1548; x_wconf 91' lang='lat' dir='ltr'><strong>et</strong></span> <span class='ocrx_word' id='word_1_222' title='bbox 2345 1508 2540 1563; x_wconf 75' lang='lat' dir='ltr'><strong>pugna:</strong></span> <span class='ocrx_word' id='word_1_223' title='bbox 2583 1492 2775 1557; x_wconf 85' lang='lat' dir='ltr'><strong>rudis,</strong></span> <span class='ocrx_word' id='word_1_224' title='bbox 2809 1490 2904 1547; x_wconf 89' lang='lat' dir='ltr'><strong>sed</strong></span> <span class='ocrx_word' id='word_1_225' title='bbox 2955 1491 3139 1545; x_wconf 89' lang='lat' dir='ltr'><strong>animo</strong></span> <span class='ocrx_word' id='word_1_226' title='bbox 3168 1497 3451 1560; x_wconf 62' lang='lat' dir='ltr'><strong>strenuus,</strong></span> 
     </span>
    </p>
   </div>
   <div class='ocr_carea' id='block_1_34' title="bbox 185 1575 1775 1660">
    <p class='ocr_par' dir='ltr' id='par_1_34' title="bbox 185 1583 1770 1660">
     <span class='ocr_line' id='line_1_34' title="bbox 185 1583 1770 1660; baseline -0.005 -17"><span class='ocrx_word' id='word_1_227' title='bbox 185 1588 424 1660; x_wconf 76' lang='grc' dir='ltr'><strong>πονηρὸν</strong></span> <span class='ocrx_word' id='word_1_228' title='bbox 460 1589 636 1642; x_wconf 76' lang='grc' dir='ltr'><strong>ἐκεῖνο</strong></span> <span class='ocrx_word' id='word_1_229' title='bbox 684 1587 1053 1657; x_wconf 83' lang='grc' dir='ltr'><strong>δικαστήριον,</strong></span> <span class='ocrx_word' id='word_1_230' title='bbox 1096 1586 1125 1638; x_wconf 84' lang='grc' dir='ltr'>ὅ</span> <span class='ocrx_word' id='word_1_231' title='bbox 1153 1599 1212 1637; x_wconf 88' lang='grc' dir='ltr'><strong>τε</strong></span> <span class='ocrx_word' id='word_1_232' title='bbox 1243 1583 1465 1655; x_wconf 76' lang='grc' dir='ltr'><strong>ἡγεμὼν</strong></span> <span class='ocrx_word' id='word_1_233' title='bbox 1492 1583 1588 1637; x_wconf 75' lang='grc' dir='ltr'><strong>καὶ</strong></span> <span class='ocrx_word' id='word_1_234' title='bbox 1619 1584 1647 1637; x_wconf 91' lang='lat'><strong>6</strong></span> <span class='ocrx_word' id='word_1_235' title='bbox 1670 1600 1770 1636; x_wconf 84' lang='grc' dir='ltr'><strong>τα-</strong></span> 
     </span>
    </p>
   </div>
   <div class='ocr_carea' id='block_1_35' title="bbox 1879 1575 3449 1660">
    <p class='ocr_par' dir='ltr' id='par_1_35' title="bbox 1879 1578 3449 1652">
     <span class='ocr_line' id='line_1_35' title="bbox 1879 1578 3449 1652; baseline -0.003 -15"><span class='ocrx_word' id='word_1_236' title='bbox 1879 1582 2090 1638; x_wconf 86' lang='lat' dir='ltr'><strong>fortiter</strong></span> <span class='ocrx_word' id='word_1_237' title='bbox 2128 1598 2250 1638; x_wconf 92' lang='lat' dir='ltr'><strong>sese</strong></span> <span class='ocrx_word' id='word_1_238' title='bbox 2291 1582 2554 1652; x_wconf 88' lang='lat' dir='ltr'><strong>periculis</strong></span> <span class='ocrx_word' id='word_1_239' title='bbox 2592 1580 2860 1649; x_wconf 89' lang='lat' dir='ltr'><strong>objiciens</strong></span> <span class='ocrx_word' id='word_1_240' title='bbox 2884 1619 2899 1641; x_wconf 94' lang='lat'><strong>,</strong></span> <span class='ocrx_word' id='word_1_241' title='bbox 2951 1593 3062 1632; x_wconf 90' lang='lat' dir='ltr'><strong>non</strong></span> <span class='ocrx_word' id='word_1_242' title='bbox 3098 1578 3365 1633; x_wconf 85' lang='lat' dir='ltr'><strong>remissus</strong></span> <span class='ocrx_word' id='word_1_243' title='bbox 3395 1584 3449 1632; x_wconf 77' lang='lat' dir='ltr'><strong>et</strong></span> 
     </span>
    </p>
   </div>
   <div class='ocr_carea' id='block_1_36' title="bbox 185 1673 1771 1754">
    <p class='ocr_par' dir='ltr' id='par_1_36' title="bbox 185 1673 1771 1754">
     <span class='ocr_line' id='line_1_36' title="bbox 185 1673 1771 1754; baseline -0.005 -19"><span class='ocrx_word' id='word_1_244' title='bbox 185 1682 409 1754; x_wconf 77' lang='grc' dir='ltr'><strong>ξίαρχος</strong></span> <span class='ocrx_word' id='word_1_245' title='bbox 457 1682 536 1744; x_wconf 80' lang='grc' dir='ltr'><strong>εἰς</strong></span> <span class='ocrx_word' id='word_1_246' title='bbox 569 1678 734 1733; x_wconf 82' lang='grc' dir='ltr'><strong>ταύτὸ</strong></span> <span class='ocrx_word' id='word_1_247' title='bbox 783 1677 1156 1743; x_wconf 81' lang='grc' dir='ltr'><strong>συνελθόντες,</strong></span> <span class='ocrx_word' id='word_1_248' title='bbox 1206 1673 1283 1740; x_wconf 82' lang='grc' dir='ltr'><strong>ὡς</strong></span> <span class='ocrx_word' id='word_1_249' title='bbox 1323 1674 1572 1748; x_wconf 79' lang='grc' dir='ltr'><strong>Ἡρώδης</strong></span> <span class='ocrx_word' id='word_1_250' title='bbox 1639 1674 1771 1728; x_wconf 83' lang='grc' dir='ltr'><strong>ποτὲ</strong></span> 
     </span>
    </p>
   </div>
   <div class='ocr_carea' id='block_1_37' title="bbox 186 1767 1771 1839">
    <p class='ocr_par' dir='ltr' id='par_1_37' title="bbox 186 1767 1771 1839">
     <span class='ocr_line' id='line_1_37' title="bbox 186 1767 1771 1839; baseline -0.003 -14"><span class='ocrx_word' id='word_1_251' title='bbox 186 1774 284 1826; x_wconf 73' lang='grc' dir='ltr'><strong>καὶ</strong></span> <span class='ocrx_word' id='word_1_252' title='bbox 310 1772 559 1837; x_wconf 77' lang='grc' dir='ltr'><strong>Πιλᾶτος,</strong></span> <span class='ocrx_word' id='word_1_253' title='bbox 580 1771 670 1824; x_wconf 84' lang='grc' dir='ltr'><strong>τὸν</strong></span> <span class='ocrx_word' id='word_1_254' title='bbox 690 1769 876 1824; x_wconf 86' lang='grc' dir='ltr'><strong>δοῦλον</strong></span> <span class='ocrx_word' id='word_1_255' title='bbox 903 1768 998 1822; x_wconf 89' lang='grc' dir='ltr'><strong>τοῦ</strong></span> <span class='ocrx_word' id='word_1_256' title='bbox 1025 1767 1452 1839; x_wconf 85' lang='grc' dir='ltr'><strong>σταυρωθέντος,</strong></span> <span class='ocrx_word' id='word_1_257' title='bbox 1480 1768 1561 1831; x_wconf 80' lang='grc' dir='ltr'><strong>εἰς</strong></span> <span class='ocrx_word' id='word_1_258' title='bbox 1582 1767 1771 1839; x_wconf 81' lang='grc' dir='ltr'><strong>κρίσιν</strong></span> 
     </span>
    </p>
   </div>
   <div class='ocr_carea' id='block_1_38' title="bbox 186 1855 1771 1931">
    <p class='ocr_par' dir='ltr' id='par_1_38' title="bbox 186 1855 1771 1931">
     <span class='ocr_line' id='line_1_38' title="bbox 186 1855 1771 1931; baseline -0.001 -19"><span class='ocrx_word' id='word_1_259' title='bbox 186 1861 382 1931; x_wconf 80' lang='grc' dir='ltr'><strong>ὁμοίαν</strong></span> <span class='ocrx_word' id='word_1_260' title='bbox 400 1857 492 1913; x_wconf 79' lang='grc' dir='ltr'><strong>τοῦ</strong></span> <span class='ocrx_word' id='word_1_261' title='bbox 519 1858 791 1912; x_wconf 86' lang='grc' dir='ltr'><strong>Δεσπότου</strong></span> <span class='ocrx_word' id='word_1_262' title='bbox 822 1857 1188 1929; x_wconf 78' lang='grc' dir='ltr'><strong>κατέστησαν.</strong></span> <span class='ocrx_word' id='word_1_263' title='bbox 1217 1875 1237 1909; x_wconf 76' lang='grc' dir='ltr'><strong>ι</strong></span> <span class='ocrx_word' id='word_1_264' title='bbox 1262 1858 1375 1912; x_wconf 65' lang='grc' dir='ltr'><strong>Καὶ</strong></span> <span class='ocrx_word' id='word_1_265' title='bbox 1395 1855 1543 1924; x_wconf 82' lang='grc' dir='ltr'><strong>λέγε,</strong></span> <span class='ocrx_word' id='word_1_266' title='bbox 1571 1873 1591 1908; x_wconf 82' lang='grc' dir='ltr'><strong>ι</strong></span> <span class='ocrx_word' id='word_1_267' title='bbox 1616 1856 1771 1927; x_wconf 74' lang='grc' dir='ltr'><strong>φησὶ,</strong></span> 
     </span>
    </p>
   </div>
   <div class='ocr_carea' id='block_1_39' title="bbox 192 1947 1775 2021">
    <p class='ocr_par' dir='ltr' id='par_1_39' title="bbox 192 1947 1775 2021">
     <span class='ocr_line' id='line_1_39' title="bbox 192 1947 1775 2021; baseline -0.002 -18"><span class='ocrx_word' id='word_1_268' title='bbox 192 1970 213 2002; x_wconf 76' lang='grc' dir='ltr'><strong>ι</strong></span> <span class='ocrx_word' id='word_1_269' title='bbox 240 1950 407 2003; x_wconf 81' lang='grc' dir='ltr'><strong>πόθεν</strong></span> <span class='ocrx_word' id='word_1_270' title='bbox 438 1967 518 2003; x_wconf 90' lang='grc' dir='ltr'><strong>σοι</strong></span> <span class='ocrx_word' id='word_1_271' title='bbox 548 1948 886 2021; x_wconf 84' lang='grc' dir='ltr'><strong>θρασύτητος</strong></span> <span class='ocrx_word' id='word_1_272' title='bbox 915 1950 1012 2002; x_wconf 76' lang='grc' dir='ltr'><strong>καὶ</strong></span> <span class='ocrx_word' id='word_1_273' title='bbox 1040 1948 1248 2020; x_wconf 83' lang='grc' dir='ltr'><strong>τόλμης</strong></span> <span class='ocrx_word' id='word_1_274' title='bbox 1280 1947 1657 2019; x_wconf 77' lang='grc' dir='ltr'><strong>ἐγγινομένης,</strong></span> <span class='ocrx_word' id='word_1_275' title='bbox 1694 1947 1775 2011; x_wconf 86' lang='grc' dir='ltr'><strong>είς</strong></span> 
     </span>
    </p>
   </div>
   <div class='ocr_carea' id='block_1_40' title="bbox 185 2037 1777 2114">
    <p class='ocr_par' dir='ltr' id='par_1_40' title="bbox 185 2037 1777 2114">
     <span class='ocr_line' id='line_1_40' title="bbox 185 2037 1777 2114; baseline -0.003 -19"><span class='ocrx_word' id='word_1_276' title='bbox 185 2041 280 2095; x_wconf 64' lang='grc' dir='ltr'><strong>τὸν</strong></span> <span class='ocrx_word' id='word_1_277' title='bbox 331 2040 605 2111; x_wconf 74' lang='grc' dir='ltr'><strong>βασιλικὸν</strong></span> <span class='ocrx_word' id='word_1_278' title='bbox 653 2039 959 2114; x_wconf 75' lang='grc' dir='ltr'><strong>ὲξυὸρίζεις</strong></span> <span class='ocrx_word' id='word_1_279' title='bbox 987 2039 1170 2110; x_wconf 86' lang='grc' dir='ltr'><strong>νόμον,</strong></span> <span class='ocrx_word' id='word_1_280' title='bbox 1216 2040 1315 2112; x_wconf 85' lang='grc' dir='ltr'><strong>οὐχ</strong></span> <span class='ocrx_word' id='word_1_281' title='bbox 1359 2037 1695 2103; x_wconf 85' lang='grc' dir='ltr'><strong>ὑποκύπτεις</strong></span> <span class='ocrx_word' id='word_1_282' title='bbox 1719 2037 1777 2092; x_wconf 81' lang='grc' dir='ltr'><strong>δὲ</strong></span> 
     </span>
    </p>
   </div>
   <div class='ocr_carea' id='block_1_41' title="bbox 184 2129 1775 2203">
    <p class='ocr_par' dir='ltr' id='par_1_41' title="bbox 184 2129 1775 2203">
     <span class='ocr_line' id='line_1_41' title="bbox 184 2129 1775 2203; baseline -0.002 -17"><span class='ocrx_word' id='word_1_283' title='bbox 184 2131 411 2203; x_wconf 80' lang='grc' dir='ltr'><strong>τρέμων</strong></span> <span class='ocrx_word' id='word_1_284' title='bbox 438 2134 551 2192; x_wconf 84' lang='grc' dir='ltr'><strong>τοῖς</strong></span> <span class='ocrx_word' id='word_1_285' title='bbox 572 2129 667 2185; x_wconf 89' lang='grc' dir='ltr'><strong>τοῦ</strong></span> <span class='ocrx_word' id='word_1_286' title='bbox 690 2131 964 2185; x_wconf 89' lang='grc' dir='ltr'><strong>Δεσπότου</strong></span> <span class='ocrx_word' id='word_1_287' title='bbox 989 2131 1427 2203; x_wconf 85' lang='grc' dir='ltr'><strong>προστάγμασιν,</strong></span> <span class='ocrx_word' id='word_1_288' title='bbox 1457 2131 1580 2185; x_wconf 81' lang='grc' dir='ltr'><strong>οὐδὲ</strong></span> <span class='ocrx_word' id='word_1_289' title='bbox 1610 2146 1775 2203; x_wconf 80' lang='grc' dir='ltr'><strong>προσο</strong></span> 
     </span>
    </p>
   </div>
   <div class='ocr_carea' id='block_1_42' title="bbox 100 2222 1775 2296">
    <p class='ocr_par' dir='ltr' id='par_1_42' title="bbox 100 2222 1775 2296">
     <span class='ocr_line' id='line_1_42' title="bbox 100 2222 1775 2296; baseline -0.001 -20"><span class='ocrx_word' id='word_1_290' title='bbox 100 2245 110 2253; x_wconf 87' lang='grc'><strong>·</strong></span> <span class='ocrx_word' id='word_1_291' title='bbox 186 2227 377 2287; x_wconf 79' lang='grc' dir='ltr'><strong>κυνεῖς</strong></span> <span class='ocrx_word' id='word_1_292' title='bbox 423 2222 566 2277; x_wconf 74' lang='grc' dir='ltr'><strong>κατὰ</strong></span> <span class='ocrx_word' id='word_1_293' title='bbox 608 2223 670 2277; x_wconf 80' lang='grc' dir='ltr'><strong>τὸ</strong></span> <span class='ocrx_word' id='word_1_294' title='bbox 717 2223 909 2278; x_wconf 81' lang='grc' dir='ltr'><strong>δοκοῦν</strong></span> <span class='ocrx_word' id='word_1_295' title='bbox 952 2225 1065 2287; x_wconf 79' lang='grc' dir='ltr'><strong>τοῖς</strong></span> <span class='ocrx_word' id='word_1_296' title='bbox 1112 2222 1405 2296; x_wconf 68' lang='grc' dir='ltr'><strong>κρατοῦσιν</strong></span> <span class='ocrx_word' id='word_1_297' title='bbox 1434 2240 1448 2290; x_wconf 89' lang='grc'><strong>;</strong></span> <span class='ocrx_word' id='word_1_298' title='bbox 1481 2241 1500 2276; x_wconf 81' lang='grc' dir='ltr'><strong>ι</strong></span> <span class='ocrx_word' id='word_1_299' title='bbox 1565 2223 1629 2277; x_wconf 79' lang='lat' dir='ltr'><strong>Oi</strong></span> <span class='ocrx_word' id='word_1_300' title='bbox 1667 2222 1775 2292; x_wconf 83' lang='grc' dir='ltr'><strong>γὰρ</strong></span> 
     </span>
    </p>
   </div>
   <div class='ocr_carea' id='block_1_43' title="bbox 187 2313 1778 2388">
    <p class='ocr_par' dir='ltr' id='par_1_43' title="bbox 187 2313 1778 2388">
     <span class='ocr_line' id='line_1_43' title="bbox 187 2313 1778 2388; baseline -0.001 -18"><span class='ocrx_word' id='word_1_301' title='bbox 187 2317 343 2386; x_wconf 75' lang='grc' dir='ltr'><strong>ἀμφὶ</strong></span> <span class='ocrx_word' id='word_1_302' title='bbox 369 2314 713 2386; x_wconf 79' lang='grc' dir='ltr'><strong>Μαξιμιανὸν</strong></span> <span class='ocrx_word' id='word_1_303' title='bbox 743 2314 865 2370; x_wconf 89' lang='grc' dir='ltr'><strong>τότε</strong></span> <span class='ocrx_word' id='word_1_304' title='bbox 904 2315 1004 2386; x_wconf 79' lang='grc' dir='ltr'><strong>τῆς</strong></span> <span class='ocrx_word' id='word_1_305' title='bbox 1046 2315 1322 2387; x_wconf 81' lang='grc' dir='ltr'><strong>βασιλείας</strong></span> <span class='ocrx_word' id='word_1_306' title='bbox 1366 2313 1614 2388; x_wconf 75' lang='grc' dir='ltr'><strong>ἡγοῦντο.</strong></span> <span class='ocrx_word' id='word_1_307' title='bbox 1682 2315 1778 2378; x_wconf 84' lang='grc' dir='ltr'><strong>’ος</strong></span> 
     </span>
    </p>
   </div>
   <div class='ocr_carea' id='block_1_44' title="bbox 188 2404 1775 2480">
    <p class='ocr_par' dir='ltr' id='par_1_44' title="bbox 188 2404 1775 2480">
     <span class='ocr_line' id='line_1_44' title="bbox 188 2404 1775 2480; baseline -0.001 -19"><span class='ocrx_word' id='word_1_308' title='bbox 188 2408 410 2479; x_wconf 66' lang='grc' dir='ltr'><strong>στερρῷ</strong></span> <span class='ocrx_word' id='word_1_309' title='bbox 443 2406 524 2479; x_wconf 83' lang='grc' dir='ltr'><strong>τῷ</strong></span> <span class='ocrx_word' id='word_1_310' title='bbox 558 2406 830 2478; x_wconf 81' lang='grc' dir='ltr'><strong>προσώπῳ</strong></span> <span class='ocrx_word' id='word_1_311' title='bbox 869 2407 965 2463; x_wconf 72' lang='grc' dir='ltr'><strong>καὶ</strong></span> <span class='ocrx_word' id='word_1_312' title='bbox 990 2406 1447 2480; x_wconf 79' lang='grc' dir='ltr'><strong>άκατα[π]λήκτῳ</strong></span> <span class='ocrx_word' id='word_1_313' title='bbox 1468 2408 1535 2479; x_wconf 80' lang='grc' dir='ltr'><strong>τῇ</strong></span> <span class='ocrx_word' id='word_1_314' title='bbox 1557 2404 1775 2478; x_wconf 82' lang='grc' dir='ltr'><strong>γνώμῃ,</strong></span> 
     </span>
    </p>
   </div>
   <div class='ocr_carea' id='block_1_45' title="bbox 186 2498 1774 2573">
    <p class='ocr_par' dir='ltr' id='par_1_45' title="bbox 186 2498 1774 2573">
     <span class='ocr_line' id='line_1_45' title="bbox 186 2498 1774 2573; baseline -0.001 -19"><span class='ocrx_word' id='word_1_315' title='bbox 186 2500 447 2571; x_wconf 69' lang='grc' dir='ltr'><strong>εὔστοχον</strong></span> <span class='ocrx_word' id='word_1_316' title='bbox 496 2500 591 2570; x_wconf 75' lang='grc' dir='ltr'><strong>τὴν</strong></span> <span class='ocrx_word' id='word_1_317' title='bbox 644 2500 936 2573; x_wconf 80' lang='grc' dir='ltr'><strong>ἀπόκρισιν</strong></span> <span class='ocrx_word' id='word_1_318' title='bbox 986 2504 1100 2566; x_wconf 83' lang='grc' dir='ltr'><strong>τοῖς</strong></span> <span class='ocrx_word' id='word_1_319' title='bbox 1152 2500 1419 2572; x_wconf 83' lang='grc' dir='ltr'><strong>λεχθεῖσιν</strong></span> <span class='ocrx_word' id='word_1_320' title='bbox 1465 2498 1736 2570; x_wconf 73' lang='grc' dir='ltr'><strong>ἐπέθηκεν</strong></span> <span class='ocrx_word' id='word_1_321' title='bbox 1758 2514 1774 2529; x_wconf 91' lang='grc'><strong>·</strong></span> 
     </span>
    </p>
   </div>
   <div class='ocr_carea' id='block_1_46' title="bbox 195 2588 1776 2665">
    <p class='ocr_par' dir='ltr' id='par_1_46' title="bbox 195 2588 1776 2665">
     <span class='ocr_line' id='line_1_46' title="bbox 195 2588 1776 2665; baseline 0 -20"><span class='ocrx_word' id='word_1_322' title='bbox 195 2612 214 2645; x_wconf 76' lang='grc' dir='ltr'><strong>ι</strong></span> <span class='ocrx_word' id='word_1_323' title='bbox 239 2593 415 2656; x_wconf 72' lang='grc' dir='ltr'><strong>Θεους</strong></span> <span class='ocrx_word' id='word_1_324' title='bbox 452 2592 551 2663; x_wconf 87' lang='grc' dir='ltr'><strong>μὲν</strong></span> <span class='ocrx_word' id='word_1_325' title='bbox 591 2593 692 2647; x_wconf 78' lang='grc' dir='ltr'><strong>οὐκ</strong></span> <span class='ocrx_word' id='word_1_326' title='bbox 720 2588 837 2646; x_wconf 75' lang='grc' dir='ltr'><strong>οῖδα</strong></span> <span class='ocrx_word' id='word_1_327' title='bbox 884 2592 1039 2665; x_wconf 83' lang='grc' dir='ltr'><strong>(οὐδὲ</strong></span> <span class='ocrx_word' id='word_1_328' title='bbox 1068 2592 1177 2665; x_wconf 76' lang='grc' dir='ltr'><strong>γὰρ</strong></span> <span class='ocrx_word' id='word_1_329' title='bbox 1205 2592 1312 2646; x_wconf 76' lang='grc' dir='ltr'><strong>εἰσὶ</strong></span> <span class='ocrx_word' id='word_1_330' title='bbox 1345 2591 1487 2647; x_wconf 79' lang='grc' dir='ltr'><strong>κατὰ</strong></span> <span class='ocrx_word' id='word_1_331' title='bbox 1513 2590 1611 2664; x_wconf 80' lang='grc' dir='ltr'><strong>τὴν</strong></span> <span class='ocrx_word' id='word_1_332' title='bbox 1640 2590 1776 2662; x_wconf 83' lang='grc' dir='ltr'><strong>ἀλή-</strong></span> 
     </span>
    </p>
   </div>
   <div class='ocr_carea' id='block_1_47' title="bbox 192 2682 1776 2756">
    <p class='ocr_par' dir='ltr' id='par_1_47' title="bbox 192 2682 1776 2756">
     <span class='ocr_line' id='line_1_47' title="bbox 192 2682 1776 2756; baseline 0 -20"><span class='ocrx_word' id='word_1_333' title='bbox 192 2682 379 2754; x_wconf 84' lang='grc' dir='ltr'><strong>θειαν)</strong></span> <span class='ocrx_word' id='word_1_334' title='bbox 398 2700 413 2714; x_wconf 89' lang='grc'>·</span> <span class='ocrx_word' id='word_1_335' title='bbox 457 2682 719 2756; x_wconf 80' lang='grc' dir='ltr'><strong>δαίμονας</strong></span> <span class='ocrx_word' id='word_1_336' title='bbox 763 2683 821 2737; x_wconf 85' lang='grc' dir='ltr'><strong>δὲ</strong></span> <span class='ocrx_word' id='word_1_337' title='bbox 856 2685 1017 2756; x_wconf 80' lang='grc' dir='ltr'><strong>ὑμεῖς</strong></span> <span class='ocrx_word' id='word_1_338' title='bbox 1051 2683 1372 2748; x_wconf 85' lang='grc' dir='ltr'><strong>ἀπατεῶνας</strong></span> <span class='ocrx_word' id='word_1_339' title='bbox 1405 2683 1678 2738; x_wconf 81' lang='grc' dir='ltr'><strong>πλανᾶσθε</strong></span> <span class='ocrx_word' id='word_1_340' title='bbox 1710 2685 1776 2755; x_wconf 79' lang='grc' dir='ltr'><strong>τῇ</strong></span> 
     </span>
    </p>
   </div>
   <div class='ocr_carea' id='block_1_48' title="bbox 189 2771 1780 2847">
    <p class='ocr_par' dir='ltr' id='par_1_48' title="bbox 189 2771 1780 2847">
     <span class='ocr_line' id='line_1_48' title="bbox 189 2771 1780 2847; baseline -0.001 -20"><span class='ocrx_word' id='word_1_341' title='bbox 189 2771 283 2827; x_wconf 83' lang='grc' dir='ltr'><strong>τοῦ</strong></span> <span class='ocrx_word' id='word_1_342' title='bbox 303 2773 443 2827; x_wconf 82' lang='grc' dir='ltr'><strong>Θεοῦ</strong></span> <span class='ocrx_word' id='word_1_343' title='bbox 468 2773 738 2845; x_wconf 87' lang='grc' dir='ltr'><strong>τιμῶντες</strong></span> <span class='ocrx_word' id='word_1_344' title='bbox 757 2773 1118 2847; x_wconf 78' lang='grc' dir='ltr'><strong>προσηγορίᾳ·</strong></span> <span class='ocrx_word' id='word_1_345' title='bbox 1168 2773 1292 2846; x_wconf 73' lang='grc' dir='ltr'><strong>ἐμοὶ</strong></span> <span class='ocrx_word' id='word_1_346' title='bbox 1336 2773 1392 2827; x_wconf 82' lang='grc' dir='ltr'><strong>δὲ</strong></span> <span class='ocrx_word' id='word_1_347' title='bbox 1429 2774 1561 2837; x_wconf 81' lang='grc' dir='ltr'><strong>Θεὸς</strong></span> <span class='ocrx_word' id='word_1_348' title='bbox 1590 2774 1618 2826; x_wconf 88' lang='lat'><strong>6</strong></span> <span class='ocrx_word' id='word_1_349' title='bbox 1645 2774 1780 2844; x_wconf 84' lang='grc' dir='ltr'><strong>Χρι-</strong></span> 
     </span>
    </p>
   </div>
   <div class='ocr_carea' id='block_1_49' title="bbox 192 2861 1781 2936">
    <p class='ocr_par' dir='ltr' id='par_1_49' title="bbox 192 2861 1781 2936">
     <span class='ocr_line' id='line_1_49' title="bbox 192 2861 1781 2936; baseline -0.001 -20"><span class='ocrx_word' id='word_1_350' title='bbox 192 2862 344 2929; x_wconf 81' lang='grc' dir='ltr'><strong>στδς,</strong></span> <span class='ocrx_word' id='word_1_351' title='bbox 382 2864 413 2916; x_wconf 87' lang='lat'><strong>6</strong></span> <span class='ocrx_word' id='word_1_352' title='bbox 438 2862 533 2917; x_wconf 91' lang='grc' dir='ltr'><strong>τοῦ</strong></span> <span class='ocrx_word' id='word_1_353' title='bbox 564 2862 700 2917; x_wconf 86' lang='grc' dir='ltr'><strong>Θεοῦ</strong></span> <span class='ocrx_word' id='word_1_354' title='bbox 752 2864 1045 2936; x_wconf 82' lang='grc' dir='ltr'><strong>μονογενὴς</strong></span> <span class='ocrx_word' id='word_1_355' title='bbox 1073 2863 1228 2928; x_wconf 80' lang='grc' dir='ltr'><strong>Υἱός.</strong></span> <span class='ocrx_word' id='word_1_356' title='bbox 1263 2862 1433 2934; x_wconf 80' lang='grc' dir='ltr'><strong>’Υπὲρ</strong></span> <span class='ocrx_word' id='word_1_357' title='bbox 1475 2862 1578 2933; x_wconf 80' lang='grc' dir='ltr'><strong>τῆς</strong></span> <span class='ocrx_word' id='word_1_358' title='bbox 1622 2861 1781 2915; x_wconf 81' lang='grc' dir='ltr'><strong>εὐσε-</strong></span> 
     </span>
    </p>
   </div>
   <div class='ocr_carea' id='block_1_50' title="bbox 192 2947 1777 3028">
    <p class='ocr_par' dir='ltr' id='par_1_50' title="bbox 192 2947 1777 3028">
     <span class='ocr_line' id='line_1_50' title="bbox 192 2947 1777 3028; baseline -0.001 -20"><span class='ocrx_word' id='word_1_359' title='bbox 192 2954 351 3020; x_wconf 70' lang='lat' dir='ltr'><strong>Gaia;</strong></span> <span class='ocrx_word' id='word_1_360' title='bbox 375 2954 557 3009; x_wconf 88' lang='grc' dir='ltr'><strong>τοίνυν</strong></span> <span class='ocrx_word' id='word_1_361' title='bbox 587 2955 683 3009; x_wconf 77' lang='grc' dir='ltr'><strong>καὶ</strong></span> <span class='ocrx_word' id='word_1_362' title='bbox 713 2955 813 3025; x_wconf 83' lang='grc' dir='ltr'><strong>τῆς</strong></span> <span class='ocrx_word' id='word_1_363' title='bbox 852 2954 1140 3028; x_wconf 69' lang='grc' dir='ltr'><strong>ὁμολογίας</strong></span> <span class='ocrx_word' id='word_1_364' title='bbox 1175 2954 1277 3025; x_wconf 81' lang='grc' dir='ltr'><strong>τῆς</strong></span> <span class='ocrx_word' id='word_1_365' title='bbox 1320 2947 1400 3019; x_wconf 79' lang='grc' dir='ltr'><strong>εἰς</strong></span> <span class='ocrx_word' id='word_1_366' title='bbox 1432 2956 1656 3015; x_wconf 77' lang='grc' dir='ltr'><strong>ἐκεῖνον.</strong></span> <span class='ocrx_word' id='word_1_367' title='bbox 1683 2952 1777 3007; x_wconf 78' lang='grc' dir='ltr'><strong>καὶ</strong></span> 
     </span>
    </p>
   </div>
   <div class='ocr_carea' id='block_1_51' title="bbox 193 3045 1776 3123">
    <p class='ocr_par' dir='ltr' id='par_1_51' title="bbox 193 3045 1776 3123">
     <span class='ocr_line' id='line_1_51' title="bbox 193 3045 1776 3123; baseline -0.004 -19"><span class='ocrx_word' id='word_1_368' title='bbox 193 3050 223 3104; x_wconf 81' lang='lat'><strong>6</strong></span> <span class='ocrx_word' id='word_1_369' title='bbox 252 3045 578 3123; x_wconf 85' lang='grc' dir='ltr'><strong>τιτρώσκων</strong></span> <span class='ocrx_word' id='word_1_370' title='bbox 616 3048 897 3121; x_wconf 81' lang='grc' dir='ltr'><strong>τεμνέτω,</strong></span> <span class='ocrx_word' id='word_1_371' title='bbox 961 3048 1058 3103; x_wconf 74' lang='grc' dir='ltr'><strong>καὶ</strong></span> <span class='ocrx_word' id='word_1_372' title='bbox 1108 3048 1138 3103; x_wconf 87' lang='lat'><strong>6</strong></span> <span class='ocrx_word' id='word_1_373' title='bbox 1180 3046 1461 3120; x_wconf 77' lang='grc' dir='ltr'><strong>μαστίζων</strong></span> <span class='ocrx_word' id='word_1_374' title='bbox 1507 3045 1733 3111; x_wconf 80' lang='grc' dir='ltr'><strong>ξαινέτω</strong></span> <span class='ocrx_word' id='word_1_375' title='bbox 1760 3084 1776 3107; x_wconf 88' lang='grc'><strong>,</strong></span> 
     </span>
    </p>
   </div>
   <div class='ocr_carea' id='block_1_52' title="bbox 195 3139 1780 3214">
    <p class='ocr_par' dir='ltr' id='par_1_52' title="bbox 195 3139 1780 3214">
     <span class='ocr_line' id='line_1_52' title="bbox 195 3139 1780 3214; baseline -0.003 -19"><span class='ocrx_word' id='word_1_376' title='bbox 195 3142 290 3195; x_wconf 71' lang='grc' dir='ltr'><strong>καὶ</strong></span> <span class='ocrx_word' id='word_1_377' title='bbox 321 3142 352 3195; x_wconf 92' lang='lat'><strong>6</strong></span> <span class='ocrx_word' id='word_1_378' title='bbox 379 3141 552 3195; x_wconf 84' lang='grc' dir='ltr'><strong>καίων</strong></span> <span class='ocrx_word' id='word_1_379' title='bbox 573 3140 896 3213; x_wconf 89' lang='grc' dir='ltr'><strong>προσαγέτω</strong></span> <span class='ocrx_word' id='word_1_380' title='bbox 914 3140 1013 3214; x_wconf 75' lang='grc' dir='ltr'><strong>τὴν</strong></span> <span class='ocrx_word' id='word_1_381' title='bbox 1037 3139 1212 3211; x_wconf 84' lang='grc' dir='ltr'><strong>φλόγα</strong></span> <span class='ocrx_word' id='word_1_382' title='bbox 1232 3182 1247 3206; x_wconf 91' lang='grc'><strong>,</strong></span> <span class='ocrx_word' id='word_1_383' title='bbox 1269 3139 1363 3194; x_wconf 77' lang='grc' dir='ltr'><strong>καὶ</strong></span> <span class='ocrx_word' id='word_1_384' title='bbox 1387 3139 1417 3193; x_wconf 88' lang='lat'><strong>6</strong></span> <span class='ocrx_word' id='word_1_385' title='bbox 1434 3140 1551 3204; x_wconf 81' lang='grc' dir='ltr'><strong>ταῖς</strong></span> <span class='ocrx_word' id='word_1_386' title='bbox 1575 3140 1780 3209; x_wconf 85' lang='grc' dir='ltr'><strong>φωναῖς</strong></span> 
     </span>
    </p>
   </div>
   <div class='ocr_carea' id='block_1_53' title="bbox 202 3226 1781 3303">
    <p class='ocr_par' dir='ltr' id='par_1_53' title="bbox 202 3226 1781 3303">
     <span class='ocr_line' id='line_1_53' title="bbox 202 3226 1781 3303; baseline -0.003 -18"><span class='ocrx_word' id='word_1_387' title='bbox 202 3248 305 3301; x_wconf 86' lang='grc' dir='ltr'><strong>μου</strong></span> <span class='ocrx_word' id='word_1_388' title='bbox 333 3229 563 3295; x_wconf 81' lang='grc' dir='ltr'><strong>ταύταις</strong></span> <span class='ocrx_word' id='word_1_389' title='bbox 590 3231 889 3303; x_wconf 78' lang='grc' dir='ltr'><strong>ἀχθόμενος</strong></span> <span class='ocrx_word' id='word_1_390' title='bbox 938 3230 1200 3303; x_wconf 74' lang='grc' dir='ltr'><strong>ἐξαιρέτω</strong></span> <span class='ocrx_word' id='word_1_391' title='bbox 1219 3229 1318 3301; x_wconf 77' lang='grc' dir='ltr'><strong>τὴν</strong></span> <span class='ocrx_word' id='word_1_392' title='bbox 1339 3229 1591 3298; x_wconf 86' lang='grc' dir='ltr'><strong>γλῶσσαν</strong></span> <span class='ocrx_word' id='word_1_393' title='bbox 1611 3245 1625 3260; x_wconf 75' lang='grc' dir='ltr'><strong>ο</strong></span> <span class='ocrx_word' id='word_1_394' title='bbox 1659 3226 1781 3282; x_wconf 84' lang='grc' dir='ltr'><strong>καθ’</strong></span> 
     </span>
    </p>
   </div>
   <div class='ocr_carea' id='block_1_54' title="bbox 199 3320 1785 3394">
    <p class='ocr_par' dir='ltr' id='par_1_54' title="bbox 199 3320 1785 3394">
     <span class='ocr_line' id='line_1_54' title="bbox 199 3320 1785 3394; baseline -0.002 -19"><span class='ocrx_word' id='word_1_395' title='bbox 199 3323 432 3377; x_wconf 71' lang='grc' dir='ltr'><strong>ἓκαστον</strong></span> <span class='ocrx_word' id='word_1_396' title='bbox 461 3322 572 3393; x_wconf 84' lang='grc' dir='ltr'><strong>γὰρ</strong></span> <span class='ocrx_word' id='word_1_397' title='bbox 610 3322 874 3394; x_wconf 77' lang='grc' dir='ltr'><strong>μέλος,τδ</strong></span> <span class='ocrx_word' id='word_1_398' title='bbox 909 3322 1069 3394; x_wconf 90' lang='grc' dir='ltr'><strong>σῶμα</strong></span> <span class='ocrx_word' id='word_1_399' title='bbox 1110 3322 1189 3393; x_wconf 79' lang='grc' dir='ltr'><strong>τῷ</strong></span> <span class='ocrx_word' id='word_1_400' title='bbox 1232 3321 1480 3376; x_wconf 86' lang='grc' dir='ltr'><strong>κτίσαντι</strong></span> <span class='ocrx_word' id='word_1_401' title='bbox 1518 3320 1785 3391; x_wconf 79' lang='grc' dir='ltr'><strong>χρεωστεῐ</strong></span> 
     </span>
    </p>
   </div>
   <div class='ocr_carea' id='block_1_55' title="bbox 200 3413 1780 3488">
    <p class='ocr_par' dir='ltr' id='par_1_55' title="bbox 200 3413 1780 3488">
     <span class='ocr_line' id='line_1_55' title="bbox 200 3413 1780 3488; baseline -0.003 -18"><span class='ocrx_word' id='word_1_402' title='bbox 200 3416 299 3486; x_wconf 76' lang='grc' dir='ltr'><strong>τὴν</strong></span> <span class='ocrx_word' id='word_1_403' title='bbox 322 3416 623 3487; x_wconf 78' lang='grc' dir='ltr'><strong>ὑπομονήν.</strong></span> <span class='ocrx_word' id='word_1_404' title='bbox 648 3433 669 3467; x_wconf 83' lang='grc' dir='ltr'><strong>ι</strong></span> <span class='ocrx_word' id='word_1_405' title='bbox 718 3414 1063 3488; x_wconf 81' lang='grc' dir='ltr'><strong>Ἠττήθησαν</strong></span> <span class='ocrx_word' id='word_1_406' title='bbox 1101 3415 1208 3470; x_wconf 89' lang='grc' dir='ltr'><strong>τῶν</strong></span> <span class='ocrx_word' id='word_1_407' title='bbox 1223 3414 1397 3483; x_wconf 80' lang='grc' dir='ltr'><strong>λόγων</strong></span> <span class='ocrx_word' id='word_1_408' title='bbox 1424 3413 1475 3467; x_wconf 87' lang='grc' dir='ltr'><strong>οί</strong></span> <span class='ocrx_word' id='word_1_409' title='bbox 1501 3413 1780 3486; x_wconf 69' lang='grc' dir='ltr'><strong>τύραννον</strong></span> 
     </span>
    </p>
   </div>
   <div class='ocr_carea' id='block_1_56' title="bbox 205 3503 1786 3578">
    <p class='ocr_par' dir='ltr' id='par_1_56' title="bbox 205 3503 1786 3578">
     <span class='ocr_line' id='line_1_56' title="bbox 205 3503 1786 3578; baseline -0.003 -19"><span class='ocrx_word' id='word_1_410' title='bbox 205 3507 299 3560; x_wconf 71' lang='grc' dir='ltr'><strong>καὶ</strong></span> <span class='ocrx_word' id='word_1_411' title='bbox 336 3506 438 3577; x_wconf 77' lang='grc' dir='ltr'><strong>τὴν</strong></span> <span class='ocrx_word' id='word_1_412' title='bbox 466 3504 691 3578; x_wconf 70' lang='grc' dir='ltr'><strong>πρώτην</strong></span> <span class='ocrx_word' id='word_1_413' title='bbox 715 3504 1018 3578; x_wconf 77' lang='grc' dir='ltr'><strong>προσϐολὴν</strong></span> <span class='ocrx_word' id='word_1_414' title='bbox 1055 3504 1148 3559; x_wconf 85' lang='grc' dir='ltr'><strong>τοῦ</strong></span> <span class='ocrx_word' id='word_1_415' title='bbox 1190 3503 1457 3576; x_wconf 79' lang='grc' dir='ltr'><strong>ἀριστέως</strong></span> <span class='ocrx_word' id='word_1_416' title='bbox 1489 3503 1590 3557; x_wconf 80' lang='grc' dir='ltr'><strong>οὐκ</strong></span> <span class='ocrx_word' id='word_1_417' title='bbox 1622 3503 1786 3575; x_wconf 72' lang='grc' dir='ltr'><strong>ἠνεγ-</strong></span> 
     </span>
    </p>
   </div>
   <div class='ocr_carea' id='block_1_57' title="bbox 206 3592 1783 3669">
    <p class='ocr_par' dir='ltr' id='par_1_57' title="bbox 206 3592 1783 3669">
     <span class='ocr_line' id='line_1_57' title="bbox 206 3592 1783 3669; baseline -0.003 -18"><span class='ocrx_word' id='word_1_418' title='bbox 206 3615 332 3661; x_wconf 75' lang='grc' dir='ltr'><strong>καν,</strong></span> <span class='ocrx_word' id='word_1_419' title='bbox 349 3597 631 3651; x_wconf 86' lang='grc' dir='ltr'><strong>νεανίσκον</strong></span> <span class='ocrx_word' id='word_1_420' title='bbox 680 3596 968 3668; x_wconf 82' lang='grc' dir='ltr'><strong>βλέποντες</strong></span> <span class='ocrx_word' id='word_1_421' title='bbox 1012 3596 1149 3669; x_wconf 79' lang='grc' dir='ltr'><strong>πρὸς</strong></span> <span class='ocrx_word' id='word_1_422' title='bbox 1171 3596 1233 3650; x_wconf 80' lang='grc' dir='ltr'><strong>τὸ</strong></span> <span class='ocrx_word' id='word_1_423' title='bbox 1261 3593 1433 3659; x_wconf 87' lang='grc' dir='ltr'><strong>πάθος</strong></span> <span class='ocrx_word' id='word_1_424' title='bbox 1450 3592 1783 3665; x_wconf 84' lang='grc' dir='ltr'><strong>σφριγῶντα,</strong></span> 
     </span>
    </p>
   </div>
   <div class='ocr_carea' id='block_1_58' title="bbox 207 3687 1787 3761">
    <p class='ocr_par' dir='ltr' id='par_1_58' title="bbox 207 3687 1787 3761">
     <span class='ocr_line' id='line_1_58' title="bbox 207 3687 1787 3761; baseline -0.001 -20"><span class='ocrx_word' id='word_1_425' title='bbox 207 3688 306 3742; x_wconf 74' lang='grc' dir='ltr'><strong>καὶ</strong></span> <span class='ocrx_word' id='word_1_426' title='bbox 332 3690 408 3752; x_wconf 87' lang='grc' dir='ltr'><strong>ώς</strong></span> <span class='ocrx_word' id='word_1_427' title='bbox 437 3688 533 3760; x_wconf 76' lang='grc' dir='ltr'><strong>ἡδύ</strong></span> <span class='ocrx_word' id='word_1_428' title='bbox 561 3706 617 3743; x_wconf 89' lang='grc' dir='ltr'><strong>τι</strong></span> <span class='ocrx_word' id='word_1_429' title='bbox 662 3688 817 3761; x_wconf 87' lang='grc' dir='ltr'><strong>πόμα</strong></span> <span class='ocrx_word' id='word_1_430' title='bbox 839 3688 939 3761; x_wconf 79' lang='grc' dir='ltr'><strong>τὴν</strong></span> <span class='ocrx_word' id='word_1_431' title='bbox 975 3688 1235 3761; x_wconf 83' lang='grc' dir='ltr'><strong>τελευτὴν</strong></span> <span class='ocrx_word' id='word_1_432' title='bbox 1264 3687 1647 3758; x_wconf 72' lang='grc' dir='ltr'><strong>ἐφελκόμενον.</strong></span> <span class='ocrx_word' id='word_1_433' title='bbox 1696 3687 1787 3753; x_wconf 85' lang='grc' dir='ltr'><strong>Ὠς</strong></span> 
     </span>
    </p>
   </div>
   <div class='ocr_carea' id='block_1_59' title="bbox 206 3775 1783 3850">
    <p class='ocr_par' dir='ltr' id='par_1_59' title="bbox 206 3775 1783 3850">
     <span class='ocr_line' id='line_1_59' title="bbox 206 3775 1783 3850; baseline 0.001 -21"><span class='ocrx_word' id='word_1_434' title='bbox 206 3777 271 3830; x_wconf 71' lang='grc' dir='ltr'><strong>δὲ</strong></span> <span class='ocrx_word' id='word_1_435' title='bbox 309 3777 503 3831; x_wconf 82' lang='grc' dir='ltr'><strong>ἒκεῖνοι</strong></span> <span class='ocrx_word' id='word_1_436' title='bbox 538 3777 732 3849; x_wconf 82' lang='grc' dir='ltr'><strong>μικρὸν</strong></span> <span class='ocrx_word' id='word_1_437' title='bbox 768 3779 987 3849; x_wconf 74' lang='grc' dir='ltr'><strong>ἐπεῖχον</strong></span> <span class='ocrx_word' id='word_1_438' title='bbox 1015 3775 1376 3850; x_wconf 71' lang='grc' dir='ltr'><strong>ἡπορημένοι,</strong></span> <span class='ocrx_word' id='word_1_439' title='bbox 1417 3777 1510 3830; x_wconf 77' lang='grc' dir='ltr'><strong>καὶ</strong></span> <span class='ocrx_word' id='word_1_440' title='bbox 1537 3775 1783 3847; x_wconf 86' lang='grc' dir='ltr'><strong>βουλευό-</strong></span> 
     </span>
    </p>
   </div>
   <div class='ocr_carea' id='block_1_60' title="bbox 212 3866 1791 3940">
    <p class='ocr_par' dir='ltr' id='par_1_60' title="bbox 212 3866 1791 3940">
     <span class='ocr_line' id='line_1_60' title="bbox 212 3866 1791 3940; baseline 0.001 -21"><span class='ocrx_word' id='word_1_441' title='bbox 212 3881 374 3936; x_wconf 76' lang='grc' dir='ltr'><strong>μενοι</strong></span> <span class='ocrx_word' id='word_1_442' title='bbox 396 3866 456 3919; x_wconf 87' lang='grc' dir='ltr'><strong>τδ</strong></span> <span class='ocrx_word' id='word_1_443' title='bbox 487 3866 752 3939; x_wconf 80' lang='grc' dir='ltr'><strong>πρακτέον</strong></span> <span class='ocrx_word' id='word_1_444' title='bbox 774 3884 791 3901; x_wconf 77' lang='grc' dir='ltr'><strong>ο</strong></span> <span class='ocrx_word' id='word_1_445' title='bbox 836 3866 920 3932; x_wconf 77' lang='grc' dir='ltr'><strong>εἷς</strong></span> <span class='ocrx_word' id='word_1_446' title='bbox 944 3885 1029 3932; x_wconf 91' lang='grc' dir='ltr'><strong>τις</strong></span> <span class='ocrx_word' id='word_1_447' title='bbox 1056 3867 1167 3921; x_wconf 89' lang='grc' dir='ltr'><strong>τῶν</strong></span> <span class='ocrx_word' id='word_1_448' title='bbox 1189 3869 1249 3922; x_wconf 77' lang='grc' dir='ltr'><strong>ὲν</strong></span> <span class='ocrx_word' id='word_1_449' title='bbox 1280 3867 1423 3922; x_wconf 84' lang='grc' dir='ltr'><strong>τέλει</strong></span> <span class='ocrx_word' id='word_1_450' title='bbox 1451 3866 1791 3940; x_wconf 84' lang='grc' dir='ltr'><strong>στρατιώτης</strong></span> 
     </span>
    </p>
   </div>
   <div class='ocr_carea' id='block_1_61' title="bbox 209 3953 1787 4030">
    <p class='ocr_par' dir='ltr' id='par_1_61' title="bbox 209 3953 1787 4030">
     <span class='ocr_line' id='line_1_61' title="bbox 209 3953 1787 4030; baseline 0.002 -21"><span class='ocrx_word' id='word_1_451' title='bbox 209 3953 427 4026; x_wconf 74' lang='grc' dir='ltr'><strong>κομψὸς</strong></span> <span class='ocrx_word' id='word_1_452' title='bbox 458 3954 593 4013; x_wconf 74' lang='lat' dir='ltr'><strong>sim</strong></span> <span class='ocrx_word' id='word_1_453' title='bbox 640 3959 908 4030; x_wconf 87' lang='grc' dir='ltr'><strong>οἰόμενος,</strong></span> <span class='ocrx_word' id='word_1_454' title='bbox 949 3957 1321 4030; x_wconf 68' lang='grc' dir='ltr'><strong>ἐπιχλευάζων</strong></span> <span class='ocrx_word' id='word_1_455' title='bbox 1353 3957 1490 4030; x_wconf 82' lang='grc' dir='ltr'><strong>ὁμοῦ</strong></span> <span class='ocrx_word' id='word_1_456' title='bbox 1521 3958 1620 4029; x_wconf 79' lang='grc' dir='ltr'><strong>τὴν</strong></span> <span class='ocrx_word' id='word_1_457' title='bbox 1648 3958 1787 4014; x_wconf 80' lang='grc' dir='ltr'><strong>ἁπό-</strong></span> 
     </span>
    </p>
   </div>
   <div class='ocr_carea' id='block_1_62' title="bbox 207 4046 1789 4120">
    <p class='ocr_par' dir='ltr' id='par_1_62' title="bbox 207 4046 1789 4120">
     <span class='ocr_line' id='line_1_62' title="bbox 207 4046 1789 4120; baseline 0.003 -21"><span class='ocrx_word' id='word_1_458' title='bbox 207 4060 397 4115; x_wconf 78' lang='grc' dir='ltr'><strong>κρισιν</strong></span> <span class='ocrx_word' id='word_1_459' title='bbox 425 4047 525 4118; x_wconf 76' lang='grc' dir='ltr'><strong>τὴν</strong></span> <span class='ocrx_word' id='word_1_460' title='bbox 545 4046 637 4102; x_wconf 88' lang='grc' dir='ltr'><strong>τοῦ</strong></span> <span class='ocrx_word' id='word_1_461' title='bbox 667 4046 973 4120; x_wconf 83' lang='grc' dir='ltr'><strong>μάρτυρος,</strong></span> <span class='ocrx_word' id='word_1_462' title='bbox 1006 4066 1025 4100; x_wconf 83' lang='grc' dir='ltr'><strong>ι</strong></span> <span class='ocrx_word' id='word_1_463' title='bbox 1057 4046 1215 4102; x_wconf 80' lang='grc' dir='ltr'><strong>Ἐστι</strong></span> <span class='ocrx_word' id='word_1_464' title='bbox 1239 4048 1369 4120; x_wconf 79' lang='grc' dir='ltr'><strong>γάρ,</strong></span> <span class='ocrx_word' id='word_1_465' title='bbox 1394 4068 1414 4101; x_wconf 81' lang='grc' dir='ltr'><strong>ι</strong></span> <span class='ocrx_word' id='word_1_466' title='bbox 1442 4048 1567 4120; x_wconf 78' lang='grc' dir='ltr'><strong>ἔφη,</strong></span> <span class='ocrx_word' id='word_1_467' title='bbox 1603 4066 1622 4102; x_wconf 83' lang='grc' dir='ltr'><strong>ι</strong></span> <span class='ocrx_word' id='word_1_468' title='bbox 1640 4048 1789 4114; x_wconf 81' lang='grc' dir='ltr'><strong>Υίδς,</strong></span> 
     </span>
    </p>
   </div>
   <div class='ocr_carea' id='block_1_63' title="bbox 200 4129 1790 4213">
    <p class='ocr_par' dir='ltr' id='par_1_63' title="bbox 200 4129 1790 4213">
     <span class='ocr_line' id='line_1_63' title="bbox 200 4129 1790 4213; baseline 0.003 -21"><span class='ocrx_word' id='word_1_469' title='bbox 200 4129 254 4192; x_wconf 73' lang='grc' dir='ltr'>ὦ</span> <span class='ocrx_word' id='word_1_470' title='bbox 285 4136 556 4210; x_wconf 80' lang='grc' dir='ltr'><strong>Θεόδωρε,</strong></span> <span class='ocrx_word' id='word_1_471' title='bbox 584 4139 663 4211; x_wconf 81' lang='grc' dir='ltr'><strong>τῷ</strong></span> <span class='ocrx_word' id='word_1_472' title='bbox 698 4139 777 4213; x_wconf 80' lang='grc' dir='ltr'><strong>σῷ</strong></span> <span class='ocrx_word' id='word_1_473' title='bbox 814 4139 972 4212; x_wconf 76' lang='grc' dir='ltr'><strong>Θεῷς</strong></span> <span class='ocrx_word' id='word_1_474' title='bbox 1007 4140 1103 4195; x_wconf 68' lang='grc' dir='ltr'><strong>καὶ</strong></span> <span class='ocrx_word' id='word_1_475' title='bbox 1134 4141 1299 4211; x_wconf 83' lang='grc' dir='ltr'><strong>γεννᾷ</strong></span> <span class='ocrx_word' id='word_1_476' title='bbox 1330 4141 1560 4206; x_wconf 77' lang='grc' dir='ltr'><strong>ἐκεῖνος,</strong></span> <span class='ocrx_word' id='word_1_477' title='bbox 1593 4140 1670 4206; x_wconf 91' lang='grc' dir='ltr'><strong>ώς</strong></span> <span class='ocrx_word' id='word_1_478' title='bbox 1699 4140 1790 4196; x_wconf 81' lang='grc' dir='ltr'><strong>ἄν·</strong></span> 
     </span>
    </p>
   </div>
   <div class='ocr_carea' id='block_1_64' title="bbox 1875 1666 3452 1742">
    <p class='ocr_par' dir='ltr' id='par_1_64' title="bbox 1875 1666 3452 1742">
     <span class='ocr_line' id='line_1_64' title="bbox 1875 1666 3452 1742; baseline -0.001 -19"><span class='ocrx_word' id='word_1_479' title='bbox 1875 1670 2200 1742; x_wconf 78' lang='lat' dir='ltr'><strong>languidus,</strong></span> <span class='ocrx_word' id='word_1_480' title='bbox 2237 1685 2345 1725; x_wconf 89' lang='lat' dir='ltr'><strong>non</strong></span> <span class='ocrx_word' id='word_1_481' title='bbox 2375 1670 2659 1739; x_wconf 89' lang='lat' dir='ltr'><strong>trepidans</strong></span> <span class='ocrx_word' id='word_1_482' title='bbox 2682 1707 2698 1732; x_wconf 94' lang='lat'><strong>,</strong></span> <span class='ocrx_word' id='word_1_483' title='bbox 2734 1681 2844 1722; x_wconf 92' lang='lat' dir='ltr'><strong>non</strong></span> <span class='ocrx_word' id='word_1_484' title='bbox 2885 1666 3189 1721; x_wconf 87' lang='lat' dir='ltr'><strong>formidans</strong></span> <span class='ocrx_word' id='word_1_485' title='bbox 3217 1674 3272 1722; x_wconf 91' lang='lat' dir='ltr'><strong>et</strong></span> <span class='ocrx_word' id='word_1_486' title='bbox 3302 1675 3452 1721; x_wconf 90' lang='lat' dir='ltr'><strong>metu</strong></span> 
     </span>
    </p>
   </div>
   <div class='ocr_carea' id='block_1_65' title="bbox 1875 1756 3452 1828">
    <p class='ocr_par' dir='ltr' id='par_1_65' title="bbox 1875 1756 3452 1828">
     <span class='ocr_line' id='line_1_65' title="bbox 1875 1756 3452 1828; baseline -0.003 -11"><span class='ocrx_word' id='word_1_487' title='bbox 1875 1763 2109 1828; x_wconf 90' lang='lat' dir='ltr'><strong>fractus,</strong></span> <span class='ocrx_word' id='word_1_488' title='bbox 2152 1777 2263 1816; x_wconf 87' lang='lat' dir='ltr'><strong>non</strong></span> <span class='ocrx_word' id='word_1_489' title='bbox 2291 1761 2518 1816; x_wconf 80' lang='lat' dir='ltr'><strong>verbum</strong></span> <span class='ocrx_word' id='word_1_490' title='bbox 2554 1761 2739 1814; x_wconf 90' lang='lat' dir='ltr'><strong>minus</strong></span> <span class='ocrx_word' id='word_1_491' title='bbox 2766 1759 3002 1812; x_wconf 87' lang='lat' dir='ltr'><strong>liberum</strong></span> <span class='ocrx_word' id='word_1_492' title='bbox 3040 1757 3346 1828; x_wconf 87' lang='lat' dir='ltr'><strong>proferens.</strong></span> <span class='ocrx_word' id='word_1_493' title='bbox 3387 1756 3452 1813; x_wconf 75' lang='lat' dir='ltr'><strong>Ct</strong></span> 
     </span>
    </p>
   </div>
   <div class='ocr_carea' id='block_1_66' title="bbox 1872 1847 3455 1925">
    <p class='ocr_par' dir='ltr' id='par_1_66' title="bbox 1872 1847 3455 1925">
     <span class='ocr_line' id='line_1_66' title="bbox 1872 1847 3455 1925; baseline -0.006 -11"><span class='ocrx_word' id='word_1_494' title='bbox 1872 1856 2018 1914; x_wconf 88' lang='lat' dir='ltr'><strong>enim</strong></span> <span class='ocrx_word' id='word_1_495' title='bbox 2042 1870 2246 1925; x_wconf 71' lang='lat' dir='ltr'><strong>prmaes</strong></span> <span class='ocrx_word' id='word_1_496' title='bbox 2272 1862 2327 1909; x_wconf 95' lang='lat' dir='ltr'><strong>et</strong></span> <span class='ocrx_word' id='word_1_497' title='bbox 2356 1853 2612 1907; x_wconf 87' lang='lat' dir='ltr'><strong>tribunus</strong></span> <span class='ocrx_word' id='word_1_498' title='bbox 2635 1853 2689 1906; x_wconf 92' lang='lat' dir='ltr'><strong>in</strong></span> <span class='ocrx_word' id='word_1_499' title='bbox 2717 1866 2886 1906; x_wconf 89' lang='lat' dir='ltr'><strong>unum</strong></span> <span class='ocrx_word' id='word_1_500' title='bbox 2916 1859 3311 1917; x_wconf 84' lang='lat' dir='ltr'><strong>convenerunt,</strong></span> <span class='ocrx_word' id='word_1_501' title='bbox 3345 1847 3455 1904; x_wconf 85' lang='lat' dir='ltr'><strong>sic-</strong></span> 
     </span>
    </p>
   </div>
   <div class='ocr_carea' id='block_1_67' title="bbox 1874 1942 3452 2014">
    <p class='ocr_par' dir='ltr' id='par_1_67' title="bbox 1874 1942 3452 2014">
     <span class='ocr_line' id='line_1_67' title="bbox 1874 1942 3452 2014; baseline -0.004 -9"><span class='ocrx_word' id='word_1_502' title='bbox 1874 1958 1937 2005; x_wconf 89' lang='lat' dir='ltr'><strong>ut</strong></span> <span class='ocrx_word' id='word_1_503' title='bbox 1979 1948 2109 2005; x_wconf 87' lang='lat' dir='ltr'><strong>olim</strong></span> <span class='ocrx_word' id='word_1_504' title='bbox 2144 1946 2389 2003; x_wconf 85' lang='lat' dir='ltr'><strong>Herodes</strong></span> <span class='ocrx_word' id='word_1_505' title='bbox 2428 1953 2486 2002; x_wconf 91' lang='lat' dir='ltr'><strong>et</strong></span> <span class='ocrx_word' id='word_1_506' title='bbox 2516 1945 2749 2011; x_wconf 88' lang='lat' dir='ltr'><strong>Pilatus,</strong></span> <span class='ocrx_word' id='word_1_507' title='bbox 2798 1953 2960 2014; x_wconf 91' lang='lat' dir='ltr'><strong>atque</strong></span> <span class='ocrx_word' id='word_1_508' title='bbox 2998 1942 3247 1998; x_wconf 83' lang='lat' dir='ltr'><strong>consedit</strong></span> <span class='ocrx_word' id='word_1_509' title='bbox 3281 1944 3452 1998; x_wconf 87' lang='lat' dir='ltr'><strong>scele-</strong></span> 
     </span>
    </p>
   </div>
   <div class='ocr_carea' id='block_1_68' title="bbox 1877 2036 3454 2110">
    <p class='ocr_par' dir='ltr' id='par_1_68' title="bbox 1877 2036 3454 2110">
     <span class='ocr_line' id='line_1_68' title="bbox 1877 2036 3454 2110; baseline -0.005 -11"><span class='ocrx_word' id='word_1_510' title='bbox 1877 2050 2021 2099; x_wconf 87' lang='lat' dir='ltr'><strong>stum</strong></span> <span class='ocrx_word' id='word_1_511' title='bbox 2055 2039 2449 2110; x_wconf 27' lang='lat' dir='ltr'><strong>et‘improbum</strong></span> <span class='ocrx_word' id='word_1_512' title='bbox 2476 2037 2607 2093; x_wconf 84' lang='lat' dir='ltr'><strong>illud</strong></span> <span class='ocrx_word' id='word_1_513' title='bbox 2625 2037 2919 2093; x_wconf 89' lang='lat' dir='ltr'><strong>concilium</strong></span> <span class='ocrx_word' id='word_1_514' title='bbox 2964 2051 3182 2092; x_wconf 89' lang='lat' dir='ltr'><strong>servum</strong></span> <span class='ocrx_word' id='word_1_515' title='bbox 3207 2036 3454 2091; x_wconf 74' lang='lat' dir='ltr'><strong>cruciﬁxi</strong></span> 
     </span>
    </p>
   </div>
   <div class='ocr_carea' id='block_1_69' title="bbox 1877 2126 3455 2201">
    <p class='ocr_par' dir='ltr' id='par_1_69' title="bbox 1877 2126 3455 2201">
     <span class='ocr_line' id='line_1_69' title="bbox 1877 2126 3455 2201; baseline -0.006 -11"><span class='ocrx_word' id='word_1_516' title='bbox 1877 2133 2043 2191; x_wconf 86' lang='lat' dir='ltr'><strong>simili</strong></span> <span class='ocrx_word' id='word_1_517' title='bbox 2102 2133 2316 2187; x_wconf 87' lang='lat' dir='ltr'><strong>ratione</strong></span> <span class='ocrx_word' id='word_1_518' title='bbox 2340 2170 2356 2195; x_wconf 90' lang='lat'><strong>,</strong></span> <span class='ocrx_word' id='word_1_519' title='bbox 2391 2142 2558 2201; x_wconf 79' lang='lat' dir='ltr'><strong>atque</strong></span> <span class='ocrx_word' id='word_1_520' title='bbox 2602 2129 2836 2185; x_wconf 87' lang='lat' dir='ltr'><strong>Domino</strong></span> <span class='ocrx_word' id='word_1_521' title='bbox 2876 2128 2998 2198; x_wconf 83' lang='lat' dir='ltr'><strong>ejus</strong></span> <span class='ocrx_word' id='word_1_522' title='bbox 3044 2126 3348 2191; x_wconf 87' lang='lat' dir='ltr'><strong>acciderat,</strong></span> <span class='ocrx_word' id='word_1_523' title='bbox 3385 2127 3455 2181; x_wconf 87' lang='lat' dir='ltr'><strong>ad</strong></span> 
     </span>
    </p>
   </div>
   <div class='ocr_carea' id='block_1_70' title="bbox 1872 2213 3454 2296">
    <p class='ocr_par' dir='ltr' id='par_1_70' title="bbox 1872 2213 3454 2296">
     <span class='ocr_line' id='line_1_70' title="bbox 1872 2213 3454 2296; baseline -0.009 -16"><span class='ocrx_word' id='word_1_524' title='bbox 1872 2224 2141 2296; x_wconf 84' lang='lat' dir='ltr'><strong>judicium</strong></span> <span class='ocrx_word' id='word_1_525' title='bbox 2184 2223 2420 2287; x_wconf 89' lang='lat' dir='ltr'><strong>sistunt,</strong></span> <span class='ocrx_word' id='word_1_526' title='bbox 2456 2240 2475 2273; x_wconf 80' lang='grc' dir='ltr'><strong>ι</strong></span> <span class='ocrx_word' id='word_1_527' title='bbox 2514 2222 2594 2274; x_wconf 85' lang='lat' dir='ltr'><strong>Ac</strong></span> <span class='ocrx_word' id='word_1_528' title='bbox 2618 2221 2728 2285; x_wconf 90' lang='lat' dir='ltr'><strong>dic,</strong></span> <span class='ocrx_word' id='word_1_529' title='bbox 2770 2238 2790 2271; x_wconf 84' lang='grc' dir='ltr'><strong>ι</strong></span> <span class='ocrx_word' id='word_1_530' title='bbox 2826 2219 3101 2288; x_wconf 85' lang='lat' dir='ltr'><strong>inquiunt,</strong></span> <span class='ocrx_word' id='word_1_531' title='bbox 3133 2234 3152 2268; x_wconf 77' lang='grc' dir='ltr'><strong><em>ο</em></strong></span> <span class='ocrx_word' id='word_1_532' title='bbox 3184 2215 3330 2272; x_wconf 89' lang='lat' dir='ltr'><strong>unde</strong></span> <span class='ocrx_word' id='word_1_533' title='bbox 3358 2213 3454 2270; x_wconf 84' lang='lat' dir='ltr'><strong>tibi</strong></span> 
     </span>
    </p>
   </div>
   <div class='ocr_carea' id='block_1_71' title="bbox 1878 2306 3455 2382">
    <p class='ocr_par' dir='ltr' id='par_1_71' title="bbox 1878 2306 3455 2382">
     <span class='ocr_line' id='line_1_71' title="bbox 1878 2306 3455 2382; baseline -0.009 -9"><span class='ocrx_word' id='word_1_534' title='bbox 1878 2318 2070 2373; x_wconf 89' lang='lat' dir='ltr'><strong>innata</strong></span> <span class='ocrx_word' id='word_1_535' title='bbox 2108 2313 2339 2369; x_wconf 84' lang='lat' dir='ltr'><strong>audacia</strong></span> <span class='ocrx_word' id='word_1_536' title='bbox 2370 2320 2539 2382; x_wconf 87' lang='lat' dir='ltr'><strong>atque</strong></span> <span class='ocrx_word' id='word_1_537' title='bbox 2572 2310 2901 2375; x_wconf 86' lang='lat' dir='ltr'><strong>temeritate,</strong></span> <span class='ocrx_word' id='word_1_538' title='bbox 2956 2306 3223 2364; x_wconf 84' lang='lat' dir='ltr'><strong>adversus</strong></span> <span class='ocrx_word' id='word_1_539' title='bbox 3280 2307 3455 2377; x_wconf 81' lang='lat' dir='ltr'><strong>legem</strong></span> 
     </span>
    </p>
   </div>
   <div class='ocr_carea' id='block_1_72' title="bbox 1878 2397 3449 2478">
    <p class='ocr_par' dir='ltr' id='par_1_72' title="bbox 1878 2397 3449 2478">
     <span class='ocr_line' id='line_1_72' title="bbox 1878 2397 3449 2478; baseline -0.007 -16"><span class='ocrx_word' id='word_1_540' title='bbox 1878 2404 2225 2478; x_wconf 89' lang='lat' dir='ltr'><strong>imperatoris</strong></span> <span class='ocrx_word' id='word_1_541' title='bbox 2264 2412 2555 2458; x_wconf 80' lang='lat' dir='ltr'><strong>contumax</strong></span> <span class='ocrx_word' id='word_1_542' title='bbox 2584 2403 2687 2458; x_wconf 82' lang='lat' dir='ltr'><strong>es?</strong></span> <span class='ocrx_word' id='word_1_543' title='bbox 2729 2399 2839 2456; x_wconf 84' lang='lat' dir='ltr'><strong>Nec</strong></span> <span class='ocrx_word' id='word_1_544' title='bbox 2875 2409 2929 2456; x_wconf 91' lang='lat' dir='ltr'><strong>te</strong></span> <span class='ocrx_word' id='word_1_545' title='bbox 2970 2406 3213 2456; x_wconf 84' lang='lat' dir='ltr'><strong>tremens</strong></span> <span class='ocrx_word' id='word_1_546' title='bbox 3237 2397 3449 2453; x_wconf 87' lang='lat' dir='ltr'><strong>domini</strong></span> 
     </span>
    </p>
   </div>
   <div class='ocr_carea' id='block_1_73' title="bbox 1873 2488 3456 2571">
    <p class='ocr_par' dir='ltr' id='par_1_73' title="bbox 1873 2488 3456 2571">
     <span class='ocr_line' id='line_1_73' title="bbox 1873 2488 3456 2571; baseline -0.007 -18"><span class='ocrx_word' id='word_1_547' title='bbox 1873 2499 2047 2571; x_wconf 86' lang='lat' dir='ltr'><strong>jussis</strong></span> <span class='ocrx_word' id='word_1_548' title='bbox 2078 2494 2391 2552; x_wconf 84' lang='lat' dir='ltr'><strong>submittis?</strong></span> <span class='ocrx_word' id='word_1_549' title='bbox 2417 2492 2528 2549; x_wconf 83' lang='lat' dir='ltr'><strong>Nec</strong></span> <span class='ocrx_word' id='word_1_550' title='bbox 2556 2492 3011 2563; x_wconf 86' lang='lat' dir='ltr'><strong>quemadmodum</strong></span> <span class='ocrx_word' id='word_1_551' title='bbox 3037 2490 3215 2561; x_wconf 90' lang='lat' dir='ltr'><strong>placet</strong></span> <span class='ocrx_word' id='word_1_552' title='bbox 3241 2488 3330 2554; x_wconf 84' lang='lat' dir='ltr'><strong>iis,</strong></span> <span class='ocrx_word' id='word_1_553' title='bbox 3359 2488 3456 2560; x_wconf 85' lang='lat' dir='ltr'><strong>qui</strong></span> 
     </span>
    </p>
   </div>
   <div class='ocr_carea' id='block_1_74' title="bbox 1878 2583 3454 2659">
    <p class='ocr_par' dir='ltr' id='par_1_74' title="bbox 1878 2583 3454 2659">
     <span class='ocr_line' id='line_1_74' title="bbox 1878 2583 3454 2659; baseline -0.008 -12"><span class='ocrx_word' id='word_1_554' title='bbox 1878 2604 2063 2647; x_wconf 90' lang='lat' dir='ltr'><strong>rerum</strong></span> <span class='ocrx_word' id='word_1_555' title='bbox 2093 2587 2400 2659; x_wconf 88' lang='lat' dir='ltr'><strong>potiuntur,</strong></span> <span class='ocrx_word' id='word_1_556' title='bbox 2433 2584 2673 2641; x_wconf 80' lang='lat' dir='ltr'><strong>adoras?</strong></span> <span class='ocrx_word' id='word_1_557' title='bbox 2705 2603 2725 2637; x_wconf 79' lang='grc' dir='ltr'><strong>ι</strong></span> <span class='ocrx_word' id='word_1_558' title='bbox 2760 2583 3126 2639; x_wconf 76' lang='lat' dir='ltr'><strong>Maximianus</strong></span> <span class='ocrx_word' id='word_1_559' title='bbox 3154 2583 3301 2637; x_wconf 90' lang='lat' dir='ltr'><strong>enim</strong></span> <span class='ocrx_word' id='word_1_560' title='bbox 3328 2596 3454 2636; x_wconf 91' lang='lat' dir='ltr'><strong>cum</strong></span> 
     </span>
    </p>
   </div>
   <div class='ocr_carea' id='block_1_75' title="bbox 1879 2670 3461 2747">
    <p class='ocr_par' dir='ltr' id='par_1_75' title="bbox 1879 2670 3461 2747">
     <span class='ocr_line' id='line_1_75' title="bbox 1879 2670 3461 2747; baseline -0.008 -7"><span class='ocrx_word' id='word_1_561' title='bbox 1879 2688 2138 2740; x_wconf 84' lang='lat' dir='ltr'><strong>consorte</strong></span> <span class='ocrx_word' id='word_1_562' title='bbox 2181 2687 2312 2733; x_wconf 91' lang='lat' dir='ltr'><strong>tunc</strong></span> <span class='ocrx_word' id='word_1_563' title='bbox 2361 2678 2650 2747; x_wconf 87' lang='lat' dir='ltr'><strong>imperium</strong></span> <span class='ocrx_word' id='word_1_564' title='bbox 2685 2675 2925 2731; x_wconf 83' lang='lat' dir='ltr'><strong>tenebat.</strong></span> <span class='ocrx_word' id='word_1_565' title='bbox 2957 2674 3052 2730; x_wconf 87' lang='lat' dir='ltr'><strong>Ille</strong></span> <span class='ocrx_word' id='word_1_566' title='bbox 3076 2674 3229 2728; x_wconf 91' lang='lat' dir='ltr'><strong>vultu</strong></span> <span class='ocrx_word' id='word_1_567' title='bbox 3254 2670 3461 2728; x_wconf 77' lang='lat' dir='ltr'><strong>conﬁr-</strong></span> 
     </span>
    </p>
   </div>
   <div class='ocr_carea' id='block_1_76' title="bbox 1879 2766 3452 2843">
    <p class='ocr_par' dir='ltr' id='par_1_76' title="bbox 1879 2766 3452 2843">
     <span class='ocr_line' id='line_1_76' title="bbox 1879 2766 3452 2843; baseline -0.01 -12"><span class='ocrx_word' id='word_1_568' title='bbox 1879 2784 2029 2831; x_wconf 87' lang='lat' dir='ltr'><strong>mato</strong></span> <span class='ocrx_word' id='word_1_569' title='bbox 2056 2783 2221 2843; x_wconf 89' lang='lat' dir='ltr'><strong>atque</strong></span> <span class='ocrx_word' id='word_1_570' title='bbox 2250 2769 2620 2840; x_wconf 81' lang='lat' dir='ltr'><strong>imperterrita</strong></span> <span class='ocrx_word' id='word_1_571' title='bbox 2657 2768 2863 2833; x_wconf 90' lang='lat' dir='ltr'><strong>animo,</strong></span> <span class='ocrx_word' id='word_1_572' title='bbox 2909 2766 3110 2823; x_wconf 87' lang='lat' dir='ltr'><strong>scitum</strong></span> <span class='ocrx_word' id='word_1_573' title='bbox 3141 2772 3196 2820; x_wconf 92' lang='lat' dir='ltr'><strong>et</strong></span> <span class='ocrx_word' id='word_1_574' title='bbox 3225 2773 3452 2820; x_wconf 89' lang='lat' dir='ltr'><strong>acutum</strong></span> 
     </span>
    </p>
   </div>
   <div class='ocr_carea' id='block_1_77' title="bbox 1885 2852 3462 2930">
    <p class='ocr_par' dir='ltr' id='par_1_77' title="bbox 1885 2852 3462 2930">
     <span class='ocr_line' id='line_1_77' title="bbox 1885 2852 3462 2930; baseline -0.007 -12"><span class='ocrx_word' id='word_1_575' title='bbox 1885 2861 2050 2919; x_wconf 90' lang='lat' dir='ltr'><strong>dictis</strong></span> <span class='ocrx_word' id='word_1_576' title='bbox 2090 2858 2293 2930; x_wconf 84' lang='lat' dir='ltr'><strong>adjecit</strong></span> <span class='ocrx_word' id='word_1_577' title='bbox 2344 2871 2674 2929; x_wconf 83' lang='lat' dir='ltr'><strong>responsum</strong></span> <span class='ocrx_word' id='word_1_578' title='bbox 2722 2873 2737 2911; x_wconf 90' lang='lat'><strong>:</strong></span> <span class='ocrx_word' id='word_1_579' title='bbox 2794 2853 2937 2911; x_wconf 90' lang='lat' dir='ltr'><strong>Deos</strong></span> <span class='ocrx_word' id='word_1_580' title='bbox 2981 2853 3203 2926; x_wconf 90' lang='lat' dir='ltr'><strong>quidem</strong></span> <span class='ocrx_word' id='word_1_581' title='bbox 3267 2852 3462 2910; x_wconf 85' lang='lat' dir='ltr'><strong>nescio</strong></span> 
     </span>
    </p>
   </div>
   <div class='ocr_carea' id='block_1_78' title="bbox 1886 2943 3457 3027">
    <p class='ocr_par' dir='ltr' id='par_1_78' title="bbox 1886 2943 3457 3027">
     <span class='ocr_line' id='line_1_78' title="bbox 1886 2943 3457 3027; baseline -0.007 -18"><span class='ocrx_word' id='word_1_582' title='bbox 1886 2954 2104 3027; x_wconf 90' lang='lat' dir='ltr'><strong>(neque</strong></span> <span class='ocrx_word' id='word_1_583' title='bbox 2130 2951 2281 3007; x_wconf 91' lang='lat' dir='ltr'><strong>enim</strong></span> <span class='ocrx_word' id='word_1_584' title='bbox 2311 2963 2504 3006; x_wconf 85' lang='lat' dir='ltr'><strong>revera</strong></span> <span class='ocrx_word' id='word_1_585' title='bbox 2526 2947 2723 3017; x_wconf 87' lang='lat' dir='ltr'><strong>sunt).</strong></span> <span class='ocrx_word' id='word_1_586' title='bbox 2748 2945 2861 3003; x_wconf 78' lang='lat' dir='ltr'><strong>Vos</strong></span> <span class='ocrx_word' id='word_1_587' title='bbox 2890 2953 3070 3002; x_wconf 86' lang='lat' dir='ltr'><strong>autem</strong></span> <span class='ocrx_word' id='word_1_588' title='bbox 3102 2945 3326 3009; x_wconf 83' lang='lat' dir='ltr'><strong>erratis,</strong></span> <span class='ocrx_word' id='word_1_589' title='bbox 3362 2943 3457 3014; x_wconf 91' lang='lat' dir='ltr'><strong>qui</strong></span> 
     </span>
    </p>
   </div>
   <div class='ocr_carea' id='block_1_79' title="bbox 1881 3035 3463 3111">
    <p class='ocr_par' dir='ltr' id='par_1_79' title="bbox 1881 3035 3463 3111">
     <span class='ocr_line' id='line_1_79' title="bbox 1881 3035 3463 3111; baseline -0.008 -8"><span class='ocrx_word' id='word_1_590' title='bbox 1881 3047 2159 3103; x_wconf 67' lang='lat' dir='ltr'><strong>daemonas</strong></span> <span class='ocrx_word' id='word_1_591' title='bbox 2203 3041 2425 3097; x_wconf 76' lang='lat' dir='ltr'><strong>fallaces</strong></span> <span class='ocrx_word' id='word_1_592' title='bbox 2467 3048 2523 3096; x_wconf 91' lang='lat' dir='ltr'><strong>et</strong></span> <span class='ocrx_word' id='word_1_593' title='bbox 2564 3039 2897 3111; x_wconf 88' lang='lat' dir='ltr'><strong>impostores</strong></span> <span class='ocrx_word' id='word_1_594' title='bbox 2958 3036 3054 3093; x_wconf 90' lang='lat' dir='ltr'><strong>Dei</strong></span> <span class='ocrx_word' id='word_1_595' title='bbox 3095 3035 3463 3107; x_wconf 82' lang='lat' dir='ltr'><strong>appellatione</strong></span> 
     </span>
    </p>
   </div>
   <div class='ocr_carea' id='block_1_80' title="bbox 1883 3125 3463 3198">
    <p class='ocr_par' dir='ltr' id='par_1_80' title="bbox 1883 3125 3463 3198">
     <span class='ocr_line' id='line_1_80' title="bbox 1883 3125 3463 3198; baseline -0.008 -4"><span class='ocrx_word' id='word_1_596' title='bbox 1883 3136 2186 3198; x_wconf 84' lang='lat' dir='ltr'><strong>honoratis,</strong></span> <span class='ocrx_word' id='word_1_597' title='bbox 2201 3132 2333 3188; x_wconf 90' lang='lat' dir='ltr'><strong>mihi</strong></span> <span class='ocrx_word' id='word_1_598' title='bbox 2356 3147 2486 3187; x_wconf 87' lang='lat' dir='ltr'><strong>vero</strong></span> <span class='ocrx_word' id='word_1_599' title='bbox 2496 3129 2641 3186; x_wconf 88' lang='lat' dir='ltr'><strong>Deus</strong></span> <span class='ocrx_word' id='word_1_600' title='bbox 2652 3142 2735 3185; x_wconf 75' lang='lat' dir='ltr'><strong>est</strong></span> <span class='ocrx_word' id='word_1_601' title='bbox 2751 3128 3129 3195; x_wconf 87' lang='lat' dir='ltr'><strong>Christus,Dei</strong></span> <span class='ocrx_word' id='word_1_602' title='bbox 3148 3125 3463 3197; x_wconf 69' lang='lat' dir='ltr'><strong>unigenitus</strong></span> 
     </span>
    </p>
   </div>
   <div class='ocr_carea' id='block_1_81' title="bbox 1883 3216 3463 3296">
    <p class='ocr_par' dir='ltr' id='par_1_81' title="bbox 1883 3216 3463 3296">
     <span class='ocr_line' id='line_1_81' title="bbox 1883 3216 3463 3296; baseline -0.008 -13"><span class='ocrx_word' id='word_1_603' title='bbox 1883 3228 2079 3293; x_wconf 84' lang='lat' dir='ltr'><strong>Filius,</strong></span> <span class='ocrx_word' id='word_1_604' title='bbox 2105 3240 2204 3296; x_wconf 89' lang='lat' dir='ltr'><strong>pro</strong></span> <span class='ocrx_word' id='word_1_605' title='bbox 2225 3224 2422 3294; x_wconf 85' lang='lat' dir='ltr'><strong>pietate</strong></span> <span class='ocrx_word' id='word_1_606' title='bbox 2443 3221 2610 3291; x_wconf 81' lang='lat' dir='ltr'><strong>igitur</strong></span> <span class='ocrx_word' id='word_1_607' title='bbox 2638 3228 2802 3290; x_wconf 88' lang='lat' dir='ltr'><strong>atque</strong></span> <span class='ocrx_word' id='word_1_608' title='bbox 2827 3218 3178 3275; x_wconf 78' lang='lat' dir='ltr'><strong>confessione</strong></span> <span class='ocrx_word' id='word_1_609' title='bbox 3201 3216 3383 3282; x_wconf 88' lang='lat' dir='ltr'><strong>istius,</strong></span> <span class='ocrx_word' id='word_1_610' title='bbox 3405 3224 3463 3271; x_wconf 89' lang='lat' dir='ltr'><strong>et</strong></span> 
     </span>
    </p>
   </div>
   <div class='ocr_carea' id='block_1_82' title="bbox 1885 3307 3458 3392">
    <p class='ocr_par' dir='ltr' id='par_1_82' title="bbox 1885 3307 3458 3392">
     <span class='ocr_line' id='line_1_82' title="bbox 1885 3307 3458 3392; baseline -0.006 -18"><span class='ocrx_word' id='word_1_611' title='bbox 1885 3320 1980 3392; x_wconf 87' lang='lat' dir='ltr'><strong>qui</strong></span> <span class='ocrx_word' id='word_1_612' title='bbox 2027 3317 2314 3379; x_wconf 81' lang='lat' dir='ltr'><strong>vulnerat,</strong></span> <span class='ocrx_word' id='word_1_613' title='bbox 2355 3310 2561 3368; x_wconf 87' lang='lat' dir='ltr'><strong>incidat</strong></span> <span class='ocrx_word' id='word_1_614' title='bbox 2597 3328 2613 3366; x_wconf 92' lang='lat'><strong>:</strong></span> <span class='ocrx_word' id='word_1_615' title='bbox 2652 3318 2707 3366; x_wconf 90' lang='lat' dir='ltr'><strong>et</strong></span> <span class='ocrx_word' id='word_1_616' title='bbox 2737 3310 2828 3380; x_wconf 92' lang='lat' dir='ltr'><strong>qui</strong></span> <span class='ocrx_word' id='word_1_617' title='bbox 2863 3309 3151 3375; x_wconf 89' lang='lat' dir='ltr'><strong>verberat,</strong></span> <span class='ocrx_word' id='word_1_618' title='bbox 3202 3307 3401 3363; x_wconf 82' lang='lat' dir='ltr'><strong>laceret</strong></span> <span class='ocrx_word' id='word_1_619' title='bbox 3439 3324 3458 3364; x_wconf 88' lang='lat'><strong>:</strong></span> 
     </span>
    </p>
   </div>
   <div class='ocr_carea' id='block_1_83' title="bbox 1884 3399 3462 3481">
    <p class='ocr_par' dir='ltr' id='par_1_83' title="bbox 1884 3399 3462 3481">
     <span class='ocr_line' id='line_1_83' title="bbox 1884 3399 3462 3481; baseline -0.006 -15"><span class='ocrx_word' id='word_1_620' title='bbox 1884 3417 1942 3466; x_wconf 89' lang='lat' dir='ltr'><strong>et</strong></span> <span class='ocrx_word' id='word_1_621' title='bbox 1990 3408 2083 3481; x_wconf 89' lang='lat' dir='ltr'><strong>qui</strong></span> <span class='ocrx_word' id='word_1_622' title='bbox 2134 3416 2362 3468; x_wconf 90' lang='lat' dir='ltr'><strong>cremat.</strong></span> <span class='ocrx_word' id='word_1_623' title='bbox 2412 3402 2686 3458; x_wconf 83' lang='lat' dir='ltr'><strong>flammam</strong></span> <span class='ocrx_word' id='word_1_624' title='bbox 2736 3401 3071 3469; x_wconf 85' lang='lat' dir='ltr'><strong>admoveat;</strong></span> <span class='ocrx_word' id='word_1_625' title='bbox 3115 3407 3171 3456; x_wconf 90' lang='lat' dir='ltr'><strong>et</strong></span> <span class='ocrx_word' id='word_1_626' title='bbox 3221 3399 3315 3471; x_wconf 89' lang='lat' dir='ltr'><strong>qui</strong></span> <span class='ocrx_word' id='word_1_627' title='bbox 3370 3400 3462 3456; x_wconf 88' lang='lat' dir='ltr'><strong>his</strong></span> 
     </span>
    </p>
   </div>
   <div class='ocr_carea' id='block_1_84' title="bbox 1885 3491 3462 3564">
    <p class='ocr_par' dir='ltr' id='par_1_84' title="bbox 1885 3491 3462 3564">
     <span class='ocr_line' id='line_1_84' title="bbox 1885 3491 3462 3564; baseline -0.008 -9"><span class='ocrx_word' id='word_1_628' title='bbox 1885 3502 2116 3558; x_wconf 82' lang='lat' dir='ltr'><strong>vocibus</strong></span> <span class='ocrx_word' id='word_1_629' title='bbox 2153 3500 2289 3556; x_wconf 90' lang='lat' dir='ltr'><strong>meis</strong></span> <span class='ocrx_word' id='word_1_630' title='bbox 2315 3496 2628 3562; x_wconf 83' lang='lat' dir='ltr'><strong>offenditur,</strong></span> <span class='ocrx_word' id='word_1_631' title='bbox 2664 3495 2902 3564; x_wconf 80' lang='lat' dir='ltr'><strong>linguam</strong></span> <span class='ocrx_word' id='word_1_632' title='bbox 2924 3493 3129 3548; x_wconf 78' lang='lat' dir='ltr'><strong>eximat</strong></span> <span class='ocrx_word' id='word_1_633' title='bbox 3167 3509 3182 3545; x_wconf 88' lang='lat'><strong>:</strong></span> <span class='ocrx_word' id='word_1_634' title='bbox 3212 3505 3308 3560; x_wconf 88' lang='lat' dir='ltr'><strong>per</strong></span> <span class='ocrx_word' id='word_1_635' title='bbox 3345 3491 3462 3543; x_wconf 84' lang='lat' dir='ltr'><strong>sin-</strong></span> 
     </span>
    </p>
   </div>
   <div class='ocr_carea' id='block_1_85' title="bbox 1890 3579 3463 3663">
    <p class='ocr_par' dir='ltr' id='par_1_85' title="bbox 1890 3579 3463 3663">
     <span class='ocr_line' id='line_1_85' title="bbox 1890 3579 3463 3663; baseline -0.009 -15"><span class='ocrx_word' id='word_1_636' title='bbox 1890 3592 2013 3663; x_wconf 82' lang='lat' dir='ltr'><strong>gula</strong></span> <span class='ocrx_word' id='word_1_637' title='bbox 2041 3590 2186 3646; x_wconf 90' lang='lat' dir='ltr'><strong>enim</strong></span> <span class='ocrx_word' id='word_1_638' title='bbox 2220 3590 2465 3644; x_wconf 82' lang='lat' dir='ltr'><strong>membra</strong></span> <span class='ocrx_word' id='word_1_639' title='bbox 2500 3602 2705 3657; x_wconf 90' lang='lat' dir='ltr'><strong>corpus</strong></span> <span class='ocrx_word' id='word_1_640' title='bbox 2731 3584 2980 3640; x_wconf 82' lang='lat' dir='ltr'><strong>Creatori</strong></span> <span class='ocrx_word' id='word_1_641' title='bbox 3020 3582 3338 3653; x_wconf 85' lang='lat' dir='ltr'><strong>patientiam</strong></span> <span class='ocrx_word' id='word_1_642' title='bbox 3374 3579 3463 3634; x_wconf 53' lang='lat' dir='ltr'><strong>de.</strong></span> 
     </span>
    </p>
   </div>
   <div class='ocr_carea' id='block_1_86' title="bbox 1886 3670 3463 3747">
    <p class='ocr_par' dir='ltr' id='par_1_86' title="bbox 1886 3670 3463 3747">
     <span class='ocr_line' id='line_1_86' title="bbox 1886 3670 3463 3747; baseline -0.011 -7"><span class='ocrx_word' id='word_1_643' title='bbox 1886 3682 1998 3739; x_wconf 89' lang='lat' dir='ltr'><strong>bet.</strong></span> <span class='ocrx_word' id='word_1_644' title='bbox 2033 3679 2217 3735; x_wconf 77' lang='lat' dir='ltr'><strong>Fracti</strong></span> <span class='ocrx_word' id='word_1_645' title='bbox 2266 3686 2397 3736; x_wconf 89' lang='lat' dir='ltr'><strong>sunt</strong></span> <span class='ocrx_word' id='word_1_646' title='bbox 2444 3679 2531 3735; x_wconf 88' lang='lat' dir='ltr'><strong>his</strong></span> <span class='ocrx_word' id='word_1_647' title='bbox 2582 3676 2770 3733; x_wconf 85' lang='lat' dir='ltr'><strong>verbis</strong></span> <span class='ocrx_word' id='word_1_648' title='bbox 2824 3672 3046 3747; x_wconf 78' lang='lat' dir='ltr'><strong>tyranni</strong></span> <span class='ocrx_word' id='word_1_649' title='bbox 3081 3687 3096 3724; x_wconf 91' lang='lat'><strong>:</strong></span> <span class='ocrx_word' id='word_1_650' title='bbox 3127 3686 3194 3726; x_wconf 91' lang='lat' dir='ltr'><strong>ac</strong></span> <span class='ocrx_word' id='word_1_651' title='bbox 3224 3670 3463 3741; x_wconf 90' lang='lat' dir='ltr'><strong>primum</strong></span> 
     </span>
    </p>
   </div>
   <div class='ocr_carea' id='block_1_87' title="bbox 1891 3764 3464 3845">
    <p class='ocr_par' dir='ltr' id='par_1_87' title="bbox 1891 3764 3464 3845">
     <span class='ocr_line' id='line_1_87' title="bbox 1891 3764 3464 3845; baseline -0.008 -16"><span class='ocrx_word' id='word_1_652' title='bbox 1891 3774 2151 3845; x_wconf 88' lang='lat' dir='ltr'><strong>impetum</strong></span> <span class='ocrx_word' id='word_1_653' title='bbox 2168 3771 2271 3827; x_wconf 91' lang='lat' dir='ltr'><strong>viri</strong></span> <span class='ocrx_word' id='word_1_654' title='bbox 2298 3770 2458 3827; x_wconf 89' lang='lat' dir='ltr'><strong>fortis</strong></span> <span class='ocrx_word' id='word_1_655' title='bbox 2487 3784 2596 3825; x_wconf 87' lang='lat' dir='ltr'><strong>non</strong></span> <span class='ocrx_word' id='word_1_656' title='bbox 2625 3767 3031 3832; x_wconf 79' lang='lat' dir='ltr'><strong>sustinuerunt,</strong></span> <span class='ocrx_word' id='word_1_657' title='bbox 3057 3764 3464 3820; x_wconf 83' lang='lat' dir='ltr'><strong>adolescentem</strong></span> 
     </span>
    </p>
   </div>
   <div class='ocr_carea' id='block_1_88' title="bbox 1891 3856 3469 3932">
    <p class='ocr_par' dir='ltr' id='par_1_88' title="bbox 1891 3856 3469 3932">
     <span class='ocr_line' id='line_1_88' title="bbox 1891 3856 3469 3932; baseline -0.003 -16"><span class='ocrx_word' id='word_1_658' title='bbox 1891 3861 2139 3918; x_wconf 88' lang='lat' dir='ltr'><strong>videntes</strong></span> <span class='ocrx_word' id='word_1_659' title='bbox 2171 3861 2238 3916; x_wconf 89' lang='lat' dir='ltr'><strong>ad</strong></span> <span class='ocrx_word' id='word_1_660' title='bbox 2267 3861 2577 3932; x_wconf 88' lang='lat' dir='ltr'><strong>passionem</strong></span> <span class='ocrx_word' id='word_1_661' title='bbox 2615 3858 2983 3915; x_wconf 78' lang='lat' dir='ltr'><strong>exsultantem</strong></span> <span class='ocrx_word' id='word_1_662' title='bbox 3002 3896 3017 3921; x_wconf 92' lang='lat'><strong>,</strong></span> <span class='ocrx_word' id='word_1_663' title='bbox 3056 3871 3121 3911; x_wconf 86' lang='lat' dir='ltr'><strong>ac</strong></span> <span class='ocrx_word' id='word_1_664' title='bbox 3149 3856 3314 3912; x_wconf 87' lang='lat' dir='ltr'><strong>veluti</strong></span> <span class='ocrx_word' id='word_1_665' title='bbox 3341 3872 3469 3911; x_wconf 89' lang='lat' dir='ltr'><strong>sua-</strong></span> 
     </span>
    </p>
   </div>
   <div class='ocr_carea' id='block_1_89' title="bbox 1890 3948 3468 4023">
    <p class='ocr_par' dir='ltr' id='par_1_89' title="bbox 1890 3948 3468 4023">
     <span class='ocr_line' id='line_1_89' title="bbox 1890 3948 3468 4023; baseline -0.004 -14"><span class='ocrx_word' id='word_1_666' title='bbox 1890 3969 2010 4011; x_wconf 87' lang='lat' dir='ltr'><strong>vem</strong></span> <span class='ocrx_word' id='word_1_667' title='bbox 2044 3962 2230 4023; x_wconf 91' lang='lat' dir='ltr'><strong>potum</strong></span> <span class='ocrx_word' id='word_1_668' title='bbox 2255 3963 2488 4008; x_wconf 87' lang='lat' dir='ltr'><strong>mortem</strong></span> <span class='ocrx_word' id='word_1_669' title='bbox 2523 3958 2887 4022; x_wconf 88' lang='lat' dir='ltr'><strong>appetentem.</strong></span> <span class='ocrx_word' id='word_1_670' title='bbox 2910 3948 2979 4005; x_wconf 84' lang='lat' dir='ltr'><strong>Ut</strong></span> <span class='ocrx_word' id='word_1_671' title='bbox 3008 3956 3190 4003; x_wconf 86' lang='lat' dir='ltr'><strong>autem</strong></span> <span class='ocrx_word' id='word_1_672' title='bbox 3228 3948 3305 4002; x_wconf 92' lang='lat' dir='ltr'><strong>illi</strong></span> <span class='ocrx_word' id='word_1_673' title='bbox 3332 3963 3468 4019; x_wconf 83' lang='lat' dir='ltr'><strong>pau-</strong></span> 
     </span>
    </p>
   </div>
   <div class='ocr_carea' id='block_1_90' title="bbox 1892 4039 3467 4116">
    <p class='ocr_par' dir='ltr' id='par_1_90' title="bbox 1892 4039 3467 4116">
     <span class='ocr_line' id='line_1_90' title="bbox 1892 4039 3467 4116; baseline -0.004 -17"><span class='ocrx_word' id='word_1_674' title='bbox 1892 4045 2061 4116; x_wconf 84' lang='lat' dir='ltr'><strong>lisper</strong></span> <span class='ocrx_word' id='word_1_675' title='bbox 2082 4045 2485 4100; x_wconf 87' lang='lat' dir='ltr'><strong>cunctabantur</strong></span> <span class='ocrx_word' id='word_1_676' title='bbox 2510 4042 2830 4098; x_wconf 85' lang='lat' dir='ltr'><strong>haesitantes</strong></span> <span class='ocrx_word' id='word_1_677' title='bbox 2851 4055 2915 4095; x_wconf 91' lang='lat' dir='ltr'><strong>ac</strong></span> <span class='ocrx_word' id='word_1_678' title='bbox 2935 4040 3306 4095; x_wconf 87' lang='lat' dir='ltr'><strong>deliberantes</strong></span> <span class='ocrx_word' id='word_1_679' title='bbox 3334 4039 3467 4110; x_wconf 89' lang='lat' dir='ltr'><strong>quid</strong></span> 
     </span>
    </p>
   </div>
   <div class='ocr_carea' id='block_1_91' title="bbox 1894 4130 3469 4206">
    <p class='ocr_par' dir='ltr' id='par_1_91' title="bbox 1894 4130 3469 4206">
     <span class='ocr_line' id='line_1_91' title="bbox 1894 4130 3469 4206; baseline -0.003 -16"><span class='ocrx_word' id='word_1_680' title='bbox 1894 4135 2040 4192; x_wconf 87' lang='lat' dir='ltr'><strong>facto</strong></span> <span class='ocrx_word' id='word_1_681' title='bbox 2071 4150 2211 4206; x_wconf 90' lang='lat' dir='ltr'><strong>opus</strong></span> <span class='ocrx_word' id='word_1_682' title='bbox 2240 4144 2390 4191; x_wconf 89' lang='lat' dir='ltr'><strong>esset</strong></span> <span class='ocrx_word' id='word_1_683' title='bbox 2421 4152 2435 4189; x_wconf 91' lang='lat'><strong>:</strong></span> <span class='ocrx_word' id='word_1_684' title='bbox 2479 4149 2623 4189; x_wconf 89' lang='lat' dir='ltr'><strong>unus</strong></span> <span class='ocrx_word' id='word_1_685' title='bbox 2655 4132 2879 4202; x_wconf 82' lang='lat' dir='ltr'><strong>quidam</strong></span> <span class='ocrx_word' id='word_1_686' title='bbox 2914 4147 2979 4186; x_wconf 64' lang='lat' dir='ltr'><strong>ex</strong></span> <span class='ocrx_word' id='word_1_687' title='bbox 3022 4131 3092 4186; x_wconf 86' lang='lat' dir='ltr'><strong>iis</strong></span> <span class='ocrx_word' id='word_1_688' title='bbox 3121 4132 3215 4201; x_wconf 89' lang='lat' dir='ltr'><strong>qui</strong></span> <span class='ocrx_word' id='word_1_689' title='bbox 3242 4130 3469 4185; x_wconf 90' lang='lat' dir='ltr'><strong>ordines</strong></span> 
     </span>
    </p>
   </div>
   <div class='ocr_carea' id='block_1_92' title="bbox 203 4219 1775 4307">
    <p class='ocr_par' dir='ltr' id='par_1_92' title="bbox 203 4229 1775 4307">
     <span class='ocr_line' id='line_1_92' title="bbox 203 4229 1775 4307; baseline 0.004 -24"><span class='ocrx_word' id='word_1_690' title='bbox 203 4229 429 4302; x_wconf 78' lang='grc' dir='ltr'><strong>θρωπος</strong></span> <span class='ocrx_word' id='word_1_691' title='bbox 445 4232 710 4304; x_wconf 76' lang='grc' dir='ltr'><strong>ἐμπαθῶς</strong></span> <span class='ocrx_word' id='word_1_692' title='bbox 728 4252 744 4301; x_wconf 87' lang='lat'><strong>;</strong></span> <span class='ocrx_word' id='word_1_693' title='bbox 765 4252 785 4287; x_wconf 78' lang='grc' dir='ltr'><strong>ι</strong></span> <span class='ocrx_word' id='word_1_694' title='bbox 810 4261 884 4274; x_wconf 90' lang='grc'><strong>-</strong></span> <span class='ocrx_word' id='word_1_695' title='bbox 902 4254 922 4286; x_wconf 86' lang='grc' dir='ltr'><strong>ι</strong></span> <span class='ocrx_word' id='word_1_696' title='bbox 945 4232 1240 4305; x_wconf 83' lang='grc' dir='ltr'><strong>Ἑμπαθῶς</strong></span> <span class='ocrx_word' id='word_1_697' title='bbox 1271 4232 1368 4304; x_wconf 83' lang='grc' dir='ltr'><strong>μὲν</strong></span> <span class='ocrx_word' id='word_1_698' title='bbox 1390 4234 1419 4287; x_wconf 87' lang='grc' dir='ltr'><strong>ὁ</strong></span> <span class='ocrx_word' id='word_1_699' title='bbox 1439 4234 1590 4305; x_wconf 70' lang='grc' dir='ltr'><strong>ἐμὸς,</strong></span> <span class='ocrx_word' id='word_1_700' title='bbox 1617 4254 1637 4289; x_wconf 80' lang='grc' dir='ltr'><strong>ι</strong></span> <span class='ocrx_word' id='word_1_701' title='bbox 1660 4233 1775 4307; x_wconf 70' lang='grc' dir='ltr'><strong>εφη,</strong></span> 
     </span>
    </p>
   </div>
   <div class='ocr_carea' id='block_1_93' title="bbox 1879 4219 3470 4307">
    <p class='ocr_par' dir='ltr' id='par_1_93' title="bbox 1893 4219 3470 4295">
     <span class='ocr_line' id='line_1_93' title="bbox 1893 4219 3470 4295; baseline -0.003 -13"><span class='ocrx_word' id='word_1_702' title='bbox 1893 4226 2194 4291; x_wconf 87' lang='lat' dir='ltr'><strong>ducebant,</strong></span> <span class='ocrx_word' id='word_1_703' title='bbox 2233 4225 2425 4290; x_wconf 89' lang='lat' dir='ltr'><strong>miles,</strong></span> <span class='ocrx_word' id='word_1_704' title='bbox 2462 4226 2556 4295; x_wconf 89' lang='lat' dir='ltr'><strong>qui</strong></span> <span class='ocrx_word' id='word_1_705' title='bbox 2586 4223 2693 4279; x_wconf 89' lang='lat' dir='ltr'><strong>sibi</strong></span> <span class='ocrx_word' id='word_1_706' title='bbox 2720 4221 2935 4293; x_wconf 88' lang='lat' dir='ltr'><strong>lepidus</strong></span> <span class='ocrx_word' id='word_1_707' title='bbox 2969 4229 3025 4275; x_wconf 92' lang='lat' dir='ltr'><strong>et</strong></span> <span class='ocrx_word' id='word_1_708' title='bbox 3066 4219 3313 4276; x_wconf 85' lang='lat' dir='ltr'><strong>urbanus</strong></span> <span class='ocrx_word' id='word_1_709' title='bbox 3345 4236 3470 4277; x_wconf 89' lang='lat' dir='ltr'><strong>esse</strong></span> 
     </span>
    </p>
   </div>
   <div class='ocr_carea' id='block_1_94' title="bbox 208 4312 1775 4399">
    <p class='ocr_par' dir='ltr' id='par_1_94' title="bbox 208 4322 1775 4399">
     <span class='ocr_line' id='line_1_94' title="bbox 208 4322 1775 4399; baseline 0.002 -23"><span class='ocrx_word' id='word_1_710' title='bbox 208 4341 233 4377; x_wconf 75' lang='grc' dir='ltr'>ι</span> <span class='ocrx_word' id='word_1_711' title='bbox 262 4322 398 4387; x_wconf 74' lang='grc' dir='ltr'><strong>Θεὸς</strong></span> <span class='ocrx_word' id='word_1_712' title='bbox 429 4324 531 4377; x_wconf 78' lang='grc' dir='ltr'><strong>οὐκ</strong></span> <span class='ocrx_word' id='word_1_713' title='bbox 564 4324 883 4398; x_wconf 71' lang='grc' dir='ltr'><strong>ἐγέννησενο</strong></span> <span class='ocrx_word' id='word_1_714' title='bbox 926 4324 1061 4379; x_wconf 77' lang='grc' dir='ltr'><strong>ἀλλὰ</strong></span> <span class='ocrx_word' id='word_1_715' title='bbox 1097 4325 1192 4380; x_wconf 58' lang='grc' dir='ltr'><strong>καὶ⁵</strong></span> <span class='ocrx_word' id='word_1_716' title='bbox 1223 4323 1354 4380; x_wconf 81' lang='grc' dir='ltr'><strong>Υίδν</strong></span> <span class='ocrx_word' id='word_1_717' title='bbox 1388 4324 1654 4399; x_wconf 83' lang='grc' dir='ltr'><strong>ὁμολογῶ,</strong></span> <span class='ocrx_word' id='word_1_718' title='bbox 1698 4327 1775 4380; x_wconf 77' lang='grc' dir='ltr'><strong>κα¹</strong></span> 
     </span>
    </p>
   </div>
   <div class='ocr_carea' id='block_1_95' title="bbox 1879 4312 3469 4399">
    <p class='ocr_par' dir='ltr' id='par_1_95' title="bbox 1896 4312 3469 4385">
     <span class='ocr_line' id='line_1_95' title="bbox 1896 4312 3469 4385; baseline -0.003 -12"><span class='ocrx_word' id='word_1_719' title='bbox 1896 4316 2206 4384; x_wconf 86' lang='lat' dir='ltr'><strong>videbatur,</strong></span> <span class='ocrx_word' id='word_1_720' title='bbox 2265 4316 2428 4373; x_wconf 90' lang='lat' dir='ltr'><strong>simul</strong></span> <span class='ocrx_word' id='word_1_721' title='bbox 2483 4328 2809 4385; x_wconf 89' lang='lat' dir='ltr'><strong>responsum</strong></span> <span class='ocrx_word' id='word_1_722' title='bbox 2868 4313 3132 4384; x_wconf 86' lang='lat' dir='ltr'><strong>martyris</strong></span> <span class='ocrx_word' id='word_1_723' title='bbox 3196 4312 3469 4370; x_wconf 89' lang='lat' dir='ltr'><strong>irridens:</strong></span> 
     </span>
    </p>
   </div>
   <div class='ocr_carea' id='block_1_96' title="bbox 201 4405 1775 4487">
    <p class='ocr_par' dir='ltr' id='par_1_96' title="bbox 201 4408 1775 4487">
     <span class='ocr_line' id='line_1_96' title="bbox 201 4408 1775 4487; baseline 0.002 -21"><span class='ocrx_word' id='word_1_724' title='bbox 201 4412 491 4485; x_wconf 79' lang='grc' dir='ltr'><strong>θεοπρεπῆ</strong></span> <span class='ocrx_word' id='word_1_725' title='bbox 545 4412 690 4483; x_wconf 68' lang='grc' dir='ltr'><strong>λέγω</strong></span> <span class='ocrx_word' id='word_1_726' title='bbox 718 4414 819 4485; x_wconf 77' lang='grc' dir='ltr'><strong>τὴν</strong></span> <span class='ocrx_word' id='word_1_727' title='bbox 857 4413 1113 4485; x_wconf 73' lang='grc' dir='ltr'><strong>γέννησιν</strong></span> <span class='ocrx_word' id='word_1_728' title='bbox 1135 4428 1152 4445; x_wconf 80' lang='grc'><strong><em>⁸</em></strong></span> <span class='ocrx_word' id='word_1_729' title='bbox 1200 4417 1289 4480; x_wconf 81' lang='grc' dir='ltr'><strong>σὺ,</strong></span> <span class='ocrx_word' id='word_1_730' title='bbox 1324 4408 1371 4469; x_wconf 79' lang='grc' dir='ltr'>ὧ</span> <span class='ocrx_word' id='word_1_731' title='bbox 1416 4413 1661 4487; x_wconf 88' lang='grc' dir='ltr'><strong>νηπιώδη</strong></span> <span class='ocrx_word' id='word_1_732' title='bbox 1692 4415 1775 4469; x_wconf 67' lang='grc' dir='ltr'><strong>’τδε</strong></span> 
     </span>
    </p>
   </div>
   <div class='ocr_carea' id='block_1_97' title="bbox 1879 4405 3471 4487">
    <p class='ocr_par' dir='ltr' id='par_1_97' title="bbox 1900 4405 3471 4479">
     <span class='ocr_line' id='line_1_97' title="bbox 1900 4405 3471 4479; baseline -0.001 -17"><span class='ocrx_word' id='word_1_733' title='bbox 1900 4428 1920 4462; x_wconf 80' lang='grc' dir='ltr'><strong>ι</strong></span> <span class='ocrx_word' id='word_1_734' title='bbox 1958 4407 2158 4473; x_wconf 84' lang='lat' dir='ltr'><strong>Estne,</strong></span> <span class='ocrx_word' id='word_1_735' title='bbox 2198 4428 2217 4461; x_wconf 86' lang='grc' dir='ltr'><strong>ι</strong></span> <span class='ocrx_word' id='word_1_736' title='bbox 2262 4407 2462 4479; x_wconf 83' lang='lat' dir='ltr'><strong>inquit,</strong></span> <span class='ocrx_word' id='word_1_737' title='bbox 2502 4424 2522 4459; x_wconf 81' lang='grc' dir='ltr'><strong>ι</strong></span> <span class='ocrx_word' id='word_1_738' title='bbox 2561 4421 2595 4462; x_wconf 93' lang='lat' dir='ltr'><strong>o</strong></span> <span class='ocrx_word' id='word_1_739' title='bbox 2624 4405 2932 4474; x_wconf 87' lang='lat' dir='ltr'><strong>Theodore,</strong></span> <span class='ocrx_word' id='word_1_740' title='bbox 2972 4406 3149 4465; x_wconf 87' lang='lat' dir='ltr'><strong>Filius</strong></span> <span class='ocrx_word' id='word_1_741' title='bbox 3181 4417 3278 4464; x_wconf 89' lang='lat' dir='ltr'><strong>tuo</strong></span> <span class='ocrx_word' id='word_1_742' title='bbox 3322 4407 3471 4464; x_wconf 73' lang='lat' dir='ltr'><strong>Deo!</strong></span> 
     </span>
    </p>
   </div>
   <div class='ocr_carea' id='block_1_98' title="bbox 200 4499 1775 4579">
    <p class='ocr_par' dir='ltr' id='par_1_98' title="bbox 200 4503 1775 4579">
     <span class='ocr_line' id='line_1_98' title="bbox 200 4503 1775 4579; baseline 0.001 -22"><span class='ocrx_word' id='word_1_743' title='bbox 200 4503 474 4577; x_wconf 76' lang='grc' dir='ltr'><strong>λογισμδν</strong></span> <span class='ocrx_word' id='word_1_744' title='bbox 498 4505 597 4561; x_wconf 80' lang='grc' dir='ltr'><strong>καὶ</strong></span> <span class='ocrx_word' id='word_1_745' title='bbox 626 4504 813 4569; x_wconf 76' lang='grc' dir='ltr'><strong>ἄθλιε,</strong></span> <span class='ocrx_word' id='word_1_746' title='bbox 861 4505 963 4560; x_wconf 82' lang='grc' dir='ltr'><strong>οὐκ</strong></span> <span class='ocrx_word' id='word_1_747' title='bbox 1009 4503 1270 4579; x_wconf 76' lang='grc' dir='ltr'><strong>ἐρυθριᾷς</strong></span> <span class='ocrx_word' id='word_1_748' title='bbox 1318 4505 1441 4561; x_wconf 81' lang='grc' dir='ltr'><strong>οὐδὲ</strong></span> <span class='ocrx_word' id='word_1_749' title='bbox 1478 4504 1775 4577; x_wconf 56' lang='grc' dir='ltr'><strong>ἐγκαλύπτῃ</strong></span> 
     </span>
    </p>
   </div>
   <div class='ocr_carea' id='block_1_99' title="bbox 1879 4499 3472 4579">
    <p class='ocr_par' dir='ltr' id='par_1_99' title="bbox 1895 4499 3472 4574">
     <span class='ocr_line' id='line_1_99' title="bbox 1895 4499 3472 4574; baseline -0.003 -15"><span class='ocrx_word' id='word_1_750' title='bbox 1895 4510 1951 4559; x_wconf 90' lang='lat' dir='ltr'><strong>et</strong></span> <span class='ocrx_word' id='word_1_751' title='bbox 1993 4513 2220 4574; x_wconf 75' lang='lat' dir='ltr'><strong>generat</strong></span> <span class='ocrx_word' id='word_1_752' title='bbox 2270 4500 2363 4558; x_wconf 88' lang='lat' dir='ltr'><strong>ille</strong></span> <span class='ocrx_word' id='word_1_753' title='bbox 2419 4499 2605 4557; x_wconf 90' lang='lat' dir='ltr'><strong>carnis</strong></span> <span class='ocrx_word' id='word_1_754' title='bbox 2646 4499 2976 4567; x_wconf 76' lang='lat' dir='ltr'><strong>affectibus,</strong></span> <span class='ocrx_word' id='word_1_755' title='bbox 3035 4508 3096 4557; x_wconf 93' lang='lat' dir='ltr'><strong>ut</strong></span> <span class='ocrx_word' id='word_1_756' title='bbox 3144 4501 3332 4566; x_wconf 92' lang='lat' dir='ltr'><strong>homo,</strong></span> <span class='ocrx_word' id='word_1_757' title='bbox 3368 4501 3472 4556; x_wconf 86' lang='lat' dir='ltr'><strong>ob—</strong></span> 
     </span>
    </p>
   </div>
   <div class='ocr_carea' id='block_1_100' title="bbox 200 4592 1775 4673">
    <p class='ocr_par' dir='ltr' id='par_1_100' title="bbox 200 4596 1775 4673">
     <span class='ocr_line' id='line_1_100' title="bbox 200 4596 1775 4673; baseline 0 -21"><span class='ocrx_word' id='word_1_758' title='bbox 200 4597 309 4652; x_wconf 78' lang='grc' dir='ltr'><strong>καὶ</strong></span> <span class='ocrx_word' id='word_1_759' title='bbox 342 4596 565 4669; x_wconf 78' lang='grc' dir='ltr'><strong>θήλειαν</strong></span> <span class='ocrx_word' id='word_1_760' title='bbox 605 4598 885 4671; x_wconf 78' lang='grc' dir='ltr'><strong>ὁμολογῶν</strong></span> <span class='ocrx_word' id='word_1_761' title='bbox 917 4597 1067 4665; x_wconf 81' lang='grc' dir='ltr'><strong>θεὰν,</strong></span> <span class='ocrx_word' id='word_1_762' title='bbox 1115 4600 1211 4654; x_wconf 81' lang='grc' dir='ltr'><strong>καὶ</strong></span> <span class='ocrx_word' id='word_1_763' title='bbox 1236 4598 1314 4663; x_wconf 84' lang='grc' dir='ltr'><strong>ώς</strong></span> <span class='ocrx_word' id='word_1_764' title='bbox 1350 4599 1565 4673; x_wconf 80' lang='grc' dir='ltr'><strong>μητέρα</strong></span> <span class='ocrx_word' id='word_1_765' title='bbox 1590 4597 1775 4654; x_wconf 84' lang='grc' dir='ltr'><strong>δὼδεκι</strong></span> 
     </span>
    </p>
   </div>
   <div class='ocr_carea' id='block_1_101' title="bbox 1879 4592 3477 4673">
    <p class='ocr_par' dir='ltr' id='par_1_101' title="bbox 1898 4592 3477 4663">
     <span class='ocr_line' id='line_1_101' title="bbox 1898 4592 3477 4663; baseline -0.003 -12"><span class='ocrx_word' id='word_1_766' title='bbox 1898 4595 2139 4651; x_wconf 78' lang='lat' dir='ltr'><strong>noxius?</strong></span> <span class='ocrx_word' id='word_1_767' title='bbox 2167 4614 2289 4648; x_wconf 84' lang='grc' dir='ltr'><strong>ι-ι</strong></span> <span class='ocrx_word' id='word_1_768' title='bbox 2324 4593 2575 4650; x_wconf 84' lang='lat' dir='ltr'><strong>Humano</strong></span> <span class='ocrx_word' id='word_1_769' title='bbox 2605 4593 2823 4663; x_wconf 90' lang='lat' dir='ltr'><strong>quldem</strong></span> <span class='ocrx_word' id='word_1_770' title='bbox 2852 4610 3003 4651; x_wconf 88' lang='lat' dir='ltr'><strong>more</strong></span> <span class='ocrx_word' id='word_1_771' title='bbox 3027 4592 3315 4651; x_wconf 76' lang='lat' dir='ltr'><strong>affectibus</strong></span> <span class='ocrx_word' id='word_1_772' title='bbox 3353 4607 3477 4648; x_wconf 85' lang='lat' dir='ltr'><strong>car-</strong></span> 
     </span>
    </p>
   </div>
   <div class='ocr_carea' id='block_1_102' title="bbox 200 4684 1775 4764">
    <p class='ocr_par' dir='ltr' id='par_1_102' title="bbox 200 4687 1775 4764">
     <span class='ocr_line' id='line_1_102' title="bbox 200 4687 1775 4764; baseline 0.001 -23"><span class='ocrx_word' id='word_1_773' title='bbox 200 4687 428 4742; x_wconf 75' lang='grc' dir='ltr'><strong>παίδων</strong></span> <span class='ocrx_word' id='word_1_774' title='bbox 464 4688 565 4760; x_wconf 84' lang='grc' dir='ltr'><strong>τὴν</strong></span> <span class='ocrx_word' id='word_1_775' title='bbox 613 4690 785 4761; x_wconf 80' lang='grc' dir='ltr'><strong>αὐτὴν</strong></span> <span class='ocrx_word' id='word_1_776' title='bbox 817 4689 1162 4764; x_wconf 79' lang='grc' dir='ltr'><strong>προσκυνῶν,</strong></span> <span class='ocrx_word' id='word_1_777' title='bbox 1198 4689 1492 4745; x_wconf 87' lang='grc' dir='ltr'><strong>πολύτοκόν</strong></span> <span class='ocrx_word' id='word_1_778' title='bbox 1524 4706 1647 4744; x_wconf 80' lang='grc' dir='ltr'><strong>τινα</strong></span> <span class='ocrx_word' id='word_1_779' title='bbox 1688 4689 1775 4743; x_wconf 87' lang='grc' dir='ltr'><strong>δαί</strong></span> 
     </span>
    </p>
   </div>
   <div class='ocr_carea' id='block_1_103' title="bbox 1879 4684 3475 4764">
    <p class='ocr_par' dir='ltr' id='par_1_103' title="bbox 1899 4684 3475 4757">
     <span class='ocr_line' id='line_1_103' title="bbox 1899 4684 3475 4757; baseline -0.001 -14"><span class='ocrx_word' id='word_1_780' title='bbox 1899 4688 1987 4743; x_wconf 77' lang='lat' dir='ltr'><strong>nis</strong></span> <span class='ocrx_word' id='word_1_781' title='bbox 2010 4687 2281 4743; x_wconf 77' lang='lat' dir='ltr'><strong>obnoxius</strong></span> <span class='ocrx_word' id='word_1_782' title='bbox 2308 4701 2484 4751; x_wconf 87' lang='lat' dir='ltr'><strong>meus,</strong></span> <span class='ocrx_word' id='word_1_783' title='bbox 2521 4707 2540 4740; x_wconf 86' lang='grc' dir='ltr'><strong>ι</strong></span> <span class='ocrx_word' id='word_1_784' title='bbox 2565 4687 2765 4757; x_wconf 87' lang='lat' dir='ltr'><strong>inquit,</strong></span> <span class='ocrx_word' id='word_1_785' title='bbox 2793 4706 2812 4739; x_wconf 82' lang='grc' dir='ltr'><strong>ι</strong></span> <span class='ocrx_word' id='word_1_786' title='bbox 2847 4684 2996 4742; x_wconf 84' lang='lat' dir='ltr'><strong>Deus</strong></span> <span class='ocrx_word' id='word_1_787' title='bbox 3024 4701 3132 4742; x_wconf 88' lang='lat' dir='ltr'><strong>non</strong></span> <span class='ocrx_word' id='word_1_788' title='bbox 3152 4685 3431 4757; x_wconf 79' lang='lat' dir='ltr'><strong>generavit</strong></span> <span class='ocrx_word' id='word_1_789' title='bbox 3458 4703 3475 4742; x_wconf 90' lang='lat'><strong>:</strong></span> 
     </span>
    </p>
   </div>
   <div class='ocr_carea' id='block_1_104' title="bbox 204 4774 1775 4851">
    <p class='ocr_par' dir='ltr' id='par_1_104' title="bbox 204 4774 1775 4851">
     <span class='ocr_line' id='line_1_104' title="bbox 204 4774 1775 4851; baseline 0.001 -21"><span class='ocrx_word' id='word_1_790' title='bbox 204 4793 364 4848; x_wconf 76' lang='grc' dir='ltr'><strong>μονα</strong></span> <span class='ocrx_word' id='word_1_791' title='bbox 391 4777 535 4832; x_wconf 83' lang='grc' dir='ltr'><strong>κατά</strong></span> <span class='ocrx_word' id='word_1_792' title='bbox 560 4780 686 4843; x_wconf 81' lang='grc' dir='ltr'><strong>τοὺς</strong></span> <span class='ocrx_word' id='word_1_793' title='bbox 724 4779 971 4848; x_wconf 79' lang='grc' dir='ltr'><strong>λαγωοὺς</strong></span> <span class='ocrx_word' id='word_1_794' title='bbox 1000 4780 1032 4851; x_wconf 75' lang='grc' dir='ltr'>ἠ</span> <span class='ocrx_word' id='word_1_795' title='bbox 1063 4780 1163 4845; x_wconf 78' lang='grc' dir='ltr'><strong>τὰς</strong></span> <span class='ocrx_word' id='word_1_796' title='bbox 1199 4774 1299 4845; x_wconf 78' lang='grc' dir='ltr'><strong>ῦας</strong></span> <span class='ocrx_word' id='word_1_797' title='bbox 1323 4779 1558 4844; x_wconf 85' lang='grc' dir='ltr'><strong>εὐκόλως</strong></span> <span class='ocrx_word' id='word_1_798' title='bbox 1593 4779 1687 4833; x_wconf 73' lang='grc' dir='ltr'><strong>καὶ</strong></span> <span class='ocrx_word' id='word_1_799' title='bbox 1712 4779 1775 4849; x_wconf 79' lang='grc' dir='ltr'><strong>ὲγ</strong></span> 
     </span>
    </p>
   </div>
   <div class='ocr_carea' id='block_1_105' title="bbox 1879 4774 3474 4851">
    <p class='ocr_par' dir='ltr' id='par_1_105' title="bbox 1901 4777 3474 4840">
     <span class='ocr_line' id='line_1_105' title="bbox 1901 4777 3474 4840; baseline -0.002 -5"><span class='ocrx_word' id='word_1_800' title='bbox 1901 4795 2093 4835; x_wconf 82' lang='lat' dir='ltr'><strong>verum</strong></span> <span class='ocrx_word' id='word_1_801' title='bbox 2135 4789 2190 4835; x_wconf 85' lang='lat' dir='ltr'><strong>et</strong></span> <span class='ocrx_word' id='word_1_802' title='bbox 2231 4777 2429 4835; x_wconf 84' lang='lat' dir='ltr'><strong>Filium</strong></span> <span class='ocrx_word' id='word_1_803' title='bbox 2479 4780 2764 4840; x_wconf 86' lang='lat' dir='ltr'><strong>confiteor,</strong></span> <span class='ocrx_word' id='word_1_804' title='bbox 2806 4787 2863 4834; x_wconf 91' lang='lat' dir='ltr'><strong>et</strong></span> <span class='ocrx_word' id='word_1_805' title='bbox 2906 4778 3247 4833; x_wconf 82' lang='lat' dir='ltr'><strong>nativitatem</strong></span> <span class='ocrx_word' id='word_1_806' title='bbox 3308 4778 3474 4833; x_wconf 87' lang='lat' dir='ltr'><strong>talem</strong></span> 
     </span>
    </p>
   </div>
   <div class='ocr_carea' id='block_1_106' title="bbox 201 4869 1775 4941">
    <p class='ocr_par' dir='ltr' id='par_1_106' title="bbox 201 4871 1237 4941">
     <span class='ocr_line' id='line_1_106' title="bbox 201 4871 1237 4941; baseline 0 -17"><span class='ocrx_word' id='word_1_807' title='bbox 201 4871 590 4941; x_wconf 75' lang='grc' dir='ltr'><strong>κυῐσκομένην</strong></span> <span class='ocrx_word' id='word_1_808' title='bbox 620 4871 719 4926; x_wconf 72' lang='grc' dir='ltr'><strong>καὶ</strong></span> <span class='ocrx_word' id='word_1_809' title='bbox 743 4872 1145 4927; x_wconf 83' lang='grc' dir='ltr'><strong>ἀποτίκτουσαν</strong></span> <span class='ocrx_word' id='word_1_810' title='bbox 1171 4889 1186 4938; x_wconf 89' lang='lat'><strong>;</strong></span> <span class='ocrx_word' id='word_1_811' title='bbox 1219 4891 1237 4923; x_wconf 91' lang='grc' dir='ltr'><strong>ι</strong></span> 
     </span>
    </p>
   </div>
   <div class='ocr_carea' id='block_1_107' title="bbox 1879 4869 3478 4941">
    <p class='ocr_par' dir='ltr' id='par_1_107' title="bbox 1904 4869 3478 4941">
     <span class='ocr_line' id='line_1_107' title="bbox 1904 4869 3478 4941; baseline -0.003 -14"><span class='ocrx_word' id='word_1_812' title='bbox 1904 4886 2030 4927; x_wconf 89' lang='lat' dir='ltr'><strong>esse</strong></span> <span class='ocrx_word' id='word_1_813' title='bbox 2062 4870 2207 4936; x_wconf 91' lang='lat' dir='ltr'><strong>dico,</strong></span> <span class='ocrx_word' id='word_1_814' title='bbox 2246 4886 2369 4941; x_wconf 71' lang='lat' dir='ltr'><strong>qua:</strong></span> <span class='ocrx_word' id='word_1_815' title='bbox 2410 4869 2580 4926; x_wconf 88' lang='lat' dir='ltr'><strong>Deum</strong></span> <span class='ocrx_word' id='word_1_816' title='bbox 2609 4869 2803 4925; x_wconf 88' lang='lat' dir='ltr'><strong>deceat</strong></span> <span class='ocrx_word' id='word_1_817' title='bbox 2835 4887 2849 4923; x_wconf 89' lang='lat'><strong>:</strong></span> <span class='ocrx_word' id='word_1_818' title='bbox 2897 4875 2954 4921; x_wconf 90' lang='lat' dir='ltr'><strong>tu</strong></span> <span class='ocrx_word' id='word_1_819' title='bbox 2989 4882 3141 4933; x_wconf 90' lang='lat' dir='ltr'><strong>vero,</strong></span> <span class='ocrx_word' id='word_1_820' title='bbox 3168 4884 3202 4923; x_wconf 88' lang='grc' dir='ltr'><strong>ο</strong></span> <span class='ocrx_word' id='word_1_821' title='bbox 3231 4870 3398 4925; x_wconf 89' lang='lat' dir='ltr'><strong>miser</strong></span> <span class='ocrx_word' id='word_1_822' title='bbox 3423 4877 3478 4923; x_wconf 88' lang='lat' dir='ltr'><strong>et</strong></span> 
     </span>
    </p>
   </div>
   <div class='ocr_carea' id='block_1_108' title="bbox 199 4961 3478 5034">
    <p class='ocr_par' dir='ltr' id='par_1_108' title="bbox 199 4961 3478 5034">
     <span class='ocr_line' id='line_1_108' title="bbox 199 4961 3478 5034; baseline -0.001 -15"><span class='ocrx_word' id='word_1_823' title='bbox 199 4963 492 5032; x_wconf 84' lang='lat' dir='ltr'><strong>imperite,</strong></span> <span class='ocrx_word' id='word_1_824' title='bbox 526 4963 674 5034; x_wconf 86' lang='lat' dir='ltr'><strong>quod</strong></span> <span class='ocrx_word' id='word_1_825' title='bbox 713 4963 781 5018; x_wconf 86' lang='lat' dir='ltr'><strong>ad</strong></span> <span class='ocrx_word' id='word_1_826' title='bbox 811 4979 1037 5021; x_wconf 91' lang='lat' dir='ltr'><strong>sensum</strong></span> <span class='ocrx_word' id='word_1_827' title='bbox 1068 4972 1123 5019; x_wconf 90' lang='lat' dir='ltr'><strong>et</strong></span> <span class='ocrx_word' id='word_1_828' title='bbox 1157 4965 1426 5020; x_wconf 87' lang='lat' dir='ltr'><strong>rationem</strong></span> <span class='ocrx_word' id='word_1_829' title='bbox 1452 4962 1682 5028; x_wconf 90' lang='lat' dir='ltr'><strong>attinet,</strong></span> <span class='ocrx_word' id='word_1_830' title='bbox 1715 4979 1785 5019; x_wconf 91' lang='lat' dir='ltr'><strong>an</strong></span> <span class='ocrx_word' id='word_1_831' title='bbox 1823 4978 1933 5020; x_wconf 91' lang='lat' dir='ltr'><strong>non</strong></span> <span class='ocrx_word' id='word_1_832' title='bbox 1960 4962 2264 5025; x_wconf 80' lang='lat' dir='ltr'><strong>erubescis,</strong></span> <span class='ocrx_word' id='word_1_833' title='bbox 2294 4977 2358 5018; x_wconf 88' lang='lat' dir='ltr'><strong>ac</strong></span> <span class='ocrx_word' id='word_1_834' title='bbox 2387 4961 2594 5032; x_wconf 90' lang='lat' dir='ltr'><strong>pudore</strong></span> <span class='ocrx_word' id='word_1_835' title='bbox 2617 4961 3107 5024; x_wconf 71' lang='lat' dir='ltr'><strong>vultumilemittis.</strong></span> <span class='ocrx_word' id='word_1_836' title='bbox 3163 4961 3257 5033; x_wconf 85' lang='lat' dir='ltr'><strong>qui</strong></span> <span class='ocrx_word' id='word_1_837' title='bbox 3312 4963 3478 5019; x_wconf 85' lang='lat' dir='ltr'><strong>etiam</strong></span> 
     </span>
    </p>
   </div>
   <div class='ocr_carea' id='block_1_109' title="bbox 197 5044 3463 5130">
    <p class='ocr_par' dir='ltr' id='par_1_109' title="bbox 197 5044 3463 5130">
     <span class='ocr_line' id='line_1_109' title="bbox 197 5044 3463 5130; baseline -0.001 -14"><span class='ocrx_word' id='word_1_838' title='bbox 197 5058 484 5116; x_wconf 81' lang='lat' dir='ltr'><strong>feminam</strong></span> <span class='ocrx_word' id='word_1_839' title='bbox 522 5057 692 5117; x_wconf 86' lang='lat' dir='ltr'><strong>Deum</strong></span> <span class='ocrx_word' id='word_1_840' title='bbox 729 5060 1043 5130; x_wconf 81' lang='lat' dir='ltr'><strong>confiteris,</strong></span> <span class='ocrx_word' id='word_1_841' title='bbox 1079 5068 1134 5117; x_wconf 91' lang='lat' dir='ltr'><strong>et</strong></span> <span class='ocrx_word' id='word_1_842' title='bbox 1199 5069 1260 5116; x_wconf 91' lang='lat' dir='ltr'><strong>ut</strong></span> <span class='ocrx_word' id='word_1_843' title='bbox 1322 5068 1554 5115; x_wconf 88' lang='lat' dir='ltr'><strong>matrem</strong></span> <span class='ocrx_word' id='word_1_844' title='bbox 1586 5060 1874 5116; x_wconf 83' lang='lat' dir='ltr'><strong>duodecim</strong></span> <span class='ocrx_word' id='word_1_845' title='bbox 1915 5044 2211 5115; x_wconf 87' lang='lat' dir='ltr'><strong>liberorum</strong></span> <span class='ocrx_word' id='word_1_846' title='bbox 2240 5056 2487 5113; x_wconf 87' lang='lat' dir='ltr'><strong>eamdem</strong></span> <span class='ocrx_word' id='word_1_847' title='bbox 2532 5057 2733 5114; x_wconf 85' lang='lat' dir='ltr'><strong>adoras</strong></span> <span class='ocrx_word' id='word_1_848' title='bbox 2760 5055 3049 5112; x_wconf 78' lang='lat' dir='ltr'><strong>fecundam</strong></span> <span class='ocrx_word' id='word_1_849' title='bbox 3084 5057 3376 5128; x_wconf 77' lang='lat' dir='ltr'><strong>quamdam</strong></span> <span class='ocrx_word' id='word_1_850' title='bbox 3407 5057 3463 5113; x_wconf 83' lang='grc' dir='ltr'><strong>1ο-</strong></span> 
     </span>
    </p>
   </div>
   <div class='ocr_carea' id='block_1_110' title="bbox 197 5149 2447 5228">
    <p class='ocr_par' dir='ltr' id='par_1_110' title="bbox 197 5149 2447 5228">
     <span class='ocr_line' id='line_1_110' title="bbox 197 5149 2447 5228; baseline -0.001 -22"><span class='ocrx_word' id='word_1_851' title='bbox 197 5167 419 5228; x_wconf 76' lang='lat' dir='ltr'><strong>porum</strong></span> <span class='ocrx_word' id='word_1_852' title='bbox 453 5168 684 5210; x_wconf 87' lang='lat' dir='ltr'><strong>sumnve</strong></span> <span class='ocrx_word' id='word_1_853' title='bbox 711 5154 878 5209; x_wconf 90' lang='lat' dir='ltr'><strong>modo</strong></span> <span class='ocrx_word' id='word_1_854' title='bbox 904 5154 1175 5218; x_wconf 67' lang='lat' dir='ltr'><strong>daemona,</strong></span> <span class='ocrx_word' id='word_1_855' title='bbox 1207 5167 1331 5225; x_wconf 70' lang='lat' dir='ltr'><strong>quae</strong></span> <span class='ocrx_word' id='word_1_856' title='bbox 1355 5150 1518 5209; x_wconf 91' lang='lat' dir='ltr'><strong>facile</strong></span> <span class='ocrx_word' id='word_1_857' title='bbox 1544 5159 1600 5207; x_wconf 91' lang='lat' dir='ltr'><strong>et</strong></span> <span class='ocrx_word' id='word_1_858' title='bbox 1634 5151 1915 5223; x_wconf 89' lang='lat' dir='ltr'><strong>concipiat</strong></span> <span class='ocrx_word' id='word_1_859' title='bbox 1942 5158 1998 5207; x_wconf 90' lang='lat' dir='ltr'><strong>ct</strong></span> <span class='ocrx_word' id='word_1_860' title='bbox 2037 5159 2252 5216; x_wconf 85' lang='lat' dir='ltr'><strong>partum</strong></span> <span class='ocrx_word' id='word_1_861' title='bbox 2282 5149 2447 5204; x_wconf 80' lang='lat' dir='ltr'><strong>edat?</strong></span> 
     </span>
    </p>
   </div>
   <div class='ocr_carea' id='block_1_111' title="bbox 279 5239 1775 5316">
    <p class='ocr_par' dir='ltr' id='par_1_111' title="bbox 279 5242 1775 5316">
     <span class='ocr_line' id='line_1_111' title="bbox 279 5242 1775 5316; baseline -0.005 -15"><span class='ocrx_word' id='word_1_862' title='bbox 279 5243 558 5309; x_wconf 76' lang='grc' dir='ltr'><strong>οὔτωςόὲ</strong></span> <span class='ocrx_word' id='word_1_863' title='bbox 600 5245 697 5300; x_wconf 87' lang='grc' dir='ltr'><strong>τοῦ</strong></span> <span class='ocrx_word' id='word_1_864' title='bbox 742 5246 897 5316; x_wconf 83' lang='grc' dir='ltr'><strong>ἁγίου</strong></span> <span class='ocrx_word' id='word_1_865' title='bbox 950 5246 1171 5300; x_wconf 88' lang='grc' dir='ltr'><strong>διπλοῦν</strong></span> <span class='ocrx_word' id='word_1_866' title='bbox 1220 5242 1672 5316; x_wconf 72' lang='grc' dir='ltr'><strong>ἁντιστρέψαντος</strong></span> <span class='ocrx_word' id='word_1_867' title='bbox 1726 5242 1775 5295; x_wconf 73' lang='grc' dir='ltr'><strong>τί</strong></span> 
     </span>
    </p>
   </div>
   <div class='ocr_carea' id='block_1_112' title="bbox 1879 5239 3483 5316">
    <p class='ocr_par' dir='ltr' id='par_1_112' title="bbox 1981 5239 3483 5311">
     <span class='ocr_line' id='line_1_112' title="bbox 1981 5239 3483 5311; baseline -0.001 -13"><span class='ocrx_word' id='word_1_868' title='bbox 1981 5241 2119 5298; x_wconf 84' lang='lat' dir='ltr'><strong>Cum</strong></span> <span class='ocrx_word' id='word_1_869' title='bbox 2150 5251 2330 5295; x_wconf 89' lang='lat' dir='ltr'><strong>autem</strong></span> <span class='ocrx_word' id='word_1_870' title='bbox 2362 5239 2466 5294; x_wconf 90' lang='lat' dir='ltr'><strong>hoc</strong></span> <span class='ocrx_word' id='word_1_871' title='bbox 2501 5239 2663 5295; x_wconf 89' lang='lat' dir='ltr'><strong>modo</strong></span> <span class='ocrx_word' id='word_1_872' title='bbox 2695 5239 2970 5311; x_wconf 82' lang='lat' dir='ltr'><strong>duplicem</strong></span> <span class='ocrx_word' id='word_1_873' title='bbox 3012 5248 3238 5297; x_wconf 84' lang='lat' dir='ltr'><strong>sanctus</strong></span> <span class='ocrx_word' id='word_1_874' title='bbox 3260 5240 3483 5297; x_wconf 83' lang='lat' dir='ltr'><strong>irrisio-</strong></span> 
     </span>
    </p>
   </div>
   <div class='ocr_carea' id='block_1_113' title="bbox 201 5329 1775 5412">
    <p class='ocr_par' dir='ltr' id='par_1_113' title="bbox 201 5336 1775 5412">
     <span class='ocr_line' id='line_1_113' title="bbox 201 5336 1775 5412; baseline -0.003 -19"><span class='ocrx_word' id='word_1_875' title='bbox 201 5336 585 5412; x_wconf 66' lang='grc' dir='ltr'><strong>εἰδωλολάτρῃ</strong></span> <span class='ocrx_word' id='word_1_876' title='bbox 626 5340 719 5395; x_wconf 67' lang='grc' dir='ltr'><strong>τον</strong></span> <span class='ocrx_word' id='word_1_877' title='bbox 771 5338 1155 5408; x_wconf 77' lang='grc' dir='ltr'><strong>καταγέλωτα.</strong></span> <span class='ocrx_word' id='word_1_878' title='bbox 1232 5338 1418 5409; x_wconf 85' lang='grc' dir='ltr'><strong>σχῆμα</strong></span> <span class='ocrx_word' id='word_1_879' title='bbox 1468 5336 1775 5408; x_wconf 73' lang='grc' dir='ltr'><strong>πλασάμενο</strong></span> 
     </span>
    </p>
   </div>
   <div class='ocr_carea' id='block_1_114' title="bbox 1879 5329 3484 5412">
    <p class='ocr_par' dir='ltr' id='par_1_114' title="bbox 1913 5329 3484 5401">
     <span class='ocr_line' id='line_1_114' title="bbox 1913 5329 3484 5401; baseline -0.002 -11"><span class='ocrx_word' id='word_1_880' title='bbox 1913 5350 2036 5390; x_wconf 87' lang='lat' dir='ltr'><strong>nem</strong></span> <span class='ocrx_word' id='word_1_881' title='bbox 2068 5330 2491 5389; x_wconf 88' lang='lat' dir='ltr'><strong>simulacrorum</strong></span> <span class='ocrx_word' id='word_1_882' title='bbox 2518 5329 2715 5385; x_wconf 90' lang='lat' dir='ltr'><strong>cultori</strong></span> <span class='ocrx_word' id='word_1_883' title='bbox 2738 5331 3096 5401; x_wconf 81' lang='lat' dir='ltr'><strong>reposuisset,</strong></span> <span class='ocrx_word' id='word_1_884' title='bbox 3130 5331 3484 5387; x_wconf 88' lang='lat' dir='ltr'><strong>humanitatis</strong></span> 
     </span>
    </p>
   </div>
   <div class='ocr_carea' id='block_1_115' title="bbox 205 5422 1775 5502">
    <p class='ocr_par' dir='ltr' id='par_1_115' title="bbox 205 5426 1775 5502">
     <span class='ocr_line' id='line_1_115' title="bbox 205 5426 1775 5502; baseline -0.002 -19"><span class='ocrx_word' id='word_1_885' title='bbox 205 5429 637 5501; x_wconf 70' lang='grc' dir='ltr'><strong>φιλανθρωπίας</strong></span> <span class='ocrx_word' id='word_1_886' title='bbox 664 5432 713 5485; x_wconf 84' lang='grc' dir='ltr'><strong>οἱ</strong></span> <span class='ocrx_word' id='word_1_887' title='bbox 752 5430 1025 5502; x_wconf 86' lang='grc' dir='ltr'><strong>τύραννοι,</strong></span> <span class='ocrx_word' id='word_1_888' title='bbox 1058 5449 1077 5483; x_wconf 83' lang='grc' dir='ltr'><strong>ι</strong></span> <span class='ocrx_word' id='word_1_889' title='bbox 1111 5428 1340 5500; x_wconf 84' lang='grc' dir='ltr'><strong>Ὀλίγος,</strong></span> <span class='ocrx_word' id='word_1_890' title='bbox 1368 5446 1387 5481; x_wconf 86' lang='grc' dir='ltr'><strong>ι</strong></span> <span class='ocrx_word' id='word_1_891' title='bbox 1419 5428 1572 5500; x_wconf 78' lang='grc' dir='ltr'><strong>φασὶ,</strong></span> <span class='ocrx_word' id='word_1_892' title='bbox 1605 5448 1624 5481; x_wconf 83' lang='grc' dir='ltr'><strong>ι</strong></span> <span class='ocrx_word' id='word_1_893' title='bbox 1669 5426 1775 5498; x_wconf 65' lang='grc' dir='ltr'><strong>πρὸ</strong></span> 
     </span>
    </p>
   </div>
   <div class='ocr_carea' id='block_1_116' title="bbox 1879 5422 3481 5502">
    <p class='ocr_par' dir='ltr' id='par_1_116' title="bbox 1912 5422 3481 5495">
     <span class='ocr_line' id='line_1_116' title="bbox 1912 5422 3481 5495; baseline -0.004 -14"><span class='ocrx_word' id='word_1_894' title='bbox 1912 5436 1966 5481; x_wconf 74' lang='lat' dir='ltr'><strong>et</strong></span> <span class='ocrx_word' id='word_1_895' title='bbox 2002 5424 2304 5480; x_wconf 83' lang='lat' dir='ltr'><strong>clementia:</strong></span> <span class='ocrx_word' id='word_1_896' title='bbox 2336 5423 2520 5494; x_wconf 88' lang='lat' dir='ltr'><strong>specie</strong></span> <span class='ocrx_word' id='word_1_897' title='bbox 2557 5422 2700 5478; x_wconf 85' lang='lat' dir='ltr'><strong>facta</strong></span> <span class='ocrx_word' id='word_1_898' title='bbox 2748 5424 3008 5495; x_wconf 83' lang='lat' dir='ltr'><strong>tyranni,</strong></span> <span class='ocrx_word' id='word_1_899' title='bbox 3055 5445 3075 5478; x_wconf 77' lang='grc' dir='ltr'><strong>ι</strong></span> <span class='ocrx_word' id='word_1_900' title='bbox 3110 5424 3378 5495; x_wconf 74' lang='lat' dir='ltr'><strong>Exiguum</strong></span> <span class='ocrx_word' id='word_1_901' title='bbox 3400 5462 3418 5487; x_wconf 91' lang='lat'><strong>,</strong></span> <span class='ocrx_word' id='word_1_902' title='bbox 3460 5442 3481 5475; x_wconf 83' lang='grc' dir='ltr'><strong>ι</strong></span> 
     </span>
    </p>
   </div>
   <div class='ocr_carea' id='block_1_117' title="bbox 201 5513 1775 5596">
    <p class='ocr_par' dir='ltr' id='par_1_117' title="bbox 201 5519 1775 5596">
     <span class='ocr_line' id='line_1_117' title="bbox 201 5519 1775 5596; baseline -0.006 -16"><span class='ocrx_word' id='word_1_903' title='bbox 201 5519 509 5595; x_wconf 64' lang='grc' dir='ltr'><strong>διάσκεψιν</strong></span> <span class='ocrx_word' id='word_1_904' title='bbox 535 5520 802 5596; x_wconf 72' lang='grc' dir='ltr'><strong>ὲνδοθὴτω</strong></span> <span class='ocrx_word' id='word_1_905' title='bbox 823 5522 899 5594; x_wconf 80' lang='grc' dir='ltr'><strong>τῷ</strong></span> <span class='ocrx_word' id='word_1_906' title='bbox 923 5520 1233 5595; x_wconf 78' lang='grc' dir='ltr'><strong>μαινομένῳ</strong></span> <span class='ocrx_word' id='word_1_907' title='bbox 1260 5520 1445 5596; x_wconf 83' lang='grc' dir='ltr'><strong>καιρός</strong></span> <span class='ocrx_word' id='word_1_908' title='bbox 1468 5537 1482 5551; x_wconf 73' lang='grc' dir='ltr'><strong>ο</strong></span> <span class='ocrx_word' id='word_1_909' title='bbox 1511 5521 1639 5585; x_wconf 82' lang='grc' dir='ltr'><strong>ίσως</strong></span> <span class='ocrx_word' id='word_1_910' title='bbox 1663 5538 1775 5575; x_wconf 71' lang='grc' dir='ltr'><strong>κατι</strong></span> 
     </span>
    </p>
   </div>
   <div class='ocr_carea' id='block_1_118' title="bbox 1879 5513 3487 5596">
    <p class='ocr_par' dir='ltr' id='par_1_118' title="bbox 1913 5513 3487 5590">
     <span class='ocr_line' id='line_1_118' title="bbox 1913 5513 3487 5590; baseline 0 -16"><span class='ocrx_word' id='word_1_911' title='bbox 1913 5518 2206 5590; x_wconf 75' lang='lat' dir='ltr'><strong>inquiunt,</strong></span> <span class='ocrx_word' id='word_1_912' title='bbox 2249 5536 2267 5569; x_wconf 81' lang='grc' dir='ltr'><strong>ι</strong></span> <span class='ocrx_word' id='word_1_913' title='bbox 2320 5513 2386 5568; x_wconf 88' lang='lat' dir='ltr'><strong>ad</strong></span> <span class='ocrx_word' id='word_1_914' title='bbox 2426 5514 2889 5573; x_wconf 85' lang='lat' dir='ltr'><strong>considerandum</strong></span> <span class='ocrx_word' id='word_1_915' title='bbox 2939 5516 3238 5573; x_wconf 82' lang='lat' dir='ltr'><strong>insanienti</strong></span> <span class='ocrx_word' id='word_1_916' title='bbox 3270 5523 3487 5587; x_wconf 76' lang='lat' dir='ltr'><strong>tempus</strong></span> 
     </span>
    </p>
   </div>
  </div>
