  <div class='ocr_page' id='page_1' title='image "/cluster/home/n/w/nwhite01/storage/ocr_20150623/46/hvd.32044054112198/387.png"; bbox 0 0 3918 6204; ppageno 0'>
   <div class='ocr_carea' id='block_1_1' title="bbox 389 163 496 225">
    <p class='ocr_par' dir='ltr' id='par_1_1' title="bbox 389 163 496 225">
     <span class='ocr_line' id='line_1_1' title="bbox 389 163 496 225; baseline 0 0"><span class='ocrx_word' id='word_1_1' title='bbox 389 163 496 225; x_wconf 66' lang='grc'><strong>743</strong></span> 
     </span>
    </p>
   </div>
   <div class='ocr_carea' id='block_1_2' title="bbox 1636 156 2388 218">
    <p class='ocr_par' dir='ltr' id='par_1_2' title="bbox 1636 156 2388 218">
     <span class='ocr_line' id='line_1_2' title="bbox 1636 156 2388 218; baseline -0.004 0"><span class='ocrx_word' id='word_1_2' title='bbox 1636 161 1695 218; x_wconf 85' lang='lat' dir='ltr'><strong>S.</strong></span> <span class='ocrx_word' id='word_1_3' title='bbox 1733 156 2061 218; x_wconf 79' lang='lat' dir='ltr'><strong>GREGORII</strong></span> <span class='ocrx_word' id='word_1_4' title='bbox 2091 159 2388 218; x_wconf 74' lang='lat' dir='ltr'><strong>NYSSENI</strong></span> 
     </span>
    </p>
   </div>
   <div class='ocr_carea' id='block_1_3' title="bbox 3524 164 3642 221">
    <p class='ocr_par' dir='ltr' id='par_1_3' title="bbox 3524 164 3642 221">
     <span class='ocr_line' id='line_1_3' title="bbox 3524 164 3642 221; baseline 0.025 -2"><span class='ocrx_word' id='word_1_5' title='bbox 3524 164 3642 221; x_wconf 67' lang='lat' dir='ltr'><strong>7H</strong></span> 
     </span>
    </p>
   </div>
   <div class='ocr_carea' id='block_1_4' title="bbox 383 281 1975 356">
    <p class='ocr_par' dir='ltr' id='par_1_4' title="bbox 383 284 1961 355">
     <span class='ocr_line' id='line_1_4' title="bbox 383 284 1961 355; baseline -0.002 -13"><span class='ocrx_word' id='word_1_6' title='bbox 383 285 745 352; x_wconf 85' lang='lat' dir='ltr'><strong>concedatur,</strong></span> <span class='ocrx_word' id='word_1_7' title='bbox 780 285 1017 341; x_wconf 88' lang='lat' dir='ltr'><strong>fortasse</strong></span> <span class='ocrx_word' id='word_1_8' title='bbox 1047 298 1146 355; x_wconf 90' lang='lat' dir='ltr'><strong>per</strong></span> <span class='ocrx_word' id='word_1_9' title='bbox 1182 284 1356 343; x_wconf 88' lang='lat' dir='ltr'><strong>otium</strong></span> <span class='ocrx_word' id='word_1_10' title='bbox 1379 299 1440 340; x_wconf 92' lang='lat' dir='ltr'><strong>re</strong></span> <span class='ocrx_word' id='word_1_11' title='bbox 1471 297 1657 340; x_wconf 84' lang='lat' dir='ltr'><strong>secum</strong></span> <span class='ocrx_word' id='word_1_12' title='bbox 1689 297 1961 355; x_wconf 80' lang='lat' dir='ltr'><strong>perpensa</strong></span> 
     </span>
    </p>
   </div>
   <div class='ocr_carea' id='block_1_5' title="bbox 2078 281 3639 356">
    <p class='ocr_par' dir='ltr' id='par_1_5' title="bbox 2078 281 3639 356">
     <span class='ocr_line' id='line_1_5' title="bbox 2078 281 3639 356; baseline 0 -19"><span class='ocrx_word' id='word_1_13' title='bbox 2078 284 2259 356; x_wconf 79' lang='grc' dir='ltr'>ι’χολὴν</span> <span class='ocrx_word' id='word_1_14' title='bbox 2287 283 2410 348; x_wconf 80' lang='grc' dir='ltr'>δοὺς</span> <span class='ocrx_word' id='word_1_15' title='bbox 2433 282 2611 354; x_wconf 82' lang='grc' dir='ltr'>ἐαυτῷ</span> <span class='ocrx_word' id='word_1_16' title='bbox 2640 281 2864 355; x_wconf 82' lang='grc' dir='ltr'><strong>γνώμην</strong></span> <span class='ocrx_word' id='word_1_17' title='bbox 2882 325 2898 350; x_wconf 95' lang='grc'><strong>,</strong></span> <span class='ocrx_word' id='word_1_18' title='bbox 2940 283 3239 354; x_wconf 85' lang='grc' dir='ltr'>μετάθηται</span> <span class='ocrx_word' id='word_1_19' title='bbox 3269 283 3402 353; x_wconf 75' lang='grc' dir='ltr'>πρὸς</span> <span class='ocrx_word' id='word_1_20' title='bbox 3424 283 3486 336; x_wconf 75' lang='grc' dir='ltr'>τὸ</span> <span class='ocrx_word' id='word_1_21' title='bbox 3517 283 3639 355; x_wconf 75' lang='grc' dir='ltr'>βέλο</span> 
     </span>
    </p>
   </div>
   <div class='ocr_carea' id='block_1_6' title="bbox 385 372 1975 448">
    <p class='ocr_par' dir='ltr' id='par_1_6' title="bbox 385 372 1960 448">
     <span class='ocr_line' id='line_1_6' title="bbox 385 372 1960 448; baseline -0.002 -16"><span class='ocrx_word' id='word_1_22' title='bbox 385 388 551 448; x_wconf 83' lang='lat' dir='ltr'><strong>atque</strong></span> <span class='ocrx_word' id='word_1_23' title='bbox 608 377 905 432; x_wconf 90' lang='lat' dir='ltr'><strong>deliberata</strong></span> <span class='ocrx_word' id='word_1_24' title='bbox 952 377 1258 431; x_wconf 88' lang='lat' dir='ltr'><strong>mutabitur</strong></span> <span class='ocrx_word' id='word_1_25' title='bbox 1303 375 1360 431; x_wconf 91' lang='lat' dir='ltr'><strong>in</strong></span> <span class='ocrx_word' id='word_1_26' title='bbox 1403 375 1626 432; x_wconf 89' lang='lat' dir='ltr'><strong>melius.</strong></span> <span class='ocrx_word' id='word_1_27' title='bbox 1681 372 1960 431; x_wconf 87' lang='lat' dir='ltr'><strong>insaniam</strong></span> 
     </span>
    </p>
   </div>
   <div class='ocr_carea' id='block_1_7' title="bbox 2078 372 3666 448">
    <p class='ocr_par' dir='ltr' id='par_1_7' title="bbox 2078 372 3666 447">
     <span class='ocr_line' id='line_1_7' title="bbox 2078 372 3666 447; baseline -0.001 -18"><span class='ocrx_word' id='word_1_28' title='bbox 2078 391 2196 429; x_wconf 70' lang='grc' dir='ltr'>τιον.</span> <span class='ocrx_word' id='word_1_29' title='bbox 2226 393 2245 427; x_wconf 77' lang='grc' dir='ltr'><strong>ι</strong></span> <span class='ocrx_word' id='word_1_30' title='bbox 2284 375 2498 430; x_wconf 79' lang='grc' dir='ltr'>Μανίαν</span> <span class='ocrx_word' id='word_1_31' title='bbox 2520 374 2629 447; x_wconf 87' lang='grc' dir='ltr'><strong>γάρ</strong></span> <span class='ocrx_word' id='word_1_32' title='bbox 2650 376 2698 428; x_wconf 78' lang='lat' dir='ltr'><strong>oi</strong></span> <span class='ocrx_word' id='word_1_33' title='bbox 2723 374 2984 446; x_wconf 77' lang='grc' dir='ltr'><strong>ἔκφρονες</strong></span> <span class='ocrx_word' id='word_1_34' title='bbox 3014 375 3113 445; x_wconf 76' lang='grc' dir='ltr'><strong>τὴν</strong></span> <span class='ocrx_word' id='word_1_35' title='bbox 3146 372 3494 446; x_wconf 73' lang='grc' dir='ltr'><strong>σωφροσύνην</strong></span> <span class='ocrx_word' id='word_1_36' title='bbox 3517 376 3666 428; x_wconf 68' lang='grc' dir='ltr'>ἐκά-</span> 
     </span>
    </p>
   </div>
   <div class='ocr_carea' id='block_1_8' title="bbox 384 466 1964 525">
    <p class='ocr_par' dir='ltr' id='par_1_8' title="bbox 384 466 1964 525">
     <span class='ocr_line' id='line_1_8' title="bbox 384 466 1964 525; baseline -0.002 0"><span class='ocrx_word' id='word_1_37' title='bbox 384 471 531 525; x_wconf 89' lang='lat' dir='ltr'><strong>cnim</strong></span> <span class='ocrx_word' id='word_1_38' title='bbox 583 469 864 524; x_wconf 85' lang='lat' dir='ltr'><strong>dementes</strong></span> <span class='ocrx_word' id='word_1_39' title='bbox 909 467 1200 524; x_wconf 75' lang='lat' dir='ltr'><strong>sanitatem</strong></span> <span class='ocrx_word' id='word_1_40' title='bbox 1245 466 1450 523; x_wconf 90' lang='lat' dir='ltr'><strong>mentis</strong></span> <span class='ocrx_word' id='word_1_41' title='bbox 1483 467 1757 522; x_wconf 91' lang='lat' dir='ltr'><strong>vocabant</strong></span> <span class='ocrx_word' id='word_1_42' title='bbox 1785 485 1798 520; x_wconf 90' lang='lat'><strong>:</strong></span> <span class='ocrx_word' id='word_1_43' title='bbox 1829 466 1964 522; x_wconf 92' lang='lat' dir='ltr'><strong>alie-</strong></span> 
     </span>
    </p>
   </div>
   <div class='ocr_carea' id='block_1_9' title="bbox 383 559 1961 629">
    <p class='ocr_par' dir='ltr' id='par_1_9' title="bbox 383 559 1961 629">
     <span class='ocr_line' id='line_1_9' title="bbox 383 559 1961 629; baseline -0.001 -13"><span class='ocrx_word' id='word_1_44' title='bbox 383 563 665 617; x_wconf 87' lang='lat' dir='ltr'><strong>nationem</strong></span> <span class='ocrx_word' id='word_1_45' title='bbox 717 575 850 617; x_wconf 90' lang='lat' dir='ltr'><strong>vero</strong></span> <span class='ocrx_word' id='word_1_46' title='bbox 902 561 1102 616; x_wconf 90' lang='lat' dir='ltr'><strong>mentis</strong></span> <span class='ocrx_word' id='word_1_47' title='bbox 1152 567 1208 616; x_wconf 89' lang='lat' dir='ltr'><strong>et</strong></span> <span class='ocrx_word' id='word_1_48' title='bbox 1260 559 1601 626; x_wconf 81' lang='lat' dir='ltr'><strong>vecordiam,</strong></span> <span class='ocrx_word' id='word_1_49' title='bbox 1645 559 1905 629; x_wconf 83' lang='lat' dir='ltr'><strong>pietatem</strong></span> <span class='ocrx_word' id='word_1_50' title='bbox 1946 573 1961 614; x_wconf 91' lang='lat'>:</span> 
     </span>
    </p>
   </div>
   <div class='ocr_carea' id='block_1_10' title="bbox 383 650 1964 724">
    <p class='ocr_par' dir='ltr' id='par_1_10' title="bbox 383 650 1964 724">
     <span class='ocr_line' id='line_1_10' title="bbox 383 650 1964 724; baseline -0.001 -18"><span class='ocrx_word' id='word_1_51' title='bbox 383 651 848 724; x_wconf 78' lang='lat' dir='ltr'><strong>quemadmodum</strong></span> <span class='ocrx_word' id='word_1_52' title='bbox 895 653 974 718; x_wconf 88' lang='lat' dir='ltr'><strong>fit,</strong></span> <span class='ocrx_word' id='word_1_53' title='bbox 1022 666 1146 708; x_wconf 90' lang='lat' dir='ltr'><strong>cum</strong></span> <span class='ocrx_word' id='word_1_54' title='bbox 1204 651 1349 707; x_wconf 81' lang='lat' dir='ltr'><strong>ebrii</strong></span> <span class='ocrx_word' id='word_1_55' title='bbox 1404 665 1562 707; x_wconf 90' lang='lat' dir='ltr'><strong>suam</strong></span> <span class='ocrx_word' id='word_1_56' title='bbox 1621 650 1964 707; x_wconf 71' lang='lat' dir='ltr'><strong>affectionem</strong></span> 
     </span>
    </p>
   </div>
   <div class='ocr_carea' id='block_1_11' title="bbox 2063 459 3651 534">
    <p class='ocr_par' dir='ltr' id='par_1_11' title="bbox 2063 459 3651 534">
     <span class='ocr_line' id='line_1_11' title="bbox 2063 459 3651 534; baseline 0.002 -20"><span class='ocrx_word' id='word_1_57' title='bbox 2063 461 2190 516; x_wconf 91' lang='grc' dir='ltr'>λουν</span> <span class='ocrx_word' id='word_1_58' title='bbox 2213 475 2228 494; x_wconf 72' lang='grc'><strong><em>⁸</em></strong></span> <span class='ocrx_word' id='word_1_59' title='bbox 2280 459 2543 516; x_wconf 78' lang='grc' dir='ltr'><strong>ἔκστασιν</strong></span> <span class='ocrx_word' id='word_1_60' title='bbox 2573 463 2632 516; x_wconf 89' lang='grc' dir='ltr'><strong>δέ</strong></span> <span class='ocrx_word' id='word_1_61' title='bbox 2671 462 2767 516; x_wconf 80' lang='grc' dir='ltr'><strong>καὶ</strong></span> <span class='ocrx_word' id='word_1_62' title='bbox 2793 462 3135 534; x_wconf 68' lang='grc' dir='ltr'>παραφορὰν,</span> <span class='ocrx_word' id='word_1_63' title='bbox 3176 461 3277 533; x_wconf 77' lang='grc' dir='ltr'>τὴν</span> <span class='ocrx_word' id='word_1_64' title='bbox 3321 461 3607 517; x_wconf 78' lang='grc' dir='ltr'>εὐλάϐειαν</span> <span class='ocrx_word' id='word_1_65' title='bbox 3633 479 3651 494; x_wconf 89' lang='grc'><strong>·</strong></span> 
     </span>
    </p>
   </div>
   <div class='ocr_carea' id='block_1_12' title="bbox 2064 553 3651 628">
    <p class='ocr_par' dir='ltr' id='par_1_12' title="bbox 2064 553 3651 628">
     <span class='ocr_line' id='line_1_12' title="bbox 2064 553 3651 628; baseline -0.002 -19"><span class='ocrx_word' id='word_1_66' title='bbox 2064 555 2252 628; x_wconf 83' lang='grc' dir='ltr'>ὥσπερ</span> <span class='ocrx_word' id='word_1_67' title='bbox 2281 557 2408 611; x_wconf 83' lang='grc' dir='ltr'>ὅταν</span> <span class='ocrx_word' id='word_1_68' title='bbox 2431 556 2480 610; x_wconf 82' lang='lat' dir='ltr'><strong>oi</strong></span> <span class='ocrx_word' id='word_1_69' title='bbox 2515 555 2830 628; x_wconf 79' lang='grc' dir='ltr'><strong>μεθύοντες,</strong></span> <span class='ocrx_word' id='word_1_70' title='bbox 2869 554 2927 608; x_wconf 83' lang='grc' dir='ltr'><strong>τὸ</strong></span> <span class='ocrx_word' id='word_1_71' title='bbox 2957 555 3085 608; x_wconf 80' lang='grc' dir='ltr'>ἴδιον</span> <span class='ocrx_word' id='word_1_72' title='bbox 3114 553 3284 617; x_wconf 89' lang='grc' dir='ltr'>πάθος</span> <span class='ocrx_word' id='word_1_73' title='bbox 3302 555 3416 617; x_wconf 86' lang='grc' dir='ltr'>τοῖς</span> <span class='ocrx_word' id='word_1_74' title='bbox 3439 555 3651 625; x_wconf 77' lang='grc' dir='ltr'>νήφου-</span> 
     </span>
    </p>
   </div>
   <div class='ocr_carea' id='block_1_13' title="bbox 2067 643 3652 716">
    <p class='ocr_par' dir='ltr' id='par_1_13' title="bbox 2067 643 3652 716">
     <span class='ocr_line' id='line_1_13' title="bbox 2067 643 3652 716; baseline -0.003 -14"><span class='ocrx_word' id='word_1_75' title='bbox 2067 665 2151 702; x_wconf 90' lang='grc' dir='ltr'><strong>σιν</strong></span> <span class='ocrx_word' id='word_1_76' title='bbox 2186 645 2537 712; x_wconf 78' lang='grc' dir='ltr'>ὀνειδίζωσιν.</span> <span class='ocrx_word' id='word_1_77' title='bbox 2585 646 2724 700; x_wconf 75' lang='grc' dir='ltr'>Ἀλλ’</span> <span class='ocrx_word' id='word_1_78' title='bbox 2761 647 2789 699; x_wconf 99' lang='lat'><strong>6</strong></span> <span class='ocrx_word' id='word_1_79' title='bbox 2825 645 3055 716; x_wconf 75' lang='grc' dir='ltr'>εὐσεϐὴς</span> <span class='ocrx_word' id='word_1_80' title='bbox 3098 643 3383 714; x_wconf 78' lang='grc' dir='ltr'>ἄνθρωπος</span> <span class='ocrx_word' id='word_1_81' title='bbox 3415 644 3508 697; x_wconf 76' lang='grc' dir='ltr'><strong>καὶ</strong></span> <span class='ocrx_word' id='word_1_82' title='bbox 3546 644 3652 698; x_wconf 79' lang='grc' dir='ltr'><strong>τοῦ</strong></span> 
     </span>
    </p>
   </div>
   <div class='ocr_carea' id='block_1_14' title="bbox 384 735 1975 813">
    <p class='ocr_par' dir='ltr' id='par_1_14' title="bbox 384 741 1967 813">
     <span class='ocr_line' id='line_1_14' title="bbox 384 741 1967 813; baseline -0.002 -14"><span class='ocrx_word' id='word_1_83' title='bbox 384 745 589 799; x_wconf 84' lang='lat' dir='ltr'><strong>sobriis</strong></span> <span class='ocrx_word' id='word_1_84' title='bbox 632 744 921 813; x_wconf 87' lang='lat' dir='ltr'><strong>objiciunt.</strong></span> <span class='ocrx_word' id='word_1_85' title='bbox 956 745 1026 799; x_wconf 87' lang='lat' dir='ltr'><strong>At</strong></span> <span class='ocrx_word' id='word_1_86' title='bbox 1070 743 1235 797; x_wconf 88' lang='lat' dir='ltr'><strong>homo</strong></span> <span class='ocrx_word' id='word_1_87' title='bbox 1286 742 1411 813; x_wconf 89' lang='lat' dir='ltr'><strong>pius</strong></span> <span class='ocrx_word' id='word_1_88' title='bbox 1451 741 1774 812; x_wconf 85' lang='lat' dir='ltr'><strong>Christique</strong></span> <span class='ocrx_word' id='word_1_89' title='bbox 1805 741 1967 796; x_wconf 88' lang='lat' dir='ltr'><strong>miles</strong></span> 
     </span>
    </p>
   </div>
   <div class='ocr_carea' id='block_1_15' title="bbox 2078 735 3654 813">
    <p class='ocr_par' dir='ltr' id='par_1_15' title="bbox 2078 735 3654 813">
     <span class='ocr_line' id='line_1_15' title="bbox 2078 735 3654 813; baseline -0.004 -18"><span class='ocrx_word' id='word_1_90' title='bbox 2078 740 2302 813; x_wconf 69' lang='grc' dir='ltr'>Χριστοῦ</span> <span class='ocrx_word' id='word_1_91' title='bbox 2338 738 2786 813; x_wconf 87' lang='grc' dir='ltr'>στρατιώτης,είς</span> <span class='ocrx_word' id='word_1_92' title='bbox 2817 737 3075 809; x_wconf 78' lang='grc' dir='ltr'>ἀνδρικὴν</span> <span class='ocrx_word' id='word_1_93' title='bbox 3103 736 3300 808; x_wconf 78' lang='grc' dir='ltr'>πρᾶξιν</span> <span class='ocrx_word' id='word_1_94' title='bbox 3327 738 3396 808; x_wconf 79' lang='grc' dir='ltr'>τῇ</span> <span class='ocrx_word' id='word_1_95' title='bbox 3429 735 3654 810; x_wconf 79' lang='grc' dir='ltr'>δοθείσῃ</span> 
     </span>
    </p>
   </div>
   <div class='ocr_carea' id='block_1_16' title="bbox 383 831 1962 904">
    <p class='ocr_par' dir='ltr' id='par_1_16' title="bbox 383 831 1962 904">
     <span class='ocr_line' id='line_1_16' title="bbox 383 831 1962 904; baseline -0.002 -17"><span class='ocrx_word' id='word_1_96' title='bbox 383 834 514 888; x_wconf 88' lang='lat' dir='ltr'><strong>dato</strong></span> <span class='ocrx_word' id='word_1_97' title='bbox 543 835 648 890; x_wconf 91' lang='lat' dir='ltr'><strong>sibi</strong></span> <span class='ocrx_word' id='word_1_98' title='bbox 693 834 874 904; x_wconf 88' lang='lat' dir='ltr'><strong>spatio</strong></span> <span class='ocrx_word' id='word_1_99' title='bbox 903 833 970 887; x_wconf 87' lang='lat' dir='ltr'><strong>ad</strong></span> <span class='ocrx_word' id='word_1_100' title='bbox 1014 831 1156 887; x_wconf 91' lang='lat' dir='ltr'><strong>forte</strong></span> <span class='ocrx_word' id='word_1_101' title='bbox 1181 847 1246 886; x_wconf 85' lang='lat' dir='ltr'><strong>ac</strong></span> <span class='ocrx_word' id='word_1_102' title='bbox 1268 832 1428 887; x_wconf 83' lang='lat' dir='ltr'><strong>virile</strong></span> <span class='ocrx_word' id='word_1_103' title='bbox 1453 831 1669 887; x_wconf 81' lang='lat' dir='ltr'><strong>facinus</strong></span> <span class='ocrx_word' id='word_1_104' title='bbox 1691 831 1962 886; x_wconf 87' lang='lat' dir='ltr'><strong>abutitur.</strong></span> 
     </span>
    </p>
   </div>
   <div class='ocr_carea' id='block_1_17' title="bbox 383 923 1967 995">
    <p class='ocr_par' dir='ltr' id='par_1_17' title="bbox 383 923 1967 995">
     <span class='ocr_line' id='line_1_17' title="bbox 383 923 1967 995; baseline -0.002 -16"><span class='ocrx_word' id='word_1_105' title='bbox 383 925 674 991; x_wconf 84' lang='lat' dir='ltr'><strong>Quodnam</strong></span> <span class='ocrx_word' id='word_1_106' title='bbox 711 935 894 981; x_wconf 91' lang='lat' dir='ltr'><strong>autem</strong></span> <span class='ocrx_word' id='word_1_107' title='bbox 939 927 993 979; x_wconf 88' lang='lat' dir='ltr'><strong>id</strong></span> <span class='ocrx_word' id='word_1_108' title='bbox 1029 924 1233 989; x_wconf 90' lang='lat' dir='ltr'><strong>fuerit,</strong></span> <span class='ocrx_word' id='word_1_109' title='bbox 1275 930 1495 995; x_wconf 85' lang='lat' dir='ltr'><strong>tempus</strong></span> <span class='ocrx_word' id='word_1_110' title='bbox 1531 931 1616 981; x_wconf 97' lang='grc' dir='ltr'><strong>εει</strong></span> <span class='ocrx_word' id='word_1_111' title='bbox 1648 923 1803 978; x_wconf 83' lang='lat' dir='ltr'><strong>vobis</strong></span> <span class='ocrx_word' id='word_1_112' title='bbox 1841 937 1967 977; x_wconf 90' lang='lat' dir='ltr'><strong>cum</strong></span> 
     </span>
    </p>
   </div>
   <div class='ocr_carea' id='block_1_18' title="bbox 385 1013 1971 1086">
    <p class='ocr_par' dir='ltr' id='par_1_18' title="bbox 385 1013 1971 1086">
     <span class='ocr_line' id='line_1_18' title="bbox 385 1013 1971 1086; baseline -0.002 -15"><span class='ocrx_word' id='word_1_113' title='bbox 385 1018 572 1073; x_wconf 64' lang='lat' dir='ltr'><strong>laetitia</strong></span> <span class='ocrx_word' id='word_1_114' title='bbox 607 1020 980 1073; x_wconf 88' lang='lat' dir='ltr'><strong>narrationem</strong></span> <span class='ocrx_word' id='word_1_115' title='bbox 1009 1015 1316 1086; x_wconf 86' lang='lat' dir='ltr'><strong>accipiendi</strong></span> <span class='ocrx_word' id='word_1_116' title='bbox 1346 1031 1359 1068; x_wconf 91' lang='lat'><strong>:</strong></span> <span class='ocrx_word' id='word_1_117' title='bbox 1399 1014 1461 1069; x_wconf 87' lang='lat' dir='ltr'><strong>Ei</strong></span> <span class='ocrx_word' id='word_1_118' title='bbox 1499 1030 1621 1086; x_wconf 69' lang='lat' dir='ltr'><strong>qua;</strong></span> <span class='ocrx_word' id='word_1_119' title='bbox 1655 1013 1859 1069; x_wconf 89' lang='lat' dir='ltr'><strong>fabulis</strong></span> <span class='ocrx_word' id='word_1_120' title='bbox 1879 1027 1971 1068; x_wconf 85' lang='lat' dir='ltr'><strong>ce-</strong></span> 
     </span>
    </p>
   </div>
   <div class='ocr_carea' id='block_1_19' title="bbox 387 1103 1969 1178">
    <p class='ocr_par' dir='ltr' id='par_1_19' title="bbox 387 1103 1969 1178">
     <span class='ocr_line' id='line_1_19' title="bbox 387 1103 1969 1178; baseline -0.003 -14"><span class='ocrx_word' id='word_1_121' title='bbox 387 1111 649 1172; x_wconf 90' lang='lat' dir='ltr'><strong>lebratur,</strong></span> <span class='ocrx_word' id='word_1_122' title='bbox 683 1110 844 1164; x_wconf 87' lang='lat' dir='ltr'><strong>matri</strong></span> <span class='ocrx_word' id='word_1_123' title='bbox 875 1109 1102 1165; x_wconf 86' lang='lat' dir='ltr'><strong>deorum</strong></span> <span class='ocrx_word' id='word_1_124' title='bbox 1146 1107 1407 1178; x_wconf 88' lang='lat' dir='ltr'><strong>templum</strong></span> <span class='ocrx_word' id='word_1_125' title='bbox 1440 1115 1560 1162; x_wconf 90' lang='lat' dir='ltr'><strong>erat</strong></span> <span class='ocrx_word' id='word_1_126' title='bbox 1591 1107 1646 1160; x_wconf 91' lang='lat' dir='ltr'><strong>in</strong></span> <span class='ocrx_word' id='word_1_127' title='bbox 1679 1103 1969 1175; x_wconf 85' lang='lat' dir='ltr'><strong>metropoli</strong></span> 
     </span>
    </p>
   </div>
   <div class='ocr_carea' id='block_1_20' title="bbox 386 1191 1970 1270">
    <p class='ocr_par' dir='ltr' id='par_1_20' title="bbox 386 1191 1970 1270">
     <span class='ocr_line' id='line_1_20' title="bbox 386 1191 1970 1270; baseline -0.002 -16"><span class='ocrx_word' id='word_1_128' title='bbox 386 1203 637 1267; x_wconf 77' lang='lat' dir='ltr'><strong>Amasea,</strong></span> <span class='ocrx_word' id='word_1_129' title='bbox 669 1202 817 1270; x_wconf 88' lang='lat' dir='ltr'><strong>quod</strong></span> <span class='ocrx_word' id='word_1_130' title='bbox 837 1191 920 1254; x_wconf 84' lang='lat' dir='ltr'><strong>illi</strong></span> <span class='ocrx_word' id='word_1_131' title='bbox 946 1239 961 1265; x_wconf 95' lang='lat'><strong>,</strong></span> <span class='ocrx_word' id='word_1_132' title='bbox 1005 1201 1099 1270; x_wconf 90' lang='lat' dir='ltr'><strong>qui</strong></span> <span class='ocrx_word' id='word_1_133' title='bbox 1134 1210 1265 1254; x_wconf 88' lang='lat' dir='ltr'><strong>tunc</strong></span> <span class='ocrx_word' id='word_1_134' title='bbox 1295 1199 1574 1263; x_wconf 86' lang='lat' dir='ltr'><strong>errabant,</strong></span> <span class='ocrx_word' id='word_1_135' title='bbox 1603 1197 1736 1253; x_wconf 91' lang='lat' dir='ltr'><strong>inibi</strong></span> <span class='ocrx_word' id='word_1_136' title='bbox 1769 1196 1970 1252; x_wconf 89' lang='lat' dir='ltr'><strong>alicubi</strong></span> 
     </span>
    </p>
   </div>
   <div class='ocr_carea' id='block_1_21' title="bbox 385 1288 1968 1361">
    <p class='ocr_par' dir='ltr' id='par_1_21' title="bbox 385 1288 1968 1361">
     <span class='ocr_line' id='line_1_21' title="bbox 385 1288 1968 1361; baseline -0.005 -15"><span class='ocrx_word' id='word_1_137' title='bbox 385 1293 531 1346; x_wconf 84' lang='lat' dir='ltr'><strong>circa</strong></span> <span class='ocrx_word' id='word_1_138' title='bbox 565 1293 716 1361; x_wconf 87' lang='lat' dir='ltr'><strong>ripas</strong></span> <span class='ocrx_word' id='word_1_139' title='bbox 747 1291 926 1345; x_wconf 87' lang='lat' dir='ltr'><strong>atnnis</strong></span> <span class='ocrx_word' id='word_1_140' title='bbox 972 1290 1215 1344; x_wconf 85' lang='lat' dir='ltr'><strong>vanitate</strong></span> <span class='ocrx_word' id='word_1_141' title='bbox 1261 1288 1486 1343; x_wconf 87' lang='lat' dir='ltr'><strong>adducti</strong></span> <span class='ocrx_word' id='word_1_142' title='bbox 1532 1291 1968 1342; x_wconf 88' lang='lat' dir='ltr'><strong>exstruxerant:</strong></span> 
     </span>
    </p>
   </div>
   <div class='ocr_carea' id='block_1_22' title="bbox 386 1375 1972 1451">
    <p class='ocr_par' dir='ltr' id='par_1_22' title="bbox 386 1375 1972 1451">
     <span class='ocr_line' id='line_1_22' title="bbox 386 1375 1972 1451; baseline -0.003 -16"><span class='ocrx_word' id='word_1_143' title='bbox 386 1383 490 1437; x_wconf 88' lang='lat' dir='ltr'><strong>hoc</strong></span> <span class='ocrx_word' id='word_1_144' title='bbox 523 1384 626 1438; x_wconf 89' lang='lat' dir='ltr'><strong>iste</strong></span> <span class='ocrx_word' id='word_1_145' title='bbox 660 1384 742 1437; x_wconf 85' lang='lat' dir='ltr'><strong>vir</strong></span> <span class='ocrx_word' id='word_1_146' title='bbox 771 1392 1030 1437; x_wconf 85' lang='lat' dir='ltr'><strong>strenuus</strong></span> <span class='ocrx_word' id='word_1_147' title='bbox 1064 1384 1120 1436; x_wconf 87' lang='lat' dir='ltr'><strong>in</strong></span> <span class='ocrx_word' id='word_1_148' title='bbox 1160 1389 1406 1451; x_wconf 90' lang='lat' dir='ltr'><strong>tempore</strong></span> <span class='ocrx_word' id='word_1_149' title='bbox 1438 1379 1579 1433; x_wconf 66' lang='lat' dir='ltr'><strong>datae</strong></span> <span class='ocrx_word' id='word_1_150' title='bbox 1622 1377 1728 1434; x_wconf 88' lang='lat' dir='ltr'><strong>sibi</strong></span> <span class='ocrx_word' id='word_1_151' title='bbox 1756 1375 1972 1433; x_wconf 87' lang='lat' dir='ltr'><strong>securi-</strong></span> 
     </span>
    </p>
   </div>
   <div class='ocr_carea' id='block_1_23' title="bbox 386 1469 1970 1546">
    <p class='ocr_par' dir='ltr' id='par_1_23' title="bbox 386 1469 1970 1546">
     <span class='ocr_line' id='line_1_23' title="bbox 386 1469 1970 1546; baseline -0.004 -16"><span class='ocrx_word' id='word_1_152' title='bbox 386 1477 513 1531; x_wconf 88' lang='lat' dir='ltr'><strong>tatis</strong></span> <span class='ocrx_word' id='word_1_153' title='bbox 555 1483 716 1546; x_wconf 87' lang='lat' dir='ltr'><strong>eapta</strong></span> <span class='ocrx_word' id='word_1_154' title='bbox 749 1475 1081 1538; x_wconf 78' lang='lat' dir='ltr'><strong>occasione,</strong></span> <span class='ocrx_word' id='word_1_155' title='bbox 1123 1482 1178 1530; x_wconf 91' lang='lat' dir='ltr'><strong>et</strong></span> <span class='ocrx_word' id='word_1_156' title='bbox 1234 1487 1370 1528; x_wconf 89' lang='lat' dir='ltr'><strong>aura</strong></span> <span class='ocrx_word' id='word_1_157' title='bbox 1402 1471 1649 1527; x_wconf 91' lang='lat' dir='ltr'><strong>secunda</strong></span> <span class='ocrx_word' id='word_1_158' title='bbox 1682 1469 1970 1525; x_wconf 87' lang='lat' dir='ltr'><strong>incensum</strong></span> 
     </span>
    </p>
   </div>
   <div class='ocr_carea' id='block_1_24' title="bbox 386 1560 1973 1635">
    <p class='ocr_par' dir='ltr' id='par_1_24' title="bbox 386 1560 1973 1635">
     <span class='ocr_line' id='line_1_24' title="bbox 386 1560 1973 1635; baseline -0.003 -16"><span class='ocrx_word' id='word_1_159' title='bbox 386 1568 782 1631; x_wconf 86' lang='lat' dir='ltr'><strong>concremavit,</strong></span> <span class='ocrx_word' id='word_1_160' title='bbox 839 1568 1020 1635; x_wconf 87' lang='lat' dir='ltr'><strong>reipsa</strong></span> <span class='ocrx_word' id='word_1_161' title='bbox 1083 1579 1413 1635; x_wconf 84' lang='lat' dir='ltr'><strong>responsum</strong></span> <span class='ocrx_word' id='word_1_162' title='bbox 1449 1602 1464 1627; x_wconf 95' lang='lat'><strong>,</strong></span> <span class='ocrx_word' id='word_1_163' title='bbox 1500 1561 1645 1634; x_wconf 91' lang='lat' dir='ltr'><strong>quod</strong></span> <span class='ocrx_word' id='word_1_164' title='bbox 1702 1566 1824 1630; x_wconf 89' lang='lat' dir='ltr'><strong>post</strong></span> <span class='ocrx_word' id='word_1_165' title='bbox 1878 1560 1973 1615; x_wconf 86' lang='lat' dir='ltr'><strong>de-</strong></span> 
     </span>
    </p>
   </div>
   <div class='ocr_carea' id='block_1_25' title="bbox 2069 827 3654 906">
    <p class='ocr_par' dir='ltr' id='par_1_25' title="bbox 2069 827 3654 906">
     <span class='ocr_line' id='line_1_25' title="bbox 2069 827 3654 906; baseline -0.006 -18"><span class='ocrx_word' id='word_1_166' title='bbox 2069 835 2232 906; x_wconf 85' lang='grc' dir='ltr'>σχολῇ</span> <span class='ocrx_word' id='word_1_167' title='bbox 2262 833 2662 904; x_wconf 81' lang='grc' dir='ltr'>κατεχρήσατο.</span> <span class='ocrx_word' id='word_1_168' title='bbox 2717 830 2856 902; x_wconf 72' lang='grc' dir='ltr'>Ποία</span> <span class='ocrx_word' id='word_1_169' title='bbox 2878 828 3079 900; x_wconf 75' lang='grc' dir='ltr'>ταύτης</span> <span class='ocrx_word' id='word_1_170' title='bbox 3127 827 3330 898; x_wconf 79' lang='grc' dir='ltr'>Καιρδς</span> <span class='ocrx_word' id='word_1_171' title='bbox 3360 829 3492 898; x_wconf 84' lang='grc' dir='ltr'>ὑμῖν</span> <span class='ocrx_word' id='word_1_172' title='bbox 3528 830 3654 898; x_wconf 86' lang='grc' dir='ltr'>μετ’</span> 
     </span>
    </p>
   </div>
   <div class='ocr_carea' id='block_1_26' title="bbox 2068 918 3657 994">
    <p class='ocr_par' dir='ltr' id='par_1_26' title="bbox 2068 918 3657 994">
     <span class='ocr_line' id='line_1_26' title="bbox 2068 918 3657 994; baseline -0.003 -18"><span class='ocrx_word' id='word_1_173' title='bbox 2068 923 2406 994; x_wconf 86' lang='grc' dir='ltr'>εὐφροσύνης</span> <span class='ocrx_word' id='word_1_174' title='bbox 2439 920 2797 986; x_wconf 78' lang='grc' dir='ltr'>ὐποδέξασθαι</span> <span class='ocrx_word' id='word_1_175' title='bbox 2820 920 2879 973; x_wconf 80' lang='grc' dir='ltr'><strong>τὸ</strong></span> <span class='ocrx_word' id='word_1_176' title='bbox 2906 920 3169 992; x_wconf 79' lang='grc' dir='ltr'>διήγημαο</span> <span class='ocrx_word' id='word_1_177' title='bbox 3199 919 3278 989; x_wconf 83' lang='grc' dir='ltr'><strong>Τῇ</strong></span> <span class='ocrx_word' id='word_1_178' title='bbox 3305 918 3657 992; x_wconf 76' lang='grc' dir='ltr'>μυθευομένῃ</span> 
     </span>
    </p>
   </div>
   <div class='ocr_carea' id='block_1_27' title="bbox 2072 1008 3653 1086">
    <p class='ocr_par' dir='ltr' id='par_1_27' title="bbox 2072 1008 3653 1086">
     <span class='ocr_line' id='line_1_27' title="bbox 2072 1008 3653 1086; baseline -0.003 -19"><span class='ocrx_word' id='word_1_179' title='bbox 2072 1015 2241 1086; x_wconf 71' lang='grc' dir='ltr'>μητρὶ</span> <span class='ocrx_word' id='word_1_180' title='bbox 2269 1013 2376 1067; x_wconf 91' lang='grc' dir='ltr'><strong>τῶν</strong></span> <span class='ocrx_word' id='word_1_181' title='bbox 2399 1012 2558 1076; x_wconf 90' lang='grc' dir='ltr'>θεῶν,</span> <span class='ocrx_word' id='word_1_182' title='bbox 2584 1013 2709 1076; x_wconf 87' lang='grc' dir='ltr'>ναὸς</span> <span class='ocrx_word' id='word_1_183' title='bbox 2737 1008 2804 1085; x_wconf 77' lang='grc' dir='ltr'>ἦν</span> <span class='ocrx_word' id='word_1_184' title='bbox 2831 1012 2924 1065; x_wconf 79' lang='grc' dir='ltr'><strong>ἐπὶ</strong></span> <span class='ocrx_word' id='word_1_185' title='bbox 2951 1013 3051 1083; x_wconf 82' lang='grc' dir='ltr'><strong>τῆς</strong></span> <span class='ocrx_word' id='word_1_186' title='bbox 3077 1011 3452 1082; x_wconf 83' lang='grc' dir='ltr'>μετροπόλεως</span> <span class='ocrx_word' id='word_1_187' title='bbox 3478 1011 3653 1080; x_wconf 79' lang='grc' dir='ltr'>Ἀμα-</span> 
     </span>
    </p>
   </div>
   <div class='ocr_carea' id='block_1_28' title="bbox 2071 1102 3651 1176">
    <p class='ocr_par' dir='ltr' id='par_1_28' title="bbox 2071 1102 3651 1176">
     <span class='ocr_line' id='line_1_28' title="bbox 2071 1102 3651 1176; baseline -0.003 -16"><span class='ocrx_word' id='word_1_188' title='bbox 2071 1106 2240 1170; x_wconf 84' lang='grc' dir='ltr'>σείας,</span> <span class='ocrx_word' id='word_1_189' title='bbox 2270 1103 2329 1158; x_wconf 82' lang='grc' dir='ltr'>ὃν</span> <span class='ocrx_word' id='word_1_190' title='bbox 2354 1107 2401 1159; x_wconf 84' lang='grc' dir='ltr'><strong>οἱ</strong></span> <span class='ocrx_word' id='word_1_191' title='bbox 2448 1107 2570 1160; x_wconf 87' lang='grc' dir='ltr'>τότε</span> <span class='ocrx_word' id='word_1_192' title='bbox 2607 1104 2964 1176; x_wconf 88' lang='grc' dir='ltr'>πλανώμενοι,</span> <span class='ocrx_word' id='word_1_193' title='bbox 3017 1102 3182 1157; x_wconf 83' lang='grc' dir='ltr'>αὑτοῦ</span> <span class='ocrx_word' id='word_1_194' title='bbox 3233 1120 3337 1156; x_wconf 88' lang='grc' dir='ltr'><strong>που</strong></span> <span class='ocrx_word' id='word_1_195' title='bbox 3372 1103 3500 1174; x_wconf 70' lang='grc' dir='ltr'>περὶ</span> <span class='ocrx_word' id='word_1_196' title='bbox 3547 1103 3651 1166; x_wconf 80' lang='grc' dir='ltr'><strong>τάς</strong></span> 
     </span>
    </p>
   </div>
   <div class='ocr_carea' id='block_1_29' title="bbox 2069 1195 3648 1271">
    <p class='ocr_par' dir='ltr' id='par_1_29' title="bbox 2069 1195 3648 1271">
     <span class='ocr_line' id='line_1_29' title="bbox 2069 1195 3648 1271; baseline -0.003 -18"><span class='ocrx_word' id='word_1_197' title='bbox 2069 1200 2235 1271; x_wconf 85' lang='grc' dir='ltr'>δχθας</span> <span class='ocrx_word' id='word_1_198' title='bbox 2275 1198 2368 1254; x_wconf 88' lang='grc' dir='ltr'><strong>τοῦ</strong></span> <span class='ocrx_word' id='word_1_199' title='bbox 2414 1198 2660 1269; x_wconf 83' lang='grc' dir='ltr'>ποταμοῦ</span> <span class='ocrx_word' id='word_1_200' title='bbox 2713 1200 2776 1269; x_wconf 83' lang='grc' dir='ltr'>τῇ</span> <span class='ocrx_word' id='word_1_201' title='bbox 2832 1197 3149 1270; x_wconf 83' lang='grc' dir='ltr'>ματαιότητι</span> <span class='ocrx_word' id='word_1_202' title='bbox 3209 1195 3648 1249; x_wconf 83' lang='grc' dir='ltr'>κατεσκεύασαν.</span> 
     </span>
    </p>
   </div>
   <div class='ocr_carea' id='block_1_30' title="bbox 2073 1287 3649 1362">
    <p class='ocr_par' dir='ltr' id='par_1_30' title="bbox 2073 1287 3649 1362">
     <span class='ocr_line' id='line_1_30' title="bbox 2073 1287 3649 1362; baseline -0.004 -16"><span class='ocrx_word' id='word_1_203' title='bbox 2073 1292 2272 1347; x_wconf 88' lang='grc' dir='ltr'>Τοῦτον</span> <span class='ocrx_word' id='word_1_204' title='bbox 2298 1293 2328 1345; x_wconf 89' lang='lat'><strong>6</strong></span> <span class='ocrx_word' id='word_1_205' title='bbox 2351 1293 2620 1361; x_wconf 85' lang='grc' dir='ltr'>γενναῖος,</span> <span class='ocrx_word' id='word_1_206' title='bbox 2651 1292 2709 1343; x_wconf 88' lang='grc' dir='ltr'><strong>ἐν</strong></span> <span class='ocrx_word' id='word_1_207' title='bbox 2736 1289 2816 1362; x_wconf 83' lang='grc' dir='ltr'><strong>τῷ</strong></span> <span class='ocrx_word' id='word_1_208' title='bbox 2849 1291 2944 1360; x_wconf 77' lang='grc' dir='ltr'>τῆς</span> <span class='ocrx_word' id='word_1_209' title='bbox 2969 1288 3217 1359; x_wconf 77' lang='grc' dir='ltr'>δοθείσης</span> <span class='ocrx_word' id='word_1_210' title='bbox 3249 1287 3435 1351; x_wconf 86' lang='grc' dir='ltr'>ἀδείας</span> <span class='ocrx_word' id='word_1_211' title='bbox 3470 1287 3649 1358; x_wconf 78' lang='grc' dir='ltr'>καιρῷ</span> 
     </span>
    </p>
   </div>
   <div class='ocr_carea' id='block_1_31' title="bbox 2071 1375 3648 1460">
    <p class='ocr_par' dir='ltr' id='par_1_31' title="bbox 2071 1375 3648 1460">
     <span class='ocr_line' id='line_1_31' title="bbox 2071 1375 3648 1460; baseline -0.005 -21"><span class='ocrx_word' id='word_1_212' title='bbox 2071 1386 2409 1460; x_wconf 76' lang='grc' dir='ltr'>ἐπιτηρήσας</span> <span class='ocrx_word' id='word_1_213' title='bbox 2473 1382 2728 1455; x_wconf 72' lang='grc' dir='ltr'>εὔκαιρον</span> <span class='ocrx_word' id='word_1_214' title='bbox 2778 1382 2959 1455; x_wconf 88' lang='grc' dir='ltr'>ῶραν,</span> <span class='ocrx_word' id='word_1_215' title='bbox 3003 1381 3095 1435; x_wconf 61' lang='grc' dir='ltr'><strong>καὶ⁵</strong></span> <span class='ocrx_word' id='word_1_216' title='bbox 3142 1375 3315 1452; x_wconf 79' lang='grc' dir='ltr'>αὗραν</span> <span class='ocrx_word' id='word_1_217' title='bbox 3365 1381 3648 1450; x_wconf 77' lang='grc' dir='ltr'>ἐπίφορον,</span> 
     </span>
    </p>
   </div>
   <div class='ocr_carea' id='block_1_32' title="bbox 2073 1471 3651 1548">
    <p class='ocr_par' dir='ltr' id='par_1_32' title="bbox 2073 1471 3651 1548">
     <span class='ocr_line' id='line_1_32' title="bbox 2073 1471 3651 1548; baseline -0.004 -19"><span class='ocrx_word' id='word_1_218' title='bbox 2073 1477 2365 1548; x_wconf 73' lang='grc' dir='ltr'>ἐμπρήσας</span> <span class='ocrx_word' id='word_1_219' title='bbox 2407 1473 2731 1544; x_wconf 79' lang='grc' dir='ltr'>κατέφλεξεν</span> <span class='ocrx_word' id='word_1_220' title='bbox 2747 1512 2762 1536; x_wconf 95' lang='grc'><strong>,</strong></span> <span class='ocrx_word' id='word_1_221' title='bbox 2791 1472 2936 1546; x_wconf 79' lang='grc' dir='ltr'>ἔργῳ</span> <span class='ocrx_word' id='word_1_222' title='bbox 2957 1475 3067 1536; x_wconf 87' lang='grc' dir='ltr'>τοῖς</span> <span class='ocrx_word' id='word_1_223' title='bbox 3089 1471 3387 1544; x_wconf 80' lang='grc' dir='ltr'>ἀλιτηρίοις</span> <span class='ocrx_word' id='word_1_224' title='bbox 3414 1471 3538 1534; x_wconf 76' lang='grc' dir='ltr'>δοὺς</span> <span class='ocrx_word' id='word_1_225' title='bbox 3553 1472 3651 1540; x_wconf 70' lang='grc' dir='ltr'>τὴν</span> 
     </span>
    </p>
   </div>
   <div class='ocr_carea' id='block_1_33' title="bbox 2074 1564 3645 1640">
    <p class='ocr_par' dir='ltr' id='par_1_33' title="bbox 2074 1564 3645 1640">
     <span class='ocr_line' id='line_1_33' title="bbox 2074 1564 3645 1640; baseline -0.003 -18"><span class='ocrx_word' id='word_1_226' title='bbox 2074 1568 2384 1640; x_wconf 86' lang='grc' dir='ltr'>ἀπόκρισιν,</span> <span class='ocrx_word' id='word_1_227' title='bbox 2416 1569 2483 1638; x_wconf 77' lang='grc' dir='ltr'>ἢν</span> <span class='ocrx_word' id='word_1_228' title='bbox 2512 1567 2731 1630; x_wconf 89' lang='grc' dir='ltr'>πάντως</span> <span class='ocrx_word' id='word_1_229' title='bbox 2759 1567 3018 1638; x_wconf 80' lang='grc' dir='ltr'>ἀνέμενον</span> <span class='ocrx_word' id='word_1_230' title='bbox 3053 1566 3190 1636; x_wconf 84' lang='grc' dir='ltr'><strong>μετά</strong></span> <span class='ocrx_word' id='word_1_231' title='bbox 3225 1564 3322 1636; x_wconf 79' lang='grc' dir='ltr'>τὴν</span> <span class='ocrx_word' id='word_1_232' title='bbox 3342 1564 3645 1633; x_wconf 72' lang='grc' dir='ltr'>διάσκεψιν.</span> 
     </span>
    </p>
   </div>
   <div class='ocr_carea' id='block_1_34' title="bbox 389 1649 1975 1730">
    <p class='ocr_par' dir='ltr' id='par_1_34' title="bbox 389 1649 1974 1726">
     <span class='ocr_line' id='line_1_34' title="bbox 389 1649 1974 1726; baseline -0.003 -18"><span class='ocrx_word' id='word_1_233' title='bbox 389 1656 768 1711; x_wconf 87' lang='lat' dir='ltr'><strong>liberationem</strong></span> <span class='ocrx_word' id='word_1_234' title='bbox 808 1670 1039 1726; x_wconf 84' lang='lat' dir='ltr'><strong>prorsus</strong></span> <span class='ocrx_word' id='word_1_235' title='bbox 1093 1654 1527 1725; x_wconf 79' lang='lat' dir='ltr'><strong>exspec&#39;tabant,</strong></span> <span class='ocrx_word' id='word_1_236' title='bbox 1584 1649 1770 1721; x_wconf 89' lang='lat' dir='ltr'><strong>impiis</strong></span> <span class='ocrx_word' id='word_1_237' title='bbox 1810 1657 1974 1719; x_wconf 86' lang='lat' dir='ltr'><strong>atque</strong></span> 
     </span>
    </p>
   </div>
   <div class='ocr_carea' id='block_1_35' title="bbox 2078 1649 3648 1730">
    <p class='ocr_par' dir='ltr' id='par_1_35' title="bbox 2088 1655 3648 1730">
     <span class='ocr_line' id='line_1_35' title="bbox 2088 1655 3648 1730; baseline -0.003 -17"><span class='ocrx_word' id='word_1_238' title='bbox 2088 1659 2372 1727; x_wconf 83' lang='grc' dir='ltr'>Ἐπιδήλου</span> <span class='ocrx_word' id='word_1_239' title='bbox 2405 1659 2460 1711; x_wconf 81' lang='grc' dir='ltr'>δὲ</span> <span class='ocrx_word' id='word_1_240' title='bbox 2489 1659 2583 1712; x_wconf 91' lang='grc' dir='ltr'><strong>τοῦ</strong></span> <span class='ocrx_word' id='word_1_241' title='bbox 2624 1659 2949 1730; x_wconf 85' lang='grc' dir='ltr'>πράγματος</span> <span class='ocrx_word' id='word_1_242' title='bbox 2973 1657 3179 1727; x_wconf 87' lang='grc' dir='ltr'>ταχέως</span> <span class='ocrx_word' id='word_1_243' title='bbox 3214 1655 3388 1709; x_wconf 76' lang='grc' dir='ltr'>ἅπασι</span> <span class='ocrx_word' id='word_1_244' title='bbox 3421 1656 3648 1726; x_wconf 88' lang='grc' dir='ltr'>γενομέ-</span> 
     </span>
    </p>
   </div>
   <div class='ocr_carea' id='block_1_36' title="bbox 385 1741 1972 1803">
    <p class='ocr_par' dir='ltr' id='par_1_36' title="bbox 385 1741 1972 1803">
     <span class='ocr_line' id='line_1_36' title="bbox 385 1741 1972 1803; baseline -0.006 0"><span class='ocrx_word' id='word_1_245' title='bbox 385 1748 638 1803; x_wconf 88' lang='lat' dir='ltr'><strong>scelestis</strong></span> <span class='ocrx_word' id='word_1_246' title='bbox 691 1747 850 1802; x_wconf 84' lang='lat' dir='ltr'><strong>dans.</strong></span> <span class='ocrx_word' id='word_1_247' title='bbox 917 1747 1054 1801; x_wconf 85' lang='lat' dir='ltr'><strong>Cum</strong></span> <span class='ocrx_word' id='word_1_248' title='bbox 1114 1761 1179 1800; x_wconf 88' lang='lat' dir='ltr'><strong>ea</strong></span> <span class='ocrx_word' id='word_1_249' title='bbox 1236 1761 1325 1800; x_wconf 80' lang='lat' dir='ltr'><strong>res</strong></span> <span class='ocrx_word' id='word_1_250' title='bbox 1387 1743 1647 1799; x_wconf 84' lang='lat' dir='ltr'><strong>celeriter</strong></span> <span class='ocrx_word' id='word_1_251' title='bbox 1713 1741 1972 1796; x_wconf 86' lang='lat' dir='ltr'><strong>omnibus</strong></span> 
     </span>
    </p>
   </div>
   <div class='ocr_carea' id='block_1_37' title="bbox 386 1832 1972 1910">
    <p class='ocr_par' dir='ltr' id='par_1_37' title="bbox 386 1832 1972 1910">
     <span class='ocr_line' id='line_1_37' title="bbox 386 1832 1972 1910; baseline -0.003 -17"><span class='ocrx_word' id='word_1_252' title='bbox 386 1839 669 1910; x_wconf 88' lang='lat' dir='ltr'><strong>patefieret</strong></span> <span class='ocrx_word' id='word_1_253' title='bbox 745 1838 1001 1908; x_wconf 89' lang='lat' dir='ltr'><strong>(quippe</strong></span> <span class='ocrx_word' id='word_1_254' title='bbox 1061 1837 1116 1891; x_wconf 93' lang='lat' dir='ltr'><strong>in</strong></span> <span class='ocrx_word' id='word_1_255' title='bbox 1181 1836 1318 1892; x_wconf 92' lang='lat' dir='ltr'><strong>urbe</strong></span> <span class='ocrx_word' id='word_1_256' title='bbox 1389 1834 1571 1889; x_wconf 91' lang='lat' dir='ltr'><strong>media</strong></span> <span class='ocrx_word' id='word_1_257' title='bbox 1623 1832 1972 1889; x_wconf 87' lang='lat' dir='ltr'><strong>clarissimus</strong></span> 
     </span>
    </p>
   </div>
   <div class='ocr_carea' id='block_1_38' title="bbox 388 1919 1976 1998">
    <p class='ocr_par' dir='ltr' id='par_1_38' title="bbox 388 1919 1976 1998">
     <span class='ocr_line' id='line_1_38' title="bbox 388 1919 1976 1998; baseline -0.004 -18"><span class='ocrx_word' id='word_1_258' title='bbox 388 1927 529 1998; x_wconf 82' lang='lat' dir='ltr'><strong>ignis</strong></span> <span class='ocrx_word' id='word_1_259' title='bbox 562 1940 828 1980; x_wconf 90' lang='lat' dir='ltr'><strong>accensus</strong></span> <span class='ocrx_word' id='word_1_260' title='bbox 876 1925 1050 1991; x_wconf 86' lang='lat' dir='ltr'><strong>erat),</strong></span> <span class='ocrx_word' id='word_1_261' title='bbox 1105 1937 1218 1977; x_wconf 90' lang='lat' dir='ltr'><strong>non</strong></span> <span class='ocrx_word' id='word_1_262' title='bbox 1273 1923 1590 1978; x_wconf 88' lang='lat' dir='ltr'><strong>occultabat</strong></span> <span class='ocrx_word' id='word_1_263' title='bbox 1634 1921 1812 1974; x_wconf 82' lang='lat' dir='ltr'><strong>audax</strong></span> <span class='ocrx_word' id='word_1_264' title='bbox 1875 1919 1976 1974; x_wconf 90' lang='lat' dir='ltr'><strong>in-</strong></span> 
     </span>
    </p>
   </div>
   <div class='ocr_carea' id='block_1_39' title="bbox 385 2011 1974 2089">
    <p class='ocr_par' dir='ltr' id='par_1_39' title="bbox 385 2011 1974 2089">
     <span class='ocr_line' id='line_1_39' title="bbox 385 2011 1974 2089; baseline -0.008 -13"><span class='ocrx_word' id='word_1_265' title='bbox 385 2028 625 2089; x_wconf 69' lang='lat' dir='ltr'><strong>coeptum</strong></span> <span class='ocrx_word' id='word_1_266' title='bbox 660 2055 676 2083; x_wconf 92' lang='lat'><strong>,</strong></span> <span class='ocrx_word' id='word_1_267' title='bbox 732 2031 908 2086; x_wconf 92' lang='lat' dir='ltr'><strong>neque</strong></span> <span class='ocrx_word' id='word_1_268' title='bbox 958 2016 1282 2080; x_wconf 87' lang='lat' dir='ltr'><strong>laborabat,</strong></span> <span class='ocrx_word' id='word_1_269' title='bbox 1329 2024 1389 2069; x_wconf 92' lang='lat' dir='ltr'><strong>ut</strong></span> <span class='ocrx_word' id='word_1_270' title='bbox 1425 2015 1528 2069; x_wconf 90' lang='lat' dir='ltr'><strong>hoc</strong></span> <span class='ocrx_word' id='word_1_271' title='bbox 1565 2027 1594 2066; x_wconf 89' lang='lat' dir='ltr'><strong>a</strong></span> <span class='ocrx_word' id='word_1_272' title='bbox 1645 2028 1706 2069; x_wconf 90' lang='lat' dir='ltr'><strong>se</strong></span> <span class='ocrx_word' id='word_1_273' title='bbox 1771 2011 1974 2066; x_wconf 90' lang='lat' dir='ltr'><strong>factum</strong></span> 
     </span>
    </p>
   </div>
   <div class='ocr_carea' id='block_1_40' title="bbox 388 2104 1978 2178">
    <p class='ocr_par' dir='ltr' id='par_1_40' title="bbox 388 2104 1978 2178">
     <span class='ocr_line' id='line_1_40' title="bbox 388 2104 1978 2178; baseline -0.004 -14"><span class='ocrx_word' id='word_1_274' title='bbox 388 2111 600 2176; x_wconf 85' lang='lat' dir='ltr'><strong>lateret,</strong></span> <span class='ocrx_word' id='word_1_275' title='bbox 644 2109 738 2165; x_wconf 88' lang='lat' dir='ltr'><strong>sed</strong></span> <span class='ocrx_word' id='word_1_276' title='bbox 772 2109 950 2178; x_wconf 88' lang='lat' dir='ltr'><strong>palam</strong></span> <span class='ocrx_word' id='word_1_277' title='bbox 983 2121 1049 2162; x_wconf 88' lang='lat' dir='ltr'><strong>ac</strong></span> <span class='ocrx_word' id='word_1_278' title='bbox 1081 2108 1436 2162; x_wconf 87' lang='lat' dir='ltr'><strong>vehementer</strong></span> <span class='ocrx_word' id='word_1_279' title='bbox 1452 2105 1672 2176; x_wconf 87' lang='lat' dir='ltr'><strong>quidem</strong></span> <span class='ocrx_word' id='word_1_280' title='bbox 1701 2104 1978 2176; x_wconf 80' lang='lat' dir='ltr'><strong>signiﬁca-</strong></span> 
     </span>
    </p>
   </div>
   <div class='ocr_carea' id='block_1_41' title="bbox 388 2196 1978 2272">
    <p class='ocr_par' dir='ltr' id='par_1_41' title="bbox 388 2196 1978 2272">
     <span class='ocr_line' id='line_1_41' title="bbox 388 2196 1978 2272; baseline -0.004 -15"><span class='ocrx_word' id='word_1_281' title='bbox 388 2203 481 2257; x_wconf 89' lang='lat' dir='ltr'><strong>bat</strong></span> <span class='ocrx_word' id='word_1_282' title='bbox 525 2217 648 2258; x_wconf 89' lang='lat' dir='ltr'><strong>sese</strong></span> <span class='ocrx_word' id='word_1_283' title='bbox 681 2211 904 2272; x_wconf 88' lang='lat' dir='ltr'><strong>propter</strong></span> <span class='ocrx_word' id='word_1_284' title='bbox 962 2200 1284 2270; x_wconf 81' lang='lat' dir='ltr'><strong>praeclarum</strong></span> <span class='ocrx_word' id='word_1_285' title='bbox 1361 2199 1578 2254; x_wconf 88' lang='lat' dir='ltr'><strong>facinus</strong></span> <span class='ocrx_word' id='word_1_286' title='bbox 1607 2205 1662 2251; x_wconf 90' lang='lat' dir='ltr'><strong>et</strong></span> <span class='ocrx_word' id='word_1_287' title='bbox 1690 2213 1805 2252; x_wconf 91' lang='lat' dir='ltr'><strong>rem</strong></span> <span class='ocrx_word' id='word_1_288' title='bbox 1838 2196 1978 2251; x_wconf 89' lang='lat' dir='ltr'><strong>bene</strong></span> 
     </span>
    </p>
   </div>
   <div class='ocr_carea' id='block_1_42' title="bbox 389 2286 1980 2363">
    <p class='ocr_par' dir='ltr' id='par_1_42' title="bbox 389 2286 1980 2363">
     <span class='ocr_line' id='line_1_42' title="bbox 389 2286 1980 2363; baseline -0.006 -13"><span class='ocrx_word' id='word_1_289' title='bbox 389 2303 596 2363; x_wconf 79' lang='lat' dir='ltr'><strong>gestam</strong></span> <span class='ocrx_word' id='word_1_290' title='bbox 647 2293 928 2348; x_wconf 78' lang='lat' dir='ltr'><strong>exsultare</strong></span> <span class='ocrx_word' id='word_1_291' title='bbox 964 2299 1020 2348; x_wconf 91' lang='lat' dir='ltr'><strong>et</strong></span> <span class='ocrx_word' id='word_1_292' title='bbox 1057 2291 1261 2357; x_wconf 73' lang='lat' dir='ltr'><strong>efferri,</strong></span> <span class='ocrx_word' id='word_1_293' title='bbox 1293 2300 1458 2361; x_wconf 89' lang='lat' dir='ltr'><strong>atque</strong></span> <span class='ocrx_word' id='word_1_294' title='bbox 1484 2290 1722 2344; x_wconf 91' lang='lat' dir='ltr'><strong>tumultu</strong></span> <span class='ocrx_word' id='word_1_295' title='bbox 1783 2286 1980 2358; x_wconf 90' lang='lat' dir='ltr'><strong>impie-</strong></span> 
     </span>
    </p>
   </div>
   <div class='ocr_carea' id='block_1_43' title="bbox 387 2378 1979 2454">
    <p class='ocr_par' dir='ltr' id='par_1_43' title="bbox 387 2378 1979 2454">
     <span class='ocr_line' id='line_1_43' title="bbox 387 2378 1979 2454; baseline -0.003 -15"><span class='ocrx_word' id='word_1_296' title='bbox 387 2401 531 2448; x_wconf 87' lang='lat' dir='ltr'><strong>rnm,</strong></span> <span class='ocrx_word' id='word_1_297' title='bbox 575 2399 685 2454; x_wconf 91' lang='lat' dir='ltr'><strong>quo</strong></span> <span class='ocrx_word' id='word_1_298' title='bbox 721 2382 909 2452; x_wconf 85' lang='lat' dir='ltr'><strong>templi</strong></span> <span class='ocrx_word' id='word_1_299' title='bbox 961 2389 1126 2452; x_wconf 87' lang='lat' dir='ltr'><strong>atque</strong></span> <span class='ocrx_word' id='word_1_300' title='bbox 1184 2390 1380 2438; x_wconf 63' lang='lat' dir='ltr'><strong>statuae</strong></span> <span class='ocrx_word' id='word_1_301' title='bbox 1447 2385 1668 2436; x_wconf 88' lang='lat' dir='ltr'><strong>nomine</strong></span> <span class='ocrx_word' id='word_1_302' title='bbox 1731 2378 1979 2435; x_wconf 86' lang='lat' dir='ltr'><strong>dolentes</strong></span> 
     </span>
    </p>
   </div>
   <div class='ocr_carea' id='block_1_44' title="bbox 390 2469 1979 2548">
    <p class='ocr_par' dir='ltr' id='par_1_44' title="bbox 390 2469 1979 2548">
     <span class='ocr_line' id='line_1_44' title="bbox 390 2469 1979 2548; baseline -0.004 -18"><span class='ocrx_word' id='word_1_303' title='bbox 390 2477 876 2548; x_wconf 87' lang='lat' dir='ltr'><strong>perturbabantur,</strong></span> <span class='ocrx_word' id='word_1_304' title='bbox 911 2488 1079 2545; x_wconf 86' lang='lat' dir='ltr'><strong>supra</strong></span> <span class='ocrx_word' id='word_1_305' title='bbox 1112 2473 1333 2528; x_wconf 93' lang='lat' dir='ltr'><strong>modum</strong></span> <span class='ocrx_word' id='word_1_306' title='bbox 1356 2470 1626 2544; x_wconf 86' lang='lat' dir='ltr'><strong>gaudere;</strong></span> <span class='ocrx_word' id='word_1_307' title='bbox 1654 2469 1786 2542; x_wconf 87' lang='lat' dir='ltr'><strong>quin</strong></span> <span class='ocrx_word' id='word_1_308' title='bbox 1816 2471 1979 2525; x_wconf 87' lang='lat' dir='ltr'><strong>etiam</strong></span> 
     </span>
    </p>
   </div>
   <div class='ocr_carea' id='block_1_45' title="bbox 389 2562 1980 2639">
    <p class='ocr_par' dir='ltr' id='par_1_45' title="bbox 389 2562 1980 2639">
     <span class='ocr_line' id='line_1_45' title="bbox 389 2562 1980 2639; baseline -0.003 -17"><span class='ocrx_word' id='word_1_309' title='bbox 389 2569 804 2639; x_wconf 79' lang='lat' dir='ltr'><strong>magistratibus</strong></span> <span class='ocrx_word' id='word_1_310' title='bbox 825 2567 1130 2622; x_wconf 88' lang='lat' dir='ltr'><strong>indicatum</strong></span> <span class='ocrx_word' id='word_1_311' title='bbox 1147 2574 1252 2630; x_wconf 88' lang='lat' dir='ltr'><strong>est,</strong></span> <span class='ocrx_word' id='word_1_312' title='bbox 1279 2563 1424 2636; x_wconf 89' lang='lat' dir='ltr'><strong>quod</strong></span> <span class='ocrx_word' id='word_1_313' title='bbox 1442 2564 1558 2635; x_wconf 90' lang='lat' dir='ltr'><strong>ipse</strong></span> <span class='ocrx_word' id='word_1_314' title='bbox 1586 2562 1703 2620; x_wconf 88' lang='lat' dir='ltr'><strong>suis</strong></span> <span class='ocrx_word' id='word_1_315' title='bbox 1725 2562 1980 2618; x_wconf 91' lang='lat' dir='ltr'><strong>manibus</strong></span> 
     </span>
    </p>
   </div>
   <div class='ocr_carea' id='block_1_46' title="bbox 391 2654 1983 2728">
    <p class='ocr_par' dir='ltr' id='par_1_46' title="bbox 391 2654 1983 2728">
     <span class='ocr_line' id='line_1_46' title="bbox 391 2654 1983 2728; baseline -0.003 -16"><span class='ocrx_word' id='word_1_316' title='bbox 391 2660 702 2715; x_wconf 90' lang='lat' dir='ltr'><strong>incendium</strong></span> <span class='ocrx_word' id='word_1_317' title='bbox 752 2658 972 2714; x_wconf 79' lang='lat' dir='ltr'><strong>fecisset</strong></span> <span class='ocrx_word' id='word_1_318' title='bbox 1004 2677 1018 2714; x_wconf 88' lang='lat'><strong>:</strong></span> <span class='ocrx_word' id='word_1_319' title='bbox 1063 2673 1128 2714; x_wconf 92' lang='lat' dir='ltr'><strong>ac</strong></span> <span class='ocrx_word' id='word_1_320' title='bbox 1160 2671 1356 2713; x_wconf 86' lang='lat' dir='ltr'><strong>rursus</strong></span> <span class='ocrx_word' id='word_1_321' title='bbox 1385 2656 1656 2728; x_wconf 86' lang='lat' dir='ltr'><strong>judicium</strong></span> <span class='ocrx_word' id='word_1_322' title='bbox 1681 2654 1851 2727; x_wconf 93' lang='lat' dir='ltr'><strong>priori</strong></span> <span class='ocrx_word' id='word_1_323' title='bbox 1872 2664 1983 2709; x_wconf 91' lang='lat' dir='ltr'><strong>ter-</strong></span> 
     </span>
    </p>
   </div>
   <div class='ocr_carea' id='block_1_47' title="bbox 389 2751 1979 2820">
    <p class='ocr_par' dir='ltr' id='par_1_47' title="bbox 389 2751 1979 2820">
     <span class='ocr_line' id='line_1_47' title="bbox 389 2751 1979 2820; baseline -0.003 -14"><span class='ocrx_word' id='word_1_324' title='bbox 389 2752 624 2818; x_wconf 90' lang='lat' dir='ltr'><strong>ribilius,</strong></span> <span class='ocrx_word' id='word_1_325' title='bbox 669 2759 730 2805; x_wconf 88' lang='lat' dir='ltr'><strong>ut</strong></span> <span class='ocrx_word' id='word_1_326' title='bbox 779 2751 1038 2805; x_wconf 88' lang='lat' dir='ltr'><strong>nimirum</strong></span> <span class='ocrx_word' id='word_1_327' title='bbox 1107 2751 1269 2805; x_wconf 89' lang='lat' dir='ltr'><strong>etiam</strong></span> <span class='ocrx_word' id='word_1_328' title='bbox 1325 2765 1424 2820; x_wconf 91' lang='lat' dir='ltr'><strong>par</strong></span> <span class='ocrx_word' id='word_1_329' title='bbox 1477 2757 1616 2815; x_wconf 90' lang='lat' dir='ltr'><strong>erat,</strong></span> <span class='ocrx_word' id='word_1_330' title='bbox 1668 2765 1791 2804; x_wconf 88' lang='lat' dir='ltr'><strong>cum</strong></span> <span class='ocrx_word' id='word_1_331' title='bbox 1829 2755 1979 2802; x_wconf 91' lang='lat' dir='ltr'><strong>tanta</strong></span> 
     </span>
    </p>
   </div>
   <div class='ocr_carea' id='block_1_48' title="bbox 393 2841 1977 2913">
    <p class='ocr_par' dir='ltr' id='par_1_48' title="bbox 393 2841 1977 2913">
     <span class='ocr_line' id='line_1_48' title="bbox 393 2841 1977 2913; baseline -0.004 -14"><span class='ocrx_word' id='word_1_332' title='bbox 393 2861 502 2906; x_wconf 92' lang='lat' dir='ltr'><strong>res,</strong></span> <span class='ocrx_word' id='word_1_333' title='bbox 533 2857 656 2913; x_wconf 66' lang='lat' dir='ltr'><strong>qua:</strong></span> <span class='ocrx_word' id='word_1_334' title='bbox 707 2842 1062 2899; x_wconf 78' lang='lat' dir='ltr'><strong>exacerbaret</strong></span> <span class='ocrx_word' id='word_1_335' title='bbox 1115 2847 1170 2896; x_wconf 90' lang='lat' dir='ltr'><strong>et</strong></span> <span class='ocrx_word' id='word_1_336' title='bbox 1220 2841 1468 2895; x_wconf 87' lang='lat' dir='ltr'><strong>irritaret</strong></span> <span class='ocrx_word' id='word_1_337' title='bbox 1495 2855 1611 2908; x_wconf 90' lang='lat' dir='ltr'><strong>eos,</strong></span> <span class='ocrx_word' id='word_1_338' title='bbox 1670 2841 1977 2896; x_wconf 87' lang='lat' dir='ltr'><strong>incidisset.</strong></span> 
     </span>
    </p>
   </div>
   <div class='ocr_carea' id='block_1_49' title="bbox 2074 1748 3645 1823">
    <p class='ocr_par' dir='ltr' id='par_1_49' title="bbox 2074 1748 3645 1823">
     <span class='ocr_line' id='line_1_49' title="bbox 2074 1748 3645 1823; baseline -0.003 -18"><span class='ocrx_word' id='word_1_339' title='bbox 2074 1769 2166 1805; x_wconf 90' lang='grc' dir='ltr'><strong>νου</strong></span> <span class='ocrx_word' id='word_1_340' title='bbox 2195 1751 2444 1823; x_wconf 76' lang='grc' dir='ltr'>(καὶγὰρ</span> <span class='ocrx_word' id='word_1_341' title='bbox 2488 1752 2546 1805; x_wconf 80' lang='grc' dir='ltr'><strong>ἐν</strong></span> <span class='ocrx_word' id='word_1_342' title='bbox 2591 1749 2669 1822; x_wconf 83' lang='grc' dir='ltr'><strong>τῷ</strong></span> <span class='ocrx_word' id='word_1_343' title='bbox 2701 1751 2850 1822; x_wconf 79' lang='grc' dir='ltr'>μέσῳ</span> <span class='ocrx_word' id='word_1_344' title='bbox 2894 1749 2990 1820; x_wconf 86' lang='grc' dir='ltr'>τῆς</span> <span class='ocrx_word' id='word_1_345' title='bbox 3017 1749 3224 1813; x_wconf 83' lang='grc' dir='ltr'>πόλεώς</span> <span class='ocrx_word' id='word_1_346' title='bbox 3269 1748 3645 1820; x_wconf 70' lang='grc' dir='ltr'>φανερώτατον</span> 
     </span>
    </p>
   </div>
   <div class='ocr_carea' id='block_1_50' title="bbox 2075 1841 3639 1916">
    <p class='ocr_par' dir='ltr' id='par_1_50' title="bbox 2075 1841 3639 1916">
     <span class='ocr_line' id='line_1_50' title="bbox 2075 1841 3639 1916; baseline -0.004 -18"><span class='ocrx_word' id='word_1_347' title='bbox 2075 1845 2280 1916; x_wconf 78' lang='grc' dir='ltr'><strong>ἐξήφθη</strong></span> <span class='ocrx_word' id='word_1_348' title='bbox 2325 1845 2386 1898; x_wconf 83' lang='grc' dir='ltr'>τὺ</span> <span class='ocrx_word' id='word_1_349' title='bbox 2425 1843 2590 1916; x_wconf 87' lang='grc' dir='ltr'>πῦρ),</span> <span class='ocrx_word' id='word_1_350' title='bbox 2639 1844 2737 1898; x_wconf 82' lang='grc' dir='ltr'><strong>οὐκ</strong></span> <span class='ocrx_word' id='word_1_351' title='bbox 2785 1841 3131 1914; x_wconf 73' lang='grc' dir='ltr'>ἐπεκρύψατο</span> <span class='ocrx_word' id='word_1_352' title='bbox 3176 1842 3275 1912; x_wconf 72' lang='grc' dir='ltr'><strong>τὴν</strong></span> <span class='ocrx_word' id='word_1_353' title='bbox 3317 1841 3639 1911; x_wconf 76' lang='grc' dir='ltr'>ἐγχείρησιν,</span> 
     </span>
    </p>
   </div>
   <div class='ocr_carea' id='block_1_51' title="bbox 2075 1927 3642 2005">
    <p class='ocr_par' dir='ltr' id='par_1_51' title="bbox 2075 1927 3642 2005">
     <span class='ocr_line' id='line_1_51' title="bbox 2075 1927 3642 2005; baseline -0.004 -15"><span class='ocrx_word' id='word_1_354' title='bbox 2075 1936 2196 1991; x_wconf 75' lang='grc' dir='ltr'>οὐδὲ</span> <span class='ocrx_word' id='word_1_355' title='bbox 2226 1935 2525 1990; x_wconf 77' lang='grc' dir='ltr'>ἐσπούδασε</span> <span class='ocrx_word' id='word_1_356' title='bbox 2555 1936 2615 1989; x_wconf 80' lang='grc' dir='ltr'><strong>τὸ</strong></span> <span class='ocrx_word' id='word_1_357' title='bbox 2641 1935 2822 1988; x_wconf 84' lang='grc' dir='ltr'>λαθεῖν</span> <span class='ocrx_word' id='word_1_358' title='bbox 2844 1951 2858 1966; x_wconf 75' lang='grc' dir='ltr'><strong>ο</strong></span> <span class='ocrx_word' id='word_1_359' title='bbox 2898 1933 3014 1986; x_wconf 81' lang='grc' dir='ltr'>ἀλλ’</span> <span class='ocrx_word' id='word_1_360' title='bbox 3046 1932 3259 2005; x_wconf 79' lang='grc' dir='ltr'>ἔνδηλος</span> <span class='ocrx_word' id='word_1_361' title='bbox 3283 1927 3372 2003; x_wconf 82' lang='grc' dir='ltr'>ἦν,</span> <span class='ocrx_word' id='word_1_362' title='bbox 3397 1932 3493 1985; x_wconf 72' lang='grc' dir='ltr'><strong>καὶ</strong></span> <span class='ocrx_word' id='word_1_363' title='bbox 3522 1932 3642 2001; x_wconf 74' lang='grc' dir='ltr'>σφο-</span> 
     </span>
    </p>
   </div>
   <div class='ocr_carea' id='block_1_52' title="bbox 2076 2022 3640 2098">
    <p class='ocr_par' dir='ltr' id='par_1_52' title="bbox 2076 2022 3640 2098">
     <span class='ocr_line' id='line_1_52' title="bbox 2076 2022 3640 2098; baseline -0.004 -18"><span class='ocrx_word' id='word_1_364' title='bbox 2076 2027 2178 2098; x_wconf 88' lang='grc' dir='ltr'>δρα</span> <span class='ocrx_word' id='word_1_365' title='bbox 2217 2043 2280 2096; x_wconf 89' lang='grc' dir='ltr'><strong>γε</strong></span> <span class='ocrx_word' id='word_1_366' title='bbox 2323 2025 2400 2097; x_wconf 87' lang='grc' dir='ltr'>τῷ</span> <span class='ocrx_word' id='word_1_367' title='bbox 2457 2024 2841 2098; x_wconf 80' lang='grc' dir='ltr'>κατορθώματι</span> <span class='ocrx_word' id='word_1_368' title='bbox 2872 2023 3136 2096; x_wconf 89' lang='grc' dir='ltr'>γαυριῶν,</span> <span class='ocrx_word' id='word_1_369' title='bbox 3187 2024 3280 2076; x_wconf 67' lang='grc' dir='ltr'>καὶ</span> <span class='ocrx_word' id='word_1_370' title='bbox 3302 2022 3640 2094; x_wconf 79' lang='grc' dir='ltr'>ὑπερχαίρων</span> 
     </span>
    </p>
   </div>
   <div class='ocr_carea' id='block_1_53' title="bbox 2076 2114 3640 2190">
    <p class='ocr_par' dir='ltr' id='par_1_53' title="bbox 2076 2114 3640 2190">
     <span class='ocr_line' id='line_1_53' title="bbox 2076 2114 3640 2190; baseline -0.001 -20"><span class='ocrx_word' id='word_1_371' title='bbox 2076 2121 2142 2190; x_wconf 80' lang='grc' dir='ltr'>τῇ</span> <span class='ocrx_word' id='word_1_372' title='bbox 2169 2120 2376 2190; x_wconf 84' lang='grc' dir='ltr'>ταραχῇ</span> <span class='ocrx_word' id='word_1_373' title='bbox 2393 2117 2500 2172; x_wconf 89' lang='grc' dir='ltr'><strong>τῶν</strong></span> <span class='ocrx_word' id='word_1_374' title='bbox 2522 2117 2785 2188; x_wconf 79' lang='grc' dir='ltr'>ἀθέων,ἧν</span> <span class='ocrx_word' id='word_1_375' title='bbox 2811 2116 3183 2188; x_wconf 84' lang='grc' dir='ltr'>ἐταράττοντο,</span> <span class='ocrx_word' id='word_1_376' title='bbox 3203 2115 3280 2186; x_wconf 81' lang='grc' dir='ltr'><strong>τῷ</strong></span> <span class='ocrx_word' id='word_1_377' title='bbox 3298 2115 3409 2186; x_wconf 84' lang='grc' dir='ltr'>ναῷ</span> <span class='ocrx_word' id='word_1_378' title='bbox 3431 2114 3640 2186; x_wconf 81' lang='grc' dir='ltr'>περιαλ·</span> 
     </span>
    </p>
   </div>
   <div class='ocr_carea' id='block_1_54' title="bbox 2078 2200 3644 2281">
    <p class='ocr_par' dir='ltr' id='par_1_54' title="bbox 2078 2200 3644 2281">
     <span class='ocr_line' id='line_1_54' title="bbox 2078 2200 3644 2281; baseline -0.004 -17"><span class='ocrx_word' id='word_1_379' title='bbox 2078 2200 2303 2279; x_wconf 83' lang='grc' dir='ltr'>γοῦντες</span> <span class='ocrx_word' id='word_1_380' title='bbox 2377 2209 2472 2263; x_wconf 70' lang='grc' dir='ltr'><strong>καὶ</strong></span> <span class='ocrx_word' id='word_1_381' title='bbox 2518 2208 2597 2281; x_wconf 82' lang='grc' dir='ltr'>τῷ</span> <span class='ocrx_word' id='word_1_382' title='bbox 2650 2209 2839 2281; x_wconf 82' lang='grc' dir='ltr'>ξοάνῳ.</span> <span class='ocrx_word' id='word_1_383' title='bbox 2896 2209 3006 2262; x_wconf 81' lang='grc' dir='ltr'><strong>Καὶ</strong></span> <span class='ocrx_word' id='word_1_384' title='bbox 3065 2208 3244 2279; x_wconf 88' lang='grc' dir='ltr'>μέντοι</span> <span class='ocrx_word' id='word_1_385' title='bbox 3299 2207 3644 2277; x_wconf 81' lang='grc' dir='ltr'>κατεμηνύθη</span> 
     </span>
    </p>
   </div>
   <div class='ocr_carea' id='block_1_55' title="bbox 2077 2295 3647 2372">
    <p class='ocr_par' dir='ltr' id='par_1_55' title="bbox 2077 2295 3647 2372">
     <span class='ocr_line' id='line_1_55' title="bbox 2077 2295 3647 2372; baseline -0.003 -17"><span class='ocrx_word' id='word_1_386' title='bbox 2077 2303 2192 2366; x_wconf 89' lang='grc' dir='ltr'>τοῖς</span> <span class='ocrx_word' id='word_1_387' title='bbox 2221 2301 2509 2372; x_wconf 80' lang='grc' dir='ltr'>ἄρχουσιν,</span> <span class='ocrx_word' id='word_1_388' title='bbox 2533 2300 2609 2364; x_wconf 89' lang='grc' dir='ltr'><strong>ώς</strong></span> <span class='ocrx_word' id='word_1_389' title='bbox 2639 2301 3017 2372; x_wconf 79' lang='grc' dir='ltr'>αύτουργήσας</span> <span class='ocrx_word' id='word_1_390' title='bbox 3053 2301 3144 2352; x_wconf 84' lang='grc' dir='ltr'><strong>τὸν</strong></span> <span class='ocrx_word' id='word_1_391' title='bbox 3175 2295 3533 2370; x_wconf 69' lang='grc' dir='ltr'>ἐμπρησμὸψ</span> <span class='ocrx_word' id='word_1_392' title='bbox 3561 2299 3647 2350; x_wconf 80' lang='grc' dir='ltr'><strong>καὶ</strong></span> 
     </span>
    </p>
   </div>
   <div class='ocr_carea' id='block_1_56' title="bbox 2081 2389 3643 2464">
    <p class='ocr_par' dir='ltr' id='par_1_56' title="bbox 2081 2389 3643 2464">
     <span class='ocr_line' id='line_1_56' title="bbox 2081 2389 3643 2464; baseline -0.002 -19"><span class='ocrx_word' id='word_1_393' title='bbox 2081 2392 2242 2447; x_wconf 88' lang='grc' dir='ltr'>πάλιν</span> <span class='ocrx_word' id='word_1_394' title='bbox 2266 2392 2543 2464; x_wconf 79' lang='grc' dir='ltr'>κριτήριον</span> <span class='ocrx_word' id='word_1_395' title='bbox 2593 2390 2966 2464; x_wconf 81' lang='grc' dir='ltr'>φοϐερώτερον</span> <span class='ocrx_word' id='word_1_396' title='bbox 3004 2391 3097 2445; x_wconf 85' lang='grc' dir='ltr'><strong>τοῦ</strong></span> <span class='ocrx_word' id='word_1_397' title='bbox 3128 2391 3394 2462; x_wconf 78' lang='grc' dir='ltr'>προτέρου</span> <span class='ocrx_word' id='word_1_398' title='bbox 3419 2405 3434 2420; x_wconf 88' lang='grc'><strong>·</strong></span> <span class='ocrx_word' id='word_1_399' title='bbox 3465 2389 3643 2459; x_wconf 84' lang='grc' dir='ltr'>ὥσπερ</span> 
     </span>
    </p>
   </div>
   <div class='ocr_carea' id='block_1_57' title="bbox 2081 2480 3644 2556">
    <p class='ocr_par' dir='ltr' id='par_1_57' title="bbox 2081 2480 3644 2556">
     <span class='ocr_line' id='line_1_57' title="bbox 2081 2480 3644 2556; baseline -0.004 -17"><span class='ocrx_word' id='word_1_400' title='bbox 2081 2481 2174 2540; x_wconf 75' lang='grc' dir='ltr'><strong>οῦν</strong></span> <span class='ocrx_word' id='word_1_401' title='bbox 2203 2486 2297 2540; x_wconf 79' lang='grc' dir='ltr'><strong>καὶ</strong></span> <span class='ocrx_word' id='word_1_402' title='bbox 2325 2486 2493 2552; x_wconf 75' lang='grc' dir='ltr'>εἰκὸς,</span> <span class='ocrx_word' id='word_1_403' title='bbox 2514 2485 2914 2556; x_wconf 71' lang='grc' dir='ltr'>ἐπιωμΰάντος</span> <span class='ocrx_word' id='word_1_404' title='bbox 2941 2484 3259 2555; x_wconf 80' lang='grc' dir='ltr'>τηλικούτου</span> <span class='ocrx_word' id='word_1_405' title='bbox 3289 2483 3384 2537; x_wconf 84' lang='grc' dir='ltr'><strong>τοῦ</strong></span> <span class='ocrx_word' id='word_1_406' title='bbox 3418 2480 3644 2552; x_wconf 79' lang='grc' dir='ltr'>παροξύο</span> 
     </span>
    </p>
   </div>
   <div class='ocr_carea' id='block_1_58' title="bbox 2081 2574 3649 2650">
    <p class='ocr_par' dir='ltr' id='par_1_58' title="bbox 2081 2574 3649 2650">
     <span class='ocr_line' id='line_1_58' title="bbox 2081 2574 3649 2650; baseline -0.004 -17"><span class='ocrx_word' id='word_1_407' title='bbox 2081 2596 2290 2642; x_wconf 89' lang='grc' dir='ltr'>ναντος.</span> <span class='ocrx_word' id='word_1_408' title='bbox 2322 2577 2428 2633; x_wconf 87' lang='lat' dir='ltr'><strong>Kal</strong></span> <span class='ocrx_word' id='word_1_409' title='bbox 2453 2580 2503 2632; x_wconf 82' lang='grc' dir='ltr'>οἱ</span> <span class='ocrx_word' id='word_1_410' title='bbox 2537 2578 2636 2650; x_wconf 80' lang='grc' dir='ltr'><strong>μὲν</strong></span> <span class='ocrx_word' id='word_1_411' title='bbox 2662 2579 2752 2632; x_wconf 76' lang='grc' dir='ltr'><strong>ἐπὶ</strong></span> <span class='ocrx_word' id='word_1_412' title='bbox 2771 2577 2861 2632; x_wconf 83' lang='grc' dir='ltr'><strong>τὸν</strong></span> <span class='ocrx_word' id='word_1_413' title='bbox 2889 2577 3194 2632; x_wconf 82' lang='grc' dir='ltr'>δικαστικὸν</span> <span class='ocrx_word' id='word_1_414' title='bbox 3229 2576 3499 2648; x_wconf 81' lang='grc' dir='ltr'>ἀνέϐησαν</span> <span class='ocrx_word' id='word_1_415' title='bbox 3530 2574 3649 2648; x_wconf 71' lang='grc' dir='ltr'>θρό-</span> 
     </span>
    </p>
   </div>
   <div class='ocr_carea' id='block_1_59' title="bbox 2082 2663 3653 2740">
    <p class='ocr_par' dir='ltr' id='par_1_59' title="bbox 2082 2663 3653 2740">
     <span class='ocr_line' id='line_1_59' title="bbox 2082 2663 3653 2740; baseline -0.004 -17"><span class='ocrx_word' id='word_1_416' title='bbox 2082 2685 2191 2723; x_wconf 87' lang='grc' dir='ltr'>νον.</span> <span class='ocrx_word' id='word_1_417' title='bbox 2227 2667 2500 2738; x_wconf 81' lang='grc' dir='ltr'>Θεόδωρος</span> <span class='ocrx_word' id='word_1_418' title='bbox 2525 2667 2580 2720; x_wconf 77' lang='grc' dir='ltr'>δὲ</span> <span class='ocrx_word' id='word_1_419' title='bbox 2609 2665 3077 2740; x_wconf 74' lang='grc' dir='ltr'>εὐπαρῤησίαστος</span> <span class='ocrx_word' id='word_1_420' title='bbox 3108 2667 3164 2720; x_wconf 80' lang='grc' dir='ltr'><strong>ἐν</strong></span> <span class='ocrx_word' id='word_1_421' title='bbox 3198 2669 3309 2730; x_wconf 89' lang='grc' dir='ltr'>τοῖς</span> <span class='ocrx_word' id='word_1_422' title='bbox 3342 2666 3526 2736; x_wconf 78' lang='grc' dir='ltr'>μέσοις</span> <span class='ocrx_word' id='word_1_423' title='bbox 3558 2663 3653 2734; x_wconf 80' lang='grc' dir='ltr'>άρ·</span> 
     </span>
    </p>
   </div>
   <div class='ocr_carea' id='block_1_60' title="bbox 2081 2757 3653 2832">
    <p class='ocr_par' dir='ltr' id='par_1_60' title="bbox 2081 2757 3653 2832">
     <span class='ocr_line' id='line_1_60' title="bbox 2081 2757 3653 2832; baseline -0.001 -20"><span class='ocrx_word' id='word_1_424' title='bbox 2081 2777 2266 2830; x_wconf 84' lang='grc' dir='ltr'>χοντος</span> <span class='ocrx_word' id='word_1_425' title='bbox 2289 2758 2487 2831; x_wconf 84' lang='grc' dir='ltr'>θάρσος</span> <span class='ocrx_word' id='word_1_426' title='bbox 2510 2759 2648 2830; x_wconf 73' lang='grc' dir='ltr'>ἔχων</span> <span class='ocrx_word' id='word_1_427' title='bbox 2677 2761 2734 2814; x_wconf 91' lang='grc' dir='ltr'><strong>ἐν</strong></span> <span class='ocrx_word' id='word_1_428' title='bbox 2759 2763 2825 2832; x_wconf 79' lang='grc' dir='ltr'>τῇ</span> <span class='ocrx_word' id='word_1_429' title='bbox 2851 2762 3036 2815; x_wconf 81' lang='grc' dir='ltr'>στάσει</span> <span class='ocrx_word' id='word_1_430' title='bbox 3065 2760 3157 2814; x_wconf 88' lang='grc' dir='ltr'><strong>τοῦ</strong></span> <span class='ocrx_word' id='word_1_431' title='bbox 3180 2757 3501 2830; x_wconf 76' lang='grc' dir='ltr'>κρινομένου</span> <span class='ocrx_word' id='word_1_432' title='bbox 3523 2759 3653 2829; x_wconf 87' lang='grc' dir='ltr'>ἐρω-</span> 
     </span>
    </p>
   </div>
   <div class='ocr_carea' id='block_1_61' title="bbox 2081 2847 3657 2924">
    <p class='ocr_par' dir='ltr' id='par_1_61' title="bbox 2081 2847 3657 2924">
     <span class='ocr_line' id='line_1_61' title="bbox 2081 2847 3657 2924; baseline -0.003 -18"><span class='ocrx_word' id='word_1_433' title='bbox 2081 2851 2347 2923; x_wconf 81' lang='grc' dir='ltr'>τώμενος,</span> <span class='ocrx_word' id='word_1_434' title='bbox 2382 2853 2475 2906; x_wconf 74' lang='grc' dir='ltr'>καὶ</span> <span class='ocrx_word' id='word_1_435' title='bbox 2505 2851 2583 2922; x_wconf 84' lang='grc' dir='ltr'>τῷ</span> <span class='ocrx_word' id='word_1_436' title='bbox 2615 2853 2768 2924; x_wconf 87' lang='grc' dir='ltr'>τάχει</span> <span class='ocrx_word' id='word_1_437' title='bbox 2800 2852 2901 2923; x_wconf 83' lang='grc' dir='ltr'>τῆς</span> <span class='ocrx_word' id='word_1_438' title='bbox 2932 2849 3218 2924; x_wconf 77' lang='grc' dir='ltr'>ὁμολογίας</span> <span class='ocrx_word' id='word_1_439' title='bbox 3259 2850 3362 2920; x_wconf 79' lang='grc' dir='ltr'>τὴν</span> <span class='ocrx_word' id='word_1_440' title='bbox 3391 2847 3657 2920; x_wconf 74' lang='grc' dir='ltr'>ἐρώτησιν</span> 
     </span>
    </p>
   </div>
   <div class='ocr_carea' id='block_1_62' title="bbox 390 2928 1975 3042">
    <p class='ocr_par' dir='ltr' id='par_1_62' title="bbox 390 2928 1975 3042">
     <span class='ocr_line' id='line_1_62' title="bbox 390 2928 1975 3004; baseline -0.003 -16"><span class='ocrx_word' id='word_1_441' title='bbox 390 2939 569 3004; x_wconf 81' lang='lat' dir='ltr'><strong>Atque</strong></span> <span class='ocrx_word' id='word_1_442' title='bbox 622 2933 699 2986; x_wconf 91' lang='lat' dir='ltr'><strong>illi</strong></span> <span class='ocrx_word' id='word_1_443' title='bbox 731 2933 948 3002; x_wconf 87' lang='lat' dir='ltr'><strong>quidem</strong></span> <span class='ocrx_word' id='word_1_444' title='bbox 1007 2931 1063 2985; x_wconf 91' lang='lat' dir='ltr'><strong>in</strong></span> <span class='ocrx_word' id='word_1_445' title='bbox 1099 2930 1363 3000; x_wconf 87' lang='lat' dir='ltr'><strong>judiciale</strong></span> <span class='ocrx_word' id='word_1_446' title='bbox 1419 2929 1661 2984; x_wconf 87' lang='lat' dir='ltr'><strong>tribunal</strong></span> <span class='ocrx_word' id='word_1_447' title='bbox 1719 2928 1975 2986; x_wconf 87' lang='lat' dir='ltr'><strong>ascende-</strong></span> 
     </span>
     <span class='ocr_line' id='line_1_63' title="bbox 500 3020 1972 3042; baseline -0.001 2"><span class='ocrx_word' id='word_1_448' title='bbox 500 3033 516 3042; x_wconf 81' lang='lat'><strong>.</strong></span> <span class='ocrx_word' id='word_1_449' title='bbox 584 3021 901 3042; x_wconf 40' lang='lat' dir='ltr'><strong>mus“---</strong></span> <span class='ocrx_word' id='word_1_450' title='bbox 930 3035 1053 3042; x_wconf 51' lang='grc' dir='ltr'><strong>μ---</strong></span> <span class='ocrx_word' id='word_1_451' title='bbox 1090 3021 1139 3042; x_wconf 70' lang='grc' dir='ltr'>ε-</span> <span class='ocrx_word' id='word_1_452' title='bbox 1165 3021 1339 3042; x_wconf 40' lang='grc' dir='ltr'><strong>ῌΑε,</strong></span> <span class='ocrx_word' id='word_1_453' title='bbox 1376 3035 1556 3042; x_wconf 65' lang='lat'><strong>--____.</strong></span> <span class='ocrx_word' id='word_1_454' title='bbox 1591 3020 1748 3042; x_wconf 53' lang='grc' dir='ltr'><strong>,μω</strong></span> <span class='ocrx_word' id='word_1_455' title='bbox 1782 3035 1972 3042; x_wconf 31' lang='lat' dir='ltr'><strong>nu“</strong></span> 
     </span>
    </p>
   </div>
   <div class='ocr_carea' id='block_1_63' title="bbox 2078 2928 3658 3042">
    <p class='ocr_par' dir='ltr' id='par_1_63' title="bbox 2085 2938 3658 3017">
     <span class='ocr_line' id='line_1_64' title="bbox 2085 2938 3658 3017; baseline -0.003 -19"><span class='ocrx_word' id='word_1_456' title='bbox 2085 2943 2415 3017; x_wconf 65' lang='grc' dir='ltr'>ἐπικόπτων,</span> <span class='ocrx_word' id='word_1_457' title='bbox 2475 2945 2693 3017; x_wconf 83' lang='grc' dir='ltr'>Ἐπειδὴ</span> <span class='ocrx_word' id='word_1_458' title='bbox 2723 2945 2780 2999; x_wconf 83' lang='grc' dir='ltr'>δὲ</span> <span class='ocrx_word' id='word_1_459' title='bbox 2816 2944 3235 3015; x_wconf 77' lang='grc' dir='ltr'>ἀκατάπληκτος</span> <span class='ocrx_word' id='word_1_460' title='bbox 3265 2938 3356 3014; x_wconf 77' lang='grc' dir='ltr'>ἦν,</span> <span class='ocrx_word' id='word_1_461' title='bbox 3387 2943 3486 2996; x_wconf 71' lang='grc' dir='ltr'>καὶ</span> <span class='ocrx_word' id='word_1_462' title='bbox 3523 2942 3658 3013; x_wconf 81' lang='grc' dir='ltr'>πρὸς</span> 
     </span>
    </p>
   </div>
   <div class='ocr_carea' id='block_1_64' title="bbox 393 3020 1978 3093">
    <p class='ocr_par' dir='ltr' id='par_1_64' title="bbox 393 3020 1978 3093">
     <span class='ocr_line' id='line_1_65' title="bbox 393 3020 1978 3093; baseline -0.003 -14"><span class='ocrx_word' id='word_1_463' title='bbox 393 3033 554 3080; x_wconf 86' lang='lat' dir='ltr'><strong>runt:</strong></span> <span class='ocrx_word' id='word_1_464' title='bbox 584 3021 904 3078; x_wconf 89' lang='lat' dir='ltr'><strong>Theodorus</strong></span> <span class='ocrx_word' id='word_1_465' title='bbox 929 3035 1059 3076; x_wconf 89' lang='lat' dir='ltr'><strong>vero</strong></span> <span class='ocrx_word' id='word_1_466' title='bbox 1090 3021 1145 3075; x_wconf 89' lang='lat' dir='ltr'><strong>in</strong></span> <span class='ocrx_word' id='word_1_467' title='bbox 1165 3021 1344 3075; x_wconf 92' lang='lat' dir='ltr'><strong>medio</strong></span> <span class='ocrx_word' id='word_1_468' title='bbox 1370 3035 1559 3076; x_wconf 87' lang='lat' dir='ltr'><strong>eorum</strong></span> <span class='ocrx_word' id='word_1_469' title='bbox 1589 3020 1750 3093; x_wconf 92' lang='lat' dir='ltr'><strong>(erat)</strong></span> <span class='ocrx_word' id='word_1_470' title='bbox 1782 3035 1978 3092; x_wconf 85' lang='lat' dir='ltr'><strong>magna</strong></span> 
     </span>
    </p>
   </div>
   <div class='ocr_carea' id='block_1_65' title="bbox 393 3111 1980 3187">
    <p class='ocr_par' dir='ltr' id='par_1_65' title="bbox 393 3111 1980 3187">
     <span class='ocr_line' id='line_1_66' title="bbox 393 3111 1980 3187; baseline 0 -18"><span class='ocrx_word' id='word_1_471' title='bbox 393 3114 648 3187; x_wconf 90' lang='lat' dir='ltr'><strong>loquendi</strong></span> <span class='ocrx_word' id='word_1_472' title='bbox 694 3113 944 3168; x_wconf 88' lang='lat' dir='ltr'><strong>libertate</strong></span> <span class='ocrx_word' id='word_1_473' title='bbox 967 3119 1146 3179; x_wconf 88' lang='lat' dir='ltr'><strong>utens,</strong></span> <span class='ocrx_word' id='word_1_474' title='bbox 1179 3111 1236 3166; x_wconf 91' lang='lat' dir='ltr'><strong>in</strong></span> <span class='ocrx_word' id='word_1_475' title='bbox 1260 3120 1409 3166; x_wconf 86' lang='lat' dir='ltr'><strong>statu</strong></span> <span class='ocrx_word' id='word_1_476' title='bbox 1464 3125 1687 3168; x_wconf 86' lang='lat' dir='ltr'><strong>causam</strong></span> <span class='ocrx_word' id='word_1_477' title='bbox 1743 3111 1980 3169; x_wconf 90' lang='lat' dir='ltr'><strong>dicentis</strong></span> 
     </span>
    </p>
   </div>
   <div class='ocr_carea' id='block_1_66' title="bbox 392 3204 1980 3276">
    <p class='ocr_par' dir='ltr' id='par_1_66' title="bbox 392 3204 1980 3276">
     <span class='ocr_line' id='line_1_67' title="bbox 392 3204 1980 3276; baseline -0.001 -14"><span class='ocrx_word' id='word_1_478' title='bbox 392 3207 746 3276; x_wconf 76' lang='lat' dir='ltr'><strong>magistratus</strong></span> <span class='ocrx_word' id='word_1_479' title='bbox 776 3204 1108 3260; x_wconf 78' lang='lat' dir='ltr'><strong>confidentia</strong></span> <span class='ocrx_word' id='word_1_480' title='bbox 1155 3205 1419 3275; x_wconf 70' lang='lat' dir='ltr'><strong>praeditus</strong></span> <span class='ocrx_word' id='word_1_481' title='bbox 1442 3219 1566 3259; x_wconf 91' lang='lat' dir='ltr'><strong>cum</strong></span> <span class='ocrx_word' id='word_1_482' title='bbox 1612 3204 1980 3275; x_wconf 84' lang='lat' dir='ltr'><strong>interrogare-</strong></span> 
     </span>
    </p>
   </div>
   <div class='ocr_carea' id='block_1_67' title="bbox 391 3295 1980 3367">
    <p class='ocr_par' dir='ltr' id='par_1_67' title="bbox 391 3295 1980 3367">
     <span class='ocr_line' id='line_1_68' title="bbox 391 3295 1980 3367; baseline -0.001 -15"><span class='ocrx_word' id='word_1_483' title='bbox 391 3309 501 3360; x_wconf 85' lang='lat' dir='ltr'><strong>tur,</strong></span> <span class='ocrx_word' id='word_1_484' title='bbox 563 3297 844 3354; x_wconf 89' lang='lat' dir='ltr'><strong>celeritate</strong></span> <span class='ocrx_word' id='word_1_485' title='bbox 877 3296 1246 3352; x_wconf 82' lang='lat' dir='ltr'><strong>confessionis</strong></span> <span class='ocrx_word' id='word_1_486' title='bbox 1288 3295 1773 3367; x_wconf 83' lang='lat' dir='ltr'><strong>interrogationem</strong></span> <span class='ocrx_word' id='word_1_487' title='bbox 1825 3305 1980 3352; x_wconf 90' lang='lat' dir='ltr'><strong>ante-</strong></span> 
     </span>
    </p>
   </div>
   <div class='ocr_carea' id='block_1_68' title="bbox 390 3389 1980 3460">
    <p class='ocr_par' dir='ltr' id='par_1_68' title="bbox 390 3389 1980 3460">
     <span class='ocr_line' id='line_1_69' title="bbox 390 3389 1980 3460; baseline -0.001 -15"><span class='ocrx_word' id='word_1_488' title='bbox 390 3399 628 3448; x_wconf 84' lang='lat' dir='ltr'><strong>vertens.</strong></span> <span class='ocrx_word' id='word_1_489' title='bbox 685 3389 1047 3460; x_wconf 89' lang='lat' dir='ltr'><strong>Posteaquam</strong></span> <span class='ocrx_word' id='word_1_490' title='bbox 1081 3396 1260 3444; x_wconf 87' lang='lat' dir='ltr'><strong>autem</strong></span> <span class='ocrx_word' id='word_1_491' title='bbox 1289 3398 1344 3444; x_wconf 90' lang='lat' dir='ltr'><strong>et</strong></span> <span class='ocrx_word' id='word_1_492' title='bbox 1380 3389 1788 3459; x_wconf 88' lang='lat' dir='ltr'><strong>imperterritus</strong></span> <span class='ocrx_word' id='word_1_493' title='bbox 1837 3397 1980 3458; x_wconf 87' lang='lat' dir='ltr'><strong>erat,</strong></span> 
     </span>
    </p>
   </div>
   <div class='ocr_carea' id='block_1_69' title="bbox 389 3481 1978 3552">
    <p class='ocr_par' dir='ltr' id='par_1_69' title="bbox 389 3481 1978 3552">
     <span class='ocr_line' id='line_1_70' title="bbox 389 3481 1978 3552; baseline -0.002 -13"><span class='ocrx_word' id='word_1_494' title='bbox 389 3494 443 3539; x_wconf 88' lang='lat' dir='ltr'><strong>et</strong></span> <span class='ocrx_word' id='word_1_495' title='bbox 473 3483 719 3538; x_wconf 82' lang='lat' dir='ltr'><strong>adnihil</strong></span> <span class='ocrx_word' id='word_1_496' title='bbox 775 3497 964 3539; x_wconf 91' lang='lat' dir='ltr'><strong>eorum</strong></span> <span class='ocrx_word' id='word_1_497' title='bbox 1017 3496 1140 3551; x_wconf 70' lang='lat' dir='ltr'><strong>quae</strong></span> <span class='ocrx_word' id='word_1_498' title='bbox 1192 3481 1378 3551; x_wconf 81' lang='lat' dir='ltr'><strong>gravia</strong></span> <span class='ocrx_word' id='word_1_499' title='bbox 1410 3490 1575 3552; x_wconf 90' lang='lat' dir='ltr'><strong>atque</strong></span> <span class='ocrx_word' id='word_1_500' title='bbox 1623 3494 1817 3551; x_wconf 90' lang='lat' dir='ltr'><strong>aspera</strong></span> <span class='ocrx_word' id='word_1_501' title='bbox 1851 3496 1978 3536; x_wconf 91' lang='lat' dir='ltr'><strong>cum</strong></span> 
     </span>
    </p>
   </div>
   <div class='ocr_carea' id='block_1_70' title="bbox 392 3571 1978 3644">
    <p class='ocr_par' dir='ltr' id='par_1_70' title="bbox 392 3571 1978 3644">
     <span class='ocr_line' id='line_1_71' title="bbox 392 3571 1978 3644; baseline 0 -15"><span class='ocrx_word' id='word_1_502' title='bbox 392 3576 556 3631; x_wconf 88' lang='lat' dir='ltr'><strong>minis</strong></span> <span class='ocrx_word' id='word_1_503' title='bbox 602 3577 652 3631; x_wconf 90' lang='lat' dir='ltr'><strong>ei</strong></span> <span class='ocrx_word' id='word_1_504' title='bbox 701 3573 1125 3630; x_wconf 89' lang='lat' dir='ltr'><strong>ostentabantur</strong></span> <span class='ocrx_word' id='word_1_505' title='bbox 1166 3573 1459 3644; x_wconf 89' lang='lat' dir='ltr'><strong>supplicia,</strong></span> <span class='ocrx_word' id='word_1_506' title='bbox 1517 3587 1576 3629; x_wconf 88' lang='lat' dir='ltr'><strong>se</strong></span> <span class='ocrx_word' id='word_1_507' title='bbox 1609 3571 1978 3640; x_wconf 87' lang='lat' dir='ltr'><strong>submitteret,</strong></span> 
     </span>
    </p>
   </div>
   <div class='ocr_carea' id='block_1_71' title="bbox 391 3664 1978 3741">
    <p class='ocr_par' dir='ltr' id='par_1_71' title="bbox 391 3664 1978 3741">
     <span class='ocr_line' id='line_1_72' title="bbox 391 3664 1978 3741; baseline 0 -21"><span class='ocrx_word' id='word_1_508' title='bbox 391 3683 490 3721; x_wconf 90' lang='lat' dir='ltr'><strong>nec</strong></span> <span class='ocrx_word' id='word_1_509' title='bbox 545 3667 913 3723; x_wconf 87' lang='lat' dir='ltr'><strong>confidentius</strong></span> <span class='ocrx_word' id='word_1_510' title='bbox 969 3666 1119 3738; x_wconf 89' lang='lat' dir='ltr'><strong>loqui</strong></span> <span class='ocrx_word' id='word_1_511' title='bbox 1168 3664 1468 3729; x_wconf 89' lang='lat' dir='ltr'><strong>desineret,</strong></span> <span class='ocrx_word' id='word_1_512' title='bbox 1526 3665 1583 3719; x_wconf 90' lang='lat' dir='ltr'><strong>in</strong></span> <span class='ocrx_word' id='word_1_513' title='bbox 1637 3666 1978 3741; x_wconf 87' lang='lat' dir='ltr'><strong>contrariam</strong></span> 
     </span>
    </p>
   </div>
   <div class='ocr_carea' id='block_1_72' title="bbox 392 3757 1980 3829">
    <p class='ocr_par' dir='ltr' id='par_1_72' title="bbox 392 3757 1980 3829">
     <span class='ocr_line' id='line_1_73' title="bbox 392 3757 1980 3829; baseline 0.001 -17"><span class='ocrx_word' id='word_1_514' title='bbox 392 3760 661 3813; x_wconf 84' lang='lat' dir='ltr'><strong>rationem</strong></span> <span class='ocrx_word' id='word_1_515' title='bbox 693 3759 886 3814; x_wconf 88' lang='lat' dir='ltr'><strong>mutati</strong></span> <span class='ocrx_word' id='word_1_516' title='bbox 919 3767 1069 3824; x_wconf 91' lang='lat' dir='ltr'><strong>sunt,</strong></span> <span class='ocrx_word' id='word_1_517' title='bbox 1101 3773 1164 3813; x_wconf 82' lang='lat' dir='ltr'><strong>ac</strong></span> <span class='ocrx_word' id='word_1_518' title='bbox 1195 3757 1434 3829; x_wconf 84' lang='lat' dir='ltr'><strong>benigne</strong></span> <span class='ocrx_word' id='word_1_519' title='bbox 1467 3772 1592 3813; x_wconf 87' lang='lat' dir='ltr'><strong>cum</strong></span> <span class='ocrx_word' id='word_1_520' title='bbox 1646 3772 1714 3814; x_wconf 91' lang='lat' dir='ltr'><strong>eo</strong></span> <span class='ocrx_word' id='word_1_521' title='bbox 1767 3769 1980 3814; x_wconf 89' lang='lat' dir='ltr'><strong>sermo-</strong></span> 
     </span>
    </p>
   </div>
   <div class='ocr_carea' id='block_1_73' title="bbox 388 3851 1979 3921">
    <p class='ocr_par' dir='ltr' id='par_1_73' title="bbox 388 3851 1979 3921">
     <span class='ocr_line' id='line_1_74' title="bbox 388 3851 1979 3921; baseline 0.003 -17"><span class='ocrx_word' id='word_1_522' title='bbox 388 3851 638 3904; x_wconf 89' lang='lat' dir='ltr'><strong>cinantes</strong></span> <span class='ocrx_word' id='word_1_523' title='bbox 703 3851 991 3920; x_wconf 90' lang='lat' dir='ltr'><strong>promissis</strong></span> <span class='ocrx_word' id='word_1_524' title='bbox 1042 3851 1252 3921; x_wconf 90' lang='lat' dir='ltr'><strong>justum</strong></span> <span class='ocrx_word' id='word_1_525' title='bbox 1294 3851 1616 3906; x_wconf 88' lang='lat' dir='ltr'><strong>subtrahere</strong></span> <span class='ocrx_word' id='word_1_526' title='bbox 1673 3851 1979 3909; x_wconf 87' lang='lat' dir='ltr'><strong>tentabant.</strong></span> 
     </span>
    </p>
   </div>
   <div class='ocr_carea' id='block_1_74' title="bbox 396 3941 1979 4012">
    <p class='ocr_par' dir='ltr' id='par_1_74' title="bbox 396 3941 1979 4012">
     <span class='ocr_line' id='line_1_75' title="bbox 396 3941 1979 4012; baseline 0.003 -19"><span class='ocrx_word' id='word_1_527' title='bbox 396 3962 414 3993; x_wconf 73' lang='grc' dir='ltr'><strong>ι</strong></span> <span class='ocrx_word' id='word_1_528' title='bbox 452 3942 514 3996; x_wconf 81' lang='lat' dir='ltr'><strong>Et</strong></span> <span class='ocrx_word' id='word_1_529' title='bbox 545 3943 708 4005; x_wconf 78' lang='lat' dir='ltr'><strong>scito,</strong></span> <span class='ocrx_word' id='word_1_530' title='bbox 731 3960 749 3993; x_wconf 78' lang='grc' dir='ltr'><strong>ι</strong></span> <span class='ocrx_word' id='word_1_531' title='bbox 787 3943 1060 4012; x_wconf 90' lang='lat' dir='ltr'><strong>inquiunt,</strong></span> <span class='ocrx_word' id='word_1_532' title='bbox 1097 3960 1116 3996; x_wconf 76' lang='grc' dir='ltr'><strong>ι</strong></span> <span class='ocrx_word' id='word_1_533' title='bbox 1149 3942 1292 4011; x_wconf 89' lang='lat' dir='ltr'><strong>quod</strong></span> <span class='ocrx_word' id='word_1_534' title='bbox 1328 3941 1374 3997; x_wconf 92' lang='lat' dir='ltr'><strong>si</strong></span> <span class='ocrx_word' id='word_1_535' title='bbox 1404 3942 1694 3997; x_wconf 89' lang='lat' dir='ltr'><strong>consilium</strong></span> <span class='ocrx_word' id='word_1_536' title='bbox 1727 3953 1979 3999; x_wconf 90' lang='lat' dir='ltr'><strong>nostrum</strong></span> 
     </span>
    </p>
   </div>
   <div class='ocr_carea' id='block_1_75' title="bbox 391 4032 1981 4104">
    <p class='ocr_par' dir='ltr' id='par_1_75' title="bbox 391 4032 1981 4104">
     <span class='ocr_line' id='line_1_76' title="bbox 391 4032 1981 4104; baseline 0.003 -17"><span class='ocrx_word' id='word_1_537' title='bbox 391 4034 709 4090; x_wconf 85' lang='lat' dir='ltr'><strong>obedienter</strong></span> <span class='ocrx_word' id='word_1_538' title='bbox 729 4035 1019 4090; x_wconf 89' lang='lat' dir='ltr'><strong>admittere</strong></span> <span class='ocrx_word' id='word_1_539' title='bbox 1043 4035 1302 4097; x_wconf 89' lang='lat' dir='ltr'><strong>volueris,</strong></span> <span class='ocrx_word' id='word_1_540' title='bbox 1323 4032 1573 4104; x_wconf 91' lang='lat' dir='ltr'><strong>protinus</strong></span> <span class='ocrx_word' id='word_1_541' title='bbox 1592 4041 1645 4089; x_wconf 90' lang='lat' dir='ltr'><strong>te</strong></span> <span class='ocrx_word' id='word_1_542' title='bbox 1660 4050 1722 4088; x_wconf 82' lang='lat' dir='ltr'><strong>ex</strong></span> <span class='ocrx_word' id='word_1_543' title='bbox 1744 4035 1981 4093; x_wconf 91' lang='lat' dir='ltr'><strong>obscuro</strong></span> 
     </span>
    </p>
   </div>
   <div class='ocr_carea' id='block_1_76' title="bbox 393 4126 1978 4198">
    <p class='ocr_par' dir='ltr' id='par_1_76' title="bbox 393 4126 1978 4198">
     <span class='ocr_line' id='line_1_77' title="bbox 393 4126 1978 4198; baseline 0.001 -16"><span class='ocrx_word' id='word_1_544' title='bbox 393 4127 653 4190; x_wconf 84' lang='lat' dir='ltr'><strong>nubilem,</strong></span> <span class='ocrx_word' id='word_1_545' title='bbox 696 4143 760 4183; x_wconf 83' lang='lat' dir='ltr'><strong>ex</strong></span> <span class='ocrx_word' id='word_1_546' title='bbox 810 4127 1000 4182; x_wconf 91' lang='lat' dir='ltr'><strong>humili</strong></span> <span class='ocrx_word' id='word_1_547' title='bbox 1042 4127 1408 4197; x_wconf 90' lang='lat' dir='ltr'><strong>despectoque</strong></span> <span class='ocrx_word' id='word_1_548' title='bbox 1452 4133 1507 4180; x_wconf 89' lang='lat' dir='ltr'><strong>et</strong></span> <span class='ocrx_word' id='word_1_549' title='bbox 1539 4126 1771 4198; x_wconf 86' lang='lat' dir='ltr'><strong>inglorio</strong></span> <span class='ocrx_word' id='word_1_550' title='bbox 1807 4127 1978 4184; x_wconf 84' lang='lat' dir='ltr'><strong>hono-</strong></span> 
     </span>
    </p>
   </div>
   <div class='ocr_carea' id='block_1_77' title="bbox 394 4217 1971 4290">
    <p class='ocr_par' dir='ltr' id='par_1_77' title="bbox 394 4217 1971 4290">
     <span class='ocr_line' id='line_1_78' title="bbox 394 4217 1971 4290; baseline 0.001 -18"><span class='ocrx_word' id='word_1_551' title='bbox 394 4228 572 4274; x_wconf 89' lang='lat' dir='ltr'><strong>ratum</strong></span> <span class='ocrx_word' id='word_1_552' title='bbox 621 4219 918 4275; x_wconf 85' lang='lat' dir='ltr'><strong>eflicicmus</strong></span> <span class='ocrx_word' id='word_1_553' title='bbox 950 4239 965 4275; x_wconf 86' lang='lat'><strong>:</strong></span> <span class='ocrx_word' id='word_1_554' title='bbox 999 4233 1064 4274; x_wconf 90' lang='lat' dir='ltr'><strong>ac</strong></span> <span class='ocrx_word' id='word_1_555' title='bbox 1101 4219 1198 4274; x_wconf 91' lang='lat' dir='ltr'><strong>tibi</strong></span> <span class='ocrx_word' id='word_1_556' title='bbox 1245 4217 1598 4288; x_wconf 84' lang='lat' dir='ltr'><strong>pontificatus</strong></span> <span class='ocrx_word' id='word_1_557' title='bbox 1649 4219 1971 4290; x_wconf 84' lang='lat' dir='ltr'><strong>dignitatem</strong></span> 
     </span>
    </p>
   </div>
   <div class='ocr_carea' id='block_1_78' title="bbox 2083 3034 3657 3108">
    <p class='ocr_par' dir='ltr' id='par_1_78' title="bbox 2083 3034 3657 3108">
     <span class='ocr_line' id='line_1_79' title="bbox 2083 3034 3657 3108; baseline -0.001 -20"><span class='ocrx_word' id='word_1_558' title='bbox 2083 3035 2236 3090; x_wconf 72' lang='grc' dir='ltr'>οὐδὲν</span> <span class='ocrx_word' id='word_1_559' title='bbox 2265 3035 2508 3105; x_wconf 77' lang='grc' dir='ltr'>ἐφείδετο</span> <span class='ocrx_word' id='word_1_560' title='bbox 2534 3036 2640 3090; x_wconf 86' lang='grc' dir='ltr'><strong>τῶν</strong></span> <span class='ocrx_word' id='word_1_561' title='bbox 2661 3036 3065 3108; x_wconf 85' lang='grc' dir='ltr'>ἀπειλουμένων</span> <span class='ocrx_word' id='word_1_562' title='bbox 3090 3034 3298 3098; x_wconf 89' lang='grc' dir='ltr'>δεινῶν,</span> <span class='ocrx_word' id='word_1_563' title='bbox 3326 3035 3406 3098; x_wconf 84' lang='grc' dir='ltr'><strong>είς</strong></span> <span class='ocrx_word' id='word_1_564' title='bbox 3435 3035 3657 3087; x_wconf 75' lang='grc' dir='ltr'>τούνανο</span> 
     </span>
    </p>
   </div>
   <div class='ocr_carea' id='block_1_79' title="bbox 2083 3123 3658 3200">
    <p class='ocr_par' dir='ltr' id='par_1_79' title="bbox 2083 3123 3658 3200">
     <span class='ocr_line' id='line_1_80' title="bbox 2083 3123 3658 3200; baseline -0.002 -20"><span class='ocrx_word' id='word_1_565' title='bbox 2083 3127 2196 3180; x_wconf 87' lang='grc' dir='ltr'>τίον</span> <span class='ocrx_word' id='word_1_566' title='bbox 2232 3127 2637 3199; x_wconf 76' lang='grc' dir='ltr'>μετεϐλήθησαν</span> <span class='ocrx_word' id='word_1_567' title='bbox 2668 3125 2903 3200; x_wconf 77' lang='grc' dir='ltr'>τρόπον’</span> <span class='ocrx_word' id='word_1_568' title='bbox 2938 3127 3029 3181; x_wconf 76' lang='grc' dir='ltr'>καὶ</span> <span class='ocrx_word' id='word_1_569' title='bbox 3064 3124 3457 3196; x_wconf 80' lang='grc' dir='ltr'>φιλανθρώπως</span> <span class='ocrx_word' id='word_1_570' title='bbox 3487 3123 3658 3178; x_wconf 78' lang='grc' dir='ltr'>διαλε-</span> 
     </span>
    </p>
   </div>
   <div class='ocr_carea' id='block_1_80' title="bbox 2083 3214 3656 3290">
    <p class='ocr_par' dir='ltr' id='par_1_80' title="bbox 2083 3214 3656 3290">
     <span class='ocr_line' id='line_1_81' title="bbox 2083 3214 3656 3290; baseline -0.002 -19"><span class='ocrx_word' id='word_1_571' title='bbox 2083 3217 2684 3290; x_wconf 77' lang='grc' dir='ltr'>γόμενοι,ἐπαγγελίαις</span> <span class='ocrx_word' id='word_1_572' title='bbox 2705 3218 2876 3271; x_wconf 83' lang='grc' dir='ltr'>ὑποσύ</span> <span class='ocrx_word' id='word_1_573' title='bbox 2886 3235 2995 3290; x_wconf 89' lang='grc' dir='ltr'>ρειν</span> <span class='ocrx_word' id='word_1_574' title='bbox 3016 3216 3313 3288; x_wconf 74' lang='grc' dir='ltr'>ἐπειρῶντο</span> <span class='ocrx_word' id='word_1_575' title='bbox 3326 3214 3416 3268; x_wconf 74' lang='grc' dir='ltr'><strong>τὸν</strong></span> <span class='ocrx_word' id='word_1_576' title='bbox 3433 3215 3656 3269; x_wconf 84' lang='grc' dir='ltr'>δίκαιον.</span> 
     </span>
    </p>
   </div>
   <div class='ocr_carea' id='block_1_81' title="bbox 2090 3306 3661 3379">
    <p class='ocr_par' dir='ltr' id='par_1_81' title="bbox 2090 3306 3661 3379">
     <span class='ocr_line' id='line_1_82' title="bbox 2090 3306 3661 3379; baseline -0.003 -16"><span class='ocrx_word' id='word_1_577' title='bbox 2090 3329 2108 3363; x_wconf 75' lang='grc' dir='ltr'><strong>ι</strong></span> <span class='ocrx_word' id='word_1_578' title='bbox 2143 3309 2252 3364; x_wconf 81' lang='lat' dir='ltr'><strong>Kal</strong></span> <span class='ocrx_word' id='word_1_579' title='bbox 2279 3309 2532 3379; x_wconf 78' lang='grc' dir='ltr'>γίνωσκε,</span> <span class='ocrx_word' id='word_1_580' title='bbox 2555 3330 2571 3362; x_wconf 89' lang='grc' dir='ltr'><strong>ι</strong></span> <span class='ocrx_word' id='word_1_581' title='bbox 2610 3309 2793 3378; x_wconf 73' lang='grc' dir='ltr'>φασὶν,</span> <span class='ocrx_word' id='word_1_582' title='bbox 2833 3328 2849 3361; x_wconf 82' lang='grc' dir='ltr'><strong>ι</strong></span> <span class='ocrx_word' id='word_1_583' title='bbox 2872 3309 2948 3373; x_wconf 86' lang='grc' dir='ltr'><strong>ώς</strong></span> <span class='ocrx_word' id='word_1_584' title='bbox 2974 3309 3020 3362; x_wconf 86' lang='grc' dir='ltr'><strong>εί</strong></span> <span class='ocrx_word' id='word_1_585' title='bbox 3044 3306 3363 3379; x_wconf 80' lang='grc' dir='ltr'>βουληθείης</span> <span class='ocrx_word' id='word_1_586' title='bbox 3392 3306 3661 3370; x_wconf 80' lang='grc' dir='ltr'>εὐπειθῶς</span> 
     </span>
    </p>
   </div>
   <div class='ocr_carea' id='block_1_82' title="bbox 2082 3398 3663 3473">
    <p class='ocr_par' dir='ltr' id='par_1_82' title="bbox 2082 3398 3663 3473">
     <span class='ocr_line' id='line_1_83' title="bbox 2082 3398 3663 3473; baseline -0.001 -19"><span class='ocrx_word' id='word_1_587' title='bbox 2082 3401 2181 3473; x_wconf 85' lang='grc' dir='ltr'><strong>τὴν</strong></span> <span class='ocrx_word' id='word_1_588' title='bbox 2222 3399 2527 3472; x_wconf 75' lang='grc' dir='ltr'>συμϐουλὴν</span> <span class='ocrx_word' id='word_1_589' title='bbox 2573 3400 2669 3470; x_wconf 62' lang='grc' dir='ltr'><strong>τὴν</strong></span> <span class='ocrx_word' id='word_1_590' title='bbox 2713 3400 2988 3471; x_wconf 83' lang='grc' dir='ltr'>ἡμετέραν</span> <span class='ocrx_word' id='word_1_591' title='bbox 3035 3399 3453 3470; x_wconf 78' lang='grc' dir='ltr'>προσδέξασθαι,</span> <span class='ocrx_word' id='word_1_592' title='bbox 3497 3398 3663 3463; x_wconf 78' lang='grc' dir='ltr'>εὐθύς</span> 
     </span>
    </p>
   </div>
   <div class='ocr_carea' id='block_1_83' title="bbox 2086 3490 3662 3562">
    <p class='ocr_par' dir='ltr' id='par_1_83' title="bbox 2086 3490 3662 3562">
     <span class='ocr_line' id='line_1_84' title="bbox 2086 3490 3662 3562; baseline 0 -17"><span class='ocrx_word' id='word_1_593' title='bbox 2086 3509 2144 3545; x_wconf 88' lang='grc' dir='ltr'><strong>σε</strong></span> <span class='ocrx_word' id='word_1_594' title='bbox 2176 3491 2588 3561; x_wconf 85' lang='grc' dir='ltr'>καταστήσομεν</span> <span class='ocrx_word' id='word_1_595' title='bbox 2642 3490 2702 3558; x_wconf 80' lang='grc' dir='ltr'>ἐξ</span> <span class='ocrx_word' id='word_1_596' title='bbox 2751 3490 2972 3559; x_wconf 81' lang='grc' dir='ltr'>ἀφανῶν</span> <span class='ocrx_word' id='word_1_597' title='bbox 3014 3490 3319 3562; x_wconf 85' lang='grc' dir='ltr'>γνώριμον,</span> <span class='ocrx_word' id='word_1_598' title='bbox 3365 3491 3424 3555; x_wconf 79' lang='grc' dir='ltr'><strong>ἐξ</strong></span> <span class='ocrx_word' id='word_1_599' title='bbox 3450 3490 3662 3555; x_wconf 81' lang='grc' dir='ltr'>ἀδόξων</span> 
     </span>
    </p>
   </div>
   <div class='ocr_carea' id='block_1_84' title="bbox 2083 3583 3662 3656">
    <p class='ocr_par' dir='ltr' id='par_1_84' title="bbox 2083 3583 3662 3656">
     <span class='ocr_line' id='line_1_85' title="bbox 2083 3583 3662 3656; baseline 0.001 -19"><span class='ocrx_word' id='word_1_600' title='bbox 2083 3584 2298 3654; x_wconf 79' lang='grc' dir='ltr'>ἔντιμον</span> <span class='ocrx_word' id='word_1_601' title='bbox 2321 3600 2337 3615; x_wconf 78' lang='grc' dir='ltr'><strong>ο</strong></span> <span class='ocrx_word' id='word_1_602' title='bbox 2377 3583 2470 3637; x_wconf 83' lang='grc' dir='ltr'><strong>καί</strong></span> <span class='ocrx_word' id='word_1_603' title='bbox 2501 3600 2581 3636; x_wconf 89' lang='grc' dir='ltr'><strong>σοι</strong></span> <span class='ocrx_word' id='word_1_604' title='bbox 2616 3583 2714 3653; x_wconf 80' lang='grc' dir='ltr'>τῆς</span> <span class='ocrx_word' id='word_1_605' title='bbox 2760 3583 3171 3656; x_wconf 82' lang='grc' dir='ltr'>ἀρχιερωσύνης</span> <span class='ocrx_word' id='word_1_606' title='bbox 3210 3583 3662 3654; x_wconf 82' lang='grc' dir='ltr'>ἐπαγγελλόμεθα</span> 
     </span>
    </p>
   </div>
   <div class='ocr_carea' id='block_1_85' title="bbox 2081 3672 3661 3748">
    <p class='ocr_par' dir='ltr' id='par_1_85' title="bbox 2081 3672 3661 3748">
     <span class='ocr_line' id='line_1_86' title="bbox 2081 3672 3661 3748; baseline -0.001 -20"><span class='ocrx_word' id='word_1_607' title='bbox 2081 3675 2181 3748; x_wconf 83' lang='grc' dir='ltr'><strong>τὴν</strong></span> <span class='ocrx_word' id='word_1_608' title='bbox 2220 3673 2397 3740; x_wconf 83' lang='grc' dir='ltr'>ἀξίαν.</span> <span class='ocrx_word' id='word_1_609' title='bbox 2429 3693 2448 3725; x_wconf 84' lang='grc' dir='ltr'><strong>ι</strong></span> <span class='ocrx_word' id='word_1_610' title='bbox 2487 3673 2574 3737; x_wconf 85' lang='grc' dir='ltr'>Ὦς</span> <span class='ocrx_word' id='word_1_611' title='bbox 2596 3674 2650 3727; x_wconf 80' lang='grc' dir='ltr'><strong>δὲ</strong></span> <span class='ocrx_word' id='word_1_612' title='bbox 2675 3673 2768 3728; x_wconf 89' lang='grc' dir='ltr'><strong>τοῦ</strong></span> <span class='ocrx_word' id='word_1_613' title='bbox 2794 3675 2891 3744; x_wconf 82' lang='grc' dir='ltr'>τῆς</span> <span class='ocrx_word' id='word_1_614' title='bbox 2915 3674 3314 3746; x_wconf 86' lang='grc' dir='ltr'>ἀρχιερωσύνης</span> <span class='ocrx_word' id='word_1_615' title='bbox 3341 3672 3661 3744; x_wconf 79' lang='grc' dir='ltr'>ἀξιώματος</span> 
     </span>
    </p>
   </div>
   <div class='ocr_carea' id='block_1_86' title="bbox 2082 3759 3659 3836">
    <p class='ocr_par' dir='ltr' id='par_1_86' title="bbox 2082 3759 3659 3836">
     <span class='ocr_line' id='line_1_87' title="bbox 2082 3759 3659 3836; baseline 0.001 -20"><span class='ocrx_word' id='word_1_616' title='bbox 2082 3765 2333 3836; x_wconf 75' lang='grc' dir='ltr'>ἦκουσεν,</span> <span class='ocrx_word' id='word_1_617' title='bbox 2383 3762 2684 3831; x_wconf 86' lang='grc' dir='ltr'>ἐγγελάσας</span> <span class='ocrx_word' id='word_1_618' title='bbox 2721 3763 2929 3835; x_wconf 79' lang='grc' dir='ltr'>μακρὸν</span> <span class='ocrx_word' id='word_1_619' title='bbox 2978 3765 3006 3818; x_wconf 91' lang='lat'><strong>6</strong></span> <span class='ocrx_word' id='word_1_620' title='bbox 3033 3764 3426 3836; x_wconf 81' lang='grc' dir='ltr'>τρισμακάριος</span> <span class='ocrx_word' id='word_1_621' title='bbox 3462 3759 3620 3818; x_wconf 74' lang='grc' dir='ltr'>εἶπεν</span> <span class='ocrx_word' id='word_1_622' title='bbox 3643 3783 3659 3798; x_wconf 79' lang='grc'><em>’</em></span> 
     </span>
    </p>
   </div>
   <div class='ocr_carea' id='block_1_87' title="bbox 2089 3853 3662 3930">
    <p class='ocr_par' dir='ltr' id='par_1_87' title="bbox 2089 3853 3662 3930">
     <span class='ocr_line' id='line_1_88' title="bbox 2089 3853 3662 3930; baseline 0.003 -24"><span class='ocrx_word' id='word_1_623' title='bbox 2089 3872 2109 3906; x_wconf 78' lang='grc' dir='ltr'><strong>ι</strong></span> <span class='ocrx_word' id='word_1_624' title='bbox 2133 3854 2272 3923; x_wconf 80' lang='grc' dir='ltr'><strong>Ἐγὼ</strong></span> <span class='ocrx_word' id='word_1_625' title='bbox 2303 3854 2396 3907; x_wconf 71' lang='grc' dir='ltr'><strong>καὶ</strong></span> <span class='ocrx_word' id='word_1_626' title='bbox 2432 3853 2558 3917; x_wconf 79' lang='grc' dir='ltr'>τοὺς</span> <span class='ocrx_word' id='word_1_627' title='bbox 2588 3854 2769 3926; x_wconf 75' lang='grc' dir='ltr'>ἱερέας</span> <span class='ocrx_word' id='word_1_628' title='bbox 2789 3855 2898 3908; x_wconf 93' lang='grc' dir='ltr'><strong>τῶν</strong></span> <span class='ocrx_word' id='word_1_629' title='bbox 2923 3855 3156 3910; x_wconf 78' lang='grc' dir='ltr'>εἰδώλων</span> <span class='ocrx_word' id='word_1_630' title='bbox 3185 3856 3400 3920; x_wconf 77' lang='grc' dir='ltr'>ἀθλίους</span> <span class='ocrx_word' id='word_1_631' title='bbox 3425 3857 3662 3930; x_wconf 79' lang='grc' dir='ltr'>κρίνων,</span> 
     </span>
    </p>
   </div>
   <div class='ocr_carea' id='block_1_88' title="bbox 2084 3942 3660 4020">
    <p class='ocr_par' dir='ltr' id='par_1_88' title="bbox 2084 3942 3660 4020">
     <span class='ocr_line' id='line_1_89' title="bbox 2084 3942 3660 4020; baseline 0.001 -19"><span class='ocrx_word' id='word_1_632' title='bbox 2084 3946 2178 4001; x_wconf 72' lang='grc' dir='ltr'>καὶ</span> <span class='ocrx_word' id='word_1_633' title='bbox 2209 3945 2284 4010; x_wconf 85' lang='grc' dir='ltr'>ὼς</span> <span class='ocrx_word' id='word_1_634' title='bbox 2328 3944 2564 4018; x_wconf 83' lang='grc' dir='ltr'>ματαίας</span> <span class='ocrx_word' id='word_1_635' title='bbox 2612 3942 2862 4017; x_wconf 78' lang='grc' dir='ltr'>πράξεως</span> <span class='ocrx_word' id='word_1_636' title='bbox 2892 3947 3191 4018; x_wconf 80' lang='grc' dir='ltr'>ὑπηρέτας,</span> <span class='ocrx_word' id='word_1_637' title='bbox 3217 3949 3502 4020; x_wconf 77' lang='grc' dir='ltr'>οἰκτείρω·</span> <span class='ocrx_word' id='word_1_638' title='bbox 3531 3950 3660 4012; x_wconf 69' lang='grc' dir='ltr'>τοὺς</span> 
     </span>
    </p>
   </div>
   <div class='ocr_carea' id='block_1_89' title="bbox 2082 4036 3662 4110">
    <p class='ocr_par' dir='ltr' id='par_1_89' title="bbox 2082 4036 3662 4110">
     <span class='ocr_line' id='line_1_90' title="bbox 2082 4036 3662 4110; baseline 0.001 -18"><span class='ocrx_word' id='word_1_639' title='bbox 2082 4039 2139 4092; x_wconf 81' lang='grc' dir='ltr'>δὲ</span> <span class='ocrx_word' id='word_1_640' title='bbox 2165 4037 2452 4110; x_wconf 85' lang='grc' dir='ltr'>ἀρχιερέας</span> <span class='ocrx_word' id='word_1_641' title='bbox 2479 4037 2571 4090; x_wconf 75' lang='grc' dir='ltr'><strong>ἐπὶ</strong></span> <span class='ocrx_word' id='word_1_642' title='bbox 2609 4036 2790 4091; x_wconf 87' lang='grc' dir='ltr'>πλεῖον</span> <span class='ocrx_word' id='word_1_643' title='bbox 2837 4037 2970 4091; x_wconf 86' lang='grc' dir='ltr'>ἐλεῶ</span> <span class='ocrx_word' id='word_1_644' title='bbox 3005 4041 3099 4092; x_wconf 73' lang='grc' dir='ltr'><strong>καὶ</strong></span> <span class='ocrx_word' id='word_1_645' title='bbox 3137 4039 3496 4110; x_wconf 80' lang='grc' dir='ltr'>βδελύσσομαι</span> <span class='ocrx_word' id='word_1_646' title='bbox 3518 4056 3532 4069; x_wconf 88' lang='grc'><strong>·</strong></span> <span class='ocrx_word' id='word_1_647' title='bbox 3567 4041 3662 4093; x_wconf 77' lang='grc' dir='ltr'>ἐπὶ</span> 
     </span>
    </p>
   </div>
   <div class='ocr_carea' id='block_1_90' title="bbox 2083 4127 3660 4201">
    <p class='ocr_par' dir='ltr' id='par_1_90' title="bbox 2083 4127 3660 4201">
     <span class='ocr_line' id='line_1_91' title="bbox 2083 4127 3660 4201; baseline 0.001 -19"><span class='ocrx_word' id='word_1_648' title='bbox 2083 4129 2192 4200; x_wconf 75' lang='grc' dir='ltr'>γὰρ</span> <span class='ocrx_word' id='word_1_649' title='bbox 2211 4129 2317 4183; x_wconf 89' lang='grc' dir='ltr'><strong>τῶν</strong></span> <span class='ocrx_word' id='word_1_650' title='bbox 2340 4127 2662 4201; x_wconf 70' lang='grc' dir='ltr'>χειρόνων,ὁ</span> <span class='ocrx_word' id='word_1_651' title='bbox 2688 4128 2888 4198; x_wconf 73' lang='grc' dir='ltr'>μείζων</span> <span class='ocrx_word' id='word_1_652' title='bbox 2910 4129 3003 4183; x_wconf 73' lang='grc' dir='ltr'>καὶ</span> <span class='ocrx_word' id='word_1_653' title='bbox 3030 4131 3429 4201; x_wconf 86' lang='grc' dir='ltr'>πρωτοτακτῶν</span> <span class='ocrx_word' id='word_1_654' title='bbox 3457 4131 3660 4185; x_wconf 81' lang='grc' dir='ltr'>ἀθλιώο</span> 
     </span>
    </p>
   </div>
   <div class='ocr_carea' id='block_1_91' title="bbox 2083 4219 3662 4293">
    <p class='ocr_par' dir='ltr' id='par_1_91' title="bbox 2083 4219 3662 4293">
     <span class='ocr_line' id='line_1_92' title="bbox 2083 4219 3662 4293; baseline 0.003 -20"><span class='ocrx_word' id='word_1_655' title='bbox 2083 4236 2269 4291; x_wconf 78' lang='grc' dir='ltr'>τεροςο</span> <span class='ocrx_word' id='word_1_656' title='bbox 2310 4219 2385 4283; x_wconf 89' lang='grc' dir='ltr'><strong>ώς</strong></span> <span class='ocrx_word' id='word_1_657' title='bbox 2414 4221 2472 4272; x_wconf 82' lang='grc' dir='ltr'><strong>ἐν</strong></span> <span class='ocrx_word' id='word_1_658' title='bbox 2501 4222 2614 4284; x_wconf 82' lang='grc' dir='ltr'>τοῖς</span> <span class='ocrx_word' id='word_1_659' title='bbox 2651 4219 2879 4288; x_wconf 85' lang='grc' dir='ltr'>ἀδίκοις,</span> <span class='ocrx_word' id='word_1_660' title='bbox 2901 4221 2930 4274; x_wconf 85' lang='grc' dir='ltr'>ὀ</span> <span class='ocrx_word' id='word_1_661' title='bbox 2955 4221 3278 4293; x_wconf 86' lang='grc' dir='ltr'>ἀδικώτερος</span> <span class='ocrx_word' id='word_1_662' title='bbox 3304 4239 3318 4252; x_wconf 72' lang='grc'><strong>⁸</strong></span> <span class='ocrx_word' id='word_1_663' title='bbox 3360 4223 3439 4287; x_wconf 86' lang='grc' dir='ltr'><strong>ῶς</strong></span> <span class='ocrx_word' id='word_1_664' title='bbox 3467 4225 3524 4276; x_wconf 91' lang='grc' dir='ltr'><strong>ἐν</strong></span> <span class='ocrx_word' id='word_1_665' title='bbox 3548 4226 3662 4289; x_wconf 87' lang='grc' dir='ltr'>τοῖς</span> 
     </span>
    </p>
   </div>
   <div class='ocr_carea' id='block_1_92' title="bbox 395 4309 1975 4388">
    <p class='ocr_par' dir='ltr' id='par_1_92' title="bbox 395 4311 1975 4384">
     <span class='ocr_line' id='line_1_93' title="bbox 395 4311 1975 4384; baseline 0.001 -19"><span class='ocrx_word' id='word_1_666' title='bbox 395 4312 817 4380; x_wconf 71' lang='grc' dir='ltr'>ριίιιιιῐιιίιιιιιε.»</span> <span class='ocrx_word' id='word_1_667' title='bbox 838 4312 907 4368; x_wconf 87' lang='lat' dir='ltr'><strong>Ut</strong></span> <span class='ocrx_word' id='word_1_668' title='bbox 926 4321 1105 4368; x_wconf 87' lang='lat' dir='ltr'><strong>autem</strong></span> <span class='ocrx_word' id='word_1_669' title='bbox 1125 4312 1459 4384; x_wconf 87' lang='lat' dir='ltr'><strong>pontificiam</strong></span> <span class='ocrx_word' id='word_1_670' title='bbox 1475 4311 1795 4383; x_wconf 84' lang='lat' dir='ltr'><strong>dignitatem</strong></span> <span class='ocrx_word' id='word_1_671' title='bbox 1813 4313 1975 4368; x_wconf 91' lang='lat' dir='ltr'><strong>nomi-</strong></span> 
     </span>
    </p>
   </div>
   <div class='ocr_carea' id='block_1_93' title="bbox 2078 4309 3663 4388">
    <p class='ocr_par' dir='ltr' id='par_1_93' title="bbox 2087 4309 3663 4384">
     <span class='ocr_line' id='line_1_94' title="bbox 2087 4309 3663 4384; baseline 0.002 -19"><span class='ocrx_word' id='word_1_672' title='bbox 2087 4309 2358 4381; x_wconf 80' lang='grc' dir='ltr'>φονεῦσιν,</span> <span class='ocrx_word' id='word_1_673' title='bbox 2389 4312 2417 4366; x_wconf 87' lang='lat'><strong>6</strong></span> <span class='ocrx_word' id='word_1_674' title='bbox 2444 4312 2644 4382; x_wconf 80' lang='grc' dir='ltr'>μᾶλλον</span> <span class='ocrx_word' id='word_1_675' title='bbox 2671 4312 2820 4384; x_wconf 83' lang='grc' dir='ltr'>ὠμός</span> <span class='ocrx_word' id='word_1_676' title='bbox 2846 4329 2858 4340; x_wconf 88' lang='grc'><strong>·</strong></span> <span class='ocrx_word' id='word_1_677' title='bbox 2897 4313 2972 4378; x_wconf 90' lang='grc' dir='ltr'><strong>ώς</strong></span> <span class='ocrx_word' id='word_1_678' title='bbox 3005 4315 3062 4367; x_wconf 90' lang='grc' dir='ltr'><strong>ἐν</strong></span> <span class='ocrx_word' id='word_1_679' title='bbox 3115 4316 3226 4376; x_wconf 88' lang='grc' dir='ltr'>τοῖς</span> <span class='ocrx_word' id='word_1_680' title='bbox 3257 4314 3611 4382; x_wconf 78' lang='grc' dir='ltr'>ἀκολάστοις,</span> <span class='ocrx_word' id='word_1_681' title='bbox 3635 4317 3663 4368; x_wconf 94' lang='lat'><strong>6</strong></span> 
     </span>
    </p>
   </div>
   <div class='ocr_carea' id='block_1_94' title="bbox 391 4403 1977 4476">
    <p class='ocr_par' dir='ltr' id='par_1_94' title="bbox 391 4403 1977 4476">
     <span class='ocr_line' id='line_1_95' title="bbox 391 4403 1977 4476; baseline 0.001 -19"><span class='ocrx_word' id='word_1_682' title='bbox 391 4404 511 4457; x_wconf 87' lang='lat' dir='ltr'><strong>nari</strong></span> <span class='ocrx_word' id='word_1_683' title='bbox 531 4405 758 4468; x_wconf 83' lang='lat' dir='ltr'><strong>audivit,</strong></span> <span class='ocrx_word' id='word_1_684' title='bbox 777 4415 859 4460; x_wconf 90' lang='lat' dir='ltr'><strong>ter</strong></span> <span class='ocrx_word' id='word_1_685' title='bbox 881 4413 1183 4476; x_wconf 89' lang='lat' dir='ltr'><strong>quaterque</strong></span> <span class='ocrx_word' id='word_1_686' title='bbox 1208 4405 1403 4460; x_wconf 91' lang='lat' dir='ltr'><strong>beatus</strong></span> <span class='ocrx_word' id='word_1_687' title='bbox 1436 4404 1547 4469; x_wconf 89' lang='lat' dir='ltr'><strong>ille,</strong></span> <span class='ocrx_word' id='word_1_688' title='bbox 1566 4419 1688 4458; x_wconf 92' lang='lat' dir='ltr'><strong>cum</strong></span> <span class='ocrx_word' id='word_1_689' title='bbox 1709 4403 1802 4458; x_wconf 90' lang='lat' dir='ltr'><strong>diu</strong></span> <span class='ocrx_word' id='word_1_690' title='bbox 1837 4405 1977 4458; x_wconf 87' lang='lat' dir='ltr'><strong>mul-</strong></span> 
     </span>
    </p>
   </div>
   <div class='ocr_carea' id='block_1_95' title="bbox 391 4495 1976 4568">
    <p class='ocr_par' dir='ltr' id='par_1_95' title="bbox 391 4495 1976 4568">
     <span class='ocr_line' id='line_1_96' title="bbox 391 4495 1976 4568; baseline 0 -19"><span class='ocrx_word' id='word_1_691' title='bbox 391 4507 615 4566; x_wconf 90' lang='lat' dir='ltr'><strong>tumque</strong></span> <span class='ocrx_word' id='word_1_692' title='bbox 641 4496 908 4553; x_wconf 86' lang='lat' dir='ltr'><strong>irrisissct</strong></span> <span class='ocrx_word' id='word_1_693' title='bbox 931 4497 1194 4568; x_wconf 89' lang='lat' dir='ltr'><strong>(tandem)</strong></span> <span class='ocrx_word' id='word_1_694' title='bbox 1213 4497 1351 4551; x_wconf 82' lang='lat' dir='ltr'><strong>dixit</strong></span> <span class='ocrx_word' id='word_1_695' title='bbox 1375 4517 1388 4552; x_wconf 89' lang='lat'>:</span> <span class='ocrx_word' id='word_1_696' title='bbox 1414 4516 1432 4548; x_wconf 79' lang='grc' dir='ltr'><strong>ι</strong></span> <span class='ocrx_word' id='word_1_697' title='bbox 1459 4495 1571 4567; x_wconf 74' lang='lat' dir='ltr'><strong>E30</strong></span> <span class='ocrx_word' id='word_1_698' title='bbox 1596 4497 1758 4553; x_wconf 90' lang='lat' dir='ltr'><strong>ctiam</strong></span> <span class='ocrx_word' id='word_1_699' title='bbox 1792 4511 1976 4551; x_wconf 87' lang='lat' dir='ltr'><strong>sacer-</strong></span> 
     </span>
    </p>
   </div>
   <div class='ocr_carea' id='block_1_96' title="bbox 389 4589 1979 4659">
    <p class='ocr_par' dir='ltr' id='par_1_96' title="bbox 389 4589 1979 4659">
     <span class='ocr_line' id='line_1_97' title="bbox 389 4589 1979 4659; baseline -0.003 -15"><span class='ocrx_word' id='word_1_700' title='bbox 389 4590 548 4645; x_wconf 83' lang='lat' dir='ltr'><strong>dotes</strong></span> <span class='ocrx_word' id='word_1_701' title='bbox 575 4590 998 4646; x_wconf 85' lang='lat' dir='ltr'><strong>simulacrorum’</strong></span> <span class='ocrx_word' id='word_1_702' title='bbox 1016 4605 1357 4645; x_wconf 63' lang='lat' dir='ltr'><strong>aerumnosos</strong></span> <span class='ocrx_word' id='word_1_703' title='bbox 1371 4605 1492 4646; x_wconf 89' lang='lat' dir='ltr'><strong>esse</strong></span> <span class='ocrx_word' id='word_1_704' title='bbox 1509 4589 1720 4659; x_wconf 89' lang='lat' dir='ltr'><strong>judico,</strong></span> <span class='ocrx_word' id='word_1_705' title='bbox 1739 4594 1792 4642; x_wconf 90' lang='lat' dir='ltr'><strong>et</strong></span> <span class='ocrx_word' id='word_1_706' title='bbox 1815 4596 1873 4641; x_wconf 93' lang='lat' dir='ltr'><strong>ut</strong></span> <span class='ocrx_word' id='word_1_707' title='bbox 1893 4603 1979 4641; x_wconf 86' lang='lat' dir='ltr'><strong>va-</strong></span> 
     </span>
    </p>
   </div>
   <div class='ocr_carea' id='block_1_97' title="bbox 391 4679 1976 4750">
    <p class='ocr_par' dir='ltr' id='par_1_97' title="bbox 391 4679 1976 4750">
     <span class='ocr_line' id='line_1_98' title="bbox 391 4679 1976 4750; baseline -0.001 -15"><span class='ocrx_word' id='word_1_708' title='bbox 391 4697 474 4735; x_wconf 72' lang='lat' dir='ltr'><strong>nae</strong></span> <span class='ocrx_word' id='word_1_709' title='bbox 490 4681 725 4735; x_wconf 87' lang='lat' dir='ltr'><strong>actionis</strong></span> <span class='ocrx_word' id='word_1_710' title='bbox 743 4679 1023 4735; x_wconf 89' lang='lat' dir='ltr'><strong>ministros</strong></span> <span class='ocrx_word' id='word_1_711' title='bbox 1039 4680 1272 4735; x_wconf 89' lang='lat' dir='ltr'><strong>miseror</strong></span> <span class='ocrx_word' id='word_1_712' title='bbox 1292 4699 1306 4748; x_wconf 89' lang='lat'>;</span> <span class='ocrx_word' id='word_1_713' title='bbox 1327 4681 1643 4750; x_wconf 81' lang='lat' dir='ltr'><strong>pontificum</strong></span> <span class='ocrx_word' id='word_1_714' title='bbox 1662 4694 1792 4734; x_wconf 86' lang='lat' dir='ltr'><strong>vero</strong></span> <span class='ocrx_word' id='word_1_715' title='bbox 1805 4679 1976 4733; x_wconf 87' lang='lat' dir='ltr'><strong>multo</strong></span> 
     </span>
    </p>
   </div>
   <div class='ocr_carea' id='block_1_98' title="bbox 392 4771 1978 4843">
    <p class='ocr_par' dir='ltr' id='par_1_98' title="bbox 392 4771 1978 4843">
     <span class='ocr_line' id='line_1_99' title="bbox 392 4771 1978 4843; baseline 0.001 -17"><span class='ocrx_word' id='word_1_716' title='bbox 392 4774 563 4843; x_wconf 84' lang='lat' dir='ltr'><strong>magis</strong></span> <span class='ocrx_word' id='word_1_717' title='bbox 575 4781 725 4828; x_wconf 90' lang='lat' dir='ltr'><strong>meet</strong></span> <span class='ocrx_word' id='word_1_718' title='bbox 743 4772 983 4840; x_wconf 87' lang='lat' dir='ltr'><strong>miseret,</strong></span> <span class='ocrx_word' id='word_1_719' title='bbox 997 4780 1051 4829; x_wconf 89' lang='lat' dir='ltr'><strong>et</strong></span> <span class='ocrx_word' id='word_1_720' title='bbox 1069 4772 1354 4828; x_wconf 87' lang='lat' dir='ltr'><strong>abominor</strong></span> <span class='ocrx_word' id='word_1_721' title='bbox 1369 4773 1589 4829; x_wconf 88' lang='lat' dir='ltr'><strong>eosdem</strong></span> <span class='ocrx_word' id='word_1_722' title='bbox 1609 4791 1622 4827; x_wconf 88' lang='lat'><strong>:</strong></span> <span class='ocrx_word' id='word_1_723' title='bbox 1643 4772 1786 4826; x_wconf 88' lang='lat' dir='ltr'><strong>inter</strong></span> <span class='ocrx_word' id='word_1_724' title='bbox 1803 4771 1978 4827; x_wconf 85' lang='lat' dir='ltr'><strong>malos</strong></span> 
     </span>
    </p>
   </div>
   <div class='ocr_carea' id='block_1_99' title="bbox 391 4862 1978 4936">
    <p class='ocr_par' dir='ltr' id='par_1_99' title="bbox 391 4862 1978 4936">
     <span class='ocr_line' id='line_1_100' title="bbox 391 4862 1978 4936; baseline 0 -18"><span class='ocrx_word' id='word_1_725' title='bbox 391 4865 538 4918; x_wconf 83' lang='lat' dir='ltr'><strong>enim</strong></span> <span class='ocrx_word' id='word_1_726' title='bbox 556 4867 652 4935; x_wconf 85' lang='lat' dir='ltr'><strong>qui</strong></span> <span class='ocrx_word' id='word_1_727' title='bbox 673 4864 850 4935; x_wconf 88' lang='lat' dir='ltr'><strong>major</strong></span> <span class='ocrx_word' id='word_1_728' title='bbox 878 4874 983 4930; x_wconf 90' lang='lat' dir='ltr'><strong>est,</strong></span> <span class='ocrx_word' id='word_1_729' title='bbox 1007 4880 1070 4920; x_wconf 91' lang='lat' dir='ltr'><strong>ac</strong></span> <span class='ocrx_word' id='word_1_730' title='bbox 1085 4866 1320 4936; x_wconf 86' lang='lat' dir='ltr'><strong>primum</strong></span> <span class='ocrx_word' id='word_1_731' title='bbox 1339 4867 1516 4922; x_wconf 89' lang='lat' dir='ltr'><strong>locum</strong></span> <span class='ocrx_word' id='word_1_732' title='bbox 1539 4872 1710 4928; x_wconf 88' lang='lat' dir='ltr'><strong>tenet,</strong></span> <span class='ocrx_word' id='word_1_733' title='bbox 1727 4862 1978 4918; x_wconf 85' lang='lat' dir='ltr'><strong>miserior</strong></span> 
     </span>
    </p>
   </div>
   <div class='ocr_carea' id='block_1_100' title="bbox 390 4955 1973 5027">
    <p class='ocr_par' dir='ltr' id='par_1_100' title="bbox 390 4955 1973 5027">
     <span class='ocr_line' id='line_1_101' title="bbox 390 4955 1973 5027; baseline 0 -17"><span class='ocrx_word' id='word_1_734' title='bbox 390 4963 503 5020; x_wconf 71' lang='lat' dir='ltr'><strong>est;</strong></span> <span class='ocrx_word' id='word_1_735' title='bbox 531 4966 593 5010; x_wconf 91' lang='lat' dir='ltr'><strong>ut</strong></span> <span class='ocrx_word' id='word_1_736' title='bbox 627 4956 771 5011; x_wconf 91' lang='lat' dir='ltr'><strong>inter</strong></span> <span class='ocrx_word' id='word_1_737' title='bbox 800 4957 1361 5027; x_wconf 85' lang='lat' dir='ltr'><strong>injustos,injustior;</strong></span> <span class='ocrx_word' id='word_1_738' title='bbox 1395 4965 1454 5012; x_wconf 90' lang='lat' dir='ltr'><strong>ut</strong></span> <span class='ocrx_word' id='word_1_739' title='bbox 1477 4958 1620 5012; x_wconf 88' lang='lat' dir='ltr'><strong>inter</strong></span> <span class='ocrx_word' id='word_1_740' title='bbox 1649 4955 1973 5019; x_wconf 84' lang='lat' dir='ltr'><strong>homicidas,</strong></span> 
     </span>
    </p>
   </div>
   <div class='ocr_carea' id='block_1_101' title="bbox 389 5045 1976 5117">
    <p class='ocr_par' dir='ltr' id='par_1_101' title="bbox 389 5045 1976 5117">
     <span class='ocr_line' id='line_1_102' title="bbox 389 5045 1976 5117; baseline 0.001 -17"><span class='ocrx_word' id='word_1_741' title='bbox 389 5046 482 5117; x_wconf 92' lang='lat' dir='ltr'><strong>qui</strong></span> <span class='ocrx_word' id='word_1_742' title='bbox 523 5046 852 5102; x_wconf 89' lang='lat' dir='ltr'><strong>crudelitate</strong></span> <span class='ocrx_word' id='word_1_743' title='bbox 903 5058 1129 5103; x_wconf 71' lang='lat' dir='ltr'><strong>caeteros</strong></span> <span class='ocrx_word' id='word_1_744' title='bbox 1160 5047 1445 5117; x_wconf 60' lang='lat' dir='ltr'><strong>praecedit;</strong></span> <span class='ocrx_word' id='word_1_745' title='bbox 1472 5055 1531 5101; x_wconf 95' lang='lat' dir='ltr'><strong>ut</strong></span> <span class='ocrx_word' id='word_1_746' title='bbox 1570 5047 1712 5100; x_wconf 89' lang='lat' dir='ltr'><strong>inter</strong></span> <span class='ocrx_word' id='word_1_747' title='bbox 1739 5045 1976 5101; x_wconf 85' lang='lat' dir='ltr'><strong>lascivos</strong></span> 
     </span>
    </p>
   </div>
   <div class='ocr_carea' id='block_1_102' title="bbox 389 5138 1974 5209">
    <p class='ocr_par' dir='ltr' id='par_1_102' title="bbox 389 5138 1974 5209">
     <span class='ocr_line' id='line_1_103' title="bbox 389 5138 1974 5209; baseline -0.003 -15"><span class='ocrx_word' id='word_1_748' title='bbox 389 5148 442 5194; x_wconf 86' lang='lat' dir='ltr'><strong>et</strong></span> <span class='ocrx_word' id='word_1_749' title='bbox 469 5139 815 5204; x_wconf 87' lang='lat' dir='ltr'><strong>libidinosos,</strong></span> <span class='ocrx_word' id='word_1_750' title='bbox 839 5139 932 5209; x_wconf 92' lang='lat' dir='ltr'><strong>qui</strong></span> <span class='ocrx_word' id='word_1_751' title='bbox 961 5140 1296 5209; x_wconf 88' lang='lat' dir='ltr'><strong>petulantior</strong></span> <span class='ocrx_word' id='word_1_752' title='bbox 1321 5149 1484 5207; x_wconf 89' lang='lat' dir='ltr'><strong>atque</strong></span> <span class='ocrx_word' id='word_1_753' title='bbox 1514 5138 1820 5208; x_wconf 88' lang='lat' dir='ltr'><strong>protervior</strong></span> <span class='ocrx_word' id='word_1_754' title='bbox 1845 5147 1932 5192; x_wconf 84' lang='lat' dir='ltr'><strong>est</strong></span> <span class='ocrx_word' id='word_1_755' title='bbox 1957 5152 1974 5190; x_wconf 87' lang='lat'><strong>:</strong></span> 
     </span>
    </p>
   </div>
   <div class='ocr_carea' id='block_1_103' title="bbox 390 5228 1977 5302">
    <p class='ocr_par' dir='ltr' id='par_1_103' title="bbox 390 5228 1977 5302">
     <span class='ocr_line' id='line_1_104' title="bbox 390 5228 1977 5302; baseline -0.001 -17"><span class='ocrx_word' id='word_1_756' title='bbox 390 5239 680 5302; x_wconf 84' lang='lat' dir='ltr'><strong>prepterea</strong></span> <span class='ocrx_word' id='word_1_757' title='bbox 739 5232 1046 5302; x_wconf 88' lang='lat' dir='ltr'><strong>perniciosa</strong></span> <span class='ocrx_word' id='word_1_758' title='bbox 1088 5229 1440 5299; x_wconf 87' lang='lat' dir='ltr'><strong>promittendi</strong></span> <span class='ocrx_word' id='word_1_759' title='bbox 1472 5229 1674 5284; x_wconf 85' lang='lat' dir='ltr'><strong>dehinc</strong></span> <span class='ocrx_word' id='word_1_760' title='bbox 1702 5229 1862 5285; x_wconf 89' lang='lat' dir='ltr'><strong>finem</strong></span> <span class='ocrx_word' id='word_1_761' title='bbox 1896 5228 1977 5284; x_wconf 85' lang='lat' dir='ltr'><strong>fa-</strong></span> 
     </span>
    </p>
   </div>
   <div class='ocr_carea' id='block_1_104' title="bbox 389 5320 1977 5390">
    <p class='ocr_par' dir='ltr' id='par_1_104' title="bbox 389 5320 1977 5390">
     <span class='ocr_line' id='line_1_105' title="bbox 389 5320 1977 5390; baseline 0 -14"><span class='ocrx_word' id='word_1_762' title='bbox 389 5324 538 5386; x_wconf 88' lang='lat' dir='ltr'><strong>cite;</strong></span> <span class='ocrx_word' id='word_1_763' title='bbox 579 5337 686 5377; x_wconf 90' lang='lat' dir='ltr'><strong>non</strong></span> <span class='ocrx_word' id='word_1_764' title='bbox 737 5324 904 5388; x_wconf 91' lang='lat' dir='ltr'><strong>enim,</strong></span> <span class='ocrx_word' id='word_1_765' title='bbox 943 5323 1078 5377; x_wconf 91' lang='lat' dir='ltr'><strong>heus</strong></span> <span class='ocrx_word' id='word_1_766' title='bbox 1126 5336 1225 5377; x_wconf 85' lang='lat' dir='ltr'><strong>vos</strong></span> <span class='ocrx_word' id='word_1_767' title='bbox 1284 5320 1745 5382; x_wconf 88' lang='lat' dir='ltr'><strong>animadvertitis,</strong></span> <span class='ocrx_word' id='word_1_768' title='bbox 1800 5337 1977 5390; x_wconf 90' lang='lat' dir='ltr'><strong>neque</strong></span> 
     </span>
    </p>
   </div>
   <div class='ocr_carea' id='block_1_105' title="bbox 391 5412 1980 5486">
    <p class='ocr_par' dir='ltr' id='par_1_105' title="bbox 391 5412 1980 5486">
     <span class='ocr_line' id='line_1_106' title="bbox 391 5412 1980 5486; baseline -0.001 -19"><span class='ocrx_word' id='word_1_769' title='bbox 391 5417 606 5472; x_wconf 84' lang='lat' dir='ltr'><strong>sentitis</strong></span> <span class='ocrx_word' id='word_1_770' title='bbox 636 5423 800 5486; x_wconf 84' lang='lat' dir='ltr'><strong>caput</strong></span> <span class='ocrx_word' id='word_1_771' title='bbox 832 5423 886 5471; x_wconf 92' lang='lat' dir='ltr'><strong>et</strong></span> <span class='ocrx_word' id='word_1_772' title='bbox 937 5431 1209 5470; x_wconf 87' lang='lat' dir='ltr'><strong>summum</strong></span> <span class='ocrx_word' id='word_1_773' title='bbox 1249 5413 1516 5468; x_wconf 88' lang='lat' dir='ltr'><strong>malorum</strong></span> <span class='ocrx_word' id='word_1_774' title='bbox 1568 5413 1697 5468; x_wconf 90' lang='lat' dir='ltr'><strong>mihi</strong></span> <span class='ocrx_word' id='word_1_775' title='bbox 1758 5412 1980 5483; x_wconf 89' lang='lat' dir='ltr'><strong>promit-</strong></span> 
     </span>
    </p>
   </div>
   <div class='ocr_carea' id='block_1_106' title="bbox 390 5506 1978 5578">
    <p class='ocr_par' dir='ltr' id='par_1_106' title="bbox 390 5506 1978 5578">
     <span class='ocr_line' id='line_1_107' title="bbox 390 5506 1978 5578; baseline -0.001 -21"><span class='ocrx_word' id='word_1_776' title='bbox 390 5513 567 5562; x_wconf 86' lang='lat' dir='ltr'><strong>tentes</strong></span> <span class='ocrx_word' id='word_1_777' title='bbox 591 5525 605 5562; x_wconf 91' lang='lat'><strong>:</strong></span> <span class='ocrx_word' id='word_1_778' title='bbox 639 5516 688 5560; x_wconf 87' lang='lat' dir='ltr'><strong>at</strong></span> <span class='ocrx_word' id='word_1_779' title='bbox 718 5509 790 5571; x_wconf 90' lang='lat' dir='ltr'><strong>ei,</strong></span> <span class='ocrx_word' id='word_1_780' title='bbox 812 5507 905 5578; x_wconf 92' lang='lat' dir='ltr'><strong>qui</strong></span> <span class='ocrx_word' id='word_1_781' title='bbox 930 5508 1016 5578; x_wconf 89' lang='lat' dir='ltr'><strong>pie</strong></span> <span class='ocrx_word' id='word_1_782' title='bbox 1048 5523 1112 5562; x_wconf 89' lang='lat' dir='ltr'><strong>ac</strong></span> <span class='ocrx_word' id='word_1_783' title='bbox 1140 5515 1292 5562; x_wconf 87' lang='lat' dir='ltr'><strong>recte</strong></span> <span class='ocrx_word' id='word_1_784' title='bbox 1311 5506 1492 5560; x_wconf 87' lang='lat' dir='ltr'><strong>vivere</strong></span> <span class='ocrx_word' id='word_1_785' title='bbox 1515 5506 1724 5570; x_wconf 89' lang='lat' dir='ltr'><strong>statuit,</strong></span> <span class='ocrx_word' id='word_1_786' title='bbox 1755 5511 1978 5573; x_wconf 69' lang='lat' dir='ltr'><strong>praestat</strong></span> 
     </span>
    </p>
   </div>
   <div class='ocr_carea' id='block_1_107' title="bbox 391 5589 1976 5670">
    <p class='ocr_par' dir='ltr' id='par_1_107' title="bbox 391 5589 1976 5670">
     <span class='ocr_line' id='line_1_108' title="bbox 391 5589 1976 5670; baseline 0.003 -25"><span class='ocrx_word' id='word_1_787' title='bbox 391 5595 445 5648; x_wconf 81' lang='grc' dir='ltr'><strong>ιιι</strong></span> <span class='ocrx_word' id='word_1_788' title='bbox 475 5596 637 5652; x_wconf 89' lang='lat' dir='ltr'><strong>domo</strong></span> <span class='ocrx_word' id='word_1_789' title='bbox 689 5589 903 5655; x_wconf 80' lang='lat' dir='ltr'><strong>Domini</strong></span> <span class='ocrx_word' id='word_1_790' title='bbox 948 5598 1223 5670; x_wconf 89' lang='lat' dir='ltr'><strong>abjcctum</strong></span> <span class='ocrx_word' id='word_1_791' title='bbox 1263 5613 1409 5666; x_wconf 89' lang='lat' dir='ltr'><strong>esse,</strong></span> <span class='ocrx_word' id='word_1_792' title='bbox 1445 5611 1609 5669; x_wconf 93' lang='lat' dir='ltr'><strong>quam</strong></span> <span class='ocrx_word' id='word_1_793' title='bbox 1643 5596 1891 5652; x_wconf 87' lang='lat' dir='ltr'><strong>habitare</strong></span> <span class='ocrx_word' id='word_1_794' title='bbox 1923 5596 1976 5650; x_wconf 92' lang='lat' dir='ltr'><strong>in</strong></span> 
     </span>
    </p>
   </div>
   <div class='ocr_carea' id='block_1_108' title="bbox 2081 4403 3664 4479">
    <p class='ocr_par' dir='ltr' id='par_1_108' title="bbox 2081 4403 3664 4479">
     <span class='ocr_line' id='line_1_109' title="bbox 2081 4403 3664 4479; baseline 0.003 -22"><span class='ocrx_word' id='word_1_795' title='bbox 2081 4403 2494 4476; x_wconf 65' lang='grc' dir='ltr'>ἀσελγέστερος</span> <span class='ocrx_word' id='word_1_796' title='bbox 2548 4403 2644 4460; x_wconf 74' lang='grc' dir='ltr'><strong>καὶ</strong></span> <span class='ocrx_word' id='word_1_797' title='bbox 2675 4405 2764 4460; x_wconf 84' lang='grc' dir='ltr'>διὰ</span> <span class='ocrx_word' id='word_1_798' title='bbox 2795 4405 2951 4460; x_wconf 80' lang='grc' dir='ltr'>τοῦτο</span> <span class='ocrx_word' id='word_1_799' title='bbox 2987 4405 3234 4461; x_wconf 84' lang='grc' dir='ltr'>ἐντεῦθεν</span> <span class='ocrx_word' id='word_1_800' title='bbox 3288 4408 3393 4479; x_wconf 71' lang='grc' dir='ltr'>ἤδη</span> <span class='ocrx_word' id='word_1_801' title='bbox 3435 4409 3527 4461; x_wconf 77' lang='grc' dir='ltr'>διὰ</span> <span class='ocrx_word' id='word_1_802' title='bbox 3553 4410 3664 4462; x_wconf 89' lang='grc' dir='ltr'><strong>τῶν</strong></span> 
     </span>
    </p>
   </div>
   <div class='ocr_carea' id='block_1_109' title="bbox 2078 4492 3664 4572">
    <p class='ocr_par' dir='ltr' id='par_1_109' title="bbox 2078 4492 3664 4572">
     <span class='ocr_line' id='line_1_110' title="bbox 2078 4492 3664 4572; baseline 0.006 -27"><span class='ocrx_word' id='word_1_803' title='bbox 2078 4492 2334 4567; x_wconf 89' lang='grc' dir='ltr'>ὀλεθρίων</span> <span class='ocrx_word' id='word_1_804' title='bbox 2354 4495 2695 4567; x_wconf 84' lang='grc' dir='ltr'>ἐπαγγελιῶν</span> <span class='ocrx_word' id='word_1_805' title='bbox 2725 4499 3055 4554; x_wconf 72' lang='grc' dir='ltr'>καταϐάλετε</span> <span class='ocrx_word' id='word_1_806' title='bbox 3081 4514 3094 4528; x_wconf 89' lang='lat'><strong><em>°</em></strong></span> <span class='ocrx_word' id='word_1_807' title='bbox 3119 4497 3382 4571; x_wconf 80' lang='grc' dir='ltr'>λελήθατε</span> <span class='ocrx_word' id='word_1_808' title='bbox 3408 4502 3520 4570; x_wconf 88' lang='grc' dir='ltr'><strong>γάρ</strong></span> <span class='ocrx_word' id='word_1_809' title='bbox 3549 4519 3664 4572; x_wconf 73' lang='grc' dir='ltr'>μοι,</span> 
     </span>
    </p>
   </div>
   <div class='ocr_carea' id='block_1_110' title="bbox 2078 4577 3664 4662">
    <p class='ocr_par' dir='ltr' id='par_1_110' title="bbox 2078 4577 3664 4662">
     <span class='ocr_line' id='line_1_111' title="bbox 2078 4577 3664 4662; baseline 0.004 -24"><span class='ocrx_word' id='word_1_810' title='bbox 2078 4577 2123 4638; x_wconf 80' lang='grc' dir='ltr'><strong>ὦ</strong></span> <span class='ocrx_word' id='word_1_811' title='bbox 2143 4577 2311 4653; x_wconf 76' lang='grc' dir='ltr'>οὗτοι,</span> <span class='ocrx_word' id='word_1_812' title='bbox 2341 4585 2439 4658; x_wconf 76' lang='grc' dir='ltr'><strong>τὴν</strong></span> <span class='ocrx_word' id='word_1_813' title='bbox 2465 4589 2710 4661; x_wconf 81' lang='grc' dir='ltr'>κορυφὴν</span> <span class='ocrx_word' id='word_1_814' title='bbox 2731 4589 2840 4644; x_wconf 89' lang='grc' dir='ltr'><strong>τῶν</strong></span> <span class='ocrx_word' id='word_1_815' title='bbox 2864 4590 3048 4644; x_wconf 81' lang='grc' dir='ltr'>κακῶν</span> <span class='ocrx_word' id='word_1_816' title='bbox 3070 4591 3430 4662; x_wconf 83' lang='grc' dir='ltr'>ὑποσχόμενοι</span> <span class='ocrx_word' id='word_1_817' title='bbox 3457 4608 3471 4622; x_wconf 91' lang='grc'><strong>·</strong></span> <span class='ocrx_word' id='word_1_818' title='bbox 3497 4591 3579 4662; x_wconf 80' lang='grc' dir='ltr'><strong>τῷ</strong></span> <span class='ocrx_word' id='word_1_819' title='bbox 3610 4591 3664 4644; x_wconf 76' lang='grc' dir='ltr'>δὲ</span> 
     </span>
    </p>
   </div>
   <div class='ocr_carea' id='block_1_111' title="bbox 2079 4675 3664 4754">
    <p class='ocr_par' dir='ltr' id='par_1_111' title="bbox 2079 4675 3664 4754">
     <span class='ocr_line' id='line_1_112' title="bbox 2079 4675 3664 4754; baseline 0.004 -25"><span class='ocrx_word' id='word_1_820' title='bbox 2079 4675 2317 4741; x_wconf 77' lang='grc' dir='ltr'>εὐσεϐῶς</span> <span class='ocrx_word' id='word_1_821' title='bbox 2370 4677 2464 4732; x_wconf 73' lang='grc' dir='ltr'>καὶ</span> <span class='ocrx_word' id='word_1_822' title='bbox 2501 4679 2675 4751; x_wconf 87' lang='grc' dir='ltr'>ὀρθῶς</span> <span class='ocrx_word' id='word_1_823' title='bbox 2721 4681 2821 4752; x_wconf 79' lang='grc' dir='ltr'><strong>ζῇν</strong></span> <span class='ocrx_word' id='word_1_824' title='bbox 2873 4682 3320 4754; x_wconf 82' lang='grc' dir='ltr'>προαιρουμένῳ,</span> <span class='ocrx_word' id='word_1_825' title='bbox 3380 4685 3664 4754; x_wconf 62' lang='grc' dir='ltr'>παραρρυ-</span> 
     </span>
    </p>
   </div>
   <div class='ocr_carea' id='block_1_112' title="bbox 2079 4767 3662 4843">
    <p class='ocr_par' dir='ltr' id='par_1_112' title="bbox 2079 4767 3662 4843">
     <span class='ocr_line' id='line_1_113' title="bbox 2079 4767 3662 4843; baseline 0.003 -21"><span class='ocrx_word' id='word_1_826' title='bbox 2079 4767 2326 4822; x_wconf 77' lang='grc' dir='ltr'>πτεῖσθαι</span> <span class='ocrx_word' id='word_1_827' title='bbox 2360 4768 2522 4823; x_wconf 86' lang='grc' dir='ltr'>καλὸν</span> <span class='ocrx_word' id='word_1_828' title='bbox 2547 4771 2604 4824; x_wconf 86' lang='grc' dir='ltr'><strong>ἐν</strong></span> <span class='ocrx_word' id='word_1_829' title='bbox 2624 4770 2701 4842; x_wconf 83' lang='grc' dir='ltr'>τῷ</span> <span class='ocrx_word' id='word_1_830' title='bbox 2729 4771 2864 4843; x_wconf 72' lang='grc' dir='ltr'>οἴκῳ</span> <span class='ocrx_word' id='word_1_831' title='bbox 2891 4773 2985 4826; x_wconf 89' lang='grc' dir='ltr'><strong>τοῦ</strong></span> <span class='ocrx_word' id='word_1_832' title='bbox 3011 4773 3145 4826; x_wconf 86' lang='grc' dir='ltr'>Θεοῦ</span> <span class='ocrx_word' id='word_1_833' title='bbox 3178 4773 3402 4842; x_wconf 81' lang='grc' dir='ltr'>μᾶλλον,</span> <span class='ocrx_word' id='word_1_834' title='bbox 3426 4773 3461 4843; x_wconf 74' lang='grc' dir='ltr'>ἦ</span> <span class='ocrx_word' id='word_1_835' title='bbox 3491 4774 3662 4826; x_wconf 86' lang='grc' dir='ltr'>οἰκεῖν</span> 
     </span>
    </p>
   </div>
   <div class='ocr_carea' id='block_1_113' title="bbox 2077 4859 3659 4935">
    <p class='ocr_par' dir='ltr' id='par_1_113' title="bbox 2077 4859 3659 4935">
     <span class='ocr_line' id='line_1_114' title="bbox 2077 4859 3659 4935; baseline 0.004 -23"><span class='ocrx_word' id='word_1_836' title='bbox 2077 4861 2136 4913; x_wconf 85' lang='grc' dir='ltr'><strong>ἐν</strong></span> <span class='ocrx_word' id='word_1_837' title='bbox 2164 4859 2515 4932; x_wconf 87' lang='grc' dir='ltr'>σκηνώμασιν</span> <span class='ocrx_word' id='word_1_838' title='bbox 2547 4862 2906 4934; x_wconf 85' lang='grc' dir='ltr'>ἁμαρτωλῶν.</span> <span class='ocrx_word' id='word_1_839' title='bbox 2949 4863 3088 4932; x_wconf 85' lang='grc' dir='ltr'><strong>Ἐγὼ</strong></span> <span class='ocrx_word' id='word_1_840' title='bbox 3117 4865 3213 4918; x_wconf 75' lang='grc' dir='ltr'>καὶ</span> <span class='ocrx_word' id='word_1_841' title='bbox 3240 4865 3370 4928; x_wconf 82' lang='grc' dir='ltr'>τοὺς</span> <span class='ocrx_word' id='word_1_842' title='bbox 3404 4865 3659 4935; x_wconf 76' lang='grc' dir='ltr'>βασιλέας</span> 
     </span>
    </p>
   </div>
   <div class='ocr_carea' id='block_1_114' title="bbox 2077 4948 3655 5026">
    <p class='ocr_par' dir='ltr' id='par_1_114' title="bbox 2077 4948 3655 5026">
     <span class='ocr_line' id='line_1_115' title="bbox 2077 4948 3655 5026; baseline 0.003 -22"><span class='ocrx_word' id='word_1_843' title='bbox 2077 4951 2318 5016; x_wconf 87' lang='grc' dir='ltr'>τούτους,</span> <span class='ocrx_word' id='word_1_844' title='bbox 2362 4948 2437 5006; x_wconf 87' lang='grc' dir='ltr'><strong>ῶν</strong></span> <span class='ocrx_word' id='word_1_845' title='bbox 2492 4953 2582 5006; x_wconf 82' lang='grc' dir='ltr'><strong>τὸν</strong></span> <span class='ocrx_word' id='word_1_846' title='bbox 2627 4953 2825 5025; x_wconf 80' lang='grc' dir='ltr'>ἄνομον</span> <span class='ocrx_word' id='word_1_847' title='bbox 2877 4956 3115 5026; x_wconf 88' lang='grc' dir='ltr'>συνεχῶς</span> <span class='ocrx_word' id='word_1_848' title='bbox 3177 4955 3655 5024; x_wconf 83' lang='grc' dir='ltr'>ὑπαναγινώσκετε</span> 
     </span>
    </p>
   </div>
   <div class='ocr_carea' id='block_1_115' title="bbox 2078 5041 3652 5120">
    <p class='ocr_par' dir='ltr' id='par_1_115' title="bbox 2078 5041 3652 5120">
     <span class='ocr_line' id='line_1_116' title="bbox 2078 5041 3652 5120; baseline 0.003 -23"><span class='ocrx_word' id='word_1_849' title='bbox 2078 5044 2262 5112; x_wconf 85' lang='grc' dir='ltr'>νόμον,</span> <span class='ocrx_word' id='word_1_850' title='bbox 2295 5041 2449 5108; x_wconf 82' lang='grc' dir='ltr'>ἐλεῶ,</span> <span class='ocrx_word' id='word_1_851' title='bbox 2483 5045 2565 5097; x_wconf 85' lang='grc' dir='ltr'><strong>ὅτι</strong></span> <span class='ocrx_word' id='word_1_852' title='bbox 2597 5043 2870 5117; x_wconf 73' lang='grc' dir='ltr'>αὔταρκες</span> <span class='ocrx_word' id='word_1_853' title='bbox 2906 5049 2964 5100; x_wconf 85' lang='grc' dir='ltr'><strong>ἐν</strong></span> <span class='ocrx_word' id='word_1_854' title='bbox 3000 5046 3307 5118; x_wconf 87' lang='grc' dir='ltr'>ἀνθρώποις</span> <span class='ocrx_word' id='word_1_855' title='bbox 3348 5047 3572 5120; x_wconf 82' lang='grc' dir='ltr'>ἀξίωμα</span> <span class='ocrx_word' id='word_1_856' title='bbox 3603 5048 3652 5101; x_wconf 79' lang='grc' dir='ltr'>τὸ</span> 
     </span>
    </p>
   </div>
   <div class='ocr_carea' id='block_1_116' title="bbox 2079 5134 3646 5212">
    <p class='ocr_par' dir='ltr' id='par_1_116' title="bbox 2079 5134 3646 5212">
     <span class='ocr_line' id='line_1_117' title="bbox 2079 5134 3646 5212; baseline 0.002 -22"><span class='ocrx_word' id='word_1_857' title='bbox 2079 5137 2276 5206; x_wconf 90' lang='grc' dir='ltr'>κράτος</span> <span class='ocrx_word' id='word_1_858' title='bbox 2304 5136 2405 5206; x_wconf 85' lang='grc' dir='ltr'><strong>τῆς</strong></span> <span class='ocrx_word' id='word_1_859' title='bbox 2458 5134 2731 5204; x_wconf 79' lang='grc' dir='ltr'>βασιλείας</span> <span class='ocrx_word' id='word_1_860' title='bbox 2777 5137 3026 5207; x_wconf 75' lang='grc' dir='ltr'>ἔχοντες,</span> <span class='ocrx_word' id='word_1_861' title='bbox 3073 5137 3169 5210; x_wconf 85' lang='grc' dir='ltr'><strong>τὴν</strong></span> <span class='ocrx_word' id='word_1_862' title='bbox 3211 5139 3304 5192; x_wconf 85' lang='grc' dir='ltr'><strong>τοῦ</strong></span> <span class='ocrx_word' id='word_1_863' title='bbox 3353 5141 3646 5212; x_wconf 80' lang='grc' dir='ltr'>ἀρχιερέως</span> 
     </span>
    </p>
   </div>
   <div class='ocr_carea' id='block_1_117' title="bbox 2079 5227 3645 5305">
    <p class='ocr_par' dir='ltr' id='par_1_117' title="bbox 2079 5227 3645 5305">
     <span class='ocr_line' id='line_1_118' title="bbox 2079 5227 3645 5305; baseline 0 -23"><span class='ocrx_word' id='word_1_864' title='bbox 2079 5229 2291 5292; x_wconf 79' lang='grc' dir='ltr'>ἑαυτοῖς</span> <span class='ocrx_word' id='word_1_865' title='bbox 2321 5227 2692 5299; x_wconf 86' lang='grc' dir='ltr'>προσηγορίαν</span> <span class='ocrx_word' id='word_1_866' title='bbox 2713 5229 2995 5295; x_wconf 83' lang='grc' dir='ltr'>ἀνέθεσαν,</span> <span class='ocrx_word' id='word_1_867' title='bbox 3030 5229 3122 5283; x_wconf 82' lang='grc' dir='ltr'>καὶ</span> <span class='ocrx_word' id='word_1_868' title='bbox 3152 5232 3250 5300; x_wconf 82' lang='grc' dir='ltr'><strong>τὴν</strong></span> <span class='ocrx_word' id='word_1_869' title='bbox 3273 5231 3528 5305; x_wconf 82' lang='grc' dir='ltr'>πενθήρη</span> <span class='ocrx_word' id='word_1_870' title='bbox 3569 5229 3645 5284; x_wconf 81' lang='grc' dir='ltr'>καὶ</span> 
     </span>
    </p>
   </div>
   <div class='ocr_carea' id='block_1_118' title="bbox 2081 5321 3645 5395">
    <p class='ocr_par' dir='ltr' id='par_1_118' title="bbox 2081 5321 3645 5395">
     <span class='ocr_line' id='line_1_119' title="bbox 2081 5321 3645 5395; baseline 0.003 -22"><span class='ocrx_word' id='word_1_871' title='bbox 2081 5321 2358 5390; x_wconf 84' lang='grc' dir='ltr'>σκοτεινὴν</span> <span class='ocrx_word' id='word_1_872' title='bbox 2375 5321 2658 5393; x_wconf 87' lang='grc' dir='ltr'>πορφύραν</span> <span class='ocrx_word' id='word_1_873' title='bbox 2683 5321 2888 5375; x_wconf 86' lang='grc' dir='ltr'>ἐκεῖθεν</span> <span class='ocrx_word' id='word_1_874' title='bbox 2915 5321 3302 5394; x_wconf 80' lang='grc' dir='ltr'>ἀμπίσχονται,</span> <span class='ocrx_word' id='word_1_875' title='bbox 3323 5324 3469 5378; x_wconf 85' lang='grc' dir='ltr'><strong>κατά</strong></span> <span class='ocrx_word' id='word_1_876' title='bbox 3490 5326 3645 5395; x_wconf 76' lang='grc' dir='ltr'>μίμη-</span> 
     </span>
    </p>
   </div>
   <div class='ocr_carea' id='block_1_119' title="bbox 2082 5395 3646 5487">
    <p class='ocr_par' dir='ltr' id='par_1_119' title="bbox 2082 5395 3646 5487">
     <span class='ocr_line' id='line_1_120' title="bbox 2082 5395 3646 5487; baseline 0.004 -24"><span class='ocrx_word' id='word_1_877' title='bbox 2082 5429 2165 5464; x_wconf 91' lang='grc' dir='ltr'><strong>σιν</strong></span> <span class='ocrx_word' id='word_1_878' title='bbox 2193 5412 2297 5464; x_wconf 87' lang='grc' dir='ltr'><strong>τῶν</strong></span> <span class='ocrx_word' id='word_1_879' title='bbox 2324 5411 2727 5484; x_wconf 84' lang='grc' dir='ltr'>κακοδαιμόνων</span> <span class='ocrx_word' id='word_1_880' title='bbox 2757 5413 3060 5486; x_wconf 83' lang='grc' dir='ltr'>ἀρχιερέων</span> <span class='ocrx_word' id='word_1_881' title='bbox 3078 5456 3092 5480; x_wconf 95' lang='grc'><strong>,</strong></span> <span class='ocrx_word' id='word_1_882' title='bbox 3133 5415 3406 5486; x_wconf 84' lang='grc' dir='ltr'>ἀξιώματι</span> <span class='ocrx_word' id='word_1_883' title='bbox 3449 5395 3646 5487; x_wconf 70' lang='grc' dir='ltr'>φαιδρῷ</span> 
     </span>
    </p>
   </div>
   <div class='ocr_carea' id='block_1_120' title="bbox 2083 5501 3648 5577">
    <p class='ocr_par' dir='ltr' id='par_1_120' title="bbox 2083 5501 3648 5577">
     <span class='ocr_line' id='line_1_121' title="bbox 2083 5501 3648 5577; baseline 0.001 -23"><span class='ocrx_word' id='word_1_884' title='bbox 2083 5501 2403 5573; x_wconf 83' lang='grc' dir='ltr'>σκυθρωπὸν</span> <span class='ocrx_word' id='word_1_885' title='bbox 2443 5503 2828 5575; x_wconf 83' lang='grc' dir='ltr'>περιφέροντες</span> <span class='ocrx_word' id='word_1_886' title='bbox 2874 5505 3081 5577; x_wconf 81' lang='grc' dir='ltr'>ἔνδυμα</span> <span class='ocrx_word' id='word_1_887' title='bbox 3107 5523 3121 5536; x_wconf 90' lang='grc'><strong>·</strong></span> <span class='ocrx_word' id='word_1_888' title='bbox 3180 5506 3295 5560; x_wconf 79' lang='grc' dir='ltr'>ἐστι</span> <span class='ocrx_word' id='word_1_889' title='bbox 3335 5507 3394 5560; x_wconf 83' lang='grc' dir='ltr'><strong>δὲ</strong></span> <span class='ocrx_word' id='word_1_890' title='bbox 3433 5507 3522 5561; x_wconf 81' lang='grc' dir='ltr'>ὅτε</span> <span class='ocrx_word' id='word_1_891' title='bbox 3561 5504 3648 5559; x_wconf 74' lang='grc' dir='ltr'>καὶ</span> 
     </span>
    </p>
   </div>
   <div class='ocr_carea' id='block_1_121' title="bbox 2085 5594 3648 5672">
    <p class='ocr_par' dir='ltr' id='par_1_121' title="bbox 2085 5594 3648 5672">
     <span class='ocr_line' id='line_1_122' title="bbox 2085 5594 3648 5672; baseline 0.002 -25"><span class='ocrx_word' id='word_1_892' title='bbox 2085 5594 2264 5666; x_wconf 82' lang='grc' dir='ltr'>μιαρῷ</span> <span class='ocrx_word' id='word_1_893' title='bbox 2304 5594 2471 5668; x_wconf 76' lang='grc' dir='ltr'>βωμῷ</span> <span class='ocrx_word' id='word_1_894' title='bbox 2505 5596 2916 5670; x_wconf 73' lang='grc' dir='ltr'>πλησιάζοντες,</span> <span class='ocrx_word' id='word_1_895' title='bbox 2965 5600 3086 5654; x_wconf 72' lang='grc' dir='ltr'>ἀντὶ</span> <span class='ocrx_word' id='word_1_896' title='bbox 3112 5599 3378 5672; x_wconf 86' lang='grc' dir='ltr'>βασιλέων</span> <span class='ocrx_word' id='word_1_897' title='bbox 3417 5599 3648 5670; x_wconf 88' lang='grc' dir='ltr'>γίνονται</span> 
     </span>
    </p>
   </div>
  </div>
