3918 6204
311 187 419 244 πδ
1448 193 1537 249 nr:
1577 193 1634 252 s.
1678 192 2055 252 ruseoono
2087 159 2447 253 manus.
3474 210 3575 267 τις

310 305 561 374 μάγειροι
607 304 785 376 δρνεις
837 304 1085 373 θύοντες,
1145 311 1237 363 καὶ
1278 308 1639 381 βοσκημάτων
1685 309 1824 366 eam

1932 309 2362 379 gtabernaculis
2427 320 2793 383 peccatorum.
2843 316 2927 374 Me
2971 319 3132 375 etiam
3188 318 3575 392 imperatorum

294 396 585 467 σπλάγχνα
615 398 1054 471 διερευνώμενοι,
1077 402 1172 456 καὶ
1198 402 1277 473 τῷ
1301 401 1483 474 λύθρῳ
1509 401 1604 456 τοῦ
1629 402 1824 475 αἴματο

1995 403 2213 470 horum,
2251 420 2486 476 quorum
2528 407 2697 479 legem
2730 409 2970 481 iniquam
3000 414 3350 468 continenter
3378 413 3575 469 recita-

295 488 373 551 ὡς
408 489 748 559 κρεωπῶλαί.
776 507 920 556 τινες
946 492 1047 563 τὴν
1077 492 1278 564 ἐσθῆτα
1311 493 1653 565 μολύνοντες.
1681 512 1701 546 ι

1993 493 2091 560 tis,
2134 495 2377 560 miseret,
2415 497 2561 568 quod
2594 514 2719 553 eum
2770 517 2865 571 per
2928 519 2987 559 se
3020 504 3158 561 satis
3189 520 3382 576 magna
3429 505 3573 559 inter

297 583 551 641 homines
617 585 886 657 dignitate
942 591 1016 645 ob
1061 591 1268 662 regium
1303 591 1592 663 imperium
1668 591 1881 662 praediti
1921 590 2057 661 sint,
2105 592 2381 664 pontiﬁcis
2435 597 2858 667 appellationem
2899 601 3002 657 sibi
3073 613 3451 676 sumpserunt,
3516 610 3571 657 et

293 677 514 751 lugubri
544 683 887 756 obscuraque
912 700 1151 757 purpura
1183 686 1348 755 hujus
1373 685 1718 759 indignitatis
1773 687 2000 753 nomine
2060 687 2390 754 induuntur,
2444 690 2512 746 ad
2571 690 2934 749 imitationem
3002 694 3300 753 infelicium
3345 697 3566 767 pontiﬁ-

289 775 525 838 cum,in
547 776 812 846 dignitate
833 779 1123 849 splendida
1163 789 1329 851 atque
1398 780 1626 845 illustri,
1662 780 1821 836 triste
1868 788 1925 836 et
1995 780 2330 837 inamaznum
2393 791 2669 853 gestantes
2713 787 3115 854 indumentum,
3175 805 3564 862 nonnunquam

290 876 480 921 autem
512 866 731 940 impuro
759 870 918 927 altari
974 874 1477 945 appropinquantes
1510 889 1609 947 pro
1636 874 2064 944 imperatoribus
2118 878 2282 946 coqui
2322 875 2482 943 ﬁunt,
2524 892 2654 935 aves
2713 880 3048 948 occidentes,
3115 890 3171 938 et
3236 884 3561 940 miserorum

291 976 555 1031 pecorum
618 965 831 1022 viscera
906 967 1172 1023 rimantes
1246 984 1311 1026 ac
1364 978 1797 1041 perscrutantes,
1862 975 1919 1023 et
1992 969 2254 1040 spurcitie
2310 972 2596 1044 sanguinis
2648 981 2910 1046 tanquam
2981 976 3281 1038 macellarii
3340 979 3560 1051 quidam

287 1056 424 1111 Iunii
458 1056 710 1112 carnium
741 1058 1063 1116 venditores
1090 1067 1298 1117 vestem
1348 1061 1641 1117 fmdantes.
1675 1080 1698 1113 ι

358 1148 516 1202 Μετά
549 1149 755 1214 ταύτας
775 1150 874 1214 τὰς
914 1151 1099 1221 φωνὰς
1140 1154 1235 1206 τοῦ
1262 1153 1498 1216 δικαίου,
1534 1152 1717 1207 οὐκέτι
1749 1152 1824 1206 ούὲ

2042 1142 2175 1202 Post
2199 1145 2300 1203 has
2324 1146 2460 1217 justi
2509 1147 2668 1203 istius
2698 1164 2883 1215 voces,
2912 1164 2979 1204 ne
3024 1150 3209 1207 ﬁctam
3251 1154 3469 1225 quidem
3509 1164 3559 1210 rt

281 1236 390 1309 τὴν
438 1236 685 1310 πλαστὴν
727 1239 1138 1311 φιλανθρωπίαν
1179 1244 1273 1297 καὶ
1308 1244 1786 1315 ἐσχηματισμένην
1822 1273 1824 1285 ‹

1973 1236 2352 1293 assimulatam
2384 1238 2498 1309 jam
2543 1241 2778 1311 amplius
2818 1242 3211 1312 benignitatem
3266 1247 3557 1316 magistra-

284 1329 550 1399 ἄρχοντες
582 1329 989 1386 ἐπεδείκνυντο·
1043 1333 1180 1387 ἀλλὰ
1223 1336 1318 1389 καὶ
1343 1335 1705 1390 ἀσεόέστατον
1736 1334 1824 1407 πρὶ

1970 1335 2062 1384 tus
2097 1345 2207 1399 prae
2243 1345 2304 1386 se
2351 1330 2620 1398 ferebant,
2651 1332 2747 1388 sed
2773 1341 2827 1389 et
2861 1333 3252 1405 impiissimum
3288 1337 3558 1393 adversus

281 1421 601 1487 τοῦςΘεοῦς
623 1422 936 1488 καλοῦντες,
960 1426 1054 1480 καὶ
1074 1425 1155 1481 ἔτι
1182 1427 1294 1482 τῶν
1316 1427 1579 1499 βασιλέων
1608 1428 1871 1501 ὑϐριστὴν
1968 1417 2101 1473 deos
2149 1426 2433 1485 νοοαηῑθεν
2490 1431 2753 1491 Nam?“
2807 1426 2862 1479 ίη
2914 1424 3273 1494 imperatores
3341 1445 3557 1501 (ιιιοιιιιυ

284 1515 380 1567 καὶ
426 1512 770 1586 βλάσφημον,
800 1516 1017 1588 πρῶτον
1068 1517 1168 1588 μὲν
1195 1519 1288 1573 ἐπὶ
1322 1520 1418 1574 τοῦ
1446 1518 1824 1592 βασανιστηρίε

1932 1508 2421 1601 ι(ιοιιιιιιιιιξιὶοειιιιι
2452 1520 2506 1565 et
2553 1511 2902 1577 maledicum,
2951 1514 3187 1583 primum
3225 1518 3447 1588 quidem
3498 1522 3552 1574 in

282 1603 444 1668 ξύλου
478 1607 876 1675 κρεμάσαντες,
925 1607 987 1661 τὸ
1018 1609 1174 1680 σῶμα
1213 1608 1526 1675 κατέξαινον
1550 1625 1566 1641 ·
1605 1610 1634 1663 ὁ
1656 1609 1737 1676 δὲ,
1762 1609 1824 1663 τᾶ

1932 1596 2122 1668 ῖιίεηο
2168 1596 2235 1653 ad
2286 1602 2621 1670 torquendos
2669 1600 2918 1658 homines
2966 1613 3160 1674 parato
3221 1622 3551 1679 suspensum

279 1695 493 1765 δημίων
524 1698 770 1769 σφοδρῶς
790 1700 1176 1771 ἐνεργούντων,
1209 1701 1473 1772 καρτερὸς
1494 1695 1562 1772 ἧν
1590 1702 1686 1756 καὶ
1713 1702 1824 1757 ἀνέι

1970 1706 2173 1762 corpus
2208 1692 2558 1749 lacerabant:
2614 1692 2706 1749 ille
2727 1709 2857 1749 vero
2891 1694 3177 1752 lictoribus
3203 1697 3553 1753 vehementer

279 1787 469 1852 δοτος,
508 1790 604 1843 καὶ
634 1792 814 1860 στῖχον
853 1792 917 1845 ἐκ
947 1791 1046 1862 τῆς
1085 1792 1416 1864 Ψαλμωδίας
1462 1796 1584 1858 ταῖς
1615 1792 1824 1864 βασάνοι

1970 1782 2025 1837 in
2075 1797 2240 1852 opere
2262 1785 2567 1856 occupatis,
2598 1794 2858 1842 constans
2888 1793 3029 1853 erat,
3062 1787 3307 1858 nihilque
3335 1789 3401 1843 de
3441 1792 3549 1860 ιιι-ῖς

281 1877 513 1946 ἐπῇδεν·
566 1878 901 1948 Εῠλυγήσω
938 1879 1048 1934 τὸν
1079 1882 1301 1950 Κύριον
1332 1881 1404 1935 ἐν
1443 1881 1623 1936 παντί
1660 1882 1824 1952 καιρᾷ

1967 1876 2112 1931 Stina
2142 1877 2311 1932 animi
2344 1876 2722 1947 magnitudine
2754 1877 3087 1945 remittebat,
3123 1894 3190 1934 ac
3235 1896 3450 1936 versum
3482 1899 3545 1937 ex

278 1968 384 2022 διὰ
416 1971 641 2036 παντὸς
678 1971 717 2038 ἡ
749 1970 987 2038 αἵνεσις
1021 1972 1208 2027 αὑτοῦ
1239 1973 1310 2028 ἐν
1329 1973 1411 2040 τῷ
1434 1974 1688 2043 στόματι
1719 1993 1824 2046 μοι

1967 1966 2106 2023 libro
2135 1967 2477 2025 Psalmorum
2520 1968 2807 2024 tormentis
2840 1970 3128 2027 act-inebat
3159 1989 3172 2027 :
3231 1972 3545 2029 Beuedicam

277 2062 396 2115 Καὶ
438 2065 484 2116 οἱ
517 2063 617 2134 μὲν
662 2063 770 2118 τῶν
804 2064 1023 2137 σαρκῶν
1064 2065 1320 2131 ἀπέξεον⁸
1369 2068 1398 2119 ὁ
1425 2066 1482 2120 δὲ
1511 2066 1759 2137 ἔψαλλεν,
1786 2069 1824 2121 ὡ

1964 2059 2248 2115 Dominum
2294 2063 2346 2116 in
2387 2062 2530 2116 omni
2565 2070 2814 2129 tempore,
2844 2079 3047 2131 semper
3086 2063 3205 2119 laus
3237 2064 3352 2135 ejus
3375 2065 3431 2120 iu
3458 2084 3547 2121 ore

272 2152 442 2206 ἄλλου
492 2153 638 2217 τινὸς
679 2154 1043 2225 ὑφισταμένου
1090 2156 1189 2228 τὴν
1237 2158 1531 2229 τιμωρίαν.
1577 2159 1824 2227 Διεδέξατ

1963 2152 2120 2208 mea’.
2140 2154 2316 2226 Atque
2333 2156 2410 2210 illi
2424 2155 2641 2225 quidem
2661 2170 2856 2211 carnes
2869 2156 3127 2211 caedendo
3142 2156 3542 2222 diminuebant;

270 2245 376 2315 τὴν
407 2246 629 2300 κόλασιν
655 2245 860 2318 ταύτην
888 2247 950 2301 τὸ
986 2247 1380 2321 δεσμωτήριον,
1427 2249 1523 2303 καὶ
1552 2250 1717 2306 πάλιν
1744 2253 1824 2305 ex:

1960 2246 2051 2300 hic
2072 2261 2223 2310 vero,
2250 2248 2560 2318 quasialius
2581 2249 2708 2320 quis
2734 2264 2949 2320 pennam
2980 2250 3209 2314 subiret,
3236 2252 3539 2321 psallebat:

269 2333 468 2404 θαῦμα
516 2334 745 2389 ἐτελεῖτο
787 2337 918 2408 περὶ
960 2337 1053 2391 τὸν
1096 2337 1272 2407 άγιον,
1324 2339 1418 2392 καὶ
1445 2338 1661 2411 νύκτωρ
1704 2357 1824 2409 (ρων

1959 2337 2065 2392 hoc
2104 2339 2267 2393 modo
2322 2341 2573 2409 punitum
2603 2355 2796 2397 carcer
2818 2341 3055 2412 excepit,
3102 2355 3167 2397 ac
3196 2357 3387 2397 rursus
3427 2344 3539 2399 illie

270 2426 522 2497 πλήθους
541 2426 847 2497 ψαλλόντων
884 2427 1133 2498 ⁴Ιῃκούετο,
1181 2428 1276 2483 καὶ
1301 2428 1600 2499 λαμπάδιον
1630 2429 1824 2497 ὲπιφαι

1956 2431 2220 2486 miracula
2275 2432 2422 2487 circa
2451 2440 2702 2488 sanctum
2760 2432 3082 2498 edebantur,
3124 2446 3189 2488 ac
3234 2442 3399 2488 noctu
3433 2451 3533 2490 vox

266 2519 502 2585 νουσῶν,
528 2519 606 2584 ὡς
657 2522 715 2574 ἐν
748 2521 1033 2591 παννυχίδι
1066 2521 1207 2592 αὐγὴ
1240 2522 1449 2593 ἑωρᾶτο
1484 2525 1598 2587 τοῖς
1630 2522 1824 2590 ἔξωθεν

1954 2521 2322 2578 multitudinis
2359 2523 2708 2594 psallentium
2742 2522 3067 2582 audiebatur
3093 2534 3146 2580 et
3172 2523 3352 2580 lacum
3394 2526 3532 2581 allu-

264 2609 344 2675 ὥς
387 2610 601 2665 καὶτὸν
644 2611 1027 2683 δεσμοφύλακα
1058 2613 1194 2686 πρὸς
1238 2612 1338 2683 τὴν
1384 2613 1686 2686 παράδοξον
1728 2614 1824 2685 ὄψι

1950 2615 2213 2679 centium,
2244 2622 2305 2669 nt
2324 2615 2379 2670 in
2411 2622 2679 2670 nocturna
2713 2613 3149 2686 pervigilatione,
3177 2613 3437 2687 splendor
3467 2618 3536 2671 ah

264 2701 365 2756 καὶ
393 2702 560 2773 ἀκοὴν
591 2703 955 2774 ταραχθέντα,
994 2703 1322 2775 εἰσπηδῆσαι
1349 2706 1430 2769 εἰς
1459 2704 1550 2759 τὸν
1582 2705 1824 2760 οἰκίσκον

1966 2708 2035 2764 iis
2086 2708 2179 2777 qui
2218 2706 2350 2764 foris
2399 2714 2557 2764 erant
2607 2706 3070 2778 conspiciebatur,
3106 2708 3243 2764 adeo
3283 2709 3531 2764 utetiam

264 2794 364 2847 καὶ
396 2792 595 2864 μηδένα
635 2795 817 2865 εὑρεῖν
847 2794 988 2866 πλὴν
1020 2794 1115 2848 τοῦ
1146 2795 1423 2869 μάρτυρος
1456 2797 1823 2870 ἡσυχάζοντος

1946 2801 2188 2856 carceris
2208 2807 2398 2856 custos
2441 2799 2659 2855 insolita
2701 2808 2863 2870 atque
2890 2799 3198 2856 admirabili
3231 2800 3443 2856 visione
3480 2811 3534 2853 ι·ι

263 2885 362 2939 καὶ
391 2885 499 2937 τῶν
529 2885 705 2941 ἄλλων
735 2885 1030 2958 δεσμωτῶν
1074 2886 1459 2945 καθεΜντων.
1531 2889 1748 2961 Ἐπειδὴ
1791 2891 1824 2944 δη

1950 2893 2231 2947 auditione
2278 2891 2532 2947 turbatus
2582 2890 2815 2947 insiliret
2890 2890 2945 2946 in
3003 2889 3418 2955 domunculam,
3479 2901 3533 2946 et

261 2977 480 3032 πολλῶν
507 2979 807 3051 γινομένων
846 2980 1059 3051 ἧκμαζε
1103 2979 1241 3052 πρὸς
1284 2980 1382 3051 τὴν
1421 2980 1713 3053 ὁμολογίαν
1746 2983 1824 3036 κα⁴

1943 2986 2217 3040 neminem
2277 2983 2550 3039 inveniret
2597 2989 2795 3054 praeter
2819 2992 3117 3055 martyrem
3157 2983 3529 3055 quiescentem

258 3068 363 3141 τὴν
397 3069 709 3134 εὐσέϐειαν,
751 3066 916 3142 ἦλθεν
944 3070 1029 3123 ἐπ’
1060 3071 1223 3126 αὐτὸν
1247 3072 1281 3141 ἡ
1314 3071 1719 3143 κατακρίνουσα
1740 3070 1824 3142 ψῆη

1940 3086 1995 3131 et
2023 3086 2254 3132 caeteros
2289 3076 2503 3131 vinctos
2531 3073 2887 3131 dormientes.
2926 3074 3288 3147 Posteaquam
3320 3086 3527 3141 autem,

260 3180 397 3232 φος,
445 3162 542 3216 καὶ
586 3163 719 3234 πυρί
765 3161 1116 3232 τελειωθῆναι
1166 3162 1498 3228 κελευσθεὶς,
1545 3162 1707 3227 αὐτὸς
1742 3164 1824 3235 μὲι

1940 3181 2065 3222 cum
2094 3168 2262 3221 multa
2302 3166 2494 3222 ﬁerent
2526 3182 2592 3222 ac
2624 3173 2970 3221 tentarentur
3008 3168 3063 3223 in
3098 3182 3185 3232 eo,
3214 3167 3280 3221 ad
3312 3164 3531 3222 cmd‘es-

260 3254 473 3325 ἀπῆλθε
499 3254 598 3326 τὴν
623 3255 794 3327 καλὴν
824 3255 920 3310 καὶ
953 3255 1228 3327 μακαρίαν
1254 3256 1391 3327 πρὸς
1413 3255 1546 3310 Θεὸν
1572 3256 1796 3328 πορείαν
1822 3274 1824 3284 ί

1940 3257 2147 3312 sionem
2176 3262 2233 3311 et
2264 3254 2522 3325 pietatem
2562 3254 2884 3310 obﬁrmatus
2916 3263 3055 3319 crat,
3103 3257 3312 3326 prolata
3358 3264 3440 3310 est
3472 3256 3526 3309 iu

260 3348 397 3418 ἡμῖν
426 3347 486 3401 δὲ
516 3346 615 3419 τὴν
648 3349 869 3420 μνήμην
894 3347 988 3403 τοῦ
1015 3349 1224 3419 ἀγῶνος
1250 3348 1593 3404 διδασκάλων
1621 3348 1824 3404 κατέλι-

1937 3361 2062 3402 eum
2102 3351 2369 3404 sententia
2435 3347 2908 3415 condemuatoria,
2961 3356 3017 3405 et
3068 3349 3178 3421 igni
3210 3351 3403 3406 conﬁci
3472 3364 3527 3408 et

258 3455 360 3503 πε,
390 3439 556 3504 λαούς
578 3438 876 3510 ἀθροίζων,
900 3440 1205 3512 ’ἐκκλησίαν
1237 3440 1538 3504 παιδεύων,
1577 3440 1824 3511 δαίμονας

1938 3439 2316 3493 consummari
2385 3437 2601 3508 jussus,
2676 3438 2794 3508 ipse
2850 3438 3073 3509 quidem
3150 3441 3414 3511 praeclaro
3464 3458 3528 3496 ac

260 3529 614 3593 ἀπελαύνων,
666 3531 935 3600 ἀγγέλους
979 3531 1288 3603 εἰρηνικοὺς
1328 3530 1605 3600 κατάγων,
1657 3531 1824 3602 ζητῶι

1938 3529 2101 3586 beato
2135 3529 2330 3587 itinere
2378 3529 2512 3584 abiit
2534 3529 2600 3584 ad
2629 3528 2831 3586 Deum:
2861 3530 3022 3586 nobis
3052 3545 3182 3585 vero
3208 3533 3523 3587 memoriam

260 3621 402 3695 ὑπὲρ
432 3623 592 3695 ἡμῶν
623 3623 773 3696 παρὰ
801 3622 937 3679 Θεοῦ
966 3623 1035 3678 τά
1076 3624 1444 3696 συμφέροντα,
1487 3624 1720 3695 ἰατρεῖον
1752 3624 1837 3677 v6-

260 3730 373 3767 σων
401 3715 659 3769 ποικίλων
691 3714 781 3769 τὸν
817 3715 982 3769 τόπον
1015 3713 1202 3770 τοῦτον
1247 3714 1719 3787 ἀπεργασάμενος,
1755 3714 1835 3767 λι-

263 3802 405 3871 μένα
434 3803 538 3856 τῶν
574 3804 982 3876 χειμαζομένων
1026 3807 1147 3869 ταῖς
1186 3804 1418 3875 θλίψεσι,
1463 3806 1710 3877 πενήτων
1741 3807 1835 3860 εύ-

259 3893 601 3965 θηνουμένων
625 3901 886 3968 ταμιεῖον,
906 3898 1199 3970 ὁδοιπόρων
1219 3897 1444 3952 ἀνεκτὸν
1471 3896 1831 3967 καταγώγιον,

260 3985 564 4057 πανήγυριν
609 3988 719 4041 τῶν
767 3988 1134 4060 ἑορταζόντων
1183 3988 1434 4061 ἄληκτον.
1476 3990 1539 4044 Ei
1590 3990 1700 4061 γὰρ
1738 3991 1833 4044 καὶ

256 4075 611 4142 ἐνιαυσιαίοις
656 4078 874 4149 ἑορταῖς
904 4080 1001 4150 τὴν
1050 4080 1264 4151 ἡμέραν
1309 4080 1515 4151 ταύτην
1548 4080 1828 4153 τελοῦμεν,

250 4166 368 4220 ἀλλ’
394 4167 648 4221 οὐδέποτε
694 4169 851 4240 λήγει
892 4170 1000 4223 τῶν
1041 4171 1185 4225 κατὰ
1232 4172 1466 4244 σπουδὴν
1497 4173 1828 4245 ἀφικνουμέ-

249 4275 360 4310 νων
376 4256 438 4309 eo
456 4255 678 4328 πλῆθος,
696 4257 802 4312 τῶν
824 4259 1129 4330 μυρμήκων
1154 4259 1211 4313 δὲ
1233 4260 1396 4326 σώζει
1418 4260 1518 4332 τήν
1535 4263 1827 4335 ὁμοιότητα

246 4349 282 4418 ἠ
335 4348 428 4401 ἐπὶ
458 4349 584 4403 τάδε
640 4350 878 4420 φέρουσα
927 4349 1221 4421 λεωφόρος,
1268 4352 1379 4405 τῶν
1420 4352 1517 4425 μὲν
1542 4354 1822 4419 ἀνιόντων,

242 4439 357 4491 τῶν
386 4440 445 4493 δὲ
469 4440 896 4513 ὑποχωρούντων
923 4445 1037 4503 τοῖς
1064 4442 1397 4514 ἐρχομένοις.

1936 3619 2258 3674 certaminis
2303 3633 2403 3689 pro
2425 3617 2680 3672 doctrina
2742 3617 2988 3687 reliquit,
3038 3617 3271 3687 populos
3293 3633 3525 3689 congre-

1936 3725 2096 3782 gans,
2114 3708 2415 3765 Ecclesiam
2428 3708 2708 3772 erudiens,
2724 3708 3003 3764 dmmonas
3023 3721 3217 3764 arcens
3231 3718 3282 3764 et
3300 3707 3520 3780 fugans.

1935 3802 2158 3873 angelos
2182 3802 2443 3873 paciﬁcos
2468 3799 2759 3870 reducens,
2790 3815 2992 3872 rogans
3018 3816 3050 3856 a
3081 3798 3192 3855 Deo
3238 3817 3338 3873 pro
3366 3802 3525 3857 nobis

1936 3893 2117 3960 utilia,
2182 3892 2460 3947 variorum
2521 3891 2839 3949 morborum
2902 3892 3192 3950 medicina:
3249 3893 3520 3950 oﬁicinam

1934 3986 2080 4041 hunc
2108 3984 2287 4041 locum
2326 3982 2587 4049 elliciens,
2631 3993 2846 4054 portum
2887 4000 3080 4042 eorum
3133 3985 3227 4055 qui
3270 3986 3522 4040 alnictio-

1934 4093 2064 4133 num
2102 4076 2517 4147 tempestatibus
2558 4077 2861 4146 laetantur,
2901 4092 3200 4147 pauperum
3235 4077 3519 4133 abundans

1933 4178 1989 4226 et
2016 4170 2302 4240 copiosum
2358 4168 2636 4233 aerarium,
2692 4167 2961 4223 viatorum
2997 4169 3241 4238 quietum
3274 4166 3519 4222 diverso-

1934 4262 2099 4328 rium,
2167 4261 2347 4314 locum
2399 4256 2667 4312 celebrem
2718 4264 3020 4311 conventus
3075 4271 3139 4311 ac
3203 4257 3322 4313 dies
3349 4256 3518 4312 festos

1931 4355 2275 4409 continenter
2320 4351 2616 4420 agentium.
2665 4346 2780 4405 Etsi
2808 4348 2954 4404 enim
3004 4347 3398 4405 anniversariis
3450 4351 3515 4403 re-

1928 4447 2027 4501 riis
2074 4446 2218 4499 hunc
2276 4442 2420 4498 diem
2480 4440 2856 4507 celebramus;
2894 4448 2950 4495 at
3005 4455 3283 4511 nunquam
3335 4450 3512 4496 cos-at

241 4534 494 4590 studiose
545 4535 948 4591 advenientium
995 4538 1309 4603 multitudo,
1366 4553 1431 4594 ac
1478 4537 1831 4595 formicarum
1873 4530 2291 4595 similitudinem
2335 4545 2518 4593 servat
2554 4552 2618 4591 ea
2668 4550 2788 4607 qua:
2818 4535 2925 4591 huc
2972 4535 3203 4608 pertinet
3270 4535 3354 4589 via
3416 4551 3502 4603 pu-

239 4621 410 4685 blica.
438 4642 562 4681 cum
599 4628 689 4682 alii
737 4627 956 4697 quidem
1005 4630 1325 4696 ascendant,
1357 4629 1449 4685 alii
1499 4645 1631 4686 vero
1656 4631 2001 4688 venientibus
2024 4632 2241 4688 cedant.

325 4718 520 4790 Ἦμεῖς
557 4720 657 4791 μὲν
682 4715 799 4784 οῦν,
823 4714 869 4774 ὧ
897 4723 1157 4794 μακάριε,
1186 4722 1281 4776 τὸν
1320 4722 1415 4777 τοῦ
1442 4723 1689 4779 ἐνιαυτοῦ
1719 4725 1821 4779 κύ-

239 4808 376 4863 κλον
441 4810 837 4874 καταλαϐόντες
895 4811 1275 4886 φιλανθρωπίᾳ
1338 4811 1434 4867 τοῦ
1504 4812 1819 4880 κτίσαντος,

232 4899 577 4971 ὴθροίσαμέν
602 4917 682 4954 σοι
731 4901 833 4974 τὴν
862 4904 1199 4975 πανήγυριν,
1239 4903 1330 4956 τὸν
1360 4902 1504 4976 ἰερδν
1530 4904 1639 4957 τῶν
1668 4906 1817 4973 φιλο-

231 4989 539 5061 μαρτύρων
595 4993 852 5059 σύλλογον
876 5036 891 5053 .
942 4996 1035 5049 τόν
1079 5013 1139 5049 τε
1166 4996 1343 5052 κοινὸν
1386 4998 1819 5069 προσκυνοῦντες

226 5078 537 5149 Δεσπότην,
591 5083 688 5135 καὶ
734 5083 833 5155 τὴν
868 5084 1131 5140 ἐπινίκιον
1158 5085 1543 5158 πληρώσαντες
1570 5087 1678 5141 τῶν
1708 5088 1817 5141 σῶν

1996 4724 2192 4779 Acuos
2217 4721 2464 4794 quidem,
2492 4738 2525 4775 ο
2554 4722 2732 4782 beate.
2763 4719 3097 4791 benignitate
3111 4717 3388 4777 Creatoris
3418 4736 3507 4775 au-

1926 4815 2291 4871 niversariam
2357 4813 2552 4869 circuli
2611 4812 3047 4867 vicissitudinem
3116 4812 3355 4867 assecuti
3415 4828 3509 4866 co-

1922 4911 2137 4981 egimus
2167 4907 2267 4962 tibi
2302 4905 2579 4978 publicum
2614 4909 2967 4964 conventum,
2998 4915 3240 4964 sacrum,
3262 4900 3509 4972 inquam,

1926 4995 2259 5068 martyribus
2282 4993 2583 5053 addictum,
2606 4998 2661 5045 et
2688 5002 3035 5044 communem
3075 4986 3368 5044 Dominum
3409 4992 3509 5044 ad-

1922 5096 2168 5152 orantes,
2184 5093 2239 5142 et
2270 5091 2490 5139 tuorum
2515 5080 2877 5137 certaminum
2908 5079 3152 5136 victoriae
3176 5095 3508 5137 commento.

225 5167 468 5238 ἀγώνων
500 5169 838 5241 ύπόμνησιψ
872 5174 935 5227 σὺ
965 5174 1040 5238 δὲ,
1068 5173 1228 5247 δεῦρο
1250 5174 1313 5245 δὴ
1343 5175 1479 5247 πρὸς
1493 5177 1662 5248 ἡμᾶς,
1682 5178 1816 5232 ὅπου

1932 5180 2183 5236 rationem
2207 5182 2532 5247 peragentes
2558 5189 2573 5227 :
2600 5178 2660 5226 tu
2692 5184 2843 5236 vero,
2874 5169 2983 5227 huc
3004 5171 3119 5242 jam
3138 5172 3271 5231 ades
3288 5173 3355 5229 ad
3381 5190 3506 5238 nos,

226 5262 360 5316 ποτ’
390 5260 458 5315 ἂν
488 5258 586 5336 ᾗς,
637 5265 738 5335 τῆς
789 5266 983 5337 ἑορτῆς
1014 5266 1207 5339 ἔφορος
1252 5267 1579 5338 (καλέσαντα
1616 5271 1725 5343 γάρ
1755 5289 1815 5325 σε

1932 5273 2231 5342 ιιιὶειιηιιιιο
2257 5266 2477 5323 tandem
2517 5263 2709 5327 fueris,
2761 5272 2824 5318 ut
2847 5261 2957 5320 diei
2991 5262 3131 5321 festo
3158 5266 3388 5337 ιιι-τείας
3417 5282 3506 5321 vo.

226 5353 680 5427 άντικαλοῦμεν)’
730 5357 824 5412 καὶ
853 5360 959 5412 εἴτε
990 5358 1068 5430 τῷ
1096 5358 1287 5431 ὑψηλῷ
1324 5358 1562 5432 αἰθέριον
1610 5361 1810 5434 διαιτᾷ.

223 5448 337 5504 εἴτε
392 5448 515 5504 τινὰ
556 5449 880 5522 ἐπουράνιον
928 5450 1092 5522 άψίδα
1138 5452 1482 5523 περιπολεκ,
1538 5453 1573 5526 ἢ
1632 5457 1814 5528 χοροῖς

303 5602 324 5634 ¹
356 5600 506 5658 Psal.
550 5618 749 5667 xum,
793 5602 843 5657 ἰ.

566 5741 837 5804 Parant.
879 5742 997 5803 Gn.
1047 5742 1264 5805 XLVI.
1573 5727 1731 5761 una"
1898 5731 1984 5820 κ

1915 5370 2131 5422 cantem
2161 5360 2307 5419 enim
2340 5368 2394 5415 te
2425 5365 2616 5413 contra
2652 5369 2915 5412 vocamus
2954 5373 2970 5412 :
2999 5370 3066 5412 ac
3105 5356 3222 5414 sive
3246 5356 3301 5412 in
3333 5357 3495 5415 subli-

1916 5456 1990 5514 mi
2010 5456 2212 5513 aethere
2248 5449 2489 5515 habitas,
2519 5446 2636 5505 sive
2669 5461 2767 5520 per
2791 5447 3073 5517 caelestem
3110 5447 3347 5521 aliquem
3395 5450 3506 5505 ρει-ι

1935 5731 2019 5755 Fet

1935 5766 2026 5800 διά.
2182 5770 2187 5773 “
2266 5768 2267 5771 “
2352 5792 2361 5800 ⁸

1935 5806 1984 5823 ηρ
2295 5795 2317 5817 δ-
2350 5802 2417 5821 ιιι.
2562 5815 2586 5819 .-
