  <div class='ocr_page' id='page_1' title='image "/cluster/home/n/w/nwhite01/storage/ocr_20150623/46/hvd.32044054112198/389.png"; bbox 0 0 3918 6204; ppageno 0'>
   <div class='ocr_carea' id='block_1_1' title="bbox 385 201 490 258">
    <p class='ocr_par' dir='ltr' id='par_1_1' title="bbox 385 201 490 258">
     <span class='ocr_line' id='line_1_1' title="bbox 385 201 490 258; baseline 0.01 -2"><span class='ocrx_word' id='word_1_1' title='bbox 385 201 490 258; x_wconf 71' lang='grc'><strong>74⁸1</strong></span> 
     </span>
    </p>
   </div>
   <div class='ocr_carea' id='block_1_2' title="bbox 1601 194 2362 258">
    <p class='ocr_par' dir='ltr' id='par_1_2' title="bbox 1601 194 2362 258">
     <span class='ocr_line' id='line_1_2' title="bbox 1601 194 2362 258; baseline -0.012 0"><span class='ocrx_word' id='word_1_2' title='bbox 1601 201 1662 258; x_wconf 86' lang='lat' dir='ltr'><strong>S.</strong></span> <span class='ocrx_word' id='word_1_3' title='bbox 1699 197 2030 256; x_wconf 79' lang='lat' dir='ltr'><strong>GREGORII</strong></span> <span class='ocrx_word' id='word_1_4' title='bbox 2068 194 2362 252; x_wconf 80' lang='lat' dir='ltr'><strong>NYSSENI</strong></span> 
     </span>
    </p>
   </div>
   <div class='ocr_carea' id='block_1_3' title="bbox 3530 199 3627 255">
    <p class='ocr_par' dir='ltr' id='par_1_3' title="bbox 3530 199 3627 255">
     <span class='ocr_line' id='line_1_3' title="bbox 3530 199 3627 255; baseline 0.031 -3"><span class='ocrx_word' id='word_1_5' title='bbox 3530 199 3627 255; x_wconf 71' lang='grc' dir='ltr'><strong>πε</strong></span> 
     </span>
    </p>
   </div>
   <div class='ocr_carea' id='block_1_4' title="bbox 385 307 1960 392">
    <p class='ocr_par' dir='ltr' id='par_1_4' title="bbox 385 315 1960 392">
     <span class='ocr_line' id='line_1_4' title="bbox 385 315 1960 392; baseline 0.001 -18"><span class='ocrx_word' id='word_1_6' title='bbox 385 315 564 374; x_wconf 90' lang='lat' dir='ltr'><strong>culum</strong></span> <span class='ocrx_word' id='word_1_7' title='bbox 593 316 854 384; x_wconf 82' lang='lat' dir='ltr'><strong>versaris,</strong></span> <span class='ocrx_word' id='word_1_8' title='bbox 887 321 981 371; x_wconf 89' lang='lat' dir='ltr'><strong>aut</strong></span> <span class='ocrx_word' id='word_1_9' title='bbox 1010 315 1068 370; x_wconf 91' lang='lat' dir='ltr'><strong>in</strong></span> <span class='ocrx_word' id='word_1_10' title='bbox 1103 315 1303 373; x_wconf 83' lang='lat' dir='ltr'><strong>choros</strong></span> <span class='ocrx_word' id='word_1_11' title='bbox 1331 317 1651 390; x_wconf 78' lang='lat' dir='ltr'><strong>angelorum</strong></span> <span class='ocrx_word' id='word_1_12' title='bbox 1679 328 1960 392; x_wconf 72' lang='lat' dir='ltr'><strong>cooptatus</strong></span> 
     </span>
    </p>
   </div>
   <div class='ocr_carea' id='block_1_5' title="bbox 2062 307 3626 392">
    <p class='ocr_par' dir='ltr' id='par_1_5' title="bbox 2071 307 3626 387">
     <span class='ocr_line' id='line_1_5' title="bbox 2071 307 3626 387; baseline -0.004 -15"><span class='ocrx_word' id='word_1_13' title='bbox 2071 317 2319 387; x_wconf 84' lang='grc' dir='ltr'>ἀγγέλων</span> <span class='ocrx_word' id='word_1_14' title='bbox 2359 309 2784 381; x_wconf 82' lang='grc' dir='ltr'><strong>συντεταγμένος</strong></span> <span class='ocrx_word' id='word_1_15' title='bbox 2812 307 2890 380; x_wconf 83' lang='grc' dir='ltr'>τῷ</span> <span class='ocrx_word' id='word_1_16' title='bbox 2917 308 3161 383; x_wconf 84' lang='grc' dir='ltr'>Δεσπότῃ</span> <span class='ocrx_word' id='word_1_17' title='bbox 3199 310 3562 384; x_wconf 80' lang='grc' dir='ltr'>παρέστηκας,</span> <span class='ocrx_word' id='word_1_18' title='bbox 3594 319 3626 386; x_wconf 74' lang='grc' dir='ltr'>ἢ</span> 
     </span>
    </p>
   </div>
   <div class='ocr_carea' id='block_1_6' title="bbox 385 409 1968 482">
    <p class='ocr_par' dir='ltr' id='par_1_6' title="bbox 385 409 1968 482">
     <span class='ocr_line' id='line_1_6' title="bbox 385 409 1968 482; baseline 0.003 -17"><span class='ocrx_word' id='word_1_19' title='bbox 385 409 616 465; x_wconf 89' lang='lat' dir='ltr'><strong>Domino</strong></span> <span class='ocrx_word' id='word_1_20' title='bbox 649 410 888 476; x_wconf 88' lang='lat' dir='ltr'><strong>assistis,</strong></span> <span class='ocrx_word' id='word_1_21' title='bbox 928 417 1022 464; x_wconf 90' lang='lat' dir='ltr'><strong>aut</strong></span> <span class='ocrx_word' id='word_1_22' title='bbox 1055 423 1181 465; x_wconf 92' lang='lat' dir='ltr'><strong>cum</strong></span> <span class='ocrx_word' id='word_1_23' title='bbox 1205 411 1502 466; x_wconf 75' lang='lat' dir='ltr'><strong>virtutibus</strong></span> <span class='ocrx_word' id='word_1_24' title='bbox 1522 423 1576 468; x_wconf 89' lang='lat' dir='ltr'><strong>et</strong></span> <span class='ocrx_word' id='word_1_25' title='bbox 1603 413 1968 482; x_wconf 72' lang='lat' dir='ltr'><strong>potestatibus</strong></span> 
     </span>
    </p>
   </div>
   <div class='ocr_carea' id='block_1_7' title="bbox 385 501 1964 574">
    <p class='ocr_par' dir='ltr' id='par_1_7' title="bbox 385 501 1964 574">
     <span class='ocr_line' id='line_1_7' title="bbox 385 501 1964 574; baseline 0.003 -18"><span class='ocrx_word' id='word_1_26' title='bbox 385 511 443 556; x_wconf 93' lang='lat' dir='ltr'><strong>ut</strong></span> <span class='ocrx_word' id='word_1_27' title='bbox 517 517 710 557; x_wconf 81' lang='lat' dir='ltr'><strong>servus</strong></span> <span class='ocrx_word' id='word_1_28' title='bbox 778 501 954 558; x_wconf 90' lang='lat' dir='ltr'><strong>ﬁdelis</strong></span> <span class='ocrx_word' id='word_1_29' title='bbox 1016 501 1358 558; x_wconf 90' lang='lat' dir='ltr'><strong>adorationis</strong></span> <span class='ocrx_word' id='word_1_30' title='bbox 1411 503 1596 557; x_wconf 89' lang='lat' dir='ltr'><strong>ofﬁcio</strong></span> <span class='ocrx_word' id='word_1_31' title='bbox 1652 503 1898 574; x_wconf 84' lang='lat' dir='ltr'><strong>fungeris</strong></span> <span class='ocrx_word' id='word_1_32' title='bbox 1949 523 1964 560; x_wconf 88' lang='lat'><strong>:</strong></span> 
     </span>
    </p>
   </div>
   <div class='ocr_carea' id='block_1_8' title="bbox 385 594 1968 664">
    <p class='ocr_par' dir='ltr' id='par_1_8' title="bbox 385 594 1968 664">
     <span class='ocr_line' id='line_1_8' title="bbox 385 594 1968 664; baseline 0.002 -17"><span class='ocrx_word' id='word_1_33' title='bbox 385 609 680 664; x_wconf 86' lang='lat' dir='ltr'><strong>parumper</strong></span> <span class='ocrx_word' id='word_1_34' title='bbox 751 594 820 650; x_wconf 91' lang='lat' dir='ltr'><strong>ab</strong></span> <span class='ocrx_word' id='word_1_35' title='bbox 891 594 958 649; x_wconf 88' lang='lat' dir='ltr'><strong>iis</strong></span> <span class='ocrx_word' id='word_1_36' title='bbox 1027 594 1228 649; x_wconf 89' lang='lat' dir='ltr'><strong>ofﬁciis</strong></span> <span class='ocrx_word' id='word_1_37' title='bbox 1284 594 1623 649; x_wconf 88' lang='lat' dir='ltr'><strong>vacationem</strong></span> <span class='ocrx_word' id='word_1_38' title='bbox 1708 595 1968 664; x_wconf 85' lang='lat' dir='ltr'><strong>depreca-</strong></span> 
     </span>
    </p>
   </div>
   <div class='ocr_carea' id='block_1_9' title="bbox 383 685 1969 756">
    <p class='ocr_par' dir='ltr' id='par_1_9' title="bbox 383 685 1969 756">
     <span class='ocr_line' id='line_1_9' title="bbox 383 685 1969 756; baseline 0.001 -15"><span class='ocrx_word' id='word_1_39' title='bbox 383 698 495 751; x_wconf 91' lang='lat' dir='ltr'><strong>tus,</strong></span> <span class='ocrx_word' id='word_1_40' title='bbox 549 686 674 742; x_wconf 83' lang='lat' dir='ltr'><strong>veni</strong></span> <span class='ocrx_word' id='word_1_41' title='bbox 701 686 770 741; x_wconf 89' lang='lat' dir='ltr'><strong>ad</strong></span> <span class='ocrx_word' id='word_1_42' title='bbox 832 685 934 741; x_wconf 88' lang='lat' dir='ltr'><strong>hos</strong></span> <span class='ocrx_word' id='word_1_43' title='bbox 963 687 1057 756; x_wconf 89' lang='lat' dir='ltr'><strong>qui</strong></span> <span class='ocrx_word' id='word_1_44' title='bbox 1090 694 1141 741; x_wconf 94' lang='lat' dir='ltr'><strong>te</strong></span> <span class='ocrx_word' id='word_1_45' title='bbox 1169 686 1462 755; x_wconf 86' lang='lat' dir='ltr'><strong>honorant,</strong></span> <span class='ocrx_word' id='word_1_46' title='bbox 1514 687 1808 743; x_wconf 84' lang='lat' dir='ltr'><strong>invisibilis</strong></span> <span class='ocrx_word' id='word_1_47' title='bbox 1838 691 1969 744; x_wconf 87' lang='lat' dir='ltr'><strong>ami-</strong></span> 
     </span>
    </p>
   </div>
   <div class='ocr_carea' id='block_1_10' title="bbox 385 776 1966 848">
    <p class='ocr_par' dir='ltr' id='par_1_10' title="bbox 385 776 1966 848">
     <span class='ocr_line' id='line_1_10' title="bbox 385 776 1966 848; baseline 0.003 -16"><span class='ocrx_word' id='word_1_48' title='bbox 385 792 482 832; x_wconf 87' lang='lat' dir='ltr'><strong>cus</strong></span> <span class='ocrx_word' id='word_1_49' title='bbox 518 797 532 834; x_wconf 92' lang='lat'><strong>:</strong></span> <span class='ocrx_word' id='word_1_50' title='bbox 561 792 832 848; x_wconf 83' lang='lat' dir='ltr'><strong>cognosce</strong></span> <span class='ocrx_word' id='word_1_51' title='bbox 857 793 921 832; x_wconf 92' lang='lat' dir='ltr'><strong>ac</strong></span> <span class='ocrx_word' id='word_1_52' title='bbox 960 778 1076 832; x_wconf 85' lang='lat' dir='ltr'><strong>vise</strong></span> <span class='ocrx_word' id='word_1_53' title='bbox 1129 776 1295 833; x_wconf 82' lang='lat' dir='ltr'><strong>ferias</strong></span> <span class='ocrx_word' id='word_1_54' title='bbox 1325 793 1447 848; x_wconf 62' lang='lat' dir='ltr'><strong>quae</strong></span> <span class='ocrx_word' id='word_1_55' title='bbox 1483 779 1866 843; x_wconf 84' lang='lat' dir='ltr'><strong>celebrantur.</strong></span> <span class='ocrx_word' id='word_1_56' title='bbox 1908 789 1966 836; x_wconf 90' lang='lat' dir='ltr'><strong>ut</strong></span> 
     </span>
    </p>
   </div>
   <div class='ocr_carea' id='block_1_11' title="bbox 384 868 1962 940">
    <p class='ocr_par' dir='ltr' id='par_1_11' title="bbox 384 868 1962 940">
     <span class='ocr_line' id='line_1_11' title="bbox 384 868 1962 940; baseline 0.004 -20"><span class='ocrx_word' id='word_1_57' title='bbox 384 869 679 940; x_wconf 78' lang='lat' dir='ltr'><strong>gratiarum</strong></span> <span class='ocrx_word' id='word_1_58' title='bbox 712 869 980 925; x_wconf 85' lang='lat' dir='ltr'><strong>adversus</strong></span> <span class='ocrx_word' id='word_1_59' title='bbox 1033 868 1202 924; x_wconf 87' lang='lat' dir='ltr'><strong>Deunt</strong></span> <span class='ocrx_word' id='word_1_60' title='bbox 1251 869 1604 940; x_wconf 84' lang='lat' dir='ltr'><strong>comluplices</strong></span> <span class='ocrx_word' id='word_1_61' title='bbox 1665 872 1962 939; x_wconf 80' lang='lat' dir='ltr'><strong>actionem,</strong></span> 
     </span>
    </p>
   </div>
   <div class='ocr_carea' id='block_1_12' title="bbox 384 960 1964 1031">
    <p class='ocr_par' dir='ltr' id='par_1_12' title="bbox 384 960 1964 1031">
     <span class='ocr_line' id='line_1_12' title="bbox 384 960 1964 1031; baseline 0.004 -18"><span class='ocrx_word' id='word_1_62' title='bbox 384 960 475 1029; x_wconf 88' lang='lat' dir='ltr'><strong>qui</strong></span> <span class='ocrx_word' id='word_1_63' title='bbox 499 975 597 1030; x_wconf 89' lang='lat' dir='ltr'><strong>pro</strong></span> <span class='ocrx_word' id='word_1_64' title='bbox 625 975 730 1014; x_wconf 90' lang='lat' dir='ltr'><strong>una</strong></span> <span class='ocrx_word' id='word_1_65' title='bbox 762 961 1038 1031; x_wconf 83' lang='lat' dir='ltr'><strong>passione,</strong></span> <span class='ocrx_word' id='word_1_66' title='bbox 1057 967 1111 1014; x_wconf 92' lang='lat' dir='ltr'><strong>et</strong></span> <span class='ocrx_word' id='word_1_67' title='bbox 1137 975 1242 1015; x_wconf 90' lang='lat' dir='ltr'><strong>una</strong></span> <span class='ocrx_word' id='word_1_68' title='bbox 1270 961 1358 1031; x_wconf 84' lang='lat' dir='ltr'><strong>pia</strong></span> <span class='ocrx_word' id='word_1_69' title='bbox 1390 962 1734 1019; x_wconf 82' lang='lat' dir='ltr'><strong>confessione</strong></span> <span class='ocrx_word' id='word_1_70' title='bbox 1760 972 1838 1018; x_wconf 91' lang='lat' dir='ltr'><strong>tot</strong></span> <span class='ocrx_word' id='word_1_71' title='bbox 1868 965 1964 1020; x_wconf 90' lang='lat' dir='ltr'><strong>tibi</strong></span> 
     </span>
    </p>
   </div>
   <div class='ocr_carea' id='block_1_13' title="bbox 384 1053 1966 1127">
    <p class='ocr_par' dir='ltr' id='par_1_13' title="bbox 384 1053 1966 1127">
     <span class='ocr_line' id='line_1_13' title="bbox 384 1053 1966 1127; baseline 0.002 -19"><span class='ocrx_word' id='word_1_72' title='bbox 384 1053 854 1108; x_wconf 80' lang='lat' dir='ltr'><strong>remunerationes</strong></span> <span class='ocrx_word' id='word_1_73' title='bbox 884 1053 1110 1123; x_wconf 89' lang='lat' dir='ltr'><strong>largitus</strong></span> <span class='ocrx_word' id='word_1_74' title='bbox 1141 1060 1226 1109; x_wconf 89' lang='lat' dir='ltr'><strong>est</strong></span> <span class='ocrx_word' id='word_1_75' title='bbox 1259 1072 1273 1106; x_wconf 88' lang='lat'><strong>:</strong></span> <span class='ocrx_word' id='word_1_76' title='bbox 1308 1068 1375 1108; x_wconf 86' lang='lat' dir='ltr'><strong>ac</strong></span> <span class='ocrx_word' id='word_1_77' title='bbox 1409 1055 1607 1110; x_wconf 79' lang='lat' dir='ltr'><strong>laeteris</strong></span> <span class='ocrx_word' id='word_1_78' title='bbox 1638 1056 1708 1111; x_wconf 91' lang='lat' dir='ltr'><strong>ob</strong></span> <span class='ocrx_word' id='word_1_79' title='bbox 1740 1058 1966 1127; x_wconf 87' lang='lat' dir='ltr'><strong>sangui-</strong></span> 
     </span>
    </p>
   </div>
   <div class='ocr_carea' id='block_1_14' title="bbox 385 1140 1965 1213">
    <p class='ocr_par' dir='ltr' id='par_1_14' title="bbox 385 1140 1965 1213">
     <span class='ocr_line' id='line_1_14' title="bbox 385 1140 1965 1213; baseline 0.006 -19"><span class='ocrx_word' id='word_1_80' title='bbox 385 1155 506 1196; x_wconf 88' lang='lat' dir='ltr'><strong>nem</strong></span> <span class='ocrx_word' id='word_1_81' title='bbox 533 1140 786 1208; x_wconf 77' lang='lat' dir='ltr'><strong>effusum,</strong></span> <span class='ocrx_word' id='word_1_82' title='bbox 826 1149 882 1196; x_wconf 90' lang='lat' dir='ltr'><strong>et</strong></span> <span class='ocrx_word' id='word_1_83' title='bbox 941 1142 1085 1213; x_wconf 82' lang='lat' dir='ltr'><strong>ignis</strong></span> <span class='ocrx_word' id='word_1_84' title='bbox 1137 1142 1419 1201; x_wconf 90' lang='lat' dir='ltr'><strong>cruciatus</strong></span> <span class='ocrx_word' id='word_1_85' title='bbox 1479 1145 1761 1202; x_wconf 83' lang='lat' dir='ltr'><strong>toleratos.</strong></span> <span class='ocrx_word' id='word_1_86' title='bbox 1817 1147 1965 1213; x_wconf 82' lang='lat' dir='ltr'><strong>Quot</strong></span> 
     </span>
    </p>
   </div>
   <div class='ocr_carea' id='block_1_15' title="bbox 384 1234 1961 1307">
    <p class='ocr_par' dir='ltr' id='par_1_15' title="bbox 384 1234 1961 1307">
     <span class='ocr_line' id='line_1_15' title="bbox 384 1234 1961 1307; baseline 0.003 -18"><span class='ocrx_word' id='word_1_87' title='bbox 384 1235 526 1289; x_wconf 80' lang='lat' dir='ltr'><strong>enim</strong></span> <span class='ocrx_word' id='word_1_88' title='bbox 565 1241 696 1288; x_wconf 91' lang='lat' dir='ltr'><strong>tunc</strong></span> <span class='ocrx_word' id='word_1_89' title='bbox 725 1234 977 1304; x_wconf 88' lang='lat' dir='ltr'><strong>supplicii</strong></span> <span class='ocrx_word' id='word_1_90' title='bbox 1028 1241 1368 1305; x_wconf 76' lang='lat' dir='ltr'><strong>spectatores</strong></span> <span class='ocrx_word' id='word_1_91' title='bbox 1433 1238 1665 1307; x_wconf 83' lang='lat' dir='ltr'><strong>populos</strong></span> <span class='ocrx_word' id='word_1_92' title='bbox 1697 1239 1961 1307; x_wconf 86' lang='lat' dir='ltr'><strong>habebas,</strong></span> 
     </span>
    </p>
   </div>
   <div class='ocr_carea' id='block_1_16' title="bbox 385 1325 1965 1383">
    <p class='ocr_par' dir='ltr' id='par_1_16' title="bbox 385 1325 1965 1383">
     <span class='ocr_line' id='line_1_16' title="bbox 385 1325 1965 1383; baseline 0.002 -3"><span class='ocrx_word' id='word_1_93' title='bbox 385 1334 465 1382; x_wconf 90' lang='lat' dir='ltr'><strong>tot</strong></span> <span class='ocrx_word' id='word_1_94' title='bbox 495 1341 640 1380; x_wconf 81' lang='lat' dir='ltr'><strong>nunc</strong></span> <span class='ocrx_word' id='word_1_95' title='bbox 675 1325 842 1381; x_wconf 89' lang='lat' dir='ltr'><strong>habes</strong></span> <span class='ocrx_word' id='word_1_96' title='bbox 879 1325 1104 1380; x_wconf 87' lang='lat' dir='ltr'><strong>honoris</strong></span> <span class='ocrx_word' id='word_1_97' title='bbox 1137 1326 1442 1382; x_wconf 90' lang='lat' dir='ltr'><strong>ministros.</strong></span> <span class='ocrx_word' id='word_1_98' title='bbox 1463 1325 1760 1382; x_wconf 85' lang='lat' dir='ltr'><strong>Multorum</strong></span> <span class='ocrx_word' id='word_1_99' title='bbox 1797 1329 1965 1383; x_wconf 88' lang='lat' dir='ltr'><strong>bene-</strong></span> 
     </span>
    </p>
   </div>
   <div class='ocr_carea' id='block_1_17' title="bbox 385 1415 1965 1489">
    <p class='ocr_par' dir='ltr' id='par_1_17' title="bbox 385 1415 1965 1489">
     <span class='ocr_line' id='line_1_17' title="bbox 385 1415 1965 1489; baseline 0.002 -17"><span class='ocrx_word' id='word_1_100' title='bbox 385 1418 631 1473; x_wconf 88' lang='lat' dir='ltr'><strong>ﬁciorum</strong></span> <span class='ocrx_word' id='word_1_101' title='bbox 693 1415 1050 1487; x_wconf 75' lang='lat' dir='ltr'><strong>indigemus;</strong></span> <span class='ocrx_word' id='word_1_102' title='bbox 1107 1416 1383 1472; x_wconf 89' lang='lat' dir='ltr'><strong>intercede</strong></span> <span class='ocrx_word' id='word_1_103' title='bbox 1417 1433 1482 1472; x_wconf 91' lang='lat' dir='ltr'><strong>ac</strong></span> <span class='ocrx_word' id='word_1_104' title='bbox 1529 1417 1825 1488; x_wconf 87' lang='lat' dir='ltr'><strong>deprecare</strong></span> <span class='ocrx_word' id='word_1_105' title='bbox 1867 1433 1965 1489; x_wconf 91' lang='lat' dir='ltr'><strong>pro</strong></span> 
     </span>
    </p>
   </div>
   <div class='ocr_carea' id='block_1_18' title="bbox 384 1504 1963 1577">
    <p class='ocr_par' dir='ltr' id='par_1_18' title="bbox 384 1504 1963 1577">
     <span class='ocr_line' id='line_1_18' title="bbox 384 1504 1963 1577; baseline 0.004 -19"><span class='ocrx_word' id='word_1_106' title='bbox 384 1505 558 1577; x_wconf 84' lang='lat' dir='ltr'><strong>patria</strong></span> <span class='ocrx_word' id='word_1_107' title='bbox 589 1504 731 1575; x_wconf 87' lang='lat' dir='ltr'><strong>apud</strong></span> <span class='ocrx_word' id='word_1_108' title='bbox 763 1520 1107 1560; x_wconf 86' lang='lat' dir='ltr'><strong>communem</strong></span> <span class='ocrx_word' id='word_1_109' title='bbox 1135 1521 1315 1577; x_wconf 87' lang='lat' dir='ltr'><strong>regem</strong></span> <span class='ocrx_word' id='word_1_110' title='bbox 1355 1514 1409 1561; x_wconf 89' lang='lat' dir='ltr'><strong>et</strong></span> <span class='ocrx_word' id='word_1_111' title='bbox 1461 1505 1748 1562; x_wconf 90' lang='lat' dir='ltr'><strong>Dominum</strong></span> <span class='ocrx_word' id='word_1_112' title='bbox 1785 1527 1798 1564; x_wconf 89' lang='lat'><strong>:</strong></span> <span class='ocrx_word' id='word_1_113' title='bbox 1838 1525 1963 1564; x_wconf 90' lang='lat' dir='ltr'><strong>nam</strong></span> 
     </span>
    </p>
   </div>
   <div class='ocr_carea' id='block_1_19' title="bbox 382 1594 1962 1669">
    <p class='ocr_par' dir='ltr' id='par_1_19' title="bbox 382 1594 1962 1669">
     <span class='ocr_line' id='line_1_19' title="bbox 382 1594 1962 1669; baseline 0.003 -19"><span class='ocrx_word' id='word_1_114' title='bbox 382 1598 556 1667; x_wconf 87' lang='lat' dir='ltr'><strong>patria</strong></span> <span class='ocrx_word' id='word_1_115' title='bbox 585 1597 839 1669; x_wconf 86' lang='lat' dir='ltr'><strong>martyris</strong></span> <span class='ocrx_word' id='word_1_116' title='bbox 859 1603 942 1652; x_wconf 89' lang='lat' dir='ltr'><strong>est</strong></span> <span class='ocrx_word' id='word_1_117' title='bbox 968 1594 1137 1652; x_wconf 84' lang='lat' dir='ltr'><strong>etiam</strong></span> <span class='ocrx_word' id='word_1_118' title='bbox 1168 1596 1323 1651; x_wconf 90' lang='lat' dir='ltr'><strong>locus</strong></span> <span class='ocrx_word' id='word_1_119' title='bbox 1341 1597 1635 1667; x_wconf 86' lang='lat' dir='ltr'><strong>passionis,</strong></span> <span class='ocrx_word' id='word_1_120' title='bbox 1659 1598 1808 1655; x_wconf 82' lang='lat' dir='ltr'><strong>cives</strong></span> <span class='ocrx_word' id='word_1_121' title='bbox 1831 1599 1962 1655; x_wconf 85' lang='lat' dir='ltr'><strong>item</strong></span> 
     </span>
    </p>
   </div>
   <div class='ocr_carea' id='block_1_20' title="bbox 2072 400 3629 482">
    <p class='ocr_par' dir='ltr' id='par_1_20' title="bbox 2072 400 3629 482">
     <span class='ocr_line' id='line_1_20' title="bbox 2072 400 3629 482; baseline -0.01 -19"><span class='ocrx_word' id='word_1_122' title='bbox 2072 408 2210 482; x_wconf 87' lang='grc' dir='ltr'><strong>μετά</strong></span> <span class='ocrx_word' id='word_1_123' title='bbox 2233 407 2513 477; x_wconf 82' lang='grc' dir='ltr'><strong>δυνάμεων</strong></span> <span class='ocrx_word' id='word_1_124' title='bbox 2529 404 2622 458; x_wconf 71' lang='grc' dir='ltr'><strong>καὶ</strong></span> <span class='ocrx_word' id='word_1_125' title='bbox 2647 400 2927 470; x_wconf 77' lang='grc' dir='ltr'><strong>ἐξουσιῶν,</strong></span> <span class='ocrx_word' id='word_1_126' title='bbox 2953 401 3026 465; x_wconf 84' lang='grc' dir='ltr'><strong>ὡς</strong></span> <span class='ocrx_word' id='word_1_127' title='bbox 3053 401 3239 466; x_wconf 82' lang='grc' dir='ltr'>δοῦλος</span> <span class='ocrx_word' id='word_1_128' title='bbox 3269 403 3456 466; x_wconf 76' lang='grc' dir='ltr'>πιστὸς</span> <span class='ocrx_word' id='word_1_129' title='bbox 3471 422 3629 474; x_wconf 73' lang='grc' dir='ltr'>προσ.</span> 
     </span>
    </p>
   </div>
   <div class='ocr_carea' id='block_1_21' title="bbox 2069 488 3657 566">
    <p class='ocr_par' dir='ltr' id='par_1_21' title="bbox 2069 488 3657 566">
     <span class='ocr_line' id='line_1_21' title="bbox 2069 488 3657 566; baseline -0.003 -16"><span class='ocrx_word' id='word_1_130' title='bbox 2069 499 2287 559; x_wconf 74' lang='grc' dir='ltr'>κυνεῖςο</span> <span class='ocrx_word' id='word_1_131' title='bbox 2359 493 2554 566; x_wconf 79' lang='grc' dir='ltr'>μικρὸν</span> <span class='ocrx_word' id='word_1_132' title='bbox 2605 490 2674 545; x_wconf 82' lang='grc' dir='ltr'><strong>τά</strong></span> <span class='ocrx_word' id='word_1_133' title='bbox 2727 489 2914 543; x_wconf 81' lang='grc' dir='ltr'><strong>αὐτόθι</strong></span> <span class='ocrx_word' id='word_1_134' title='bbox 2969 490 3479 562; x_wconf 76' lang='grc' dir='ltr'><strong>παραιτησάμενος,</strong></span> <span class='ocrx_word' id='word_1_135' title='bbox 3525 488 3657 564; x_wconf 60' lang='grc' dir='ltr'>ἧκε</span> 
     </span>
    </p>
   </div>
   <div class='ocr_carea' id='block_1_22' title="bbox 2069 580 3629 659">
    <p class='ocr_par' dir='ltr' id='par_1_22' title="bbox 2069 580 3629 659">
     <span class='ocr_line' id='line_1_22' title="bbox 2069 580 3629 659; baseline -0.001 -17"><span class='ocrx_word' id='word_1_136' title='bbox 2069 589 2206 659; x_wconf 81' lang='grc' dir='ltr'>πρὸς</span> <span class='ocrx_word' id='word_1_137' title='bbox 2236 587 2360 650; x_wconf 83' lang='grc' dir='ltr'>τοὺς</span> <span class='ocrx_word' id='word_1_138' title='bbox 2388 583 2661 655; x_wconf 77' lang='grc' dir='ltr'>τιμῶντάς</span> <span class='ocrx_word' id='word_1_139' title='bbox 2683 599 2742 635; x_wconf 90' lang='grc' dir='ltr'><strong>σε</strong></span> <span class='ocrx_word' id='word_1_140' title='bbox 2779 581 3010 652; x_wconf 88' lang='grc' dir='ltr'>ἀόρατος</span> <span class='ocrx_word' id='word_1_141' title='bbox 3040 580 3191 650; x_wconf 78' lang='grc' dir='ltr'>φίλος</span> <span class='ocrx_word' id='word_1_142' title='bbox 3209 598 3222 611; x_wconf 90' lang='grc'><strong>·</strong></span> <span class='ocrx_word' id='word_1_143' title='bbox 3256 583 3537 655; x_wconf 82' lang='grc' dir='ltr'>ίστόρησον</span> <span class='ocrx_word' id='word_1_144' title='bbox 3568 588 3629 640; x_wconf 62' lang='grc' dir='ltr'>τὰ</span> 
     </span>
    </p>
   </div>
   <div class='ocr_carea' id='block_1_23' title="bbox 2065 672 3628 750">
    <p class='ocr_par' dir='ltr' id='par_1_23' title="bbox 2065 672 3628 750">
     <span class='ocr_line' id='line_1_23' title="bbox 2065 672 3628 750; baseline -0.003 -17"><span class='ocrx_word' id='word_1_145' title='bbox 2065 678 2382 750; x_wconf 79' lang='grc' dir='ltr'><strong>τελούμενα,</strong></span> <span class='ocrx_word' id='word_1_146' title='bbox 2401 678 2490 731; x_wconf 78' lang='grc' dir='ltr'><strong>ἴνα</strong></span> <span class='ocrx_word' id='word_1_147' title='bbox 2508 676 2606 745; x_wconf 79' lang='grc' dir='ltr'><strong>τὴν</strong></span> <span class='ocrx_word' id='word_1_148' title='bbox 2628 674 2706 738; x_wconf 88' lang='grc' dir='ltr'><strong>είς</strong></span> <span class='ocrx_word' id='word_1_149' title='bbox 2732 672 2862 726; x_wconf 82' lang='grc' dir='ltr'>Θεὸν</span> <span class='ocrx_word' id='word_1_150' title='bbox 2887 672 3236 744; x_wconf 81' lang='grc' dir='ltr'><strong>εὐχαριστίαν</strong></span> <span class='ocrx_word' id='word_1_151' title='bbox 3257 675 3628 748; x_wconf 70' lang='grc' dir='ltr'>διπλασιάσης,</span> 
     </span>
    </p>
   </div>
   <div class='ocr_carea' id='block_1_24' title="bbox 2067 765 3629 838">
    <p class='ocr_par' dir='ltr' id='par_1_24' title="bbox 2067 765 3629 838">
     <span class='ocr_line' id='line_1_24' title="bbox 2067 765 3629 838; baseline -0.007 -10"><span class='ocrx_word' id='word_1_152' title='bbox 2067 773 2157 827; x_wconf 75' lang='grc' dir='ltr'><strong>τὸν</strong></span> <span class='ocrx_word' id='word_1_153' title='bbox 2182 772 2300 827; x_wconf 64' lang='grc' dir='ltr'>ἀντὶ</span> <span class='ocrx_word' id='word_1_154' title='bbox 2334 770 2538 833; x_wconf 80' lang='grc' dir='ltr'>πάθους</span> <span class='ocrx_word' id='word_1_155' title='bbox 2566 768 2702 833; x_wconf 78' lang='grc' dir='ltr'>ἐνὸς,</span> <span class='ocrx_word' id='word_1_156' title='bbox 2751 766 2844 820; x_wconf 73' lang='grc' dir='ltr'>καὶ</span> <span class='ocrx_word' id='word_1_157' title='bbox 2887 768 3016 837; x_wconf 79' lang='grc' dir='ltr'>μιᾶς</span> <span class='ocrx_word' id='word_1_158' title='bbox 3049 765 3303 830; x_wconf 78' lang='grc' dir='ltr'>εὐσεϐοῦς</span> <span class='ocrx_word' id='word_1_159' title='bbox 3328 768 3629 838; x_wconf 81' lang='grc' dir='ltr'>ὁμολογίας,</span> 
     </span>
    </p>
   </div>
   <div class='ocr_carea' id='block_1_25' title="bbox 2065 859 3633 932">
    <p class='ocr_par' dir='ltr' id='par_1_25' title="bbox 2065 859 3633 932">
     <span class='ocr_line' id='line_1_25' title="bbox 2065 859 3633 932; baseline -0.004 -14"><span class='ocrx_word' id='word_1_160' title='bbox 2065 866 2334 928; x_wconf 83' lang='grc' dir='ltr'>τοσαύτας</span> <span class='ocrx_word' id='word_1_161' title='bbox 2387 879 2468 916; x_wconf 88' lang='grc' dir='ltr'><strong>σοι</strong></span> <span class='ocrx_word' id='word_1_162' title='bbox 2517 861 2616 925; x_wconf 77' lang='grc' dir='ltr'>τὰς</span> <span class='ocrx_word' id='word_1_163' title='bbox 2656 860 2891 931; x_wconf 72' lang='grc' dir='ltr'>ἀμοιϐάς</span> <span class='ocrx_word' id='word_1_164' title='bbox 2949 859 3352 931; x_wconf 72' lang='grc' dir='ltr'>χαρισάμενονο</span> <span class='ocrx_word' id='word_1_165' title='bbox 3404 863 3633 932; x_wconf 80' lang='grc' dir='ltr'>εὐφραν-</span> 
     </span>
    </p>
   </div>
   <div class='ocr_carea' id='block_1_26' title="bbox 2068 952 3634 1026">
    <p class='ocr_par' dir='ltr' id='par_1_26' title="bbox 2068 952 3634 1026">
     <span class='ocr_line' id='line_1_26' title="bbox 2068 952 3634 1026; baseline -0.001 -16"><span class='ocrx_word' id='word_1_166' title='bbox 2068 957 2216 1026; x_wconf 86' lang='grc' dir='ltr'>θείης</span> <span class='ocrx_word' id='word_1_167' title='bbox 2246 956 2302 1009; x_wconf 83' lang='grc' dir='ltr'>δὲ</span> <span class='ocrx_word' id='word_1_168' title='bbox 2333 955 2412 1026; x_wconf 84' lang='grc' dir='ltr'>τῷ</span> <span class='ocrx_word' id='word_1_169' title='bbox 2433 955 2624 1025; x_wconf 83' lang='grc' dir='ltr'>αἵματι</span> <span class='ocrx_word' id='word_1_170' title='bbox 2649 953 2742 1006; x_wconf 76' lang='grc' dir='ltr'>καὶ</span> <span class='ocrx_word' id='word_1_171' title='bbox 2765 953 2830 1022; x_wconf 85' lang='grc' dir='ltr'>τῇ</span> <span class='ocrx_word' id='word_1_172' title='bbox 2852 953 2944 1004; x_wconf 78' lang='grc' dir='ltr'>τοῦ</span> <span class='ocrx_word' id='word_1_173' title='bbox 2964 952 3133 1022; x_wconf 82' lang='grc' dir='ltr'>πυρὸς</span> <span class='ocrx_word' id='word_1_174' title='bbox 3151 952 3419 1023; x_wconf 76' lang='grc' dir='ltr'><strong>ἀλγηδόνι.</strong></span> <span class='ocrx_word' id='word_1_175' title='bbox 3436 954 3634 1018; x_wconf 84' lang='grc' dir='ltr'>Ὀσους</span> 
     </span>
    </p>
   </div>
   <div class='ocr_carea' id='block_1_27' title="bbox 2065 1043 3632 1120">
    <p class='ocr_par' dir='ltr' id='par_1_27' title="bbox 2065 1043 3632 1120">
     <span class='ocr_line' id='line_1_27' title="bbox 2065 1043 3632 1120; baseline -0.002 -19"><span class='ocrx_word' id='word_1_176' title='bbox 2065 1049 2172 1120; x_wconf 86' lang='grc' dir='ltr'><strong>γάρ</strong></span> <span class='ocrx_word' id='word_1_177' title='bbox 2191 1043 2336 1118; x_wconf 83' lang='grc' dir='ltr'>εἶχες</span> <span class='ocrx_word' id='word_1_178' title='bbox 2357 1046 2478 1099; x_wconf 89' lang='grc' dir='ltr'>τότε</span> <span class='ocrx_word' id='word_1_179' title='bbox 2507 1045 2670 1107; x_wconf 80' lang='grc' dir='ltr'>λαοὺς</span> <span class='ocrx_word' id='word_1_180' title='bbox 2695 1044 2793 1113; x_wconf 79' lang='grc' dir='ltr'>τῆς</span> <span class='ocrx_word' id='word_1_181' title='bbox 2813 1043 3084 1114; x_wconf 78' lang='grc' dir='ltr'>τιμωρίας</span> <span class='ocrx_word' id='word_1_182' title='bbox 3111 1043 3327 1108; x_wconf 76' lang='grc' dir='ltr'>θεατὰς,</span> <span class='ocrx_word' id='word_1_183' title='bbox 3353 1045 3632 1110; x_wconf 77' lang='grc' dir='ltr'>τοσούτους</span> 
     </span>
    </p>
   </div>
   <div class='ocr_carea' id='block_1_28' title="bbox 2065 1133 3630 1209">
    <p class='ocr_par' dir='ltr' id='par_1_28' title="bbox 2065 1133 3630 1209">
     <span class='ocr_line' id='line_1_28' title="bbox 2065 1133 3630 1209; baseline -0.004 -15"><span class='ocrx_word' id='word_1_184' title='bbox 2065 1139 2160 1194; x_wconf 75' lang='grc' dir='ltr'>νῦν</span> <span class='ocrx_word' id='word_1_185' title='bbox 2183 1139 2282 1209; x_wconf 86' lang='grc' dir='ltr'><strong>τῆς</strong></span> <span class='ocrx_word' id='word_1_186' title='bbox 2313 1137 2478 1208; x_wconf 79' lang='grc' dir='ltr'>τιμῆς</span> <span class='ocrx_word' id='word_1_187' title='bbox 2503 1136 2646 1207; x_wconf 78' lang='grc' dir='ltr'>ἔχεις</span> <span class='ocrx_word' id='word_1_188' title='bbox 2672 1134 2968 1204; x_wconf 83' lang='grc' dir='ltr'>ὑπηρέτας.</span> <span class='ocrx_word' id='word_1_189' title='bbox 2997 1133 3291 1204; x_wconf 78' lang='grc' dir='ltr'>Χρῄζομεν</span> <span class='ocrx_word' id='word_1_190' title='bbox 3313 1135 3521 1188; x_wconf 80' lang='grc' dir='ltr'>πολλῶν</span> <span class='ocrx_word' id='word_1_191' title='bbox 3552 1138 3630 1188; x_wconf 86' lang='grc' dir='ltr'>εὐ-</span> 
     </span>
    </p>
   </div>
   <div class='ocr_carea' id='block_1_29' title="bbox 2065 1225 3632 1301">
    <p class='ocr_par' dir='ltr' id='par_1_29' title="bbox 2065 1225 3632 1301">
     <span class='ocr_line' id='line_1_29' title="bbox 2065 1225 3632 1301; baseline -0.003 -17"><span class='ocrx_word' id='word_1_192' title='bbox 2065 1229 2327 1301; x_wconf 85' lang='grc' dir='ltr'>εργεσιῶν</span> <span class='ocrx_word' id='word_1_193' title='bbox 2349 1246 2363 1260; x_wconf 88' lang='grc'><strong>·</strong></span> <span class='ocrx_word' id='word_1_194' title='bbox 2395 1227 2726 1299; x_wconf 89' lang='grc' dir='ltr'>πρέσϐευσον</span> <span class='ocrx_word' id='word_1_195' title='bbox 2760 1225 2898 1297; x_wconf 79' lang='grc' dir='ltr'>ὑπὲρ</span> <span class='ocrx_word' id='word_1_196' title='bbox 2947 1225 3048 1294; x_wconf 77' lang='grc' dir='ltr'>τῆς</span> <span class='ocrx_word' id='word_1_197' title='bbox 3079 1225 3333 1296; x_wconf 76' lang='grc' dir='ltr'>πατρίδος</span> <span class='ocrx_word' id='word_1_198' title='bbox 3375 1227 3511 1298; x_wconf 78' lang='grc' dir='ltr'>πρὸς</span> <span class='ocrx_word' id='word_1_199' title='bbox 3546 1227 3632 1280; x_wconf 77' lang='grc' dir='ltr'>τὸν</span> 
     </span>
    </p>
   </div>
   <div class='ocr_carea' id='block_1_30' title="bbox 2066 1315 3630 1391">
    <p class='ocr_par' dir='ltr' id='par_1_30' title="bbox 2066 1315 3630 1391">
     <span class='ocr_line' id='line_1_30' title="bbox 2066 1315 3630 1391; baseline -0.003 -15"><span class='ocrx_word' id='word_1_200' title='bbox 2066 1322 2240 1376; x_wconf 85' lang='grc' dir='ltr'>κοινὸν</span> <span class='ocrx_word' id='word_1_201' title='bbox 2266 1319 2486 1391; x_wconf 82' lang='grc' dir='ltr'>βασιλέα</span> <span class='ocrx_word' id='word_1_202' title='bbox 2511 1334 2527 1350; x_wconf 78' lang='grc' dir='ltr'><strong>ο</strong></span> <span class='ocrx_word' id='word_1_203' title='bbox 2557 1317 2754 1388; x_wconf 76' lang='grc' dir='ltr'>πατρὶς</span> <span class='ocrx_word' id='word_1_204' title='bbox 2785 1316 2894 1387; x_wconf 85' lang='grc' dir='ltr'>γὰρ</span> <span class='ocrx_word' id='word_1_205' title='bbox 2924 1315 3222 1388; x_wconf 83' lang='grc' dir='ltr'>μάρτυρος,</span> <span class='ocrx_word' id='word_1_206' title='bbox 3249 1316 3342 1370; x_wconf 80' lang='grc' dir='ltr'>τοῦ</span> <span class='ocrx_word' id='word_1_207' title='bbox 3372 1318 3630 1389; x_wconf 77' lang='grc' dir='ltr'>πάθουςή</span> 
     </span>
    </p>
   </div>
   <div class='ocr_carea' id='block_1_31' title="bbox 2064 1408 3630 1483">
    <p class='ocr_par' dir='ltr' id='par_1_31' title="bbox 2064 1408 3630 1483">
     <span class='ocr_line' id='line_1_31' title="bbox 2064 1408 3630 1483; baseline -0.003 -17"><span class='ocrx_word' id='word_1_208' title='bbox 2064 1410 2217 1483; x_wconf 87' lang='grc' dir='ltr'>χώρα</span> <span class='ocrx_word' id='word_1_209' title='bbox 2241 1428 2255 1443; x_wconf 77' lang='grc' dir='ltr'><strong>ο</strong></span> <span class='ocrx_word' id='word_1_210' title='bbox 2305 1409 2517 1465; x_wconf 85' lang='grc' dir='ltr'>πολῖται</span> <span class='ocrx_word' id='word_1_211' title='bbox 2543 1408 2600 1462; x_wconf 78' lang='grc' dir='ltr'>δὲ</span> <span class='ocrx_word' id='word_1_212' title='bbox 2634 1408 2727 1462; x_wconf 70' lang='grc' dir='ltr'><strong>καὶ</strong></span> <span class='ocrx_word' id='word_1_213' title='bbox 2759 1409 3061 1475; x_wconf 77' lang='grc' dir='ltr'>συγγενεῖς,</span> <span class='ocrx_word' id='word_1_214' title='bbox 3113 1408 3162 1460; x_wconf 89' lang='grc' dir='ltr'><strong>οί</strong></span> <span class='ocrx_word' id='word_1_215' title='bbox 3193 1408 3630 1479; x_wconf 80' lang='grc' dir='ltr'>περιστείλαντες</span> 
     </span>
    </p>
   </div>
   <div class='ocr_carea' id='block_1_32' title="bbox 2067 1497 3634 1575">
    <p class='ocr_par' dir='ltr' id='par_1_32' title="bbox 2067 1497 3634 1575">
     <span class='ocr_line' id='line_1_32' title="bbox 2067 1497 3634 1575; baseline -0.003 -17"><span class='ocrx_word' id='word_1_216' title='bbox 2067 1505 2163 1559; x_wconf 74' lang='grc' dir='ltr'><strong>καὶ</strong></span> <span class='ocrx_word' id='word_1_217' title='bbox 2185 1503 2398 1575; x_wconf 73' lang='grc' dir='ltr'>ἔχοντες</span> <span class='ocrx_word' id='word_1_218' title='bbox 2421 1501 2514 1555; x_wconf 73' lang='grc' dir='ltr'><strong>καὶ</strong></span> <span class='ocrx_word' id='word_1_219' title='bbox 2535 1501 2824 1573; x_wconf 86' lang='grc' dir='ltr'>τιμῶντες.</span> <span class='ocrx_word' id='word_1_220' title='bbox 2843 1497 3206 1571; x_wconf 77' lang='grc' dir='ltr'>’Υφορὼμεθα</span> <span class='ocrx_word' id='word_1_221' title='bbox 3229 1499 3447 1570; x_wconf 78' lang='grc' dir='ltr'>θλίψεις,</span> <span class='ocrx_word' id='word_1_222' title='bbox 3473 1517 3634 1571; x_wconf 83' lang='grc' dir='ltr'>προσ·</span> 
     </span>
    </p>
   </div>
   <div class='ocr_carea' id='block_1_33' title="bbox 2065 1592 3631 1668">
    <p class='ocr_par' dir='ltr' id='par_1_33' title="bbox 2065 1592 3631 1668">
     <span class='ocr_line' id='line_1_33' title="bbox 2065 1592 3631 1668; baseline -0.002 -17"><span class='ocrx_word' id='word_1_223' title='bbox 2065 1596 2310 1668; x_wconf 86' lang='grc' dir='ltr'>δοκῶμεν</span> <span class='ocrx_word' id='word_1_224' title='bbox 2345 1593 2643 1659; x_wconf 84' lang='grc' dir='ltr'>κινδύνους,</span> <span class='ocrx_word' id='word_1_225' title='bbox 2674 1593 2735 1646; x_wconf 92' lang='grc' dir='ltr'><strong>οὐ</strong></span> <span class='ocrx_word' id='word_1_226' title='bbox 2772 1592 2990 1664; x_wconf 76' lang='grc' dir='ltr'>μακρὰν</span> <span class='ocrx_word' id='word_1_227' title='bbox 3037 1593 3087 1646; x_wconf 81' lang='grc' dir='ltr'><strong>οἱ</strong></span> <span class='ocrx_word' id='word_1_228' title='bbox 3124 1592 3387 1663; x_wconf 77' lang='grc' dir='ltr'>ἀλιτήριοι</span> <span class='ocrx_word' id='word_1_229' title='bbox 3430 1593 3631 1648; x_wconf 81' lang='grc' dir='ltr'>Σκῦθαι</span> 
     </span>
    </p>
   </div>
   <div class='ocr_carea' id='block_1_34' title="bbox 381 1677 1960 1759">
    <p class='ocr_par' dir='ltr' id='par_1_34' title="bbox 381 1687 1960 1759">
     <span class='ocr_line' id='line_1_34' title="bbox 381 1687 1960 1759; baseline 0.001 -15"><span class='ocrx_word' id='word_1_230' title='bbox 381 1698 434 1744; x_wconf 86' lang='lat' dir='ltr'><strong>et</strong></span> <span class='ocrx_word' id='word_1_231' title='bbox 465 1687 667 1744; x_wconf 86' lang='lat' dir='ltr'><strong>fratres</strong></span> <span class='ocrx_word' id='word_1_232' title='bbox 697 1696 750 1743; x_wconf 85' lang='lat' dir='ltr'><strong>et</strong></span> <span class='ocrx_word' id='word_1_233' title='bbox 773 1688 1010 1759; x_wconf 76' lang='lat' dir='ltr'><strong>cognati,</strong></span> <span class='ocrx_word' id='word_1_234' title='bbox 1036 1689 1129 1759; x_wconf 90' lang='lat' dir='ltr'><strong>qui</strong></span> <span class='ocrx_word' id='word_1_235' title='bbox 1154 1695 1208 1743; x_wconf 88' lang='lat' dir='ltr'><strong>et</strong></span> <span class='ocrx_word' id='word_1_236' title='bbox 1225 1688 1429 1744; x_wconf 89' lang='lat' dir='ltr'><strong>habent</strong></span> <span class='ocrx_word' id='word_1_237' title='bbox 1449 1705 1573 1744; x_wconf 84' lang='lat' dir='ltr'><strong>eum</strong></span> <span class='ocrx_word' id='word_1_238' title='bbox 1591 1698 1646 1744; x_wconf 89' lang='lat' dir='ltr'><strong>et</strong></span> <span class='ocrx_word' id='word_1_239' title='bbox 1672 1698 1895 1746; x_wconf 90' lang='lat' dir='ltr'><strong>tuentur</strong></span> <span class='ocrx_word' id='word_1_240' title='bbox 1910 1699 1960 1748; x_wconf 88' lang='lat' dir='ltr'><strong>ct</strong></span> 
     </span>
    </p>
   </div>
   <div class='ocr_carea' id='block_1_35' title="bbox 2062 1677 3632 1759">
    <p class='ocr_par' dir='ltr' id='par_1_35' title="bbox 2063 1684 3632 1759">
     <span class='ocr_line' id='line_1_35' title="bbox 2063 1684 3632 1759; baseline -0.003 -16"><span class='ocrx_word' id='word_1_241' title='bbox 2063 1690 2156 1744; x_wconf 76' lang='grc' dir='ltr'><strong>τὸν</strong></span> <span class='ocrx_word' id='word_1_242' title='bbox 2196 1686 2318 1742; x_wconf 85' lang='grc' dir='ltr'>καθ’</span> <span class='ocrx_word' id='word_1_243' title='bbox 2367 1687 2526 1759; x_wconf 80' lang='grc' dir='ltr'>ἡμῶν</span> <span class='ocrx_word' id='word_1_244' title='bbox 2575 1686 2853 1749; x_wconf 84' lang='grc' dir='ltr'>ὼδίνοντες</span> <span class='ocrx_word' id='word_1_245' title='bbox 2882 1684 3117 1756; x_wconf 90' lang='grc' dir='ltr'>πόλεμον</span> <span class='ocrx_word' id='word_1_246' title='bbox 3135 1702 3150 1718; x_wconf 80' lang='grc' dir='ltr'><strong><em>ο</em></strong></span> <span class='ocrx_word' id='word_1_247' title='bbox 3198 1684 3273 1750; x_wconf 82' lang='grc' dir='ltr'>ὥς</span> <span class='ocrx_word' id='word_1_248' title='bbox 3303 1685 3632 1758; x_wconf 79' lang='grc' dir='ltr'>στρατιώτης</span> 
     </span>
    </p>
   </div>
   <div class='ocr_carea' id='block_1_36' title="bbox 381 1777 1963 1855">
    <p class='ocr_par' dir='ltr' id='par_1_36' title="bbox 381 1777 1963 1855">
     <span class='ocr_line' id='line_1_36' title="bbox 381 1777 1963 1855; baseline 0.003 -20"><span class='ocrx_word' id='word_1_249' title='bbox 381 1787 580 1836; x_wconf 86' lang='lat' dir='ltr'><strong>ornant</strong></span> <span class='ocrx_word' id='word_1_250' title='bbox 603 1789 764 1848; x_wconf 90' lang='lat' dir='ltr'><strong>atque</strong></span> <span class='ocrx_word' id='word_1_251' title='bbox 795 1779 1089 1847; x_wconf 87' lang='lat' dir='ltr'><strong>honorant;</strong></span> <span class='ocrx_word' id='word_1_252' title='bbox 1121 1777 1383 1836; x_wconf 89' lang='lat' dir='ltr'><strong>timemus</strong></span> <span class='ocrx_word' id='word_1_253' title='bbox 1401 1780 1746 1850; x_wconf 83' lang='lat' dir='ltr'><strong>alllictiones,</strong></span> <span class='ocrx_word' id='word_1_254' title='bbox 1767 1798 1963 1855; x_wconf 79' lang='lat' dir='ltr'><strong>exSpe-</strong></span> 
     </span>
    </p>
   </div>
   <div class='ocr_carea' id='block_1_37' title="bbox 381 1871 1962 1947">
    <p class='ocr_par' dir='ltr' id='par_1_37' title="bbox 381 1871 1962 1947">
     <span class='ocr_line' id='line_1_37' title="bbox 381 1871 1962 1947; baseline 0.004 -23"><span class='ocrx_word' id='word_1_255' title='bbox 381 1880 594 1926; x_wconf 87' lang='lat' dir='ltr'><strong>ctamus</strong></span> <span class='ocrx_word' id='word_1_256' title='bbox 623 1871 884 1940; x_wconf 86' lang='lat' dir='ltr'><strong>pericula;</strong></span> <span class='ocrx_word' id='word_1_257' title='bbox 915 1885 1023 1925; x_wconf 90' lang='lat' dir='ltr'><strong>non</strong></span> <span class='ocrx_word' id='word_1_258' title='bbox 1054 1872 1213 1943; x_wconf 86' lang='lat' dir='ltr'><strong>longe</strong></span> <span class='ocrx_word' id='word_1_259' title='bbox 1247 1871 1444 1928; x_wconf 86' lang='lat' dir='ltr'><strong>absunt</strong></span> <span class='ocrx_word' id='word_1_260' title='bbox 1478 1873 1696 1929; x_wconf 85' lang='lat' dir='ltr'><strong>scelesti</strong></span> <span class='ocrx_word' id='word_1_261' title='bbox 1747 1873 1962 1947; x_wconf 64' lang='lat' dir='ltr'><strong>Scythae</strong></span> 
     </span>
    </p>
   </div>
   <div class='ocr_carea' id='block_1_38' title="bbox 381 1959 1962 2038">
    <p class='ocr_par' dir='ltr' id='par_1_38' title="bbox 381 1959 1962 2038">
     <span class='ocr_line' id='line_1_38' title="bbox 381 1959 1962 2038; baseline 0.006 -23"><span class='ocrx_word' id='word_1_262' title='bbox 381 1961 581 2015; x_wconf 91' lang='lat' dir='ltr'><strong>bellum</strong></span> <span class='ocrx_word' id='word_1_263' title='bbox 614 1959 906 2016; x_wconf 84' lang='lat' dir='ltr'><strong>adversum</strong></span> <span class='ocrx_word' id='word_1_264' title='bbox 947 1976 1047 2018; x_wconf 86' lang='lat' dir='ltr'><strong>nos</strong></span> <span class='ocrx_word' id='word_1_265' title='bbox 1087 1963 1490 2032; x_wconf 88' lang='lat' dir='ltr'><strong>parturientes;</strong></span> <span class='ocrx_word' id='word_1_266' title='bbox 1539 1971 1600 2018; x_wconf 90' lang='lat' dir='ltr'><strong>ut</strong></span> <span class='ocrx_word' id='word_1_267' title='bbox 1649 1967 1807 2022; x_wconf 88' lang='lat' dir='ltr'><strong>miles</strong></span> <span class='ocrx_word' id='word_1_268' title='bbox 1841 1983 1962 2038; x_wconf 87' lang='lat' dir='ltr'><strong>pro-</strong></span> 
     </span>
    </p>
   </div>
   <div class='ocr_carea' id='block_1_39' title="bbox 383 2053 1963 2128">
    <p class='ocr_par' dir='ltr' id='par_1_39' title="bbox 383 2053 1963 2128">
     <span class='ocr_line' id='line_1_39' title="bbox 383 2053 1963 2128; baseline 0.005 -23"><span class='ocrx_word' id='word_1_269' title='bbox 383 2067 562 2124; x_wconf 84' lang='lat' dir='ltr'><strong>pugua</strong></span> <span class='ocrx_word' id='word_1_270' title='bbox 585 2053 710 2125; x_wconf 89' lang='lat' dir='ltr'><strong>(pro</strong></span> <span class='ocrx_word' id='word_1_271' title='bbox 742 2054 948 2127; x_wconf 87' lang='lat' dir='ltr'><strong>nobis),</strong></span> <span class='ocrx_word' id='word_1_272' title='bbox 967 2063 1027 2110; x_wconf 92' lang='lat' dir='ltr'><strong>ut</strong></span> <span class='ocrx_word' id='word_1_273' title='bbox 1047 2063 1255 2128; x_wconf 84' lang='lat' dir='ltr'><strong>martyr</strong></span> <span class='ocrx_word' id='word_1_274' title='bbox 1284 2071 1382 2127; x_wconf 89' lang='lat' dir='ltr'><strong>pro</strong></span> <span class='ocrx_word' id='word_1_275' title='bbox 1413 2058 1700 2113; x_wconf 87' lang='lat' dir='ltr'><strong>conservis</strong></span> <span class='ocrx_word' id='word_1_276' title='bbox 1731 2067 1884 2114; x_wconf 82' lang='lat' dir='ltr'><strong>utere</strong></span> <span class='ocrx_word' id='word_1_277' title='bbox 1900 2059 1963 2113; x_wconf 91' lang='lat' dir='ltr'><strong>li-</strong></span> 
     </span>
    </p>
   </div>
   <div class='ocr_carea' id='block_1_40' title="bbox 382 2144 1962 2219">
    <p class='ocr_par' dir='ltr' id='par_1_40' title="bbox 382 2144 1962 2219">
     <span class='ocr_line' id='line_1_40' title="bbox 382 2144 1962 2219; baseline 0.003 -20"><span class='ocrx_word' id='word_1_278' title='bbox 382 2144 593 2202; x_wconf 78' lang='lat' dir='ltr'><strong>bet-tate</strong></span> <span class='ocrx_word' id='word_1_279' title='bbox 634 2144 918 2216; x_wconf 85' lang='lat' dir='ltr'><strong>loquendi.</strong></span> <span class='ocrx_word' id='word_1_280' title='bbox 956 2145 1183 2203; x_wconf 85' lang='lat' dir='ltr'><strong>Etiamsi</strong></span> <span class='ocrx_word' id='word_1_281' title='bbox 1238 2149 1516 2219; x_wconf 88' lang='lat' dir='ltr'><strong>superasti</strong></span> <span class='ocrx_word' id='word_1_282' title='bbox 1563 2150 1859 2214; x_wconf 84' lang='lat' dir='ltr'><strong>saeculum,</strong></span> <span class='ocrx_word' id='word_1_283' title='bbox 1905 2157 1962 2204; x_wconf 90' lang='lat' dir='ltr'><strong>at</strong></span> 
     </span>
    </p>
   </div>
   <div class='ocr_carea' id='block_1_41' title="bbox 382 2235 1962 2310">
    <p class='ocr_par' dir='ltr' id='par_1_41' title="bbox 382 2235 1962 2310">
     <span class='ocr_line' id='line_1_41' title="bbox 382 2235 1962 2310; baseline 0.004 -21"><span class='ocrx_word' id='word_1_284' title='bbox 382 2236 525 2290; x_wconf 85' lang='lat' dir='ltr'><strong>nosti</strong></span> <span class='ocrx_word' id='word_1_285' title='bbox 551 2235 780 2292; x_wconf 72' lang='lat' dir='ltr'><strong>allectus</strong></span> <span class='ocrx_word' id='word_1_286' title='bbox 811 2243 866 2293; x_wconf 89' lang='lat' dir='ltr'><strong>et</strong></span> <span class='ocrx_word' id='word_1_287' title='bbox 893 2252 1027 2293; x_wconf 91' lang='lat' dir='ltr'><strong>usus</strong></span> <span class='ocrx_word' id='word_1_288' title='bbox 1062 2239 1530 2310; x_wconf 88' lang='lat' dir='ltr'><strong>necessitatesque</strong></span> <span class='ocrx_word' id='word_1_289' title='bbox 1555 2240 1807 2295; x_wconf 80' lang='lat' dir='ltr'><strong>humanae</strong></span> <span class='ocrx_word' id='word_1_290' title='bbox 1837 2257 1962 2296; x_wconf 74' lang='lat' dir='ltr'><strong>con~</strong></span> 
     </span>
    </p>
   </div>
   <div class='ocr_carea' id='block_1_42' title="bbox 381 2327 1959 2399">
    <p class='ocr_par' dir='ltr' id='par_1_42' title="bbox 381 2327 1959 2399">
     <span class='ocr_line' id='line_1_42' title="bbox 381 2327 1959 2399; baseline 0.003 -16"><span class='ocrx_word' id='word_1_291' title='bbox 381 2327 606 2383; x_wconf 81' lang='lat' dir='ltr'><strong>ditionis</strong></span> <span class='ocrx_word' id='word_1_292' title='bbox 640 2336 802 2399; x_wconf 87' lang='lat' dir='ltr'><strong>:pete</strong></span> <span class='ocrx_word' id='word_1_293' title='bbox 834 2342 1047 2398; x_wconf 88' lang='lat' dir='ltr'><strong>pacem,</strong></span> <span class='ocrx_word' id='word_1_294' title='bbox 1078 2335 1138 2383; x_wconf 93' lang='lat' dir='ltr'><strong>ut</strong></span> <span class='ocrx_word' id='word_1_295' title='bbox 1172 2328 1226 2382; x_wconf 94' lang='lat' dir='ltr'><strong>hi</strong></span> <span class='ocrx_word' id='word_1_296' title='bbox 1254 2331 1456 2399; x_wconf 91' lang='lat' dir='ltr'><strong>publici</strong></span> <span class='ocrx_word' id='word_1_297' title='bbox 1503 2341 1810 2388; x_wconf 86' lang='lat' dir='ltr'><strong>conventus</strong></span> <span class='ocrx_word' id='word_1_298' title='bbox 1853 2349 1959 2387; x_wconf 89' lang='lat' dir='ltr'><strong>non</strong></span> 
     </span>
    </p>
   </div>
   <div class='ocr_carea' id='block_1_43' title="bbox 381 2417 1962 2490">
    <p class='ocr_par' dir='ltr' id='par_1_43' title="bbox 381 2417 1962 2490">
     <span class='ocr_line' id='line_1_43' title="bbox 381 2417 1962 2490; baseline 0.004 -18"><span class='ocrx_word' id='word_1_299' title='bbox 381 2417 670 2474; x_wconf 88' lang='lat' dir='ltr'><strong>desinant:</strong></span> <span class='ocrx_word' id='word_1_300' title='bbox 713 2433 782 2472; x_wconf 88' lang='lat' dir='ltr'><strong>ne</strong></span> <span class='ocrx_word' id='word_1_301' title='bbox 802 2418 1172 2473; x_wconf 90' lang='lat' dir='ltr'><strong>debacchetur</strong></span> <span class='ocrx_word' id='word_1_302' title='bbox 1201 2427 1365 2490; x_wconf 87' lang='lat' dir='ltr'><strong>atque</strong></span> <span class='ocrx_word' id='word_1_303' title='bbox 1393 2431 1673 2490; x_wconf 81' lang='lat' dir='ltr'><strong>grassetur</strong></span> <span class='ocrx_word' id='word_1_304' title='bbox 1697 2421 1962 2478; x_wconf 87' lang='lat' dir='ltr'><strong>adversus</strong></span> 
     </span>
    </p>
   </div>
   <div class='ocr_carea' id='block_1_44' title="bbox 382 2506 1954 2577">
    <p class='ocr_par' dir='ltr' id='par_1_44' title="bbox 382 2506 1954 2577">
     <span class='ocr_line' id='line_1_44' title="bbox 382 2506 1954 2577; baseline 0.003 -17"><span class='ocrx_word' id='word_1_305' title='bbox 382 2507 584 2577; x_wconf 89' lang='lat' dir='ltr'><strong>templa</strong></span> <span class='ocrx_word' id='word_1_306' title='bbox 619 2507 882 2561; x_wconf 76' lang='lat' dir='ltr'><strong>altariave</strong></span> <span class='ocrx_word' id='word_1_307' title='bbox 917 2506 1172 2562; x_wconf 90' lang='lat' dir='ltr'><strong>rabiosus</strong></span> <span class='ocrx_word' id='word_1_308' title='bbox 1219 2514 1273 2561; x_wconf 91' lang='lat' dir='ltr'><strong>et</strong></span> <span class='ocrx_word' id='word_1_309' title='bbox 1325 2508 1623 2564; x_wconf 84' lang='lat' dir='ltr'><strong>sceleratus</strong></span> <span class='ocrx_word' id='word_1_310' title='bbox 1645 2508 1910 2562; x_wconf 88' lang='lat' dir='ltr'><strong>barbarus</strong></span> <span class='ocrx_word' id='word_1_311' title='bbox 1939 2526 1954 2565; x_wconf 88' lang='lat'><strong>:</strong></span> 
     </span>
    </p>
   </div>
   <div class='ocr_carea' id='block_1_45' title="bbox 383 2596 1960 2668">
    <p class='ocr_par' dir='ltr' id='par_1_45' title="bbox 383 2596 1960 2668">
     <span class='ocr_line' id='line_1_45' title="bbox 383 2596 1960 2668; baseline 0.001 -15"><span class='ocrx_word' id='word_1_312' title='bbox 383 2614 452 2653; x_wconf 86' lang='lat' dir='ltr'><strong>ne</strong></span> <span class='ocrx_word' id='word_1_313' title='bbox 483 2598 772 2654; x_wconf 88' lang='lat' dir='ltr'><strong>conculcet</strong></span> <span class='ocrx_word' id='word_1_314' title='bbox 799 2605 990 2652; x_wconf 91' lang='lat' dir='ltr'><strong>sancta</strong></span> <span class='ocrx_word' id='word_1_315' title='bbox 1020 2596 1286 2668; x_wconf 91' lang='lat' dir='ltr'><strong>profanus</strong></span> <span class='ocrx_word' id='word_1_316' title='bbox 1318 2605 1372 2653; x_wconf 88' lang='lat' dir='ltr'><strong>et</strong></span> <span class='ocrx_word' id='word_1_317' title='bbox 1417 2598 1640 2667; x_wconf 83' lang='lat' dir='ltr'><strong>impius.</strong></span> <span class='ocrx_word' id='word_1_318' title='bbox 1669 2599 1782 2654; x_wconf 88' lang='lat' dir='ltr'><strong>Nos</strong></span> <span class='ocrx_word' id='word_1_319' title='bbox 1813 2600 1960 2654; x_wconf 91' lang='lat' dir='ltr'><strong>enim</strong></span> 
     </span>
    </p>
   </div>
   <div class='ocr_carea' id='block_1_46' title="bbox 384 2687 1956 2758">
    <p class='ocr_par' dir='ltr' id='par_1_46' title="bbox 384 2687 1956 2758">
     <span class='ocr_line' id='line_1_46' title="bbox 384 2687 1956 2758; baseline 0.001 -16"><span class='ocrx_word' id='word_1_320' title='bbox 384 2689 574 2754; x_wconf 82' lang='lat' dir='ltr'><strong>etiam,</strong></span> <span class='ocrx_word' id='word_1_321' title='bbox 605 2688 750 2758; x_wconf 89' lang='lat' dir='ltr'><strong>quod</strong></span> <span class='ocrx_word' id='word_1_322' title='bbox 784 2687 1088 2744; x_wconf 88' lang='lat' dir='ltr'><strong>incolumes</strong></span> <span class='ocrx_word' id='word_1_323' title='bbox 1105 2698 1160 2743; x_wconf 87' lang='lat' dir='ltr'><strong>et</strong></span> <span class='ocrx_word' id='word_1_324' title='bbox 1191 2689 1389 2758; x_wconf 81' lang='lat' dir='ltr'><strong>integri</strong></span> <span class='ocrx_word' id='word_1_325' title='bbox 1411 2691 1718 2745; x_wconf 84' lang='lat' dir='ltr'><strong>conservati</strong></span> <span class='ocrx_word' id='word_1_326' title='bbox 1743 2705 1956 2758; x_wconf 84' lang='lat' dir='ltr'><strong>sumus,</strong></span> 
     </span>
    </p>
   </div>
   <div class='ocr_carea' id='block_1_47' title="bbox 382 2779 1958 2850">
    <p class='ocr_par' dir='ltr' id='par_1_47' title="bbox 382 2779 1958 2850">
     <span class='ocr_line' id='line_1_47' title="bbox 382 2779 1958 2850; baseline 0.002 -17"><span class='ocrx_word' id='word_1_327' title='bbox 382 2781 481 2834; x_wconf 85' lang='lat' dir='ltr'><strong>tibi</strong></span> <span class='ocrx_word' id='word_1_328' title='bbox 529 2779 853 2836; x_wconf 90' lang='lat' dir='ltr'><strong>beneﬁcium</strong></span> <span class='ocrx_word' id='word_1_329' title='bbox 897 2787 1180 2850; x_wconf 89' lang='lat' dir='ltr'><strong>acceptum</strong></span> <span class='ocrx_word' id='word_1_330' title='bbox 1229 2779 1539 2836; x_wconf 87' lang='lat' dir='ltr'><strong>referimus.</strong></span> <span class='ocrx_word' id='word_1_331' title='bbox 1573 2779 1820 2836; x_wconf 87' lang='lat' dir='ltr'><strong>Petimus</strong></span> <span class='ocrx_word' id='word_1_332' title='bbox 1859 2797 1958 2836; x_wconf 83' lang='lat' dir='ltr'><strong>au-</strong></span> 
     </span>
    </p>
   </div>
   <div class='ocr_carea' id='block_1_48' title="bbox 385 2869 1959 2942">
    <p class='ocr_par' dir='ltr' id='par_1_48' title="bbox 385 2869 1959 2942">
     <span class='ocr_line' id='line_1_48' title="bbox 385 2869 1959 2942; baseline 0 -15"><span class='ocrx_word' id='word_1_333' title='bbox 385 2881 494 2927; x_wconf 89' lang='lat' dir='ltr'><strong>tem</strong></span> <span class='ocrx_word' id='word_1_334' title='bbox 523 2871 687 2926; x_wconf 90' lang='lat' dir='ltr'><strong>etiam</strong></span> <span class='ocrx_word' id='word_1_335' title='bbox 725 2869 894 2927; x_wconf 87' lang='lat' dir='ltr'><strong>futuri</strong></span> <span class='ocrx_word' id='word_1_336' title='bbox 919 2871 1180 2941; x_wconf 91' lang='lat' dir='ltr'><strong>temporis</strong></span> <span class='ocrx_word' id='word_1_337' title='bbox 1212 2871 1525 2942; x_wconf 73' lang='lat' dir='ltr'><strong>praesidium</strong></span> <span class='ocrx_word' id='word_1_338' title='bbox 1559 2880 1722 2942; x_wconf 80' lang='lat' dir='ltr'><strong>atque</strong></span> <span class='ocrx_word' id='word_1_339' title='bbox 1749 2875 1959 2928; x_wconf 89' lang='lat' dir='ltr'><strong>securi-</strong></span> 
     </span>
    </p>
   </div>
   <div class='ocr_carea' id='block_1_49' title="bbox 383 2961 1959 3034">
    <p class='ocr_par' dir='ltr' id='par_1_49' title="bbox 383 2961 1959 3034">
     <span class='ocr_line' id='line_1_49' title="bbox 383 2961 1959 3034; baseline 0.001 -16"><span class='ocrx_word' id='word_1_340' title='bbox 383 2971 574 3019; x_wconf 88' lang='lat' dir='ltr'><strong>tatem.</strong></span> <span class='ocrx_word' id='word_1_341' title='bbox 611 2961 768 3030; x_wconf 84' lang='lat' dir='ltr'><strong>Quod</strong></span> <span class='ocrx_word' id='word_1_342' title='bbox 803 2962 851 3019; x_wconf 85' lang='lat' dir='ltr'><strong>si</strong></span> <span class='ocrx_word' id='word_1_343' title='bbox 911 2962 1108 3034; x_wconf 87' lang='lat' dir='ltr'><strong>majori</strong></span> <span class='ocrx_word' id='word_1_344' title='bbox 1146 2963 1313 3018; x_wconf 89' lang='lat' dir='ltr'><strong>etiam</strong></span> <span class='ocrx_word' id='word_1_345' title='bbox 1351 2977 1489 3033; x_wconf 82' lang='lat' dir='ltr'><strong>Opus</strong></span> <span class='ocrx_word' id='word_1_346' title='bbox 1532 2963 1694 3018; x_wconf 83' lang='lat' dir='ltr'><strong>fuerit</strong></span> <span class='ocrx_word' id='word_1_347' title='bbox 1725 2964 1959 3019; x_wconf 65' lang='lat' dir='ltr'><strong>advoca~</strong></span> 
     </span>
    </p>
   </div>
   <div class='ocr_carea' id='block_1_50' title="bbox 381 3054 1956 3128">
    <p class='ocr_par' dir='ltr' id='par_1_50' title="bbox 381 3054 1956 3128">
     <span class='ocr_line' id='line_1_50' title="bbox 381 3054 1956 3128; baseline 0.002 -20"><span class='ocrx_word' id='word_1_348' title='bbox 381 3056 534 3112; x_wconf 85' lang='lat' dir='ltr'><strong>tione</strong></span> <span class='ocrx_word' id='word_1_349' title='bbox 559 3069 624 3110; x_wconf 89' lang='lat' dir='ltr'><strong>ac</strong></span> <span class='ocrx_word' id='word_1_350' title='bbox 676 3054 1086 3126; x_wconf 85' lang='lat' dir='ltr'><strong>deprecatione,</strong></span> <span class='ocrx_word' id='word_1_351' title='bbox 1123 3054 1358 3111; x_wconf 87' lang='lat' dir='ltr'><strong>fratrum</strong></span> <span class='ocrx_word' id='word_1_352' title='bbox 1401 3065 1620 3110; x_wconf 90' lang='lat' dir='ltr'><strong>tuorum</strong></span> <span class='ocrx_word' id='word_1_353' title='bbox 1654 3066 1956 3128; x_wconf 82' lang='lat' dir='ltr'><strong>martyrum</strong></span> 
     </span>
    </p>
   </div>
   <div class='ocr_carea' id='block_1_51' title="bbox 379 3147 1962 3219">
    <p class='ocr_par' dir='ltr' id='par_1_51' title="bbox 379 3147 1962 3219">
     <span class='ocr_line' id='line_1_51' title="bbox 379 3147 1962 3219; baseline 0 -17"><span class='ocrx_word' id='word_1_354' title='bbox 379 3162 512 3219; x_wconf 88' lang='lat' dir='ltr'><strong>coge</strong></span> <span class='ocrx_word' id='word_1_355' title='bbox 537 3147 791 3213; x_wconf 89' lang='lat' dir='ltr'><strong>chorum,</strong></span> <span class='ocrx_word' id='word_1_356' title='bbox 817 3155 871 3204; x_wconf 89' lang='lat' dir='ltr'><strong>et</strong></span> <span class='ocrx_word' id='word_1_357' title='bbox 900 3161 1023 3202; x_wconf 90' lang='lat' dir='ltr'><strong>cum</strong></span> <span class='ocrx_word' id='word_1_358' title='bbox 1050 3147 1314 3203; x_wconf 85' lang='lat' dir='ltr'><strong>omnibus</strong></span> <span class='ocrx_word' id='word_1_359' title='bbox 1335 3162 1439 3203; x_wconf 88' lang='lat' dir='ltr'><strong>una</strong></span> <span class='ocrx_word' id='word_1_360' title='bbox 1465 3147 1792 3218; x_wconf 88' lang='lat' dir='ltr'><strong>deprecare:</strong></span> <span class='ocrx_word' id='word_1_361' title='bbox 1821 3148 1962 3202; x_wconf 84' lang='lat' dir='ltr'><strong>mul-</strong></span> 
     </span>
    </p>
   </div>
   <div class='ocr_carea' id='block_1_52' title="bbox 379 3238 1959 3310">
    <p class='ocr_par' dir='ltr' id='par_1_52' title="bbox 379 3238 1959 3310">
     <span class='ocr_line' id='line_1_52' title="bbox 379 3238 1959 3310; baseline -0.001 -15"><span class='ocrx_word' id='word_1_362' title='bbox 379 3247 558 3295; x_wconf 88' lang='lat' dir='ltr'><strong>torum</strong></span> <span class='ocrx_word' id='word_1_363' title='bbox 587 3238 861 3309; x_wconf 73' lang='lat' dir='ltr'><strong>iustorum</strong></span> <span class='ocrx_word' id='word_1_364' title='bbox 909 3254 1100 3309; x_wconf 88' lang='lat' dir='ltr'><strong>preces</strong></span> <span class='ocrx_word' id='word_1_365' title='bbox 1136 3239 1506 3295; x_wconf 88' lang='lat' dir='ltr'><strong>multitudinis</strong></span> <span class='ocrx_word' id='word_1_366' title='bbox 1539 3254 1603 3294; x_wconf 85' lang='lat' dir='ltr'><strong>ac</strong></span> <span class='ocrx_word' id='word_1_367' title='bbox 1633 3239 1959 3310; x_wconf 82' lang='lat' dir='ltr'><strong>populorum</strong></span> 
     </span>
    </p>
   </div>
   <div class='ocr_carea' id='block_1_53' title="bbox 378 3328 1959 3404">
    <p class='ocr_par' dir='ltr' id='par_1_53' title="bbox 378 3328 1959 3404">
     <span class='ocr_line' id='line_1_53' title="bbox 378 3328 1959 3404; baseline -0.003 -18"><span class='ocrx_word' id='word_1_368' title='bbox 378 3339 600 3404; x_wconf 86' lang='lat' dir='ltr'><strong>peccata</strong></span> <span class='ocrx_word' id='word_1_369' title='bbox 649 3330 831 3400; x_wconf 88' lang='lat' dir='ltr'><strong>luant;</strong></span> <span class='ocrx_word' id='word_1_370' title='bbox 891 3329 1126 3386; x_wconf 87' lang='lat' dir='ltr'><strong>admone</strong></span> <span class='ocrx_word' id='word_1_371' title='bbox 1180 3330 1423 3396; x_wconf 85' lang='lat' dir='ltr'><strong>Petrum,</strong></span> <span class='ocrx_word' id='word_1_372' title='bbox 1469 3329 1648 3386; x_wconf 81' lang='lat' dir='ltr'><strong>excita</strong></span> <span class='ocrx_word' id='word_1_373' title='bbox 1707 3328 1959 3393; x_wconf 85' lang='lat' dir='ltr'><strong>Paulum,</strong></span> 
     </span>
    </p>
   </div>
   <div class='ocr_carea' id='block_1_54' title="bbox 379 3421 1957 3496">
    <p class='ocr_par' dir='ltr' id='par_1_54' title="bbox 379 3421 1957 3496">
     <span class='ocr_line' id='line_1_54' title="bbox 379 3421 1957 3496; baseline -0.003 -17"><span class='ocrx_word' id='word_1_374' title='bbox 379 3421 647 3481; x_wconf 75' lang='lat' dir='ltr'><strong>Joannem</strong></span> <span class='ocrx_word' id='word_1_375' title='bbox 678 3423 808 3480; x_wconf 89' lang='lat' dir='ltr'><strong>item</strong></span> <span class='ocrx_word' id='word_1_376' title='bbox 844 3421 1183 3496; x_wconf 85' lang='lat' dir='ltr'><strong>Thcologum</strong></span> <span class='ocrx_word' id='word_1_377' title='bbox 1216 3438 1280 3478; x_wconf 91' lang='lat' dir='ltr'><strong>ac</strong></span> <span class='ocrx_word' id='word_1_378' title='bbox 1319 3423 1644 3494; x_wconf 85' lang='lat' dir='ltr'><strong>discipulum</strong></span> <span class='ocrx_word' id='word_1_379' title='bbox 1675 3421 1957 3487; x_wconf 88' lang='lat' dir='ltr'><strong>dilectum,</strong></span> 
     </span>
    </p>
   </div>
   <div class='ocr_carea' id='block_1_55' title="bbox 379 3513 1957 3589">
    <p class='ocr_par' dir='ltr' id='par_1_55' title="bbox 379 3513 1957 3589">
     <span class='ocr_line' id='line_1_55' title="bbox 379 3513 1957 3589; baseline -0.003 -17"><span class='ocrx_word' id='word_1_380' title='bbox 379 3525 437 3573; x_wconf 90' lang='lat' dir='ltr'><strong>ut</strong></span> <span class='ocrx_word' id='word_1_381' title='bbox 477 3531 578 3589; x_wconf 86' lang='lat' dir='ltr'><strong>pro</strong></span> <span class='ocrx_word' id='word_1_382' title='bbox 609 3515 873 3574; x_wconf 71' lang='lat' dir='ltr'><strong>Ecclesiis</strong></span> <span class='ocrx_word' id='word_1_383' title='bbox 918 3531 1057 3586; x_wconf 87' lang='lat' dir='ltr'><strong>quas</strong></span> <span class='ocrx_word' id='word_1_384' title='bbox 1091 3515 1500 3572; x_wconf 87' lang='lat' dir='ltr'><strong>constituerunt</strong></span> <span class='ocrx_word' id='word_1_385' title='bbox 1551 3513 1772 3570; x_wconf 88' lang='lat' dir='ltr'><strong>solliciti</strong></span> <span class='ocrx_word' id='word_1_386' title='bbox 1813 3513 1957 3583; x_wconf 86' lang='lat' dir='ltr'><strong>sint,</strong></span> 
     </span>
    </p>
   </div>
   <div class='ocr_carea' id='block_1_56' title="bbox 377 3606 1961 3681">
    <p class='ocr_par' dir='ltr' id='par_1_56' title="bbox 377 3606 1961 3681">
     <span class='ocr_line' id='line_1_56' title="bbox 377 3606 1961 3681; baseline -0.001 -19"><span class='ocrx_word' id='word_1_387' title='bbox 377 3623 480 3680; x_wconf 77' lang='lat' dir='ltr'><strong>pro</strong></span> <span class='ocrx_word' id='word_1_388' title='bbox 521 3608 723 3681; x_wconf 83' lang='lat' dir='ltr'><strong>quibus</strong></span> <span class='ocrx_word' id='word_1_389' title='bbox 757 3615 983 3664; x_wconf 86' lang='lat' dir='ltr'><strong>catenas</strong></span> <span class='ocrx_word' id='word_1_390' title='bbox 1019 3617 1395 3679; x_wconf 82' lang='lat' dir='ltr'><strong>gestaverunt,</strong></span> <span class='ocrx_word' id='word_1_391' title='bbox 1441 3621 1540 3676; x_wconf 90' lang='lat' dir='ltr'><strong>pro</strong></span> <span class='ocrx_word' id='word_1_392' title='bbox 1567 3607 1768 3675; x_wconf 87' lang='lat' dir='ltr'><strong>quibus</strong></span> <span class='ocrx_word' id='word_1_393' title='bbox 1815 3606 1961 3676; x_wconf 78' lang='lat' dir='ltr'><strong>peri-</strong></span> 
     </span>
    </p>
   </div>
   <div class='ocr_carea' id='block_1_57' title="bbox 377 3699 1958 3768">
    <p class='ocr_par' dir='ltr' id='par_1_57' title="bbox 377 3699 1958 3768">
     <span class='ocr_line' id='line_1_57' title="bbox 377 3699 1958 3768; baseline 0 -14"><span class='ocrx_word' id='word_1_394' title='bbox 377 3699 502 3754; x_wconf 86' lang='lat' dir='ltr'><strong>cula</strong></span> <span class='ocrx_word' id='word_1_395' title='bbox 556 3714 620 3755; x_wconf 90' lang='lat' dir='ltr'><strong>ac</strong></span> <span class='ocrx_word' id='word_1_396' title='bbox 651 3707 858 3757; x_wconf 83' lang='lat' dir='ltr'><strong>mortes</strong></span> <span class='ocrx_word' id='word_1_397' title='bbox 905 3700 1168 3768; x_wconf 84' lang='lat' dir='ltr'><strong>tulerunt,</strong></span> <span class='ocrx_word' id='word_1_398' title='bbox 1224 3716 1292 3757; x_wconf 88' lang='lat' dir='ltr'><strong>ne</strong></span> <span class='ocrx_word' id='word_1_399' title='bbox 1324 3699 1744 3756; x_wconf 89' lang='lat' dir='ltr'><strong>simulacrorum</strong></span> <span class='ocrx_word' id='word_1_400' title='bbox 1777 3699 1958 3754; x_wconf 90' lang='lat' dir='ltr'><strong>cultus</strong></span> 
     </span>
    </p>
   </div>
   <div class='ocr_carea' id='block_1_58' title="bbox 378 3791 1959 3864">
    <p class='ocr_par' dir='ltr' id='par_1_58' title="bbox 378 3791 1959 3864">
     <span class='ocr_line' id='line_1_58' title="bbox 378 3791 1959 3864; baseline 0.001 -18"><span class='ocrx_word' id='word_1_401' title='bbox 378 3791 666 3848; x_wconf 79' lang='lat' dir='ltr'><strong>adversum</strong></span> <span class='ocrx_word' id='word_1_402' title='bbox 696 3806 798 3848; x_wconf 86' lang='lat' dir='ltr'><strong>nos</strong></span> <span class='ocrx_word' id='word_1_403' title='bbox 835 3803 996 3864; x_wconf 87' lang='lat' dir='ltr'><strong>caput</strong></span> <span class='ocrx_word' id='word_1_404' title='bbox 1021 3795 1216 3862; x_wconf 89' lang='lat' dir='ltr'><strong>tollat;</strong></span> <span class='ocrx_word' id='word_1_405' title='bbox 1249 3809 1318 3851; x_wconf 82' lang='lat' dir='ltr'><strong>ne</strong></span> <span class='ocrx_word' id='word_1_406' title='bbox 1355 3794 1591 3850; x_wconf 64' lang='lat' dir='ltr'><strong>haereses</strong></span> <span class='ocrx_word' id='word_1_407' title='bbox 1628 3795 1771 3849; x_wconf 88' lang='lat' dir='ltr'><strong>sicut</strong></span> <span class='ocrx_word' id='word_1_408' title='bbox 1788 3794 1959 3864; x_wconf 88' lang='lat' dir='ltr'><strong>spinae</strong></span> 
     </span>
    </p>
   </div>
   <div class='ocr_carea' id='block_1_59' title="bbox 375 3883 1960 3952">
    <p class='ocr_par' dir='ltr' id='par_1_59' title="bbox 375 3883 1960 3952">
     <span class='ocr_line' id='line_1_59' title="bbox 375 3883 1960 3952; baseline 0 -12"><span class='ocrx_word' id='word_1_409' title='bbox 375 3883 550 3940; x_wconf 73' lang='lat' dir='ltr'><strong>vineae</strong></span> <span class='ocrx_word' id='word_1_410' title='bbox 597 3893 970 3952; x_wconf 87' lang='lat' dir='ltr'><strong>succrescant,</strong></span> <span class='ocrx_word' id='word_1_411' title='bbox 1030 3902 1096 3941; x_wconf 89' lang='lat' dir='ltr'><strong>ne</strong></span> <span class='ocrx_word' id='word_1_412' title='bbox 1151 3885 1418 3942; x_wconf 79' lang='lat' dir='ltr'><strong>zizanium</strong></span> <span class='ocrx_word' id='word_1_413' title='bbox 1472 3885 1674 3942; x_wconf 78' lang='lat' dir='ltr'><strong>editum</strong></span> <span class='ocrx_word' id='word_1_414' title='bbox 1733 3885 1960 3941; x_wconf 82' lang='lat' dir='ltr'><strong>sulfocet</strong></span> 
     </span>
    </p>
   </div>
   <div class='ocr_carea' id='block_1_60' title="bbox 377 3971 1960 4049">
    <p class='ocr_par' dir='ltr' id='par_1_60' title="bbox 377 3971 1960 4049">
     <span class='ocr_line' id='line_1_60' title="bbox 377 3971 1960 4049; baseline 0.003 -20"><span class='ocrx_word' id='word_1_415' title='bbox 377 3976 638 4032; x_wconf 87' lang='lat' dir='ltr'><strong>triticum.</strong></span> <span class='ocrx_word' id='word_1_416' title='bbox 674 3971 752 4033; x_wconf 88' lang='lat' dir='ltr'><strong>Ne</strong></span> <span class='ocrx_word' id='word_1_417' title='bbox 780 3993 886 4048; x_wconf 87' lang='lat' dir='ltr'><strong>qua</strong></span> <span class='ocrx_word' id='word_1_418' title='bbox 899 3984 1051 4048; x_wconf 89' lang='lat' dir='ltr'><strong>petra</strong></span> <span class='ocrx_word' id='word_1_419' title='bbox 1082 3980 1194 4034; x_wconf 88' lang='lat' dir='ltr'><strong>veri</strong></span> <span class='ocrx_word' id='word_1_420' title='bbox 1228 3979 1370 4034; x_wconf 88' lang='lat' dir='ltr'><strong>roris</strong></span> <span class='ocrx_word' id='word_1_421' title='bbox 1397 3977 1722 4049; x_wconf 89' lang='lat' dir='ltr'><strong>pinguedine</strong></span> <span class='ocrx_word' id='word_1_422' title='bbox 1763 3992 1960 4034; x_wconf 86' lang='lat' dir='ltr'><strong>carens</strong></span> 
     </span>
    </p>
   </div>
   <div class='ocr_carea' id='block_1_61' title="bbox 376 4070 1960 4136">
    <p class='ocr_par' dir='ltr' id='par_1_61' title="bbox 376 4070 1960 4136">
     <span class='ocr_line' id='line_1_61' title="bbox 376 4070 1960 4136; baseline 0.002 -12"><span class='ocrx_word' id='word_1_423' title='bbox 376 4070 665 4127; x_wconf 88' lang='lat' dir='ltr'><strong>adversum</strong></span> <span class='ocrx_word' id='word_1_424' title='bbox 697 4086 797 4126; x_wconf 91' lang='lat' dir='ltr'><strong>nos</strong></span> <span class='ocrx_word' id='word_1_425' title='bbox 818 4072 1068 4136; x_wconf 84' lang='lat' dir='ltr'><strong>exsistat,</strong></span> <span class='ocrx_word' id='word_1_426' title='bbox 1097 4081 1152 4128; x_wconf 93' lang='lat' dir='ltr'><strong>et</strong></span> <span class='ocrx_word' id='word_1_427' title='bbox 1183 4072 1457 4129; x_wconf 91' lang='lat' dir='ltr'><strong>sermonis</strong></span> <span class='ocrx_word' id='word_1_428' title='bbox 1488 4087 1552 4128; x_wconf 91' lang='lat' dir='ltr'><strong>ac</strong></span> <span class='ocrx_word' id='word_1_429' title='bbox 1585 4071 1739 4128; x_wconf 89' lang='lat' dir='ltr'><strong>verbi</strong></span> <span class='ocrx_word' id='word_1_430' title='bbox 1775 4071 1960 4128; x_wconf 86' lang='lat' dir='ltr'><strong>fertili-</strong></span> 
     </span>
    </p>
   </div>
   <div class='ocr_carea' id='block_1_62' title="bbox 375 4163 1962 4236">
    <p class='ocr_par' dir='ltr' id='par_1_62' title="bbox 375 4163 1962 4236">
     <span class='ocr_line' id='line_1_62' title="bbox 375 4163 1962 4236; baseline 0.003 -21"><span class='ocrx_word' id='word_1_431' title='bbox 375 4163 502 4218; x_wconf 87' lang='lat' dir='ltr'><strong>tatis</strong></span> <span class='ocrx_word' id='word_1_432' title='bbox 531 4163 639 4218; x_wconf 83' lang='lat' dir='ltr'><strong>vim</strong></span> <span class='ocrx_word' id='word_1_433' title='bbox 690 4164 890 4222; x_wconf 86' lang='lat' dir='ltr'><strong>radicis</strong></span> <span class='ocrx_word' id='word_1_434' title='bbox 929 4172 1201 4236; x_wconf 83' lang='lat' dir='ltr'><strong>expertem</strong></span> <span class='ocrx_word' id='word_1_435' title='bbox 1249 4163 1468 4232; x_wconf 88' lang='lat' dir='ltr'><strong>efﬁciat,</strong></span> <span class='ocrx_word' id='word_1_436' title='bbox 1491 4164 1585 4220; x_wconf 90' lang='lat' dir='ltr'><strong>sed</strong></span> <span class='ocrx_word' id='word_1_437' title='bbox 1615 4165 1816 4220; x_wconf 85' lang='lat' dir='ltr'><strong>virtute</strong></span> <span class='ocrx_word' id='word_1_438' title='bbox 1855 4171 1962 4219; x_wconf 74' lang='lat' dir='ltr'><strong>tuae</strong></span> 
     </span>
    </p>
   </div>
   <div class='ocr_carea' id='block_1_63' title="bbox 376 4255 1958 4330">
    <p class='ocr_par' dir='ltr' id='par_1_63' title="bbox 376 4255 1958 4330">
     <span class='ocr_line' id='line_1_63' title="bbox 376 4255 1958 4330; baseline 0.002 -22"><span class='ocrx_word' id='word_1_439' title='bbox 376 4255 760 4327; x_wconf 89' lang='lat' dir='ltr'><strong>sociorumque</strong></span> <span class='ocrx_word' id='word_1_440' title='bbox 775 4265 996 4319; x_wconf 85' lang='lat' dir='ltr'><strong>tuorum</strong></span> <span class='ocrx_word' id='word_1_441' title='bbox 1027 4257 1449 4330; x_wconf 85' lang='lat' dir='ltr'><strong>deprecationis,</strong></span> <span class='ocrx_word' id='word_1_442' title='bbox 1481 4273 1513 4314; x_wconf 96' lang='lat' dir='ltr'><strong>o</strong></span> <span class='ocrx_word' id='word_1_443' title='bbox 1537 4257 1620 4312; x_wconf 89' lang='lat' dir='ltr'><strong>vir</strong></span> <span class='ocrx_word' id='word_1_444' title='bbox 1639 4255 1958 4312; x_wconf 82' lang='lat' dir='ltr'><strong>admirando</strong></span> 
     </span>
    </p>
   </div>
   <div class='ocr_carea' id='block_1_64' title="bbox 2065 1775 3632 1851">
    <p class='ocr_par' dir='ltr' id='par_1_64' title="bbox 2065 1775 3632 1851">
     <span class='ocr_line' id='line_1_64' title="bbox 2065 1775 3632 1851; baseline -0.001 -18"><span class='ocrx_word' id='word_1_445' title='bbox 2065 1778 2455 1850; x_wconf 85' lang='grc' dir='ltr'>ὐπερμάχησον</span> <span class='ocrx_word' id='word_1_446' title='bbox 2478 1794 2493 1809; x_wconf 79' lang='grc' dir='ltr'><strong>ο</strong></span> <span class='ocrx_word' id='word_1_447' title='bbox 2519 1777 2596 1840; x_wconf 84' lang='grc' dir='ltr'>ὡς</span> <span class='ocrx_word' id='word_1_448' title='bbox 2634 1777 2846 1848; x_wconf 84' lang='grc' dir='ltr'>μάρτυς</span> <span class='ocrx_word' id='word_1_449' title='bbox 2873 1776 3014 1848; x_wconf 84' lang='grc' dir='ltr'>ὑπὲρ</span> <span class='ocrx_word' id='word_1_450' title='bbox 3040 1776 3148 1832; x_wconf 87' lang='grc' dir='ltr'><strong>τῶν</strong></span> <span class='ocrx_word' id='word_1_451' title='bbox 3171 1775 3466 1848; x_wconf 79' lang='grc' dir='ltr'>ὁμοδούλων</span> <span class='ocrx_word' id='word_1_452' title='bbox 3499 1780 3632 1851; x_wconf 80' lang='grc' dir='ltr'>χρῆ-</span> 
     </span>
    </p>
   </div>
   <div class='ocr_carea' id='block_1_65' title="bbox 2063 1868 3630 1942">
    <p class='ocr_par' dir='ltr' id='par_1_65' title="bbox 2063 1868 3630 1942">
     <span class='ocr_line' id='line_1_65' title="bbox 2063 1868 3630 1942; baseline 0.001 -18"><span class='ocrx_word' id='word_1_453' title='bbox 2063 1888 2154 1924; x_wconf 88' lang='grc' dir='ltr'><strong>σαι</strong></span> <span class='ocrx_word' id='word_1_454' title='bbox 2196 1873 2262 1942; x_wconf 75' lang='grc' dir='ltr'>τῇ</span> <span class='ocrx_word' id='word_1_455' title='bbox 2308 1868 2609 1941; x_wconf 77' lang='grc' dir='ltr'>παρρησίᾳ.</span> <span class='ocrx_word' id='word_1_456' title='bbox 2665 1868 2728 1922; x_wconf 81' lang='lat' dir='ltr'><strong>El</strong></span> <span class='ocrx_word' id='word_1_457' title='bbox 2757 1868 2853 1923; x_wconf 78' lang='grc' dir='ltr'><strong>καὶ</strong></span> <span class='ocrx_word' id='word_1_458' title='bbox 2886 1868 3159 1940; x_wconf 79' lang='grc' dir='ltr'>ὑπερέϐης</span> <span class='ocrx_word' id='word_1_459' title='bbox 3200 1869 3290 1922; x_wconf 81' lang='grc' dir='ltr'><strong>τὸν</strong></span> <span class='ocrx_word' id='word_1_460' title='bbox 3311 1868 3460 1939; x_wconf 82' lang='grc' dir='ltr'>βίον,</span> <span class='ocrx_word' id='word_1_461' title='bbox 3523 1872 3630 1925; x_wconf 85' lang='grc' dir='ltr'>ἀλλ’</span> 
     </span>
    </p>
   </div>
   <div class='ocr_carea' id='block_1_66' title="bbox 2060 1959 3627 2034">
    <p class='ocr_par' dir='ltr' id='par_1_66' title="bbox 2060 1959 3627 2034">
     <span class='ocr_line' id='line_1_66' title="bbox 2060 1959 3627 2034; baseline -0.005 -17"><span class='ocrx_word' id='word_1_462' title='bbox 2060 1959 2208 2027; x_wconf 74' lang='grc' dir='ltr'>οἶδας</span> <span class='ocrx_word' id='word_1_463' title='bbox 2248 1963 2318 2017; x_wconf 83' lang='grc' dir='ltr'>τὰ</span> <span class='ocrx_word' id='word_1_464' title='bbox 2357 1962 2504 2033; x_wconf 86' lang='grc' dir='ltr'>πάθη</span> <span class='ocrx_word' id='word_1_465' title='bbox 2551 1961 2646 2014; x_wconf 70' lang='grc' dir='ltr'><strong>καὶ</strong></span> <span class='ocrx_word' id='word_1_466' title='bbox 2682 1960 2781 2025; x_wconf 84' lang='grc' dir='ltr'>τὰς</span> <span class='ocrx_word' id='word_1_467' title='bbox 2817 1961 3006 2033; x_wconf 83' lang='grc' dir='ltr'>χρείας</span> <span class='ocrx_word' id='word_1_468' title='bbox 3035 1961 3135 2032; x_wconf 81' lang='grc' dir='ltr'>τῆς</span> <span class='ocrx_word' id='word_1_469' title='bbox 3176 1961 3590 2034; x_wconf 71' lang='grc' dir='ltr'>άνθρωπότητος</span> <span class='ocrx_word' id='word_1_470' title='bbox 3616 1979 3627 1993; x_wconf 90' lang='grc'><strong>·</strong></span> 
     </span>
    </p>
   </div>
   <div class='ocr_carea' id='block_1_67' title="bbox 2062 2046 3624 2126">
    <p class='ocr_par' dir='ltr' id='par_1_67' title="bbox 2062 2046 3624 2126">
     <span class='ocr_line' id='line_1_67' title="bbox 2062 2046 3624 2126; baseline -0.001 -18"><span class='ocrx_word' id='word_1_471' title='bbox 2062 2055 2282 2125; x_wconf 80' lang='grc' dir='ltr'>αἴτησον</span> <span class='ocrx_word' id='word_1_472' title='bbox 2316 2055 2562 2125; x_wconf 73' lang='grc' dir='ltr'>εἰρήνην,</span> <span class='ocrx_word' id='word_1_473' title='bbox 2606 2054 2689 2106; x_wconf 80' lang='grc' dir='ltr'>ἵνα</span> <span class='ocrx_word' id='word_1_474' title='bbox 2718 2057 2771 2108; x_wconf 84' lang='grc' dir='ltr'>αἱ</span> <span class='ocrx_word' id='word_1_475' title='bbox 2811 2052 3146 2124; x_wconf 86' lang='grc' dir='ltr'>πανηγύρεις</span> <span class='ocrx_word' id='word_1_476' title='bbox 3170 2046 3329 2107; x_wconf 73' lang='grc' dir='ltr'>αὗται</span> <span class='ocrx_word' id='word_1_477' title='bbox 3360 2053 3431 2125; x_wconf 82' lang='grc' dir='ltr'><strong>μὴ</strong></span> <span class='ocrx_word' id='word_1_478' title='bbox 3454 2055 3624 2126; x_wconf 76' lang='grc' dir='ltr'>λήξω·</span> 
     </span>
    </p>
   </div>
   <div class='ocr_carea' id='block_1_68' title="bbox 2063 2142 3624 2216">
    <p class='ocr_par' dir='ltr' id='par_1_68' title="bbox 2063 2142 3624 2216">
     <span class='ocr_line' id='line_1_68' title="bbox 2063 2142 3624 2216; baseline 0 -18"><span class='ocrx_word' id='word_1_479' title='bbox 2063 2162 2145 2199; x_wconf 85' lang='grc' dir='ltr'><strong>σιν</strong></span> <span class='ocrx_word' id='word_1_480' title='bbox 2165 2186 2180 2210; x_wconf 94' lang='grc'><strong>,</strong></span> <span class='ocrx_word' id='word_1_481' title='bbox 2237 2145 2324 2198; x_wconf 74' lang='grc' dir='ltr'><strong>ἵνα</strong></span> <span class='ocrx_word' id='word_1_482' title='bbox 2379 2144 2454 2216; x_wconf 80' lang='grc' dir='ltr'>μὴ</span> <span class='ocrx_word' id='word_1_483' title='bbox 2501 2145 2734 2214; x_wconf 77' lang='grc' dir='ltr'>κωμάσῃ</span> <span class='ocrx_word' id='word_1_484' title='bbox 2780 2143 2920 2198; x_wconf 85' lang='grc' dir='ltr'><strong>κατά</strong></span> <span class='ocrx_word' id='word_1_485' title='bbox 2963 2143 3107 2199; x_wconf 86' lang='grc' dir='ltr'>ναῶν</span> <span class='ocrx_word' id='word_1_486' title='bbox 3155 2143 3188 2214; x_wconf 82' lang='grc' dir='ltr'><strong>ἢ</strong></span> <span class='ocrx_word' id='word_1_487' title='bbox 3238 2142 3496 2214; x_wconf 78' lang='grc' dir='ltr'>θυσιαστη</span> <span class='ocrx_word' id='word_1_488' title='bbox 3509 2145 3624 2215; x_wconf 76' lang='grc' dir='ltr'>ρίων</span> 
     </span>
    </p>
   </div>
   <div class='ocr_carea' id='block_1_69' title="bbox 2060 2234 3628 2308">
    <p class='ocr_par' dir='ltr' id='par_1_69' title="bbox 2060 2234 3628 2308">
     <span class='ocr_line' id='line_1_69' title="bbox 2060 2234 3628 2308; baseline 0.001 -19"><span class='ocrx_word' id='word_1_489' title='bbox 2060 2235 2270 2290; x_wconf 87' lang='grc' dir='ltr'>λυσσῶν</span> <span class='ocrx_word' id='word_1_490' title='bbox 2299 2236 2394 2290; x_wconf 81' lang='grc' dir='ltr'>καὶ</span> <span class='ocrx_word' id='word_1_491' title='bbox 2431 2235 2668 2305; x_wconf 82' lang='grc' dir='ltr'>ἄθεσμος</span> <span class='ocrx_word' id='word_1_492' title='bbox 2717 2234 2991 2307; x_wconf 81' lang='grc' dir='ltr'>βάρϐαρος</span> <span class='ocrx_word' id='word_1_493' title='bbox 3016 2277 3035 2301; x_wconf 93' lang='grc'><strong>,</strong></span> <span class='ocrx_word' id='word_1_494' title='bbox 3081 2235 3172 2289; x_wconf 80' lang='grc' dir='ltr'><strong>ἵνα</strong></span> <span class='ocrx_word' id='word_1_495' title='bbox 3209 2235 3281 2305; x_wconf 85' lang='grc' dir='ltr'>μὴ</span> <span class='ocrx_word' id='word_1_496' title='bbox 3320 2236 3541 2308; x_wconf 77' lang='grc' dir='ltr'>πατήσῃ</span> <span class='ocrx_word' id='word_1_497' title='bbox 3567 2238 3628 2290; x_wconf 72' lang='grc' dir='ltr'><strong>τά</strong></span> 
     </span>
    </p>
   </div>
   <div class='ocr_carea' id='block_1_70' title="bbox 2061 2322 3626 2401">
    <p class='ocr_par' dir='ltr' id='par_1_70' title="bbox 2061 2322 3626 2401">
     <span class='ocr_line' id='line_1_70' title="bbox 2061 2322 3626 2401; baseline -0.001 -16"><span class='ocrx_word' id='word_1_498' title='bbox 2061 2329 2190 2400; x_wconf 77' lang='grc' dir='ltr'>ἀγια</span> <span class='ocrx_word' id='word_1_499' title='bbox 2238 2329 2479 2401; x_wconf 82' lang='grc' dir='ltr'>βέϐηλος.</span> <span class='ocrx_word' id='word_1_500' title='bbox 2537 2330 2730 2400; x_wconf 80' lang='grc' dir='ltr'>Ἡμεῖς</span> <span class='ocrx_word' id='word_1_501' title='bbox 2772 2329 2882 2401; x_wconf 79' lang='grc' dir='ltr'><strong>γὰρ</strong></span> <span class='ocrx_word' id='word_1_502' title='bbox 2941 2330 3033 2384; x_wconf 70' lang='grc' dir='ltr'><strong>καὶ</strong></span> <span class='ocrx_word' id='word_1_503' title='bbox 3094 2330 3235 2400; x_wconf 84' lang='grc' dir='ltr'>ὑπὲρ</span> <span class='ocrx_word' id='word_1_504' title='bbox 3279 2322 3352 2382; x_wconf 79' lang='grc' dir='ltr'>ὧν</span> <span class='ocrx_word' id='word_1_505' title='bbox 3401 2331 3626 2395; x_wconf 76' lang='grc' dir='ltr'>ἀπαθεῖς</span> 
     </span>
    </p>
   </div>
   <div class='ocr_carea' id='block_1_71' title="bbox 2061 2422 3625 2494">
    <p class='ocr_par' dir='ltr' id='par_1_71' title="bbox 2061 2422 3625 2494">
     <span class='ocr_line' id='line_1_71' title="bbox 2061 2422 3625 2494; baseline -0.001 -17"><span class='ocrx_word' id='word_1_506' title='bbox 2061 2422 2460 2494; x_wconf 79' lang='grc' dir='ltr'>ὲιρυλάχθημεν,</span> <span class='ocrx_word' id='word_1_507' title='bbox 2485 2423 2568 2476; x_wconf 78' lang='grc' dir='ltr'><strong>σοὶ</strong></span> <span class='ocrx_word' id='word_1_508' title='bbox 2597 2423 2923 2494; x_wconf 77' lang='grc' dir='ltr'>λογιζόμεθα</span> <span class='ocrx_word' id='word_1_509' title='bbox 2951 2423 3050 2494; x_wconf 81' lang='grc' dir='ltr'><strong>τὴν</strong></span> <span class='ocrx_word' id='word_1_510' title='bbox 3072 2423 3417 2493; x_wconf 73' lang='grc' dir='ltr'>εὐεργεσίανο</span> <span class='ocrx_word' id='word_1_511' title='bbox 3451 2423 3625 2477; x_wconf 79' lang='grc' dir='ltr'>αἰτού-</span> 
     </span>
    </p>
   </div>
   <div class='ocr_carea' id='block_1_72' title="bbox 2063 2514 3626 2588">
    <p class='ocr_par' dir='ltr' id='par_1_72' title="bbox 2063 2514 3626 2588">
     <span class='ocr_line' id='line_1_72' title="bbox 2063 2514 3626 2588; baseline 0.002 -21"><span class='ocrx_word' id='word_1_512' title='bbox 2063 2532 2164 2585; x_wconf 88' lang='grc' dir='ltr'><strong>μεν</strong></span> <span class='ocrx_word' id='word_1_513' title='bbox 2187 2514 2243 2568; x_wconf 85' lang='grc' dir='ltr'>δὲ</span> <span class='ocrx_word' id='word_1_514' title='bbox 2273 2525 2365 2569; x_wconf 85' lang='grc' dir='ltr'><strong>και</strong></span> <span class='ocrx_word' id='word_1_515' title='bbox 2401 2514 2494 2568; x_wconf 75' lang='grc' dir='ltr'>τοῦ</span> <span class='ocrx_word' id='word_1_516' title='bbox 2536 2515 2818 2586; x_wconf 90' lang='grc' dir='ltr'>μέλλοντος</span> <span class='ocrx_word' id='word_1_517' title='bbox 2865 2515 2963 2587; x_wconf 82' lang='grc' dir='ltr'><strong>τὴν</strong></span> <span class='ocrx_word' id='word_1_518' title='bbox 2997 2517 3314 2586; x_wconf 82' lang='grc' dir='ltr'>ἀσφάλειαν.</span> <span class='ocrx_word' id='word_1_519' title='bbox 3349 2519 3441 2570; x_wconf 76' lang='grc' dir='ltr'>Ἂν</span> <span class='ocrx_word' id='word_1_520' title='bbox 3471 2519 3626 2588; x_wconf 81' lang='grc' dir='ltr'>χρεία</span> 
     </span>
    </p>
   </div>
   <div class='ocr_carea' id='block_1_73' title="bbox 2057 2606 3630 2680">
    <p class='ocr_par' dir='ltr' id='par_1_73' title="bbox 2057 2606 3630 2680">
     <span class='ocr_line' id='line_1_73' title="bbox 2057 2606 3630 2680; baseline 0.001 -19"><span class='ocrx_word' id='word_1_521' title='bbox 2057 2608 2282 2678; x_wconf 82' lang='grc' dir='ltr'>γένηται</span> <span class='ocrx_word' id='word_1_522' title='bbox 2315 2606 2408 2661; x_wconf 71' lang='grc' dir='ltr'><strong>καὶ</strong></span> <span class='ocrx_word' id='word_1_523' title='bbox 2439 2606 2681 2670; x_wconf 87' lang='grc' dir='ltr'>πλείονος</span> <span class='ocrx_word' id='word_1_524' title='bbox 2724 2607 3018 2674; x_wconf 78' lang='grc' dir='ltr'>δυσωπίας,</span> <span class='ocrx_word' id='word_1_525' title='bbox 3077 2608 3327 2680; x_wconf 79' lang='grc' dir='ltr'>ἄθροισον</span> <span class='ocrx_word' id='word_1_526' title='bbox 3351 2609 3442 2662; x_wconf 80' lang='grc' dir='ltr'><strong>τὸν</strong></span> <span class='ocrx_word' id='word_1_527' title='bbox 3472 2611 3630 2679; x_wconf 68' lang='grc' dir='ltr'>χορὸν</span> 
     </span>
    </p>
   </div>
   <div class='ocr_carea' id='block_1_74' title="bbox 2062 2695 3630 2770">
    <p class='ocr_par' dir='ltr' id='par_1_74' title="bbox 2062 2695 3630 2770">
     <span class='ocr_line' id='line_1_74' title="bbox 2062 2695 3630 2770; baseline -0.001 -18"><span class='ocrx_word' id='word_1_528' title='bbox 2062 2698 2169 2755; x_wconf 85' lang='grc' dir='ltr'><strong>τῶν</strong></span> <span class='ocrx_word' id='word_1_529' title='bbox 2199 2695 2307 2753; x_wconf 90' lang='grc' dir='ltr'><strong>σῶν</strong></span> <span class='ocrx_word' id='word_1_530' title='bbox 2336 2698 2579 2768; x_wconf 80' lang='grc' dir='ltr'>ἀδελφῶν</span> <span class='ocrx_word' id='word_1_531' title='bbox 2606 2697 2715 2751; x_wconf 86' lang='grc' dir='ltr'><strong>τῶν</strong></span> <span class='ocrx_word' id='word_1_532' title='bbox 2763 2698 3076 2769; x_wconf 83' lang='grc' dir='ltr'>μαρτύρων,</span> <span class='ocrx_word' id='word_1_533' title='bbox 3110 2701 3204 2752; x_wconf 73' lang='grc' dir='ltr'>καὶ</span> <span class='ocrx_word' id='word_1_534' title='bbox 3241 2699 3378 2770; x_wconf 83' lang='grc' dir='ltr'><strong>μετὰ</strong></span> <span class='ocrx_word' id='word_1_535' title='bbox 3411 2699 3630 2751; x_wconf 78' lang='grc' dir='ltr'>πάντων</span> 
     </span>
    </p>
   </div>
   <div class='ocr_carea' id='block_1_75' title="bbox 2058 2789 3633 2863">
    <p class='ocr_par' dir='ltr' id='par_1_75' title="bbox 2058 2789 3633 2863">
     <span class='ocr_line' id='line_1_75' title="bbox 2058 2789 3633 2863; baseline -0.001 -18"><span class='ocrx_word' id='word_1_536' title='bbox 2058 2789 2298 2863; x_wconf 78' lang='grc' dir='ltr'>δεήθητι·</span> <span class='ocrx_word' id='word_1_537' title='bbox 2357 2789 2566 2846; x_wconf 88' lang='grc' dir='ltr'>πολλῶν</span> <span class='ocrx_word' id='word_1_538' title='bbox 2619 2791 2842 2844; x_wconf 88' lang='grc' dir='ltr'>δικαίων</span> <span class='ocrx_word' id='word_1_539' title='bbox 2897 2791 3074 2861; x_wconf 74' lang='grc' dir='ltr'>εὐχαὶ,</span> <span class='ocrx_word' id='word_1_540' title='bbox 3122 2790 3266 2844; x_wconf 84' lang='grc' dir='ltr'>λαῶν</span> <span class='ocrx_word' id='word_1_541' title='bbox 3307 2792 3400 2845; x_wconf 67' lang='grc' dir='ltr'><strong>καὶ</strong></span> <span class='ocrx_word' id='word_1_542' title='bbox 3444 2791 3633 2862; x_wconf 74' lang='grc' dir='ltr'>δήμων</span> 
     </span>
    </p>
   </div>
   <div class='ocr_carea' id='block_1_76' title="bbox 2059 2881 3636 2954">
    <p class='ocr_par' dir='ltr' id='par_1_76' title="bbox 2059 2881 3636 2954">
     <span class='ocr_line' id='line_1_76' title="bbox 2059 2881 3636 2954; baseline 0.001 -19"><span class='ocrx_word' id='word_1_543' title='bbox 2059 2882 2334 2952; x_wconf 82' lang='grc' dir='ltr'>ἁμαρτίας</span> <span class='ocrx_word' id='word_1_544' title='bbox 2363 2881 2681 2935; x_wconf 83' lang='grc' dir='ltr'>λυσάτωσαν</span> <span class='ocrx_word' id='word_1_545' title='bbox 2701 2897 2715 2910; x_wconf 72' lang='grc'><strong><em>⁸</em></strong></span> <span class='ocrx_word' id='word_1_546' title='bbox 2761 2881 3074 2952; x_wconf 83' lang='grc' dir='ltr'>ὑπόμνησον</span> <span class='ocrx_word' id='word_1_547' title='bbox 3103 2882 3328 2954; x_wconf 83' lang='grc' dir='ltr'>Πέτρον,</span> <span class='ocrx_word' id='word_1_548' title='bbox 3370 2882 3636 2954; x_wconf 86' lang='grc' dir='ltr'>διέγειρον</span> 
     </span>
    </p>
   </div>
   <div class='ocr_carea' id='block_1_77' title="bbox 2061 2973 3637 3046">
    <p class='ocr_par' dir='ltr' id='par_1_77' title="bbox 2061 2973 3637 3046">
     <span class='ocr_line' id='line_1_77' title="bbox 2061 2973 3637 3046; baseline 0.001 -19"><span class='ocrx_word' id='word_1_549' title='bbox 2061 2974 2290 3040; x_wconf 75' lang='grc' dir='ltr'>Παῦλον,</span> <span class='ocrx_word' id='word_1_550' title='bbox 2325 2975 2578 3044; x_wconf 81' lang='grc' dir='ltr'>Ἰωάννην</span> <span class='ocrx_word' id='word_1_551' title='bbox 2608 2973 2808 3046; x_wconf 83' lang='grc' dir='ltr'>ὁμοίως</span> <span class='ocrx_word' id='word_1_552' title='bbox 2838 2973 2930 3027; x_wconf 81' lang='grc' dir='ltr'><strong>τὸν</strong></span> <span class='ocrx_word' id='word_1_553' title='bbox 2983 2973 3229 3042; x_wconf 81' lang='grc' dir='ltr'>θεολόγον</span> <span class='ocrx_word' id='word_1_554' title='bbox 3263 2976 3356 3028; x_wconf 71' lang='grc' dir='ltr'><strong>καὶ</strong></span> <span class='ocrx_word' id='word_1_555' title='bbox 3379 2975 3637 3046; x_wconf 71' lang='grc' dir='ltr'>φιλούμε-</span> 
     </span>
    </p>
   </div>
   <div class='ocr_carea' id='block_1_78' title="bbox 2061 3063 3636 3137">
    <p class='ocr_par' dir='ltr' id='par_1_78' title="bbox 2061 3063 3636 3137">
     <span class='ocr_line' id='line_1_78' title="bbox 2061 3063 3636 3137; baseline 0.001 -18"><span class='ocrx_word' id='word_1_556' title='bbox 2061 3081 2147 3119; x_wconf 92' lang='grc' dir='ltr'><strong>νον</strong></span> <span class='ocrx_word' id='word_1_557' title='bbox 2177 3064 2426 3136; x_wconf 86' lang='grc' dir='ltr'>μαθητήν</span> <span class='ocrx_word' id='word_1_558' title='bbox 2445 3083 2458 3096; x_wconf 90' lang='grc'><strong>·</strong></span> <span class='ocrx_word' id='word_1_559' title='bbox 2492 3065 2560 3118; x_wconf 71' lang='grc' dir='ltr'><strong>ἵν’</strong></span> <span class='ocrx_word' id='word_1_560' title='bbox 2589 3065 2728 3136; x_wconf 85' lang='grc' dir='ltr'>ὑπὲρ</span> <span class='ocrx_word' id='word_1_561' title='bbox 2766 3063 2880 3118; x_wconf 85' lang='grc' dir='ltr'><strong>τῶν</strong></span> <span class='ocrx_word' id='word_1_562' title='bbox 2917 3063 3252 3134; x_wconf 85' lang='grc' dir='ltr'>Ἐκκλησιῶν</span> <span class='ocrx_word' id='word_1_563' title='bbox 3283 3064 3352 3130; x_wconf 80' lang='grc' dir='ltr'><strong>ἀς</strong></span> <span class='ocrx_word' id='word_1_564' title='bbox 3381 3069 3636 3137; x_wconf 85' lang='grc' dir='ltr'>συνεστή-</span> 
     </span>
    </p>
   </div>
   <div class='ocr_carea' id='block_1_79' title="bbox 2062 3149 3635 3229">
    <p class='ocr_par' dir='ltr' id='par_1_79' title="bbox 2062 3149 3635 3229">
     <span class='ocr_line' id='line_1_79' title="bbox 2062 3149 3635 3229; baseline 0.001 -18"><span class='ocrx_word' id='word_1_565' title='bbox 2062 3174 2222 3211; x_wconf 89' lang='grc' dir='ltr'>σαντο</span> <span class='ocrx_word' id='word_1_566' title='bbox 2250 3157 2676 3228; x_wconf 84' lang='grc' dir='ltr'>μεριμνήσωσιν,</span> <span class='ocrx_word' id='word_1_567' title='bbox 2709 3156 2848 3228; x_wconf 78' lang='grc' dir='ltr'>ὑπὲρ</span> <span class='ocrx_word' id='word_1_568' title='bbox 2869 3149 2945 3211; x_wconf 75' lang='grc' dir='ltr'>ὧν</span> <span class='ocrx_word' id='word_1_569' title='bbox 2971 3156 3073 3220; x_wconf 83' lang='grc' dir='ltr'>τὰς</span> <span class='ocrx_word' id='word_1_570' title='bbox 3103 3155 3320 3220; x_wconf 82' lang='grc' dir='ltr'>ἁλύσεις</span> <span class='ocrx_word' id='word_1_571' title='bbox 3343 3159 3635 3229; x_wconf 74' lang='grc' dir='ltr'>έφόρεσαν,</span> 
     </span>
    </p>
   </div>
   <div class='ocr_carea' id='block_1_80' title="bbox 2061 3241 3634 3323">
    <p class='ocr_par' dir='ltr' id='par_1_80' title="bbox 2061 3241 3634 3323">
     <span class='ocr_line' id='line_1_80' title="bbox 2061 3241 3634 3323; baseline 0.001 -21"><span class='ocrx_word' id='word_1_572' title='bbox 2061 3248 2200 3319; x_wconf 81' lang='grc' dir='ltr'>ὑπὲρ</span> <span class='ocrx_word' id='word_1_573' title='bbox 2228 3241 2303 3303; x_wconf 80' lang='grc' dir='ltr'>ὧν</span> <span class='ocrx_word' id='word_1_574' title='bbox 2336 3248 2461 3311; x_wconf 82' lang='grc' dir='ltr'>τοὺς</span> <span class='ocrx_word' id='word_1_575' title='bbox 2489 3247 2766 3313; x_wconf 83' lang='grc' dir='ltr'>κινδύνους</span> <span class='ocrx_word' id='word_1_576' title='bbox 2797 3252 2892 3304; x_wconf 78' lang='grc' dir='ltr'>καὶ</span> <span class='ocrx_word' id='word_1_577' title='bbox 2929 3249 3057 3315; x_wconf 82' lang='grc' dir='ltr'><strong>τούς</strong></span> <span class='ocrx_word' id='word_1_578' title='bbox 3087 3249 3347 3315; x_wconf 82' lang='grc' dir='ltr'>θανάτους</span> <span class='ocrx_word' id='word_1_579' title='bbox 3373 3252 3634 3323; x_wconf 71' lang='grc' dir='ltr'><strong>ἤνεγκαν⁸</strong></span> 
     </span>
    </p>
   </div>
   <div class='ocr_carea' id='block_1_81' title="bbox 2063 3340 3642 3428">
    <p class='ocr_par' dir='ltr' id='par_1_81' title="bbox 2063 3340 3642 3428">
     <span class='ocr_line' id='line_1_81' title="bbox 2063 3340 3642 3428; baseline 0.003 -35"><span class='ocrx_word' id='word_1_580' title='bbox 2063 3341 2138 3413; x_wconf 87' lang='grc' dir='ltr'>μὴ</span> <span class='ocrx_word' id='word_1_581' title='bbox 2172 3340 2584 3412; x_wconf 83' lang='grc' dir='ltr'>εἰδωλολατρεία</span> <span class='ocrx_word' id='word_1_582' title='bbox 2623 3342 2732 3428; x_wconf 64' lang='grc' dir='ltr'>ἀρῃ</span> <span class='ocrx_word' id='word_1_583' title='bbox 2760 3341 2880 3396; x_wconf 89' lang='grc' dir='ltr'>καθ’</span> <span class='ocrx_word' id='word_1_584' title='bbox 2912 3342 3070 3414; x_wconf 84' lang='grc' dir='ltr'>ἡμῶν</span> <span class='ocrx_word' id='word_1_585' title='bbox 3101 3343 3348 3415; x_wconf 84' lang='grc' dir='ltr'>κεφαλὴν</span> <span class='ocrx_word' id='word_1_586' title='bbox 3368 3384 3382 3408; x_wconf 91' lang='grc'><strong>,</strong></span> <span class='ocrx_word' id='word_1_587' title='bbox 3433 3345 3508 3416; x_wconf 77' lang='grc' dir='ltr'>μὴ</span> <span class='ocrx_word' id='word_1_588' title='bbox 3555 3346 3642 3398; x_wconf 73' lang='grc' dir='ltr'>αἱ-</span> 
     </span>
    </p>
   </div>
   <div class='ocr_carea' id='block_1_82' title="bbox 2064 3432 3644 3507">
    <p class='ocr_par' dir='ltr' id='par_1_82' title="bbox 2064 3432 3644 3507">
     <span class='ocr_line' id='line_1_82' title="bbox 2064 3432 3644 3507; baseline 0.003 -22"><span class='ocrx_word' id='word_1_589' title='bbox 2064 3433 2239 3504; x_wconf 78' lang='grc' dir='ltr'>ρέσεις</span> <span class='ocrx_word' id='word_1_590' title='bbox 2278 3433 2353 3497; x_wconf 85' lang='grc' dir='ltr'>ὡς</span> <span class='ocrx_word' id='word_1_591' title='bbox 2399 3432 2634 3488; x_wconf 80' lang='grc' dir='ltr'>ἄκανθαι</span> <span class='ocrx_word' id='word_1_592' title='bbox 2674 3434 2752 3506; x_wconf 84' lang='grc' dir='ltr'><strong>τῷ</strong></span> <span class='ocrx_word' id='word_1_593' title='bbox 2805 3434 3085 3506; x_wconf 86' lang='grc' dir='ltr'>ἀμπελῶνι</span> <span class='ocrx_word' id='word_1_594' title='bbox 3144 3436 3644 3507; x_wconf 79' lang='grc' dir='ltr'>ὐποϐλαστήσωσι,</span> 
     </span>
    </p>
   </div>
   <div class='ocr_carea' id='block_1_83' title="bbox 2064 3525 3646 3602">
    <p class='ocr_par' dir='ltr' id='par_1_83' title="bbox 2064 3525 3646 3602">
     <span class='ocr_line' id='line_1_83' title="bbox 2064 3525 3646 3602; baseline 0.004 -25"><span class='ocrx_word' id='word_1_595' title='bbox 2064 3527 2137 3598; x_wconf 80' lang='grc' dir='ltr'>μὴ</span> <span class='ocrx_word' id='word_1_596' title='bbox 2166 3525 2402 3592; x_wconf 75' lang='grc' dir='ltr'>ζιζάνιον</span> <span class='ocrx_word' id='word_1_597' title='bbox 2431 3527 2650 3600; x_wconf 81' lang='grc' dir='ltr'>ἐγερθὲν</span> <span class='ocrx_word' id='word_1_598' title='bbox 2691 3527 2854 3602; x_wconf 76' lang='grc' dir='ltr'>πνίξῃ</span> <span class='ocrx_word' id='word_1_599' title='bbox 2893 3527 2982 3581; x_wconf 79' lang='grc' dir='ltr'>τὸν</span> <span class='ocrx_word' id='word_1_600' title='bbox 3013 3531 3178 3582; x_wconf 80' lang='grc' dir='ltr'>σῖτον·</span> <span class='ocrx_word' id='word_1_601' title='bbox 3225 3529 3300 3600; x_wconf 80' lang='grc' dir='ltr'>μή</span> <span class='ocrx_word' id='word_1_602' title='bbox 3343 3545 3424 3590; x_wconf 79' lang='grc' dir='ltr'><strong>τις</strong></span> <span class='ocrx_word' id='word_1_603' title='bbox 3451 3528 3646 3600; x_wconf 80' lang='grc' dir='ltr'>πέτρα</span> 
     </span>
    </p>
   </div>
   <div class='ocr_carea' id='block_1_84' title="bbox 2059 3617 3648 3691">
    <p class='ocr_par' dir='ltr' id='par_1_84' title="bbox 2059 3617 3648 3691">
     <span class='ocr_line' id='line_1_84' title="bbox 2059 3617 3648 3691; baseline 0.001 -22"><span class='ocrx_word' id='word_1_604' title='bbox 2059 3617 2282 3690; x_wconf 87' lang='grc' dir='ltr'>γένηται</span> <span class='ocrx_word' id='word_1_605' title='bbox 2305 3618 2428 3672; x_wconf 86' lang='grc' dir='ltr'>καθ’</span> <span class='ocrx_word' id='word_1_606' title='bbox 2451 3619 2610 3691; x_wconf 75' lang='grc' dir='ltr'>ἡμῶν</span> <span class='ocrx_word' id='word_1_607' title='bbox 2634 3619 2929 3691; x_wconf 85' lang='grc' dir='ltr'>λειπομένη</span> <span class='ocrx_word' id='word_1_608' title='bbox 2967 3619 3067 3691; x_wconf 81' lang='grc' dir='ltr'><strong>τῆς</strong></span> <span class='ocrx_word' id='word_1_609' title='bbox 3094 3620 3339 3689; x_wconf 83' lang='grc' dir='ltr'>πιότητος</span> <span class='ocrx_word' id='word_1_610' title='bbox 3363 3622 3460 3690; x_wconf 76' lang='grc' dir='ltr'>τῆς</span> <span class='ocrx_word' id='word_1_611' title='bbox 3493 3619 3648 3690; x_wconf 85' lang='grc' dir='ltr'>ἀλη-</span> 
     </span>
    </p>
   </div>
   <div class='ocr_carea' id='block_1_85' title="bbox 2061 3707 3648 3781">
    <p class='ocr_par' dir='ltr' id='par_1_85' title="bbox 2061 3707 3648 3781">
     <span class='ocr_line' id='line_1_85' title="bbox 2061 3707 3648 3781; baseline 0.002 -21"><span class='ocrx_word' id='word_1_612' title='bbox 2061 3707 2211 3780; x_wconf 84' lang='grc' dir='ltr'>θινῆς</span> <span class='ocrx_word' id='word_1_613' title='bbox 2260 3708 2484 3780; x_wconf 80' lang='grc' dir='ltr'>δρόσου,</span> <span class='ocrx_word' id='word_1_614' title='bbox 2536 3709 2631 3764; x_wconf 73' lang='grc' dir='ltr'>καὶ</span> <span class='ocrx_word' id='word_1_615' title='bbox 2668 3709 2856 3781; x_wconf 78' lang='grc' dir='ltr'>ἄριζον</span> <span class='ocrx_word' id='word_1_616' title='bbox 2897 3709 3153 3781; x_wconf 74' lang='grc' dir='ltr'>ἀποδείξῃ</span> <span class='ocrx_word' id='word_1_617' title='bbox 3185 3710 3279 3779; x_wconf 78' lang='grc' dir='ltr'>τῆς</span> <span class='ocrx_word' id='word_1_618' title='bbox 3323 3709 3648 3780; x_wconf 74' lang='grc' dir='ltr'>εὐκαρπίας</span> 
     </span>
    </p>
   </div>
   <div class='ocr_carea' id='block_1_86' title="bbox 2057 3800 3650 3873">
    <p class='ocr_par' dir='ltr' id='par_1_86' title="bbox 2057 3800 3650 3873">
     <span class='ocr_line' id='line_1_86' title="bbox 2057 3800 3650 3873; baseline 0.001 -20"><span class='ocrx_word' id='word_1_619' title='bbox 2057 3800 2151 3854; x_wconf 82' lang='grc' dir='ltr'>τοῦ</span> <span class='ocrx_word' id='word_1_620' title='bbox 2201 3801 2360 3870; x_wconf 84' lang='grc' dir='ltr'>λόγου</span> <span class='ocrx_word' id='word_1_621' title='bbox 2388 3801 2487 3870; x_wconf 80' lang='grc' dir='ltr'><strong>τὴν</strong></span> <span class='ocrx_word' id='word_1_622' title='bbox 2533 3801 2793 3872; x_wconf 78' lang='grc' dir='ltr'>δύναμινο</span> <span class='ocrx_word' id='word_1_623' title='bbox 2853 3801 2985 3857; x_wconf 84' lang='grc' dir='ltr'>ἀλλὰ</span> <span class='ocrx_word' id='word_1_624' title='bbox 3023 3803 3090 3873; x_wconf 81' lang='grc' dir='ltr'>τῇ</span> <span class='ocrx_word' id='word_1_625' title='bbox 3123 3801 3346 3872; x_wconf 83' lang='grc' dir='ltr'>δυνάμει</span> <span class='ocrx_word' id='word_1_626' title='bbox 3389 3800 3492 3871; x_wconf 78' lang='grc' dir='ltr'>τῆς</span> <span class='ocrx_word' id='word_1_627' title='bbox 3538 3802 3650 3873; x_wconf 77' lang='grc' dir='ltr'><strong>σῆς</strong></span> 
     </span>
    </p>
   </div>
   <div class='ocr_carea' id='block_1_87' title="bbox 2060 3894 3652 3967">
    <p class='ocr_par' dir='ltr' id='par_1_87' title="bbox 2060 3894 3652 3967">
     <span class='ocr_line' id='line_1_87' title="bbox 2060 3894 3652 3967; baseline 0.002 -20"><span class='ocrx_word' id='word_1_628' title='bbox 2060 3895 2354 3967; x_wconf 85' lang='grc' dir='ltr'>πρεσϐείας</span> <span class='ocrx_word' id='word_1_629' title='bbox 2381 3896 2476 3950; x_wconf 72' lang='grc' dir='ltr'>καὶ</span> <span class='ocrx_word' id='word_1_630' title='bbox 2508 3896 2618 3950; x_wconf 86' lang='grc' dir='ltr'><strong>τῶν</strong></span> <span class='ocrx_word' id='word_1_631' title='bbox 2646 3897 2742 3950; x_wconf 74' lang='grc' dir='ltr'><strong>σὺν</strong></span> <span class='ocrx_word' id='word_1_632' title='bbox 2775 3897 2876 3961; x_wconf 73' lang='grc' dir='ltr'>σοὶ,</span> <span class='ocrx_word' id='word_1_633' title='bbox 2895 3894 3195 3966; x_wconf 81' lang='grc' dir='ltr'>θαυμαστὲ,</span> <span class='ocrx_word' id='word_1_634' title='bbox 3228 3895 3323 3949; x_wconf 82' lang='grc' dir='ltr'>καὶ</span> <span class='ocrx_word' id='word_1_635' title='bbox 3353 3895 3652 3966; x_wconf 80' lang='grc' dir='ltr'>ὑπερλάμ-</span> 
     </span>
    </p>
   </div>
   <div class='ocr_carea' id='block_1_88' title="bbox 2059 3970 3648 4058">
    <p class='ocr_par' dir='ltr' id='par_1_88' title="bbox 2059 3970 3648 4058">
     <span class='ocr_line' id='line_1_88' title="bbox 2059 3970 3648 4058; baseline -0.001 -19"><span class='ocrx_word' id='word_1_636' title='bbox 2059 4003 2159 4039; x_wconf 89' lang='grc' dir='ltr'><strong>πον</strong></span> <span class='ocrx_word' id='word_1_637' title='bbox 2206 3989 2262 4040; x_wconf 81' lang='grc' dir='ltr'><strong>ὲν</strong></span> <span class='ocrx_word' id='word_1_638' title='bbox 2287 3988 2399 4051; x_wconf 76' lang='grc' dir='ltr'>τοῖς</span> <span class='ocrx_word' id='word_1_639' title='bbox 2433 3987 2669 4058; x_wconf 84' lang='grc' dir='ltr'>μάρτυσι</span> <span class='ocrx_word' id='word_1_640' title='bbox 2707 3985 2856 4057; x_wconf 81' lang='grc' dir='ltr'>λήϊον</span> <span class='ocrx_word' id='word_1_641' title='bbox 2893 3970 3236 4057; x_wconf 84' lang='grc' dir='ltr'>ἀποδειχθείη</span> <span class='ocrx_word' id='word_1_642' title='bbox 3269 3986 3332 4039; x_wconf 83' lang='grc' dir='ltr'><strong>τὸ</strong></span> <span class='ocrx_word' id='word_1_643' title='bbox 3357 3984 3467 4040; x_wconf 86' lang='grc' dir='ltr'><strong>τῶν</strong></span> <span class='ocrx_word' id='word_1_644' title='bbox 3503 3986 3648 4057; x_wconf 74' lang='grc' dir='ltr'>Χριο</span> 
     </span>
    </p>
   </div>
   <div class='ocr_carea' id='block_1_89' title="bbox 2060 4077 3652 4151">
    <p class='ocr_par' dir='ltr' id='par_1_89' title="bbox 2060 4077 3652 4151">
     <span class='ocr_line' id='line_1_89' title="bbox 2060 4077 3652 4151; baseline 0.001 -21"><span class='ocrx_word' id='word_1_645' title='bbox 2060 4078 2290 4133; x_wconf 86' lang='grc' dir='ltr'>στιανῶν</span> <span class='ocrx_word' id='word_1_646' title='bbox 2317 4078 2612 4151; x_wconf 89' lang='grc' dir='ltr'>πολίτευμα</span> <span class='ocrx_word' id='word_1_647' title='bbox 2640 4079 2801 4150; x_wconf 84' lang='grc' dir='ltr'>μέχρι</span> <span class='ocrx_word' id='word_1_648' title='bbox 2824 4079 3011 4142; x_wconf 84' lang='grc' dir='ltr'>τέλους</span> <span class='ocrx_word' id='word_1_649' title='bbox 3038 4079 3212 4150; x_wconf 83' lang='grc' dir='ltr'>μένον,</span> <span class='ocrx_word' id='word_1_650' title='bbox 3248 4080 3308 4131; x_wconf 81' lang='grc' dir='ltr'>ὲν</span> <span class='ocrx_word' id='word_1_651' title='bbox 3336 4080 3400 4149; x_wconf 82' lang='grc' dir='ltr'>τῇ</span> <span class='ocrx_word' id='word_1_652' title='bbox 3425 4077 3652 4150; x_wconf 80' lang='grc' dir='ltr'>λιπαρᾷ</span> 
     </span>
    </p>
   </div>
   <div class='ocr_carea' id='block_1_90' title="bbox 2059 4167 3652 4243">
    <p class='ocr_par' dir='ltr' id='par_1_90' title="bbox 2059 4167 3652 4243">
     <span class='ocr_line' id='line_1_90' title="bbox 2059 4167 3652 4243; baseline 0.001 -21"><span class='ocrx_word' id='word_1_653' title='bbox 2059 4170 2153 4223; x_wconf 77' lang='grc' dir='ltr'>καὶ</span> <span class='ocrx_word' id='word_1_654' title='bbox 2177 4170 2438 4242; x_wconf 86' lang='grc' dir='ltr'>εὐκάρπῳ</span> <span class='ocrx_word' id='word_1_655' title='bbox 2461 4172 2560 4243; x_wconf 84' lang='grc' dir='ltr'><strong>τῆς</strong></span> <span class='ocrx_word' id='word_1_656' title='bbox 2577 4174 2634 4224; x_wconf 83' lang='grc' dir='ltr'>ὲν</span> <span class='ocrx_word' id='word_1_657' title='bbox 2654 4167 2872 4241; x_wconf 82' lang='grc' dir='ltr'>Χριστῷ</span> <span class='ocrx_word' id='word_1_658' title='bbox 2897 4169 3130 4233; x_wconf 87' lang='grc' dir='ltr'>πίστεως</span> <span class='ocrx_word' id='word_1_659' title='bbox 3157 4168 3370 4241; x_wconf 78' lang='grc' dir='ltr'>ἀρούρᾳ</span> <span class='ocrx_word' id='word_1_660' title='bbox 3396 4170 3491 4223; x_wconf 66' lang='grc' dir='ltr'>ἀεὶ</span> <span class='ocrx_word' id='word_1_661' title='bbox 3518 4188 3652 4240; x_wconf 86' lang='grc' dir='ltr'>καρ-</span> 
     </span>
    </p>
   </div>
   <div class='ocr_carea' id='block_1_91' title="bbox 2059 4259 3652 4335">
    <p class='ocr_par' dir='ltr' id='par_1_91' title="bbox 2059 4259 3652 4335">
     <span class='ocr_line' id='line_1_91' title="bbox 2059 4259 3652 4335; baseline 0 -22"><span class='ocrx_word' id='word_1_662' title='bbox 2059 4261 2330 4334; x_wconf 78' lang='grc' dir='ltr'>ποφορΟὖν</span> <span class='ocrx_word' id='word_1_663' title='bbox 2347 4263 2448 4332; x_wconf 85' lang='grc' dir='ltr'>τὴν</span> <span class='ocrx_word' id='word_1_664' title='bbox 2469 4263 2688 4316; x_wconf 83' lang='grc' dir='ltr'>αἰώνιον</span> <span class='ocrx_word' id='word_1_665' title='bbox 2713 4261 2880 4335; x_wconf 78' lang='grc' dir='ltr'>ζωὴν,</span> <span class='ocrx_word' id='word_1_666' title='bbox 2898 4261 2998 4332; x_wconf 83' lang='grc' dir='ltr'><strong>τὴν</strong></span> <span class='ocrx_word' id='word_1_667' title='bbox 3023 4261 3081 4314; x_wconf 79' lang='grc' dir='ltr'><strong>ἐν</strong></span> <span class='ocrx_word' id='word_1_668' title='bbox 3111 4259 3332 4331; x_wconf 84' lang='grc' dir='ltr'>Χριστῷ</span> <span class='ocrx_word' id='word_1_669' title='bbox 3363 4259 3555 4330; x_wconf 81' lang='grc' dir='ltr'><strong>Ἰησοῦ</strong></span> <span class='ocrx_word' id='word_1_670' title='bbox 3572 4261 3652 4330; x_wconf 76' lang='grc' dir='ltr'>τῷ</span> 
     </span>
    </p>
   </div>
   <div class='ocr_carea' id='block_1_92' title="bbox 374 4348 1960 4426">
    <p class='ocr_par' dir='ltr' id='par_1_92' title="bbox 374 4349 1955 4423">
     <span class='ocr_line' id='line_1_92' title="bbox 374 4349 1955 4423; baseline 0 -19"><span class='ocrx_word' id='word_1_671' title='bbox 374 4359 539 4420; x_wconf 84' lang='lat' dir='ltr'><strong>atque</strong></span> <span class='ocrx_word' id='word_1_672' title='bbox 576 4349 719 4406; x_wconf 88' lang='lat' dir='ltr'><strong>inter</strong></span> <span class='ocrx_word' id='word_1_673' title='bbox 756 4361 1024 4423; x_wconf 82' lang='lat' dir='ltr'><strong>martyres</strong></span> <span class='ocrx_word' id='word_1_674' title='bbox 1072 4354 1318 4409; x_wconf 89' lang='lat' dir='ltr'><strong>eminens</strong></span> <span class='ocrx_word' id='word_1_675' title='bbox 1355 4359 1409 4408; x_wconf 88' lang='lat' dir='ltr'><strong>et</strong></span> <span class='ocrx_word' id='word_1_676' title='bbox 1449 4351 1743 4417; x_wconf 79' lang='lat' dir='ltr'><strong>excellens,</strong></span> <span class='ocrx_word' id='word_1_677' title='bbox 1794 4349 1955 4405; x_wconf 87' lang='lat' dir='ltr'><strong>Chri-</strong></span> 
     </span>
    </p>
   </div>
   <div class='ocr_carea' id='block_1_93' title="bbox 2062 4348 3654 4426">
    <p class='ocr_par' dir='ltr' id='par_1_93' title="bbox 2062 4348 3654 4426">
     <span class='ocr_line' id='line_1_93' title="bbox 2062 4348 3654 4426; baseline 0.001 -21"><span class='ocrx_word' id='word_1_678' title='bbox 2062 4352 2246 4422; x_wconf 84' lang='grc' dir='ltr'>Κυρίῳ</span> <span class='ocrx_word' id='word_1_679' title='bbox 2269 4352 2442 4423; x_wconf 82' lang='grc' dir='ltr'>ἡμῶν.</span> <span class='ocrx_word' id='word_1_680' title='bbox 2471 4352 2604 4407; x_wconf 86' lang='grc' dir='ltr'>Μεθ’</span> <span class='ocrx_word' id='word_1_681' title='bbox 2638 4348 2700 4410; x_wconf 77' lang='grc' dir='ltr'><strong>οὗ</strong></span> <span class='ocrx_word' id='word_1_682' title='bbox 2731 4354 2809 4426; x_wconf 80' lang='grc' dir='ltr'>τῷ</span> <span class='ocrx_word' id='word_1_683' title='bbox 2837 4353 3012 4424; x_wconf 73' lang='grc' dir='ltr'>Πατρὶ</span> <span class='ocrx_word' id='word_1_684' title='bbox 3044 4351 3162 4422; x_wconf 74' lang='grc' dir='ltr'><strong>ἅμα</strong></span> <span class='ocrx_word' id='word_1_685' title='bbox 3189 4350 3267 4421; x_wconf 81' lang='grc' dir='ltr'>τῷ</span> <span class='ocrx_word' id='word_1_686' title='bbox 3295 4351 3437 4423; x_wconf 85' lang='grc' dir='ltr'>ἁγίῳ</span> <span class='ocrx_word' id='word_1_687' title='bbox 3467 4353 3654 4406; x_wconf 71' lang='grc' dir='ltr'>Πνεῦ-</span> 
     </span>
    </p>
   </div>
   <div class='ocr_carea' id='block_1_94' title="bbox 374 4439 1953 4515">
    <p class='ocr_par' dir='ltr' id='par_1_94' title="bbox 374 4439 1953 4515">
     <span class='ocr_line' id='line_1_94' title="bbox 374 4439 1953 4515; baseline -0.002 -19"><span class='ocrx_word' id='word_1_688' title='bbox 374 4439 678 4497; x_wconf 87' lang='lat' dir='ltr'><strong>stiauorum</strong></span> <span class='ocrx_word' id='word_1_689' title='bbox 699 4443 1006 4513; x_wconf 85' lang='lat' dir='ltr'><strong>respublica</strong></span> <span class='ocrx_word' id='word_1_690' title='bbox 1029 4458 1254 4514; x_wconf 88' lang='lat' dir='ltr'><strong>campus</strong></span> <span class='ocrx_word' id='word_1_691' title='bbox 1274 4452 1516 4515; x_wconf 85' lang='lat' dir='ltr'><strong>segetum</strong></span> <span class='ocrx_word' id='word_1_692' title='bbox 1539 4442 1821 4505; x_wconf 85' lang='lat' dir='ltr'><strong>reddatur,</strong></span> <span class='ocrx_word' id='word_1_693' title='bbox 1859 4439 1953 4511; x_wconf 90' lang='lat' dir='ltr'><strong>qui</strong></span> 
     </span>
    </p>
   </div>
   <div class='ocr_carea' id='block_1_95' title="bbox 373 4535 1952 4609">
    <p class='ocr_par' dir='ltr' id='par_1_95' title="bbox 373 4535 1952 4609">
     <span class='ocr_line' id='line_1_95' title="bbox 373 4535 1952 4609; baseline -0.003 -16"><span class='ocrx_word' id='word_1_694' title='bbox 373 4550 602 4606; x_wconf 83' lang='lat' dir='ltr'><strong>campus</strong></span> <span class='ocrx_word' id='word_1_695' title='bbox 625 4535 694 4590; x_wconf 88' lang='lat' dir='ltr'><strong>ad</strong></span> <span class='ocrx_word' id='word_1_696' title='bbox 734 4536 895 4591; x_wconf 91' lang='lat' dir='ltr'><strong>ﬁnem</strong></span> <span class='ocrx_word' id='word_1_697' title='bbox 919 4552 1094 4608; x_wconf 92' lang='lat' dir='ltr'><strong>usque</strong></span> <span class='ocrx_word' id='word_1_698' title='bbox 1122 4544 1337 4592; x_wconf 86' lang='lat' dir='ltr'><strong>maneat</strong></span> <span class='ocrx_word' id='word_1_699' title='bbox 1370 4539 1425 4593; x_wconf 90' lang='lat' dir='ltr'><strong>in</strong></span> <span class='ocrx_word' id='word_1_700' title='bbox 1455 4537 1643 4609; x_wconf 84' lang='lat' dir='ltr'><strong>pingui</strong></span> <span class='ocrx_word' id='word_1_701' title='bbox 1675 4535 1952 4604; x_wconf 84' lang='lat' dir='ltr'><strong>fertilique</strong></span> 
     </span>
    </p>
   </div>
   <div class='ocr_carea' id='block_1_96' title="bbox 2063 4443 3650 4519">
    <p class='ocr_par' dir='ltr' id='par_1_96' title="bbox 2063 4443 3650 4519">
     <span class='ocr_line' id='line_1_96' title="bbox 2063 4443 3650 4519; baseline 0.001 -23"><span class='ocrx_word' id='word_1_702' title='bbox 2063 4460 2210 4514; x_wconf 89' lang='grc' dir='ltr'>ματι,</span> <span class='ocrx_word' id='word_1_703' title='bbox 2238 4443 2384 4510; x_wconf 80' lang='grc' dir='ltr'>δόξα,</span> <span class='ocrx_word' id='word_1_704' title='bbox 2424 4446 2642 4518; x_wconf 83' lang='grc' dir='ltr'>κράτος,</span> <span class='ocrx_word' id='word_1_705' title='bbox 2673 4447 2830 4519; x_wconf 82' lang='grc' dir='ltr'>τιμὴ,</span> <span class='ocrx_word' id='word_1_706' title='bbox 2881 4444 2976 4499; x_wconf 79' lang='grc' dir='ltr'>νῦν</span> <span class='ocrx_word' id='word_1_707' title='bbox 3010 4443 3107 4498; x_wconf 71' lang='grc' dir='ltr'>καὶ</span> <span class='ocrx_word' id='word_1_708' title='bbox 3142 4443 3229 4499; x_wconf 76' lang='grc' dir='ltr'>ἀεὶ</span> <span class='ocrx_word' id='word_1_709' title='bbox 3267 4445 3362 4497; x_wconf 70' lang='grc' dir='ltr'><strong>καὶ</strong></span> <span class='ocrx_word' id='word_1_710' title='bbox 3399 4444 3489 4509; x_wconf 78' lang='grc' dir='ltr'>εἰς</span> <span class='ocrx_word' id='word_1_711' title='bbox 3519 4445 3650 4508; x_wconf 71' lang='grc' dir='ltr'>τοὺς</span> 
     </span>
    </p>
   </div>
   <div class='ocr_carea' id='block_1_97' title="bbox 2058 4533 2900 4610">
    <p class='ocr_par' dir='ltr' id='par_1_97' title="bbox 2058 4533 2900 4610">
     <span class='ocr_line' id='line_1_97' title="bbox 2058 4533 2900 4610; baseline 0.006 -23"><span class='ocrx_word' id='word_1_712' title='bbox 2058 4533 2258 4599; x_wconf 83' lang='grc' dir='ltr'>αἰῶνας</span> <span class='ocrx_word' id='word_1_713' title='bbox 2291 4535 2399 4590; x_wconf 87' lang='grc' dir='ltr'><strong>τῶν</strong></span> <span class='ocrx_word' id='word_1_714' title='bbox 2425 4536 2658 4592; x_wconf 78' lang='grc' dir='ltr'>αἰώνων.</span> <span class='ocrx_word' id='word_1_715' title='bbox 2710 4539 2900 4610; x_wconf 74' lang='grc' dir='ltr'>Ἀμήν.</span> 
     </span>
    </p>
   </div>
   <div class='ocr_carea' id='block_1_98' title="bbox 385 4629 3649 4704">
    <p class='ocr_par' dir='ltr' id='par_1_98' title="bbox 385 4629 3649 4704">
     <span class='ocr_line' id='line_1_98' title="bbox 385 4629 3649 4704; baseline 0 -20"><span class='ocrx_word' id='word_1_716' title='bbox 385 4645 517 4686; x_wconf 83' lang='lat' dir='ltr'><strong>arvo</strong></span> <span class='ocrx_word' id='word_1_717' title='bbox 549 4631 674 4686; x_wconf 91' lang='lat' dir='ltr'><strong>ﬁdei</strong></span> <span class='ocrx_word' id='word_1_718' title='bbox 698 4630 753 4684; x_wconf 92' lang='lat' dir='ltr'><strong>in</strong></span> <span class='ocrx_word' id='word_1_719' title='bbox 776 4630 1313 4703; x_wconf 87' lang='lat' dir='ltr'><strong>Christum,semper</strong></span> <span class='ocrx_word' id='word_1_720' title='bbox 1333 4634 1570 4687; x_wconf 87' lang='lat' dir='ltr'><strong>fructum</strong></span> <span class='ocrx_word' id='word_1_721' title='bbox 1591 4631 1758 4685; x_wconf 88' lang='lat' dir='ltr'><strong>edens</strong></span> <span class='ocrx_word' id='word_1_722' title='bbox 1774 4636 1994 4686; x_wconf 63' lang='lat' dir='ltr'><strong>aeterna:</strong></span> <span class='ocrx_word' id='word_1_723' title='bbox 2028 4629 2175 4694; x_wconf 76' lang='lat' dir='ltr'><strong>vitze,</strong></span> <span class='ocrx_word' id='word_1_724' title='bbox 2211 4646 2332 4702; x_wconf 63' lang='lat' dir='ltr'><strong>quae</strong></span> <span class='ocrx_word' id='word_1_725' title='bbox 2363 4633 2590 4704; x_wconf 86' lang='lat' dir='ltr'><strong>contigit</strong></span> <span class='ocrx_word' id='word_1_726' title='bbox 2619 4649 2716 4703; x_wconf 86' lang='lat' dir='ltr'><strong>per</strong></span> <span class='ocrx_word' id='word_1_727' title='bbox 2767 4634 3047 4690; x_wconf 72' lang='lat' dir='ltr'><strong>Christum</strong></span> <span class='ocrx_word' id='word_1_728' title='bbox 3087 4630 3274 4688; x_wconf 80' lang='lat' dir='ltr'><strong>Jesum</strong></span> <span class='ocrx_word' id='word_1_729' title='bbox 3334 4629 3649 4684; x_wconf 72' lang='lat' dir='ltr'><strong>hominum</strong></span> 
     </span>
    </p>
   </div>
   <div class='ocr_carea' id='block_1_99' title="bbox 374 4719 3648 4794">
    <p class='ocr_par' dir='ltr' id='par_1_99' title="bbox 374 4719 3648 4794">
     <span class='ocr_line' id='line_1_99' title="bbox 374 4719 3648 4794; baseline 0.001 -18"><span class='ocrx_word' id='word_1_730' title='bbox 374 4731 644 4780; x_wconf 86' lang='lat' dir='ltr'><strong>nostrum.</strong></span> <span class='ocrx_word' id='word_1_731' title='bbox 708 4723 846 4779; x_wconf 90' lang='lat' dir='ltr'><strong>Cum</strong></span> <span class='ocrx_word' id='word_1_732' title='bbox 892 4739 1003 4794; x_wconf 87' lang='lat' dir='ltr'><strong>quo</strong></span> <span class='ocrx_word' id='word_1_733' title='bbox 1039 4723 1186 4779; x_wconf 83' lang='lat' dir='ltr'><strong>Patri</strong></span> <span class='ocrx_word' id='word_1_734' title='bbox 1217 4725 1379 4780; x_wconf 89' lang='lat' dir='ltr'><strong>simul</strong></span> <span class='ocrx_word' id='word_1_735' title='bbox 1409 4731 1463 4780; x_wconf 89' lang='lat' dir='ltr'><strong>et</strong></span> <span class='ocrx_word' id='word_1_736' title='bbox 1510 4721 1738 4792; x_wconf 86' lang='lat' dir='ltr'><strong>Spiritui</strong></span> <span class='ocrx_word' id='word_1_737' title='bbox 1780 4728 1972 4777; x_wconf 85' lang='lat' dir='ltr'><strong>sancto</strong></span> <span class='ocrx_word' id='word_1_738' title='bbox 1995 4719 2188 4791; x_wconf 81' lang='lat' dir='ltr'><strong>gloria,</strong></span> <span class='ocrx_word' id='word_1_739' title='bbox 2223 4721 2510 4792; x_wconf 83' lang='lat' dir='ltr'><strong>imperium</strong></span> <span class='ocrx_word' id='word_1_740' title='bbox 2535 4732 2588 4777; x_wconf 92' lang='lat' dir='ltr'><strong>et</strong></span> <span class='ocrx_word' id='word_1_741' title='bbox 2621 4726 2793 4778; x_wconf 89' lang='lat' dir='ltr'><strong>honor</strong></span> <span class='ocrx_word' id='word_1_742' title='bbox 2839 4739 2985 4778; x_wconf 87' lang='lat' dir='ltr'><strong>nunc</strong></span> <span class='ocrx_word' id='word_1_743' title='bbox 3013 4735 3066 4778; x_wconf 93' lang='lat' dir='ltr'><strong>et</strong></span> <span class='ocrx_word' id='word_1_744' title='bbox 3097 4736 3333 4791; x_wconf 85' lang='lat' dir='ltr'><strong>semper,</strong></span> <span class='ocrx_word' id='word_1_745' title='bbox 3367 4730 3423 4774; x_wconf 87' lang='lat' dir='ltr'><strong>et</strong></span> <span class='ocrx_word' id='word_1_746' title='bbox 3457 4738 3518 4775; x_wconf 84' lang='grc' dir='ltr'><strong>ιιι</strong></span> <span class='ocrx_word' id='word_1_747' title='bbox 3544 4739 3648 4780; x_wconf 74' lang='lat' dir='ltr'><strong>sae-</strong></span> 
     </span>
    </p>
   </div>
   <div class='ocr_carea' id='block_1_100' title="bbox 375 4813 1103 4874">
    <p class='ocr_par' dir='ltr' id='par_1_100' title="bbox 375 4813 1103 4874">
     <span class='ocr_line' id='line_1_100' title="bbox 375 4813 1103 4874; baseline 0.01 -8"><span class='ocrx_word' id='word_1_748' title='bbox 375 4813 500 4869; x_wconf 90' lang='lat' dir='ltr'><strong>cula</strong></span> <span class='ocrx_word' id='word_1_749' title='bbox 536 4816 884 4874; x_wconf 61' lang='lat' dir='ltr'><strong>saeculorum.</strong></span> <span class='ocrx_word' id='word_1_750' title='bbox 912 4823 1103 4873; x_wconf 81' lang='lat' dir='ltr'><strong>Amen.</strong></span> 
     </span>
    </p>
   </div>
   <div class='ocr_carea' id='block_1_101' title="bbox 3845 2479 3849 3164">
    <p class='ocr_par' dir='ltr' id='par_1_101' title="bbox 3845 2479 3847 2634">
     <span class='ocr_line' id='line_1_101' title="bbox 3845 2479 3847 2634; baseline 0 -4"><span class='ocrx_word' id='word_1_751' title='bbox 3845 2479 3847 2626; x_wconf 52' lang='grc' dir='ltr'><strong>γ</strong></span> 
     </span>
    </p>
   </div>
  </div>
