3918 6204
338 161 448 221 749

1348 326 1793 338 ——._—_.-

1507 463 1808 578 ΤΟΥ

1450 164 1518 221 IN
1561 162 2061 233 QUADRAGINTA
2097 165 2506 224 MARTYRES.

361 319 547 344 ιαμ-.-
558 319 659 343 .--¹¹¹-
673 319 894 344 .-———_.
722 323 1260 348 “12:...
1263 326 1921 351 ‘wm:

1933 463 2423 580 ΑΥΤΟΥ

1797 681 2152 735 ΕΓΚΩΜΙοΝ

643 825 816 911 ΕΙΣ
887 825 1179 912 ΤΟΥΣ
1245 825 1648 911 ΑΓΙΟΥΣ
1720 819 2586 912 ΤΕΣΣΑΡΑΚΟΝΤΑ
2676 823 3288 914 ΜΑΡΤΥΡΑΣ.

1683 1117 2272 1223 EJUSDEM

1767 1324 1834 1380 IN
1901 1324 2184 1380 LAUDEM

987 1479 1143 1570 ss.
1235 1460 2100 1588 QUADRAGINTA
2207 1479 2930 1570 MARTYRUM.

1717 1669 1904 1720 Eodem
1926 1666 2220 1732 interprete.

957 1883 1181 1939 ΛΟΓΟΣ
1223 1885 1300 1940 A'.

405 1994 502 2065 Οἷς
549 1999 804 2054 ἀνιᾶσθαι
856 2000 983 2064 τοὺς
1030 2000 1259 2065 πολλοὺς
1300 1999 1657 2072 στοχάζομαι,
1709 2001 1921 2066 τούτοις

323 2093 496 2157 αὐτὸς
523 2094 829 2165 ἀγάλλομαι
852 2093 949 2164 τὴν
967 2093 1228 2148 διάνοιαν.
1269 2093 1456 2164 Ἀηδὲς
1479 2093 1614 2165 γὰρ,
1647 2093 1724 2158 ὡς
1749 2095 1918 2163 είκὸς,

321 2189 449 2250 τοῖς
486 2187 699 2250 πολλοῖς
750 2186 812 2240 τὸ
857 2187 915 2239 ἐν
955 2185 1208 2256 ἀλλήλοις
1257 2184 1655 2250 συνολίὸεσοαι,
1710 2187 1834 2257 ἐμοὶ
1863 2187 1922 2241 δὲ

320 2278 496 2333 τοῦτο
525 2279 816 2349 κεφάλαιον
859 2278 1200 2350 εὐφροσύνης
1231 2277 1396 2331 ἐστίν.
1424 2277 1790 2349 Εὑφραίνεται
1812 2279 1921 2350 γὰρ

318 2371 614 2441 ὀφθαλμὸς
641 2370 731 2424 τοῦ
762 2371 1041 2442 ποιμένος,
1067 2370 1127 2424 τὸ
1151 2370 1401 2441 ποίμνιον
1417 2369 1631 2440 βλέπων
1655 2370 1761 2425 ὑπὸ
1786 2370 1922 2443 πλή-

323 2463 464 2525 οους
532 2461 1068 2534 στενοχωρούμενοι),
1133 2459 1226 2515 καὶ
1283 2459 1383 2529 τῆς
1443 2459 1684 2532 μάνδρας
1753 2460 1922 2532 ὑπερ-

323 2554 612 2626 χεόμενον·
679 2553 860 2608 καίτοί
924 2570 988 2622 γε
1044 2552 1106 2607 οὐ
1167 2551 1336 2622 μικρὰ
1374 2549 1481 2604 τῶν
1540 2549 1827 2622 προϐάτων
1886 2551 1921 2622 ἡ

323 2645 592 2709 ἔπαυλις,
640 2645 778 2700 ἀλλά
817 2643 1010 2716 στενὴν
1041 2645 1185 2697 ποιεῖ
1233 2642 1330 2713 τὴν
1372 2642 1714 2714 εὐρυχωρίαν
1757 2642 1922 2714 εὐθη-

321 2737 591 2808 νοὺμενον
619 2736 700 2808 τῷ
721 2737 915 2808 πλήθει
936 2736 998 2790 τὸ
1027 2735 1296 2806 ποίμνιον.
1313 2733 1565 2788 Τοιοῦτόν
1592 2751 1645 2788 τι
1666 2735 1760 2788 καὶ
1792 2733 1923 2804 περὶ

322 2827 428 2882 τὸν
473 2827 679 2900 Κύριον
711 2829 742 2882 ὁ
774 2827 982 2898 Πέτρος
1022 2823 1148 2879 ἰδὼν
1190 2823 1526 2896 ἀπεκρίνατο
1572 2823 1766 2893 λέγων,
1814 2824 1919 2890 ὅτι,

340 2918 694 2983 Ἐπιστάτα,
729 2920 778 2972 ot
825 2918 996 2988 ὄχλοι
1045 2915 1388 2984 συνέχουσι
1421 2929 1496 2969 σε
1531 2914 1629 2968 καὶ
1673 2915 1922 2970 ἀποθλί-

325 3011 569 3065 ϐουσιν.
595 3012 824 3078 Ὄντως,
851 3008 1034 3074 καθώς
1057 3007 1191 3080 φησί
1219 3024 1324 3061 που
1353 3008 1382 3061 ὁ
1404 3006 1545 3071 Οεῖος
1576 3006 1919 3073 Ἀπόστολος,

1932 1803 2002 1814 -ο

1951 1895 1995 1951 Α

2593 1881 2854 1939 onmo
2891 1881 2910 1936 ι
2944 1883 3042 1954 (ι).

2093 1995 2242 2062 Quas
2285 2009 2372 2050 res
2428 1994 2688 2050 existimo
2738 1994 3020 2066 plerisque
3065 2009 3264 2067 graves
3305 2011 3368 2052 ac
3431 1998 3606 2054 mole-

2024 2093 2138 2142 stas
2179 2101 2323 2150 esse,
2371 2085 2457 2140 his
2507 2085 2625 2156 ipse
2673 2086 2860 2140 animo
2892 2086 3067 2141 laator.
3107 2085 3395 2143 Molestum
3457 2089 3604 2145 enim

2023 2178 2282 2232 nimirum
2316 2177 2596 2248 plerisque
2623 2185 2708 2232 est
2738 2177 3028 2248 comprimi
3055 2178 3198 2234 inter
3233 2195 3355 2235 sese
3378 2191 3432 2236 et
3467 2197 3604 2237 con-

2022 2270 2213 2342 stipari
2243 2288 2256 2323 :
2288 2271 2391 2324 hoc
2421 2284 2550 2324 vero
2577 2267 2710 2323 mibi
2744 2283 2971 2324 summa;
3026 2267 3228 2324 laetitia:
3279 2281 3388 2328 est.
3433 2271 3608 2326 Lazta-

2022 2371 2113 2416 tur
2136 2363 2281 2417 enim
2320 2362 2514 2417 oculus
2548 2361 2808 2431 pastoris,
2840 2376 2965 2417 cum
3010 2378 3227 2434 gregem
3258 2379 3372 2434 prae.
3414 2365 3604 2420 multi-

2023 2453 2212 2509 tudine
2234 2454 2530 2521 coarctari,
2563 2461 2617 2508 et
2650 2453 2792 2508 ovile
2823 2454 3146 2525 superlundi
3183 2455 3328 2512 videt
3360 2474 3375 2524 ,
3423 2473 3604 2528 quan-

2022 2562 2180 2618 quam
2201 2562 2308 2604 uon
2326 2547 2580 2618 exiguum
2599 2547 2780 2601 ovium
2799 2547 3072 2604 stabulum
3090 2555 3192 2614 est,
3209 2547 3304 2605 sed
3328 2548 3605 2603 laxitatem

2023 2649 2311 2711 angustam
2365 2639 2544 2694 eﬂ‘ecit
2588 2639 2939 2696 multitudine
2991 2657 3120 2710 grex
3150 2640 3463 2697 abundans.
3495 2641 3608 2696 llu-

2019 2729 2259 2801 jusmodi
2311 2729 2444 2800 quid
2485 2731 2648 2786 etiam
2688 2731 2836 2786 circa
2875 2729 3168 2786 Dominum
3212 2731 3410 2790 Petrus
3473 2749 3608 2790 con-

2023 2820 2267 2891 spicatus
2298 2822 2581 2892 respondit
2611 2821 2698 2878 his
2726 2823 2942 2878 verbis:
2975 2822 3298 2894 Prwceptor,
3339 2828 3506 2880 turba:
3562 2836 3609 2881 te

2025 2915 2386 2984 comprimunt
2413 2923 2462 2969 et
2491 2924 2766 2969 coarctant
2785 2917 2822 2970 ¹.
2846 2915 2962 2972 Hoc
2993 2916 3153 2988 plane
3181 2927 3286 2984 est,
3315 2927 3373 2972 ut
3405 2919 3607 2974 alicubi

2022 3008 2202 3080 inquit
2237 3009 2461 3064 divinus
2500 3007 2817 3078 Apostolus,
2854 3010 3051 3080 premi,
3083 3018 3137 3064 et
3171 3025 3283 3065 non
3315 3011 3369 3065 in
3435 3027 3610 3083 angu-

322 3104 394 3157 τὸ
418 3102 692 3158 θλίϐεσθαι
711 3104 806 3158 καὶ
827 3102 902 3173 μὴ
933 3099 1381 3172 στενοχωρεῖσθαι
1398 3098 1554 3154 τοῦτό
1595 3099 1733 3152 ἐστι.
1750 3099 1921 3153 Παντὶ

2027 3101 2156 3158 stias
2183 3100 2371 3172 redigi.
2431 3099 2566 3154 Dum
2603 3101 2657 3154 in
2686 3101 2832 3154 omni
2863 3116 2942 3165 re,
2982 3101 3196 3171 inquit,
3232 3102 3523 3174 urgemini,
3555 3113 3616 3160 et

323 3194 463 3266 γάρ,
482 3195 636 3265 φησι,
661 3194 986 3264 ολιὸόμενοι,
1005 3193 1119 3248 ἀλλ’
1149 3193 1212 3246 οὐ
1236 3193 1748 3265 στενοχωρούμενοι.
1779 3191 1921 3261 Ἐγὼ

2027 3192 2211 3246 nonin
2243 3191 2529 3262 angustias
2577 3190 2906 3261 redigimini.
2939 3191 3049 3263 Ego
3082 3205 3213 3247 vero
3269 3208 3432 3264 quam
3481 3209 3612 3265 pro-

323 3285 389 3338 δὲ
420 3285 546 3338 τίνα
585 3285 1005 3356 προχειρίσομαι
1032 3281 1189 3351 λόγον
1219 3282 1313 3335 ἐπὶ
1349 3280 1442 3335 τοῦ
1471 3279 1712 3335 τοιούτου
1741 3281 1924 3334 συλλό-

325 3393 465 3446 γους
513 3375 608 3440 Τίς
635 3376 798 3430 δώσει
852 3393 942 3446 μοι
991 3374 1174 3445 φωνὴν
1227 3373 1526 3442 σάλπιγγος
1563 3371 1922 3444 ὑψηλοτέραν,

2027 3297 2171 3337 mam
2212 3285 2515 3338 orationem
2543 3282 2598 3336 in
2620 3282 2892 3352 ejusmodi
2924 3292 3196 3338 conventu
3225 3285 3250 3339 ἲ
3282 3286 3406 3356 quis
3457 3286 3610 3341 dabit

2027 3374 2158 3429 mibi
2193 3389 2378 3430 vocem
2410 3374 2538 3429 tuba
2572 3374 2861 3430 clariorem
2893 3382 2947 3431 et
2974 3376 3148 3446 magis
3203 3392 3462 3434 sonoram
3499 3415 3514 3442 ,
3547 3389 3606 3433 ut

328 3471 477 3525 ὥστε
523 3470 870 3542 ὑπερηχῆσαι
919 3469 980 3522 τὸ
1025 3466 1251 3539 πλῆθος,
1296 3466 1390 3520 καὶ
1429 3468 1549 3530 ταῖς
1587 3466 1778 3530 ἀκοαῖς
1817 3465 1921 3518 τῶν

2027 3467 2342 3522 resonantia
2402 3467 2700 3538 strepitum
2756 3469 3122 3525 multitudinis
3156 3479 3399 3540 superet,
3451 3479 3506 3527 et
3551 3474 3606 3526 in

331 3562 766 3633 συνειλεγμένων
793 3559 1154 3616 ὲναποῦἐσοαι
1178 3563 1247 3613 τά
1278 3559 1530 3630 ρήματα;
1564 3557 1708 3628 Πρὸς
1731 3557 1783 3610 τί
1813 3556 1921 3610 τῶν

2027 3558 2254 3614 auribus
2292 3565 2748 3629 congregatarum
2781 3559 2945 3614 verba
2978 3559 3283 3614 recondat?
3326 3560 3392 3615 ad
3448 3561 3610 3630 quid-

329 3654 765 3726 ἀνεγνωσμένων
798 3653 1002 3726 τρέψας
1023 3651 1262 3724 ἐμαυτοῦ
1284 3651 1381 3722 τὴν
1404 3649 1662 3715 διάνοιαν,
1689 3649 1924 3719 πρόσφο-

336 3767 430 3822 ρον
462 3749 670 3822 ὲξεὺρω
699 3751 813 3812 τοῖς
856 3747 1093 3819 παροῦσι
1132 3745 1225 3800 τὸν
1267 3745 1463 3815 λόγον;
1515 3743 1689 3807 Πολὺς
1727 3742 1758 3795 δ
1801 3740 1923 3795 ἰὼδ

331 3840 607 3896 παιδεύων
639 3841 720 3904 είς
743 3839 996 3912 ἀνδρείαν
1034 3838 1124 3894 τὸν
1149 3837 1262 3908 βίον
1291 3838 1406 3901 τοῖς
1433 3834 1556 3889 καθ’
1584 3833 1778 3888 ἑαυτὸν
1798 3833 1924 3886 ὑπο-

331 3933 614 4004 δείγμασι,
654 3931 823 3995 πολὺς
857 3933 886 3986 ὁ
924 3928 1336 4002 Παροιμιαστής
1373 3929 1484 3991 τοῖς
1513 3924 1822 3996 αἰνίγμασι.
1855 3923 1922 3976 Τί

332 4025 384 4079 δ’
415 4024 484 4078 ἄν
509 4040 594 4086 τις
614 4023 759 4076 είποι
784 4021 915 4093 περὶ
939 4020 1034 4075 τοῦ
1061 4018 1205 4090 ἱεροῦ
1253 4017 1594 4083 Ἀποστόλου,
1632 4015 1690 4080 ὃς
1720 4016 1786 4068 ὲκ
1821 4014 1923 4068 τῶν

333 4116 593 4189 ἀρρήτων
627 4113 888 4185 ῥημάτιον
930 4111 1154 4167 ἐκείνων
1186 4110 1223 4164 ἃ.
1261 4110 1402 4180 ὑπὲρ
1445 4109 1543 4180 τὴν
1575 4105 1923 4178 ἀνθρωπίνην

333 4207 478 4262 εἷναί
505 4223 638 4276 φησι
666 4205 1016 4276 κατανόησιν,
1042 4204 1184 4274 τάχα
1220 4201 1310 4257 διά
1341 4202 1442 4273 τῆς
1461 4200 1598 4272 πρὸς
1643 4197 1923 4267 Ἐφεσίους

331 4298 683 4362 διδασκαλίας
721 4298 817 4351 καὶ
861 4299 994 4368 ἡμῖν
1042 4295 1348 4366 ὑπελάλησε
1385 4293 1476 4348 τὸν
1526 4292 1838 4363 ἀπόρρητον
1865 4290 1922 4342 ὲν

333 4390 414 4460 τῷ
482 4388 706 4460 σταυρῷ
759 4389 951 4458 λόγον,
993 4387 1059 4441 δι’
1103 4387 1442 4458 αἰνιγμάτων
1499 4383 1918 4439 ἀνακαλύπτων.

331 4480 577 4536 Τοιαῦτα
597 4481 654 4534 δὲ
675 4481 839 4552 ἕτερα
860 4482 954 4535 καὶ
974 4481 1042 4534 τά
1062 4482 1126 4534 ὲκ
1150 4481 1250 4550 τῆς
1272 4477 1594 4550 ψαλμῳδίας
1621 4479 1919 4549 μυστήρια,

330 4573 663 4644 ἀνάμνησις,
698 4573 793 4626 καὶ
843 4572 1238 4643 στηλογραφία,
1273 4570 1368 4624 καὶ
1400 4568 1696 4639 ὲπιλήνιος.
1737 4567 1922 4622 Ταῦτα

331 4666 444 4736 γάρ
484 4667 544 4718 ὲν
569 4667 689 4729 ταῖς
729 4667 1066 4738 ἐπιγραφαῖς
1100 4664 1207 4717 τῶν
1235 4661 1766 4732 ὑπαναγνωσῦέντων
1794 4662 1923 4732 ἡμῖν

333 4757 570 4829 ψαλμῶν
599 4759 1054 4828 κατανοήσαντες,
1085 4757 1147 4810 οὐ
1185 4755 1390 4828 μικράν
1419 4754 1636 4826 ὁρῶμεν
1668 4754 1922 4826 ἀφορμὴν

333 4848 417 4918 τῷ
450 4847 592 4918 λόγῳ
627 4846 716 4902 διὰ
747 4846 853 4900 τῶν
893 4846 1230 4918 αἰνιγμάτων
1258 4846 1564 4917 διδομένην.
1609 4845 1746 4898 Ἀλλ’
1800 4845 1923 4914 ἐμοὶ

334 4938 401 4991 τὸ
435 4937 534 5008 μὲν
558 4940 670 5002 τοῖς
700 4938 1013 5008 εἰρημένοις
1037 4937 1362 5004 ἐπεξελθεῖν,
1387 4937 1642 5007 εὔκαιρον
1678 4932 1815 4990 εἶναι
1838 4935 1922 4988 δο-

336 5033 426 5084 κεῖ
453 5031 693 5102 δευτέρῳ
733 5029 1135 5100 ταμιεύσασθαι
1185 5028 1390 5101 χρόνῳ·
1428 5027 1682 5098 ἐπιουμῶ
1727 5027 1783 5080 δὲ
1821 5026 1921 5097 τῆς

333 5124 624 5196 παρούσης
661 5123 882 5195 χάριτος
925 5122 1234 5196 προσφοράν
1273 5140 1394 5176 τινα
1446 5123 1541 5176 καὶ
1588 5121 1922 5191 κατάλληλον

329 5217 579 5287 temper
602 5216 702 5288 τὴν
728 5218 932 5288 φωνήν.
964 5217 1060 5281 Τίς
1099 5212 1193 5270 οὖν
1239 5217 1387 5270 ἐστιν
1417 5214 1590 5285 αὖτη;
1623 5209 1752 5268 Οἷδὰ
1802 5228 1925 5267 τινα

417 5353 432 5384 ¹
462 5349 738 5420 Luam",
771 5352 863 5408 45.

389 5487 489 5557 (ι)
529 5485 628 5544 Est
663 5494 848 5544 autem
878 5485 1206 5559 principium
1243 5482 1428 5559 potius
1452 5484 1718 5559 orationis
1749 5496 1922 5559 :‘nam

335 5555 475 5612 cum
504 5561 740 5614 tumultu
800 5555 1146 5628 ac_strepitu
1188 5555 1440 5628 certatim
1484 5555 1925 5628 conﬂuentis__ct

340 5644 468 5704 sese
508 5631 878 5702 constipautis
902 5630 958 5685 in
990 5624 1210 5707 templo,
1245 5627 1621 5683 multitudinis
1673 5624 1921 5682 exaudiri

1949 4603 1992 4662 C

2026 3665 2153 3707 nam
2187 3665 2379 3707 eorum
2411 3667 2531 3722 quae
2571 3650 2853 3722 (publice)
2902 3652 3043 3707 lecta
3079 3661 3227 3718 sunt,
3253 3660 3436 3708 mente
3487 3669 3608 3709 mea

2023 3759 2292 3800 conversa
2321 3744 2486 3800 rebus
2528 3745 2894 3815 prmsentibus
2937 3745 3356 3802 convenientem
3399 3754 3455 3802 et
3510 3761 3607 3802 ac-

2023 3835 2428 3893 commodatum
2467 3836 2792 3906 excogitabo
2818 3852 3127 3894 sermonem
3155 3838 3178 3893 7
3209 3837 3438 3894 Multum
3467 3839 3613 3894 valet

2022 3927 2126 3984 Job
2153 3930 2207 3984 in
2246 3928 2583 3986 instituenda
2614 3929 2723 3985 vita
2755 3929 2823 3985 ad
2854 3928 3233 3987 fortitudinem
3262 3931 3380 3988 suis
3425 3946 3611 3987 exem-

2024 4020 2130 4092 plis
2153 4060 2169 4085 ,
2202 4021 2412 4077 multus
2460 4021 2514 4075 in
2561 4021 2870 4093 aanigmatis
2901 4029 2956 4078 et
2983 4022 3272 4078 verborum
3307 4023 3609 4078 involucris

2023 4109 2262 4181 scriptor
2308 4109 2746 4166 Proverbiorum.
2783 4109 2924 4176 Quid
2955 4110 3083 4166 item
3115 4111 3182 4166 de
3237 4125 3398 4166 sacro
3462 4111 3608 4180 Apo-

2025 4203 2168 4258 stolo
2203 4202 2405 4256 dixerit
2449 4201 2696 4270 aliquis?
2730 4200 2834 4265 Qui
2886 4214 2954 4254 ex
2983 4199 3203 4254 arcanis
3265 4200 3374 4257 illis
3426 4201 3609 4256 verbis

2023 4310 2144 4365 qua:
2172 4308 2339 4364 supra
2370 4301 2588 4362 captum
2637 4299 2692 4347 et
2736 4291 3073 4347 intellectum
3128 4291 3429 4346 bumanum
3482 4308 3607 4348 esse

2023 4387 2133 4453 ait,
2174 4385 2410 4442 fortasse
2440 4400 2537 4456 per
2585 4385 2918 4451 doctrinam,
2982 4397 3091 4455 qua
3152 4384 3390 4440 instituit
3432 4383 3610 4455 Ephe-

2024 4479 2162 4544 sios,
2202 4480 2368 4534 etiam
2433 4477 2592 4532 nobis
2633 4477 2881 4548 suggerit
2921 4490 3185 4532 arcanum
3221 4475 3277 4531 in
3313 4491 3480 4532 cruce
3515 4492 3613 4547 per

2023 4573 2314 4643 aenigmata
2357 4581 2520 4642 atque
2549 4570 2836 4626 involucra
2882 4569 3175 4627 verborum
3206 4569 3466 4640 detegens
3495 4584 3612 4625 ser-

2033 4679 2273 4720 nionem.
2328 4663 2656 4734 Ilujusmodi
2707 4663 2834 4719 item
2877 4662 2983 4718 alia
3038 4662 3353 4734 psalmodiaa
3393 4675 3614 4732 quoque

2033 4761 2320 4832 mysteria,
2381 4756 2688 4814 recordatio
2719 4797 2736 4821 ,
2793 4766 2848 4811 et
2898 4756 3038 4810 tituli
3081 4755 3394 4826 inscriptio,
3433 4765 3488 4811 et
3544 4757 3610 4810 ad

2031 4851 2332 4906 torcularia
2403 4848 2677 4905 celebrata
2737 4847 2941 4903 cantio.
2987 4845 3084 4902 llis
3128 4848 3273 4903 enim
3311 4847 3366 4902 in
3411 4847 3610 4905 inscri—

2029 4941 2308 5014 ptionibus
2363 4943 2741 5012 psalmorum,
2782 4940 2875 5011 qui
2933 4939 3093 4995 nobis
3149 4940 3388 5010 praelecti
3439 4950 3606 5002 sunt,

2028 5034 2462 5102 animadversis,
2516 5033 2661 5089 haud
2726 5047 2949 5104 parvam
3014 5032 3264 5090 videmus
3342 5049 3438 5103 per
3494 5031 3610 5102 ipsa

2029 5127 2316 5200 aenigmata
2387 5137 2552 5199 atque
2617 5127 2900 5182 involucra
2976 5125 3268 5182 verborum
3329 5125 3610 5180 materiem

2031 5219 2152 5275 dari
2209 5219 2467 5274 orationi.
2503 5217 2636 5274 ’Sed
2675 5218 2808 5274 mihi
2889 5218 3110 5290 quidem
3151 5218 3500 5277 commodum
3533 5219 3613 5274 vi-

2032 5490 2393 5553 prazterquam
2433 5495 2462 5532 a
2499 5483 2742 5552 proxime
2770 5481 3117 5537 adstantibus
3161 5497 3268 5536 non
3312 5493 3517 5552 posset.
3558 5485 3613 5537 in

2032 5562 2314 5678 pgsltirllttl
2378 5553 2521 5608 diem
2555 5569 2667 5608 rem
2705 5553 2955 5619 distulit,
2991 5562 3046 5609 ct
3077 5557 3322 5627 proxima
3363 5558 3613 5610 oratione

2034 5641 2062 5678 a
2107 5639 2167 5680 so
2193 5637 2285 5678 ut.
