3918 6204
337 241 432 298 ἳδι

1569 233 1628 290 S.
1670 226 1999 288 GREGORII
2040 231 2335 286 NYSSENI

3501 235 3609 291 751

333 360 516 425 detur,
576 369 638 415 ut
685 357 1106 430 explicationem
1161 369 1354 412 eorum
1399 369 1522 426 quae
1574 354 1721 410 dicta
1796 359 1913 407 sunt

2030 353 2194 424 νόμον
2222 355 2320 424 τῆς
2361 353 2573 424 φύσεως
2611 356 2760 420 ίδιον,
2805 358 2994 423 αὐταῖς
3040 359 3158 421 ταῖς
3206 357 3379 420 θείαις
3417 357 3610 426 at).an

335 453 388 506 in
429 453 660 507 alterum
694 460 908 519 tempus
967 449 1284 519 rejiciamus
1312 467 1325 505 :
1355 449 1515 518 cupio
1561 457 1742 502 autem
1790 461 1927 515 pra:-

335 543 478 598 senti
503 541 788 598 festivitati
819 541 1233 596 convenientem
1264 546 1318 596 et
1349 535 1818 593 accommodatam
1836 535 1928 590 a'li-

334 648 500 701 quam
528 647 718 688 vocem
749 633 1082 701 exc0gitarc.
1138 629 1270 698 Qua:
1304 630 1468 700 igitur
1499 639 1581 686 eat
1602 628 1759 683 haec?
1789 625 1926 682 Novi

333 723 626 790 quamdam
657 723 828 794 legem
859 733 1062 778 natura.
1100 723 1399 795 propriam,
1435 721 1568 792 ipsis
1596 721 1800 778 divinis
1847 729 1928 775 ta-

335 813 480 870 bulis
506 815 836 886 iusculptam
871 830 900 868 a
924 814 1206 870 conditore
1237 813 1371 885 legis
1403 821 1648 874 naturae,
1673 825 1794 882 qua:
1845 809 1928 881 ju-

335 907 425 962 bet
453 914 512 962 ut
540 907 801 962 omnibus
846 906 1005 961 bonis
1042 916 1097 961 et
1129 904 1357 969 olliciis,
1406 918 1748 974 quaecunque
1795 918 1928 972 prte-

273 1001 282 1016 ‘
335 999 472 1054 stari
502 998 735 1069 possint,
762 997 1027 1052 beneﬁcia
1080 1003 1368 1067 parentum
1412 1009 1637 1051 suorum
1692 994 1928 1065 quisque

335 1099 671 1164 compenset.
693 1090 935 1154 Honora,
959 1090 1156 1159 inquit,
1184 1097 1389 1157 patrem
1417 1096 1563 1140 luunt
1601 1099 1651 1140 et
1703 1096 1926 1140 matrem

337 1197 520 1240 tuam:
543 1181 682 1255 quod
708 1194 786 1237 est
810 1182 1123 1237 mandatum
1145 1181 1373 1248 primunt
1393 1181 1444 1233 in
1462 1178 1924 1248 prontissionihus,

334 1287 392 1329 ut
409 1277 502 1330 tibi
521 1279 644 1329 bene
667 1275 734 1328 sit
753 1277 794 1330 ².
821 1274 978 1342 Quod
1005 1275 1049 1328 si
1070 1275 1305 1343 primum
1331 1273 1530 1337 locum,
1561 1272 1704 1342 quod
1734 1271 1926 1326 attinet

334 1366 400 1420 ad
419 1366 859 1436 promissionem,
883 1366 1094 1421 obtinet
1113 1365 1358 1432 ltchex,
1379 1372 1432 1420 et
1454 1363 1733 1419 exsecutio
1762 1361 1928 1432 hujus

334 1459 614 1527 proprium
671 1459 884 1512 lucrum
949 1457 1226 1513 servantis
1271 1471 1389 1511 eam
1441 1455 1660 1511 exsistit
1713 1456 1928 1522 (honor

333 1545 480 1602 enim
530 1547 852 1614 parentibus
913 1545 1135 1602 habitus
1191 1544 1486 1600 revertitur
1533 1543 1602 1598 ad
1646 1560 1771 1598 eum
1827 1545 1922 1615 qui

336 1637 504 1706 legem
536 1637 915 1708 impleverit),
957 1637 1103 1692 haud
1137 1636 1373 1690 alienum
1430 1634 1613 1700 fuerit,
1655 1651 1925 1706 quemque

335 1727 618 1783 cordatum
649 1729 870 1799 quidem
899 1737 1050 1784 certe
1085 1729 1151 1783 ad
1200 1729 1340 1783 hanc
1365 1728 1534 1800 legem
1566 1771 1579 1795 ,
1613 1729 1770 1800 cujus
1799 1729 1922 1784 ﬁnis

335 1816 660 1874 beneﬁcium
683 1826 737 1870 et
769 1818 942 1887 gratia
963 1817 1085 1886 ejus
1111 1815 1206 1887 qui
1247 1831 1368 1872 eam
1400 1824 1694 1872 exsecutus
1725 1816 1920 1883 fuerit,

331 1909 569 1974 exsistit,
618 1909 915 1978 respicere,
969 1922 1201 1978 eamque
1243 1905 1559 1964 observare.
1597 1907 1676 1962 Ac
1738 1907 1922 1964 carnis

331 1999 550 2068 quidem
587 2006 791 2053 nostrae
831 2007 1084 2068 parentes
1133 1999 1278 2053 aetati
1321 1998 1614 2067 sumjuxta
1678 1997 1922 2054 destina-

333 2099 446 2144 tum
479 2091 582 2145 sibi
611 2090 679 2144 ab
707 2090 864 2144 initio
900 2097 1116 2160 tempus
1142 2091 1456 2146 ministerio
1491 2091 1736 2160 praestita
1765 2132 1782 2159 ,
1816 2091 1920 2147 ho-

333 2182 486 2238 noris
517 2183 689 2238 nostri
708 2181 890 2238 debito
918 2181 1096 2238 oﬁicio
1125 2197 1233 2237 non
1260 2183 1494 2253 amplius
1520 2198 1658 2254 opus
1675 2183 1882 2240 habent
1902 2225 1917 2250 ,

329 2289 457 2328 cum
507 2274 837 2344 jampridem
869 2273 1272 2330 excesserintc
1313 2274 1448 2340 vita,
1493 2274 1632 2330 adeo
1689 2281 1750 2329 ut
1809 2292 1919 2330 non

331 2365 678 2422 exstantibus
707 2365 775 2422 iis
804 2366 896 2436 qui
940 2347 1264 2420 beneﬁcium
1309 2365 1581 2434 accipiant
1601 2407 1621 2433 ,
1647 2365 1918 2436 ejusmodi

332 2457 414 2510 lex
450 2456 665 2526 impleri
695 2471 804 2511 non
834 2457 1034 2526 possit.
1055 2455 1171 2511 Lex
1201 2457 1504 2527 verojubot
1545 2472 1648 2513 nos
1678 2459 1731 2512 in
1754 2473 1920 2528 opere

331 2557 619 2604 versantes
646 2547 912 2618 consequi
942 2549 1384 2619 promissionem.
1419 2547 1604 2619 Neque
1638 2551 1784 2605 enim
1822 2553 1918 2607 ﬁe-

339 2639 384 2693 ri
441 2645 623 2709 potest
653 2647 712 2692 ttt
744 2647 1028 2694 cessantes
1079 2637 1132 2691 in
1174 2651 1339 2708 opere
1385 2638 1721 2693 versantium
1779 2655 1916 2710 prae-

333 2728 439 2782 tuia
463 2728 765 2783 obtineant.
786 2729 926 2794 Quid
963 2728 1129 2798 igitur
1155 2742 1315 2798 agere
1339 2737 1574 2799 oportet,
1599 2731 1914 2798 parentibus

331 2833 440 2872 nou
471 2817 838 2880 exstantibus,
867 2833 990 2872 eum
1018 2819 1110 2888 qui
1145 2825 1199 2873 et
1227 2819 1650 2888 promissionem
1693 2821 1911 2890 assequi

329 2909 536 2978 cupiat,
571 2917 626 2964 et
663 2908 929 2963 rationem
953 2910 1263 2980 excogitare
1304 2926 1410 2962 non
1449 2911 1644 2979 possit,
1677 2928 1783 2981 qua
1819 2929 1911 2967 ra-

330 3001 478 3055 tione
514 2999 565 3055 id
596 2999 740 3072 quod
772 3001 1021 3072 expetit,
1062 3001 1307 3056 obtineat
1333 3001 1355 3056 ?
1383 2999 1640 3056 Profecto
1690 3005 1909 3059 solvunt
1937 3033 1980 3090 ο

331 3090 492 3146 nobis
531 3107 756 3162 prorsus
803 3092 945 3148 hanc
1000 3093 1411 3162 perplexitatem
1451 3107 1514 3147 ea
1556 3108 1677 3163 quae
1731 3097 1910 3154 oculis

329 3181 578 3249 exposita
616 3188 767 3235 sunt.
803 3177 916 3234 Vos
957 3181 1102 3235 enim
1131 3197 1256 3235 cntn
1289 3181 1446 3235 video
1477 3221 1494 3246 ,
1543 3183 1724 3239 nullos
1768 3184 1909 3242 alios

329 3287 468 3341 opus
499 3272 672 3326 habeo
702 3270 980 3341 inquirere
1016 3280 1292 3344 parentes.
1325 3271 1435 3328 Vos
1465 3275 1609 3328 enim
1647 3276 1782 3332 estis
1811 3292 1906 3346 pa-

327 3369 442 3418 tres
474 3363 601 3428 mei,
636 3364 726 3434 qui
767 3364 932 3419 etiam
993 3363 1236 3434 ipsorum
1277 3365 1410 3419 mihi
1451 3375 1665 3435 patrum
1697 3375 1902 3437 patres.

331 3453 520 3510 Patria
582 3457 728 3512 enim
773 3464 1062 3528 parentum
1090 3496 1105 3519 ,
1147 3456 1202 3510 in
1233 3471 1292 3512 se
1325 3459 1572 3514 continet
1606 3460 1771 3514 etiam
1806 3476 1904 3531 pa-

328 3555 542 3602 rentum
572 3548 916 3618 diguitatem.
942 3547 1061 3614 Quo
1097 3547 1265 3620 igitur
1300 3547 1446 3604 facto
1478 3550 1650 3621 legem
1683 3551 1909 3610 honoris

326 3640 484 3694 vobis
531 3640 881 3710 implebimus
916 3641 941 3695 ?
979 3639 1182 3696 Gratus
1234 3641 1377 3697 enim
1421 3643 1653 3712 quilibet
1692 3652 1746 3700 et
1784 3645 1909 3716 pius

328 3729 474 3786 ﬁlius
527 3731 753 3786 senilem
792 3732 966 3802 patris
1002 3739 1217 3788 aetatem
1248 3731 1366 3788 suis
1396 3732 1589 3789 olliciis
1653 3749 1910 3791 recreans

325 3826 380 3873 et
416 3818 772 3886 refocillans,
821 3830 1095 3877 sustentat
1143 3831 1308 3892 atque
1359 3823 1651 3879 conﬁrmat
1711 3825 1903 3880 vitium

325 3906 745 3975 imbecillitatis,
781 3911 896 3980 ipse
954 3911 1096 3982 patri
1129 3912 1374 3966 omnium
1418 3914 1591 3968 vicem
1620 3925 1902 3984 praestans.

331 3998 483 4058 Unde
519 3999 1026 4070 rejuveneseentem
1064 4004 1118 4058 in
1143 4002 1256 4058 ﬁlio
1295 4011 1505 4073 patrem
1531 4005 1706 4062 videri
1759 4007 1901 4063 licet.

325 4093 405 4148 Ac
430 4106 827 4163 nonnunquam
885 4093 1048 4152 etiam
1095 4109 1288 4150 manus
1325 4095 1514 4152 senilis
1549 4110 1615 4152 ac
1671 4101 1904 4155 tremula

321 4182 628 4252 juventutis
660 4184 850 4255 vigore
883 4198 946 4240 ac
996 4184 1196 4240 robore
1229 4201 1290 4241 se
1321 4185 1573 4244 reﬁciens
1604 4197 1658 4244 et
1686 4190 1904 4247 reloeil-

2028 442 2466 514 ἐντετυπωμένον
2500 445 2647 517 παρὰ
2673 445 2768 500 τοῦ
2804 446 3091 516 νομοθέτου
3126 447 3225 516 τῆς
3264 445 3480 515 φύσεως
3502 465 3515 477 ·
3551 449 3610 510 ὃς

2029 533 2212 586 πᾶσαν
2253 533 2462 607 ἀγαθὴν
2493 535 2728 607 ἀμοιϐὴν
2753 539 2862 600 τοῖς
2913 536 3062 601 ἰδίοις
3094 537 3342 605 γονεῦσιν
3375 539 3612 591 ἐκτιννύ-

2027 641 2117 678 ναι
2167 625 2396 692 κελεύει,
2447 627 2579 699 ὅσην
2619 627 2685 681 ἂν
2726 630 2760 700 ἡ
2802 628 3030 698 δύναμις
3065 628 3239 699 φέρει.
3295 629 3437 697 Τίμα
3479 630 3612 701 γὰρ,

2029 717 2185 786 φησὶ,
2216 717 2322 770 τὸν
2353 719 2580 787 πατέρα
2613 735 2730 774 σου
2767 721 2865 774 καὶ
2901 720 3016 789 τὴν
3050 721 3275 790 μητέρα
3313 737 3452 785 σου,
3482 722 3607 789 ἣτις

2027 804 2198 859 ἐστίν
2232 806 2452 874 ἐντολὴ
2494 807 2690 876 πρώτη
2718 808 2788 862 ἐν
2825 809 3228 879 ἐπαγγελίαις,
3262 809 3362 863 ἵνα
3405 805 3474 864 εὖ
3512 827 3613 864 σω

2027 896 2287 966 γένηται.
2321 899 2382 951 Ei
2411 898 2468 951 δὲ
2494 901 2761 970 πρωτεύει
2788 902 2909 954 κατ’
2937 899 3270 968 ἐπαγγελίαν
3293 895 3445 964 οὗτος
3472 902 3500 952 ὁ
3526 902 3614 953 νό-

2033 1008 2154 1062 μος,
2187 993 2281 1045 καὶ¹
2309 992 2370 1046 τὸ
2405 994 2735 1065 κατόρθωμα
2774 996 2964 1048 τούτου
3008 996 3136 1049 ἴδιον
3166 995 3354 1067 κέρδος
3376 996 3466 1050 τοῦ
3505 1015 3612 1066 φυ-

2029 1080 2319 1147 λάσσοντος
2368 1083 2575 1152 γίνεται
2629 1085 3054 1156 (ἐπαναστρέφει
3105 1086 3214 1158 γὰρ
3261 1087 3294 1156 ή
3353 1089 3430 1150 είς
3483 1088 3613 1150 τοὺς

2028 1173 2222 1241 γονέας
2252 1174 2388 1246 τιμὴ
2419 1175 2498 1238 είς
2517 1174 2607 1227 τὸν
2637 1175 3036 1247 πεπληρωκότα
3062 1176 3152 1229 τον
3179 1177 3387 1247 νόμον)ο
3429 1176 3614 1240 καλῶς

2029 1263 2095 1318 ἂν
2128 1264 2240 1334 ἔχοι
2287 1265 2463 1319 πάντα
2493 1267 2584 1320 τόν
2613 1283 2677 1336 γε
2709 1266 2829 1320 νοῦν
2862 1266 3054 1334 ἔχοντα
3081 1268 3218 1339 πρὸς
3253 1268 3457 1338 ταύτην
3486 1267 3606 1338 βλέο

2028 1373 2151 1410 πειν
2191 1357 2292 1427 τὴν
2317 1357 2555 1429 ἐντολὴν,
2582 1354 2648 1429 ἦς
2691 1359 2754 1412 τὸ
2791 1359 2963 1431 πέρας
3005 1359 3295 1430 εὐεργεσία
3327 1361 3420 1413 καὶ
3449 1361 3612 1432 χάρις

2027 1449 2120 1502 τοῦ
2153 1451 2475 1521 ποιήσαντος
2498 1450 2728 1519 γίνεται.
2753 1453 2815 1505 Οἱ
2840 1451 2942 1522 μὲν
2968 1446 3062 1505 οὖν
3093 1451 3193 1521 τῆς
3226 1453 3428 1524 σαρκὸς
3449 1453 3613 1522 ἡμῶν

2028 1542 2284 1613 πατέρες,
2311 1545 2375 1614 τῇ
2404 1543 2526 1597 καθ’
2563 1544 2788 1607 ἑαυτοὺς
2833 1547 2996 1616 γενεᾷ
3034 1545 3176 1598 κατὰ
3210 1545 3303 1598 τὸν
3343 1545 3402 1610 ἐξ
3435 1547 3614 1618 ἀρχῆς

2027 1631 2209 1695 αὐτοῖς
2257 1633 2616 1704 ἀφορισθέντα
2642 1634 2832 1706 χρόνον
2883 1635 3346 1706 ὑπηρετήσαντες.
3400 1638 3611 1707 ἀπροσ-

1956 1698 1997 1754 B
2027 1719 2165 1783 δεετς
2205 1698 2318 1776 εἰσι-
2489 1698 2766 1796 ἡμετέρας
2799 1698 3127 1796 τιμῆς-ἐξω.
3156 1727 3251 1780 τοῦ
3282 1727 3398 1796 βίου
3442 1698 3612 1782 «ita:

2025 1812 2328 1882 γενόμενοι,
2368 1814 2444 1878 ὡς
2474 1815 2548 1885 μὴ
2575 1816 2800 1870 δυνατὸν
2829 1813 2964 1870 εἶναι
3003 1817 3094 1872 τὸν
3117 1818 3361 1873 τοιοῦτον
3389 1821 3610 1891 πληρῶο

2025 1919 2114 1956 σαι
2152 1903 2342 1973 νόμον,
2391 1905 2499 1959 τῶν
2541 1907 2951 1980 ὑποδεχομένων
2978 1911 3077 1980 τὴν
3113 1912 3362 1966 εὐποιίαν
3390 1915 3492 1966 οὐκ
3517 1915 3608 1966 δν-

2021 2011 2150 2051 των,
2194 1995 2252 2047 '0
2271 1996 2328 2049 δὲ
2356 1997 2518 2068 νόμος
2547 1999 2901 2069 ἐνεργοῦντας
2929 2003 3076 2073 ἡμᾶς
3105 2004 3485 2074 ἐπιτυγχάνειν
3507 2007 3608 2074 τῆς

2020 2089 2353 2158 ἐπαγγελίας
2383 2090 2614 2144 κελεύει.
2651 2092 2788 2146 Οὐδὲ
2825 2093 2934 2164 γάρ
2965 2093 3184 2147 δυνατὸν
3209 2096 3337 2160 τοὺς
3375 2096 3605 2168 ἀργοῦνο

2018 2196 2118 2244 τας
2159 2180 2303 2250 ἐχειν
2333 2181 2444 2234 τῶν
2488 2182 2852 2253 ἐνεργούντων
2885 2184 2955 2237 τὰ
3001 2185 3232 2240 ἔπαθλα.
3264 2187 3331 2240 Τί
3369 2185 3464 2241 οὖν
3497 2190 3605 2259 χρὴ

2018 2272 2303 2342 πράττειν,
2341 2273 2452 2326 τῶν
2482 2274 2684 2341 γονέων
2715 2275 2815 2328 οὐκ
2845 2274 3035 2338 ὄντων,
3066 2277 3158 2331 τὸν
3186 2279 3278 2332 καὶ
3303 2282 3403 2350 τῆς
3432 2283 3603 2349 ἐπιγ-

2019 2361 2206 2430 γελίας
2232 2361 2465 2432 ἐρῶντα,
2488 2363 2581 2416 καὶ
2605 2363 2752 2426 ὅπως
2774 2364 2839 2416 ἂν
2858 2366 2996 2437 τύχῃ
3019 2370 3117 2438 τῆς
3139 2369 3375 2439 σπουδῆς
3399 2371 3603 2440 ταύτης

2019 2452 2412 2519 ἀδυνατοῦντας
2445 2453 2554 2508 Ναὶ
2591 2453 2704 2508 λύει
2741 2455 2957 2520 πάντως
2995 2459 3094 2530 τὴν
3132 2460 3441 2531 ἀμηχανίαν
3470 2462 3600 2514 ταύ-

2016 2559 2115 2612 την
2138 2545 2267 2614 ἡμῖν
2286 2545 2354 2597 τὰ
2369 2543 2640 2615 ὁρώμενα.
2671 2545 2846 2615 ’Υμᾶς
2867 2548 2975 2620 γὰρ
2994 2549 3222 2618 βλέπων,
3241 2551 3391 2604 οὐδὲν
3409 2553 3597 2624 δέομαι

2016 2638 2259 2709 πατέρας
2287 2638 2479 2702 ἄλλους
2502 2639 2980 2712 περιεργάζεσθαι.
2999 2643 3188 2714 Ὑμεῖς
3217 2646 3325 2718 γὰρ
3343 2647 3464 2700 ἐστέ
3495 2666 3594 2718 μου

2016 2727 2272 2799 πατέρες,
2306 2730 2354 2782 oi.
2387 2731 2481 2782 καὶ
2509 2731 2688 2784 αὐτῶν
2715 2749 2804 2802 μοι
2830 2733 2936 2785 τῶν
2961 2736 3212 2806 πατέρων
3242 2738 3496 2810 πατέρες.
3531 2740 3597 2792 'll

2014 2820 2123 2891 γὰρ
2150 2821 2349 2892 πατρὶς
2380 2820 2487 2873 τῶν
2515 2823 2931 2894 γεννησαμένων
2961 2825 3018 2877 ἐν
3045 2828 3208 2898 ἑαυτῇ
3243 2830 3483 2900 περιέχει
3509 2833 3601 2884 καὶ

2011 2910 2072 2964 τὸ
2103 2910 2212 2962 τῶν
2241 2911 2648 2982 γεγεννηκότων
2673 2913 2908 2984 ἀξίωμα.
2947 2915 3012 2968 Τί
3035 2913 3127 2970 οὗν
3161 2921 3487 2990 ποιήσαντες
3511 2925 3604 2978 τὸν

2011 3002 2110 3072 τῆς
2139 3003 2301 3073 τιμῆς
2342 3003 2472 3074 ὑμῖν
2516 3005 2678 3076 νόμον
2725 3007 3239 3081 ἀποπληρώσομενς
3290 3015 3600 3088 Εύγνώμων

2015 3093 2114 3164 μὲν
2144 3094 2251 3165 γάρ
2279 3112 2362 3158 τις
2412 3099 2539 3158 παῖς
2589 3097 2684 3151 καὶ
2729 3098 3100 3170 φιλόστοργος,
3143 3101 3460 3176 τογηραιόν
3503 3109 3601 3177 τῆς

2009 3182 2104 3235 τοῦ
2136 3183 2341 3254 πατρὸς
2375 3183 2588 3254 ἡλικίας
2628 3184 2716 3238 διὰ
2744 3186 2844 3255 τῆς
2891 3189 3021 3258 παρ’
3064 3189 3256 3243 ἐαυτοῦ
3303 3191 3600 3262 θεραπείας

2010 3274 2425 3346 ἀνανεούμενος,
2479 3277 2753 3347 ὑπερείδει
2801 3277 2862 3331 τὸ
2906 3279 3104 3350 σαθρὸν
3146 3281 3244 3351 τῆς
3292 3283 3595 3346 ἀσθενείας,

2012 3363 2175 3429 αὐτὸς
2226 3363 2305 3435 τῷ
2358 3366 2528 3437 πατρὶ¹
2561 3366 2630 3419 τὰ
2675 3367 2854 3421 πάντα
2895 3369 3205 3439 γενόμενος.
3237 3371 3402 3425 Ὅθεν
3446 3374 3597 3426 ἐστιν

2015 3456 2142 3509 ἰδεῖν
2166 3455 2544 3526 ἁνηὸάσκοντα
2588 3457 2645 3512 ἐν
2676 3458 2753 3529 τῷ
2781 3460 2932 3512 παιδὶ
2961 3459 3052 3514 τὸν
3085 3463 3312 3533 πατέρα.
3346 3465 3453 3518 Καί
3487 3483 3592 3518 που

2011 3546 2106 3598 καὶ
2129 3546 2251 3616 χεὶρ
2281 3547 2620 3619 πρεσϐυτικὴ
2644 3551 2739 3602 καὶ
2769 3549 3099 3623 ὑπότρομος,
3127 3553 3205 3624 τῷ
3229 3553 3465 3626 σθεναρῷ
3488 3557 3590 3625 τῆς

2009 3638 2262 3708 νεότητος
2294 3639 2494 3710 ἑαυτὴν
2527 3641 2898 3706 ἀναπαύουσα,
2939 3645 3304 3717 ἐκκαρποῦται
3342 3647 3431 3700 τοῦ
3457 3649 3585 3702 νέου

2007 3727 2108 3799 τὴν
2131 3727 2379 3799 δύναμιν,
2413 3731 2510 3784 καὶ
2533 3733 2566 3802 ἡ
2593 3731 2701 3786 τῶν
2727 3733 2903 3789 ποδῶν
2942 3737 3156 3808 κίνησις
3185 3739 3276 3810 ἤδη
3300 3741 3362 3809 τῇ
3397 3740 3585 3810 {5:wa-

2006 3837 2130 3892 τητι
2160 3821 2266 3874 τῶν
2315 3822 2492 3892 μελῶν
2533 3824 2928 3894 ἐποκλάζουσα,
2973 3830 3196 3902 ἐνεργὸς
3226 3831 3308 3885 διὰ
3343 3831 3440 3901 τῆς
3484 3833 3588 3886 τοῦ

2005 3915 2198 3968 τέκνου
2223 3915 2456 3986 σπουδῆς
2481 3916 2710 3984 γίνεται,
2735 3919 3112 3992 ὐπορθουμένη
3133 3923 3212 3994 τῷ
3234 3923 3594 3994 ὐπερείδοντι.

2007 4008 2126 4062 Κᾶν
2159 4006 2460 4079 ἀμαυρωθῇ
2491 4007 2578 4062 διὰ
2610 4009 2702 4062 τὸν
2738 4012 2928 4081 χρόνον
2960 4015 2993 4084 ἡ
3019 4014 3161 4084 διᾲις,
3193 4016 3352 4070 πάλιν
3378 4015 3467 4070 διὰ
3491 4017 3592 4071 τοῦ

2007 4099 2197 4163 παιδὸς
2223 4101 2252 4152 6
2289 4099 2602 4172 πρεσϐύτης
2637 4102 2933 4176 ὀξυδερκὴς
2967 4108 3197 4175 γίνεται,
3229 4110 3363 4180 πρὸς
3389 4109 3458 4162 τὰ
3486 4110 3593 4180 τῆς

2008 4192 2152 4264 ζωῆς
2173 4194 2442 4263 ἀναγκαῖα
2463 4197 2990 4268 χειραγωγούμενος.
3021 4200 3208 4271 Ὑμεῖς
3226 4203 3283 4255 δὲ
3307 4205 3338 4274 ἡ
3362 4204 3589 4273 πατρὶς,

327 4273 446 4331 laus
467 4316 481 4340 ,
511 4275 723 4332 fructus
749 4291 817 4331 ex
862 4277 1073 4334 viribus
1111 4276 1330 4348 juvenis
1375 4280 1782 4349 quodammodo
1811 4299 1903 4339 ca-

2016 4287 2105 4356 οὐχ
2129 4284 2301 4348 οὕτως
2329 4284 2478 4356 ἔχετε
2509 4285 2584 4349 ὡς
2608 4286 2813 4342 τούτων
2843 4290 3139 4345 ἑπιδεῖσθαί
3168 4310 3334 4356 τινος.

329 4367 428 4438 pit,
460 4375 516 4422 et
543 4379 725 4424 motus
755 4371 992 4440 pedum,
1027 4371 1330 4428 incurvatis
1389 4374 1502 4444 jam
1560 4377 1828 4434 membris
1889 4382 2198 4445 labascens,
2251 4381 2345 4436 ﬁlii
2401 4381 2585 4436 studio
2631 4383 2993 4442 suﬁulcientis
3052 4387 3368 4445 sublevatus
3422 4407 3594 4450 suam

327 4460 520 4531 recipit
567 4461 862 4518 ellieaciam
905 4472 960 4520 et
1001 4465 1265 4535 vigorem.
1295 4466 1452 4533 Quod
1484 4469 1530 4525 si
1577 4479 1820 4545 tempore
1875 4478 2029 4533 visus
2064 4478 2393 4533 obscuratus
2445 4478 2539 4541 sit,
2595 4493 2691 4549 per
2733 4479 2901 4535 ﬁlium
2947 4495 3112 4537 senex
3145 4524 3158 4545 .
3209 4483 3336 4538 dum
3405 4502 3587 4543 manu

333 4550 555 4606 ducitur
584 4553 650 4606 ad
685 4568 772 4606 res
808 4553 930 4606 vitae
965 4553 1338 4620 necessarias,
1377 4555 1527 4613 visus
1561 4573 1793 4617 acumen
1864 4565 2096 4634 recipit,
2164 4571 2217 4620 et
2271 4565 2558 4636 perspicax
2608 4568 2811 4625 evadit.
2865 4568 2974 4626 Vos
3013 4580 3194 4630 autem
3221 4613 3237 4639 ,
3286 4575 3376 4645 qui
3441 4578 3589 4632 mihi

326 4659 426 4714 pro
480 4647 657 4717 patria
692 4647 863 4709 estis,
914 4661 1024 4700 non
1077 4646 1115 4700 ii
1163 4647 1296 4702 estis
1328 4651 1420 4719 qui
1475 4652 1657 4723 aliqua
1701 4654 1898 4712 harum
1935 4674 2120 4714 rerum
2149 4658 2464 4728 indigeatis.

392 4736 533 4805 Quid
565 4738 732 4808 igitur
769 4735 1020 4791 faciendo
1045 4737 1445 4798 benedictionis
1489 4746 1729 4801 mandati
1774 4747 1895 4803 fru-

321 4836 468 4883 ctum
502 4828 910 4898 percipiemus?
939 4825 1094 4894 Quod
1127 4829 1332 4886 donum
1360 4833 1517 4890 vobis
1556 4844 1772 4906 gratum
1812 4837 1896 4891 of-

322 4917 592 4982 feremus,
615 4934 742 4973 eum
774 4919 982 4974 nullum
1004 4921 1208 4977 bonum
1237 4924 1392 4980 vobis
1415 4926 1599 4983 desit?
1620 4927 1703 4984 An
1727 4930 1894 4985 etiam

321 5011 440 5082 ipsa
481 5011 731 5068 narratio
765 5011 1035 5069 bonorum
1091 5029 1214 5085 qua:
1256 5017 1414 5073 vobis
1464 5018 1699 5086 adsunt,
1734 5023 1896 5091 perti-

265 5089 278 5096 ’
320 5110 448 5156 neat
485 5103 552 5156 ad
585 5101 827 5158 debitum
855 5106 1016 5162 vobis
1057 5106 1364 5164 honorem?
1409 5109 1645 5167 Proinde
1677 5089 1892 5182 tempus

323 5193 485 5249 fuerit
529 5197 990 5252 commemorandi
1035 5206 1166 5268 quot
1197 5208 1251 5254 et
1284 5200 1540 5270 qualibus
1584 5201 1746 5258 bonis
1777 5203 1888 5257 vita

319 5295 502 5342 vestra
525 5295 842 5342 exornetur.
869 5289 984 5346 lmo
1020 5303 1151 5345 vero
1177 5305 1284 5346 non
1305 5306 1737 5349 commemorare
1758 5293 1887 5364 (mo-

319 5375 440 5444 do),
459 5392 644 5432 verum
665 5379 828 5433 etiam
849 5379 1138 5436 ostendere
1154 5381 1301 5438 licet.
1317 5380 1569 5454 Nunquid
1593 5392 1774 5440 autem
1794 5401 1887 5456 pu-

319 5468 449 5522 tatis
469 5468 585 5525 haec
607 5472 917 5527 communia
940 5512 954 5538 ,
978 5489 1208 5546 quaeque
1241 5475 1295 5532 in
1325 5485 1583 5548 promptu
1613 5487 1742 5535 sunt
1765 5516 1779 5543 ,
1805 5478 1889 5534 di-
1925 5553 1934 5559 _

394 5628 414 5658 '
437 5626 634 5697 Ephes.
669 5646 744 5696 vt,
772 5628 829 5689 2.

2076 4750 2141 4802 Τί
2173 4745 2265 4803 οὖν
2295 4751 2623 4820 πράττοντες
2648 4753 2749 4826 τὴν
2781 4754 3030 4824 εὐλογίαν
3060 4759 3156 4828 τῆς
3192 4762 3406 4834 ἐντολῆς
3443 4783 3592 4840 καρ-

2003 4840 2332 4911 πωσόμεθα;
2370 4841 2435 4894 Τί
2460 4841 2567 4894 τῶν
2601 4847 3012 4917 κεχαρισμένων
3044 4849 3172 4919 ὑμίν
3199 4851 3591 4926 δωροφορήσο-

2005 4949 2125 5002 μεν,
2177 4931 2403 5002 μηδενὸς
2445 4932 2554 4986 τῶν
2592 4933 2814 5001 ἀγαθῶν
2864 4937 2994 5008 ὑμῖν
3034 4938 3333 5008 λείποντοςς
3364 4945 3440 4997 Ἦ
3489 4951 3588 5001 καὶ

2001 5022 2134 5076 αὐτὸ
2163 5021 2223 5074 τὸ
2267 5021 2626 5093 διηγήσασθαι
2675 5023 2745 5078 τὰ
2794 5028 3063 5096 προσόντα
3105 5031 3266 5096 καλὰ,
3307 5036 3480 5107 τιμῆς
3519 5041 3587 5092 ἄν

1998 5112 2085 5183 εἴη
2110 5111 2211 5182 τῆς
2241 5113 2694 5186 χρεωστουμένης
2730 5117 2886 5187 ὐμίν;
2921 5120 3130 5174 Οὐκοῦν
3170 5124 3358 5196 καιρὸς
3386 5126 3464 5178 ἂν
3494 5130 3579 5200 εἴη

1995 5202 2171 5258 ταῦτα
2194 5204 2392 5274 λέγειν,
2425 5207 2556 5270 οἵοις
2582 5208 2676 5260 καὶ
2705 5209 2850 5274 ὅσοις
2875 5212 2905 5264 ὁ
2933 5211 3193 5285 ὑμέτερος
3223 5215 3337 5285 βίος
3371 5217 3578 5287 ἐγκαλο

1993 5295 2306 5362 λωπίζεται.
2335 5297 2549 5352 Μᾶλλον
2577 5299 2635 5352 δὲ
2660 5301 2782 5371 οὐχὶ
2807 5303 3004 5372 λέγειν,
3034 5306 3169 5361 ἀλλὰ
3191 5309 3284 5363 καὶ
3303 5310 3573 5365 δεικνύειν

1993 5386 2274 5459 πάρεστιν.
2300 5384 2378 5442 Ἦ
2407 5406 2508 5442 που
2532 5390 2588 5445 δὲ
2616 5392 2792 5447 οἴεσθε
2824 5395 2892 5449 τὰ
2924 5398 3078 5452 κοινά
3103 5398 3275 5454 ταῦτα
3303 5403 3394 5456 καὶ
3435 5405 3565 5475 etpri-

1994 5495 2153 5551 χειρα
2184 5479 2395 5570 λέγεινς
2422 5481 2528 5553 Γῆς
2564 5484 2842 5556 εὐφορίαν,
2878 5490 2972 5542 καὶ
3024 5491 3252 5561 καρπῶν
3286 5493 3564 5563 ἀφθονίαν.
