3918 6204
328 355 444 415 7'55

1434 367 1508 423 lN
1544 368 2049 438 QUADltAGlN'I‘A
2108 352 2523 433 MARTYRES:

3507 385 3611 442 756

325 471 422 525 καὶ
451 468 701 540 ποταμὸν
749 469 1062 544 διαιροῦντα
1087 473 1188 546 τὴν
1226 474 1472 548 οἵκησινς
1507 480 1730 537 Τουτονὶ
1779 482 1923 552 λέγω

2036 485 2197 542 senda
2218 488 2386 545 esse?
2406 486 2594 545 Terrae
2622 487 2959 549 fertilitatem
2976 533 2991 560 ,
3014 503 3068 551 et
3092 492 3371 553 ft'uctuum
3393 500 3607 570 copiam

322 563 419 616 ’ὼε
449 561 530 634 τῷ
562 561 749 634 κύκλῳ
777 564 873 618 τοῦ
917 565 1102 621 πεδίου
1139 566 1203 622 τὸ
1244 568 1460 641 ῥεῖθρον
1504 571 1699 627 ἑαυτοῦ
1745 591 1916 629 κατα-

326 653 596 719 κλείοντα,
622 653 716 707 καὶ
735 654 933 728 λίμνην
951 658 1254 729 γινόμενον,
1277 659 1337 724 ὃς
1363 661 1460 716 καὶ
1481 662 1590 733 πρὸ
1609 664 1704 718 τοῦ
1726 649 1917 737 λιμνά-

328 743 448 810 ζειν
487 745 582 799 καὶ
627 744 770 816 μετὰ
805 746 965 802 τοῦτο
1012 748 1150 821 πρὸς
1178 749 1277 822 τὴν
1314 752 1547 806 ἑκάστου
1592 753 1782 827 χρείαν
1808 757 1917 812 τῶν

329 834 685 890 ἐνοικούντων
710 839 1065 909 τεμνόμενος,
1094 841 1233 913 ἄλση
1262 858 1323 896 τε
1354 844 1450 897 καὶ
1470 842 1742 917 λειμῶνας
1769 846 1918 917 φιλο-

334 925 535 997 τεχνῶν
555 926 912 1000 διεξέρχεται,
958 929 1054 984 καὶ
1082 931 1283 1003 μυρίας
1313 934 1543 1006 παρέχει
1568 938 1682 1001 τοῖς
1709 937 1917 992 οίκοῦσι

327 1016 431 1079 τὰς
459 1014 707 1087 χάριτας,
737 1020 877 1090 πρὸς
923 1021 1104 1074 πᾶσαν
1151 1021 1447 1094 ἐπιθυμίαν
1479 1025 1588 1079 τῶν
1619 1027 1919 1099 οἰκητόρων

328 1105 434 1176 τῆς
460 1106 669 1173 πόλεως
697 1109 889 1164 ἑαυτὸν
912 1109 1227 1183 διασχίζων.
1260 1114 1461 1170 nm»
1472 1115 1649 1172 ταῦτα
1687 1116 1918 1187 λεγέτω-

332 1216 457 1265 σαν,
487 1195 572 1265 οἷς
596 1201 692 1255 καὶ
735 1200 766 1256 6
798 1200 955 1272 λόγος
1000 1205 1267 1277 ὑπηρετεί
1308 1206 1448 1280 πρὸς
1486 1207 1581 1263 τὸν
1611 1208 1794 1279 ὄγκον,
1825 1210 1920 1265 καί

328 1306 456 1345 τινα
493 1291 650 1364 φέρει
678 1292 994 1366 φιλοτιμίαν
1033 1298 1148 1361 τοῖς
1191 1302 1684 1372 γεγυμνασμένοις,
1714 1303 1781 1356 ὲκ
1809 1301 1921 1357 τῶν

330 1383 594 1441 τοιούτων
638 1384 821 1454 αὐξων
860 1391 927 1460 τῇ
964 1391 1186 1464 πατρίδι
1224 1392 1315 1447 τὸν
1353 1392 1597 1450 ἔπαινον.
1634 1395 1921 1467 ,Κοσμικδς

331 1476 391 1532 δέ
418 1496 500 1544 τις
525 1478 685 1552 ἀνὴρ,
709 1481 805 1534 καὶ
822 1483 891 1553 τῇ
923 1479 1036 1553 ζωῇ
1054 1481 1322 1559 ταύτῃτά
1347 1483 1722 1559 καλὰοκρίνειν
1741 1485 1921 1552 εἰδὼς,

334 1568 678 1640 προστιθέτω
717 1572 832 1635 τοῖς
870 1571 1135 1638 ἐπαίνοις,
1169 1574 1218 1628 si
1266 1573 1433 1640 δοκεῖ,
1475 1575 1571 1629 καὶ
1609 1575 1702 1630 τὸν
1735 1575 1924 1649 ἕτερον

331 1660 447 1714 τῶν
495 1660 780 1733 ποταμῶν.
830 1661 1031 1718 Τοῦτον
1072 1664 1216 1735 λέγω
1254 1665 1346 1720 τὸν
1376 1664 1615 1737 γείτονα,
1659 1667 1720 1733 ὃς
1747 1668 1838 1724 διὰ
1864 1668 1924 1723 τὸ

339 1751 571 1822 μέγεθος
598 1756 714 1818 τοῖς
757 1754 1080 1827 όνομαστοίς
1117 1755 1228 1811 τῶν
1268 1757 1412 1813 κατὰ
1451 1756 1553 1829 τὴν
1600 1757 1924 1830 οἰκουμένην

337 1843 603 1915 ποταμῶν
631 1823 946 1918 έναρίθμιος
978 1845 1085 1914 ὢν,
1101 1847 1213 1902 άπὸ
1254 1847 1357 1918 τῆς
1383 1823 1662 1921 ἡμετέρας
1682 1823 1922 1921 ἀρχόμε-
1958 1823 2000 1880 Β

340 1950 434 1999 νος
469 1937 528 1990 έν
556 1936 733 2008 χρόνῳ
770 1937 1107 2010 παραμείϐει
1145 1938 1243 2012 τὴν
1277 1939 1453 2006 πόλιν,
1481 1940 1544 1994 οὐ
1579 1940 1787 2012 μικρὰν
1821 1940 1923 2015 τὴν

342 2031 475 2102 παρ’
508 2031 704 2086 ἑαυτοῦ
727 2032 888 2105 χάριν
913 2034 994 2098 εἰς
1017 2033 1335 2107 προσθήκην
1362 2035 1590 2101 κάλλους
1614 2053 1677 2089 τε
1706 2036 1802 2091 καὶ
1824 2036 1925 2108 τῆς

341 2124 633 2195 συνεργίας
656 2124 750 2179 τοῦ
781 2125 899 2197 βίου
935 2125 1003 2181 δι’
1035 2126 1231 2181 ἑαυτοῦ
1267 2128 1655 2201 συνεισφέρων.
1688 2128 1808 2184 Κᾶν
1847 2130 1926 2185 οίο

340 2213 536 2278 κιστὰς
559 2214 881 2285 καταλέγειν
916 2216 1035 2291 δέῃ,
1073 2217 1174 2291 κᾶν
1201 2217 1261 2286 ἐξ
1288 2218 1546 2285 ἀποικίας
1566 2220 1636 2275 τὰ
1660 2218 1792 2293 γένη
1817 2220 1926 2275 τῶν

338 2305 642 2378 οἰκητόρων
667 2306 1083 2380 άποσεμνύνειν,
1114 2308 1217 2364 κᾶν
1247 2327 1370 2365 τινα
1402 2309 1583 2383 χειρὸς
1619 2311 1928 2383 πολεμικῆς

339 2398 749 2470 κατορθώματα
785 2401 898 2465 τοῖς
934 2400 1057 2456 καθ’
1090 2403 1238 2474 ἡμᾶς
1286 2402 1731 2476 προσδιηγὴμασι
1757 2418 1771 2437 ο
1800 2404 1928 2475 τρό-

339 2504 511 2554 παια,
542 2489 635 2543 καὶ
661 2491 848 2564 μάχαι,
878 2492 979 2547 καὶ
1013 2491 1085 2546 τὰ
1113 2493 1171 2562 ἐξ
1213 2491 1492 2566 ἀριστείας
1522 2492 1803 2566 θαύματα,
1829 2495 1929 2550 ὃσα

342 2580 712 2651 συγγραφέων
768 2583 957 2648 παῖδες
1006 2582 1213 2657 βίόλοις
1266 2584 1691 2657 ὲναπεθήκαντο,
1737 2586 1931 2659 πόρρω

343 2669 519 2726 ταῦτα
542 2671 635 2725 τοῦ
665 2673 936 2745 ἡμετέρου
964 2675 1149 2748 χοροῦ.
1179 2675 1507 2748 Δίσεχύνεται
1531 2676 1642 2748 γὰρ
1686 2694 1930 2748 χριστια-

343 2762 436 2827 νὸς
459 2762 617 2831 λόγος
638 2764 748 2819 ἀπὸ
774 2765 881 2820 τῶν
912 2766 1018 2833 ἔξω
1042 2767 1142 2839 τῆς
1168 2766 1400 2833 πίστεως
1425 2770 1537 2834 τοῖς
1566 2768 1931 2841 φιλοχρίστοις

342 2852 447 2918 τὰς
477 2853 754 2926 εὐφημίας
798 2857 1142 2928 χαρίζεσθαι,
1175 2858 1367 2933 ὥσπερ
1412 2861 1463 2915 oi
1501 2861 1602 2933 τὴν
1636 2861 1794 2916 σκιὰν
1834 2862 1930 2916 τοῦ

345 2946 616 3018 ἀριστέως
638 2948 745 3021 πρὸ
766 2949 875 3002 τῶν
903 2949 1180 3022 τροπαίων
1202 2951 1576 3024 σεμνύνοντες.
1601 2953 1814 3010 Οὐκοῦν
1841 2971 1931 3008 τε-

343 3035 575 3108 τράφθω
611 3038 749 3111 πρὸς
774 3039 843 3093 τά
872 3040 1116 3112 παρόντα
1144 3043 1173 3097 6
1202 3043 1380 3112 λόγος,
1411 3044 1507 3099 καὶ
1531 3045 1623 3100 ὐπ’
1647 3045 1769 3117 ὄψιν
1799 3048 1934 3119 ἡμῖν

2017 584 2074 633 et
2105 577 2498 633 abundantiam
2521 578 2555 633 ἲ
2585 577 2734 635 ltem-
2757 594 2975 637 amnem
2998 621 3015 649 ,
3063 585 3172 656 qui
3204 586 3403 643 dividit
3452 587 3610 645 sedes

2020 678 2233 727 vestras
2248 670 2452 727 Hiunc
2473 670 2617 738 dico,
2638 672 2735 743 qui
2760 672 2971 729 circulo
2997 685 3161 747 atque
3186 677 3392 734 ambitu
3426 694 3610 751 campt

2018 759 2280 818 ﬂuentum
2303 776 2465 818 suum
2494 761 2765 831 includit,
2788 772 2844 821 et
2865 764 3021 821 lacus
3045 768 3266 824 evadit:
3291 769 3382 841 qui
3407 778 3461 826 et
3483 778 3612 826 ante

2017 859 2075 908 et
2101 861 2395 925 postquam
2446 863 2729 927 restagnet
2756 898 2771 923 ,
2803 855 2890 923 7nd
2934 857 3206 931 cujusque
3252 861 3610 924 incolentium

2020 958 2183 1000 usum
2209 944 2424 1001 divisus
2449 953 2506 1000 et
2531 961 2758 1002 nemora
2785 958 2839 1003 et
2872 950 3211 1022 prata-quasi
3245 951 3313 1008 de
3339 953 3611 1011 industria

2019 1034 2301 1100 efﬁciens,
2329 1051 2554 1092 cursum
2589 1051 2750 1092 suum
2781 1040 2995 1111 peragit
3024 1049 3191 1113 atque
3218 1045 3498 1115 erumpit,
3529 1045 3613 1101 in‘

2021 1142 2362 1199 numeraque
2388 1128 2768 1186 habitantibus
2801 1146 3034 1188 munera
3061 1134 3269 1205 praebet
3294 1143 3348 1191 et
3382 1138 3613 1193 amoeni-

2021 1226 2199 1285 tates,
2227 1218 2297 1275 ad
2337 1233 2573 1276 omnem
2605 1220 2965 1292 cupiditatem
2992 1232 3046 1279 et
3076 1224 3415 1282 desiderium
3448 1228 3611 1285 urbis

2022 1311 2327 1367 incolarum
2360 1326 2482 1369 sese
2506 1311 2763 1370 dividens
2793 1320 2849 1372 et
2879 1314 3161 1372 scindens.
3192 1317 3296 1372 Alii
3326 1318 3443 1374 b'aae
3467 1335 3614 1375 com-

2021 1411 2361 1470 memorent,
2391 1417 2629 1474 quorum
2662 1404 2830 1459 etiam
2865 1405 3045 1463 oratio
3074 1407 3143 1463 ad
3186 1407 3509 1480 gravitatem
3555 1420 3614 1467 et

2023 1493 2436 1564 amplitudinem
2464 1493 2881 1551 accommodata
2913 1504 3035 1564 est,
3078 1505 3245 1570 atque
3287 1483 3612 1558 exercitatis

2022 1585 2316 1655 quamdam
2372 1584 2530 1642 affert
2583 1586 2897 1657 opinionem
2961 1590 3380 1661 magniﬁcentim
3445 1599 3613 1663 atque

2025 1672 2335 1743 splendoris
2356 1713 2371 1740 ,
2397 1675 2468 1731 ab
2493 1674 2767 1746 ejusmodi
2794 1678 2969 1735 rebus
2989 1682 3180 1750 patria:
3209 1683 3423 1739 tandem
3454 1701 3618 1758 exag-

2024 1774 2223 1831 gerans
2245 1768 2307 1817 et
2327 1777 2554 1835 augens.
2578 1764 2887 1822 Mnndanus
2913 1776 3097 1824 autem
3123 1771 3328 1842 aliquis
3350 1774 3457 1841 vir,
3483 1776 3613 1847 qui-

2024 1868 2132 1924 que
2153 1854 2222 1909 ad
2256 1853 2400 1910 banc
2428 1857 2595 1912 vitam
2623 1858 3037 1916 accommodate
3054 1861 3200 1917 bona
3224 1862 3478 1934 judicare
3509 1882 3614 1922 no—

2024 1946 2103 2000 vlt
2120 1988 2137 2011 ,
2162 1945 2417 2003 laudibus
2434 1985 2450 2013 ,
2478 1944 2525 2002 si
2551 1947 2787 2015 videtur,
2808 1947 3221 2020 adjiciat‘etiam
3244 1953 3481 2010 alterum
3495 1970 3582 2011 am
3596 1987 3614 1998 -

2025 2049 2172 2102 nem,
2193 2036 2338 2093 hunc
2360 2037 2772 2105 dico'vicinum,
2815 2040 2910 2112 qui
2934 2052 3158 2114 propter
3177 2045 3611 2117 magnitudinem

2025 2137 2424 2186 annumeratus
2487 2129 2559 2187 iis
2603 2129 2704 2203 qui
2759 2147 2858 2204 per
2919 2133 3125 2190 orbem
3158 2143 3432 2191 terrarum
3474 2138 3612 2197 clari

2030 2233 2221 2277 amnes
2247 2219 2540 2287 habentur,
2568 2235 2599 2276 a
2630 2230 2821 2278 nostra
2849 2224 3119 2298 (regione)
3142 2228 3397 2285 exoriens
3423 2230 3614 2286 urbem

2027 2310 2274 2380 proxime
2300 2311 2732 2381 praeterlabitur,
2765 2312 2911 2367 haud
2940 2328 3135 2384 parum
3165 2316 3353 2385 gratiae.
3385 2332 3501 2372 sua!
3528 2325 3613 2372 at—

2027 2402 2572 2473 que'commoditatis
2602 2402 2668 2459 ad
2697 2403 3004 2487 augendam
3046 2406 3514 2475 pulchritudinem
3559 2418 3617 2465 et

2027 2490 2151 2545 vitze
2173 2489 2487 2560 adjnmenta
2518 2506 2614 2561 per
2642 2505 2766 2546 sese
2798 2488 3116 2548 eon’l'erens.
3149 2491 3275 2550 Sive
3296 2495 3615 2553 conditores

2029 2582 2185 2639 urbis
2216 2597 2546 2638 enumerare
2582 2591 2837 2654 oportet,
2878 2583 2995 2639 sive
3025 2599 3224 2655 genera
3258 2586 3490 2643 coloniae
3526 2588 3615 2643 in-

2031 2672 2278 2728 colarum
2323 2672 2641 2740 celebrare,
2682 2674 2799 2731 sive
2844 2674 3056 2731 bellicae
3096 2691 3293 2732 manus
3335 2692 3423 2733 res
3471 2678 3610 2735 bene

2031 2771 2217 2835 gestas
2268 2764 2475 2820 nostris
2543 2766 2954 2823 narrationibus
3011 2767 3253 2836 adjicere
3301 2770 3600 2838 :tropzea,

2031 2856 2251 2927 praelia,
2278 2855 2940 2929 fortiumqnefacinorum
2967 2858 3266 2923 miracula,
3306 2876 3435 2930 qnzn
3472 2862 3613 2916 scri-

2032 2954 2219 3018 ptores
2244 2946 2404 3004 libris
2433 2948 2894 3005 ittserere'solent
2915 2989 2929 3013 ,
2964 2950 3153 3020 procul
3201 2950 3315 3006 haec
3361 2951 3545 3007 absint
3577 2966 3619 3006 α

2033 3049 2224 3097 nostro
2247 3047 2421 3095 coetu.
2448 3038 2736 3095 Erubescit
2765 3040 2913 3095 cnim
2946 3039 3299 3096 Christianus
3326 3055 3511 3096 sermo
3542 3042 3614 3096 ab

345 3129 605 3201 ἀγαγέτω
641 3131 733 3185 τὸν
770 3132 980 3203 καρπὸν
1024 3131 1119 3187 τὸν
1162 3132 1452 3207 ὑμέτερον.
1485 3136 1737 3206 Σιγάσθω
1777 3136 1837 3190 δὲ
1867 3136 1934 3191 τά

2036 3130 2111 3188 iis
2134 3131 2299 3186 rebus
2319 3171 2335 3197 ,
2360 3145 2485 3200 quae
2506 3144 2538 3184 a
2568 3130 2683 3185 fide
2705 3131 2898 3186 alienae
2924 3138 3092 3196 sunt,
3128 3132 3333 3187 Cbristi
3364 3132 3619 3191 fidelibus

344 3219 450 3276 τοῦ
494 3222 703 3295 κόσμου
732 3224 894 3290 καλά,
943 3224 1049 3280 κᾶν
1086 3225 1153 3279 ἐκ
1198 3228 1515 3299 περιουσίας
1557 3227 1829 3301 πλεονάζῃ
1855 3226 1934 3298 τῷ

2041 3220 2234 3275 amicis
2285 3217 2443 3273 famae
2490 3219 2733 3274 tribuere
2795 3220 3365 3287 commendationem,
3413 3238 3617 3292 quem-

344 3313 500 3386 λόγῳ
544 3314 639 3369 καὶ
668 3317 704 3389 ἡ
741 3315 972 3390 τοιαύτη
998 3316 1106 3372 τῶν
1146 3317 1437 3390 ἐγκωμίων
1486 3318 1766 3383 ὑπόθεσις.
1799 3317 1936 3372 Οὐδὲ

348 3405 465 3478 γὰρ
491 3407 524 3460 6
559 3406 786 3479 οὐρανὸς
822 3409 962 3474 ὅλος.
1001 3409 1031 3464 6
1057 3409 1123 3480 δὴ
1151 3409 1433 3465 κάλλιστόν
1466 3426 1525 3464 τε
1552 3411 1648 3464 καὶ
1679 3410 1937 3482 μέγιστον

348 3494 465 3550 τῶν
496 3497 557 3551 ὲν
583 3499 649 3569 τῇ
684 3498 860 3554 κτίσει
888 3499 1107 3555 πάντων
1133 3501 1303 3565 ἐστὶν,
1329 3499 1454 3555 οὐτε
1483 3501 1542 3555 αἱ
1570 3500 1681 3556 τῶν
1720 3501 1940 3573 φωστὴ-

354 3604 471 3660 ρων
507 3588 697 3659 αὐγαὶ,
748 3589 873 3645 οὐτε
914 3591 1015 3663 τῆς
1056 3595 1157 3664 γῆς
1192 3593 1255 3647 τὸ
1286 3590 1509 3656 πλάτος,
1559 3590 1683 3646 οὐτε
1715 3591 1843 3647 ἄλλο
1886 3609 1940 3645 τι

354 3679 472 3735 τῶν
504 3684 856 3754 στοιχειωδῶς
888 3683 967 3756 τῷ
993 3685 1158 3740 παντὶ
1191 3683 1566 3757 ὑποκειμένων
1595 3683 1739 3756 μέγα
1768 3700 1823 3737 τι
1849 3684 1945 3739 καὶ

358 3771 643 3844 θαύματος
667 3772 816 3840 ἄξιον
835 3770 975 3830 οῐδεν
1001 3776 1032 3832 6
1056 3776 1412 3841 θεόπνευστος
1438 3776 1615 3847 λόγος.
1641 3775 1945 3832 Πεπαίδευ-

361 3880 469 3934 μαι
496 3862 576 3935 τῷ
611 3863 740 3937 θείῳ
774 3866 1156 3939 προστάγματι
1181 3868 1317 3939 πρὸς
1344 3868 1510 3941 μηδὲν
1534 3867 1644 3922 τῶν
1674 3884 1945 3941 παρερχοο

360 3951 548 4025 μένων
579 3953 965 4027 θαυμαστικῶς
993 3956 1341 4014 διατίθεσθαι.

2041 3310 2335 3366 admodum
2377 3309 2475 3381 qui
2520 3310 2769 3365 umbram
2816 3310 2919 3365 viri
2971 3310 3134 3368 fortis
3181 3314 3460 3369 celebrant
3490 3324 3621 3372 ante

2039 3408 2264 3473 tropaea.
2304 3400 2537 3459 Proinde
2567 3402 2635 3458 ad
2669 3402 2962 3474 praesentia
2999 3418 3185 3460 sermo
3234 3414 3618 3475 convertatur,

2042 3504 2099 3553 et
2126 3494 2371 3551 fructum
2394 3500 2642 3551 vestrum
2673 3496 2835 3552 nobis
2863 3506 2991 3553 ante
3019 3497 3213 3553 oculos
3242 3507 3433 3570 ponat.
3463 3498 3624 3554 Mun-

2043 3584 2188 3641 dana
2218 3598 2347 3641 vero
2374 3583 2552 3653 bona,
2584 3592 2641 3640 et
2678 3585 2953 3657 ejusmodi
2985 3596 3369 3658 argumentum
3401 3588 3624 3645 laudan-

2037 3678 2125 3742 di,
2155 3676 2371 3734 etiamsi
2401 3692 2600 3749 magna
2623 3677 2834 3734 dicenti
2860 3680 3020 3748 copia
3060 3680 3406 3751 suppeditari
3439 3697 3505 3735 ex
3537 3682 3623 3739 bis

2038 3770 2250 3841 possit,
2280 3769 2503 3826 silentio
2549 3777 2965 3841 praetereantur.
3009 3772 3200 3844 Neque
3244 3773 3392 3828 enim
3442 3780 3622 3828 totum

2039 3863 2241 3919 ctelum
2258 3900 2277 3927 ,
2302 3876 2425 3935 qua:
2451 3862 2642 3935 utique
2669 3877 2795 3918 cum
2822 3863 3217 3935 pulcherrima,
3242 3873 3355 3921 tom
3381 3865 3618 3921 maxima

2039 3969 2171 4026 pars
2219 3961 2307 4011 est
2352 3954 2413 4009 in
2461 3963 2719 4011 creatura
2757 3970 2942 4012 rerum
2981 3957 3405 4025 universarum,
3449 3973 3628 4030 neque
3746 4015 3757 4025 ,

359 4042 722 4101 luminarium
773 4045 1059 4120 fulgores,
1110 4065 1291 4121 neque
1340 4056 1502 4106 terra:
1549 4048 1935 4115 latitudinem,
1973 4061 2155 4120 neque
2197 4045 2498 4118 quidquam
2526 4061 2717 4103 eorum
2754 4061 2887 4117 quas.
2932 4062 3030 4119 per
3061 4048 3331 4105 elementa
3392 4050 3616 4103 univer-

361 4134 520 4192 sitati
553 4137 804 4209 subjecta
842 4148 1007 4205 sunt,
1048 4156 1310 4214 magnum
1349 4141 1612 4213 quiddam
1649 4149 1705 4197 et
1764 4139 2128 4197 admiratione
2176 4138 2403 4210 dignum
2452 4139 2604 4195 novit
2670 4138 2893 4196 divinus
2972 4153 3176 4196 sermo.
3223 4137 3420 4195 Divino
3464 4140 3612 4196 enim

359 4240 641 4304 prscepto
673 4233 924 4290 eruditus
964 4249 1118 4300 sum,
1162 4235 1302 4291 nihil
1342 4250 1532 4292 earum
1577 4250 1762 4292 rerum
1801 4250 1925 4307 quae
1958 4240 2325 4305 praetereunt,
2361 4231 2667 4288 admirans.

436 4323 504 4379 Et
537 4319 631 4379 οὖν
668 4326 778 4390 πᾶς
819 4325 1044 4399 οὐρανὸς
1070 4326 1167 4381 καὶ
1204 4327 1238 4398 ἠ
1270 4326 1342 4399 γῆ
1388 4326 1808 4400 παρελεύσεται,
1850 4325 1934 4382 καὶ

2121 4322 2180 4380 Si
2213 4324 2382 4396 igitur
2411 4331 2586 4380 totum
2621 4323 2823 4379 cmlum
2857 4329 2913 4379 et
2955 4329 3104 4379 terra
3139 4324 3534 4394 praeteribunt,
3566 4335 3621 4382 et

363 4414 516 4471 ἅπαν
539 4414 634 4470 τοῦ
670 4415 875 4488 κόσμου
915 4417 1154 4489 παράγει
1182 4417 1244 4474 τὸ
1278 4418 1485 4491 σχῆμα,
1518 4418 1702 4483 καθώς
1729 4434 1894 4490 φησιν
1918 4420 1949 4473 6

374 4506 733 4573 Ἆπύστολοςσ
761 4509 879 4573 πῶς
922 4508 989 4565 ἄν
1029 4527 1117 4575 τις
1152 4510 1426 4583 εὐπρεπὲς
1475 4505 1622 4566 εἶναι
1665 4510 1905 4581 νομίσειε
1928 4550 1945 4579 ,

361 4597 471 4669 γῆς
495 4594 633 4669 ἡμῖν
665 4597 760 4652 καλ⁵
796 4597 990 4663 ὐδατος
1027 4600 1289 4674 εὐφορίαν
1311 4601 1392 4665 είς
1427 4599 1681 4673 ἀφορμὴν
1709 4599 1947 4655 ἐπαίνων

362 4688 803 4759 προσάλλεσθαις
848 4691 912 4744 El
958 4691 1068 4763 γάρ
1114 4692 1209 4747 καὶ
1241 4692 1502 4763 πρόσεστι
1537 4691 1616 4765 τῷ
1656 4691 1778 4747 καθ’
1802 4692 1949 4765 ὑμᾶς

361 4779 521 4850 τόπῳ
544 4778 723 4846 πλέον,
750 4781 784 4853 ἢ
812 4782 906 4835 καὶ
928 4784 986 4836 έν
1011 4782 1211 4848 ἄλλοις,
1236 4783 1307 4838 τά
1324 4782 1550 4839 τοιαῦτα
1574 4784 1673 4855 τῆς
1695 4784 1798 4856 γῆς
1817 4802 1951 4857 προ-

362 4872 676 4943 τερήματα,
724 4873 860 4927 ἀλλὰ
885 4875 1167 4947 συγκρίσει
1191 4874 1299 4930 τῶν
1326 4876 1604 4948 ὑμετέρων
1635 4874 1814 4931 ita.th
1834 4876 1948 4930 ἀντ’

366 4960 583 5026 οὐδενὸς
624 4957 768 5017 οῐδεν
816 4964 999 5020 ἐκεῖνα
1049 4966 1423 5039 παρατρέχειν
1451 4966 1483 5021 6
1526 4966 1706 5036 λόγος.
1741 4965 1952 5022 Οὐκοῦν

366 5049 514 5120 πρὸς
539 5051 607 5105 τά
652 5054 1026 5126 προτιμότερα
1059 5058 1126 5128 τῇ
1158 5055 1316 5125 φύσει
1344 5058 1465 5121 ταῖς
1505 5055 1804 5128 εὐφημίαις
1827 5072 1952 5129 τρε-

366 5140 625 5213 πώμεθα.
658 5142 844 5199 Ταῦτα
879 5144 939 5199 δὲ
981 5146 1168 5201 οὐκέτι
1202 5146 1293 5201 διά
1316 5148 1493 5213 λόγων
1518 5149 1651 5221 ἡμῖν
1672 5147 1949 5221 δειχθήσε-

361 5251 485 5300 ται,
522 5233 637 5288 ἀλλ’
681 5236 761 5299 είς
791 5236 925 5292 αὐτὸ
958 5237 1193 5310 πάρεστι
1239 5237 1459 5311 βλέπειν
1509 5240 1620 5294 τῶν
1670 5240 1953 5312 ὑμετέρων

362 5323 598 5393 ἀγαθῶν
624 5325 685 5379 τὸ
710 5327 1026 5398 κεφάλαιον.
1069 5330 1167 5396 Τίς
1190 5329 1301 5403 γάρ
1332 5330 1434 5386 οὐκ
1470 5327 1577 5385 οἶδε
1620 5331 1715 5386 τὸν
1743 5332 1955 5404 καρπὸν

361 5416 469 5469 τὸν
494 5414 781 5491 ὑμέτερον,
808 5419 891 5474 ὅτι
920 5421 1079 5493 ὑμεῖς
1108 5421 1199 5478 τὸν
1226 5422 1333 5477 τῶν
1367 5408 1660 5496 μαρτύρων
1688 5422 1954 5495 ἐϐλαστή-

365 5522 509 5560 σατε
543 5508 763 5580 στάχυν,
809 5510 902 5565 τὸν
942 5512 1209 5586 πολύχουν
1243 5514 1455 5583 τοῦτον,
1512 5515 1607 5570 καὶ
1639 5514 1781 5587 ὑπὲρ
1826 5515 1954 5581 τοὺς

367 5595 672 5669 τριάκοντα
714 5599 797 5673 τῷ
839 5602 1035 5676 πλήθει
1084 5607 1195 5663 τῶν
1240 5605 1469 5681 καρπῶν
1518 5606 1954 5678 πλατυνόμενον;

399 5754 424 5786 ³
453 5753 470 5811 |
496 5755 625 5812 Cor.
661 5771 755 5821 vn.
780 5754 869 5811 5!.

2051 4417 2232 4475 omnis
2280 4416 2472 4472 mundi
2502 4415 2717 4487 species
2747 4424 2802 4472 et
2829 4414 3051 4471 habitus
3078 4415 3316 4483 transit,
3362 4424 3422 4471 ut
3453 4418 3629 4489 inquit

2051 4507 2348 4581 Apostolus
2374 4508 2397 4541 ³
2426 4524 2441 4562 :
2472 4508 2569 4578 qni
2599 4506 2778 4579 possit
2808 4507 3010 4579 aliquis
3047 4506 3311 4563 decorum
3349 4509 3624 4564 existima-

2056 4614 2146 4665 re,
2194 4599 2249 4656 si.
2276 4608 2436 4655 terrae
2474 4598 2633 4656 vobis
2668 4606 2727 4655 et
2771 4613 2930 4670 aquae
2982 4596 3325 4655 fertilitatem
3372 4598 3628 4655 laudandi

2054 4705 2223 4748 causa
2269 4690 2494 4747 afferam
2525 4690 2581 4746 in
2608 4690 2847 4746 medium
2873 4688 3052 4746 lNam
3079 4692 3244 4748 etiam
3273 4689 3427 4747 locus
3455 4700 3631 4749 vester
3658 4706 3661 4709 '

2054 4782 2213 4853 plura
2265 4782 2427 4837 habet
2462 4781 2734 4851 ejusmodi
2766 4781 3055 4837 commoda
3095 4790 3257 4838 terrae
3300 4797 3466 4854 quam
3503 4784 3631 4840 alibi

2056 4873 2407 4945 reperiantur
2431 4891 2447 4929 :
2488 4883 2728 4929 attamen
2756 4872 3171 4943 comparatione
3196 4880 3508 4930 vestrorum
3537 4876 3633 4931 bo-

2054 4979 2284 5032 norum,
2341 4974 2603 5033 tanquam
2645 4978 2737 5019 res
2781 4962 2988 5020 nullius
3026 4964 3187 5035 pretii
3227 4967 3509 5034 praeterire
3543 4967 3633 5022 illa

2058 5056 2210 5112 novit
2232 5056 2431 5113 oratio.
2454 5053 2637 5123 Quare
2653 5055 2720 5112 ad
2749 5071 2842 5112 res
2864 5063 3059 5111 natura
3087 5059 3502 5127 pmstantiores
3518 5059 3634 5113 lau-

2057 5145 2333 5202 dationem
2373 5153 2785 5203 convertamus.
2830 5144 2927 5200 Hm
2971 5154 3152 5201 autem
3177 5148 3335 5205 vobis
3368 5162 3475 5204 non
3523 5163 3632 5203 am-

2058 5236 2204 5308 plius
2223 5250 2320 5306 per
2339 5234 2504 5291 verba
2538 5235 2864 5292 ostendentu
2874 5249 2921 5300 r,
2940 5235 3035 5292 sed
3055 5235 3182 5291 licet
3206 5236 3456 5309 inipsum
3474 5246 3635 5308 caput

2062 5329 2263 5385 intueri
2293 5334 2600 5384 vestrorum
2632 5328 2922 5384 bonorum.
2961 5328 3098 5395 Quis
3126 5329 3273 5385 enim
3303 5330 3518 5400 ignorat
3547 5346 3635 5385 ve-

2059 5429 2234 5477 strum
2268 5419 2506 5475 fructum
2530 5460 2546 5485 ,
2576 5418 2722 5490 quod
2772 5434 2869 5476 vos
2916 5428 3218 5492 martyrum
3272 5420 3637 5491 produxeritis

2063 5511 2309 5584 spicam,
2352 5509 2642 5568 fecundam
2687 5509 2830 5566 banc
2872 5518 2927 5567 et
2970 5512 3289 5582 copiosam,
3329 5525 3452 5582 quae
3494 5512 3637 5568 ultra

2069 5604 2432 5678 trigenarium
2460 5619 2748 5662 numerum
2780 5604 3130 5661 multitudine
3154 5611 3210 5661 et
3237 5604 3395 5676 copia
3426 5602 3647 5677 frugum
