3918 6204
320 332 425 389 7735

1526 327 1585 386 S.
1622 325 1953 388 GBEGORII
2004 329 2297 388 NYSSENI

3464 328 3571 385 7Z6

322 449 625 532 amatur?
651 446 843 505 Videte
872 442 1089 505 sa‘crum
1129 450 1234 506 hoc
1269 464 1460 505 arvum
1483 490 1500 516 ,
1532 448 1663 504 hinc
1689 456 1893 521 martv-
1920 454 1941 512 Δ

2040 451 2198 521 )ρᾶτε
2226 451 2324 523 τὴν
2353 451 2506 550 ιερξν
2524 451 2729 524 ταύτην
2750 452 3004 524 ἀρουραψ
3032 449 3282 505 ἐντεῦθεν
3303 450 3411 503 τῶν
3437 467 3571 522 μαρ·

326 557 444 595 t‘ttltl
476 540 739 612 manipuli
775 539 994 598 collecti
1029 552 1179 599 sunt.
1230 541 1386 609 Quod
1428 542 1475 598 si
1505 541 1649 599 scire
1684 539 1899 597 deside-

1998 542 2178 614 τύρων
2204 543 2270 598 τὰ
2302 542 2613 616 δράγματα.
2650 545 2713 599 Et
2740 544 2921 615 ζητεῖς
2949 544 3138 614 μαθεῖν
3159 544 3283 596 τίνα
3306 542 3452 612 λέγω
3476 545 3574 613 τὴν

325 647 417 688 ras
456 630 525 687 de
577 647 689 703 quo
719 646 855 689 arvo
897 632 1115 700 dicam,
1154 649 1223 691 ne
1266 633 1458 705 procul
1501 632 1571 688 ab
1605 646 1707 697 eo,
1752 632 1901 703 quod

2040 633 2254 702 ρουραν,
2285 630 2361 703 μὴ
2394 633 2586 706 πόρῤω
2611 631 2706 686 τοῦ
2733 632 3002 702 παρόντος
3022 631 3453 702 περισκοπήσῃς.
3478 629 3573 695 Τίς

327 723 515 787 adest,
548 725 985 797 circumspicias.
1016 725 1152 791 Quis
1192 736 1279 781 est
1318 725 1421 782 iste
1458 724 1616 781 locus
1660 724 1752 795 qui
1793 738 1904 779 am-

2000 722 2031 774 ὸ
2056 724 2219 787 τόπος
2270 723 2300 775 ὁ
2352 722 2623 795 περιέχων
2652 722 2744 776 τὸν
2793 721 3084 790 σύλλογον;
3117 721 3183 774 Τί
3234 725 3317 775 σοι
3361 721 3512 789 λέγει
3538 722 3573 793 ἠ

328 815 584 886 plectitur
604 824 936 871 conventum
955 817 981 871 ?
1006 815 1146 883 Quid
1172 816 1272 872 tibi
1310 815 1448 872 dicit
1489 815 1905 872 anniversarius

2040 813 2273 879 νιαύσιος
2304 813 2401 868 τοῦ
2431 814 2632 868 κύκλου
2673 812 2955 884 περίοδος;
2982 802 3118 866 Ποῖά
3151 830 3233 866 σοι
3262 812 3579 883 διηγήματα

329 907 527 962 circuli
551 908 791 964 ambitus
810 908 836 962 ἲ
853 908 1054 975 Quales
1076 908 1242 980 hujus
1269 908 1379 964 diei
1405 908 1717 965 recordatio
1742 913 1908 978 atque

2082 906 2181 977 τῆς
2225 906 2438 977 ἡμέρας
2473 905 2680 977 ταύτης
2725 904 3031 977 ὑπόμνησις
3074 906 3201 976 ἥκει
3241 903 3577 976 κομίζουσας

331 1000 784 1056 commemoratio
840 1000 1010 1056 refert
1050 1000 1145 1056 tibi
1176 1001 1565 1057 narrationes?
1602 1000 1798 1056 Annon
1835 998 1909 1054 lo-

2007 997 2133 1075 Ἆρ’
2164 1003 2225 1056 οὐ
2249 999 2428 1056 λαλιαί
2461 1003 2608 1065 τινές
2639 1002 2766 1063 είσι,
2800 999 2983 1064 καθώς
3014 1016 3177 1070 φησιν
3204 1000 3234 1053 ὁ
3266 999 3579 1070 Προφήτης,

335 1093 512 1164 ηυειιιι
536 1093 783 1163 quaedam
809 1104 957 1159 sunt,
988 1103 1048 1149 ut
1072 1093 1248 1164 inquit
1267 1093 1540 1164 Propheta
1556 1093 1600 1157 δ,
1624 1101 1679 1150 et
1709 1106 1912 1149 sermo-

2040 1094 2106 1148 ιαὶ
2132 1092 2300 1163 λόγοι,
2331 1086 2409 1150 ὧν
2435 1091 2555 1163 οὐχὶ
2581 1090 2740 1163 μόνον
2766 1089 3051 1146 ἀκούονται
3084 1090 3142 1144 αἱ
3173 1089 3371 1159 φωναὶ,
3402 1088 3582 1142 αὐτῶν

337 1200 471 1251 nes,
507 1199 741 1255 quorum
773 1193 984 1241 tantum
1015 1199 1125 1240 non
1170 1184 1473 1240 audiuntur
1512 1199 1676 1240 voces
1721 1197 1912 1241 eorum

2040 1185 2213 1248 παντὸς
2253 1183 2411 1253 λόγου
2440 1182 2795 1254 εὐτονώτερον
2830 1179 3275 1253 διηγούμεναιτά
3302 1180 3584 1251 θαύματα;

337 1273 532 1343 quovis
560 1288 813 1331 sermone
836 1274 1040 1331 clarius
1067 1274 1334 1330 miracula
1357 1274 1723 1332 enarrantes?
1752 1272 1810 1330 Si
1842 1273 1917 1329 lo-

2021 1276 2117 1329 "Av
2143 1277 2223 1340 είς
2246 1274 2339 1328 τδν
2366 1273 2532 1330 τόπον
2561 1273 2778 1345 ἀπίδῃς,
2818 1272 2979 1337 αὐτὸς
3005 1268 3143 1327 εἷναί
3170 1289 3304 1343 φησι
3325 1272 3434 1326 τῶν
3459 1288 3590 1343 μαρ-

339 1379 465 1417 cum
500 1363 792 1430 intuearis,
822 1363 941 1435 ipse
967 1371 1272 1438 martyrum
1298 1364 1537 1432 stadium
1564 1381 1686 1422 esse
1717 1367 1830 1421 ait:
1868 1365 1917 1421 si

2040 1369 2195 1441 τύρων
2232 1366 2294 1421 τὸ
2336 1366 2583 1421 στάδιον
2612 1365 2678 1420 ἂν
2722 1365 2821 1438 τὴν
2861 1366 3072 1437 ἡμέραν
3111 1365 3324 1437 λογίσῃ,
3363 1358 3476 1417 οἷόν
3508 1380 3592 1429 τις

340 1455 485 1511 diem
514 1455 989 1522 consideraveris,
1028 1464 1290 1526 tanquam
1324 1471 1505 1528 praeco
1545 1457 1769 1525 quidam
1811 1472 1921 1512 nta-

343 1563 464 1616 gna:
505 1547 660 1603 vocis
689 1553 744 1602 et
768 1561 1006 1605 sonorus
1031 1555 1334 1619 martyrum
1372 1563 1633 1604 coronam
1667 1563 1914 1619 pronun-

342 1640 467 1693 tiat.
503 1635 633 1693 llaec
663 1638 796 1693 mihi
816 1638 1009 1694 videor
1025 1653 1092 1693 ex
1121 1638 1209 1694 die
1228 1637 1389 1709 (ipsa)
1405 1639 1677 1695 clamante
1691 1638 1920 1706 audire;

346 1730 489 1785 alius
519 1730 740 1800 quidem
770 1729 889 1786 dies
920 1729 1280 1785 luminarium
1317 1732 1595 1787 creatione
1621 1731 1919 1802 gloriatur;

1952 1775 1998 1831 Β

2020 1460 2197 1534 κήρυξ
2228 1459 2609 1532 μεγαλόφωνος
2638 1458 2998 1529 ἀνακηρύττει
3036 1457 3145 1510 τῶν
3177 1454 3470 1529 μαρτύρων
3503 1453 3595 1509 τὸν

2023 1553 2305 1622 στέφανον.
2350 1549 2537 1605 Ταῦτά
2586 1567 2678 1621 μοι
2726 1547 2868 1602 δοκῶ
2915 1548 3015 1620 τῆς
3053 1547 3265 1620 ἡμέρας
3308 1545 3596 1619 ἐμδοώσης

2023 1644 2240 1701 ἀκούειν
2262 1659 2276 1673 ·
2313 1644 2393 1697 ὅτι
2419 1642 2550 1713 ἄλλη
2583 1641 2680 1711 μὲν
2700 1642 2765 1713 τῇ
2798 1640 3127 1712 δημιουργίᾳ
3163 1640 3272 1693 τῶν
3297 1641 3598 1710 φωσ-τήρων

2026 1731 2366 1803 σεμνύνεται,
2403 1729 2539 1802 ἄλλη
2568 1730 2624 1783 δὲ
2646 1728 2727 1799 τῷ
2750 1727 2984 1801 οὐρανῷ,
3017 1729 3111 1783 καὶ
3134 1729 3298 1800 ἐτέρα
3328 1730 3397 1800 τῇ
3427 1745 3599 1782 κατα-

348 1822 491 1878 alius
521 1837 654 1878 vero
673 1861 690 1886 ,
728 1821 870 1878 coelo
895 1839 910 1890 ;
939 1823 1069 1878 item
1097 1823 1240 1879 alius
1267 1813 1484 1878 laetatur
1515 1830 1571 1879 et
1608 1823 1714 1879 sibi
1746 1823 1925 1893 placet

2040 1826 2192 1895 ςκευῇ
2233 1823 2335 1895 τῆς
2386 1824 2491 1893 γῆς
2534 1820 2918 1889 ἐπαγάλλεται.
2966 1820 3120 1892 Ἐμοὶ
3150 1819 3209 1874 δέ
3253 1820 3422 1891 ἀρκεῖ
3466 1818 3602 1891 πρὸς

351 1920 573 1982 propter
591 1910 1014 1967 fabricationem
1033 1919 1214 1967 terrae.
1235 1911 1370 1967 Mihi
1391 1919 1572 1967 autem
1587 1911 1656 1968 ad
1668 1918 1924 1967 ornatum

2040 1917 2230 1988 ιόσμον
2258 1915 2328 1970 τὰ
2350 1914 2460 1969 τῶν
2490 1913 2783 1987 μαρτύρων
2815 1911 3101 1984 θαύματα*
3129 1913 3291 1983 ἀρκεῖ
3315 1912 3394 1984 τῷ
3415 1912 3602 1966 κάλλει

352 2001 617 2056 miracula
648 2009 952 2084 martyrum
994 2000 1304 2071 sufficiunt;
1340 1996 1547 2057 sufficit
1591 2016 1925 2057 coronarum

2040 2008 2134 2064 τῶν
2181 2007 2462 2078 στεφάνων
2508 2004 3048 2075 ἐγκαλλωπίζεσθαι·
3100 2004 3261 2077 ἀρκεῖ
3301 2005 3416 2066 τοῖς
3462 2004 3601 2056 κατά

352 2093 553 2149 decore
590 2101 754 2162 atque
792 2092 1200 2164 pulchritudine
1235 2096 1490 2149 exornari
1519 2111 1536 2162 ;
1581 2093 1782 2151 sullicit
1811 2104 1925 2150 tro-

355 2186 484 2255 pmis
531 2171 797 2241 adversus
840 2185 1118 2242 diabolum
1170 2187 1374 2245 erectis
1425 2187 1710 2244 honestari
1765 2195 1930 2257 atque

352 2280 621 2335 decorari.
651 2280 854 2346 Quales
880 2279 937 2333 in
965 2295 1051 2335 me
1077 2279 1301 2337 fuerunt
1327 2281 1712 2338 narrationes?
1739 2280 1931 2348 Qualis

353 2369 563 2441 angelis
614 2385 711 2441 per
760 2385 848 2426 me
892 2370 1032 2425 facta
1068 2379 1154 2427 est
1191 2373 1478 2428 accessio?
1513 2372 1741 2440 Qualem
1781 2374 1934 2430 dedit

356 2469 501 2518 terra
545 2461 785 2518 fructum
822 2462 981 2520 Deo?
1021 2464 1239 2535 qualem
1275 2464 1542 2521 Dominus
1579 2466 1634 2520 in
1670 2481 1758 2521 me
1799 2481 1937 2522 con-

357 2555 612 2610 sitionem
638 2556 923 2631 consevit?
954 2553 1110 2612 Unde
1136 2557 1322 2613 omnis
1347 2558 1513 2613 etiam
1540 2558 1936 2629 propemodum

356 2646 508 2702 orbis
543 2653 815 2702 terrarum
854 2647 984 2703 hinc
1014 2656 1300 2704 enatorum
1342 2649 1628 2720 palmitum
1659 2658 1713 2706 et
1741 2666 1937 2706 surcu-

360 2740 537 2793 lorum
587 2740 987 2811 propaginibus
1035 2740 1288 2796 consitus
1329 2748 1455 2795 est:
1501 2749 1764 2813 tanquam
1808 2741 1939 2799 vitis

359 2828 608 2900 quaedam
639 2829 862 2898 copiosa
882 2868 899 2895 ,
931 2837 1096 2898 atque
1129 2827 1420 2885 abundans
1443 2871 1458 2895 ,
1493 2844 1617 2884 cum
1665 2830 1803 2885 alias
1843 2845 1941 2900 per

361 2936 484 2977 sese
510 2920 650 2977 vites
676 2920 867 2985 cllicit,
891 2928 1004 2985 tum
1036 2922 1153 2991 ipsa
1177 2935 1289 2975 non
1316 2920 1578 2977 deficiens
1606 2922 1662 2977 in
1691 2937 1794 2979 suo
1823 2938 1943 2994 per-

2027 2100 2122 2155 τοῦ
2159 2098 2406 2154 διαϐόλου
2434 2096 2716 2169 τροπαίοις
2740 2095 3214 2168 ἐπισεμνύνεσθαι.
3242 2089 3348 2149 υἷα
3380 2093 3601 2163 γέγονεν

2030 2192 2090 2245 ἐν
2111 2190 2234 2262 ἐμοὶ
2254 2189 2413 2262 διηγή
2423 2189 2593 2260 μαται
2622 2184 2725 2243 Οἷα
2747 2188 2938 2260 γέγονε
2966 2187 3032 2242 δι’
3056 2187 3190 2259 ἐμοῦ
3216 2189 3328 2252 τοῖς
3348 2186 3603 2256 ἀγγέλοις

2032 2282 2352 2355 προσθήκηί
2383 2279 2507 2336 Οἷον
2552 2279 2749 2335 ἔδωκεν
2774 2283 2808 2353 ἡ
2841 2280 2916 2352 γῆ
2958 2279 3035 2352 τῷ
3064 2279 3183 2352 Θεῷ
3214 2279 3308 2335 τὸν
3351 2279 3601 2351 καρπόνί

2034 2376 2166 2431 Οἶαν
2190 2374 2452 2445 ἐφύτευσε
2495 2374 2719 2443 φυτείαν
2760 2374 2818 2426 ἐν
2849 2373 2971 2445 ἐμοὶ
2993 2375 3021 2427 ὁ
3051 2371 3288 2445 Κύριοςί
3325 2371 3491 2426 Ὅθεν
3514 2371 3609 2424 καὶ

2023 2471 2187 2524 ,πᾶσα
2214 2468 2400 2540 σχεδὸν
2429 2468 2462 2538 ἡ
2487 2467 2776 2539 οἰκουμένη
2802 2469 2922 2531 ταῖς
2950 2465 3267 2537 παραφυάσι
3295 2466 3402 2519 τῶν
3425 2463 3608 2517 ἐντεῦο

2037 2560 2129 2615 θεν
2171 2560 2464 2631 κλημάτων
2492 2557 2988 2627 καταπεφύτευται,
3015 2557 3265 2629 καθάπερ
3303 2573 3383 2620 τις
3425 2556 3610 2626 ἀμπε-

2036 2651 2127 2715 λος
2156 2649 2475 2719 εύθηνοῦσα,
2505 2649 2598 2703 καὶ
2636 2648 2799 2712 ἄλλας
2826 2648 2894 2701 δι’
2922 2649 3115 2720 ἐαυτῆς
3145 2646 3422 2719 ἀμπέλους
3445 2645 3611 2716 ἑργάο

2040 2743 2215 2808 ζεται,
2249 2743 2343 2796 καὶ
2370 2742 2508 2814 αῦτη
2534 2741 2777 2813 διαμένει
2807 2740 3174 2804 ἀνέκλειπτος.
3202 2738 3385 2794 Ταῦτά
3409 2755 3493 2791 τοι
3522 2736 3613 2792 καὶ

2037 2832 2111 2887 τὰ
2140 2831 2360 2887 τοιαῦτα
2388 2832 2535 2885 δοκεῖ
2578 2831 2677 2903 τῆς
2720 2830 2934 2902 ἡμέρας
2986 2830 3021 2900 ή
3068 2830 3228 2900 χάρις
3264 2827 3616 2898 εὐαγγελίζε-

2044 2924 2190 2990 σθαι,
2218 2923 2312 2977 καὶ
2339 2923 2368 2976 ό
2395 2922 2489 2976 τοῦ
2520 2921 2778 2991 συλλόγου
2803 2921 2967 2986 τόπος
2985 2920 3209 2974 τοιαῦτα
3230 2921 3417 2993 ἕτερα.
3457 2919 3615 2974 ’Λλλά

363 3018 547 3068 manet
580 3013 787 3084 vigore.
822 3012 948 3069 llaec
978 3022 1033 3070 et
1059 3012 1334 3083 ejusmodi
1372 3014 1636 3068 nimirum
1672 3028 1798 3068 cum
1830 3012 1941 3067 diei

2041 3019 2095 3073 τί
2127 3017 2284 3074 πάθω
2312 3017 2449 3088 πρὸς
2480 3016 2609 3071 λαὸν
2637 3014 2911 3081 τοσοῦτον,
2943 3013 3268 3085 ἰσχνόφωνός
3292 3030 3380 3077 τις
3408 3013 3485 3067 ῶν
3508 3013 3617 3082 ἐγὼ

366 3103 672 3168 festivitas,
704 3112 821 3159 tum
862 3105 1019 3160 locus
1048 3104 1104 3158 in
1145 3118 1308 3174 quem
1347 3104 1727 3169 convenistis,
1767 3103 1937 3158 altera

2042 3112 2137 3167 καὶ
2171 3109 2604 3180 βραδύγλωσσος,
2641 3107 2736 3162 καὶ
2790 3105 2948 3178 μόγις
2996 3109 3109 3171 τοῖς
3155 3107 3507 3179 παρεστῶσιν
3561 3108 3618 3160 ἐν

365 3197 494 3251 talia
538 3197 662 3252 laeta
706 3197 1036 3253 aununtiare
1075 3198 1315 3254 videtur.
1363 3195 1470 3252 Sed
1505 3195 1637 3267 quid
1678 3211 1837 3267 agam
1871 3196 1941 3250 ad

2041 3203 2264 3274 ἐπηκόῳ
2287 3199 2676 3271 φθεγγόμενος,
2710 3198 3107 3271 ύπερηχοῦντος
3130 3197 3224 3251 τοῦ
3256 3200 3390 3270 ἤχου
3413 3198 3506 3252 τὸν
3532 3197 3619 3252 16-

292 3282 299 3285 ⁷
368 3298 579 3345 tantum
616 3291 912 3361 populum,
954 3305 1078 3345 cum
1113 3291 1243 3346 exili
1286 3289 1393 3346 sim
1436 3303 1605 3354 voce,
1648 3287 1941 3359 linguaque

2040 3311 2138 3364 γον
2162 3310 2178 3360 ;
2210 3290 2289 3347 Ἧ
2318 3291 2426 3362 γὰρ
2455 3290 2522 3346 ἂν
2554 3290 2863 3363 ἐνδιέτριψα
2892 3291 3004 3354 τοῖς
3025 3289 3247 3359 ἀγαθοῖς
3266 3291 3618 3362 διηγήμασιν,

371 3382 525 3436 tarda
545 3424 561 3449 ,
593 3383 687 3452 qui
717 3393 1017 3452 superante
1047 3382 1233 3438 sonitu
1278 3396 1343 3437 ac
1371 3381 1589 3437 fremitu
1634 3394 1941 3437 sermonem

2042 3387 2192 3451 ὅπως
2219 3386 2252 3458 ἡ
2278 3385 2417 3457 καλὴ
2440 3384 2702 3457 συσκηνία
2729 3383 2838 3437 τῶν
2860 3383 3284 3455 τεσσαράκοντα,
3311 3384 3499 3455 κοινὴν
3523 3383 3622 3454 μὲν

368 3477 458 3530 vix
485 3474 792 3531 astantibus
816 3474 870 3527 in
898 3475 1020 3529 loco
1048 3473 1120 3529 ita
1147 3473 1438 3530 commodo
1458 3473 1673 3543 loquar,
1697 3480 1758 3527 ut
1781 3486 1949 3528 exau-

370 3568 477 3622 diri
516 3567 733 3638 possit?
769 3565 905 3623 Nam
950 3565 1195 3636 alioquin
1227 3564 1550 3621 imntoratus
1575 3579 1755 3622 essem
1786 3574 1951 3635 atque

373 3670 811 3731 perseverassem
850 3662 907 3715 in
951 3660 1113 3717 bonis
1148 3658 1595 3722 narrationibus,
1637 3674 1750 3730 quo
1789 3667 1951 3731 parto

377 3751 622 3821 pmclari
647 3752 1067 3808 contubernales
1106 3750 1470 3823 quadraginta
1499 3766 1623 3807 cum
1659 3766 1953 3808 commune

374 3849 689 3909 certamen,
722 3852 835 3898 tum
872 3857 1218 3900 communem
1260 3842 1465 3914 ubique
1493 3842 1766 3899 coloniam
1797 3842 1955 3898 inha-

376 3932 810 4005 bitationemque
846 3932 1125 3999 fecerunt,
1170 3944 1226 3989 et
1264 3949 1488 4006 quoquo
1516 3950 1713 3991 versus
1741 3935 1956 4006 disper-

375 4026 610 4094 tiuntur,
639 4035 696 4083 et
733 4026 791 4081 in
823 4026 994 4082 variis
1029 4026 1167 4082 locis
1204 4026 1489 4097 conjuncti
1528 4026 1769 4097 hospitio
1814 4028 1957 4083 reci-

375 4118 624 4191 piuntur.
655 4118 927 4186 Quocirca
960 4134 1121 4175 nemo
1148 4119 1245 4190 qui
1278 4118 1664 4190 particttlarem
1692 4119 1957 4190 reliquia-

375 4228 499 4267 rum
526 4213 756 4282 gratiam
784 4212 1066 4282 suscepit,
1090 4226 1200 4267 non
1225 4227 1291 4268 ex
1319 4216 1436 4266 toto
1460 4220 1763 4283 martyrum
1789 4223 1957 4280 appa-

377 4305 634 4361 ritioncm
653 4304 881 4376 recepit.
908 4302 1065 4360 Unus
1089 4307 1234 4361 enim
1257 4302 1314 4359 in
1343 4301 1570 4359 Christo
1596 4316 1722 4357 cum
1754 4299 1958 4356 fuerint

376 4397 659 4462 universi,
692 4412 789 4469 per
817 4412 985 4452 unum
1025 4412 1152 4454 eum
1182 4403 1301 4451 toto
1339 4410 1444 4450 suo
1480 4407 1646 4466 grege
1671 4391 1956 4461 recipiun-

379 4498 490 4545 tur.
515 4489 623 4545 Scd
646 4489 742 4560 qui
767 4488 884 4544 fieri
910 4495 1091 4559 potest
1123 4496 1185 4544 ut
1210 4489 1390 4545 oratio
1422 4503 1534 4543 non
1576 4484 1836 4556 injuriam
1867 4484 1953 4539 fa-

377 4581 516 4648 ciat,
542 4594 664 4652 quae
693 4579 911 4634 initium
938 4576 1196 4633 narrandi
1224 4592 1314 4633 res
1342 4576 1412 4632 ab
1438 4576 1507 4631 iis
1526 4583 1709 4647 gestas
1730 4572 1955 4629 silentio

378 4669 836 4744 praetermiserit?
858 4668 1016 4736 Quod
1039 4680 1125 4725 est
1153 4668 1325 4739 igitur
1348 4666 1594 4722 initium?
1616 4664 1953 4721 Adolescen-

378 4765 458 4819 tia
474 4764 713 4836 egregia,
735 4769 900 4834 atque
922 4767 1188 4833 spectata,
1211 4760 1346 4816 fides
1360 4760 1588 4831 optima,
1604 4756 1765 4827 cujus
1782 4757 1957 4827 gratia

378 4855 539 4911 electi
569 4870 781 4923 omnes,
800 4855 1002 4911 decore
1027 4869 1093 4909 ac
1124 4853 1537 4925 pulchritudine
1553 4850 1803 4920 insignes
1825 4890 1841 4915 ,
1888 4848 1958 4904 ad

380 4960 566 5002 ramos
579 4947 956 5018 magnitudine
966 4947 1211 5019 proxime
1238 4944 1581 5008 accedentes,
1599 4944 1654 4998 in
1671 4941 1806 4998 ﬂore
1820 4951 1957 4997 aeta-

2043 3479 2142 3551 τὴν
2163 3477 2409 3549 ἄθλησιν,
2442 3476 2629 3548 κοινὴν
2668 3476 2726 3530 δέ
2772 3474 3045 3546 πανταχοῦ
3090 3476 3190 3546 τὴν
3222 3474 3477 3528 ἀποικίαν
3526 3490 3624 3526 πε-

2046 3570 2320 3641 ποίηνται,
2366 3570 2461 3624 καὶ
2506 3564 2781 3639 πανταχοῦ
2829 3566 3302 3640 καταμερίζονται,
3354 3565 3447 3618 καὶ
3494 3564 3623 3635 μετ’

2048 3661 2292 3734 ἀλλήλων
2313 3661 2682 3729 ἐπιξενοῦνται
2715 3663 2825 3726 τοῖς
2846 3662 3053 3726 τόποις.
3080 3659 3282 3715 Οὐκοῦν
3311 3657 3486 3721 οὐδεὶς
3517 3673 3622 3727 με-

2055 3752 2211 3823 ρικὴν
2242 3751 2350 3805 τῶν
2381 3750 2651 3822 λειψάνων
2679 3750 2839 3823 χάριν
2869 3749 3282 3821 ὑποδεξάμενος,
3311 3748 3410 3803 οῦκ
3428 3749 3494 3801 ἐκ
3523 3744 3622 3800 τοῦ

2053 3843 2251 3907 παντὸς
2272 3843 2373 3914 τὴν
2405 3843 2725 3911 ἐπιφάνειαν
2771 3842 2882 3896 τῶν
2931 3841 3221 3914 μαρτύρων
3264 3839 3500 3907 ἐδέξατο.
3526 3832 3626 3903 Εἷς

2053 3936 2162 4010 γάρ
2198 3938 2257 3991 ἐν
2305 3935 2497 4008 Κυρίῳ
2541 3935 2826 4007 γεγονότες
2852 3936 2901 3989 ot
2945 3936 3168 3999 πάντες,
3209 3933 3278 3989 δι’
3325 3932 3443 3998 ἐνὸς
3488 3930 3629 4004 μετά

2057 4029 2258 4093 παντὸς
2279 4027 2375 4082 τοῦ
2398 4026 2764 4100 πληρώματος
2793 4026 3002 4082 ἑαυτῶν
3029 4025 3431 4091 είσοικίζονται.
3469 4023 3628 4078 Ἀλλά

2056 4118 2176 4184 πῶς
2206 4117 2322 4171 ἐστι
2355 4116 2432 4189 μὴ
2460 4116 2714 4187 ἀδικῆσαι
2739 4115 2832 4173 τὸν
2862 4115 3040 4188 λόγον,
3068 4116 3167 4188 τὴν
3183 4115 3359 4186 ἀρχὴν
3373 4114 3484 4168 τῶν
3510 4111 3629 4167 κατ’

2058 4210 2257 4274 αὐτοὺς
2276 4207 2631 4280 διηγημάτων
2651 4208 2983 4281 σιγήσαντας
3006 4207 3103 4272 Τίς
3120 4202 3213 4261 οὖν
3240 4208 3390 4260 ἐστιν
3411 4207 3446 4278 ἡ
3465 4205 3629 4277 ἀρχῆς

2057 4299 2264 4370 Νεότης
2292 4298 2471 4371 ἀγαθὴ
2519 4299 2614 4354 καλ⁸
2660 4299 3039 4371 περίϐλεπτος,
3086 4298 3264 4363 πίστις
3307 4296 3531 4370 ἀρίστη,
3564 4294 3632 4350 δι’

2058 4391 2126 4461 ἣν
2153 4391 2203 4443 οἱ
2229 4390 2429 4453 πάντες
2454 4389 2838 4462 ἐξειλεγμένοι,
2867 4389 3054 4445 κάλλει
3078 4390 3422 4462 διαπρεπεῖς,
3455 4387 3634 4461 ἔρνεσι

2057 4482 2120 4535 τὸ
2151 4479 2379 4552 μέγεθος
2417 4483 2783 4555 παραπλήσιοι
2816 4484 2875 4537 ἐν
2915 4483 3065 4537 ἀνθει
3101 4482 3200 4552 τῆς
3228 4482 3398 4553 ὧρας.
3440 4480 3636 4552 Ὁρᾶτε

2059 4576 2158 4646 τὴν
2183 4573 2365 4646 φωνὴν
2393 4574 2471 4646 τῷ
2505 4574 2718 4648 θορύϐῳ
2750 4575 3185 4646 ταρασσομένην,
3224 4575 3320 4628 κα)⁸
3346 4574 3438 4627 τὴν
3477 4572 3637 4641 λόγον

2059 4667 2140 4739 τῷ
2166 4669 2283 4740 ἤχῳ
2318 4667 2760 4739 διακοπτόμενον,
2790 4665 2932 4721 ὥστε
2975 4668 3123 4739 ἡμᾶς
3153 4660 3263 4720 οἷόν
3309 4683 3417 4719 τινι
3466 4664 3639 4717 πελά-

2061 4776 2147 4830 γει
2173 4778 2240 4814 κυ
2248 4759 2555 4832 μαινομένῳ
2575 4760 2695 4823 ταῖς
2719 4760 2925 4830 φωναῖς
2948 4757 3042 4811 τοῦ
3065 4755 3195 4811 λαοῦ
3215 4755 3637 4827 χειμασθέντας,

2064 4852 2377 4919 ἀναγκαίως
2424 4851 2518 4905 ἐπὶ
2567 4850 2660 4906 τὸν
2716 4850 3033 4922 ἀκύμαντον
3061 4849 3159 4919 τῆς
3214 4849 3425 4918 σιωπῆς
3470 4863 3641 4900 κατα-

2063 4943 2284 5013 φεύγειν
2311 4943 2540 5016 λιμένα;
2569 4943 2631 4998 El
2652 4943 2709 4998 δέ
2735 4942 2947 5013 γένοιτο
2968 4943 3102 5014 ἡμῖν
3134 4941 3273 4996 κατά
3300 4939 3436 4993 Θεοῦ
3459 4941 3640 5010 χάριν,

384 5038 456 5096 tis
478 5039 783 5094 constituti.
821 5038 1104 5096 Videtisne
1136 5052 1328 5094 vocem
1362 5036 1600 5090 tumultu
1645 5031 1941 5100 turbari,el

2063 5038 2158 5089 καί
2184 5034 2255 5088 τά
2280 5034 2507 5106 δεύτερα
2528 5033 2621 5088 τοῦ
2652 5033 2813 5104 λόγου
2826 5032 2992 5105 σχολὴ
3010 5035 3067 5087 ἐν
3088 5031 3286 5105 ἠσυχίᾳ
3306 5034 3409 5101 τῆς
3438 5028 3641 5101 ἀκροά⁴

383 5129 617 5200 strepitu
636 5144 949 5189 sermonem
964 5130 1378 5200 interrumpi,ut
1393 5128 1555 5183 nobis
1578 5126 1745 5182 veluti
1764 5125 1941 5197 pelagt

2066 5142 2224 5192 σεως,
2253 5125 2324 5179 τὰ
2353 5124 2448 5180 νῦν
2476 5123 2821 5195 ἐλλειφθέντα
2848 5125 3106 5195 συνεργίᾳ
3128 5121 3222 5176 τοῦ
3248 5120 3384 5175 Θεοῦ
3418 5119 3637 5191 πληρω⁴

382 5223 622 5295 quodam
650 5230 947 5288 aestuante,
975 5223 1204 5278 vocibus
1243 5218 1466 5291 populi,
1496 5218 1723 5288 inquam
1743 5257 1758 5283 ,
1782 5217 1941 5287 jacta-

2065 5218 2308 5289 θήσεται.
2340 5217 2501 5291 Αύτῷ
2532 5219 2567 5290 ἡ
2593 5215 2718 5283 δόξα
2747 5217 2827 5281 είς
2866 5216 2992 5281 τοὺς
3030 5214 3230 5280 αἰῶνας
3266 5212 3377 5268 τῶν
3408 5212 3633 5266 αἰώνων.

386 5313 461 5371 tis
489 5317 807 5372 necessario
832 5314 901 5369 ad
928 5314 1288 5386 tranquillum
1328 5312 1533 5369 silentii
1575 5322 1794 5383 portum
1825 5325 1961 5365 cou-
2080 5309 2270 5381 Ἀμήν.

391 5409 705 5480 fugiendum
732 5409 838 5466 sit?
859 5407 1017 5475 Quod
1045 5410 1093 5465 si
1119 5425 1213 5480 per
1242 5408 1473 5478 gratiam
1503 5405 1600 5462 Dei
1627 5407 1787 5463 nobis
1808 5404 1972 5461 etiam
2012 5405 2080 5458 ad
2106 5406 2332 5460 alteram
2361 5412 2569 5476 partem
2595 5404 2859 5461 orationis
2896 5403 3067 5460 otium
3125 5401 3419 5472 contigerit
3438 5440 3455 5465 ,
3518 5411 3634 5480 cum

389 5478 609 5557 silentio
646 5501 1084 5559 auscultantibus
1120 5478 1328 5559 reliqua
1354 5539 1370 5565 ,
1434 5514 1557 5571 quae
1591 5514 1742 5554 nunc
1765 5496 2132 5569 praetermissa
2162 5506 2292 5554 sunt
2340 5497 2407 5553 ad
2453 5499 2817 5555 narrationem
2869 5494 3236 5567 pertinentia,
3286 5491 3498 5550 auxilio
3546 5478 3637 5543 Dei

391 5594 812 5663 supplebuntur.
830 5593 893 5647 Ei
914 5593 1085 5664 gloria
1111 5595 1167 5651 in
1189 5598 1388 5651 saecula
1404 5590 1759 5650 saeculorum.
1798 5591 1992 5644 Amen.

463 5779 481 5808 ’κ
516 5773 651 5828 l‘sal.
688 5788 843 5837 xvut,
885 5773 937 5826 5.
