3918 6204
1391 347 1457 401 IN
1497 343 1996 413 QUADRAGINTA
2037 343 2228 400 MART
2241 342 2431 398 YRES.

931 465 1149 519 ΛΟΓΟΣ
1179 464 1255 520 B'.
1901 521 1904 529 ,

2585 456 2846 516 ΟΒΑΤΙΟ
2883 455 2947 512 II.

365 561 508 625 Χθές
531 549 583 614 oi
618 559 895 630 μάρτυρες
911 558 1049 629 πρὸς
1076 551 1418 621 ἑαυτοὺς’τδν
1443 557 1573 611 λαὸν
1607 557 1836 611 ἐκάλουν
1855 574 1870 589 ·

2047 555 2174 612 fieri
2207 562 2470 623 martyres
2499 551 2566 606 ad
2599 567 2721 607 sese
2761 550 3023 622 pepulum
3059 549 3370 613 vocabant;
3405 562 3554 604 nunc

290 655 394 709 νῦν
425 653 502 725 τῷ
539 651 868 722 καταγωγίῳ
901 654 1000 721 τῆς
1037 651 1358 721 Ἐκκλησίας
1384 650 1752 716 ἐπιξενοῦνται
1779 649 1876 704 αὑ-

2008 647 2214 716 lospitio
2245 643 2504 699 Ecclesiae
2556 642 2659 714 ipsi
2711 658 2830 698 sese
2861 640 3150 697 offerentes
3180 640 3550 711 excipiuntur.

289 721 566 816 τόκλητοι.
599 743 780 814 Νόμος
821 721 878 796 δέ
913 743 996 806 τίς
1037 745 1154 796 ἐστι
1180 739 1532 813 συμποτικὸς,
1564 742 1662 805 τάς
1708 744 1874 810 ἐγκυ-

2008 757 2084 796 .ex
2119 750 2297 795 autem
2327 739 2575 808 quaedam
2605 735 2930 791 eonvivialis
2955 721 3058 799 cst,
3092 742 3152 788 ut
3173 733 3472 788 circulares
3499 740 3555 786 et

291 837 482 900 κλίους
510 833 716 898 ταύτας
739 833 1011 896 ἑστιάσεις
1039 831 1186 902 παρά
1209 833 1320 885 τῶν
1351 831 1685 902 δαιτυμόνων
1714 831 1879 901 ἀλλή-

2008 836 2232 903 ευιςοιιεε
2279 831 2415 888 istas
2455 830 2645 900 epulas
2695 829 2784 883 alii
2829 827 2951 881 aiiis
2983 826 3226 882 convivis
3267 835 3416 882 certa
3471 826 3554 879 vi-

292 925 411 988 λοις
445 925 509 976 ἐκ
543 921 882 992 περιτροπῆς
920 919 1269 974 ἐπιδίδοσθαι.
1302 918 1510 972 Οὐκοῦν
1540 919 1750 989 ἀνάγκη
1785 918 1879 972 καὶ

2008 925 2312 983 :issitudine
2350 923 2628 994 prmbeant
2659 921 2714 975 in
2741 921 2954 974 orbem.
2989 918 3160 989 Igitur
3189 931 3416 972 necesse
3443 923 3588 980 est,‘

292 1016 447 1088 ἡμᾶς
474 1014 568 1068 τὸν
588 1013 750 1068 αὑτὸν
788 1010 1194 1082 ἀντιπληρῶσαι
1217 1010 1310 1063 τοῦ
1350 1010 1566 1063 δείπνου
1599 1011 1713 1072 τοῖς
1743 1008 1882 1080 μάρ-

2008 1027 2043 1073 ιι
2069 1017 2234 1072 etiam
2265 1029 2366 1068 nos
2392 1022 2582 1068 contra
2622 1009 2962 1081 martyribus
2995 1023 3184 1079 parem
3227 1021 3398 1061 etiame
3429 1020 3555 1076 gra-

292 1126 456 1162 τυσιν
482 1107 693 1179 ἔρανον.
743 1105 884 1158 Ἀλλ’
929 1103 1115 1174 ἐπειδὴ
1147 1102 1367 1156 πένεται
1415 1103 1545 1172 ἡμῖν
1581 1101 1615 1171 ἡ
1647 1099 1882 1171 χορηγία

2008 1106 2111 1160 iam
2148 1103 2466 1167 referamus,
2519 1110 2574 1156 et
2613 1100 2756 1155 idem
2789 1098 3025 1154 oliicium
3060 1104 3404 1168 praestemus.
3449 1094 3556 1150 Sed

291 353 399 408 757
1391 347 1457 401 IN
1497 343 1996 408 QUADIi.‘\Gll\'TA
2037 343 2228 400 MART
2241 342 2431 398 YRES.
3443 336 3548 394 758

295 1202 393 1254 τοῦ
424 1201 605 1269 λόγου,
644 1197 826 1260 καλῶς
853 1195 966 1266 ἔχει
993 1196 1106 1258 τοῖς
1137 1194 1266 1264 παρ’
1297 1193 1475 1246 αὐτῶν
1509 1193 1732 1246 ἐκείνων
1768 1191 1882 1244 λεια·

295 1290 489 1360 ψάνοις
517 1289 665 1360 ἡμᾶς
709 1285 1034 1351 δεξιοῦσθαι,
1066 1287 1191 1348 τοὺς
1235 1284 1362 1355 χθὲς
1404 1285 1500 1354 μὲν
1543 1283 1882 1352 ἑστιάτορας,

299 1381 544 1451 σήμερον
585 1379 642 1431 δέ
694 1377 1041 1448 δαιτυμόνας.
1081 1376 1268 1447 Ἀρκεί
1312 1375 1421 1445 γάρ
1467 1375 1562 1428 καὶ
1613 1373 1786 1445 βραχύ
1833 1391 1884 1426 τι

301 1471 470 1543 μέρος
509 1471 573 1522 ἐκ
620 1467 880 1530 πλουσίας
909 1466 1210 1538 τραπέζης,
1249 1465 1490 1537 μεγάλης
1530 1466 1764 1536 εὐωχίας
1796 1481 1887 1534 γε·

297 1563 489 1617 νέσθαι
511 1561 885 1633 παρασκευὴν,
918 1561 1045 1615 ὅταν
1077 1559 1315 1613 τοιοῦτον
1343 1558 1592 1628 λείψανον
1706 1558 1771 1611 Τί
1795 1553 1886 1612 οὖν

298 1653 462 1708 τοῦτο
510 1653 570 1706 τδ
597 1651 877 1721 λείψανονς
925 1650 1222 1722 Μέμνησθε
1253 1649 1470 1715 πάντως
1515 1652 1572 1704 ἐν
1605 1649 1710 1703 τίνι
1747 1645 1888 1720 ἦμεν

300 1746 398 1800 τοῦ
421 1745 603 1814 λόγου,
643 1745 733 1797 ὅτε
763 1745 791 1796 ὁ
817 1743 1064 1805 εὐκταῖος
1099 1743 1302 1806 ἐκεῖνος
1342 1743 1435 1796 καὶ
1482 1741 1614 1812 ἡδὺς
1659 1743 1789 1813 ἡμῖν
1825 1743 1890 1794 ἐκ

305 1835 400 1889 τοῦ
425 1834 661 1906 πλήθους
688 1833 795 1887 τῶν
825 1832 1257 1904 συνειλεγμένων
1287 1832 1512 1903 θόρυϐος
1540 1832 1760 1903 συνέχεε
1791 1833 1889 1904 τὴν

307 1927 418 1981 τῶν
443 1927 752 1997 λεγομένων
783 1925 1063 1996 ἀκρόασιν,
1099 1925 1187 1978 ὅτε
1223 1927 1257 1994 ἡ
1295 1925 1537 1996 ἔμψυχος
1575 1925 1759 1996 ἐκείνη
1791 1926 1890 1996 τῆς

308 2017 600 2089 ἐκκλησίας
657 2015 902 2070 θάλασσα
964 2013 1043 2085 τῷ
1099 2013 1291 2085 πλήθει
1342 2012 1450 2067 τῶν
1500 2014 1891 2085 ἐπεισρεόντων

310 2107 740 2180 πλημμυροῦσα,
801 2104 938 2176 πρὸς
963 2105 1064 2175 τὴν
1089 2105 1260 2176 ῥοπὴν
1303 2104 1412 2157 τῶν
1439 2104 1527 2158 ἀεὶ
1557 2103 1890 2176 βιαζομένων

308 2198 591 2270 ἐκύμαινε,
627 2195 936 2269 μιμουμένη
967 2196 1061 2248 καὶ
1104 2194 1183 2266 τῷ
1212 2195 1328 2266 ἤχῳ
1370 2193 1470 2266 τὴν
1497 2194 1666 2259 ὅντως
1693 2194 1892 2248 θάλασ-

310 2307 435 2356 σαν,
469 2285 580 2343 οἷον
607 2289 799 2352 αὑταῖς
825 2290 942 2351 ταῖς
973 2288 1159 2350 ἀκοαῖς
1194 2284 1350 2358 ἡμῶν
1370 2285 1762 2358 προσρηγνῦσα
1783 2285 1892 2338 τῶν

307 2384 575 2455 κυμάτων
599 2383 686 2435 τὸν
710 2381 902 2451 ψόφον.
947 2381 1034 2434 Ἐν
1053 2380 1163 2433 τίσι
1187 2379 1364 2433 τοίνυν
1386 2378 1750 2449 κατελίπομεν
1778 2395 1892 2449 χει-

312 2475 598 2549 μασθέντα
627 2475 704 2546 τῷ
743 2475 956 2545 θορύϐῳ
1001 2473 1092 2527 τὸν
1132 2473 1310 2542 λόγον,
1347 2473 1627 2545 μέμνησθε
1676 2473 1895 2537 πάντως

307 2566 393 2634 οἷς
432 2568 794 2640 μεμελέτηται
842 2567 932 2621 διὰ
979 2567 1197 2637 μνήμης
1243 2565 1384 2636 ἔχειν
1415 2565 1540 2629 τοὺς
1593 2565 1894 2638 μάρτυρας.

308 2656 420 2714 Ἦν
451 2660 531 2723 δὲ,
561 2659 638 2723 ὡς
679 2651 912 2730 οἷμαι,ὴ
958 2657 1248 2712 ἀκολουθία
1284 2657 1379 2712 τοῦ
1409 2657 1568 2726 λόγου
1611 2657 1771 2728 αὕτη,
1813 2659 1895 2711 ὃτι

308 2751 373 2804 οὐ
408 2749 518 2803 τῶν
547 2753 821 2821 τυχόντων
847 2745 988 2822 ἦσάν
1015 2766 1160 2813 τινες
1189 2750 1240 2802 οί
1268 2749 1348 2812 εἰς
1382 2747 1474 2801 τὸν
1500 2747 1688 2816 ἀγῶνα
1709 2747 1896 2801 τοῦτον

311 2839 700 2911 ἐξειλεγμένοι,
728 2841 849 2894 οὐδέ
871 2858 952 2903 τις
975 2839 1279 2911 σύμμικτος
1300 2840 1394 2893 καὶ
1419 2838 1699 2910 ἀνώνυμος
1719 2838 1894 2910 ὄχλος,

310 2933 380 2985 ἐκ
430 2931 702 2986 ταπεινῶν
753 2931 1195 3002 ἐπιτηδευμάτων
1246 2932 1598 3003 ὁρμηθέντες,
1657 2931 1793 3003 πρὸς
1837 2930 1898 2984 τὸ

311 3026 534 3096 ἀξίωμα
557 3023 715 3079 τοῦτο
764 3023 1110 3096 ἐπήρθησανο
1142 3024 1279 3078 ἀλλὰ
1321 3024 1537 3096 πρῶτον
1585 3023 1682 3093 μέν
1711 3023 1777 3076 δι’
1804 3023 1890 3075 εὐο

312 3117 481 3186 φυῖαν
516 3115 786 3186 σώματος,
837 3115 1023 3169 κάλλει
1071 3115 1163 3169 καὶ
1192 3115 1416 3186 δυνάμει
1451 3115 1545 3169 καὶ
1583 3113 1774 3186 ῥώμης
1801 3131 1900 3166 πε-
1924 3144 1966 3202 C

316 3210 540 3281 ριουσία
561 3209 670 3262 τῶν
698 3208 903 3263 λοιπῶν
935 3207 1324 3274 διενεγκόντες,
1353 3209 1465 3270 τοῖς
1491 3207 1899 3277 στρατιωτικοῖς

311 3299 640 3366 καταλόγοις
678 3295 1120 3368 ἐνηριθμήθησαν
1145 3312 1158 3326 ⁸
1200 3297 1338 3366 μετά
1377 3296 1549 3349 ταῦτα
1586 3295 1642 3348 δὲ
1669 3293 1746 3365 τῷ
1783 3295 1901 3347 κατ’

311 3393 523 3464 ἀρετὴν
574 3390 673 3462 βίῳ
733 3389 826 3443 καὶ
873 3388 1119 3460 πολιτείᾳ
1189 3388 1423 3459 σώφρονι
1485 3386 1901 3457 διαπρέψαντες,

318 3486 510 3556 ὥσπερ
543 3501 596 3536 τι
620 3484 790 3553 γέρας
828 3481 922 3536 καλ⁵
952 3483 1223 3552 ἀριστεῖον
1250 3480 1348 3550 τὴν
1381 3479 1539 3550 χάριν
1565 3478 1664 3548 τῆς
1701 3493 1906 3548 μαρτυ-

321 3580 450 3650 ρίας
474 3577 846 3641 τελειωθέντες
867 3575 1132 3641 ἐδέξαντο.
1163 3576 1273 3630 Καὶ
1298 3577 1344 3628 εί
1367 3575 1514 3628 δοκεῖ
1539 3574 1613 3637 ὡς
1636 3574 1701 3628 ἂν
1723 3573 1905 3643 ἡδίους

315 3671 638 3742 γενοίμεθα,
671 3671 850 3725 πάντα
888 3670 958 3724 τά
1002 3668 1110 3722 τῶν
1147 3665 1440 3738 μαρτύρων
1479 3665 1675 3737 ἐφεξῆς
1703 3663 1907 3718 ἀναλά-

319 3762 530 3832 ϐωμεν,
557 3758 667 3816 οἷον
698 3764 790 3817 ὑπ’
819 3763 940 3833 ὄψιν
968 3763 1190 3832 ἄγοντες
1218 3759 1297 3832 τῷ
1320 3759 1546 3830 παρόντι
1573 3757 1784 3828 θεάτρῳ
1807 3754 1906 3827 τὴν

321 3856 572 3929 ἄθλησιν,

1982 1196 2240 1268 quoniam
2273 1199 2463 1248 nostra
2506 1190 2740 1246 facultas
2781 1190 3049 1244 orationis
3080 1188 3238 1257 inops
3275 1193 3331 1241 et
3366 1185 3561 1257 exigua

1983 1296 2088 1354 est,
2118 1286 2262 1341 haud
2291 1283 2700 1340 incommodum
2739 1280 2923 1345 fuerit,
2955 1280 3002 1336 si
3028 1280 3096 1333 ab
3121 1279 3230 1334 illis
3263 1277 3398 1348 ipsis
3415 1291 3562 1331 sum-

1985 1383 2092 1454 ptis
2165 1379 2412 1449 reliquiis
2462 1375 2804 1445 excipiamus
2852 1388 2949 1428 eos
3013 1368 3105 1442 qui
3157 1370 3279 1425 heri
3335 1369 3555 1439 quidem

1986 1471 2367 1530 convivatorcs
2394 1475 2446 1524 et
2474 1468 2618 1537 epuli
2649 1465 2966 1539 praebitores
2995 1469 3154 1519 erant
3175 1503 3191 1527 ,
3225 1460 3390 1515 hodie
3429 1474 3560 1513 vero

1987 1562 2230 1616 conviva:
2260 1565 2407 1614 sunt.
2445 1555 2655 1610 Sufﬁcit
2696 1555 2839 1609 enim
2869 1553 2953 1608 vel
2979 1551 3174 1622 exigua
3213 1549 3460 1619 quaedam
3496 1547 3564 1602 de

1987 1654 2154 1709 divite
2184 1665 2369 1706 mensa
2401 1663 2549 1720 pars,
2590 1663 2715 1702 cum
2754 1647 2892 1701 tales
2940 1643 3186 1716 reliquia:
3237 1642 3458 1705 fuerint,
3492 1639 3559 1693 ad

1990 1746 2171 1816 magni
2202 1744 2347 1814 epuli
2381 1749 2727 1813 apparatum.
2769 1738 2901 1806 Qua:
2940 1743 3069 1793 sunt
3116 1735 3278 1808 igitur
3322 1733 3404 1788 ha:
3437 1733 3564 1788 reli-

1991 1836 2168 1908 quire?
2215 1832 2544 1890 Meministis
2593 1821 2821 1901 prorsus
2867 1832 2921 1881 in
2967 1839 3073 1896 qua
3107 1832 3263 1895 parte
3299 1820 3567 1876 orationis

1994 1927 2356 1988 hrerebamus,
2398 1937 2522 1979 eum
2556 1927 2776 1990 optatus
2807 1917 2897 1972 ille
2925 1922 2981 1970 et
3007 1911 3286 1984 jucundus
3314 1909 3472 1964 nobis
3499 1922 3564 1962 ex

1993 2017 2343 2074 multitudine
2382 2020 2840 2085 congregatorum
2885 2009 3158 2065 tumultus
3199 2004 3572 2062 confundebat

1993 2125 2182 2166 eorum
2221 2123 2345 2178 qua:
2385 2106 2710 2161 dicebantur
2757 2102 3219 2158 auscultationem
3252 2117 3265 2153 :
3298 2113 3422 2154 cum
3454 2096 3575 2151 ani-

1995 2209 2200 2256 matum
2252 2196 2382 2252 illud
2427 2194 2689 2250 Ecclesia:
2741 2207 2894 2248 mare
2944 2189 3297 2245 multitudine
3337 2185 3583 2240 aliorum

1994 2307 2159 2362 super
2191 2289 2330 2344 alios
2360 2285 2746 2343 conﬂuentium
2783 2293 2837 2339 et
2860 2281 3232 2354 ingruentium
3274 2277 3584 2344 inundans,

1964 2383 2065 2450 ,ad
2111 2382 2377 2451 impetum
2432 2385 2488 2433 et
2533 2374 2917 2447 impulsionem
2967 2387 3159 2429 eorum
3202 2369 3294 2442 qui
3350 2383 3567 2437 semper

1994 2474 2050 2529 vi
2079 2474 2472 2541 irrumperent,
2509 2465 2803 2521 fluctuaret
2824 2471 2879 2519 et
2902 2468 3185 2527 aestuaret,
3221 2460 3405 2516 sonitu
3434 2473 3574 2527 quo-

1995 2581 2102 2637 que
2144 2565 2264 2634 ipso
2301 2575 2490 2616 verum
2535 2558 2758 2614 imitans
2788 2569 2961 2622 mare,
3009 2553 3175 2610 veluti
3216 2552 3444 2622 rupibus
3492 2550 3578 2604 lit-

1999 2653 2267 2710 loralibus
2297 2650 2530 2704 auribus
2577 2646 2785 2703 nostris
2835 2645 3108 2700 undarum
3160 2641 3446 2711 strepitum
3491 2641 3571 2694 in-

1997 2746 2242 2817 fringens
2271 2751 2324 2798 et
2353 2741 2592 2796 illidens.
2629 2737 2686 2792 ln
2715 2737 2917 2808 quibus
2945 2735 3109 2806 igitur
3142 2731 3377 2787 tumultu
3412 2728 3578 2800 quasi

1998 2844 2321 2906 tempestate
2359 2834 2622 2904 jactatam
2675 2829 3064 2898 reliquerimus
3098 2825 3422 2886 orationem,
3465 2837 3579 2876 me-

1998 2928 2236 2985 ministis
2256 2940 2506 2998 prorsus,
2538 2921 2741 2994 quibus
2771 2919 3084 2975 recordatio
3111 2926 3409 2986 martyrum
3435 2927 3580 2967 cum

1999 3030 2101 3078 est.
2140 3019 2268 3074 Erat
2315 3027 2496 3073 autem
2538 3013 2906 3077 continuatio,
2943 3011 3158 3081 Opinor,
3191 3017 3245 3064 et
3290 3014 3580 3062 contextus

2000 3112 2269 3170 orationis
2323 3111 2436 3174 hic,
2483 3106 2629 3175 quod
2680 3120 2790 3160 non
2845 3120 2911 3159 ex
2963 3100 3229 3173 gregariis
3283 3110 3337 3153 et
3380 3097 3581 3152 vilibus

2001 3204 2222 3276 quidam
2262 3207 2471 3265 essent,
2503 3198 2596 3268 qui
2645 3197 2711 3252 ad
2745 3197 2850 3250 hoc
2897 3202 3180 3248 certamen
3222 3187 3380 3245 electi
3426 3195 3579 3253 sunt,

2002 3311 2180 3365 neque
2222 3293 2590 3363 promiscuum
2629 3287 2907 3359 quoddam
2956 3292 3010 3340 el.
3060 3283 3356 3338 obscurum
3390 3279 3586 3349 vulgus

2003 3404 2070 3443 ex
2103 3385 2402 3441 humilibus
2431 3380 2714 3437 exercitiis
2748 3389 2802 3433 et
2833 3375 3032 3431 studiis
3060 3372 3290 3444 profecti
3322 3370 3390 3425 ad
3438 3370 3583 3426 hanc

2005 3478 2323 3549 dignitatem
2361 3473 2533 3529 evecti
2562 3476 2777 3536 essent;
2811 3467 2904 3523 sed
2935 3465 3171 3536 primum
3206 3461 3426 3533 quidem
3455 3473 3585 3528 pro-

2007 3579 2128 3643 pter
2169 3569 2310 3623 bona
2346 3576 2510 3636 atque
2550 3561 2836 3618 commoda
2868 3556 3120 3628 corporis
3148 3554 3345 3610 decore
3371 3561 3422 3606 et
3457 3551 3586 3605 viri—

2009 3640 2111 3718 bus
2137 3669 2191 3717 et
2222 3661 2418 3715 robore
2465 3659 2763 3726 superante
2793 3651 3040 3721 reliquos
3071 3643 3445 3719 praecedentes
3491 3640 3588 3695 mi-

2008 3751 2261 3808 litaribus
2292 3747 2538 3804 numeris
2578 3744 2805 3814 ascripti
2839 3747 3027 3796 essent
3054 3757 3067 3794 :
3096 3736 3295 3793 deinde
3319 3747 3449 3790 vero
3498 3745 3592 3786 so-

2009 3845 2132 3901 brio
2176 3852 2338 3912 atque
2388 3855 2512 3894 cum
2565 3838 2769 3892 virtute
2812 3832 3107 3903 coniuncto
3167 3829 3288 3882 vita:
3338 3823 3591 3881 instituto

321 3965 452 4004 cum
537 3951 950 4018 excelluissent,
1023 3957 1285 4020 tanquam
1334 3947 1618 4018 praemium
1669 3942 1948 4016 quoddam
2015 3934 2340 3994 decoranda:
2388 3943 2443 3990 et
2498 3928 2850 3986 honestanda:
2912 3925 3129 3981 virtutis
3179 3937 3311 3993 ergo
3359 3919 3589 3992 gratiam

321 4045 578 4116 martyrii
621 4043 991 4101 consummati
1041 4042 1402 4113 accepissent.
1448 4040 1527 4094 Ac
1580 4038 1627 4094 si
1671 4038 1904 4099 videtur,
1944 4047 2053 4105 quo
2075 4030 2250 4086 oratio
2274 4036 2464 4083 nostra
2518 4021 2958 4095 magisjucunda
3018 4017 3311 4078 efficiatur,
3374 4023 3590 4068 onmem

325 4148 446 4189 rem
477 4104 712 4204 .gestam
787 4150 816 4186 a
864 4104 1198 4203 martyribus
1254 4132 1515 4201 deinceps
1557 4127 1750 4184 ordine
1793 4104 2130 4198 repetamus,
2203 4128 2464 4191 tanquam
2515 4117 2570 4172 in
2623 4122 2921 4185 conspectu
2977 4110 3106 4165 huic
3150 4109 3363 4174 theatro
3413 4104 3593 4174 ipsam

324 4226 684 4282 certationem
717 4224 1072 4282 adducentes.

397 4316 509 4373 Ἦν
540 4337 592 4373 τι
619 4320 806 4390 τάγμα
836 4316 1225 4389 στρατιωτικὸν
1251 4314 1476 4369 παλαιὸν
1509 4312 1651 4368 κατά
1675 4311 1774 4384 τὴν
1798 4308 1910 4380 γεί⁸

327 4429 459 4466 τονα
489 4411 646 4466 πόλιν
679 4411 876 4475 παντὸς
909 4410 1001 4464 τοῦ
1032 4409 1217 4471 ἔθνους
1261 4407 1398 4479 πρὸς
1437 4407 1536 4470 τάς
1569 4405 1676 4458 τῶν
1708 4402 1912 4474 βαρϐά-

2091 4300 2219 4356 Erat
2246 4306 2402 4354 vetus
2421 4294 2671 4366 quaedam
2692 4293 2840 4345 circa
2865 4288 3098 4343 vicinam
3125 4285 3315 4340 urbem
3357 4284 3594 4339 militum

2020 4409 2238 4457 manus,
2279 4389 2594 4462 prmsidium
2639 4384 2810 4439 totius
2839 4383 3020 4453 gentis
3053 4379 3319 4435 adversus
3358 4378 3594 4449 impetus

330 4521 444 4578 ρων
473 4501 647 4573 ὁρμὰς
674 4471 1107 4572 προκαθήμενον·
1131 4471 1357 4560 ἐκείνοις
1377 4471 1440 4551 ἐκ
1463 4512 1606 4558 τινος
1630 4471 1904 4565 προϋπαρ-

2018 4487 2399 4543 barbarorum.
2423 4480 2535 4536 illis
2581 4495 2647 4534 ex
2686 4475 2922 4547 quadam
2968 4482 3094 4529 ante
3130 4471 3309 4526 oblata
3333 4471 3598 4528 divinitus

332 4593 540 4666 χοόσης
585 4589 770 4644 θεόθεν
814 4588 1165 4656 ἐπιφανείας,
1214 4586 1395 4640 πλεῖον
1421 4587 1454 4657 ἡ
1485 4584 1664 4646 πίστις
1692 4581 1799 4634 τῶν
1827 4597 1924 4634 τα-

330 4683 539 4739 κτικῶν
572 4679 1067 4743 ἐσπουδάζετο.Κα“ι
1097 4677 1226 4740 ἴσως
1251 4677 1351 4730 οὐκ
1383 4674 1608 4744 ἄκαιρον
1633 4672 1692 4725 ἐν
1720 4688 1771 4724 τι
1795 4686 1921 4723 κατ-

331 4775 564 4848 όρθωμα
596 4774 695 4842 τῆς
741 4774 978 4835 πίστεως
1012 4770 1120 4823 τῶν
1167 4766 1377 4840 ἀνδρῶν
1397 4767 1620 4819 ἐκείνων
1644 4765 1701 4817 ἐν
1740 4778 1922 4832 παρα-

335 4867 511 4935 δρομῇ
546 4865 928 4934 διηγήσασθαι.
963 4860 1263 4923 Συστάντος
1298 4857 1407 4928 γάρ
1437 4857 1618 4916 αὐτοῖς
1663 4869 1793 4905 ποτε
1827 4852 1922 4904 τοῦ

337 4956 476 5026 πρὸς
511 4957 635 5018 τοὺς
685 4955 992 5026 βαρϐάρους
1024 4951 1295 5022 πολέμου,
1341 4949 1434 5003 καὶ
1467 4946 1576 5000 τῶν
1620 4945 1922 5016 ἐπικαίρων

338 5047 557 5101 πάντων
609 5044 1176 5118 προκαταληφθέντων
1223 5041 1328 5095 ὑπὸ
1359 5041 1458 5112 τῆς
1506 5039 1616 5092 τῶν
1664 5036 1924 5090 ἐναντίων

337 5142 622 5210 στρατιᾶς,
656 5140 751 5192 καὶ
780 5138 888 5191 τῶν
912 5137 1120 5191 ὑδάτων
1149 5137 1206 5188 ἐν
1233 5136 1298 5204 τῇ
1323 5132 1429 5187 τῶν
1459 5129 1670 5201 ἐχθρῶν
1703 5126 1924 5198 ἐξουσίᾳ

334 5233 746 5302 γεγενημένων,
782 5231 862 5294 είς
888 5229 1113 5300 ἔσχατον
1145 5225 1390 5288 ἐλθόντες
1424 5224 1685 5286 κίνδυνον,
1716 5222 1825 5275 εἴτε
1854 5219 1922 5272 δι’

335 5323 597 5393 ἀπειρίαν
635 5322 744 5376 τῶν
771 5321 844 5374 τά
882 5321 1126 5392 ἡμέτερα
1170 5315 1642 5391 στρατηγούντων,
1695 5313 1804 5366 εἴτε
1837 5311 1927 5365 διά

333 5431 467 5470 τινα
493 5415 778 5487 κρείττονα
806 5413 900 5467 καὶ
932 5411 1213 5482 θειοτέραν
1241 5407 1574 5479 οἰκονομίαν,
1606 5407 1683 5471 ὡς
1710 5403 1776 5460 ἂν
1819 5403 1928 5476 μάο

333 5509 505 5561 λιστα
527 5506 622 5560 καὶ
644 5506 733 5560 διὰ
761 5504 952 5559 τούτου
981 5503 1175 5575 φανείη
1202 5501 1309 5556 τῶν
1332 5498 1675 5573 Χριστιανῶν
1705 5497 1766 5551 τὸ
1791 5494 1928 5567 πρὸς

337 5598 472 5662 τοὺς
498 5596 828 5667 ἀλλοφύλους
844 5597 1117 5667 διάφορον·
1142 5593 1331 5665 ἐπειδὴ
1357 5593 1457 5646 οὑκ
1480 5587 1625 5663 εἶχον
1644 5590 1672 5643 ὃ
1696 5605 1748 5642 τι
1796 5587 1931 5658 χρή·

326 5706 532 5760 σονται
561 5693 675 5754 τοῖς
707 5689 971 5760 παροῦσι,
1005 5688 1098 5744 καὶ
1130 5685 1296 5758 πολλή
1331 5701 1415 5748 τις
1453 5679 1520 5754 ἦν
1546 5685 1580 5753 ἡ
1613 5679 1926 5752 ἀμηχανία,

343 5781 605 5853 οὐδεμιᾶς
635 5782 819 5846 αὐτοῖς
844 5780 1068 5844 πίδακος
1105 5779 1140 5851 ἢ
1175 5777 1474 5850 ἀπορροίας
1496 5775 1701 5829 ὑδάτων
1725 5773 1927 5843 ἐμφαι-

345 5872 582 5942 νομένης
625 5870 702 5940 τῷ
745 5871 920 5940 τόπῳ,
963 5868 1056 5924 καὶ
1097 5868 1333 5932 κίνδυνος
1379 5861 1445 5936 ἦν
1501 5860 1774 5930 ὑποκύψαι
1820 5860 1930 5920 τοῖς

2020 4576 2380 4646 apparitione,
2427 4570 2616 4639 majori
2656 4567 2840 4624 studio
2887 4565 3020 4621 fides
3048 4571 3188 4627 erat,
3221 4579 3384 4634 quam
3425 4578 3509 4618 res
3534 4577 3597 4617 ac

2021 4666 2314 4738 disciplina
2355 4662 2631 4718 militaris.
2687 4661 2765 4715 Ac
2818 4657 3049 4712 forsitan
3100 4671 3209 4710 non
3256 4653 3597 4722 intempesti-

2018 4777 2146 4814 vum
2201 4757 2370 4812 fuerit
2414 4770 2585 4810 unum
2617 4751 2890 4822 quoddam
2925 4749 3047 4804 fidei
3099 4749 3337 4802 virorum
3380 4746 3596 4800 illorum

2021 4852 2236 4906 facinus
2259 4847 2538 4920 egregium
2573 4845 2747 4898 obiter
2779 4854 3234 4895 commemorare.
3266 4836 3420 4890 Bello
3451 4837 3603 4891 enim

2027 4943 2107 4997 eis
2167 4940 2430 4993 adversus
2479 4934 2744 4990 barbaros
2797 4928 3094 4999 aliquando
3142 4925 3412 4990 conflato,
3473 4941 3599 4980 cum

2029 5031 2288 5087 omnibus
2300 5029 2438 5083 locis
2453 5023 2779 5097 opportunis
2794 5023 2863 5077 ab
2877 5021 3122 5075 exercitu
3142 5021 3382 5076 hostium
3401 5034 3602 5089 ιιι-ωορκ

2030 5121 2262 5193 cupatis,
2309 5134 2464 5189 aquae
2499 5131 2717 5187 quoque
2764 5115 2817 5168 in
2866 5127 3055 5167 eorum
3085 5120 3361 5181 potestate
3393 5118 3600 5170 essent.

2032 5213 2098 5268 ad
2151 5223 2453 5268 extremum
2506 5206 2812 5280 periculum
2873 5204 3100 5270 redacti,
3159 5206 3274 5258 sive
3334 5201 3604 5272 imperitia

2032 5312 2347 5361 nostrorum
2388 5300 2611 5362 ducum,
2661 5297 2776 5353 sive
2829 5294 3054 5350 meliore
3101 5301 3157 5349 et
3207 5292 3394 5347 divino
3431 5293 3605 5360 magis

2033 5395 2267 5452 consilio
2303 5400 2467 5463 atque
2495 5389 2876 5460 dispositione,
2905 5395 2966 5441 ut
2999 5387 3080 5442 vel
3115 5401 3209 5457 per
3236 5385 3340 5439 hoc
3368 5383 3608 5438 maxime

2036 5494 2322 5558 appareret
2373 5481 2501 5554 quid
2538 5480 2830 5535 interesset
2875 5478 3018 5532 inter
3045 5475 3400 5531 Christianos
3439 5482 3608 5544 atque

2036 5589 2291 5635 externos
2315 5584 2368 5632 et
2393 5591 2422 5628 a
2455 5573 2558 5629 fide
2594 5573 2805 5627 alienos
2832 5588 2846 5625 :
2870 5585 2996 5625 cum
3021 5569 3172 5624 nulla
3203 5569 3417 5622 ratione
3440 5566 3609 5620 rebus

2041 5669 2401 5742 pnesentibus
2435 5664 2638 5720 mederi
2671 5669 2917 5734 possent,
2969 5673 3275 5730 magnaque
3315 5657 3610 5728 trepidatio

2037 5774 2200 5834 atque
2228 5743 2539 5830 desperatio
2569 5766 2734 5817 esset,
2767 5770 2890 5809 cum
2924 5753 3108 5808 nullus
3137 5752 3260 5808 fons
3283 5752 3336 5806 in
3368 5768 3434 5803 eo
3467 5751 3610 5811 loco,

2039 5868 2131 5914 aut
2167 5854 2386 5911 aliunde
2427 5847 2800 5922 provenicutis
2845 5862 2999 5918 aqua
3045 5844 3276 5900 facultas
3318 5843 3399 5898 eis
3445 5853 3611 5908 appao
