3918 6204
354 282 458 341 759

1606 285 1663 340 S.
1688 283 2015 342 οηεςοιιιι
2047 281 2340 341 NYSSENI

3502 278 3606 334 700

352 403 540 467 reret,
591 397 1005 482 periculumque
1057 406 1207 458 esset
1257 413 1325 457 ne
1373 366 1467 456 siti
1515 402 1810 472 expugnati
1857 400 1926 455 ab

2035 400 2289 464 ἐναντίοις
2333 394 2854 467 ἐκπολιορκηθέντας
2900 392 2978 466 τῷ
3013 392 3193 464 δίψει*
3227 392 3350 446 τότε
3387 394 3609 448 καταλιο

354 489 685 549 adversariis
713 490 1101 561 subigerentur
1137 511 1151 548 :
1187 501 1319 548 tunc
1351 493 1597 565 praeclari
1640 494 1715 548 illi
1761 501 1929 563 atque

352 581 581 653 egregii,
606 582 817 639 omisso
844 598 1121 639 armorum
1157 583 1434 655 praesidio,
1484 586 1746 640 invictum
1773 584 1930 640 cuive

353 669 541 725 resisti
573 684 683 725 non
709 678 895 742 posset
918 673 1185 730 auxilium
1210 673 1267 729 in
1304 671 1746 729 formidabilibus
1775 672 1927 743 ejus-

355 760 501 815 modi
531 760 932 832 implorandum
957 765 1063 821 sibi
1088 771 1421 821 statuerunt.
1449 761 1675 819 Relictis
1704 764 1848 820 enim
1872 766 1928 819 in

265 880 268 883 λ
316 897 321 903 .
354 852 555 906 castris
595 852 664 909 iis
697 849 792 923 qui
818 853 1060 909 nondum
1083 854 1246 909 ﬁdem
1280 861 1624 925 receperant,
1651 868 1716 909 ac
1740 868 1838 924 per
1867 869 1929 909 se

353 943 617 1013 separati,
653 944 946 1000 imitantur
966 945 1019 1000 id
1044 945 1191 1016 quod
1215 954 1460 1016 tempore
1495 942 1626 1001 Elite
1648 944 1930 1016 propheta:

355 1037 558 1092 factum
595 1045 682 1094 est
723 1039 1072 1102 miraculum.
1119 1038 1398 1095 communi
1429 1045 1597 1110 atque
1632 1038 1929 1109 conjuncta

354 1142 487 1183 voce
502 1129 756 1198 precibus
776 1137 1041 1200 petentes,
1060 1136 1120 1185 ut
1142 1145 1206 1184 ex
1228 1129 1779 1201 rebusdesperatisin
1792 1144 1930 1201 quas

353 1219 702 1285 incidissent,
717 1223 1081 1293 eriperentur.
1100 1221 1278 1293 Atque
1294 1223 1371 1279 illi
1396 1223 1616 1294 quidem
1634 1222 1932 1294 precaban-

353 1322 471 1379 tur;
500 1325 692 1383 prcces
720 1328 852 1368 vero
890 1313 1167 1384 extemplo
1198 1314 1253 1369 in
1273 1329 1417 1385 opus
1442 1314 1927 1370 convertebantur.

352 1405 491 1458 Cum
516 1405 662 1461 enim
686 1404 869 1462 adhuc
881 1406 984 1478 ipsi
1005 1406 1060 1462 in
1074 1406 1322 1462 oratione
1337 1407 1566 1479 genibus
1584 1406 1738 1463 ﬂexis
1752 1421 1933 1479 persc-

353 1505 627 1559 vcrarent,
653 1495 784 1557 ﬂatu
800 1497 1045 1554 violento
1064 1499 1240 1554 nubes
1261 1498 1518 1554 alicunde
1539 1507 1729 1553 coacta
1753 1497 1931 1555 subli-

351 1585 458 1640 mis
482 1586 535 1640 in
554 1602 680 1643 aere
692 1588 891 1645 castris
906 1589 1147 1645 hostium
1168 1589 1487 1646 imminebat
1505 1607 1521 1645 :
1540 1589 1741 1645 deinde
1757 1588 1931 1660 frago-

353 1677 507 1733 rihns
533 1678 844 1750 ingentibus
866 1682 1321 1752 superiutonans,
1345 1691 1397 1738 et
1420 1681 1697 1754 fulgurum
1714 1680 1769 1737 in
1793 1682 1927 1737 sub-

2028 491 2221 554 πόντες
2243 491 2293 543 οἱ
2318 490 2554 559 γενναῖοι
2579 488 2678 558 τὴν
2707 489 2772 539 ἐκ
2798 486 2906 539 τῶν
2928 486 3106 540 ὅπλων
3128 484 3405 556 βοήθειαν,
3439 484 3607 553 ἐγνω-

2030 601 2130 640 σαν
2156 584 2253 655 τὴν
2277 582 2486 653 ἄμαχον
2517 580 2612 634 καὶ
2641 580 3082 647 ἀκαταγώνιστον
3116 580 3174 629 ἐν
3204 580 3322 640 τοῖς
3357 576 3608 648 φοϐεροῖς

2028 672 2452 730 ἐπικαλέσασθαι
2506 671 2845 743 συμμαχίαν.
2905 669 3159 738 ’Δφέντες
3208 668 3318 740 γὰρ
3364 669 3461 722 ἐπὶ
3508 669 3603 721 τοῦ

2030 765 2391 839 στρατοπέδου
2415 764 2537 828 τούς
2566 764 2735 835 μήπω
2759 760 3265 833 παραδεδεγμένους
3285 760 3384 833 τὴν
3401 759 3604 825 πίστιν,

2029 858 2124 914 καὶ
2154 855 2237 927 ἐφ’
2269 854 2478 911 ἑαυτῶν
2507 847 2829 919 ίδιάσαντες,
2861 852 3153 925 μιμοῦνται
3171 852 3270 924 τὴν
3293 853 3385 905 ἐπὶ
3425 851 3607 904 Ἠλίου

2026 947 2122 1003 τοῦ
2161 948 2438 1020 προφήτου
2490 945 2790 1017 γενομένην
2826 943 3291 1015 θαυματουργίαν,
3338 944 3497 1013 κοινῇ
3539 946 3608 1013 τῇ

2029 1042 2179 1113 φωνῇ
2210 1040 2304 1094 καὶ
2341 1038 2749 1110 συντεταγμένῃ
2793 1036 2946 1090 λύσιν
2992 1036 3175 1100 αὐτοῖς
3205 1033 3269 1101 ἐξ
3310 1035 3610 1105 ἀμηχάνων

2029 1131 2283 1202 γενέσθαι
2330 1131 2432 1201 τῆς
2481 1130 2768 1201 συμφορᾶς
2815 1126 3192 1198 αἰτησάμενοι.
3245 1125 3357 1178 Καὶ
3408 1124 3459 1177 οἱ
3510 1123 3608 1194 μὲν

2030 1225 2277 1299 ηὔχοντο*
2312 1225 2347 1296 ἠ
2385 1224 2443 1279 δὲ
2471 1221 2605 1294 εὐχὴ
2648 1220 2991 1293 παραχρῆμα
3020 1219 3180 1292 ἔργον
3213 1217 3446 1287 ἐγίνετο.
3487 1217 3609 1269 Ἔτι

2028 1318 2138 1390 γάρ
2171 1316 2350 1372 αὐτῶν
2384 1318 2450 1387 τῇ
2486 1312 2802 1384 γονυκλισίᾳ
2828 1310 3404 1384 προσκαρτερούντων,
3443 1307 3609 1361 πνεύ-

2033 1425 2163 1480 ματι
2205 1404 2366 1479 βιαίῳ
2406 1403 2605 1474 νεφέλη
2651 1401 2813 1456 ποθὲν
2859 1398 3238 1471 άποληφθεῖσα
3260 1436 3277 1461 ,
3337 1397 3611 1468 μετέωρος

2030 1501 2172 1573 ὑπὲρ
2192 1499 2252 1554 τδ
2269 1498 2378 1553 τῶν
2408 1496 2679 1568 πολεμίων
2704 1494 3064 1567 στρατόπεδον
3089 1494 3295 1548 ίστατο·
3321 1486 3443 1545 εἶτα
3466 1489 3610 1561 βρονο

2030 1593 2129 1659 τὰς
2173 1591 2443 1659 ἐξαισίους
2474 1588 2893 1659 ἐπικτυπήσασα
2911 1624 2927 1650 ,
2957 1585 3051 1640 καὶ
3081 1582 3369 1656 ἀστραπάς
3400 1581 3610 1653 φλογώ-

2030 1685 2141 1749 δεις
2164 1683 2307 1739 κατὰ
2334 1681 2442 1736 τῶν
2482 1679 2858 1751 ὑποκειμένων
2887 1677 3163 1747 ἐξάψασα,
3200 1676 3610 1747 κατερρήγνυεν

350 1767 527 1839 jcctos
556 1770 809 1826 incendia
834 1773 1153 1840 immittens,
1183 1775 1381 1843 aquam
1408 1773 1729 1828 ﬂuminibus
1748 1773 1927 1828 abun-

2035 1774 2177 1847 ὕδωρ
2208 1772 2470 1844 ποταμῶν
2502 1770 2895 1843 ἀφθονώτερον·
2926 1768 3067 1822 ῶστε
3101 1769 3214 1829 τοῖς
3252 1766 3353 1838 μὲν
3380 1766 3616 1819 ὑπεναν-

352 1859 660 1916 dantiorem
690 1862 1088 1933 ptaacipitabat,
1117 1863 1253 1923 adeo
1271 1872 1330 1919 ut
1354 1864 1685 1919 adversariis
1706 1864 1925 1932 quidem

354 1960 469 2005 tum
506 1953 850 2008 continentia
891 1952 1145 2016 fulmina,
1192 1963 1308 2009 tum
1355 1955 1792 2011 continuationis
1820 1956 1927 2010 im-

353 2042 535 2096 brium
573 2044 655 2097 vis
676 2044 904 2098 extremi
932 2043 1085 2099 exitii
1112 2059 1281 2100 causa
1310 2044 1744 2111 exsisteret;his
1775 2060 1927 2110 vero,

351 2132 446 2202 qui
472 2148 692 2204 precum
709 2134 877 2188 aciem
894 2142 1286 2206 opposuerant,
1302 2136 1370 2192 ad
1390 2143 1620 2207 utraque
1635 2136 1929 2203 suﬂiccret,

353 2234 465 2279 tam
504 2225 571 2281 ad
604 2227 905 2283 vincendos
952 2228 1139 2286 hostes
1169 2243 1335 2299 quam
1374 2228 1443 2283 ad
1483 2228 1607 2284 sitis
1642 2228 1926 2294 levamen,

351 2315 443 2383 qui
455 2330 554 2384 ppc
582 2314 948 2371 deﬂuentibus
972 2316 1313 2372 torrentibus
1336 2315 1552 2371 abunde
1582 2324 1770 2387 potum
1793 2317 1928 2388 ipsis

353 2404 858 2474 suppeditantibus.
921 2404 1018 2462 llis
1067 2406 1233 2477 igitur
1280 2406 1577 2477 adjunctus
1623 2417 1709 2463 est
1763 2408 1929 2463 etiam

353 2505 541 2552 noster
577 2508 988 2563 cmzuseorum,
1023 2500 1117 2568 qui
1148 2498 1215 2555 de
1244 2498 1487 2555 exercitu
1524 2500 1931 2558 narrationibus
1960 2513 1976 2531 ί

349 2575 466 2645 illis
494 2589 660 2644 etiam
695 2590 798 2661 ipsi
824 2591 973 2646 circa
1011 2592 1169 2646 tidem
1197 2590 1528 2655 conﬁrmati,
1560 2600 1616 2646 et
1646 2592 1701 2647 in
1735 2593 1930 2648 iisdem

353 2680 556 2737 studiis
590 2689 646 2735 ct
682 2682 961 2737 exercitiis
1001 2681 1253 2737 iunutriti
1296 2683 1349 2735 in
1390 2690 1599 2737 tantam
1642 2684 1813 2738 animi
1856 2684 1935 2738 in-

354 2772 531 2825 dolem
564 2787 627 2825 ac
659 2772 1086 2842 magnitudinem
1130 2773 1303 2828 evecti
1335 2782 1490 2836 sunt,
1520 2782 1579 2828 ut
1609 2776 1930 2830 excellentia

355 2862 428 2917 vi:
444 2861 581 2916 tntis
602 2861 864 2918 adversus
891 2878 1011 2918 sese
1041 2863 1302 2917 invidiam
1323 2864 1707 2922 excitaverinl.
1726 2865 1929 2932 Quem-

357 2953 651 3008 admodum
693 2954 839 3008 cnim
876 2954 1171 3010 didicimus
1204 2970 1271 3011 ex
1306 2954 1375 3011 iis
1417 2971 1539 3026 quae
1576 2972 1723 3011 nunc
1771 2960 1930 3014 nobis

353 3062 422 3102 ex
456 3046 686 3103 historia
727 3044 848 3100 Johi
892 3046 1143 3117 praelecta
1192 3054 1346 3112 sunt,
1385 3048 1535 3118 quod
1579 3049 1928 3106 adversarius

357 3134 612 3190 humanae
639 3137 764 3189 vita:
805 3112 1059 3204 injuriam
1080 3136 1193 3193 sibi
1224 3136 1341 3193 ﬁeri
1381 3112 1600 3207 putaret
1645 3137 1791 3209 quod
1829 3137 1932 3195 Job
1959 3112 2001 3170 ο

356 3227 576 3284 virtutis
612 3229 834 3285 nomine
880 3218 1115 3285 clareret
1167 3244 1233 3285 ac
1281 3230 1421 3286 bene
1469 3229 1709 3296 audiret,
1755 3241 1810 3286 et
1848 3231 1931 3286 id-

354 3319 502 3375 circo
537 3334 662 3374 eum
706 3322 1027 3391 deposceret
1073 3320 1141 3376 ad
1170 3330 1530 3390 tormentum,
1565 3322 1714 3394 quod
1757 3322 1934 3379 oﬂ‘cn-

354 3413 514 3467 deret
544 3426 608 3467 ac
636 3412 885 3469 molestia
917 3412 1156 3470 aﬂlceret
1181 3431 1306 3470 eum
1336 3414 1464 3481 Job,
1495 3415 1589 3488 qui
1626 3431 1816 3482 verax,
1843 3416 1934 3487 ju-

357 3511 481 3561 stus
515 3512 571 3559 et
622 3504 938 3576 inculpatus
988 3515 1139 3564 esset
1184 3508 1420 3564 :codem
1463 3509 1625 3563 modo
1668 3508 1845 3565 hostis
1877 3518 1933 3564 et

357 3598 581 3653 invasor
612 3596 910 3662 bonorum,
933 3599 1182 3669 improbo
1207 3600 1372 3656 oculo
1407 3599 1541 3654 vidit
1572 3614 1799 3671 magnos
1830 3599 1933 3658 hos

354 3690 593 3760 pugiles,
642 3699 697 3746 et
740 3707 849 3747 non
908 3692 1039 3746 tulit
1086 3692 1342 3748 canitiem
1387 3707 1625 3757 morum,
1667 3708 1831 3763 quam
1877 3694 1932 3749 in

351 3778 584 3850 juvenili
612 3786 777 3835 mtate
807 3781 1293 3837 animadvertebat.
1323 3780 1474 3836 Vidit
1501 3797 1794 3854 corporum
1834 3783 1933 3838 ﬂo—

356 3885 472 3925 rem
525 3869 865 3925 continentia
921 3880 1087 3942 atque
1138 3873 1440 3930 sobrietate
1492 3875 1680 3930 ornari
1734 3895 1748 3931 :
1796 3875 1934 3931 vidit

356 3968 631 4016 armatum
691 3960 983 4031 quemdam
1034 3962 1306 4031 chorum,
1352 3981 1451 4037 per
1489 3966 1790 4023 exercitum
1839 3981 1935 4023 eos

358 4055 472 4110 Deo
515 4051 751 4108 choreas
798 4053 1087 4118 ducentes,
1143 4055 1405 4127 pulchros
1454 4064 1704 4128 aspectu,
1755 4058 1934 4115 oculis

356 4161 546 4204 torvos
574 4154 629 4202 et
659 4145 959 4212 terribiles,
995 4146 1272 4201 excelsum
1306 4146 1572 4215 animum,
1604 4157 1659 4204 et
1704 4151 1934 4220 spiritus

355 4245 737 4304 contumaces,
768 4236 967 4308 pedum
997 4235 1373 4303 velocitatem,
1409 4238 1555 4293 vires
1582 4240 1931 4305 excellentes,

358 4329 798 4393 convenientem,
832 4336 1012 4398 aptam
1062 4335 1117 4383 et
1165 4328 1511 4384 commodam
1564 4330 1931 4385 membrorum

357 4417 817 4488 compactionem,
868 4417 924 4471 in
984 4418 1263 4484 omnibus,
1311 4434 1433 4488 quae
1474 4418 1610 4488 ipsis
1658 4418 1929 4485 adessent,

357 4506 665 4563 commodis
704 4506 873 4562 animi
918 4508 1175 4562 virtutem
1217 4523 1319 4563 suo
1358 4507 1651 4576 splendore
1685 4511 1933 4580 corporis

360 4599 503 4656 bona
552 4607 925 4671 superantem.
984 4597 1289 4653 lnambulat
1326 4599 1493 4655 etiam
1547 4614 1644 4670 per
1702 4600 1828 4656 illos
1876 4603 1933 4659 in

358 4693 586 4760 invidia,
613 4691 705 4764 qui
747 4706 843 4762 per
872 4689 1060 4744 orbem
1106 4697 1375 4745 terrarum
1409 4691 1754 4748 obambulat.
1784 4690 1935 4748 Vidit

358 4796 467 4836 non
512 4798 679 4838 unum
721 4781 997 4836 hominem
1037 4794 1307 4847 veracem,
1340 4779 1437 4836 sed
1481 4788 1758 4837 catervam
1787 4783 1931 4839 divi-

358 4889 485 4929 nam
523 4885 603 4930 tot
653 4875 921 4939 virorum,
977 4871 1072 4944 qui
1116 4887 1313 4929 omnes
1361 4887 1605 4938 veraces,
1637 4871 1797 4943 justi,
1841 4874 1932 4932 Dei

356 4956 601 5025 cultores
629 4975 809 5034 erant,
857 4968 1105 5040 deposcit
1136 4969 1298 5025 etiam
1344 4968 1466 5024 illos
1495 4967 1561 5022 ad
1599 4983 1759 5023 suum
1791 4969 1934 5025 arbi-

358 5060 548 5117 trium.
591 5059 670 5116 Ac
698 5061 936 5130 primum
968 5059 1186 5129 quidem
1231 5060 1358 5117 duci
1403 5061 1688 5132 copiarum
1736 5061 1934 5119 insano

2026 1866 2187 1932 τίοις,
2219 1864 2312 1918 καὶ
2340 1863 2448 1917 τῶν
2479 1861 2736 1934 σκηπτῶν
2759 1865 2858 1933 τὴν
2889 1861 3184 1931 συνέχειαν,
3203 1858 3377 1913 καὶτὸ
3407 1856 3610 1929 πλῆθος

2029 1958 2128 2027 τῆς
2159 1954 2463 2027 ἐπομϐρίας
2492 1953 2661 2007 αἴτιον
2705 1951 2955 2022 γενέσθαι
3002 1948 3298 2014 παντελοῦς
3334 1948 3607 2020 καταφθοο
3708 1954 3713 1957 λ

2033 2050 2153 2119 ρᾶςο
2181 2046 2387 2110 τούτοις
2408 2046 2465 2099 δὲ
2487 2048 2598 2109 τοῖς
2635 2043 2724 2098 διὰ
2751 2042 2857 2097 τῶν
2895 2043 3069 2115 εὐχῶν
3099 2059 3174 2096 πα
3185 2040 3604 2115 ραταξαμένοις.

2033 2138 2213 2194 ἱκανὸν
2250 2138 2386 2210 πρὸς
2413 2138 2698 2209 ἀμφότερα
2730 2135 3014 2205 γενέσθαι,
3049 2133 3188 2206 πρός
3232 2149 3293 2186 τε
3325 2132 3426 2202 τὴν
3457 2132 3605 2202 νίκην

2031 2230 2141 2284 τῶν
2173 2228 2660 2299 ἀντιτεταγμένων,
2701 2228 2795 2282 καὶ
2831 2227 2969 2298 πρὸς
2995 2226 3094 2297 τὴν
3126 2224 3482 2296 παραμυθίαν
3513 2224 3606 2293 τῆς
3636 2253 3646 2262 -

2032 2319 2316 2392 δίψης,τῆς
2326 2319 2434 2374 τῶν
2446 2319 2757 2392 χειμάρρων
2773 2318 3049 2391 ἀπορροῆς
3063 2316 3310 2387 ἀφθόνως
3325 2317 3511 2378 αὐτοῖς
3521 2315 3609 2370 τὸν

2033 2414 2195 2469 πότον
2213 2411 2573 2485 χορηγούσης.
2594 2410 2816 2474 Τούτοις
2838 2411 3019 2464 τοίνυν
3049 2407 3351 2482 συνετάχθη
3373 2410 3406 2462 ὁ
3424 2407 3607 2479 ήμέτεο

2032 2523 2127 2578 ρος
2151 2506 2247 2575 τῆς
2270 2506 2527 2576 στρατιᾶς
2547 2502 2724 2574 χορὸς,
2747 2502 2840 2555 ἀπ’
2870 2500 3094 2556 ἐκείνων
3121 2500 3231 2553 τῶν
3256 2500 3607 2570 διηγημάτων

2035 2596 2130 2651 καὶ
2143 2596 2295 2649 αὐτοὶ
2316 2613 2380 2648 πε
2390 2595 2444 2666 pl.
2463 2594 2563 2664 τὴν
2584 2592 2763 2647 πίστιν
2783 2590 3141 2664 κυρωθέντες,
3158 2590 3253 2644 καὶ
3269 2592 3383 2653 τοῖς
3404 2586 3608 2658 ὁμοίοις

2033 2687 2390 2758 ἐντραφέντες
2436 2685 2883 2758 ἐπιτηδεύμασιν,
2929 2685 3010 2748 είς
3057 2682 3312 2736 τοσοῦτον
3378 2681 3608 2752 μεγαλοο

2035 2780 2197 2850 φυῖας
2224 2777 2562 2849 ἐπήρθησαν,
2587 2775 2727 2829 ὥστε
2749 2775 2826 2844 τῷ
2852 2773 3092 2846 περιόντι
3115 2774 3215 2845 τῆς
3251 2773 3455 2844 ἀρετῆς
3492 2771 3596 2826 καθ

2034 2868 2242 2923 ἑαυτῶν
2272 2868 2573 2938 ἀναστῆσαι
2593 2866 2684 2921 τὸν
2709 2866 2924 2936 φθόνον.
2951 2864 3219 2935 Καθάπερ
3245 2865 3355 2935 γάρ
3383 2865 3480 2918 ἐπὶ
3503 2864 3612 2918 τῶν

2032 2958 2129 3015 νῦν
2155 2957 2685 3027 ὐπαναγνωσθέντων
2710 2958 2841 3028 ἡμῖν
2871 2958 2935 3010 ἐκ
2964 2956 3062 3027 τῆς
3087 2955 3179 3009 τοῦ
3221 2954 3343 3009 Ἰὼϐ
3373 2956 3614 3026 ἱστορίας

2032 3050 2328 3123 ἐμάθομεν,
2353 3052 2434 3104 ὅτι
2462 3049 2704 3121 ἀδίκημα
2733 3048 2927 3103 ἑαυτοῦ
2950 3047 3121 3103 ἐποίει
3144 3049 3174 3102 ό
3195 3047 3489 3113 ἀντίπαλος
3513 3052 3612 3117 τῆς

2036 3140 2384 3215 ἀνθρωπίνης
2429 3138 2576 3211 ζωῆς
2621 3140 2721 3213 τὴν
2756 3140 2851 3194 τοῦ
2907 3139 3029 3194 Ἰὼϐ
3087 3138 3465 3210 εὐδοκίμησιν,
3518 3143 3616 3194 καὶ

2036 3232 2126 3288 διὰ
2176 3233 2335 3287 τούτο
2377 3231 2617 3305 ἐξῃτεῖτο
2657 3231 2793 3303 πρὸς
2834 3231 3111 3303 αίκισμὸν,
3150 3230 3233 3283 ὅτι
3277 3229 3467 3285 ἐλύπει
3515 3231 3614 3285 αὐ-

2037 3324 2128 3380 τὸν
2154 3326 2183 3379 ό
2227 3323 2368 3389 Ἰὼϐ,
2403 3322 2655 3395 ἀληθινὸς
2686 3323 2781 3379 καὶ
2805 3322 3010 3387 δίκαιος
3055 3323 3153 3377 καὶ
3195 3322 3487 3393 ἄμεμπτος
3513 3321 3613 3375 ὥν·

2036 3416 2128 3471 τὸν
2155 3416 2316 3471 αὐτὸν
2353 3415 2554 3489 τρόπον
2597 3410 2706 3469 εἶδε
2748 3414 2970 3487 πονηρῷ
3007 3413 3088 3486 τῷ
3123 3413 3386 3484 ὀφθαλμῷ
3428 3414 3461 3467 ό
3500 3415 3616 3475 τοῖς

2039 3508 2270 3578 ἀγαθοῖς
2298 3506 2661 3578 ἐπιφυόμενος
2692 3507 2816 3571 τούς
2875 3506 3143 3578 μεγάλους
3169 3505 3387 3569 τούτους
3410 3506 3609 3572 ἀγωνιο

2040 3599 2195 3664 στάς,
2217 3597 2313 3652 καὶ⁸
2331 3599 2433 3652 οὐκ
2459 3599 2655 3670 ἤνεγκε
2688 3596 2880 3650 πολιάν
2895 3596 3042 3667 ἠθῶν
3069 3598 3128 3650 ὲν
3153 3595 3366 3667 ἡλικίας
3392 3595 3608 3664 νεότητι

2040 3691 2269 3763 βλέπων.
2299 3684 2422 3742 Εἷδε
2451 3689 2718 3758 σωμάτων
2742 3687 2923 3751 ἄνθος,
2953 3688 3011 3741 ἐν
3031 3687 3345 3759 σωφροσύνη
3372 3684 3607 3756 κοσμού-

2041 3798 2220 3853 μενον·
2248 3776 2388 3835 εἷὸεν
2412 3779 2658 3834 ἐνόπλιόν
2677 3797 2797 3833 τινα
2818 3780 3198 3852 χοροστασίαν,
3216 3777 3305 3834 διὰ
3326 3778 3422 3847 τῆς
3445 3794 3608 3848 στρα-

2037 3873 2160 3935 τιᾶς
2200 3870 2396 3935 αὐτοὺς
2424 3869 2502 3940 τῷ
2530 3868 2651 3940 Θεῷ
2678 3868 3024 3940 χορεύοντας,
3057 3868 3259 3932 καλοὺς
3307 3865 3614 3938 προσιδεῖν,

2039 3962 2332 4034 βλοσυροὺς
2364 3961 2424 4015 τὸ
2452 3960 2628 4032 ὄμμα,
2653 3959 2892 4032 γαύρους
2917 3958 2980 4013 τὸ
3007 3960 3284 4031 φρόνημα,
3317 3956 3484 4029 τάχος
3514 3974 3621 4011 πο-

2037 4055 2163 4121 δῶν,
2197 4053 2511 4124 περιουσίαν
2554 4052 2833 4124 δυνάμεως
2857 4092 2874 4116 ,
2922 4050 3264 4124 συμμετρίαν
3303 4049 3505 4122 μελῶν,
3557 4052 3623 4103 ἐν

2039 4148 2173 4202 πᾶσι
2220 4147 2335 4210 τοῖς
2381 4141 2673 4217 προσοῦσιν
2719 4145 2903 4209 αὐτοῖς
2951 4144 3332 4216 προτερήμασι
3378 4142 3479 4213 τὴν
3519 4143 3621 4213 τῆς

2037 4237 2212 4310 ψυχῆς
2236 4235 2437 4308 ἀρετὴν
2468 4236 2567 4308 τῆς
2590 4235 2908 4307 σωματικῆς
2940 4234 3233 4306 εὐκληρίας
3262 4233 3622 4306 ὑπεραστρά-

2040 4346 2296 4384 πτουσαν.
2340 4329 2739 4400 Ἐμπεριπατεῖ
2764 4326 2860 4382 καὶ
2884 4326 2950 4380 δι’
2980 4326 3203 4381 ἐκείνων
3235 4325 3315 4397 τῷ
3345 4325 3564 4397 φθόνῳ,
3596 4328 3626 4382 ὀ

2038 4419 2430 4492 ἐμπεριπατῶν
2460 4420 2559 4490 τὴν
2589 4418 2937 4490 οἰκουμένην.
2975 4413 3126 4472 Εἶδεν
3159 4418 3258 4487 οὐχ
3287 4416 3386 4470 ἕνα
3414 4416 3623 4488 ἄνθρωΔ

2039 4526 2140 4563 πον
2168 4507 2440 4579 ἀληθινὸν,
2471 4507 2610 4562 ἀλλὰ
2639 4507 2893 4580 σύστημα
2927 4508 3067 4562 θεῖον
3091 4507 3362 4560 τοσούτων
3400 4506 3625 4577 ἀνθρὼ-

2031 4618 2169 4664 πων,
2200 4598 2419 4654 πάντων
2449 4598 2739 4671 ἀληθινῶν,
2766 4599 3012 4662 δικαίων,
3045 4597 3337 4652 θεοσεϐῶν·
3382 4594 3622 4661 ἐξαιτεῖ-

2030 4708 2119 4746 ται
2153 4690 2441 4755 κάκείνους
2468 4692 2550 4756 είς
2578 4691 2640 4745 τὸ
2669 4691 2800 4745 ἴδιον
2825 4689 3093 4762 βούλημα.
3126 4688 3236 4744 Καὶ
3269 4688 3486 4760 πρῶτον
3518 4689 3625 4759 μὲν

2031 4784 2478 4858 εἰδωλομανοῦντι
2520 4783 2600 4855 τῷ
2634 4786 2736 4857 τῆς
2770 4783 3030 4854 στρατιᾶς
3061 4781 3283 4851 ἄρχοντι
3314 4777 3623 4849 σύμϐουλος

2030 4876 2267 4948 γίνεται,
2300 4876 2377 4947 μὴ
2407 4876 2473 4930 ἂν
2504 4876 2680 4940 ἄλλως
2713 4876 3006 4946 ὑπερσχεῖν
3032 4874 3131 4944 τῆς
3169 4870 3312 4926 κατὰ
3347 4870 3460 4923 τῶν
3494 4869 3622 4941 βαρ-

2039 4968 2221 5040 ϐάρων
2242 4969 2419 5040 νίκης,
2449 4971 2498 5023 εἰ
2527 4968 2603 5041 μὴ
2623 4968 2749 5032 τούς
2772 4967 2833 5020 τὸ
2863 4967 3035 5037 ὄνομα
3057 4963 3151 5017 τοῦ
3180 4961 3421 5035 Χριστοῦ
3453 4980 3621 5034 προσο

2041 5060 2332 5125 κυνούντας
2371 5060 2722 5132 προθύσαιτο.

352 5152 784 5210 simulacrorum
827 5151 1000 5206 cultui
1065 5150 1252 5208 dedito
1311 5151 1647 5222 persuadere
1694 5163 1963 5218 conatur,
2018 5166 2128 5205 non
2185 5151 2348 5206 aliter
2386 5165 2512 5206 eum
2572 5148 2642 5206 de
2705 5147 2958 5206 barbaris
3018 5145 3250 5202 victoria
3310 5144 3613 5215 potiturum

356 5263 502 5315 esse,
540 5247 648 5305 nisi
683 5247 840 5319 prius
869 5253 1134 5303 mactaret
1176 5261 1275 5304 eos
1314 5247 1413 5319 qui
1450 5246 1659 5306 Christi
1704 5264 1902 5305 nomen
1944 5246 2262 5303 adorarent.

429 5337 528 5393 llis
557 5346 740 5394 autem
769 5345 992 5409 propter
1015 5337 1288 5409 egregiam
1311 5339 1719 5397 confessionem
1744 5356 1940 5412 qnam-

358 5429 597 5497 primutn
636 5430 962 5501 designatis,
1028 5438 1081 5485 et
1116 5430 1260 5486 ultro
1300 5430 1367 5486 ad
1407 5434 1936 5491 consummationem

359 5521 638 5587 passionis
685 5520 1149 5593 confugientibus,
1198 5523 1383 5579 statim
1426 5537 1522 5579 eos
1551 5524 1734 5595 gladio
1767 5525 1939 5581 inter-

359 5609 523 5669 licere
552 5613 742 5681 (quasi
799 5610 930 5669 mite
976 5612 1251 5683 quoddam
1311 5630 1376 5669 ac
1414 5614 1708 5685 benignum
1763 5632 1937 5686 genus

362 5700 552 5757 mortis
594 5702 644 5757 id
693 5704 870 5770 esset)
907 5704 1163 5763 inimicus
1216 5706 1513 5770 recusavit,
1560 5708 1656 5763 sed
1707 5708 1938 5763 vinculis

824 5882 855 5895 κ

2121 5335 2568 5409 Ἀναδειχθέντων
2586 5336 2643 5391 δὲ
2670 5337 2876 5390 τούτων
2896 5335 2972 5400 ὡς
2990 5334 3220 5406 τάχιστα
3249 5332 3337 5387 διὰ
3365 5333 3469 5403 τῆς
3494 5334 3603 5401 ἀγα

2037 5428 2135 5501 θῆς
2165 5429 2474 5501 ὁμολογίας,
2508 5431 2602 5483 καὶ
2634 5427 3074 5500 αὐτομολούντων
3108 5426 3243 5497 ’πρὸς
3274 5424 3375 5496 τὴν
3401 5424 3492 5478 διὰ
3519 5421 3604 5477 τοῦ

2036 5521 2242 5585 πάθους
2273 5521 2572 5589 τελείωσιν,
2618 5522 2678 5575 τὺ
2715 5522 2815 5591 μὲν
2858 5519 3020 5584 εὐθὺς
3056 5518 3356 5587 ἐπαγαγεῖν
3399 5516 3492 5569 τὸν
3526 5514 3603 5566 διὰ

2036 5611 2129 5665 τοῦ
2173 5611 2357 5681 ξίφους
2404 5611 2631 5666 θάνατον
2662 5611 2759 5682 (ῶς
2802 5628 2855 5664 τι
2894 5609 3293 5681 φιλάνθρωπον)
3324 5609 3356 5660 ό
3394 5604 3605 5677 Ἐχθρὸς

2038 5706 2414 5778 παρῃτήσατο,
2447 5707 2500 5761 δε
2512 5710 2665 5776 σμοῖς
2693 5707 2748 5760 δὲ
2785 5709 2893 5772 τοῖς
2923 5707 2987 5761 ἐκ
3016 5704 3229 5776 σιδήρου
3258 5701 3607 5762 καταπιέσσ-ς,
