3918 6204
240 297 344 356 ἰΰί

1335 314 1402 369 ιΝ
1441 310 1942 385 ρυΛῡίῐᾹϐΙΝΤΛ
1983 321 2389 382 Μλίίτῖίὶεὸ.

3389 342 3497 398 769.

233 420 438 492 ταύτην
466 423 702 479 ἐποιεῖτο
723 425 822 498 τὴν
854 428 952 500 τῆς
978 433 1242 504 τιμωρίας
1285 436 1480 507 ἀρχήν.
1512 439 1634 503 Τοῖς
1659 440 1715 494 δὲ
1742 437 1792 512 ἧι

1915 441 2104 498 ferreis
2136 443 2402 514 aﬂligens,
2437 443 2565 502 hinc
2604 449 2860 519 supplicii
2901 450 3121 510 lnitlum
3156 454 3302 512 fecit.
3331 459 3401 512 At
3431 461 3499 514 il-

233 515 342 586 ἄρα
376 516 471 569 καὶ
497 518 526 570 6
551 517 752 588 δεσμὸς
782 521 1234 596 ὲγκαλλώπισμα,
1274 528 1369 581 καὶ
1394 529 1571 600 θέαμα
1602 533 1810 602 γλαφυο

235 604 327 674 ρον
372 606 469 658 καὶ
510 607 608 676 ἡδὺ
642 609 987 678 Χριστιανῶν
1018 614 1349 686 ὀφθαλμοῖς,
1389 619 1576 692 νεότης
1610 621 1812 686 ἐξειλε-

230 697 413 767 γμένη
455 697 672 769 ἀριθμῷ
703 701 978 773 τοσούτῳ,
1020 681 1208 760 κάλλεί
1244 681 1580 782 διαπρεπὴς,
1627 681 1812 787 ή-λικίᾳ

229 789 377 860 ὑπὲρ
403 790 526 854 τοὺς
549 791 764 856 ἄλλους,
795 795 996 861 πάντες
1024 799 1165 854 κατά
1195 802 1390 856 ταὺτὸν
1417 807 1535 875 μετ’
1566 806 1810 879 ἀλλήλων

226 879 304 950 τῷ
325 881 513 952 δεσμῷ
531 884 954 955 συνηρμόζοντο,
977 888 1166 963 ὥσπερ
1183 910 1268 956 τις
1288 895 1551 965 στέφανος
1577 897 1610 969 ἢ
1640 900 1808 971 ὅρμος

229 973 609 1044 περιαυχένιος
639 977 976 1048 ἰσομεγέθεις
1004 985 1347 1055 μαργαρίτας
1379 989 1437 1040 ὲν
1470 989 1654 1061 κύκλῳ
1681 992 1809 1046 διει-

226 1066 540 1138 λημμένους
573 1069 734 1140 ἔχων
785 1073 1017 1128 τοιοῦτοι
1068 1071 1209 1148 ἦσαν
1254 1081 1303 1132 οἱ
1352 1081 1532 1151 ἅγιοι,
1585 1086 1680 1139 καὶ
1719 1087 1806 1141 διὰ

227 1160 467 1225 πίστεως
511 1163 816 1234 ἡνωμένοι,
861 1168 956 1221 καὶ
1001 1168 1089 1223 διά
1125 1187 1236 1225 των
1267 1173 1506 1246 δεσμῶν’
1531 1179 1669 1251 πρὸς
1710 1181 1807 1236 ἀλ-

224 1253 421 1323 λήλους
477 1255 850 1327 σφιγγόμενοι.
900 1259 1094 1326 Ὀντες
1140 1263 1250 1335 γὰρ
1285 1268 1381 1322 καὶ
1438 1269 1559 1324 καθ’
1613 1271 1806 1328 ἑαυτὸν

224 1348 456 1412 ἕκαστος
480 1349 666 1416 καλοὶ,
705 1353 991 1428 προσθήκη
1031 1357 1125 1412 τοῦ
1160 1359 1391 1426 κάλλους
1423 1364 1672 1436 ἀλλήλοις
1697 1368 1806 1437 ἐγίο

222 1457 396 1495 νοντο.
429 1437 552 1496 Οίον
577 1445 670 1499 ἐπὶ
701 1445 810 1500 τῶν
845 1449 1112 1523 οὐρανίων
1150 1453 1438 1525 συμϐαίνει
1484 1457 1801 1530 θαυμάτων,

220 1532 352 1586 ὅταν
408 1533 476 1586 δι’
542 1535 762 1607 αἰθρίας
834 1539 928 1593 καὶ
990 1540 1241 1614 καθαρᾶς
1301 1545 1336 1615 ἡ
1392 1545 1502 1600 τῶν
1557 1548 1802 1621 ἀστέρων

222 1625 385 1695 χάρις
412 1626 480 1680 δι’
516 1626 761 1698 ἀλλήλων
801 1631 1177 1704 ποικίλληται,
1212 1634 1441 1691 ἑκάστου
1464 1637 1566 1710 τὴν
1592 1641 1800 1695 οἰκείαν

220 1718 415 1789 αἴγλην
459 1721 538 1784 είς
592 1720 684 1775 τὸν
729 1722 905 1777 κοινὸν
937 1723 1139 1796 κόσμον
1181 1727 1275 1781 τοῦ
1321 1729 1550 1801 οὐρανοῦ
1595 1750 1799 1788 συνεισ-

219 1810 498 1879 φέροντος.
525 1812 775 1868 Τοιοῦτον
805 1810 873 1886 ἦν
901 1816 1010 1870 τῶν
1041 1817 1212 1886 ἁγίων
1265 1819 1324 1874 τὺ
1356 1820 1536 1894 θέαμα
1556 1864 1571 1890 ,
1604 1824 1794 1892 ὄντως,

221 1901 408 1965 καθώς
480 1905 612 1975 φησί
677 1922 779 1958 που
847 1907 1104 1980 Ίεζεκιὴλ
1147 1912 1176 1964 6
1220 1914 1542 1984 προφήτης,
1607 1917 1798 1988 ὅρασις

217 1993 519 2063 λαμπάδιον
573 1997 1043 2069 συστρεφομένων.
1125 2002 1525 2078 Ἐμφιλοχωρεῖ
1570 2009 1599 2061 6
1641 2007 1798 2078 λόγος

215 2083 296 2153 τῷ
338 2084 520 2139 κάλλει
570 2087 668 2158 τῆς
715 2087 882 2160 ὥρας.
927 2085 1081 2144 Οῐδεν
1119 2092 1260 2163 γὰρ,
1309 2095 1494 2160 καθὼς
1551 2099 1589 2168 ἡ
1623 2099 1796 2168 Σοφία

215 2174 407 2243 φησὶν,
434 2174 498 2226 ὲκ
542 2175 804 2244 μεγέθους
840 2180 932 2233 καὶ
985 2181 1248 2253 καλλονῆς
1271 2185 1586 2256 κτισμάτων
1611 2189 1705 2242 καὶ
1733 2191 1795 2243 τὸ

215 2267 272 2317 ἐν
328 2267 558 2338 κρυπτῷ
611 2268 806 2332 κάλλος
853 2271 1296 2342 ἀναλογίζεσθαι,
1353 2277 1536 2349 ἐπειδὴ
1595 2281 1691 2334 καὶ
1759 2284 1793 2354 ἡ

213 2361 311 2430 τῆς
360 2360 544 2432 ψυχῆς
583 2361 892 2434 καθαρότης
941 2363 1028 2417 διὰ
1066 2365 1160 2418 τοῦ
1209 2367 1535 2439 φαινομένου
1571 2370 1794 2444 διέλαμ-

213 2469 305 2518 πε,
365 2455 462 2507 καὶ
503 2455 532 2507 6
570 2455 886 2526 φαινόμενος
922 2455 1204 2527 ἄνθρωπος
1236 2458 1385 2526 ἀξιον
1419 2457 1488 2532 ἦν
1521 2462 1617 2516 τοῦ
1659 2465 1794 2536 ἀφαο

213 2547 337 2610 νοῦς
396 2546 724 2618 οἰκητήριον.
795 2547 886 2611 Ὠς
939 2549 1100 2602 καλὸν
1154 2550 1333 2603 τοίνυν
1397 2547 1464 2622 ἦν
1511 2553 1630 2606 τότε
1679 2558 1793 2620 τοῖς

213 2639 383 2710 ὁρῶσι
429 2639 492 2692 τὸ
537 2639 744 2711 θέαμαι
798 2639 962 2695 καλὸν
999 2641 1143 2710 λέγω
1208 2645 1325 2706 τοῖς
1371 2644 1440 2697 τά
1489 2645 1630 2699 καλά
1678 2646 1794 2718 βλέ-

213 2751 336 2786 πειν
363 2731 625 2799 ἐθέλουσι,
665 2732 828 2787 καλὸν
876 2733 1146 2802 ἀγγέλοις,
1205 2734 1367 2789 καλὸν
1403 2739 1525 2801 ταῖς
1562 2739 1793 2811 ὑπερκο·

214 2823 402 2893 σμίαις
430 2823 710 2895 δυνάμεσι’
738 2824 932 2896 πικρὸν
961 2825 1020 2880 δὲ
1047 2828 1162 2890 τοῖς
1187 2825 1436 2898 δαίμοσι,
1466 2831 1560 2884 καὶ
1586 2832 1700 2886 ὅσοι
1724 2832 1790 2887 τά

210 2915 317 2969 τῶν
353 2915 626 2986 δαιμόνων
667 2916 973 2987 ἠσπάζοντο
992 2958 1006 2982 ,
1035 2917 1315 2990 ἄνθρωποι
1361 2921 1551 2994 (εἴπερ
1578 2923 1790 2996 ἀνθρω-

212 3022 322 3070 ποι,
342 3008 391 3058 oi
411 3005 662 3060 τοσοῦτον
681 3007 1038 3079 ἀνεστηκότες
1050 3009 1126 3080 τῷ
1148 3010 1417 3084 μεγαλείῳ
1433 3013 1529 3085 τῆς
1543 3013 1786 3086 φύσεως)

212 3096 656 3168 στρατιῶταιτοῦ
682 3097 946 3169 Χριστοῦ,
976 3097 1070 3153 τοῦ
1107 3101 1265 3169 ἀγίου
1293 3101 1610 3173 Πνεὺματος
1637 3105 1786 3159 ὁπλῖ-

210 3208 317 3256 ται,
341 3191 445 3259 τῆς
463 3189 698 3255 πίστεως
725 3190 1020 3264 πρόμαχοι,
1043 3191 1243 3266 πύργοι
1261 3194 1364 3265 τῆς
1385 3195 1534 3260 θείας
1561 3197 1785 3262 πόλεως’

211 3283 257 3334 οῖ
289 3283 474 3336 πᾶσαν
518 3283 793 3352 αἰκισμῶν
820 3285 1113 3357 τιμωρίαν,
1155 3287 1338 3341 πᾶσαν
1365 3287 1545 3358 φόϐων
1589 3291 1789 3344 ὲπανάο

214 3393 420 3437 στασιν,
451 3376 631 3429 πᾶσαν
673 3375 904 3449 ἀπειλῆς
933 3378 1262 3452 προσϐολὴν,
1293 3378 1370 3444 ῶς
1403 3397 1529 3436 τινα
1561 3382 1791 3436 παιδίων

212 3466 391 3520 ἄνοιαν
416 3466 840 3536 κατεχλεὺαζον·
889 3467 1142 3540 καθάπερ
1163 3470 1284 3540 οὐχὶ
1308 3470 1378 3524 τὰ
1403 3469 1635 3542 σώματα
1671 3475 1791 3536 ταῖς

213 3558 413 3620 αἰκίαις
427 3557 692 3622 ἐκδόντες,
706 3559 840 3614 ἀλλά
853 3559 952 3624 τὰς
964 3561 1074 3615 τῶν
1090 3562 1357 3633 σωμάτων
1376 3563 1609 3628 σκιάςοοῖ
1627 3565 1790 3636 σαρκὶ

211 3651 304 3720 τὴν
327 3651 510 3722 σάρκα
534 3650 1062 3720 καταπαλαίσαντες,
1089 3654 1184 3708 καὶ
1203 3656 1268 3726 τῇ
1288 3655 1422 3726 πρὸς
1436 3654 1528 3708 τὸν
1562 3653 1789 3710 θάνατον

212 3741 483 3812 ὑπεροψία
521 3743 742 3796 πάντων
779 3743 892 3798 τῶν
917 3744 1257 3816 τυραννικῶν
1287 3745 1470 3816 φόϐων
1510 3746 1787 3818 ὑπερφρο-

211 3834 492 3904 νήσαντες,
521 3835 839 3908 ὑψηλότεροι
868 3837 977 3891 τῶν
1007 3838 1365 3909 ἀνθρωπίνων
1405 3839 1622 3911 μέτρων
1651 3839 1788 3894 €65!-

209 3924 440 3995 χθησαν.
470 3927 531 3978 Ὢ
579 3926 759 3992 καλῶς
790 3929 903 3992 τοῖς
949 3931 1281 3999 σωματικοῖς
1317 3929 1596 4001 τροπαίοις
1624 3933 1790 4002 ἐμμε-

207 4016 570 4085 λετήσαντεςί
613 4018 678 4070 ’Ὠ
724 4017 905 4083 ⁴ιιαλῶς
940 4019 1357 4090 μετενεγκόντες
1384 4021 1484 4092 τὴν
1513 4019 1608 4074 τοῦ
1636 4021 1788 4074 πολε-

211 4109 332 4175 μεῖν
358 4108 650 4180 ἐμπειρίαν
673 4110 753 4173 είς
778 4109 878 4180 τὴν
900 4109 1041 4164 κατά
1061 4109 1155 4163 τοῦ
1179 4110 1428 4164 διαϐόλου
1453 4110 1778 4182 παράταξιν·

205 4199 264 4251 οὑ
293 4200 438 4267 ξίφει
486 4201 605 4264 τὰς’
631 4204 818 4272 χεῖρας
861 4202 1218 4265 ὁπλίσαντες,
1270 4202 1392 4255 οὑδὲ
1448 4203 1541 4255 τὸν
1579 4204 1645 4256 ὲκ
1688 4200 1784 4256 τοῦ

207 4291 366 4356 ξύλου
392 4292 583 4364 θυρεὸν
625 4294 1086 4365 προϐαλλόμενοι,
1119 4293 1239 4346 οὑδὲ
1279 4293 1450 4364 χαλκῇ
1482 4310 1786 4365 περικεφα-

204 4383 368 4456 λαία,
413 4385 508 4437 καὶ
551 4386 781 4456 κνήμεσι
825 4387 1326 4458 περιφραξάμενοι,
1371 4386 1507 4439 ἀλλά
1548 4387 1648 4457 τὴν
1688 4385 1783 4440 τοῦ

1917 526 1982 581 lis
2008 543 2141 583 sane
2171 531 2336 584 etiam
2373 533 2588 589 vincula
2613 547 2937 594 ornamento
2962 552 3144 609 erant,
3177 553 3233 600 et
3271 549 3498 619 elegans

1914 624 2077 688 atque
2098 619 2404 689 jucundum
2433 624 2875 684 Christianorum
2903 634 3081 690 oculis
3109 640 3491 706 spectaculum

1907 708 2167 778 juventus
2197 713 2370 769 electa
2398 715 2453 769 in
2491 723 2644 772 tanto
2675 735 2927 787 numero,
2958 719 3375 795 pulchritudine.
3404 732 3494 786 in-

1911 799 2106 870 signis,
2134 811 2292 860 aatate
2321 808 2531 863 caeteris
2559 819 2853 881 praestans,
2877 831 3070 871 onmes
3098 820 3263 875 simul
3301 823 3490 879 eodem

1911 891 2056 948 inter
2090 909 2149 950 sc
2174 912 2315 952 nexu
2348 900 2772 972 copulabautur,
2802 907 2964 961 veluti
3003 923 3210 966 corona
3240 915 3490 982 quaedam

1910 993 2008 1039 aut
2046 995 2270 1058 torques
2297 1000 2350 1046 ct
2388 994 2589 1050 monile
2627 995 2834 1052 circum
2869 1001 3069 1056 collum
3115 1006 3493 1075 magnitudine

1911 1081 2136 1151 paribus
2168 1084 2407 1154 undique
2455 1091 2768 1159 margaritis
2812 1091 3042 1162 digestis
3095 1107 3259 1168 atque
3290 1099 3491 1154 distin-

1907 1171 2011 1226 ctis
2063 1171 2314 1244 insigne:
2351 1177 2488 1233 tales
2536 1188 2696 1234 erant
2733 1186 2934 1252 sancti,
2980 1187 3072 1256 qui
3107 1197 3160 1243 et
3190 1205 3288 1259 per
3326 1191 3488 1245 ﬁdem

1909 1262 2070 1331 uniti,
2103 1272 2157 1319 et
2186 1281 2283 1336 per
2312 1267 2526 1323 vincula
2555 1272 2699 1328 inter
2724 1289 2784 1329 se
2815 1279 3104 1333 constricti
3131 1289 3309 1336 erant.
3347 1281 3485 1336 Cum

1905 1355 2050 1409 enim
2092 1359 2472 1430 unusquisque
2502 1377 2599 1430 per
2630 1379 2691 1420 se
2733 1366 2946 1435 pulchri
2993 1379 3202 1436 essent,
3238 1374 3488 1430 accessio

1905 1453 2071 1517 atque
2137 1448 2537 1506 incrementum
2622 1455 3050 1524 pulchritudinis
3132 1462 3270 1518 alter
3326 1465 3485 1520 alteri

1901 1545 2080 1590 erant.
2113 1535 2284 1604 Quale
2314 1540 2369 1594 iu
2402 1540 2726 1598 cmlcstibus
2775 1546 2979 1602 accidit
3017 1551 3318 1615 miraculis,
3355 1569 3481 1608 cum

1903 1642 2098 1684 serena
2151 1645 2216 1686 ac
2273 1647 2410 1701 pura
2460 1643 2622 1689 nocte
2666 1637 2946 1693 stellarum
2995 1642 3163 1697 decor
3217 1645 3358 1699 alius
3390 1662 3484 1716 ρυε-

1902 1719 2068 1775 alium
2108 1721 2469 1794 distinguitur
2513 1734 2569 1782 et
2615 1739 2868 1792 ornatur,
2932 1748 3259 1804 unaquaque
3292 1752 3481 1792 carum

1901 1831 2060 1871 suum
2111 1817 2461 1886 splendorem
2521 1818 2588 1873 ad
2633 1835 2983 1878 communem
3041 1835 3294 1881 ornatum
3356 1829 3482 1884 ραιιί

1899 1906 2064 1962 simul
2094 1909 2478 1966 contribuente
2510 1929 2523 1965 :
2562 1913 2670 1968 tale
2697 1921 2814 1968 erat
2842 1924 3159 1969 sanctorum
3193 1931 3476 1987 spectaru-

1899 1996 2033 2063 lum,
2080 2013 2229 2061 vere,
2278 2006 2340 2052 ut
2392 2001 2596 2055 alicubi
2645 2003 2824 2072 inquit
2856 2003 3105 2059 Ezechiel
3153 2009 3481 2077 propheta",

1893 2086 2038 2169 yisio
2079 2087 2394 2158 lampadum
2432 2091 2888 2148 discurrentium.
2920 2093 3200 2150 Lttbcnlct‘
3247 2099 3482 2168 pulchri-

1897 2179 2077 2234 tudini
2127 2180 2317 2237 forma:
2369 2190 2424 2238 ct
2475 2185 2654 2240 aetatis
2707 2187 2886 2242 oratio
2943 2187 3290 2244 immoratur.
3334 2190 3486 2245 Solet

1895 2271 2065 2334 enim,
2122 2281 2180 2326 ut
2231 2273 2410 2344 inquit
2457 2274 2740 2347 Sapientia
2761 2279 2802 2340 °,
2845 2294 2909 2334 ex
2953 2280 3328 2349 magnitudine
3357 2284 3482 2352 pul-

1895 2362 2231 2420 chritudinis
2284 2373 2664 2422 creaturarum
2714 2368 2882 2424 etiam
2912 2384 2975 2424 ea
3013 2385 3134 2440 qua:
3163 2379 3250 2426 est
3302 2372 3355 2426 in
3389 2388 3482 2426 oe-

1898 2454 2068 2528 Culto,
2121 2455 2474 2524 pulchritudo
2525 2458 2810 2525 testimari,
2869 2461 3129 2530 quoniam
3181 2469 3236 2517 et
3309 2463 3478 2516 animi

1893 2546 2109 2616 puritas
2141 2562 2236 2617 per
2282 2547 2335 2602 id
2368 2549 2514 2619 quod
2551 2551 2872 2620 apparebat,
2906 2551 3292 2607 eluceSCebat:
3338 2561 3394 2609 et
3431 2554 3479 2610 is

1892 2637 1986 2709 qui
2013 2639 2309 2709 apparebat
2340 2640 2526 2707 homo,
2563 2643 2787 2713 dignum
2825 2643 3164 2705 domicilium
3212 2644 3330 2700 erat
3359 2647 3479 2716 ejus

1890 2730 1984 2802 qui
2031 2732 2253 2796 latebat,
2303 2740 2356 2786 et
2403 2733 2584 2787 visum
2632 2734 2946 2805 eﬂugicbat.
2983 2735 3156 2802 Quam
3192 2738 3480 2806 pulchrum

1891 2824 2056 2893 igitur
2070 2831 2202 2878 tunc
2220 2825 2568 2881 intuentibus
2585 2836 2704 2881 erat
2719 2827 3096 2896 spectaculum
3118 2828 3140 2882 ?
3160 2830 3473 2898 pulchrutn,

1890 2916 2131 2987 inquam,
2162 2916 2232 2972 iis
2278 2917 2372 2988 qui
2408 2918 2632 2988 pulchra
2689 2929 2856 2989 atque
2907 2919 3171 2996 praeclara
3227 2923 3476 2977 contueri

1891 3010 2106 3077 volunt,
2139 3011 2432 3080 pulchrum
2464 3012 2696 3081 angelis,
2748 3011 3037 3079 pulchrum
3077 3012 3480 3080 supramuntla-

1893 3102 1982 3158 nis
2012 3103 2342 3170 virtutibus;
2377 3103 2638 3158 acerbum
2672 3119 2802 3159 vero
2840 3103 3199 3170 dannonibns,
3237 3113 3290 3158 ct
3313 3112 3477 3173 quot~

1893 3202 2028 3264 quot
2072 3193 2386 3249 daemonum
2433 3195 2641 3250 cultum
2673 3194 3169 3264 amplectebantur,
3227 3196 3477 3251 homines

1893 3286 1970 3358 (si
2010 3285 2174 3341 modo
2221 3285 2474 3342 homines
2505 3285 2747 3346 dicendi,
2777 3286 2869 3354 qui
2899 3295 3050 3339 tanta
3097 3287 3476 3356 magnitudine

1892 3377 2096 3434 indolis
2143 3376 2574 3442 excelluerunt),
2621 3377 2822 3432 milites
2858 3376 3087 3440 Christi,
3130 3377 3306 3432 sancti
3351 3377 3477 3448 Spi~

1891 3469 2030 3524 ritus
2085 3466 2363 3538 armigeri,
2428 3466 2552 3524 ﬁdei
2602 3467 2972 3538 antesignani,
3043 3477 3222 3523 turres
3274 3469 3476 3524 divina:

1891 3559 2153 3625 civitatis,
2198 3559 2291 3630 qui
2331 3573 2550 3615 onmem
2599 3567 3005 3614 tormentorum
3051 3573 3269 3630 pmnatu
3310 3567 3476 3630 atque

1889 3652 2302 3718 contumeliam,
2352 3667 2545 3708 omnes
2588 3660 2829 3707 terrores
2879 3651 3219 3723 ingruentes,
3256 3667 3474 3707 omnem

1890 3747 2159 3801 minarum
2197 3745 2326 3813 vim,
2355 3755 2614 3816 tanquam
2655 3744 2915 3814 puerilem
2959 3745 3248 3814 quamdam
3287 3760 3475 3797 amen-

1889 3839 2020 3894 tiam
2047 3837 2391 3894 deridebant.
2447 3837 2678 3893 Perinde
2708 3851 2774 3891 ac
2821 3837 2866 3891 si
2901 3851 3008 3891 non
3037 3851 3268 3904 corpora
3291 3835 3476 3890 verbe-

1890 3931 2049 3988 ribus
2081 3931 2407 4001 prtcbcrent,
2439 3927 2535 3985 sed
2569 3943 2863 3997 corporum
2910 3929 3171 3983 umbras:
3223 3928 3316 3998 qui
3349 3944 3472 3983 cum

1888 4037 2056 4079 carne
2084 4035 2306 4077 carnem
2352 4019 2711 4083 devicissent,
2759 4026 2813 4072 et
2841 4025 3215 4089 contemptum
3256 4019 3470 4082 mortis,

1887 4130 2081 4170 omnes
2137 4122 2500 4184 tyrannorum
2567 4120 2809 4165 terrores
2869 4109 3247 4179 magnitudine
3304 4110 3470 4163 animi

1887 4215 2265 4278 superassent,
2321 4206 2560 4259 humana
2627 4203 2945 4259 conditione
2999 4205 3315 4272 superiores
3369 4200 3469 4255 visi

1887 4305 2036 4356 sunt.
2067 4295 2113 4354 Ο
2140 4297 2234 4369 qui
2267 4295 2534 4367 praeclare
2567 4292 2850 4350 exercitati
2894 4300 3043 4357 sunt,
3090 4291 3184 4361 qui
3217 4291 3470 4360 peritiam

1887 4390 2126 4447 bellandi
2186 4390 2241 4444 in
2283 4389 2456 4444 aciem
2509 4386 2776 4441 adversus
2815 4383 3094 4440 diabolum
3147 4385 3469 4438 instructam

202 4473 339 4526 Θεοῦ
368 4473 670 4527 πανοπλίαν
707 4474 1066 4538 ἀναλαϐόντες
1087 4515 1101 4538 ,
1139 4475 1207 4546 ἢν
1233 4475 1521 4546 διαγράφει
1556 4475 1585 4528 6
1615 4492 1782 4546 στρα-

1896 4477 2323 4534 transtuleruntl
2373 4490 2480 4531 non
2511 4473 2692 4544 gladio
2723 4489 2918 4528 manus
2955 4480 3257 4536 armantes,
3295 4488 3472 4543 neque

198 4563 372 4633 τηγδς
400 4564 499 4632 τῆς
552 4565 894 4636 Ἐκκλησίας,
941 4565 970 4618 6
1008 4563 1148 4628 θεῖος
1196 4566 1537 4630 Ἀπόστολος,
1567 4565 1782 4637 θυρεὸν,

201 4655 300 4707 καὶ
321 4653 568 4726 θώρακα,
592 4657 685 4710 καὶ
706 4655 1256 4728 περικεφαλαίαν,καὶ
1284 4656 1580 4728 μάχαιρανο
1604 4656 1779 4720 οὕτως

200 4744 448 4815 ἐχώρουν
487 4747 626 4800 κατά
665 4747 763 4817 τῆς
794 4746 1042 4808 ἐναντίας
1073 4747 1374 4818 δυνάμεως.
1426 4748 1780 4820 Ἐστρατὴγει

198 4835 260 4890 δὲ
293 4836 497 4889 τούτων
529 4839 625 4907 μὲν
653 4841 686 4909 ἡ
713 4839 938 4910 οὐρανία
967 4840 1146 4910 χάρις’
1185 4840 1283 4910 τῆς
1315 4839 1372 4892 δὲ
1407 4839 1501 4894 τοῦ
1533 4840 1779 4894 διαϐόλου

199 4927 589 4998 παρατάξεως,
620 4928 648 4979 6
669 4928 806 4998 ἔχων
828 4927 920 4980 τοῦ
947 4927 1176 4981 θανάτου
1197 4929 1256 4981 τὸ
1277 4929 1495 5000 κράτος.
1525 4929 1700 4992 Τόπος
1725 4929 1781 4983 δὲ

195 5022 304 5090 τῆς
337 5021 690 5089 παρατάξεως
717 5019 920 5085 αὑτοῖς,
948 5020 1010 5072 τὸ
1037 5019 1145 5072 τῶν
1190 5020 1488 5090 μιαιφόνων
1523 5020 1781 5091 δικαστή-

199 5128 321 5182 ριον
351 5104 441 5180 ἦν·
477 5111 535 5162 ὲν
569 5110 762 5180 ἐκείνῳ
807 5108 1101 5189 συστάντες
1137 5108 1518 5180 διηγωνίζοντο
1543 5149 1557 5174 ,
1589 5111 1639 5163 oi
1682 5111 1782 5180 μὲν

198 5201 458 5264 ἀπειλαῖς
494 5201 1002 5273 ἀκροϐολιζόμενοι,
1044 5201 1094 5254 oi
1127 5201 1184 5254 δὲ
1224 5201 1314 5254 διά
1359 5204 1458 5273 τῆς
1505 5201 1783 5274 ὑπομονῆς

199 5295 231 5346 ἁ
237 5294 383 5364 μυνό
389 5311 560 5364 μενοι.

1891 4567 2145 4638 clypeum
2202 4566 2440 4637 ligneum
2471 4563 2818 4634 obiicientes,
2871 4577 3052 4632 neque
3099 4577 3240 4617 terea
3294 4563 3468 4631 galea,

1887 4658 2178 4728 ocreisque
2210 4657 2429 4719 muniti,
2467 4656 2563 4712 sed
2621 4663 2959 4710 armaturam
3011 4653 3101 4709 Dei
3154 4662 3468 4709 sumentes:

1887 4764 2054 4820 quam
2085 4757 2287 4820 pra'tor
2317 4756 2372 4804 et
2401 4747 2510 4803 dux
2541 4747 2824 4814 Ecclesiae,
2857 4746 3078 4802 divinus
3111 4747 3199 4802 ille
3234 4748 3470 4816 Aposto-

1887 4839 1976 4897 lus
2001 4840 2264 4897 describit
2281 4841 2323 4904 ⁷,
2348 4849 2562 4895 scutum
2580 4847 2636 4894 et
2661 4839 2912 4901 loricam,
2949 4847 3002 4892 et
3029 4837 3260 4905 galeam,
3283 4845 3335 4890 et
3356 4837 3471 4906 gla-

1887 4929 2062 4996 dium,
2109 4930 2182 4983 ita
2231 4927 2530 4984 tendebant
2575 4927 2841 4980 adversus
2890 4925 3078 4995 copias
3123 4924 3468 4980 adversario-

1885 5036 2028 5077 rum.
2090 5020 2208 5075 Dux
2263 5029 2444 5076 autem
2517 5028 2635 5074 erat
2688 5017 2882 5071 horum
2959 5015 3180 5086 quidem
3228 5016 3469 5070 cu-lestis

1887 5112 2085 5184 gratia,
2115 5109 2316 5165 diaboli
2349 5121 2530 5165 autem
2561 5107 2722 5171 aciei,
2759 5107 2807 5162 is
2829 5107 2919 5176 qui
2953 5106 3146 5161 mortis
3179 5105 3467 5173 imperium

1887 5211 2059 5260 tenet.
2092 5201 2271 5258 Locus
2297 5201 2379 5257 eis
2426 5201 2585 5265 aciei,
2631 5199 2967 5255 nefariorum
3001 5206 3055 5252 et
3082 5197 3465 5266 sanguinariu-

1890 5313 2010 5352 rum
2044 5295 2287 5352 tribunal
2315 5303 2436 5350 erat
2462 5313 2475 5348 :
2527 5295 2640 5348 illic
2666 5291 2948 5364 congressi
2977 5290 3353 5350 decertabant,
3390 5288 3467 5341 illi

198 5385 425 5454 quidem
477 5385 636 5441 minis
683 5400 916 5456 pugnam
966 5385 1346 5440 lacessentes:
1391 5384 1444 5438 hi
1495 5400 1625 5440 vero
1671 5402 1769 5456 per
1819 5387 2136 5459 patientiam
2195 5387 2579 5457 propulsantes
2633 5393 2688 5440 ct
2739 5384 3076 5438 resistentes.

271 5479 550 5550 Πρότασις
589 5474 658 5548 ἧν
710 5477 862 5549 παρά
903 5477 1013 5530 τῶν
1058 5477 1411 5541 ὑπεναντίων,
1450 5477 1781 5547 ἐξόμνυσθαι

201 5572 295 5641 τὴν
328 5571 412 5634 είς
459 5569 552 5623 τὸν
592 5569 796 5641 Κύριον
843 5568 1046 5632 πίστιν,
1089 5567 1122 5637 ἢ
1165 5566 1492 5638 ζημιοῦσθαι
1541 5569 1777 5640 θανάτῳ.

1956 5479 2371 5550 Proponcbatur
2419 5479 2488 5533 ab
2541 5476 2895 5540 adversariis,
2950 5484 3009 5530 ut
3063 5476 3145 5529 vel
3207 5472 3365 5526 tidem
3410 5471 3462 5526 in

1889 5571 2181 5627 Dominttm
2240 5571 2580 5642 abjurarent,
2633 5569 2717 5625 vel
2765 5576 2940 5625 morte
2970 5568 3378 5631 multarentur;
3408 5573 3463 5618 et

275 5752 292 5780 '
343 5747 542 5802 Etet-lt.
584 5764 621 5814 ι,
672 5749 750 5803 l5.
831 5751 849 5780 ⁸
888 5746 1013 5818 Sap.
1059 5763 1176 5815 xm,
1339 5748 1358 5780 ⁷
1391 5746 1588 5818 Ephes.
1622 5764 1692 5815 vt,
1725 5749 1782 5803 ll
1824 5765 1944 5823 sqq.
