3918 6204
438 299 542 358 765
1669 297 1727 352 S.
1754 292 2081 352 GREGORII
2105 293 2398 352 NYSSEN
3576 283 3676 337 ποι

431 415 864 487 respondebatur
910 429 940 469 a
979 413 1114 472 viris
1159 415 1410 480 fortibus,
1462 430 1521 470 se
1562 414 1698 470 velle
1731 429 1905 484 usque
1935 413 1993 467 ad

2115 413 2430 486 Ἀπόκρισις
2450 411 2600 484 παρὰ
2625 409 2733 464 τῶν
2756 404 3040 508 ἀριστέων,
3061 404 3224 508 μέχρι
3246 398 3479 508 θανάτου
3499 410 3678 508 παρα.

429 516 659 563 mortem
707 522 1025 578 permanere
1059 507 1115 563 in
1149 523 1423 564 sermone.
1467 507 1613 578 Ignis
1641 506 1744 564 sub
1779 506 1893 560 haec
1922 505 1993 559 in-

2110 506 2294 578 μένειν
2331 505 2408 576 τῷ
2443 504 2606 575 λόγῳ.
2637 502 2757 574 Πῦρ
2785 499 2878 554 επὶ
2911 497 3119 560 τούτοις
3150 493 3434 566 ἠπείλητο,
3465 490 3556 544 καὶ
3590 492 3677 558 ξί-

429 598 776 662 tendebatur,
802 603 856 651 et
888 596 1105 667 gladius
1133 604 1188 652 et
1216 596 1558 659 barathrum,
1591 602 1646 649 et
1667 609 1993 665 quaecunque

2105 613 2232 664 φος,
2258 595 2352 649 καὶ
2381 594 2672 667 βάραθρον,
2725 591 2822 645 καὶ
2852 590 2955 643 ὅσα
2980 587 3114 643 ἄλλα
3153 585 3265 638 τῶν
3303 583 3678 689 κολαστηρίων

428 697 557 742 sunt
599 689 704 742 alia
737 688 959 742 nomina
1018 688 1434 760 suppliciorum.
1474 685 1590 743 Una
1637 702 1741 742 vox
1771 686 1838 740 ad
1890 688 1993 742 haec

2101 687 2360 759 ὀνόματα.
2395 686 2509 741 Μία
2534 683 2686 756 φωνὴ
2716 681 2854 754 πρὸς
2880 679 3054 734 ταῦτα
3075 677 3250 732 πάντα
3269 674 3524 780 ηκούετο,
3541 674 3678 780 ⁸ὶξρι-

427 779 612 833 omnia
659 778 1008 845 audiebatur,
1046 779 1323 846 Christus,
1373 795 1534 850 quem
1573 793 1668 834 ore
1701 779 1874 834 sancti
1922 780 1993 834 illi

2103 780 2225 844 στὸς
2243 781 2300 833 ὲν
2320 781 2433 845 τοῖς
2458 778 2688 849 στόμασι
2719 776 2829 830 τῶν
2854 773 3024 843 ἁγίων
3049 768 3308 840 ὁμολογού
3316 783 3498 839 μενος.
3527 767 3674 835 Αὕτη

426 855 852 940 conﬁtebantur.
923 871 1036 928 Hoc
1093 881 1214 928 erat
1273 871 1712 928 adversariorum
1777 873 1998 934 vulnus,

429 960 572 1014 hanc
623 961 904 1032 cuspidem
956 960 1286 1018 adversariis
1333 961 1684 1032 objiciebant,
1728 975 1825 1031 per
1858 961 2001 1016 hanc

428 1064 618 1103 vocem
655 1050 708 1103 in
746 1050 926 1105 medio
951 1049 1117 1106 corde
1141 1051 1340 1106 vulnus
1374 1050 1724 1107 adversarius
1765 1050 1996 1120 accepit,

427 1141 518 1194 hic
548 1149 636 1195 est
671 1142 830 1211 lapis,
871 1143 961 1210 qui
996 1157 1092 1212 per
1122 1156 1341 1196 manuni
1371 1142 1590 1199 Davidis
1636 1142 1802 1198 funda
1840 1143 2001 1199 emit-

427 1233 665 1297 tebatnr,
690 1233 784 1303 qui
814 1249 841 1286 a
867 1235 1017 1305 galea
1047 1235 1371 1300 adversarii,
1402 1250 1511 1306 quo
1531 1235 1838 1293 destinatus
1858 1245 1996 1301 eral,

428 1339 536 1376 non
567 1324 860 1379 aberravit.
895 1325 1029 1380 Nam
1062 1327 1267 1384 Christi
1308 1327 1603 1395 confessio,
1640 1327 1765 1384 boni
1809 1329 1998 1384 militis

427 1415 592 1469 funda
631 1417 890 1472 exsistit:
934 1418 1084 1474 cadit
1117 1419 1396 1487 inimicus,
1445 1429 1500 1477 et
1528 1429 1693 1490 caput
1724 1420 1931 1475 amittit
1952 1420 1994 1475 ⁸.

427 1505 628 1561 Verum
669 1510 828 1578 quasi
879 1509 1106 1566 habenis
1156 1511 1406 1568 excussis
1438 1512 1614 1566 oratio
1650 1513 1996 1581 prtelerlapsa

423 1607 529 1662 est,
581 1607 636 1655 et
673 1601 939 1657 terminos
990 1603 1270 1668 transiliit,
1329 1613 1383 1658 et
1411 1603 1479 1657 ad
1520 1602 1832 1657 audendum
1887 1616 1995 1656 non

423 1691 652 1746 dicenda
689 1693 934 1763 proferre
967 1695 1304 1764 provehitur,
1352 1695 1510 1764 quasi
1550 1693 1846 1764 spectatrix
1879 1692 1998 1747 fue-

2097 866 2166 943 ἦν
2193 874 2226 943 ἡ
2258 871 2366 924 τῶν
2396 869 2654 924 ἐναντίων
2690 867 2897 938 πληγή.
2927 863 3145 932 Ταύτην
3187 859 3501 931 προέτεινον
3535 857 3674 910 κατά

2097 961 2191 1014 τοῦ
2223 959 2417 1032 ἐχθροῦ
2443 959 2543 1032 τὴν
2563 958 2787 1030 αἰχμήν.
2819 956 2918 1009 Διά
2938 952 3144 1023 ταύτης
3168 951 3266 1022 τῆς
3289 949 3474 1020 φωνῆς
3503 947 3674 1018 μέσην

2099 1052 2312 1125 ἐτρώθη
2351 1051 2450 1124 τὴν
2479 1050 2706 1124 καρδίαν
2739 1050 2768 1102 6
2814 1044 3233 1115 ’Δντικείμενος.
3257 1033 3425 1103 Οὗτος
3463 1041 3493 1114 6
3531 1038 3674 1102 λίθος

2100 1145 2248 1199 ἐστὶν
2279 1146 2307 1198 ό
2335 1144 2392 1198 ὲν
2415 1146 2481 1215 τῇ
2515 1141 2663 1214 χειρὶ
2703 1138 2799 1194 τοῦ
2828 1137 2994 1192 Δαὸὶδ
3024 1134 3499 1206 σφενδονούμενος,
3527 1131 3556 1184 6
3581 1147 3673 1182 τυ-

2097 1232 2208 1304 χὼν
2232 1234 2329 1305 τῆς
2349 1230 2776 1306 περικεφαλαίας
2795 1227 2888 1282 τοῦ
2921 1222 3343 1296 Ἀντικειμένου.
3365 1221 3434 1274 Ἠ
3450 1220 3560 1291 γάρ
3578 1217 3671 1272 τοῦ

2098 1324 2336 1397 Χριστοῦ
2368 1325 2644 1394 ὁμολογία,
2675 1322 2931 1395 σφενδόνη
2955 1317 3162 1388 γίνεται
3191 1313 3284 1368 τοῦ
3311 1311 3479 1366 καλοῦ
3513 1326 3676 1379 στρα-

2096 1415 2312 1471 τιώτου.
2332 1418 2526 1471 Πίπτει
2548 1418 2578 1470 ὁ
2612 1415 2854 1486 Ἐχθρὸς,
2869 1411 2962 1467 καὶ
2982 1407 3250 1478 ἀκέφαλος
3265 1404 3496 1474 γίνεται.
3511 1399 3676 1453 Ἀλλά

2099 1503 2412 1576 παρηνέχθη
2450 1504 2756 1574 ἀφηνιάσας
2786 1504 2815 1556 6
2859 1499 3036 1568 λόγος,
3078 1497 3174 1552 καὶ
3202 1494 3345 1565 ὑπὲρ
3368 1493 3498 1554 τοὺς
3515 1492 3675 1560 ὅρους

2097 1595 2397 1661 ἐξάλλεται,
2436 1596 2531 1649 καὶ
2558 1595 2666 1649 τῶν
2698 1594 2952 1666 ἀρρήτων
2979 1587 3294 1656 κατατολμᾷ
3316 1624 3332 1648 ,
3367 1583 3465 1637 καὶ
3493 1581 3676 1650 λέγειν

2099 1687 2423 1758 προάγεται,
2453 1687 2527 1752 ὼς
2545 1685 2809 1759 παρείθεα
2824 1685 2920 1755 τῆς
2945 1683 3056 1737 τῶν
3088 1679 3335 1752 ἀοράτων
3359 1675 3673 1745 γενόμενος,

423 1783 497 1835 rit
545 1798 734 1839 carum
784 1800 967 1840 rerum
1020 1801 1139 1855 qua:
1172 1786 1349 1841 visum
1397 1785 1685 1856 effugiunt,
1726 1785 1872 1855 quod
1921 1784 1992 1841 ob

2100 1756 2182 1831 ὅτι
2211 1777 2304 1830 ἐπὶ
2327 1779 2393 1848 τῇ
2423 1756 2646 1848 τοιαύτη
2673 1777 2822 1844 φωνῇ
2845 1776 2912 1844 τῇ
2935 1772 3027 1827 τὸν
3054 1767 3287 1842 Χριστὸν
3313 1768 3370 1819 ἐν
3394 1762 3677 1856 παρρησία

422 1873 694 1938 ejusmodi
716 1890 925 1940 vocem,
960 1892 1083 1946 qua:
1098 1876 1374 1933 Christum
1405 1878 1576 1934 libere
1607 1879 1990 1944 conﬁtebatur,

421 1982 588 2036 supra
620 1967 844 2037 plausus
883 1977 1004 2024 erat
1042 1977 1097 2024 et
1128 1971 1246 2027 laus
1280 1985 1310 2024 a
1345 1971 1553 2028 sanctis
1597 1972 1827 2042 angelis,
1863 1973 1994 2028 item

422 2058 752 2112 acclamatio
783 2059 962 2115 fausta
995 2061 1237 2117 caelestis
1263 2061 1415 2118 urbis
1443 2062 1643 2117 civium
1663 2064 2014 2135 applauden:

421 2147 557 2201 tium
589 2149 666 2204 rei
695 2149 831 2206 bene
859 2161 1044 2220 gestze,
1083 2153 1150 2207 ad
1183 2153 1297 2208 [nec
1323 2155 1578 2224 gaudium
1611 2156 1850 2212 universi
1883 2171 1996 2211 cm-

421 2240 576 2298 lestis
631 2253 958 2300 conventus.
1019 2246 1190 2312 Quale
1242 2247 1388 2303 enim
1424 2249 1634 2318 angelis
1679 2249 1734 2303 in
1791 2249 1996 2305 mundo

421 2333 702 2389 hominum
737 2335 1027 2391 conﬂatum
1062 2347 1146 2394 est
1172 2340 1588 2410 spectaculum?
1613 2343 1828 2412 qualem
1863 2358 1997 2397 con-

419 2427 629 2481 ﬂictum
665 2429 865 2484 diaboli
907 2439 961 2485 et
998 2431 1276 2487 hominum
1316 2435 1570 2490 viderunt
1619 2442 1824 2492 nostra:
1870 2437 1996 2496 vitae

422 2522 806 2587 spectatores?
835 2514 1009 2588 Quam
1063 2526 1400 2581 contrarium
1431 2526 1600 2598 priori
1631 2541 1824 2596 pugna:
1861 2541 1997 2582 con-

420 2624 670 2678 gressum
701 2610 911 2674 habuit,
944 2629 1067 2669 cum
1102 2630 1330 2685 serpens
1362 2616 1628 2670 Adamum
1655 2615 1857 2671 devicit
1879 2615 1996 2673 iNe

421 2715 592 2753 unum
629 2701 848 2771 quidem
883 2702 1045 2758 homo
1075 2713 1209 2759 tunc
1256 2705 1516 2760 sustinuit
1548 2706 1811 2775 impetum
1841 2706 1993 2775 mali,

417 2805 529 2858 quo
569 2805 666 2859 per
691 2793 980 2861 quemdam
1022 2795 1330 2863 speciosum
1365 2804 1683 2865 praetextum
1714 2807 1768 2852 et
1809 2812 1992 2852 escam

420 2876 622 2945 petitus
652 2888 808 2933 erat:
843 2879 939 2935 sed
965 2880 1130 2936 simul
1154 2891 1318 2953 atque
1351 2885 1444 2940 ille
1487 2885 1669 2950 irruit,
1709 2887 1872 2942 etiam
1903 2887 1995 2943 hic

419 2969 578 3023 ruina
633 2985 857 3027 eversus
913 2980 1017 3029 est.
1076 2974 1135 3028 in
1189 2975 1273 3028 his
1306 2990 1436 3031 vero
1481 2977 1739 3034 omnibus
1779 2979 1902 3034 vani
1942 2987 1996 3034 et

420 3061 726 3118 ineﬂicaces
757 3077 912 3119 erant
933 3064 1141 3119 inimici
1169 3074 1420 3123 conatus.
1445 3067 1608 3139 Spem
1641 3070 1985 3136 ostendebat,

419 3152 476 3206 hi
506 3167 638 3207 vero
666 3155 1040 3224 respuebant:
1085 3165 1325 3215 terrores
1380 3160 1714 3229 intendebat,
1763 3163 1818 3218 hi
1860 3179 1988 3220 vero

416 3242 762 3298 deridebant.
784 3243 938 3301 Unus
955 3247 1035 3302 eis
1067 3257 1244 3305 metus
1266 3250 1418 3308 solus
1448 3260 1587 3317 erat,
1621 3269 1690 3309 ne
1715 3268 1745 3308 a
1775 3254 1994 3310 Christo

418 3334 870 3406 sejungerentur;
927 3353 1096 3392 unum
1150 3339 1375 3408 bonum,
1416 3357 1539 3398 esse
1595 3358 1717 3398 cum
1773 3344 1996 3402 Christo

417 3426 576 3494 solo;
610 3436 808 3484 cmtera
842 3445 970 3485 vero
996 3431 1201 3495 omnia,
1235 3435 1382 3490 risus
1405 3444 1459 3490 et
1481 3435 1695 3501 umbra,
1731 3452 1997 3507 nugmque

416 3524 472 3570 et
505 3518 848 3574 somniorum
878 3520 1012 3576 visis
1039 3521 1258 3578 similia.
1291 3522 1586 3595 Propterea
1612 3527 1792 3582 oratio
1825 3528 1894 3583 de
1927 3529 1996 3583 iis

415 3623 540 3676 quae
597 3618 882 3680 aspectum
936 3609 1238 3683 emugiunt,
1297 3614 1444 3685 loqui
1501 3617 1771 3682 sustinet,
1819 3628 1874 3674 et
1917 3620 1995 3673 ait

412 3700 564 3767 quod
595 3701 776 3756 omnis
803 3706 1286 3772 supramundanns
1317 3708 1592 3764 exercitus
1631 3710 1702 3765 ob
1725 3725 1839 3767 rem
1871 3727 1995 3781 qua:

413 3795 634 3862 egregie
665 3793 733 3847 ab
779 3795 1000 3850 athletis
1031 3796 1150 3853 istis
1191 3799 1504 3869 gerebatur,
1559 3801 1855 3858 laetaretur.
1885 3803 1995 3858 Ad-

415 3882 527 3936 huc
576 3882 758 3938 oratio
800 3884 855 3938 in
890 3885 1055 3940 rebus
1094 3902 1202 3941 non
1249 3890 1526 3946 tentandis
1570 3907 1694 3948 sese
1737 3892 1893 3949 effert
1939 3901 1995 3950 et

413 3976 581 4031 audet
607 3993 623 4032 :
652 3976 830 4032 adhuc
848 3981 1289 4049 supramuudana
1311 3983 1544 4040 sustinet
1571 4000 1818 4053 narrare,
1846 3988 1992 4057 quod

413 4077 544 4116 cum
581 4062 664 4117 hte
707 4079 797 4120 res
848 4065 1108 4121 nimirum
1139 4068 1228 4124 hic
1272 4084 1534 4143 prospere
1584 4084 1907 4145 gererentur
1938 4077 1993 4132 in

413 4153 672 4210 conﬂictu
703 4165 894 4211 contra
921 4157 1290 4228 adversarios,
1331 4161 1519 4232 justus
1547 4165 1864 4224 certaminis
1909 4167 1994 4222 in-

413 4248 640 4303 stitutor
696 4263 762 4304 ac
801 4265 1006 4320 prteses
1056 4267 1291 4310 coronas
1338 4255 1640 4312 victoribus
1689 4257 1993 4315 destinatas

415 4339 752 4409 proferebat,
805 4348 862 4398 et
911 4343 1212 4414 imperator
1239 4345 1411 4400 divini
1441 4349 1719 4404 exercitus
1770 4349 1989 4419 praemia

2101 1867 2467 1940 ὁμολογούσῃ,
2507 1865 2700 1938 κρότος
2747 1865 2846 1937 μὲν
2878 1861 2945 1935 ἦν
2975 1862 3086 1917 ἀνω
3130 1859 3225 1914 καὶ
3251 1858 3471 1918 ἔπαινος
3525 1853 3672 1925 παρά

2100 1959 2210 2013 τῶν
2255 1958 2424 2027 ἁγίων
2466 1956 2732 2026 ἀγγέλων,
2764 1953 3009 2025 εὐφημία
3056 1951 3114 2006 δὲ
3155 1950 3262 2004 τῶν
3303 1946 3545 2001 πολιτῶν
3577 1947 3669 2015 τῆς

2101 2051 2358 2124 οὐρανίας
2403 2048 2611 2112 πόλεως
2665 2044 3096 2119 ἐπικροτούντων
3139 2042 3220 2114 τῷ
3251 2037 3665 2112 κατορθώματι,

2100 2142 2246 2215 χαρά
2279 2141 2336 2195 δὲ
2366 2141 2546 2212 πάσης
2561 2139 2660 2210 τῆς
2682 2140 2738 2192 ὲν
2758 2136 2972 2210 ούρανῷ
2998 2133 3376 2207 πανηγύρεως.
3409 2125 3538 2185 Οῖον
3565 2129 3664 2199 γὰρ

2102 2235 2330 2306 συνέστη
2360 2234 2482 2288 τότε
2508 2235 2620 2297 τοῖς
2649 2232 2898 2301 ἀγγέλοις
2925 2231 2982 2285 ὲν
3002 2228 3080 2300 τῷ
3105 2227 3293 2298 κόσμῳ
3321 2223 3427 2279 τῶν
3459 2220 3667 2293 ἀνθρώ-

2102 2343 2220 2382 πων
2250 2327 2311 2381 τὸ
2339 2326 2591 2398 θέατρον1
2623 2324 2738 2379 οἵαν
2771 2318 2910 2377 εἶδον
2941 2319 3259 2393 συμπλοκὴν
3287 2316 3392 2370 -τοῦ
3421 2314 3668 2370 διαϐόλου

2101 2419 2330 2474 καὶτῶν
2365 2418 2687 2488 ἀνθρώπων,
2725 2417 2774 2469 οἱ
2808 2414 2997 2468 θεαταὶ
3028 2413 3126 2483 τῆς
3165 2408 3445 2483 ἡμετέρας
3488 2405 3664 2476 ζωῆςί

2110 2513 2200 2577 Ὦς
2228 2511 2546 2566 ἀπεναντίον
2574 2513 2640 2581 τῇ
2671 2506 2861 2581 πρώτῃ
2892 2506 3039 2578 πάλῃ
3081 2503 3180 2575 τὴν
3214 2501 3469 2556 σύστασιν
3492 2499 3665 2569 ἔσχεν,

2099 2607 2189 2660 ὅτε
2215 2606 2244 2658 6
2263 2605 2386 2676 ὄφις
2403 2604 2495 2657 τὸν
2534 2602 2705 2674 ’Δδάμ
2725 2600 3124 2656 κατεπάλαισεν
3147 2599 3162 2652 1
3193 2597 3309 2651 Ούκ
3328 2595 3527 2666 ἧνεγκε
3548 2593 3670 2646 τότε

2101 2696 2382 2768 ἄνθρωπος
2413 2695 2543 2766 μίαν
2568 2693 2663 2748 τοῦ
2691 2690 2936 2765 Πονηροῢ
2963 2689 3281 2761 προσϐολὴν,
3306 2686 3396 2740 διά
3413 2703 3558 2750 τινος
3583 2686 3672 2738 εύ-

2100 2788 2290 2861 χροίας
2339 2789 2434 2842 καὶ
2490 2787 2852 2858 δελεάσματος
2893 2783 3042 2854 αύτῷ
3089 2780 3522 2853 προσαχθεῖσαν·
3557 2776 3670 2832 ἀλλ’

2099 2880 2234 2953 όμοῦ
2284 2898 2344 2934 τε
2390 2879 2718 2952 προσέπεσε,
2769 2878 2863 2932 καὶ
2909 2875 3189 2946 ἀνετράπη
3264 2872 3344 2942 τῷ
3397 2869 3672 2941 πτώματι.

2077 3036 2090 3047 ο
2113 2973 2239 3028 Ἐπὶ
2264 2971 2467 3026 τούτων
2514 2971 2572 3025 δὲ
2609 2970 2826 3024 πάντων
2873 2965 2942 3042 ἦν
2971 2967 3118 3041 ἀργά
3161 2966 3255 3020 καὶ
3286 2964 3548 3036 ἄπρακτα
3578 2961 3676 3015 τοῦ

2114 3068 2341 3140 Ἐχθροῦ
2370 3067 2440 3122 τά
2466 3066 2840 3135 παλαίσματα.
2879 3062 3131 3127 Ἐλπίδας
3164 3059 3496 3132 προέτεινεν,
3528 3057 3579 3110 οί
3616 3055 3679 3108 δὲ

2098 3157 2453 3214 κατεπάτουν·
2495 3155 2690 3226 φόϐους
2721 3153 2936 3225 ἠπείλει
2959 3193 2975 3220 ,
3005 3153 3055 3206 οί
3086 3151 3144 3207 δὲ
3186 3149 3518 3220 κατεγέλων.
3576 3147 3679 3202 Ἐν

2098 3251 2326 3324 φοϐερὸν
2346 3245 2413 3321 ἦν
2445 3249 2600 3320 μόνον
2627 3249 2830 3311 αὐτοῖς,
2857 3246 2919 3299 τὸ
2937 3244 3030 3298 τοῦ
3056 3241 3291 3314 Χριστοῦ
3315 3241 3676 3314 χωρισθῆναιο

2098 3344 2155 3398 ἓν
2182 3342 2402 3411 ἀγαθὸν,
2437 3341 2498 3395 τὸ
2530 3339 2667 3411 μετά
2690 3337 2927 3412 Χριστοῦ
2957 3333 3094 3391 εῖναι
3125 3336 3305 3408 μόνου·
3350 3333 3422 3388 τά
3447 3333 3505 3387 δὲ
3537 3333 3686 3387 ἄλλα

2097 3436 2296 3501 πάντα,
2330 3433 2505 3501 γέλως
2546 3433 2641 3486 καὶ
2675 3430 2823 3494 σκιὰ,
2861 3429 2957 3484 καὶ
3002 3427 3238 3498 φλυαρία
3281 3426 3378 3480 καὶ
3412 3422 3687 3497 ὀνειρώδη

2097 3526 2481 3599 φαντάσματα.
2526 3524 2625 3580 Διά
2664 3523 2838 3577 ταῦτα
2882 3519 3197 3591 κατατολμᾷ
3225 3516 3330 3572 τῶν
3361 3515 3615 3569 ἀθεάτων
3655 3516 3690 3568 6

2095 3619 2286 3689 λόγος,
2334 3617 2428 3672 καί
2460 3633 2623 3688 φησιν
2664 3611 3064 3684 ὲπαγάλλεσθαι
3100 3612 3273 3664 πᾶσαν
3295 3607 3393 3677 τὴν
3423 3605 3691 3675 ὑπερκό-

2097 3728 2256 3782 σμιον
2284 3709 2512 3780 δύναμιν
2543 3706 2622 3778 τῷ
2659 3705 2766 3760 τῶν
2807 3703 3058 3776 ἀθλητῶν
3095 3697 3496 3772 κατορθώματι.
3543 3697 3692 3748 Ἔτι

2094 3803 2122 3856 6
2165 3801 2321 3870 λόγος
2363 3799 2504 3854 κατά
2530 3797 2638 3852 τῶν
2669 3796 2988 3868 ἀτολμήτων
3013 3791 3351 3866 θρασύνεταν
3379 3788 3460 3841 ἔτι
3492 3787 3695 3859 τολμᾷ.

2094 3888 2396 3960 διηγεῖσθαι
2425 3888 2494 3942 τά
2520 3886 2887 3960 ύπερκόσμια,
2921 3885 3003 3938 ὅτι
3034 3882 3240 3937 τούτων
3272 3878 3506 3934 ἐνταῦθα
3536 3896 3690 3932 κατ-

2095 3980 2462 4053 ορθουμένων,
2493 3980 2551 4032 ὲν
2595 3982 2664 4050 τῇ
2700 3977 2833 4050 πρὸς
2859 3977 2985 4039 τοὺς
3029 3974 3301 4036 ἐναντίους
3326 3971 3634 4042 συμπλοκῇ
3663 3970 3695 4024 6

2094 4075 2298 4138 δίκαιος
2323 4072 2662 4143 ἀγωνοθέτης
2689 4072 2815 4136 τοὺς
2845 4072 2938 4126 ἐπὶ
2961 4071 3028 4142 τῇ
3057 4070 3184 4142 νίκῃ
3215 4067 3520 4136 στεφάνους
3549 4083 3692 4138 προ-

2096 4166 2320 4230 έτεινεν,
2365 4162 2461 4217 καὶ
2501 4163 2530 4216 6
2576 4160 3010 4232 ἀρχιστράτηγος
3059 4158 3158 4229 τῆς
3191 4157 3341 4221 θείας
3390 4157 3693 4229 δυνάμεως

2095 4257 2164 4311 τά
2215 4257 2464 4329 ἀριστεῖα
2507 4256 2618 4319 τοῖς
2671 4255 2917 4324 νικηταῖς
2978 4249 3413 4322 παρεσκεύαζεν,
3467 4250 3577 4302 καὶ
3631 4248 3696 4302 τὺ

2095 4351 2323 4423 Πνεῦμα
2360 4351 2421 4404 τὸ
2469 4350 2622 4418 ᾶγιον
2674 4350 2789 4413 τοῖς
2835 4346 3194 4408 παντοδαποῖς
3251 4339 3530 4408 ἐδεξιοῦτο
3590 4358 3698 4412 χαι

411 4432 717 4489 victoribus
762 4435 1126 4504 praeparabat,
1171 4443 1226 4490 et
1267 4433 1504 4506 Spiritus
1539 4448 1764 4496 sanctus
1809 4441 1980 4497 variis

2099 4444 2373 4516 ρίσμασιν.
2401 4442 2614 4514 Ἐπειδὴ
2644 4442 2752 4512 γὰρ
2777 4424 2862 4505 ἐἰς
2888 4440 2989 4510 τὴν
3019 4436 3228 4508 Τριάδα
3258 4436 3294 4507 ἡ
3323 4435 3514 4498 πίστις
3529 4435 3698 4503 ὡμοο

409 4523 578 4581 donis
612 4539 708 4580 eos
736 4523 1062 4595 excipiebat.
1089 4526 1360 4592 Quoniam
1399 4529 1546 4584 enim
1578 4531 1738 4586 ﬁdem
1771 4533 1824 4588 in
1863 4531 1988 4588 'l‘ri-

413 4617 640 4672 nitatem
688 4613 1102 4685 proﬁtebantur,
1148 4616 1354 4672 idcirco
1381 4621 1556 4688 gratia
1587 4637 1807 4693 quoque
1837 4625 1919 4680 eis
1957 4641 1990 4681 a

413 4704 684 4762 Trinitate
738 4704 1102 4762 referebatur.
1144 4705 1404 4773 Quaenam
1457 4719 1638 4766 autem
1697 4728 1761 4768 ea
1813 4719 1989 4784 gratia

409 4803 568 4854 erat?
597 4799 714 4856 Hoc
755 4800 934 4870 ipsum
965 4809 1027 4856 ut
1066 4803 1476 4872 praestantiores
1514 4806 1707 4876 primis
1741 4809 1985 4881 athletis,

410 4890 640 4953 Adamn,
675 4892 920 4962 inquam,
950 4901 1004 4950 et
1028 4893 1138 4950 Eva
1167 4896 1694 4954 demonstrarentur.
1732 4900 1812 4955 llli
1842 4909 1992 4957 stan-

409 4989 519 5035 tem
570 4984 865 5039 humanam
901 4994 1149 5042 naturam
1196 5004 1292 5057 per
1323 4999 1605 5060 peceatum
1649 4991 1990 5063 dejecerunt,

410 5072 467 5126 hi
495 5089 815 5144 oppressam
853 5079 1011 5132 ruina
1043 5081 1385 5150 superiorum
1411 5099 1505 5154 per
1531 5085 1850 5156 patientiam
1879 5107 1994 5144 rur-

410 5179 506 5218 sus
535 5175 850 5220 erexerunt.
913 5165 991 5222 illi
1028 5184 1091 5224 ex
1147 5170 1405 5238 paradiso
1462 5173 1518 5228 in
1569 5183 1771 5230 terram
1824 5178 1985 5248 eiecti

409 5265 579 5325 sunt;
608 5259 695 5312 isti
727 5255 852 5314 hinc
882 5261 948 5314 ad
985 5262 1301 5330 paradisum
1331 5266 1687 5336 emigrarunt.
1728 5268 1812 5323 llli
1839 5285 1983 5324 utor-

405 5357 516 5404 tem
553 5351 817 5408 adversus
856 5355 1072 5425 seipsos
1110 5367 1392 5414 armarunt
1435 5361 1619 5431 (arma
1658 5365 1804 5417 enim
1841 5380 1986 5419 mor-

409 5443 502 5503 tis,
537 5443 732 5514 inquit,
764 5455 849 5500 est
893 5455 1240 5519 peceatum);
1279 5449 1333 5505 hi
1361 5463 1588 5509 mortem
1631 5465 1856 5525 peccato
1888 5473 1983 5511 ar~

343 5588 354 5612 ί
409 5540 611 5588 matam
648 5550 748 5592 sua
780 5538 978 5594 virtute
1013 5546 1178 5610 atque
1209 5539 1530 5602 fortitudine
1565 5545 1859 5604 tolerandis
1895 5547 1982 5604 in-

485 5710 507 5737 “
546 5709 564 5762 1
601 5710 729 5780 Reg.
763 5731 889 5778 xvrt,
926 5717 996 5772 93
1029 5735 1146 5788 sqq.

2095 4535 2320 4604 λογεῖτο,
2337 4535 2427 4590 διά
2450 4534 2608 4589 τοῦτο
2635 4534 2729 4588 καὶ
2750 4533 2783 4603 ὴ
2809 4533 2967 4602 χάρις
2989 4531 3173 4593 αὐτοῖς
3199 4525 3350 4598 παρά
3373 4525 3477 4596 τῆς
3507 4526 3697 4598 Τριάο

2094 4625 2184 4690 δος
2217 4627 2620 4698 ἀντεμετρεῖτο.
2652 4623 2748 4687 Τίς
2779 4623 2836 4676 δὲ
2869 4625 2901 4691 ἡ
2929 4621 3088 4694 χάρις
3119 4616 3222 4690 ἧν;
3251 4616 3394 4672 Αύτδ
3417 4616 3605 4671 τοῦτο
3639 4617 3701 4670 τὸ

2097 4701 2460 4789 ὑψηλοτέρους
2511 4713 2881 4785 ἐπιδειχθῆναι
2921 4711 3030 4764 τῶν
3064 4707 3295 4780 πρώτων
3328 4707 3697 4776 ἀγωνιστῶν,

2094 4808 2186 4862 τοῦ
2228 4809 2396 4880 Ἀδὰμ
2421 4808 2582 4877 λέγω,
2608 4806 2701 4861 καὶ
2727 4809 2824 4876 τῆς
2846 4802 3008 4866 Εὔας.
3047 4803 3274 4854 Ἐκεῖνοι
3303 4798 3570 4852 ἑστῶσαν
3598 4799 3698 4869 τὴν

2088 4900 2437 4972 ἀνθρωπίνην
2486 4898 2644 4968 φύσιν
2690 4896 2777 4952 διὰ
2825 4896 2924 4965 τῆς
2975 4892 3247 4965 ἁμαρτίας
3299 4892 3689 4961 κατήνεγκαν’

2089 4985 2232 5046 οὗτοι
2264 4989 2522 5061 κειμένην
2554 4989 2611 5041 ἐν
2648 4988 2721 5058 τῷ
2755 4987 3006 5057 πτώματι
3034 4984 3142 5038 τῶν
3177 4982 3581 5054 προλαϐόντων
3608 4983 3698 5036 διὰ
3789 5015 3797 5021 -

2088 5086 2187 5156 τῆς
2214 5081 2492 5153 ὑπομονῆς
2516 5079 2677 5134 πάλιν
2704 5077 3055 5156 ἀνώρθωσαν.
3094 5076 3322 5129 Ἐκεῖνοι
3352 5074 3418 5126 ἐκ
3439 5073 3551 5126 τοῦ
3587 5090 3700 5126 πα-

2091 5142 2338 5247 ραδείσού
2365 5142 2459 5226 ἐπί
2486 5169 2582 5243 τὴν
2607 5171 2712 5240 γῆν
2738 5142 3091 5238 ἀπώάθησαν⁹
3121 5159 3264 5220 οὗτοι
3293 5162 3567 5217 ἐντεῦθεν
3596 5163 3701 5217 ἐπὶ

2088 5268 2181 5321 τὸν
2226 5266 2548 5337 παράδεισον
2590 5261 2994 5333 ἀνῳκίσθησανο
3041 5259 3239 5312 ἐκεῖνοι
3287 5257 3412 5310 καθ’
3461 5257 3700 5311 ἑαυτῶν

2088 5360 2180 5414 τὸν
2205 5359 2432 5412 θάνατον
2461 5357 2704 5409 ὥπλισαν
2734 5352 2916 5426 (ὅπλον
2942 5342 3050 5424 γάρ
3073 5350 3306 5404 θανάτου
3339 5352 3374 5421 ἡ
3403 5349 3700 5420 ἁμαρτία,

2088 5451 2294 5521 φησίν)·
2312 5444 2456 5504 οὗτοι
2487 5445 2932 5516 καθωπλισμένον
2958 5449 3024 5516 τῇ
3052 5443 3300 5516 ἁμαρτίᾳ
3322 5442 3413 5496 τὸν
3438 5440 3705 5496 θάνατον

2087 5543 2176 5598 διὰ
2199 5543 2298 5614 τῆς
2331 5543 2537 5597 ἑαυτῶν
2564 5540 2813 5612 ἀνδρείας
2836 5538 3164 5610 ὴχρείωσαν,
3187 5537 3256 5607 τῇ
3285 5534 3541 5606 ὑπομονῇ
3569 5533 3709 5592 τῶν
