3918 6204
224 328 331 386 765
1315 327 1379 382 IN
1437 329 1940 397 QUADRAGINTA
1983 334 2382 394 MARTYRES.
3385 344 3487 399 7(ἔῦ

213 438 556 510 παθημάτων
585 440 680 494 τοῦ
716 441 941 514 κέντρου
977 444 1075 516 τὴν
1105 445 1288 517 ἀκμὴν
1317 449 1784 519 ἀπαμϐλύναντες·

1891 455 2217 523 commodis,
2281 456 2488 511 stimuli
2552 457 2726 512 aciem
2781 457 3172 522 obtundentes,
3227 456 3482 512 frustrati

209 530 348 583 ὥστε
377 531 553 585 εἰπεῖν
582 531 784 597 καλῶς,
812 533 936 588 Ποῦ
965 549 1104 599 σου,
1137 537 1372 605 θάνατε,
1406 541 1472 594 τὸ
1503 543 1784 609 κέντρον,

1894 551 2027 598 sunt
2075 554 2239 616 atque
2284 547 2605 619 fregerunt:
2659 549 2796 604 adeo
2827 558 2886 604 ut
2927 559 3075 605 recte
3116 550 3223 605 dici
3271 549 3483 620 possit,

208 620 337 675 Ποῦ
363 635 504 688 σου,
529 621 666 690 ᾔδη,
693 622 761 676 τὸ
784 623 954 690 νῖκος
970 641 990 688 ;
1020 627 1250 698 Καρποῦ
1272 628 1430 696 ξύλου
1458 629 1511 683 τί
1542 631 1784 686 ἀθλιώτε-

1897 631 2001 687 Ubi
2027 645 2124 701 est,
2169 654 2332 701 mars,
2373 640 2596 695 victoria
2631 644 2769 698 tua?
2803 640 2902 718 υρε
2931 643 3178 698 stimulus
3219 653 3364 708 tuus,
3394 643 3483 695 in-

208 724 346 780 pov;
392 712 456 764 Τί
501 712 879 784 εὐτελέστερον
917 714 1114 782 ξύλους
1155 719 1382 790 Καρπὺς
1431 720 1655 794 εὐχροίᾳ
1691 722 1784 775 τινί

1894 723 2121 792 ferne’?
2158 727 2363 784 Fructu
2406 731 2537 802 ligni
2594 733 2726 804 quid
2776 712 3080 789 miserius?
3122 733 3294 805 Ligno
3347 734 3478 804 quid

205 801 303 896 tu}
368 803 528 896 ἡδονῇ
556 804 820 896 γεύσεως
867 807 1380 880 ἐπικεχρωσμένος,
1427 813 1784 886 ἀτιμασθῆναι

1894 816 2102 872 vilius?
2136 817 2369 876 Fructus
2413 801 2626 880 coloris
2652 825 2888 896 quadam
2934 801 3265 881 bonitate'et
3293 801 3480 880 suavi-

201 891 298 944 τοῦ
333 893 664 965 παραδείσου
701 895 802 966 τὴν
831 897 991 969 χάριν
1038 899 1315 970 ἐποίησεν.

1894 913 2008 962 tate
2060 913 2276 981 saporis
2329 891 2782 985 commendatus,
2839 917 3021 977 effecit
3067 928 3128 973 ut
3187 916 3486 974 ammoitas’

203 993 372 1053 atque
423 987 790 1043 commoditas
835 991 1080 1059 paradisi
1141 993 1456 1062 parvilleret
1503 1001 1557 1049 et
1604 994 1993 1067 negligeretur.

269 1165 400 1258 τοῖς
430 1165 488 1221 δὲ
521 1170 780 1239 μεγάλοις
823 1171 1031 1239 τούτοις
1082 1175 1411 1244 ἀγωνισταῖς
1458 1177 1578 1232 οὐδὲ
1634 1177 1784 1242 αὐτὸς

1975 1185 2042 1239 At
2071 1188 2284 1258 magnis
2327 1188 2448 1246 lstis
2474 1188 2843 1245 certatoribus
2881 1204 2948 1244 ne
2992 1190 3073 1243 sol
3108 1185 3326 1257 quidem
3362 1187 3480 1255 ipse

198 1256 410 1351 6‘iiltoc
447 1258 621 1351 έφάνη
677 1261 913 1332 γλυκύςο
968 1265 1104 1320 ἀλλὰ
1154 1267 1250 1322 καὶ
1295 1267 1486 1322 τούτου
1528 1270 1784 1334 ἑκουσίως

1899 1275 2076 1334 dulcis
2102 1256 2256 1337 visus
2283 1293 2402 1348 est,
2435 1283 2529 1340 sed
2565 1283 2634 1338 ab
2685 1283 2787 1337 hoc
2816 1283 2982 1338 etiam
3015 1256 3210 1351 sponte
3253 1293 3352 1333 sua
3381 1279 3474 1332 ab-

199 1348 599 1422 ὴλλοτριοῦντο,
634 1353 722 1408 ῖνα
764 1355 838 1427 μὴ
874 1355 970 1411 τοῦ
1013 1356 1268 1428 ἀληθινοῦ
1301 1360 1478 1430 φωτὸς
1507 1361 1784 1415 ἀποπέσω-

1899 1369 2120 1425 alienati
2143 1382 2292 1438 sunt,
2322 1390 2392 1429 ne
2428 1390 2560 1429 vero
2584 1374 2788 1428 lumine
2817 1373 3136 1430 exciderent
3169 1378 3336 1441 atque
3363 1370 3477 1440 prl-

196 1457 281 1534 σι.
339 1442 410 1496 Τί
451 1441 598 1512 λέγει
642 1447 770 1519 περὶ
811 1448 910 1520 τῆς
973 1449 1117 1516 Εὐας
1161 1454 1191 1506 6
1237 1451 1392 1522 λόγος
1454 1455 1784 1526 (προάγομαι

1893 1469 2176 1518 varentur.
2229 1463 2369 1531 Quid
2411 1464 2546 1518 dicit
2598 1464 2882 1534 Scriptura
2917 1463 2985 1518 de
3022 1461 3134 1515 Eva
3171 1461 3477 1531 (provehor

194 1533 307 1604 γάρ
337 1534 435 1588 καὶ
472 1535 618 1606 πέρα
653 1537 746 1592 τοῦ
789 1539 1003 1606 δέοντος
1047 1545 1417 1617 καταδραμεῖν
1447 1546 1555 1601 τῶν
1583 1565 1784 1618 πρωτο-

1893 1551 2038 1606 enim
2085 1553 2300 1624 longius
2329 1555 2493 1608 etiam
2525 1569 2689 1622 quam
2726 1533 2825 1610 res
2854 1553 3097 1624 postulat
3149 1565 3476 1622 percurrere

195 1627 418 1694 γονων);
453 1625 650 1695 Εἶδον,
684 1632 868 1701 φησιν,
898 1633 988 1688 ὅτι
1015 1635 1276 1704 ἀρεστόν
1304 1637 1430 1705 τοῖς
1463 1639 1784 1709 ὀφθαλμοῖς

1894 1638 2036 1695 facta
2087 1641 2386 1711 primorum
2444 1644 2803 1713 parentum)?
2860 1641 3026 1705 Vidit,
3083 1642 3282 1712 inquit,
3332 1641 3473 1710 quod

195 1714 300 1768 καί
327 1717 546 1784 ὡραῖον
565 1722 655 1787 εις
686 1722 918 1791 γεῦσιν.
961 1721 1095 1780 Εῐτα
1135 1726 1234 1799 τὴν
1279 1730 1337 1782 ὲν
1381 1729 1592 1795 τούτοις
1630 1732 1784 1802 χάριν

1892 1743 2026 1789 esset
2059 1745 2268 1801 gratum
2301 1736 2490 1801 oculis,
2521 1744 2569 1790 et
2592 1749 2861 1790 maturum
2890 1735 2958 1788 ad
2997 1746 3211 1805 gustum
3237 1735 3316 1801 '°;
3376 1733 3474 1788 de-

197 1808 329 1914 άψτὶ
355 1809 447 1862 τοῦ
477 1812 806 1919 παραδείσου
825 1816 1141 1886 ἠλλάξαντο.
1169 1821 1390 1886 Τούτοις
1413 1823 1470 1877 δὲ
1499 1823 1608 1896 ἄρα
1634 1843 1784 1880 κατα·

1893 1823 2017 1878 inde
2045 1825 2274 1878 istorum
2308 1825 2540 1896 gratiam
2585 1833 2641 1880 et
2672 1827 2984 1880 illecebram
3036 1840 3161 1879 cum
3216 1824 3472 1894 paradiso

198 1899 443 1989 γεύσεως
473 1899 664 1973 ἡδονὴν
688 1903 758 1958 τὰ
797 1906 1049 1978 ὁρώμενα
1082 1907 1149 1983 ἦν
1168 1928 1183 1942 ·
1217 1913 1462 1984 οὐρανὸς,
1495 1915 1666 1986 ἥλιος,
1695 1919 1784 1989 γῆ,

1893 1915 2270 1970 commutavit.
2337 1917 2406 1970 At
2458 1915 2546 1972 his
2603 1932 2705 1987 pro
2748 1916 3146 1988 degustationis
3190 1917 3473 1986 voluptate

195 1986 507 2058 ἄνθρωπον
542 1994 762 2066 πατρὶς,
805 1999 1063 2070 μητέρες,
1107 2002 1343 2073 ἀδελφοὶ,
1393 2005 1556 2076 φίλοι,
1595 1986 1791 2077 συγγε-

193 2081 329 2171 νεῖς,
364 2082 666 2152 ἡλικιῶταιο
707 2081 783 2143 ὧν
827 2091 880 2144 τί
923 2092 1023 2164 μὲν
1075 2093 1306 2168 ὀφθῆναι
1337 2097 1703 2171 γλυκύτερον;
1736 2102 1790 2156 τί

193 2170 251 2224 δὲ
285 2173 374 2236 είς
411 2175 600 2243 γεῦσιν
643 2178 817 2234 ἐλθεῖν
861 2183 1221 2256 τιμιώτερον;
1249 2187 1463 2256 Οἴδατε,
1498 2187 1554 2245 οί
1579 2170 1786 2258 παῖδες,

197 2263 298 2334 τὴν
324 2267 411 2330 είς
436 2269 564 2334 τοὺς
582 2271 774 2338 γονέας
801 2277 1054 2346 στοργήν.
1075 2278 1288 2343 Οἴδατε,
1319 2282 1367 2334 οἱ
1395 2283 1653 2353 πατέρες,
1689 2284 1789 2355 τὴν

193 2355 329 2427 πρὸς
370 2357 442 2411 τά
477 2360 640 2414 τέκνα
670 2363 931 2420 διάθεσιν.
967 2364 1149 2436 Οἶδας,
1179 2372 1207 2424 6
1239 2371 1451 2442 βλέπων
1479 2374 1624 2427 τὸιέν
1654 2375 1787 2445 ἡλίῳ

190 2445 367 2512 γλυκύ
386 2463 403 2480 ο
437 2449 539 2502 οὐκ
558 2451 787 2521 ἀγνοεῖς,
822 2456 851 2509 6
889 2455 1230 2527 φιλάδελφος,
1266 2458 1363 2531 τὴν
1393 2460 1625 2532 φυσικὴν
1652 2462 1788 2532 πρὸς

189 2537 288 2608 τὴν
336 2540 676 2615 ἀδελφότητα
728 2547 939 2619 σχέσινο
985 2551 1294 2619 ἐπίστασαι,
1322 2555 1350 2607 6
1383 2553 1523 2617 νέος,
1586 2555 1685 2626 τὴν
1723 2555 1788 2608 ἐκ

191 2629 298 2684 τῶν
337 2633 648 2702 ἡλικιωτῶν
691 2639 872 2711 χάριν,
901 2641 1025 2695 ὅσον
1070 2661 1150 2697 σοι
1189 2645 1280 2698 τὸν
1327 2645 1440 2716 βίον
1482 2645 1784 2718 ἡδύνουσιν.

204 2721 343 2774 Ἀλλ’
376 2724 608 2791 ἐκείνοις
635 2729 815 2784 πάντα
858 2731 1050 2804 ἐχθρὰ,
1077 2735 1258 2790 πάντα
1287 2735 1541 2808 ἀλλότρια
1568 2734 1668 2808 ἧν.”
1691 2739 1787 2792 Ἓν

193 2810 357 2878 μόνον
387 2813 613 2884 ἀγαθὸν,
645 2818 674 2870 6
704 2820 955 2890 Χριστός.
981 2824 1164 2877 Πάντα
1195 2827 1519 2896 ἠρνήσαντο,
1545 2829 1631 2882 ἵνα
1660 2828 1784 2881 τοῦ·

191 2917 278 2956 τον
310 2905 673 2978 κερδήσωσιν.
713 2911 918 2982 Χρόνος
946 2909 1015 2986 ἦν
1045 2914 1153 2969 τῶν
1180 2916 1392 2988 δεσμῶν
1440 2919 1540 2973 οὐκ
1585 2921 1781 2989 ὀλίγος,

192 2994 427 3059 καὶτοῖς
461 2999 634 3067 ἁγίοις
667 3004 734 3074 τῇ
775 3007 1080 3078 παρατάσει
1124 3009 1223 3080 τῆς
1268 3011 1598 3083 τιμωρίαςὴ
1646 3014 1782 3085 πρὸς

191 3088 285 3156 τὴν
322 3089 604 3146 τελείωσιν
651 3095 916 3168 ἐπιθυμία
967 3101 1331 3172 συνήκμαζεν.
1368 3105 1477 3158 Καὶ
1516 3104 1703 3177 ῶσπερ
1732 3107 1782 3160 oi

1892 2012 2049 2058 erant
2071 2020 2134 2059 ea
2159 2022 2280 2075 qua:
2309 2007 2412 2062 sub
2438 2007 2614 2062 visum
2645 2009 2868 2072 cadunt,
2903 2008 3126 2068 coelum.
3162 2007 3272 2070 sol,
3302 2014 3470 2071 terra,

1891 2095 2162 2162 homines,
2217 2100 2415 2166 patria,
2471 2108 2668 2166 mater,
2721 2099 2943 2164 fratres,
2984 2099 3169 2163 amici,
3228 2098 3469 2169 cognati,

1889 2190 2151 2258 aequales,
2187 2191 2386 2258 quibus
2422 2193 2585 2247 rebus
2631 2193 2762 2262 quid
2795 2193 2914 2248 visu
2949 2193 3173 2263 quidem
3208 2192 3473 2248 dulcius?

1890 2278 2028 2346 Quid
2058 2296 2185 2336 vero
2221 2283 2396 2353 magis
2427 2283 2818 2351 expetendum,
2855 2298 3020 2353 quam
3056 2283 3124 2337 ad
3158 2294 3380 2352 gustum
3413 2291 3471 2339 ct

1890 2372 2128 2428 fructum
2159 2375 2391 2430 istarum
2431 2361 2626 2430 rerum
2670 2375 2956 2447 pervenire
2976 2377 3011 2441 ?_
3045 2373 3252 2442 Nostis,
3285 2375 3466 2440 liberi.

1889 2476 2130 2515 amorem
2188 2463 2455 2519 adversus
2511 2473 2807 2534 parentes;
2859 2464 3061 2528 nostis,
3093 2472 3300 2534 patres,
3336 2480 3465 2534 erga

1892 2555 2033 2608 lilios
2071 2553 2410 2611 affectionem
2441 2574 2456 2622 ;
2482 2557 2650 2618 nosti,
2689 2557 2781 2626 qui
2814 2555 3051 2611 intueris
3089 2555 3251 2611 dulce
3279 2556 3465 2611 lumen

1889 2646 2056 2710 solis;
2084 2661 2190 2700 non
2225 2647 2472 2716 ignoras,
2496 2647 2590 2717 qui
2627 2647 2858 2701 fratrum
2891 2648 3174 2702 studiosus
3202 2662 3286 2711 es,
3315 2655 3470 2701 natu-

1887 2738 2059 2791 ralem
2087 2753 2215 2809 erga
2237 2737 2535 2792 fraternam
2568 2738 3051 2803 necessitudinem,
3083 2737 3464 2804 all'eetionem;

1888 2829 2020 2890 scis,
2039 2829 2283 2899 juvenis,
2300 2845 2464 2900 quam
2486 2837 2641 2901 grata
2671 2839 2836 2900 atque
2859 2830 3102 2900 jucunda
3127 2830 3468 2886 consuetudo

1886 2923 2177 2991 a'qualium
2232 2923 2324 2985 sit,
2373 2931 2713 2993 quantopere
2767 2922 2934 2977 vitam
2985 2933 3132 2977 tuam
3173 2922 3465 2978 delectent.

1886 3015 1957 3067 At
1994 3015 2104 3069 illis
2134 3015 2316 3068 omnia
2351 3015 2596 3078 inimica,
2629 3015 2814 3069 omnia
2855 3014 3034 3071 aliena
3069 3025 3248 3072 erant.
3285 3013 3466 3070 Unum

1887 3105 1994 3159 illis
2018 3105 2220 3160 bonum
2240 3106 2543 3172 videbatur,
2566 3107 2852 3174 Christus;
2885 3107 3066 3161 omnia
3083 3107 3467 3178 repudiarunt,

189 3182 286 3253 τὴν
324 3188 648 3260 σωματικὴν
692 3189 907 3254 εὐεξίαν
953 3192 1305 3262 μελετῶντες,
1339 3197 1556 3251 ἐπειδὰν
1595 3199 1783 3270 ἱκανὴν

1887 3208 1948 3253 ut
2009 3201 2157 3254 hunc
2205 3200 2611 3257 luerifacerent.
2651 3199 2894 3268 Tempus
2945 3207 3064 3255 erat
3117 3199 3465 3254 vinculorum

191 3272 247 3325 ἑν
291 3274 645 3348 παιδοτρίϐου
688 3277 788 3352 τὴν
838 3281 1066 3354 δύναμιν
1103 3285 1433 3357 κτήσωνται,
1467 3286 1608 3341 οὕτω
1648 3289 1782 3362 θαρ-

195 3363 418 3436 ροῦντες
444 3367 538 3428 ἐπὶ
580 3369 706 3434 τοὺς
748 3371 964 3438 ἀγῶνας
1005 3374 1303 3447 χωροῦσινο
1343 3377 1434 3431 τὸν
1464 3379 1625 3433 αὐτὸν
1655 3381 1783 3452 τρό-

194 3471 289 3509 πον
319 3458 420 3512 καὶ
451 3453 596 3514 οὗτοι
623 3461 710 3515 διὰ
749 3463 858 3518 τῶν
888 3465 1104 3536 δεσμῶν
1139 3467 1232 3520 καὶ
1256 3469 1352 3540 τῆς
1382 3470 1628 3541 φυλακῆς
1662 3473 1782 3526 lxa-

194 3547 293 3612 νῶς
320 3550 833 3625 παιδοτρισηθέντες
865 3557 1001 3627 πρὸς
1023 3558 1120 3630 τὴν
1158 3560 1457 3629 εὐσέϐειαν,
1487 3564 1659 3629 οὕτως
1690 3565 1784 3619 ἐπὶ

193 3637 280 3691 τὸν
329 3639 594 3708 στέφανον
649 3645 760 3700 τῶν
813 3647 1041 3716 ἀγώνων
1087 3653 1458 3725 προήχθησαν.
1493 3651 1694 3710 Ἦλθεν
1749 3659 1782 3730 ἡ

193 3730 484 3788 ἀκολουθία
527 3734 623 3789 τοῦ
678 3737 836 3808 λόγου
877 3741 972 3794 ἐπὶ
1017 3741 1116 3815 τὴν
1168 3745 1443 3819 τελευτὴν,
1481 3749 1680 3817 μᾶλλον
1727 3751 1783 3803 δὲ

191 3823 283 3876 ἐπὶ
308 3824 411 3895 τὴν
443 3829 686 3901 κορυφὴν
714 3831 836 3886 ὅλου
864 3833 958 3887 τοῦ
997 3835 1435 3907 κατορθώματος.
1464 3832 1632 3904 Οὗτος
1659 3836 1727 3913 ἦν
1754 3844 1784 3896 6

189 3917 408 3988 καιρός
463 3915 621 3974 αὗται
667 3922 762 3977 τοῦ
803 3924 1012 3993 ἀγῶνος
1049 3929 1104 3981 al
1142 3929 1377 4000 ἡμέραν
1418 3931 1574 3986 τοῦτο
1605 3935 1666 3988 τδ
1691 3934 1780 3988 τοῦ

189 4008 388 4079 Πάσχα
414 4011 718 4083 προοίμιον,
748 4015 810 4070 τὸ
836 4017 938 4087 τῆς
967 4019 1128 4088 ἁγίας
1161 4025 1652 4095 τεσσαρακοντάδος
1677 4045 1782 4098 μυ-

189 4101 431 4172 στήριον.
485 4103 903 4177 Τισσαράκοντα
935 4110 1227 4183 ὲξιλασμοῦ
1273 4116 1404 4186 ἡμῖν
1451 4117 1508 4170 αί
1553 4113 1780 4190 ἡμέραι,

190 4191 472 4264 ίσάριθμοι
496 4197 591 4251 καὶ
609 4198 719 4252 τῶν
740 4201 910 4269 άγίων
933 4203 984 4256 oi
1011 4203 1282 4274 στέφανοι.
1305 4201 1385 4261 Ἦ
1407 4225 1509 4262 που
1531 4212 1784 4282 περιττὸς

189 4283 324 4354 ύμῖν
347 4282 490 4341 εἶναι
513 4289 656 4343 δοκῶ
694 4292 788 4346 καὶ
814 4293 1122 4366 ἀδόλεσχος,
1152 4295 1221 4350 τά
1254 4297 1492 4372 ὑμέτερα
1533 4302 1784 4374 θαύματα

183 4375 248 4428 ἐν
278 4376 408 4447 ύμῖν
435 4379 810 4451 διηγούμενος,
855 4386 951 4440 καὶ
984 4388 1098 4453 τοῖς
1155 4387 1438 4462 ὑμετέροις
1477 4393 1576 4463 τὴν
1613 4394 1782 4466 ἀκοὴν

179 4465 562 4538 δεξιούμενοςς
589 4472 736 4547 Πλὴν
765 4475 841 4541 ὡς
869 4479 937 4532 ἂν
967 4481 1041 4552 μὴ
1085 4482 1297 4547 ἀτελεῖς
1326 4485 1470 4555 ὑμᾶς
1504 4487 1779 4559 παραδρά-

1889 3291 2032 3346 haud
2064 3292 2345 3362 exiguum,
2386 3302 2439 3348 et
2466 3307 2578 3362 quo
2607 3291 2812 3347 diutius
2843 3291 3171 3362 supplicium
3206 3306 3468 3363 proroga-

1888 3383 2070 3445 batur,
2101 3397 2167 3438 eo
2192 3383 2370 3438 sancti
2407 3383 2784 3438 vehementius
2816 3390 2872 3436 et
2897 3381 3178 3437 ardentius
3204 3397 3467 3437 consum-

1889 3474 2183 3528 mationem
2232 3473 2639 3529 desiderabant.
2670 3473 2750 3528 Ae
2777 3471 3236 3544 quemadmodum
3265 3471 3340 3526 illi
3370 3471 3466 3540 qui

1887 3567 2138 3638 corporis
2186 3567 2385 3621 bonam
2435 3565 2809 3620 habitudinem
2851 3571 3065 3629 curant,
3105 3569 3465 3632 posteaquam

1889 3659 2032 3730 apud
2082 3659 2435 3729 paedotribam
2467 3659 2602 3714 satis
2643 3657 2842 3712 virium
2880 3655 3312 3725 acquisiveruut,
3350 3661 3465 3708 tum

1888 3752 2106 3807 demum
2149 3752 2410 3806 audacter
2438 3751 2503 3806 ad
2548 3750 2850 3804 certamina
2887 3749 3233 3820 procedunt:
3271 3747 3462 3803 eodem

1891 3845 2055 3900 modo
2081 3844 2248 3898 etiam
2282 3843 2335 3897 lii
2368 3842 2603 3897 vinculis
2628 3851 2684 3896 et
2700 3856 2924 3897 carcere
2950 3843 3085 3898 satis
3107 3841 3172 3895 ad
3209 3841 3466 3911 pietatem

1889 3936 2194 4001 exercitati,
2229 3936 2301 3989 ita
2329 3934 2548 3989 tandem
2573 3934 2638 3988 ad
2667 3948 2924 3988 coronam
2952 3931 3316 3987 certaminum
3341 3947 3461 4000 pro-

1888 4027 2039 4081 ducti
2070 4034 2221 4082 sunt.
2257 4024 2512 4082 Pervenit
2540 4026 2605 4080 ad
2631 4025 2860 4090 exitum,
2895 4025 3004 4077 imo
3037 4039 3169 4095 vero
3198 4023 3264 4077 ad
3301 4023 3466 4076 verti-

1888 4131 2007 4172 cem
2065 4117 2234 4172 totius
2282 4116 2361 4172 rei
2412 4117 2549 4171 bene
2582 4125 2750 4186 gestae
2795 4116 3137 4170 continuatio
3175 4113 3465 4167 orationis.

1891 4206 2005 4262 lloc
2037 4213 2155 4261 erat
2187 4213 2442 4276 tempus:
2477 4205 2530 4258 hi
2559 4205 2879 4260 certaminis
2904 4205 3061 4259 dies:
3097 4204 3199 4258 hoc
3241 4203 3467 4257 Pascha)

1888 4298 2242 4370 prowmium,
2321 4304 2528 4352 sancta:
2605 4293 3042 4366 quadragesimae
3120 4293 3463 4363 mysterium.

1889 4388 2264 4460 Quadraginta
2308 4383 2637 4458 placationis
2687 4383 2851 4439 nobis
2878 4390 3009 4438 sunt
3055 4381 3192 4445 dies,
3239 4382 3464 4438 totidem

1889 4481 2054 4535 etiam
2113 4483 2430 4534 sanctorum
2484 4487 2731 4529 coronze.
2781 4470 3038 4542 Nunquid
3089 4485 3464 4539 supervacuus

184 4575 282 4628 μοι
315 4561 346 4612 6
372 4559 551 4628 λόγος,
583 4563 720 4634 πρὸς
745 4564 807 4618 τὺ
847 4567 1021 4637 πέρας
1051 4569 1159 4624 τῶν
1199 4571 1424 4640 ἀγώνων
1462 4575 1576 4637 τοῖς
1611 4575 1784 4644 ἁγίοις

1889 4571 2041 4627 vobis
2069 4577 2124 4625 et
2161 4576 2397 4640 nugator
2438 4582 2562 4623 esse
2588 4565 2800 4630 videor,
2833 4565 2930 4635 qui
2961 4571 3144 4621 vestra
3195 4562 3340 4617 inter
3366 4577 3464 4617 vos

180 4651 285 4704 καὶ
314 4654 479 4722 ἡμεῖς
512 4655 985 4729 συνδραμούμεθα.
1013 4663 1238 4733 Κρυμὸς
1265 4659 1334 4736 ἦν
1361 4665 1499 4719 κατὰ
1524 4665 1621 4738 τὴν
1652 4667 1788 4738 ὴμέ-

181 4757 294 4814 ραν
330 4744 566 4816 εκείνην.
607 4747 834 4813 Πάντως
873 4750 930 4804 δὲ
961 4752 1114 4806 οὐδὲν
1161 4753 1243 4806 δεῖ
1286 4755 1476 4826 μαθεῖν
1500 4758 1644 4827 ὑμᾶς
1677 4754 1786 4823 οἷος

177 4834 210 4884 6
250 4835 487 4904 xpopbq,
518 4837 583 4891 ὲκ
624 4839 724 4910 τῆς
753 4842 1036 4915 παρούσης
1083 4845 1295 4916 ἡμέρας
1340 4848 1783 4921 στοχαζομένους,

178 4923 408 4995 κρυμὸς
432 4927 523 4981 καὶ
547 4930 728 4983 αὐτῶν
751 4932 860 4986 τῶν
890 4935 1093 5006 τριχῶν
1121 4937 1485 5009 διαδυόμενος.
1517 4943 1658 4995 Ἴστε
1685 4943 1786 5014 τὴν

178 5015 521 5088 ὐπερὸολὴν,
548 5020 686 5074 οἵτε
722 5022 980 5094 ἐπήλυδες
1013 5025 1120 5080 τῶν
1165 5029 1342 5082 τόπων
1388 5031 1479 5084 καὶ
1528 5034 1576 5085 oi
1625 5033 1783 5088 a616-

178 5106 402 5177 χθονες,
423 5110 516 5162 καὶ
538 5111 691 5166 οὐδὲν
710 5113 886 5168 δεῖσθε
916 5115 1058 5188 λόγῳ
1077 5117 1292 5188 μαθεῖν’
1311 5121 1446 5176 ἀλλὰ
1474 5123 1576 5177 κᾶν
1601 5125 1786 5196 ἕτερος

178 5198 336 5248 εἴποι
384 5198 483 5266 τὴν
531 5199 960 5271 θαυματοποιίαν
1004 5206 1112 5260 τῶν
1145 5209 1424 5280 ὑμετέρων
1465 5213 1781 5284 χειμώνων·

178 5286 340 5348 ὕπως
379 5291 614 5360 ⁸ικταμρὶ
657 5293 755 5363 μὲν
797 5295 1000 5350 άένναα
1062 5299 1276 5368 ῥέοντες
1328 5301 1590 5370 ἵστανται,
1637 5307 1786 5361 άντι-

180 5379 490 5451 δαινούσης
519 5383 596 5453 τῷ
631 5385 831 5458 ῥείθρῳ
858 5387 961 5458 τῆς
990 5390 1222 5456 πήξεως,
1259 5393 1352 5446 καὶ
1380 5393 1786 5452 άπολιθοποιού-

184 5489 288 5543 σης
347 5472 418 5525 τά
461 5473 708 5545 κύματα·
741 5478 776 5550 ἡ
808 5478 865 5531 δὲ
897 5480 1093 5547 γείτων
1133 5480 1297 5552 λίμνη
1346 5487 1585 5556 σημείων
1622 5490 1782 5544 τινῶν

188 5565 327 5634 πρὸς
347 5566 410 5618 τὸ
432 5565 833 5640 ἐπιγνωσθῆναι
857 5569 1018 5642 λίμνη
1043 5567 1174 5626 οὖσα
1201 5576 1540 5646 προσδέεται,
1569 5598 1776 5652 χερσωη

259 5746 282 5778 ’
325 5747 494 5802 lllor.
530 5764 613 5812 xv,
645 5748 728 5803 55.
812 5751 852 5782 ³ο
916 5748 1053 5806 Gen.
1095 5766 1175 5817 Ill,
1213 5752 1264 5807 ῦ.

1883 4662 2148 4718 miracula
2176 4674 2470 4730 exponam,
2505 4658 2818 4728 vestrisque
2864 4655 3025 4712 bonis
3057 4668 3219 4708 aures
3253 4659 3464 4708 vestras

1882 4752 2262 4810 demulceam?
2310 4749 2699 4806 Verumtamen
2733 4762 2801 4802 nc
2833 4744 3148 4816 imperfecta
3181 4756 3279 4796 vos
3327 4757 3467 4812 pra.»-

1883 4844 2200 4900 tervehatur
2235 4842 2434 4904 oratio,
2478 4840 2544 4894 ad
2576 4839 2735 4893 linem
2768 4835 3136 4891 certaminum
3164 4847 3289 4888 cum
3333 4847 3463 4888 san-

1882 4937 1986 4990 ctis
2013 4936 2178 4990 etiam
2206 4949 2308 4988 nos
2329 4947 2436 4987 una
2460 4943 2770 4984 curremus.
2791 4925 2987 4997 Frigus
3010 4933 3127 4981 erat
3152 4924 3207 4979 in
3234 4924 3328 4978 illo
3354 4924 3463 4978 die.

1884 5029 2118 5085 Prorsus
2168 5035 2350 5082 autem
2401 5025 2535 5079 nihil
2583 5038 2723 5092 opus
2775 5028 2859 5076 est
2896 5035 2996 5076 vos
3045 5019 3254 5083 doceri,
3306 5019 3464 5088 quale

1884 5118 2058 5191 frigus
2088 5123 2258 5179 esset,
2287 5130 2411 5170 cum
2441 5129 2505 5170 ex
2551 5111 2810 5183 praesenti
2841 5110 2931 5164 die
2964 5107 3339 5178 conjecturam
3388 5109 3463 5159 fa-

1883 5231 2007 5270 cere
2039 5213 2284 5284 possitis,
2317 5210 2490 5280 frigus
2523 5207 2673 5280 quod
2710 5206 2795 5261 vel
2824 5205 2978 5275 ipsos
3019 5205 3160 5273 pilos
3194 5200 3463 5272 pervadit.

1881 5305 2067 5362 Nostis
2093 5305 2318 5360 nimiam
2355 5301 2720 5356 intensioncm
2757 5307 2813 5354 et
2848 5296 3200 5367 asperitatem
3227 5301 3338 5347 tam
3373 5292 3462 5344 ad-

1883 5415 2033 5456 vena:
2064 5399 2332 5460 locorum,
2369 5409 2535 5465 quam
2581 5392 2887 5462 indigeam:
2918 5403 2982 5443 ac
3027 5387 3166 5441 nihil
3193 5401 3335 5456 opus
3371 5384 3462 5437 ba-

1882 5491 2022 5547 betis
2059 5489 2308 5545 oratione
2333 5486 2540 5547 doceri,
2574 5483 2668 5538 sed
2698 5483 2783 5538 vel
2809 5481 2990 5551 quivis
3018 5479 3162 5534 alius
3187 5490 3464 5546 exponere

1880 5587 2072 5655 possit,
2109 5597 2269 5654 quam
2327 5578 2569 5634 mirificam
2599 5574 2742 5647 apud
2785 5589 2884 5629 vos
2938 5573 3148 5628 hiemes
3203 5584 3327 5624 esse
3375 5582 3462 5622 so-
3525 5579 3534 5593 ‘
